3936 6206
200 330 305 390 769

1124 327 1724 388 EceLEstasrtce
1764 295 2152 388 Itts'romA-J
2181 329 2329 390 LlB.
2364 331 2501 391 xu.

3341 325 3448 391 Ἰ-’ἷυ

160 453 166 459 ‘
204 429 395 493 ὲτυτοῦ
449 440 690 509 πατρίδα
725 440 1139 509 καταλαμϐάνει
1183 442 1281 511 τὴν
1333 442 1618 513 Βὲρροιαν.
1660 441 1766 495 Καὶ

1875 440 2051 494 fausta
2105 442 2289 496 omnia
2347 458 2447 510 per
2494 441 2796 496 orationem
2844 451 3194 512 apprecatus,
3236 458 3330 500 cas
3367 446 3443 500 illi

205 532 478 601 θεόδωρος
510 533 609 599 τῆς
652 532 933 603 Ἀντιόχου
967 533 1268 599 ἀπωσθεὶς,
1299 533 1378 596 είς
1409 532 1508 601 τὴν
1539 533 1771 603 Θρᾴκην

202 622 325 675 ἰοεν
357 621 598 689 ἐγένετο,
628 623 911 691 ἀπεχώρει
936 636 953 655 ⁸
984 622 1251 684 ὡσαύτως
1274 623 1330 675 δὲ
1357 624 1454 675 καὶ⁵
1477 625 1503 674 ὁ
1531 622 1771 683 Νικαίας

212 714 475 776 ’Υπάτιος
521 714 674 783 παρά
703 715 802 782 τὴν
835 715 1250 784 γεννησαμένην
1284 712 1459 783 Τύρον
1490 714 1548 765 ὲν
1597 712 1772 783 Συρίᾳ

206 806 492 874 μτόὸαινε
519 822 534 838 ’
566 807 660 858 καὶ
692 806 845 860 ἄλλοι
905 805 1141 876 ἀλλαχοῦ
1178 806 1573 873 διεσπείροντο.
1608 804 1673 857 Οί
1725 803 1770 854 δ’

202 898 258 948 ἐν
284 895 595 964 ’Δντιοχεία
644 895 1032 965 πρεσϐύτεροι,
1071 878 1346 962 Ἀστέριος
1387 896 1484 947 καὶ
1532 894 1773 961 Κρισπῖ-

200 1003 311 1048 νος,
345 986 442 1038 καὶ
468 986 530 1038 τὸ
561 986 692 1039 ἀλλο
724 986 830 1039 ὑπὸ
863 986 1143 1055 Θεόδωρον
1178 986 1455 1055 πλήρωμα
1489 985 1772 1055 συνεδριά-

204 1094 422 1137 σα-ιτες,
460 1076 675 1129 πολλῶν
700 1078 796 1129 καί⁵
824 1077 1000 1142 ἀλλων
1041 1079 1360 1131 ἐπισκόπων
1385 1080 1450 1130 ὲκ
1475 1077 1585 1131 τῶν
1610 1075 1773 1147 πέριξ

201 1165 410 1219 πόλεων
457 1167 910 1236 συνδραμόντων,
966 1168 1106 1237 πρὸς
1161 1168 1287 1228 τοὺς
1334 1168 1463 1238 περὶ
1506 1167 1772 1235 Εὐνόμιον

199 1259 474 1326 ἔπεμπον,
502 1258 605 1329 τὴν
635 1259 819 1313 αὐτῶν
850 1259 1139 1313 κοινωνίαν
1184 1258 1591 1329 ἐπιζητοῦντες.
1634 1260 1698 1311 Οί
1725 1257 1770 1311 δ’

200 1350 648 1412 ἀντεπέστελλον,
690 1350 946 1419 δέχεσθαι
1003 1352 1101 1420 μὲν
1132 1352 1354 1415 αὐτοὺς,
1386 1351 1526 1420 πλὴν
1555 1351 1776 1420 ἀποψηο

199 1455 333 1505 φισα
343 1438 538 1507 μένους
562 1438 662 1507 τὴν
702 1440 788 1491 ἐπ’
805 1438 994 1508 ’Δετίῳ
1022 1440 1503 1508 καταχειροτονίαν
1533 1442 1629 1494 καὶ
1656 1445 1771 1505 τοῖς

197 1532 412 1583 ἐκείνου
446 1532 879 1599 συγγράμμασι·
915 1530 1310 1602 προσαπῄτουν
1332 1532 1389 1584 δὲ
1411 1534 1502 1585 καὶ
1531 1532 1627 1585 τοῦ
1654 1533 1770 1603 βίου

194 1624 296 1690 τὴν
328 1623 695 1694 διακαθαρσιν
716 1639 730 1653 ·
756 1624 979 1693 καὶγὰρ
1008 1640 1128 1686 πως
1158 1624 1214 1676 ἐν
1244 1642 1391 1677 τισιν
1415 1625 1474 1676 οὐ
1504 1624 1772 1694 καθαροῖς

194 1713 521 1782 διαιτήμασι
551 1714 979 1783 προσεφύροντο.
1012 1716 1074 1767 Oi
1105 1716 1162 1767 δὲ
1190 1716 1311 1768 τότε
1346 1715 1444 1784 μὲν
1486 1715 1586 1786 τὴν
1614 1717 1773 1783 αἴτη-

196 1822 285 1857 σιν
312 1807 376 1858 οὺ
406 1806 784 1875 προσήκαντο·
815 1807 871 1869 ἐς
899 1804 1129 1872 ὕστερον
1158 1806 1214 1859 δὲ
1245 1806 1425 1861 καὶτὸ
1459 1806 1547 1860 ἐπ’
1568 1809 1771 1878 ἐκκλη-

195 1897 320 1959 σίας
355 1895 601 1959 κακίζειν
622 1896 888 1965 Εὐνόμιον
918 1896 1011 1948 καὶ
1044 1896 1172 1956 τοὺς
1203 1898 1335 1966 περὶ
1356 1901 1561 1953 ἐκεῖνον
1596 1902 1769 1970 προή-

194 1989 430 2057 χθησαν,
478 1986 927 2057 μετεωρολέσχας
974 1988 1403 2054 ἀποκαλοῦντες,
1444 1991 1672 2061 πλήρεις
1706 2009 1763 2044 τε

192 2081 457 2143 ἀπονοίας
490 2082 585 2132 καὶ
606 2080 948 2148 σκαιότητος,
980 2077 1060 2144 οἷς
1092 2083 1275 2146 αὐτοῖς
1295 2084 1519 2137 τοιαῦτα
1548 2088 1766 2155 προτεί-

193 2188 306 2224 νειν
352 2172 620 2237 ἔγνωσαν.
672 2172 736 2225 0i
776 2172 832 2225 δὲ
872 2172 975 2242 τῆς
1000 2172 1212 2243 ’Λρείου
1258 2175 1526 2243 αἱρέσεως
1558 2177 1767 2245 πλῆθος

189 2265 247 2317 οὐ
273 2266 505 2333 μέτριον
525 2263 700 2327 ὄντες,
732 2265 925 2332 ῥοπαῖς
947 2267 1067 2326 ταῖς
1089 2266 1354 2319 ἀνέκαθεν
1383 2268 1762 2323 Κωνσταντίου

188 2373 243 2408 τε
273 2358 377 2409 καὶ
410 2356 735 2419 Οὐάλεντος,
791 2357 961 2420 ἀδεῶς
1004 2358 1061 2420 ἐς
1089 2359 1254 2412 ταυτδ
1291 2359 1596 2428 γινόμενοι,
1634 2363 1766 2431 περὶ

187 2444 329 2498 Θεοῦ
391 2445 488 2497 καὶ
537 2444 638 2512 τῆς
688 2443 863 2502 αὑτοῦ
914 2444 1102 2506 οὐσίας
1145 2444 1431 2513 προπετῶς
1483 2446 1760 2515 διαλόγους

152 2528 434 2588 ’ἑποίουν.
482 2536 595 2588 Καὶ
640 2534 907 2603 βασιλέως
953 2535 1248 2603 πειρᾶσθαι
1295 2536 1603 2600 ἀνέπειθον,
1649 2542 1764 2593 ὅσοι

185 2626 494 2694 ὁμόφρονες
521 2608 673 2685 ὄντες
703 2628 813 2687 τοῖς
839 2624 1165 2706 ἀνακτόροις
1193 2625 1480 2693 διέτριϐον.
1508 2630 1616 2682 Καὶ
1652 2634 1761 2699 γᾴρ

186 2722 242 2770 ἐν
286 2716 509 2770 ἐλπίσιν
553 2713 694 2786 ἦσαν
740 2719 835 2770 καὶ
879 2717 1070 2770 τοῦτον
1116 2718 1250 2770 εῐσω
1297 2718 1489 2772 Θέσοαι
1537 2723 1760 2792 χειρῶν,

186 2806 335 2861 καθά
356 2806 423 2874 δὴ
449 2806 544 2857 καὶ
570 2805 972 2859 Κωνστάντιον.
1010 2807 1075 2858 Ὃ
1102 2805 1166 2875 δὴ
1206 2806 1299 2859 καὶ
1322 2810 1368 2860 oi
1401 2810 1498 2879 τῆς
1530 2811 1760 2863 καθόλου

197 2895 536 2964 Ἐκκλησίας
563 2894 650 2947 διὰ
690 2895 889 2963 πολλῆς
916 2895 1202 2949 ἐποιοῦντο
1233 2902 1538 2967 φροντίδος,
1570 2904 1664 2955 καὶ
1704 2907 1763 2956 ὲν

184 2986 297 3039 δέει
333 2985 584 3054 μεγίστῳ
609 2985 961 3045 καθίσταντο,
1002 2985 1101 3053 τὴν
1135 2986 1403 3055 Εὑνομίου
1436 2990 1493 3041 ὲν
1515 2994 1627 3053 τοῖς
1646 2992 1764 3044 δια-

186 3078 372 3145 λόγοις
419 3075 705 3144 δεινότητα
750 3076 1120 3145 ὑπειδόμενοι.
1171 3079 1246 3131 Οὐ
1288 3080 1428 3132 πάνυ
1469 3083 1577 3148 γὰρ
1607 3077 1760 3146 οὗτος

185 3171 383 3241 πόρρω
431 3168 686 3237 διάφορος
760 3168 1093 3238 Κυζικηνοῖς
1148 3171 1453 3235 καταστὰς,
1507 3173 1599 3225 ἐπὶ.
1660 3174 1760 3243 τῆς

187 3260 492 3330 ἡγεμονίας
521 3260 839 3324 Οὐάλεντος,
872 3260 971 3329 τῆς
1008 3260 1222 3328 Ἀρείου
1262 3263 1582 3331 συμμορίας
1619 3263 1759 3316 ἑαυ-

184 3353 274 3406 τὸν
310 3350 643 3420 ἀποκρίνας,
681 3352 985 3420 ἀντιπέραν
1012 3352 1111 3419 τῆς
1158 3352 1569 3407 Κωνσταντίνου
1620 3358 1762 3412 κατὰ

184 3439 282 3509 τὴν
317 3439 378 3493 ἐν
404 3437 632 3506 Βιθυνίᾳ
658 3438 975 3508 Χαλκηδόνα
1010 3438 1187 3508 ησυχῆ
1220 3439 1479 3511 καθῆστο.
1516 3444 1654 3498 Πολὺ
1693 3445 1753 3497 δὲ

187 3533 403 3600 πλῆθος
427 3532 490 3581 ἐκ
517 3530 615 3598 τῆς
648 3529 971 3593 Βυζαντίόος
994 3531 1131 3598 πρὸς
1158 3532 1322 3584 αὐτὸν
1341 3532 1721 3603 διεπεραιοῦτο
1743 3552 1758 3568 ο

185 3620 340 3672 ἄλλοι
391 3621 452 3672 δὲ
490 3623 582 3673 καὶ
640 3621 937 3691 ἀλλαχόθεν
976 3623 1290 3693 συνέρῤεον,
1325 3625 1374 3675 oi
1429 3625 1530 3694 μὲν
1565 3630 1763 3695 πεῖραν

188 3714 588 3780 προσάγοντες,
613 3712 662 3763 οί
693 3712 749 3764 δὲ
790 3713 846 3764 εἴ
871 3730 923 3764 τι
954 3712 1103 3780 λέγοι
1150 3715 1490 3784 καινότερον,
1536 3718 1764 3770 ἀκουσό-
1792 3722 1795 3723 ⁷

188 3821 373 3870 μενοι.
421 3803 483 3855 Ἠ
517 3804 574 3854 δὲ
606 3804 736 3875 περὶ
770 3804 936 3855 αὐτὸν
970 3805 1126 3873 φήμη
1163 3806 1258 3858 καὶ
1287 3808 1368 3868 είς
1394 3806 1625 3876 βασιλέα
1653 3810 1763 3862 διέ-

184 3910 375 3962 τρεχε.
410 3891 518 3945 Καί
543 3909 606 3958 γε
652 3892 718 3944 ἂν
746 3893 842 3945 καὶ
882 3893 961 3955 είς
990 3894 1183 3961 λόγους
1206 3889 1307 3967 ἧκε
1332 3897 1409 3965 τῷ
1444 3896 1678 3966 βασιλεῖ,
1712 3901 1762 3953 εί

189 3986 265 4055 μὴ
294 3988 330 4054 ἡ
364 3985 619 4054 θεοφιλὴς
649 3984 982 4057 Πλακίλλαή
1015 3985 1229 4053 βασιλὶς
1266 3987 1533 4042 ἀνέκαθεν
1561 3990 1630 4043 τὰ
1677 3991 1765 4044 δό-

186 4080 360 4143 ξαντα
395 4080 455 4129 ἐν
499 4078 707 4147 Νικαίᾳ
750 4079 1150 4146 πρεσῦεύουσα,
1205 4079 1402 4148 ἐπέσχε
1441 4082 1647 4153 σπουδῇ
1694 4087 1760 4154 τῇ

186 4170 368 4240 πάσῃ,
428 4168 504 4238 μὴ
559 4169 619 4220 τὸ
666 4169 931 4238 παράπαν
974 4168 1164 4237 ἐκείνῳ
1209 4171 1292 4232 είς
1337 4170 1531 4238 λόγους
1564 4173 1760 4231 ἐλθεῖν.

199 4262 430 4316 Ἐδεδίει
479 4260 591 4331 γὰρ
621 4261 882 4328 μάλιστα,
940 4262 1015 4332 μὴ
1050 4262 1185 4331 πρὸς
1224 4262 1325 4322 τὴν
1350 4263 1557 4318 ἐκείνου
1594 4283 1763 4334 μετα.

191 4357 382 4423 στήσοι
413 4354 572 4419 δόξαν
609 4355 697 4405 τὸν
727 4353 897 4423 ἄνδρα
923 4353 1002 4422 τῷ
1046 4353 1322 4423 ἐπαγωγῷ
1353 4353 1447 4406 τοῦ
1471 4356 1635 4424 ἦθους
1666 4340 1779 4413 καὶ¹

188 4448 270 4515 τῷ
306 4446 401 4499 τοῦ
427 4446 591 4514 λόγου
622 4445 804 4514 δεινῷ.

1787 3127 1829 3182 C

1872 533 2299 587 commendavit.
2342 534 2410 588 Et
2457 541 2647 602 postea
2695 532 2769 588 ibi
2816 533 2908 602 qui
2954 533 3279 589 Trinitatem
3318 551 3451 590 con-

1876 621 2296 681 substantialem
2338 623 2751 692 proﬁterentur,
2801 625 3063 679 ecclesias
3099 626 3447 682 obtinebant.

1875 707 2007 763 Erat
2036 709 2082 763 is
2113 725 2312 771 annos,
2345 725 2454 780 quo
2491 710 2786 767 Gratianus
2817 712 2872 767 in
2905 708 3138 783 imperio
3168 716 3445 784 quintum,

1874 799 2220 856 Theodosius
2250 811 2431 855 autem
2461 803 2702 871 primum
2729 806 2922 859 consul
2949 807 3072 861 fuit.
3102 806 3177 860 Ex
3210 822 3320 875 quo
3352 824 3450 862 an-

1875 899 1984 945 tem
2015 892 2201 946 Ariani
2234 908 2386 947 sacra
2416 896 2618 963 templa
2654 903 2968 957 tenuerant,
3001 897 3129 950 anni
3172 912 3283 951 non
3314 913 3451 967 pau-

1873 983 2051 1037 ciores
2106 998 2268 1051 quam
2328 984 2688 1054 quadraginta
2745 986 2884 1056 lapsi
2940 995 3120 1043 erant.
3175 987 3448 1042 Caeterum

1877 1071 2233 1141 Demophilus
2269 1076 2555 1144 expulsus,
2589 1078 2641 1129 in
2677 1077 2912 1146 patriam
2947 1092 3100 1129 suam
3133 1076 3446 1132 Berrhceam

1875 1179 1932 1215 se
1964 1165 2197 1231 recepit.
2235 1164 2560 1219 Theodorus
2595 1167 2883 1221 Antiochia
2919 1168 3147 1237 ejectus,
3182 1168 3235 1221 in
3271 1169 3447 1223 Thra-

1874 1253 2038 1318 ciam,
2069 1255 2214 1309 unde.
2258 1268 2415 1310 ortus
2452 1257 2649 1321 fuerat,
2682 1257 2842 1313 abiit.
2884 1259 3071 1311 itidem
3125 1258 3290 1312 etiam
3343 1260 3449 1330 Hy-

1875 1348 2057 1413 patius
2105 1346 2280 1402 Nicaea
2332 1349 2532 1420 Tyrum
2584 1348 2776 1421 Syriae,
2821 1366 2941 1418 qua:
2985 1366 3110 1404 eum
3157 1360 3443 1420 genuerat,

1875 1436 2062 1490 rediit.
2099 1438 2164 1492 Et
2193 1439 2286 1491 alii
2322 1439 2450 1493 item
2480 1441 2589 1493 alio
2618 1441 2849 1509 dispersi
2882 1450 3027 1494 sunt.
3058 1441 3225 1494 Porro
3254 1442 3447 1494 Antio-

1875 1526 2014 1582 chiae
2046 1528 2297 1585 Asterius
2345 1540 2417 1608 ει.
2443 1530 2729 1599 Crispinus
2779 1532 3102 1602 presbyteri,
3145 1540 3199 1584 et
3242 1531 3444 1600 reliqui

1877 1618 2134 1676 factionis
2156 1623 2274 1692 ejus
2301 1638 2422 1691 qua:
2448 1622 2719 1677 Theodori
2748 1624 2991 1692 auspicia
3025 1632 3213 1677 secuta
3245 1622 3444 1690 fuerat,

1876 1712 2249 1767 concilialiulo
2283 1723 2492 1777 coacto,
2526 1712 2592 1766 ad
2640 1713 2783 1782 quod
2836 1716 3003 1767 etiam
3048 1716 3139 1767 alii
3184 1715 3338 1767 multi
3379 1729 3448 1768 ex

1874 1805 2071 1858 vicinis
2111 1803 2346 1858 urbibus
2377 1804 2621 1872 episcopi
2657 1820 2986 1867 convenere,
3021 1806 3349 1875 legationem
3378 1806 3447 1861 ad

1875 1896 2251 1951 Eunomianos
2276 1898 2500 1959 misere,
2521 1896 2962 1966 coniunctionem
2985 1899 3451 1952 communionem-

1874 2004 1981 2057 que
2011 2002 2203 2042 eorutu
2233 1988 2564 2044 ambientes.
2598 1987 2762 2056 236
2785 1987 2996 2052 Quibus
3022 1988 3095 2040 illi
3121 2003 3217 2056 per
3241 1989 3445 2058 episto-

1874 2077 2005 2141 lam,
2037 2078 2113 2131 ita
2163 2092 2221 2131 se
2269 2091 2366 2131 eos
2413 2088 2730 2146 recepturos
2768 2093 2889 2131 esse
2936 2078 3359 2146 responderunt,
3397 2080 3443 2134 si

1874 2169 2129 2239 suil‘ragia
2164 2184 2285 2232 sua,
2319 2170 2521 2238 quibus
2549 2170 2688 2223 Aetii
2722 2170 3018 2225 lectionem
3058 2158 3114 2223 et
3150 2186 3447 2226 consecra-

1875 2262 2079 2314 tionem
2114 2261 2532 2324 damnaverant,
2564 2263 2938 2331 antiquarent,
2970 2271 3025 2317 et
3060 2261 3263 2331 scripta
3292 2263 3445 2318 illius

1874 2353 2206 2423 reciperent.
2257 2354 2543 2408 Petierunt
2575 2369 2816 2424 quoque,
2853 2364 2913 2408 ut
2945 2355 3109 2407 vitam
3161 2356 3239 2408 illi
3291 2356 3446 2425 prius

1874 2444 2298 2497 lustrationibus
2318 2453 2742 2512 perpurgarent,
2764 2444 2910 2513 quod
2936 2446 3190 2499 videlicet
3211 2447 3444 2515 impuris

1872 2534 2205 2603 quihusdam
2252 2534 2521 2589 institutis
2551 2535 2739 2589 infecti
2773 2544 2979 2591 essent.
3013 2535 3163 2590 Hanc
3190 2537 3269 2591 illi
3299 2538 3443 2605 peti-

1875 2629 2077 2680 tionem
2125 2634 2238 2680 tum
2281 2626 2507 2696 quidem
2559 2637 2908 2696 receperunt.
2963 2627 3154 2682 Postea
3202 2643 3330 2681 vero
3375 2644 3443 2685 eo

1874 2719 2043 2771 etiam
2079 2718 2334 2787 producti
2366 2726 2513 2783 sunt,
2548 2727 2609 2772 ut
2645 2719 2697 2771 in
2731 2717 3129 2773 Ecclesiasdcis
3156 2720 3444 2777 conventi-

1872 2808 1973 2862 bus
2020 2810 2295 2863 Eunomio
2339 2819 2398 2864 et
2445 2808 2804 2879 popularibus
2852 2810 3108 2865 factionis
3159 2812 3298 2882 ejus,
3343 2829 3443 2881 per

1870 2899 2157 2954 maledicta
2212 2899 2570 2955 detraherent
2610 2916 2635 2954 ι·
2669 2887 3141 2972 μετεωρολέσχας,
3189 2905 3291 2958 hoc
3333 2914 3440 2968 est,

1868 2992 1934 3045 de
1975 2993 2142 3047 rebus
2184 2993 2504 3047 caelestibus
2549 2992 2990 3063 sublimibusque
3035 3008 3158 3047 cum
3199 2994 3344 3050 fastu
3384 3007 3443 3050 et

1869 3082 2165 3137 insolentia
2225 3084 2520 3139 verborum
2579 3092 2889 3155 nugantes,
2946 3085 3332 3157 dementiaque
3382 3098 3441 3142 et

1864 3174 2217 3243 improbitate
2241 3175 2456 3245 plenos,
2482 3174 2576 3244 qui
2608 3175 2713 3229 sibi
2745 3177 2871 3233 talia
2898 3177 3286 3245 praetendenda
3311 3193 3436 3234 esse

1862 3267 2222 3331 statuissent,
2276 3281 2373 3320 eos
2429 3268 2908 3337 cognominautes.
2984 3270 3154 3325 Porro
3203 3271 3435 3336 Ariani,

1861 3358 2011 3428 quod
2057 3373 2250 3412 eorum
2304 3374 2415 3413 non
2466 3359 2764 3415 mediocris
2816 3370 2964 3416 esset
3010 3363 3328 3430 multitudo,
3369 3382 3436 3420 ex

1863 3463 2142 3505 momento
2186 3451 2329 3518 quod
2367 3450 2477 3505 illis
2514 3451 2629 3520 jam
2671 3450 2802 3505 inde
2846 3453 2916 3507 ab
2967 3452 3126 3508 initio
3153 3458 3258 3510 sub
3294 3455 3439 3510 Con-

1863 3539 2063 3593 stantio
2091 3548 2147 3594 et
2186 3540 2416 3595 Valente
2445 3550 2778 3606 accesserat,
2812 3553 2959 3597 metu
3001 3544 3153 3598 nullo
3200 3559 3437 3601 conven-

1867 3640 1953 3684 tus
1989 3631 2261 3700 agebant,
2304 3641 2362 3685 et
2401 3631 2469 3687 de
2504 3630 2615 3687 Deo
2661 3641 2827 3701 atque
2859 3633 2978 3703 ejus
3007 3634 3319 3691 substantia
3351 3644 3434 3692 te-

1863 3737 2014 3777 mere
2068 3722 2445 3790 disputabant.
2499 3723 2757 3777 Animum
2803 3740 3024 3796 quoque
3080 3726 3435 3796 imperatoris

1865 3813 2058 3884 ipsius,
2094 3812 2172 3867 illi
2208 3828 2304 3882 per
2339 3812 2595 3868 factionis
2640 3829 2753 3868 suae
2795 3814 3071 3880 homines,
3104 3818 3200 3886 qui
3235 3819 3289 3872 in
3327 3819 3434 3874 im-

1865 3905 2055 3975 periali
2082 3904 2609 3971 aulaversabantur,
2636 3905 2959 3960 tentandum
2980 3922 3102 3963 esse
3119 3908 3395 3971 duxerunt
3417 3928 3431 3964 :

1864 3998 1955 4052 illa
1987 4012 2083 4068 spe
2116 4006 2402 4066 concepta,
2433 3998 2582 4052 hunc
2607 4012 2848 4067 quoque,
2884 3998 3045 4052 sicuti
3082 4010 3139 4053 et
3164 3999 3434 4058 Constan-

1866 4088 2027 4153 tium,
2058 4087 2111 4141 in
2146 4096 2469 4155 potestatem
2502 4101 2694 4141 eorum
2728 4087 3025 4141 adductum
3062 4089 3151 4143 iri.
3185 4089 3317 4155 Quae
3345 4106 3434 4148 res

1863 4183 1944 4234 eis
1975 4193 2194 4249 quoque
2229 4179 2321 4247 qui
2360 4176 2641 4232 catholicae
2675 4176 2939 4231 Ecclesim
2963 4188 3146 4244 erant,
3177 4194 3430 4250 magnam

1864 4268 2047 4323 attulit
2078 4283 2288 4322 curam.
2323 4266 2667 4336 Quapropter
2700 4266 2753 4320 in
2802 4267 3037 4322 maximo
3071 4267 3225 4323 fuere
3257 4279 3432 4338 metu,

1840 4352 1841 4355 “
1869 4359 2123 4414 Eunomii
2157 4359 2213 4412 in
2244 4358 2719 4428 disputationibus
2744 4360 2853 4413 vim
2887 4370 3199 4428 suspectam
3229 4361 3435 4417 haben-

1797 4449 1838 4502 Ι)
1871 4461 1971 4505 tes.
2010 4450 2128 4505 Non
2180 4450 2253 4504 ita
2303 4450 2514 4518 pridem
2564 4450 2710 4503 enim
2762 4450 2832 4515 is,
2874 4463 2995 4502 cum
3043 4451 3146 4503 sub
3195 4451 3434 4507 Valentis

192 4542 428 4613 imperio
490 4559 520 4596 a
571 4543 857 4614 Cyzicenis
911 4542 1175 4596 dissidere
1229 4543 1504 4613 coepisset,
1557 4554 1616 4598 et
1671 4547 1912 4617 seipsum
1953 4548 2021 4602 ab
2076 4545 2404 4600 Arianorum
2460 4543 2754 4598 sodalitate
2815 4546 3430 4614 segregasset.Chalce-

188 4636 388 4691 donem
431 4637 703 4706 Bithynia:
746 4652 776 4691 e
828 4636 1051 4705 regione
1102 4634 1579 4706 ConstantinOpoli
1619 4637 1821 4703 sitam,

1874 4638 1969 4693 ubi
2009 4638 2258 4707 privatus
2294 4634 2641 4702 considebat,
2682 4650 2741 4689 se
2795 4635 3123 4690 contulerat.
3182 4636 3249 4689 Et
3285 4637 3425 4691 mul-

189 4727 370 4782 titudo
410 4726 608 4795 ingens
658 4741 688 4779 e
727 4724 1206 4798 Constantinopoli
1261 4724 1328 4778 ad
1384 4740 1511 4780 eum
1568 4728 1766 4782 ventita

1874 4767 1889 4781 .
1946 4727 2052 4781 Alii
2103 4741 2324 4796 quoque
2377 4725 2601 4778 aliunde
2647 4725 2714 4778 ad
2755 4739 2879 4779 eum
2929 4724 3296 4792 conﬂuebant,
3333 4735 3427 4798 qui

190 4827 390 4892 partim
434 4825 503 4878 de
543 4825 655 4878 vita
703 4832 758 4876 et
796 4820 1046 4873 doctrina
1083 4817 1200 4885 ejus
1239 4818 1545 4885 periculum
1596 4810 1908 4874 faciebant:
1951 4821 2170 4889 partim,
2205 4819 2248 4872 si
2300 4818 2423 4871 novi
2468 4817 2766 4886 quidquam
2808 4818 3032 4880 diceret,
3066 4818 3268 4887 cupide
3299 4835 3427 4876 eum

187 4918 599 4972 auscultabant.
643 4915 709 4967 Et
743 4915 855 4981 jam
899 4912 1039 4965 fatua
1079 4924 1299 4979 quoque
1348 4910 1589 4965 nominis
1630 4912 1750 4981 ejus
1788 4914 1854 4966 ad
1897 4912 2283 4982 imperatorem
2336 4918 2682 4979 pervenerat.
2738 4908 2951 4962 Fuisset
3001 4909 3093 4965 ille
3141 4911 3205 4964 ad
3254 4915 3442 4968 collo:

189 5015 384 5080 Quium
427 5013 593 5065 etiam
641 5005 908 5076 principis
955 5003 1226 5057 admissus
1250 5040 1265 5065 ,
1313 5001 1416 5053 nisi
1460 5001 1555 5055 Dei
1592 5004 1965 5057 amantissima
2008 5002 2181 5071 ipsius
2218 5001 2415 5071 conjux
2449 4999 2688 5063 Plaeilla,
2720 5015 2841 5068 qua:
2859 5002 2971 5069 jam
3007 4999 3132 5054 inde
3163 5004 3232 5058 ab
3269 5004 3427 5058 initio

187 5112 416 5165 decreta
448 5102 665 5155 Nica-na
696 5102 1014 5149 constanter
1048 5091 1432 5160 prolitebatur,
1465 5106 1593 5145 cura
1624 5100 1679 5146 et
1712 5092 1897 5146 studio
1925 5092 2073 5146 omni
2105 5091 2427 5161 obsistendo
2455 5091 2559 5144 hoc
2587 5090 2810 5160 egisset,
2835 5106 2902 5145 ne
2932 5107 3055 5144 cum
3086 5094 3179 5148 illo
3202 5112 3429 5164 prorsus

188 5205 626 5270 colloqueretur.
682 5190 912 5244 Maxime
964 5186 1166 5255 quippe
1220 5185 1395 5239 verita
1448 5196 1553 5251 est,
1600 5201 1667 5239 ne
1724 5187 2102 5242 institutorum
2151 5187 2274 5241 vitae
2334 5185 2635 5252 illecebris,
2690 5195 2744 5241 ct
2800 5185 3092 5242 verborum
3154 5191 3204 5245 vi
3261 5201 3427 5263 atque

189 5300 499 5374 gravitate,
551 5293 934 5359 imperatorem
989 5282 1080 5337 ille
1127 5280 1180 5334 in
1226 5282 1549 5335 sententiam
1597 5295 1752 5336 suam
1801 5281 2119 5337 abduceret.
