3936 6206
574 280 676 346 ττι
1796 280 1977 341 NICE
1993 280 2231 341 PHOBI
2276 281 2624 347 CALLISTI
3704 305 3781 366 772

1052 393 1212 462 237
1253 391 1476 449 CAPUT
1518 393 1610 448 Ix.

2853 403 3105 460 ΚΕΦΔΔ.
3147 405 3226 462 8'.

574 486 1012 560 DeAmphilocItii
1036 484 1203 540 Iconii
1229 486 1459 575 episcopi
1475 487 1543 537 ad
1571 485 1910 541 Theodosium
1940 489 2125 542 dicem!

2255 488 2392 555 Περὶ
2439 488 2550 575 τῆς
2578 491 3085 575 πρὸςιθεοότξσιρν
3139 499 3484 575 πιφρησξας
3519 503 3614 557 τοῦ
3641 507 3780 575 άγΙου

1226 557 1488 610 libertate.

2439 557 2824 628 ‘Ajtptlozt'ov
2855 563 2958 616 τοῦ
2994 557 3340 621 ἐπισκόὲςόύ
3385 557 3638 628 'lxorr'ov.

645 671 769 725 Haec
800 684 924 724 cum
966 669 1041 724 ita
1090 669 1308 731 flerent.
1341 684 1404 724 ac
1445 671 1564 740 ejus
1616 671 1693 725 rei
1729 670 1973 724 studium
2005 670 2147 740 apud

573 762 806 816 Arianos
854 761 1096 831 vigeret,
1150 776 1379 832 magnus
1425 763 1871 832 Amphilochius,
1919 763 1987 816 de
2037 777 2146 831 quo

570 864 734 910 antea
762 869 985 923 quoque
1015 856 1350 908 mentionem
1385 854 1635 917 fecimus,
1671 871 1818 909 unus
1841 871 1908 908 ex
1939 856 2021 909 eis
2050 855 2142 923 qui

568 959 686 1003 tum
721 944 1258 1014 Constantinopolim
1302 947 1662 1010 advenerant,
1699 946 1995 1015 episcopis,
2033 961 2144 1000 non

568 1041 662 1094 ille
691 1038 913 1107 quidem
951 1038 1005 1091 in
1039 1038 1208 1093 rebus
1241 1038 1471 1108 agendis
1499 1048 1773 1103 versatus,
1807 1039 1904 1093 sed
1934 1038 2142 1106 alioqui

569 1146 743 1186 senex
796 1129 1182 1194 venerandus,
1228 1140 1394 1199 atque
1443 1130 1499 1184 in
1557 1131 1724 1184 rebus
1775 1131 1980 1186 divinis
2025 1133 2142 1186 acri

566 1236 756 1278 mente
809 1223 1108 1292 pranditus,
1159 1222 1547 1292 imperatorem
1598 1224 1833 1284 adiisse.
1879 1225 2038 1294 eique
2085 1234 2144 1279 ut

563 1314 897 1368 Arianorum
940 1321 1248 1366 conventus
1282 1315 1350 1366 ab
1389 1315 1616 1367 urbibus
1652 1328 1980 1382 semoverct,
2015 1332 2145 1387 sup.

565 1407 802 1476 plicasse
825 1406 1051 1460 dicitur.
1077 1406 1382 1475 Imperator
1405 1417 1611 1470 autem,
1640 1409 1962 1477 petitionem
1993 1426 2140 1473 eam,

563 1498 712 1567 quod
765 1497 957 1552 durior
1006 1497 1473 1566 inhumaniorqne
1521 1514 1641 1554 esse
1688 1499 1994 1567 videretur,
2032 1517 2140 1555 non

561 1590 970 1656 comprobavit.
1008 1580 1346 1656 At'sapiens
1399 1590 1491 1643 ille
1540 1605 1706 1644 senex
1751 1600 1866 1644 tum
1914 1593 2138 1661 quidem

562 1683 761 1735 tacitus
792 1681 949 1745 abiit,
981 1691 1035 1736 et
1068 1681 1302 1734 consilio
1329 1681 1528 1734 deinde
1563 1683 1889 1751 sapientiore
1921 1685 2132 1738 facinus

561 1774 830 1828 memoria
863 1774 1089 1842 dignum
1135 1773 1287 1826 fecit.
1319 1773 1454 1826 Cum
1488 1790 1723 1842 namque
1755 1791 1971 1829 rursum
2009 1791 2132 1830 cum

561 1867 790 1935 reliquis
816 1867 1093 1935 episc0pis
1131 1867 1183 1918 in
1222 1867 1400 1919 aulam
1449 1869 1710 1932 venisset,
1743 1877 1798 1922 et
1839 1869 2135 1938 imperato-

558 1975 699 2022 rem,
732 1960 803 2012 ita
841 1969 901 2012 ut
932 1958 1110 2023 decet,
1148 1967 1312 2027 atque
1357 1968 1415 2011 ut
1459 1962 1550 2014 alii
1586 1963 1830 2032 episcopi
1868 1965 2134 2027 fecerant,

563 2051 651 2119 pie
698 2060 754 2104 et
805 2052 1050 2104 suaviter
1100 2050 1393 2104 admodum
1448 2055 1848 2108 consalutasset
1891 2073 1904 2108 :
1962 2055 2132 2110 filium

555 2129 734 2210 ipsius
776 2139 1094 2206 Arcadium,
1130 2143 1225 2211 qui
1278 2159 1456 2212 nuper
1501 2146 1568 2198 ad
1614 2145 1906 2215 imperium
1958 2148 2134 2203 lectus

557 2232 758 2297 fuerat,
794 2250 902 2286 non
933 2234 1125 2287 cadent
1163 2236 1239 2289 illi
1275 2237 1555 2305 impertita
1585 2241 1912 2294 reverentiae
1944 2241 2133 2296 obser-

557 2332 763 2386 vantia,
799 2325 1189 2380 inhonoratum
1228 2329 1471 2398 reliquit.
1517 2332 1717 2386 Verum
1760 2332 1829 2386 ad
1870 2349 1995 2388 cum
2037 2349 2130 2388 ac-

553 2418 776 2478 cedens,
804 2428 860 2472 et
892 2419 1057 2473 veluti
1096 2434 1219 2473 cum
1261 2435 1437 2489 puero
1476 2423 1820 2492 colloquens,
1852 2441 2130 2494 manuque

553 2524 680 2562 eum
735 2509 1055 2564 demulcens
1091 2527 1106 2564 :
1152 2529 1170 2562 ι
1215 2511 1374 2566 Salve
1403 2522 1461 2568 et
1495 2521 1577 2576 tu,
1609 2529 1643 2568 ο
1674 2530 1833 2584 puer,
1868 2516 2063 2586 inquit.
2105 2538 2122 2568 ι

555 2597 883 2666 Imperator,
937 2599 1084 2668 quod
1146 2614 1336 2655 senem
1391 2602 1842 2674 Amphilochium
1917 2608 2128 2663 rudiori

2321 672 2598 727 Τοιούτων
2660 676 2725 746 δὴ
2786 679 3114 748 γινομένων,
3171 682 3266 736 καὶ
3323 685 3424 752 τῆς
3487 689 3608 758 περὶ
3645 693 3779 747 ταῦτα

2250 764 2485 833 σπουδῆς
2539 769 2692 836 παρὰ
2726 767 3032 838 ’Δρειανοῖς
3062 773 3445 845 ἀκμαζούσης,
3489 779 3683 845 λέγεται
3707 787 3776 840 τδν

2249 853 2418 906 πολὺν
2453 855 2825 928 Ἀμφιλόχιον,
2851 860 2912 913 οὗ
2947 865 3043 915 καὶ
3076 865 3272 934 πρώην
3322 870 3677 940 ἐμνήσθημεν,
3703 877 3775 930 ἕνα

2247 957 2311 1007 γε
2350 942 2479 996 ὅντα
2533 946 2642 997 τῶν
2672 949 3088 1019 ἐπιδημούντων
3141 955 3485 1022 ἑπισκόπων,
3533 964 3774 1033 πράγμασι

2250 1031 2350 1099 μὲν
2378 1034 2582 1103 ἥκιστα
2614 1039 2861 1111 ἐντρισῆ,
2911 1045 3236 1115 πρεσϐύτην
3261 1048 3308 1099 δ’
3347 1051 3532 1114 ἄλλως
3569 1056 3653 1108 καὶ
3674 1031 3778 1129 *περὶ

2246 1124 2313 1175 τὰ
2334 1123 2454 1178 θεῖα
2490 1127 2618 1182 νοῦν
2650 1130 2868 1199 ἔχοντα,
2896 1133 3110 1203 βασιλεί
3141 1140 3458 1209 προσιέναι,
3493 1149 3582 1198 καὶ
3607 1123 3782 1204 ἀντιδο-

2245 1215 2408 1284 λῆσαι
2456 1218 2584 1282 τοὺς
2634 1222 2746 1276 τῶν
2769 1224 3069 1294 Ἀρειανῶν
3118 1233 3410 1300 συλλόγους
3464 1241 3574 1291 τῶν
3609 1243 3782 1296 πόλεων

2245 1309 2652 1373 ἐξελαύνεσθαι.
2693 1317 2753 1369 'U
2808 1321 2866 1371 δὲ
2899 1320 3178 1389 βασιλεὺς,
3231 1325 3308 1386 ὼς
3363 1329 3430 1382 ἂν
3488 1332 3662 1403 ἁπηνῆ
3703 1338 3778 1406 τὴν

2244 1515 2333 1560 νος
2385 1503 2724 1572 πρεσϐύτης,
2775 1505 2838 1556 τό
2872 1523 2935 1572 γε
2984 1507 3081 1562 νῦν
3113 1510 3236 1580 ἔχον
3265 1514 3325 1564 ἐν
3374 1519 3776 1585 σιγῇ-παρελθὼν

2242 1591 2458 1663 ἐπινοίᾳ
2485 1596 2789 1667 σοφωτέρᾳ,
2827 1599 3052 1669 μνήμης
3082 1602 3233 1665 ἄξιον
3275 1605 3622 1675 διεπράξατο.
3645 1611 3776 1674 Αὖθις

2244 1685 2351 1753 γὰρ
2405 1688 2505 1738 σὺν
2537 1689 2650 1750 τοῖς
2701 1689 2912 1754 λοιποῖς
2943 1695 3272 1762 ἐπισκόποις
3319 1702 3402 1764 είς
3453 1702 3527 1754 τὰ
3571 1704 3772 1770 βασίλεια

2245 1777 2556 1847 παρελθὼν,
2594 1781 2685 1832 τὸν
2723 1783 2823 1850 μὲν
2849 1784 3093 1853 βασιλέα,
3127 1787 3205 1851 ὥς
3243 1807 3308 1858 γε
3343 1794 3517 1856 εἰκὸς,
3545 1795 3673 1848 καθὰ
3698 1800 3768 1849 καὶ

2242 1870 2292 1920 οί
2320 1870 2499 1924 λοιποὶ
2520 1872 2629 1925 τῶν
2667 1875 2880 1944 ίερέων,
2911 1879 3202 1947 ἠσπάσατο
3244 1883 3489 1948 εὐσεϐῶς
3523 1890 3607 1941 καὶ
3631 1889 3769 1957 ἠπίως

2244 1961 2390 2030 μάλα
2411 1977 2426 1991 ·
2457 1963 2536 2032 τῷ
2559 1965 2618 2017 δὲ
2649 1966 2741 2018 τοῦ
2796 1969 3059 2037 βασιλέως
3098 1974 3253 2026 παιδὶ
3283 1975 3577 2048 Ἀρκαδίῳ,
3613 1985 3771 2034 νεωστὶ

2238 2052 2294 2102 δὲ
2323 2054 2420 2123 τὴν
2449 2055 2544 2124 τῆς
2575 2056 2849 2123 βασιλείας
2879 2064 3212 2130 χειροτονίαν
3237 2066 3478 2135 εἰλήφει,
3509 2073 3770 2140 ἀγέραστον

2239 2147 2597 2200 καταλέλοιπε
2666 2150 2741 2218 μὴ
2782 2153 2881 2222 τὴν
2928 2155 3052 2223 ῑσην
3078 2155 3384 2226 ἀπονείμας
3430 2164 3610 2234 τιμήν.
3637 2163 3773 2218 Ἀλλὰ

2241 2240 2574 2305 προσελθὼν,
2637 2244 2780 2295 καθὰ
2823 2245 2889 2313 δὴ
2939 2247 3121 2319 νηπίῳ
3160 2249 3567 2323 διαλεγόμενος.
3593 2255 3658 2327 τῷ
3693 2259 3772 2311 δας

2239 2330 2418 2399 κτύλῳ
2443 2332 2670 2398 σαίνων,
2713 2353 2732 2384 ι
2773 2337 3006 2407 Χαίροις
3039 2342 3136 2394 καὶ
3185 2343 3274 2408 σὺ,
3309 2347 3547 2411 παιδίον,
3591 2366 3607 2399 t
3646 2354 3772 2418 φησί.

2239 2419 2504 2484 Βασιλεὺς
2539 2423 2596 2476 δὲ
2623 2426 3044 2500 ἰδιωτικώτερον
3073 2426 3163 2486 οἷά
3193 2451 3257 2502 γε
3294 2439 3611 2509 πρεσϐύτην
3650 2442 3778 2509 νομί-

2238 2528 2337 2572 σας
2371 2511 2676 2568 διακεῖσθαι
2729 2517 2822 2570 τὸν
2864 2520 3238 2592 ’Δμφιλόχιον,
3270 2526 3423 2590 ὅπως
3461 2530 3544 2582 δεῖ
3569 2532 3778 2595 ἀσπάζε-

2237 2605 2358 2656 σθαι
2381 2605 2472 2657 τὸν
2493 2608 2630 2675 υἱὸν,
2658 2608 3027 2673 ὲξεπαίδευεν.
3060 2615 3121 2669 '0
3152 2616 3218 2682 δ’,
3252 2636 3270 2668 ι
3301 2619 3566 2693 Ἀπόχρη,
3586 2641 3602 2673 ι
3627 2624 3776 2690 ἔλεγε,

2242 1408 2462 1477 αἴτησιν
2488 1410 2860 1480 ἡγησάμενος,
2892 1415 2994 1467 οὐκ
3027 1415 3270 1481 ἐδέξατο.
3313 1419 3372 1472 ὐ
3399 1421 3458 1473 δὲ
3490 1397 3778 1492 σοφίας-ἐκεί·
3882 1397 3883 1406 γ

551 2692 738 2744 animo
769 2706 912 2755 esse,
965 2700 1023 2746 et
1077 2694 1341 2749 rusticius
1374 2711 1536 2766 agere
1582 2699 1948 2767 existimaret,
1988 2717 2127 2769 quo-

556 2781 722 2836 modo
773 2782 944 2835 lilium
993 2784 1234 2839 salutare
1259 2785 1510 2852 deberet,
1551 2788 1759 2844 docuit.
1793 2791 1974 2861 Atque
2011 2792 2124 2856 ille,

551 2872 804 2928 sudicere
832 2874 882 2927 ei
915 2874 1177 2929 honorem
1209 2877 1395 2942 talem,
1421 2879 1578 2934 dixit.
1609 2881 1911 2951 Imperator
1941 2896 2124 2938 autem

551 2965 631 3018 ira
667 2965 933 3032 percitus,
965 2974 1022 3019 et
1057 2968 1226 3021 veluti
1267 2967 1412 3024 filius
1444 2970 1645 3042 injuria
1687 2973 1915 3029 affectus
1953 2987 2122 3039 esset.

2239 2713 2256 2744 ι
2311 2699 2404 2748 καὶ
2451 2699 2656 2768 ταύτης
2712 2703 2862 2773 αὒτῷ
2928 2706 3028 2787 τῆς
3075 2710 3266 2779 τιμῆς.
3325 2729 3344 2762 ι
3398 2716 3689 2787 Περιοργης
3729 2719 3776 2771 δι

2231 2787 2528 2856 γενόμενος
2584 2792 2841 2861 βασιλεὺς
2894 2785 2986 2860 ὡς
3023 2801 3486 2876 περιυϐρισμένῳ
3529 2809 3600 2878 τῷ
3646 2785 3777 2863 παιδὶ

2231 2877 2597 2947 χαλεπαίνων,
2632 2885 2980 2958 μεθ’ὖὸρεων
3005 2891 3221 2957 ἐξάγειν
3240 2894 3328 2947 τὸν
3355 2896 3508 2966 ἱερέα
3533 2877 3774 2956 ἐκέλευεν.

2240 2975 2300 3028 '0
2335 2976 2391 3030 δὲ
2420 2979 2623 3048 καίπερ
2652 2981 2988 3052 ὠθούμενος,
3023 2990 3223 3058 μικρὸν
3253 2991 3638 3063 ἐπιστραφεὶς,
3666 2997 3772 3064 ἔφη,

548 3056 792 3144 graviter
833 3068 1166 3125 commotus,
1212 3075 1338 3114 cum
1378 3063 1632 3117 convicio
1665 3049 1985 3134 episcopum
2023 3067 2124 3120 ab-

2235 3067 2321 3119 τδν
2373 3071 2589 3140 ἐπινοίᾳ
2665 3075 3046 3146 κρυπτόμενον
3105 3079 3513 3138 ἀνακαλύπτων
3563 3092 3774 3143 σκοπόν’

547 3129 674 3199 duci
698 3148 882 3216 jussit.
918 3149 1012 3204 Ille
1039 3164 1204 3218 porro
1234 3155 1486 3221 quamvis
1516 3156 1956 3223 protruderetur,
1993 3174 2125 3237 con-

550 3250 746 3292 versus
790 3247 970 3293 tamen
1028 3242 1349 3310 paululum,
1397 3248 1796 3317 consiliumque
1837 3249 1894 3302 in
1941 3252 2125 3306 animo

546 3330 883 3383 occultatum
951 3333 1240 3399 proferens
1270 3355 1284 3388 :
1326 3355 1344 3388 ι
1380 3337 1640 3402 Videsne,
1665 3341 1862 3408 inquit,
1887 3358 1920 3396 ο
1952 3343 2125 3412 impc-

546 3432 721 3488 rator,
745 3439 906 3494 quam
939 3435 994 3477 tu
1022 3427 1329 3495 procaciter
1355 3429 1467 3484 fllio
1493 3431 1698 3486 illatam
1729 3437 2120 3490 contumeliam

548 3530 657 3569 non
701 3514 849 3580 fers,
891 3517 986 3571 sed
1026 3521 1400 3575 amaruleuter
1439 3532 1667 3592 pr0pter
1703 3526 2122 3584 submissiorem

547 3608 1063 3678 compellationem,
1099 3611 1153 3665 in
1199 3627 1301 3666 nos
1347 3616 1741 3673 excandescis?
1780 3619 1871 3674 Sic
1912 3621 2122 3676 scilicet

545 3697 864 3752 existimare
895 3709 948 3754 te
979 3702 1250 3770 oportuit,
1283 3717 1615 3760 succensere
1643 3708 1808 3762 etiam
1837 3710 2118 3765 caelestem

546 3789 944 3856 Imperatorem
972 3801 1028 3846 et
1052 3793 1267 3849 Patrem
1301 3796 1605 3867 Unigeniti,
1638 3808 1866 3869 prepter
1893 3814 1989 3855 eos
2025 3803 2119 3870 qui

2235 3181 2253 3212 ι
2305 3163 2489 3234 Ὁρᾷς,
2523 3159 2567 3218 ὦ
2620 3167 2869 3236 βασιλεῦ,
2904 3169 2981 3234 ὡς
3029 3173 3089 3224 οὐ
3125 3175 3312 3244 φέρεις
3350 3179 3448 3250 τὴν
3477 3182 3571 3234 τοῦ
3615 3186 3776 3247 mea;

2229 3255 2539 3324 παροινίαν,
2598 3259 2716 3311 ἀλλ’
2756 3263 2892 3331 ἡμῖν
2945 3264 3294 3332 χαλεπαίνεις
3351 3274 3567 3342 πικρῶς
3603 3276 3674 3344 τῷ
3695 3279 3775 3344 τῆς

2229 3351 2588 3420 προσρήσεως
2640 3354 2962 3425 ὑφειμένῳ;
2997 3357 3156 3412 Οὕτω
3215 3360 3282 3430 δὴ
3326 3367 3574 3435 νομίζειν
3622 3371 3774 3439 χρεὼν

2226 3442 2323 3492 καὶ
2348 3444 2442 3492 τὸν
2476 3444 2734 3511 οὐράνιον
2768 3447 3006 3500 Βασιλέα
3055 3453 3149 3502 καὶ
3197 3454 3425 3525 Πατέρα
3471 3460 3772 3527 ἀγανακτεῖν

2224 3529 2317 3582 τοῦ
2345 3532 2707 3600 Μονογενοῦς,
2743 3537 2873 3599 τοὺς
2926 3539 3092 3609 μὴτὸ
3142 3542 3258 3597 ἴσον
3313 3547 3518 3616 ἐκείνῳ
3571 3557 3770 3620 προτνέ·

2226 3639 2429 3689 μοντας
2459 3626 2650 3692 γέρας,
2680 3627 2796 3681 ἀλλ’
2847 3631 3034 3684 ἄνισον
3084 3636 3180 3688 καὶ
3227 3637 3412 3708 πολλῷ
3459 3642 3556 3694 τοῦ
3589 3645 3770 3713 Πατρός

2221 3713 2421 3782 ἥττονα
2474 3718 2797 3787 τολμῶντας
2830 3722 3152 3783 ἀποκαλεῖν.
3201 3747 3221 3780 ι
3257 3731 3449 3796 Συνεις
3476 3734 3526 3786 δ’
3549 3737 3772 3792 ἐντεῦθεν

2220 3807 2248 3854 ὁ
2279 3805 2534 3875 βασιλεὺς
2564 3811 2635 3864 τά
2664 3829 2725 3864 τε
2754 3819 3124 3886 πεπραγμένα
3154 3823 3248 3873 καὶ
3281 3826 3353 3877 τὰ
3374 3827 3646 3896 είρημένα
3669 3834 3771 3884 θαυ-

541 3897 652 3936 non
690 3897 1036 3940 communem
1081 3886 1165 3940 illi
1207 3889 1460 3944 tribuunt
1489 3890 1779 3958 honorem,
1818 3894 1911 3948 sed
1953 3893 2118 3949 dissi-

542 3975 730 4030 milem
777 3988 835 4031 et
881 3977 1043 4048 longe
1085 3981 1354 4036 minorem
1397 3981 1558 4038 Patre
1586 3997 1784 4039 vocare
1825 3985 2050 4042 audent.
2093 4006 2111 4039 ι

539 4067 844 4136 Imperator
887 4085 1010 4124 cum
1066 4072 1194 4127 inde
1248 4087 1362 4128 rem
1409 4083 1588 4130 actam
1637 4076 2004 4148 intelligeret,
2061 4088 2119 4134 et

540 4159 707 4214 verba
745 4175 810 4213 ea
848 4161 1242 4227 admiraretur,
1277 4167 1686 4236 quamprimum
1725 4167 1794 4223 ad
1837 4183 1896 4224 se
1933 4183 2116 4226 tacer-

538 4246 725 4301 dotem
755 4249 851 4304 Dei
883 4251 1198 4318 accersivit,
1231 4264 1287 4308 et
1315 4255 1383 4308 ad
1416 4257 1586 4324 pedes
1618 4259 1739 4329 ejus
1766 4259 2110 4329 provolutus,

2235 4267 2425 4340 \ltxafq
2459 4246 2804 4339 δοξάζοντας,
2835 4246 3200 4346 ἐξετρέπετονο
3246 4246 3349 4347 τάξ
3386 4285 3436 4337 τ’
3463 4246 3769 4358 ὲπ⁹νέγορές

535 4340 754 4391 veniam
782 4340 851 4394 ab
883 4356 952 4396 eo
987 4345 1166 4411 petiit.
1200 4346 1390 4416 Neque
1423 4348 1582 4402 aliter
1608 4365 1772 4420 quam
1801 4353 1917 4422 ipse
1943 4354 2112 4410 dixis-

2235 4360 2399 4429 Ξριδας
2455 4361 2553 4414 καὶ
2607 4363 2735 4425 τοὺς
2791 4340 3052 4438 ἐπικενῆς
3089 4340 3385 4440 συλλόγους
3423 4340 3768 4449 rivale-imi

534 4437 643 4489 set,
674 4442 736 4482 se
770 4445 884 4484 rem
921 4432 1141 4496 habere.
1175 4444 1456 4505 professus
1498 4455 1601 4494 eSt.
1641 4443 1805 4514 238
1835 4447 2010 4516 Atque
2053 4449 2106 4503 in

2235 4456 2344 4524 τρερὶ
2374 4453 2507 4508 Θεοῦ
2539 4457 2637 4508 καὶ
2664 4457 2764 4526 τῆς
2795 4459 2962 4511 αὑτοῦ
2993 4461 3213 4529 φύσεως
3243 4467 3440 4535 λόγους
3462 4475 3634 4524 κινεῖν
3656 4491 3770 4526 παιμ

535 4533 603 4572 ea
651 4523 926 4577 sententia
979 4527 1373 4591 conﬁrmatus,
1424 4543 1616 4601 postea
1662 4549 1757 4590 eos
1808 4538 1900 4607 qui
1948 4539 2109 4593 aliter

541 4625 695 4632 ,ψῃ
729 4611 916 4632 me“
958 4624 995 4632 _.
1040 4624 1052 4632 .
1105 4625 1116 4632 .
1249 4618 1270 4632 .
1551 4623 1562 4632 .

2235 4545 2453 4598 πάπασιν
2475 4546 2704 4602 ἔπαυσε.
2739 4549 2846 4600 Καὶ
2864 4551 3029 4621 νόμον
3055 4555 3102 4605 δ’
3128 4558 3220 4609 ἐπὶ
3253 4560 3421 4626 μέσου
3453 4565 3660 4632 ὁρίσας,
3681 4568 3765 4616 oi:

533 4625 699 4678 quam
728 4611 923 4668 Nicaeae
951 4624 1214 4671 statutum
1247 4618 1447 4688 fuerat,
1473 4623 1857 4692 upinarentur,
1889 4644 2109 4683 aversa-

535 4709 623 4725 α..-
661 4711 740 4725 Α-.
793 4702 1114 4725 Π--.Α-..9Αη
1145 4724 1150 4725 ,
1225 4712 1237 4722 -
1328 4712 1349 4725 ιι
1573 4718 1582 4725 .

2927 4611 2938 4621 .
3253 4611 3313 4626 ,κ
3370 4611 3413 4614 η
3458 4611 3511 4632 —.~
3550 4611 3763 4627 πυτα-

2235 4640 2499 4692 ικίνδυνον
2533 4640 2766 4695 ἐποιεῖτο
2793 4642 2884 4694 τὸν
2914 4645 2990 4714 μὴ
3022 4647 3363 4713 φυλάττοντα
3384 4667 3397 4682 ο
3425 4659 3764 4725 προσηπείλει

535 4709 625 4755 tus
657 4711 763 4757 est.
792 4702 1193 4764 Contentiones
1225 4712 1281 4765 in
1328 4712 1446 4767 foro
1479 4726 1534 4769 et
1572 4718 1765 4774 inanes
1799 4733 2106 4778 conventus

535 4792 770 4815 :..L!l.--2.
810 4796 879 4815 Inv
955 4798 1018 4815 1-,
1047 4814 1053 4815 ,
1110 4809 1122 4815 -
1171 4803 1204 4815 ,ο
1287 4803 1321 4815 ο.
1457 4807 1468 4815 .
1540 4806 1572 4815 ,ι

2235 4729 2403 4782 ιέντοι
2440 4732 2533 4785 καὶ
2569 4735 2839 4803 τιμωρίαν
2869 4702 3099 4806 ἐπάγειν
3151 4741 3228 4810 τῷ
3264 4702 3764 4815 τολμητὲγῗέεξελα-

531 4792 776 4847 inhibuit
807 4796 908 4864 (l),
941 4798 1407 4868 disputationibus
1438 4807 1504 4861 de
1540 4806 1649 4863 Deo
1672 4819 1729 4864 et
1759 4822 1952 4866 natura
1979 4815 2099 4884 ejus

2628 4792 2638 4801 -
2718 4792 2729 4803 ι
2991 4792 3003 4806 ι
3201 4792 3212 4810 ο
3279 4792 3284 4793 ⁷
3306 4792 3438 4813 ’⁷⁷δ““Ί
3456 4792 3464 4794 “
3483 4792 3534 4815 δι’
3583 4792 3741 4811 -Ἴ’”’”

2235 4822 2422 4873 Ιέντων
2472 4821 2520 4874 δ’
2549 4823 2800 4875 ἐντεῦθεν
2833 4828 3135 4896 ’Δρειανῶν
3167 4849 3227 4884 τε
3266 4836 3358 4886 καὶ
3408 4835 3760 4905 Εὑνομιανὼν,

530 4883 697 4939 finem
745 4891 973 4945 omnino
1022 4893 1322 4963 imposuit:
1355 4908 1409 4952 et
1451 4904 1844 4958 constitutione
1886 4883 2102 4974 publice

2904 4883 2916 4896 ο
3268 4883 3355 4886 ίν-ν-
3408 4883 3759 4905 —"'r"“"'"

2235 4915 2258 4964 ιί
2286 4915 2384 4981 τῆς
2417 4912 2711 4982 ὁμοουσίου
2752 4915 2989 4981 πίστεως
3022 4921 3130 4971 τῶν
3174 4923 3478 4993 ἐκκλησιῶν
3509 4928 3759 4997 καττεκρεὶ⁴

529 4980 836 5046 proposita,
870 4983 1171 5050 periculum
1208 4991 1298 5058 qui
1344 4991 1393 5045 ei
1431 5008 1541 5047 non
1576 5007 1848 5063 parerent,
1889 5000 2094 5053 denun-
2208 5022 2402 5074 τησαν.

531 5072 718 5136 tiavit,
752 5090 970 5145 poenam
1019 5080 1067 5134 ei
1100 5097 1320 5152 quoque
1353 5089 1446 5156 qui
1487 5103 1676 5146 contra
1713 5096 1898 5151 venire
1970 5117 2137 5159 ausus
2175 5112 2339 5164 esset,
2371 5105 2760 5159 comminatus.
2826 5107 2902 5160 Ita
2936 5109 3164 5177 factum,
3195 5123 3254 5167 ut
3286 5116 3498 5171 Arianis
3521 5129 3576 5172 ct
3601 5119 3756 5172 Ennio-

531 5167 734 5221 mianis
767 5171 961 5241 pulsis,
991 5175 1084 5228 τοῦ
1131 5179 1444 5249 ὀμοουσιου,
1493 5187 2002 5259 consubstantialis,
2053 5197 2179 5253 ﬁdei
2219 5197 2559 5268 professores
2587 5201 2851 5256 ecclesias
2877 5206 3325 5264 moderarentur.

2222 3900 2426 3966 μάσας,
2455 3901 2532 3966 ὡς
2561 3905 2727 3974 τάχος
2750 3907 2842 3960 τὸν
2877 3909 3030 3979 ίερέα
3055 3913 3193 3966 Θεοῦ
3230 3920 3628 3985 μετεστέλλετο
3649 3940 3662 3952 ·
3695 3925 3772 3978 καὶ

2217 3993 2333 4056 τοῖς
2364 3996 2524 4046 ποσὶν
2560 3996 2772 4052 ἐκείνου
2823 4000 3014 4054 ἑαυτὸν
3051 4004 3423 4075 ἐπιρρίπτων,
3460 4015 3770 4085 συγγνώμην

2219 4082 2362 4152 ᾔτει,
2397 4087 2493 4139 καὶ
2525 4087 2604 4158 μὴ
2633 4089 2806 4155 ἄλλως
2830 4090 2978 4161 ἔχειν
3022 4094 3252 4150 ιτίθετο.
3289 4099 3395 4152 Καὶ
3431 4104 3489 4155 ὲν
3519 4104 3596 4174 τῷ
3618 4082 3772 4175 ἀστρα-

2218 4175 2306 4230 λετ
2331 4179 2648 4248 γενόμενος,
2697 4183 2793 4236 τοῦ
2825 4183 3016 4238 λοιποῦ
3065 4189 3197 4252 τοὺς
3245 4192 3398 4261 παρὰ
3432 4197 3492 4246 τὸ
3541 4197 3693 4262 δόξαν
3722 4201 3770 4248 ἐν

601 5309 681 5382 (1)
706 5311 1046 5374 Theodosius
1064 5325 1423 5380 conventibus
1443 5329 1673 5396 publicis
1699 5342 1859 5388 secta:
1879 5335 2093 5392 Ariona:
2133 5340 2432 5403 interdicit,
2461 5342 2495 5396 Ι.
2533 5358 2567 5396 ιι
2598 5343 2657 5398 C.
2697 5343 2768 5398 De
2800 5362 2938 5400 sum.
2964 5347 3108 5404 Trin.
3140 5362 3188 5403 et
3216 5351 3313 5418 ﬁd.
3343 5355 3476 5407 cath.
