  <div class='ocr_page' id='page_1' title='image "/cluster/home/n/w/nwhite01/storage/ocr_20150623/146/hvd.32044073502601/431.png"; bbox 0 0 3936 6206; ppageno 0'>
   <div class='ocr_carea' id='block_1_1' title="bbox 509 288 620 352">
    <p class='ocr_par' dir='ltr' id='par_1_1' title="bbox 509 288 620 352">
     <span class='ocr_line' id='line_1_1' title="bbox 509 288 620 352; baseline 0.045 -5"><span class='ocrx_word' id='word_1_1' title='bbox 509 288 620 352; x_wconf 84' lang='lat'><strong>775</strong></span> 
     </span>
    </p>
   </div>
   <div class='ocr_carea' id='block_1_2' title="bbox 1728 272 3779 337">
    <p class='ocr_par' dir='ltr' id='par_1_2' title="bbox 1728 272 3779 337">
     <span class='ocr_line' id='line_1_2' title="bbox 1728 272 3779 337; baseline -0.003 1"><span class='ocrx_word' id='word_1_2' title='bbox 1728 275 2147 337; x_wconf 78' lang='lat' dir='ltr'><strong>NICEPHORI</strong></span> <span class='ocrx_word' id='word_1_3' title='bbox 2190 272 2533 332; x_wconf 72' lang='lat' dir='ltr'><strong>CALLISTI</strong></span> <span class='ocrx_word' id='word_1_4' title='bbox 3673 273 3779 333; x_wconf 69' lang='lat'><strong>776</strong></span> 
     </span>
    </p>
   </div>
   <div class='ocr_carea' id='block_1_3' title="bbox 494 379 2075 463">
    <p class='ocr_par' dir='ltr' id='par_1_3' title="bbox 494 386 2075 463">
     <span class='ocr_line' id='line_1_3' title="bbox 494 386 2075 463; baseline -0.01 -10"><span class='ocrx_word' id='word_1_5' title='bbox 494 411 662 463; x_wconf 74' lang='lat' dir='ltr'><strong>,csse,</strong></span> <span class='ocrx_word' id='word_1_6' title='bbox 692 395 795 450; x_wconf 88' lang='lat' dir='ltr'><strong>bac</strong></span> <span class='ocrx_word' id='word_1_7' title='bbox 821 393 875 449; x_wconf 92' lang='lat' dir='ltr'><strong>in</strong></span> <span class='ocrx_word' id='word_1_8' title='bbox 905 401 1060 462; x_wconf 89' lang='lat' dir='ltr'><strong>parte</strong></span> <span class='ocrx_word' id='word_1_9' title='bbox 1093 404 1305 445; x_wconf 92' lang='lat' dir='ltr'><strong>canone</strong></span> <span class='ocrx_word' id='word_1_10' title='bbox 1336 388 1402 443; x_wconf 89' lang='lat' dir='ltr'><strong>de</strong></span> <span class='ocrx_word' id='word_1_11' title='bbox 1432 387 1814 457; x_wconf 88' lang='lat' dir='ltr'><strong>episcoporum</strong></span> <span class='ocrx_word' id='word_1_12' title='bbox 1851 386 2075 439; x_wconf 87' lang='lat' dir='ltr'><strong>transla-</strong></span> 
     </span>
    </p>
   </div>
   <div class='ocr_carea' id='block_1_4' title="bbox 2188 379 3777 463">
    <p class='ocr_par' dir='ltr' id='par_1_4' title="bbox 2188 379 3777 451">
     <span class='ocr_line' id='line_1_4' title="bbox 2188 379 3777 451; baseline -0.002 -17"><span class='ocrx_word' id='word_1_13' title='bbox 2188 384 2303 451; x_wconf 77' lang='grc' dir='ltr'>χίας</span> <span class='ocrx_word' id='word_1_14' title='bbox 2343 383 2599 450; x_wconf 71' lang='grc' dir='ltr'>ἀφορμὰς</span> <span class='ocrx_word' id='word_1_15' title='bbox 2629 382 3052 449; x_wconf 68' lang='grc' dir='ltr'><strong>περιτέμνουσα,</strong></span> <span class='ocrx_word' id='word_1_16' title='bbox 3076 379 3264 432; x_wconf 77' lang='grc' dir='ltr'>τοῦτον</span> <span class='ocrx_word' id='word_1_17' title='bbox 3286 380 3521 443; x_wconf 77' lang='grc' dir='ltr'>ἐξέθετο.</span> <span class='ocrx_word' id='word_1_18' title='bbox 3553 382 3777 434; x_wconf 74' lang='grc' dir='ltr'>πολλῶν</span> 
     </span>
    </p>
   </div>
   <div class='ocr_carea' id='block_1_5' title="bbox 517 478 2083 556">
    <p class='ocr_par' dir='ltr' id='par_1_5' title="bbox 517 478 2083 556">
     <span class='ocr_line' id='line_1_5' title="bbox 517 478 2083 556; baseline -0.008 -14"><span class='ocrx_word' id='word_1_19' title='bbox 517 490 691 554; x_wconf 86' lang='lat' dir='ltr'><strong>tione,</strong></span> <span class='ocrx_word' id='word_1_20' title='bbox 715 502 875 556; x_wconf 75' lang='lat' dir='ltr'><strong>quem</strong></span> <span class='ocrx_word' id='word_1_21' title='bbox 906 481 1153 538; x_wconf 86' lang='lat' dir='ltr'><strong>nonnulli</strong></span> <span class='ocrx_word' id='word_1_22' title='bbox 1176 481 1463 535; x_wconf 86' lang='lat' dir='ltr'><strong>consilium</strong></span> <span class='ocrx_word' id='word_1_23' title='bbox 1492 480 1595 533; x_wconf 90' lang='lat' dir='ltr'><strong>hoc</strong></span> <span class='ocrx_word' id='word_1_24' title='bbox 1616 478 2083 547; x_wconf 81' lang='lat' dir='ltr'><strong>reprehendentes</strong></span> 
     </span>
    </p>
   </div>
   <div class='ocr_carea' id='block_1_6' title="bbox 515 567 2083 647">
    <p class='ocr_par' dir='ltr' id='par_1_6' title="bbox 515 567 2083 647">
     <span class='ocr_line' id='line_1_6' title="bbox 515 567 2083 647; baseline -0.009 -15"><span class='ocrx_word' id='word_1_25' title='bbox 515 578 849 647; x_wconf 83' lang='lat' dir='ltr'><strong>objcicbaut,</strong></span> <span class='ocrx_word' id='word_1_26' title='bbox 871 572 1201 643; x_wconf 88' lang='lat' dir='ltr'><strong>posthabito.</strong></span> <span class='ocrx_word' id='word_1_27' title='bbox 1223 571 1442 640; x_wconf 86' lang='lat' dir='ltr'><strong>Optime</strong></span> <span class='ocrx_word' id='word_1_28' title='bbox 1459 569 1663 639; x_wconf 90' lang='lat' dir='ltr'><strong>quippe</strong></span> <span class='ocrx_word' id='word_1_29' title='bbox 1680 568 1899 621; x_wconf 88' lang='lat' dir='ltr'><strong>divinus</strong></span> <span class='ocrx_word' id='word_1_30' title='bbox 1923 567 2083 621; x_wconf 86' lang='lat' dir='ltr'><strong>Pater</strong></span> 
     </span>
    </p>
   </div>
   <div class='ocr_carea' id='block_1_7' title="bbox 517 652 2079 724">
    <p class='ocr_par' dir='ltr' id='par_1_7' title="bbox 517 652 2079 724">
     <span class='ocr_line' id='line_1_7' title="bbox 517 652 2079 724; baseline -0.01 -4"><span class='ocrx_word' id='word_1_31' title='bbox 517 681 707 720; x_wconf 86' lang='lat' dir='ltr'><strong>eorum</strong></span> <span class='ocrx_word' id='word_1_32' title='bbox 756 664 1001 715; x_wconf 86' lang='lat' dir='ltr'><strong>virorum</strong></span> <span class='ocrx_word' id='word_1_33' title='bbox 1048 667 1287 712; x_wconf 92' lang='lat' dir='ltr'><strong>mentem</strong></span> <span class='ocrx_word' id='word_1_34' title='bbox 1334 667 1389 711; x_wconf 91' lang='lat' dir='ltr'><strong>et</strong></span> <span class='ocrx_word' id='word_1_35' title='bbox 1441 656 1756 716; x_wconf 85' lang='lat' dir='ltr'><strong>consilium,</strong></span> <span class='ocrx_word' id='word_1_36' title='bbox 1789 655 1880 724; x_wconf 90' lang='lat' dir='ltr'><strong>qui</strong></span> <span class='ocrx_word' id='word_1_37' title='bbox 1927 652 2079 707; x_wconf 88' lang='lat' dir='ltr'><strong>illum</strong></span> 
     </span>
    </p>
   </div>
   <div class='ocr_carea' id='block_1_8' title="bbox 519 745 2078 827">
    <p class='ocr_par' dir='ltr' id='par_1_8' title="bbox 519 745 2078 827">
     <span class='ocr_line' id='line_1_8' title="bbox 519 745 2078 827; baseline -0.008 -17"><span class='ocrx_word' id='word_1_38' title='bbox 519 755 1021 827; x_wconf 77' lang='lat' dir='ltr'><strong>promulgaverant,</strong></span> <span class='ocrx_word' id='word_1_39' title='bbox 1048 749 1285 804; x_wconf 88' lang='lat' dir='ltr'><strong>tenebat.</strong></span> <span class='ocrx_word' id='word_1_40' title='bbox 1320 747 1576 818; x_wconf 87' lang='lat' dir='ltr'><strong>Synodus</strong></span> <span class='ocrx_word' id='word_1_41' title='bbox 1604 763 1839 816; x_wconf 81' lang='lat' dir='ltr'><strong>namque</strong></span> <span class='ocrx_word' id='word_1_42' title='bbox 1864 745 1954 799; x_wconf 86' lang='lat' dir='ltr'><strong>illa</strong></span> <span class='ocrx_word' id='word_1_43' title='bbox 1982 745 2078 813; x_wconf 75' lang='grc' dir='ltr'><strong>(ί),</strong></span> 
     </span>
    </p>
   </div>
   <div class='ocr_carea' id='block_1_9' title="bbox 519 838 2081 907">
    <p class='ocr_par' dir='ltr' id='par_1_9' title="bbox 519 838 2081 907">
     <span class='ocr_line' id='line_1_9' title="bbox 519 838 2081 907; baseline -0.006 -8"><span class='ocrx_word' id='word_1_44' title='bbox 519 854 578 899; x_wconf 84' lang='grc' dir='ltr'><strong>ιιι</strong></span> <span class='ocrx_word' id='word_1_45' title='bbox 609 845 953 899; x_wconf 87' lang='lat' dir='ltr'><strong>occasionem</strong></span> <span class='ocrx_word' id='word_1_46' title='bbox 984 841 1228 896; x_wconf 83' lang='lat' dir='ltr'><strong>ambitus</strong></span> <span class='ocrx_word' id='word_1_47' title='bbox 1261 842 1313 893; x_wconf 87' lang='lat' dir='ltr'><strong>in</strong></span> <span class='ocrx_word' id='word_1_48' title='bbox 1346 839 1592 893; x_wconf 86' lang='lat' dir='ltr'><strong>ecclesiis</strong></span> <span class='ocrx_word' id='word_1_49' title='bbox 1624 838 1964 907; x_wconf 77' lang='lat' dir='ltr'><strong>prurcideret,</strong></span> <span class='ocrx_word' id='word_1_50' title='bbox 1993 852 2081 890; x_wconf 86' lang='lat' dir='ltr'><strong>ca-</strong></span> 
     </span>
    </p>
   </div>
   <div class='ocr_carea' id='block_1_10' title="bbox 514 930 2081 1003">
    <p class='ocr_par' dir='ltr' id='par_1_10' title="bbox 514 930 2081 1003">
     <span class='ocr_line' id='line_1_10' title="bbox 514 930 2081 1003; baseline -0.007 -13"><span class='ocrx_word' id='word_1_51' title='bbox 514 933 715 990; x_wconf 86' lang='lat' dir='ltr'><strong>nonem</strong></span> <span class='ocrx_word' id='word_1_52' title='bbox 744 951 870 989; x_wconf 79' lang='lat' dir='ltr'><strong>eum</strong></span> <span class='ocrx_word' id='word_1_53' title='bbox 900 941 1280 1003; x_wconf 82' lang='lat' dir='ltr'><strong>proposuerat,</strong></span> <span class='ocrx_word' id='word_1_54' title='bbox 1310 933 1455 1001; x_wconf 85' lang='lat' dir='ltr'><strong>quod</strong></span> <span class='ocrx_word' id='word_1_55' title='bbox 1487 930 1657 983; x_wconf 90' lang='lat' dir='ltr'><strong>multa</strong></span> <span class='ocrx_word' id='word_1_56' title='bbox 1691 940 1802 983; x_wconf 94' lang='lat' dir='ltr'><strong>tum</strong></span> <span class='ocrx_word' id='word_1_57' title='bbox 1837 946 1905 983; x_wconf 84' lang='lat' dir='ltr'><strong>ex</strong></span> <span class='ocrx_word' id='word_1_58' title='bbox 1935 944 2081 983; x_wconf 86' lang='lat' dir='ltr'><strong>eom-</strong></span> 
     </span>
    </p>
   </div>
   <div class='ocr_carea' id='block_1_11' title="bbox 2185 472 3774 542">
    <p class='ocr_par' dir='ltr' id='par_1_11' title="bbox 2185 472 3774 542">
     <span class='ocr_line' id='line_1_11' title="bbox 2185 472 3774 542; baseline 0.001 -17"><span class='ocrx_word' id='word_1_59' title='bbox 2185 473 2491 539; x_wconf 83' lang='grc' dir='ltr'>τηνικαῦτα</span> <span class='ocrx_word' id='word_1_60' title='bbox 2541 475 2606 524; x_wconf 79' lang='grc' dir='ltr'>ἐκ</span> <span class='ocrx_word' id='word_1_61' title='bbox 2658 472 2957 542; x_wconf 81' lang='grc' dir='ltr'><strong>φιλαρχίας</strong></span> <span class='ocrx_word' id='word_1_62' title='bbox 2989 472 3415 542; x_wconf 78' lang='grc' dir='ltr'>προϐεϐηκότων</span> <span class='ocrx_word' id='word_1_63' title='bbox 3453 474 3675 530; x_wconf 82' lang='grc' dir='ltr'>κακῶν.</span> <span class='ocrx_word' id='word_1_64' title='bbox 3708 475 3774 529; x_wconf 79' lang='grc' dir='ltr'><strong>ΕΞ</strong></span> 
     </span>
    </p>
   </div>
   <div class='ocr_carea' id='block_1_12' title="bbox 2185 568 3771 639">
    <p class='ocr_par' dir='ltr' id='par_1_12' title="bbox 2185 568 3771 639">
     <span class='ocr_line' id='line_1_12' title="bbox 2185 568 3771 639; baseline 0 -18"><span class='ocrx_word' id='word_1_65' title='bbox 2185 568 2243 621; x_wconf 81' lang='grc' dir='ltr'>δὲ</span> <span class='ocrx_word' id='word_1_66' title='bbox 2284 570 2344 621; x_wconf 73' lang='grc' dir='ltr'>τὸ</span> <span class='ocrx_word' id='word_1_67' title='bbox 2378 570 2664 638; x_wconf 72' lang='grc' dir='ltr'>φιλαρχείν</span> <span class='ocrx_word' id='word_1_68' title='bbox 2693 568 2882 639; x_wconf 81' lang='grc' dir='ltr'>ἀπείη,</span> <span class='ocrx_word' id='word_1_69' title='bbox 2913 569 3066 621; x_wconf 78' lang='grc' dir='ltr'>οὐδὲν</span> <span class='ocrx_word' id='word_1_70' title='bbox 3108 571 3327 631; x_wconf 80' lang='grc' dir='ltr'>πάντως</span> <span class='ocrx_word' id='word_1_71' title='bbox 3374 568 3435 620; x_wconf 75' lang='grc' dir='ltr'>τὸ</span> <span class='ocrx_word' id='word_1_72' title='bbox 3466 570 3771 638; x_wconf 73' lang='grc' dir='ltr'>προσιστάρ</span> 
     </span>
    </p>
   </div>
   <div class='ocr_carea' id='block_1_13' title="bbox 2190 658 3773 729">
    <p class='ocr_par' dir='ltr' id='par_1_13' title="bbox 2190 658 3773 729">
     <span class='ocr_line' id='line_1_13' title="bbox 2190 658 3773 729; baseline 0 -16"><span class='ocrx_word' id='word_1_73' title='bbox 2190 678 2370 729; x_wconf 84' lang='grc' dir='ltr'>μενον,</span> <span class='ocrx_word' id='word_1_74' title='bbox 2431 661 2482 712; x_wconf 74' lang='grc' dir='ltr'>εἴ</span> <span class='ocrx_word' id='word_1_75' title='bbox 2511 676 2572 727; x_wconf 88' lang='grc' dir='ltr'><strong>γε</strong></span> <span class='ocrx_word' id='word_1_76' title='bbox 2639 660 2801 729; x_wconf 80' lang='grc' dir='ltr'>μόνον</span> <span class='ocrx_word' id='word_1_77' title='bbox 2863 658 2973 727; x_wconf 87' lang='grc' dir='ltr'>βίος</span> <span class='ocrx_word' id='word_1_78' title='bbox 3025 658 3058 728; x_wconf 74' lang='grc' dir='ltr'>ἢ</span> <span class='ocrx_word' id='word_1_79' title='bbox 3113 660 3291 726; x_wconf 73' lang='grc' dir='ltr'>λόγος,</span> <span class='ocrx_word' id='word_1_80' title='bbox 3346 660 3380 729; x_wconf 77' lang='grc' dir='ltr'>ἢ</span> <span class='ocrx_word' id='word_1_81' title='bbox 3440 661 3537 711; x_wconf 72' lang='grc' dir='ltr'>καὶ</span> <span class='ocrx_word' id='word_1_82' title='bbox 3595 660 3773 727; x_wconf 60' lang='grc' dir='ltr'><strong>ἇμξω</strong></span> 
     </span>
    </p>
   </div>
   <div class='ocr_carea' id='block_1_14' title="bbox 2186 749 3770 819">
    <p class='ocr_par' dir='ltr' id='par_1_14' title="bbox 2186 749 3770 819">
     <span class='ocr_line' id='line_1_14' title="bbox 2186 749 3770 819; baseline -0.002 -16"><span class='ocrx_word' id='word_1_83' title='bbox 2186 749 2383 812; x_wconf 79' lang='grc' dir='ltr'>ταῦτα,</span> <span class='ocrx_word' id='word_1_84' title='bbox 2424 749 2535 801; x_wconf 85' lang='grc' dir='ltr'><strong>τῶν</strong></span> <span class='ocrx_word' id='word_1_85' title='bbox 2582 750 2796 802; x_wconf 83' lang='grc' dir='ltr'>πολλῶν</span> <span class='ocrx_word' id='word_1_86' title='bbox 2829 750 3143 817; x_wconf 81' lang='grc' dir='ltr'><strong>ὑπεραίρων</strong></span> <span class='ocrx_word' id='word_1_87' title='bbox 3187 751 3366 802; x_wconf 73' lang='grc' dir='ltr'>ἐστίν·</span> <span class='ocrx_word' id='word_1_88' title='bbox 3418 749 3642 819; x_wconf 62' lang='grc' dir='ltr'>ἥκοι-νή</span> <span class='ocrx_word' id='word_1_89' title='bbox 3688 767 3770 811; x_wconf 89' lang='grc' dir='ltr'><strong>τις</strong></span> 
     </span>
    </p>
   </div>
   <div class='ocr_carea' id='block_1_15' title="bbox 2188 838 3765 910">
    <p class='ocr_par' dir='ltr' id='par_1_15' title="bbox 2188 838 3765 910">
     <span class='ocr_line' id='line_1_15' title="bbox 2188 838 3765 910; baseline 0.001 -19"><span class='ocrx_word' id='word_1_90' title='bbox 2188 841 2281 892; x_wconf 75' lang='grc' dir='ltr'><strong>καὶ</strong></span> <span class='ocrx_word' id='word_1_91' title='bbox 2310 840 2542 909; x_wconf 80' lang='grc' dir='ltr'>μεγίστη</span> <span class='ocrx_word' id='word_1_92' title='bbox 2594 838 2835 906; x_wconf 72' lang='grc' dir='ltr'>ὠφέλεια</span> <span class='ocrx_word' id='word_1_93' title='bbox 2884 841 2950 907; x_wconf 84' lang='grc' dir='ltr'>τῇ</span> <span class='ocrx_word' id='word_1_94' title='bbox 2988 838 3281 907; x_wconf 79' lang='grc' dir='ltr'><strong>μεταθέσει</strong></span> <span class='ocrx_word' id='word_1_95' title='bbox 3310 840 3495 903; x_wconf 84' lang='grc' dir='ltr'>καλῶς</span> <span class='ocrx_word' id='word_1_96' title='bbox 3529 842 3765 910; x_wconf 58' lang='lat' dir='ltr'><strong>argos?»-</strong></span> 
     </span>
    </p>
   </div>
   <div class='ocr_carea' id='block_1_16' title="bbox 2188 949 2372 985">
    <p class='ocr_par' dir='ltr' id='par_1_16' title="bbox 2188 949 2372 985">
     <span class='ocr_line' id='line_1_16' title="bbox 2188 949 2372 985; baseline 0.005 -2"><span class='ocrx_word' id='word_1_97' title='bbox 2188 949 2372 985; x_wconf 85' lang='grc' dir='ltr'>καται.</span> 
     </span>
    </p>
   </div>
   <div class='ocr_carea' id='block_1_17' title="bbox 516 1023 3764 1098">
    <p class='ocr_par' dir='ltr' id='par_1_17' title="bbox 516 1023 3764 1098">
     <span class='ocr_line' id='line_1_17' title="bbox 516 1023 3764 1098; baseline -0.001 -18"><span class='ocrx_word' id='word_1_98' title='bbox 516 1029 813 1098; x_wconf 84' lang='lat' dir='ltr'><strong>petitorum</strong></span> <span class='ocrx_word' id='word_1_99' title='bbox 868 1025 1160 1080; x_wconf 86' lang='lat' dir='ltr'><strong>ambitiosa</strong></span> <span class='ocrx_word' id='word_1_100' title='bbox 1209 1024 1563 1094; x_wconf 87' lang='lat' dir='ltr'><strong>preusatione</strong></span> <span class='ocrx_word' id='word_1_101' title='bbox 1613 1023 1996 1092; x_wconf 80' lang='lat' dir='ltr'><strong>provenissent</strong></span> <span class='ocrx_word' id='word_1_102' title='bbox 2034 1024 2197 1077; x_wconf 88' lang='lat' dir='ltr'><strong>mala.</strong></span> <span class='ocrx_word' id='word_1_103' title='bbox 2232 1024 2388 1088; x_wconf 83' lang='lat' dir='ltr'><strong>Quod</strong></span> <span class='ocrx_word' id='word_1_104' title='bbox 2441 1025 2483 1077; x_wconf 90' lang='lat' dir='ltr'><strong>si</strong></span> <span class='ocrx_word' id='word_1_105' title='bbox 2528 1025 2772 1079; x_wconf 85' lang='lat' dir='ltr'><strong>ambitus</strong></span> <span class='ocrx_word' id='word_1_106' title='bbox 2816 1026 3054 1087; x_wconf 88' lang='lat' dir='ltr'><strong>abesset,</strong></span> <span class='ocrx_word' id='word_1_107' title='bbox 3097 1024 3233 1080; x_wconf 84' lang='lat' dir='ltr'><strong>nihil</strong></span> <span class='ocrx_word' id='word_1_108' title='bbox 3281 1042 3504 1094; x_wconf 71' lang='lat' dir='ltr'><strong>prorsus</strong></span> <span class='ocrx_word' id='word_1_109' title='bbox 3544 1036 3764 1080; x_wconf 75' lang='lat' dir='ltr'><strong>exstare</strong></span> 
     </span>
    </p>
   </div>
   <div class='ocr_carea' id='block_1_18' title="bbox 514 1116 3762 1192">
    <p class='ocr_par' dir='ltr' id='par_1_18' title="bbox 514 1116 3762 1192">
     <span class='ocr_line' id='line_1_18' title="bbox 514 1116 3762 1192; baseline 0 -19"><span class='ocrx_word' id='word_1_110' title='bbox 514 1118 891 1188; x_wconf 51' lang='lat' dir='ltr'><strong>impedimenti</strong></span> <span class='ocrx_word' id='word_1_111' title='bbox 944 1118 1178 1182; x_wconf 81' lang='lat' dir='ltr'><strong>censuit,</strong></span> <span class='ocrx_word' id='word_1_112' title='bbox 1213 1128 1272 1171; x_wconf 92' lang='lat' dir='ltr'><strong>ut</strong></span> <span class='ocrx_word' id='word_1_113' title='bbox 1309 1117 1469 1170; x_wconf 90' lang='lat' dir='ltr'><strong>modo</strong></span> <span class='ocrx_word' id='word_1_114' title='bbox 1510 1118 1615 1170; x_wconf 76' lang='lat' dir='ltr'><strong>vita</strong></span> <span class='ocrx_word' id='word_1_115' title='bbox 1659 1124 1755 1169; x_wconf 91' lang='lat' dir='ltr'><strong>aut</strong></span> <span class='ocrx_word' id='word_1_116' title='bbox 1791 1116 2040 1170; x_wconf 84' lang='lat' dir='ltr'><strong>doctrina</strong></span> <span class='ocrx_word' id='word_1_117' title='bbox 2076 1118 2261 1171; x_wconf 87' lang='lat' dir='ltr'><strong>multis</strong></span> <span class='ocrx_word' id='word_1_118' title='bbox 2296 1117 2419 1170; x_wconf 79' lang='lat' dir='ltr'><strong>aliis</strong></span> <span class='ocrx_word' id='word_1_119' title='bbox 2454 1119 2820 1192; x_wconf 70' lang='lat' dir='ltr'><strong>pra&#39;stantiur,</strong></span> <span class='ocrx_word' id='word_1_120' title='bbox 2854 1128 2949 1173; x_wconf 90' lang='lat' dir='ltr'><strong>aut</strong></span> <span class='ocrx_word' id='word_1_121' title='bbox 2990 1120 3153 1173; x_wconf 88' lang='lat' dir='ltr'><strong>simul</strong></span> <span class='ocrx_word' id='word_1_122' title='bbox 3198 1130 3432 1189; x_wconf 88' lang='lat' dir='ltr'><strong>utraque</strong></span> <span class='ocrx_word' id='word_1_123' title='bbox 3473 1122 3590 1175; x_wconf 70' lang='lat' dir='ltr'><strong>haec</strong></span> <span class='ocrx_word' id='word_1_124' title='bbox 3624 1137 3762 1173; x_wconf 80' lang='lat' dir='ltr'><strong>cou-</strong></span> 
     </span>
    </p>
   </div>
   <div class='ocr_carea' id='block_1_19' title="bbox 511 1210 3765 1284">
    <p class='ocr_par' dir='ltr' id='par_1_19' title="bbox 511 1210 3765 1284">
     <span class='ocr_line' id='line_1_19' title="bbox 511 1210 3765 1284; baseline -0.002 -17"><span class='ocrx_word' id='word_1_125' title='bbox 511 1221 744 1274; x_wconf 83' lang='lat' dir='ltr'><strong>starent,</strong></span> <span class='ocrx_word' id='word_1_126' title='bbox 775 1220 871 1264; x_wconf 92' lang='lat' dir='ltr'><strong>aut</strong></span> <span class='ocrx_word' id='word_1_127' title='bbox 922 1211 1231 1265; x_wconf 83' lang='lat' dir='ltr'><strong>communis</strong></span> <span class='ocrx_word' id='word_1_128' title='bbox 1265 1210 1501 1280; x_wconf 84' lang='lat' dir='ltr'><strong>denique</strong></span> <span class='ocrx_word' id='word_1_129' title='bbox 1553 1210 1771 1279; x_wconf 73' lang='lat' dir='ltr'><strong>publica</strong></span> <span class='ocrx_word' id='word_1_130' title='bbox 1806 1226 1930 1264; x_wconf 87' lang='lat' dir='ltr'><strong>cum</strong></span> <span class='ocrx_word' id='word_1_131' title='bbox 1963 1227 2155 1282; x_wconf 77' lang='lat' dir='ltr'><strong>magna</strong></span> <span class='ocrx_word' id='word_1_132' title='bbox 2210 1210 2601 1265; x_wconf 80' lang='lat' dir='ltr'><strong>commoditate</strong></span> <span class='ocrx_word' id='word_1_133' title='bbox 2642 1211 2851 1265; x_wconf 86' lang='lat' dir='ltr'><strong>utilitas</strong></span> <span class='ocrx_word' id='word_1_134' title='bbox 2881 1225 2981 1280; x_wconf 89' lang='lat' dir='ltr'><strong>per</strong></span> <span class='ocrx_word' id='word_1_135' title='bbox 3017 1215 3435 1265; x_wconf 78' lang='lat' dir='ltr'><strong>translationem</strong></span> <span class='ocrx_word' id='word_1_136' title='bbox 3471 1212 3527 1266; x_wconf 92' lang='lat' dir='ltr'><strong>in</strong></span> <span class='ocrx_word' id='word_1_137' title='bbox 3563 1230 3765 1284; x_wconf 72' lang='lat' dir='ltr'><strong>exspe-</strong></span> 
     </span>
    </p>
   </div>
   <div class='ocr_carea' id='block_1_20' title="bbox 513 1286 1309 1360">
    <p class='ocr_par' dir='ltr' id='par_1_20' title="bbox 513 1286 1309 1360">
     <span class='ocr_line' id='line_1_20' title="bbox 513 1286 1309 1360; baseline -0.006 0"><span class='ocrx_word' id='word_1_138' title='bbox 513 1304 753 1360; x_wconf 71' lang='lat' dir='ltr'><strong>elatione</strong></span> <span class='ocrx_word' id='word_1_139' title='bbox 784 1312 952 1357; x_wconf 87' lang='lat' dir='ltr'><strong>esset.</strong></span> <span class='ocrx_word' id='word_1_140' title='bbox 1272 1286 1309 1311; x_wconf 52' lang='grc' dir='ltr'><strong><em>ί</em></strong></span> 
     </span>
    </p>
   </div>
   <div class='ocr_carea' id='block_1_21' title="bbox 1024 1393 1578 1466">
    <p class='ocr_par' dir='ltr' id='par_1_21' title="bbox 1024 1393 1578 1466">
     <span class='ocr_line' id='line_1_21' title="bbox 1024 1393 1578 1466; baseline -0.005 -17"><span class='ocrx_word' id='word_1_141' title='bbox 1024 1394 1186 1466; x_wconf 71' lang='grc'><strong>240</strong></span> <span class='ocrx_word' id='word_1_142' title='bbox 1215 1393 1443 1449; x_wconf 85' lang='lat' dir='ltr'><strong>CAPUT</strong></span> <span class='ocrx_word' id='word_1_143' title='bbox 1486 1394 1578 1448; x_wconf 80' lang='lat' dir='ltr'><strong>x1.</strong></span> 
     </span>
    </p>
   </div>
   <div class='ocr_carea' id='block_1_22' title="bbox 520 1483 2077 1554">
    <p class='ocr_par' dir='ltr' id='par_1_22' title="bbox 520 1483 2077 1554">
     <span class='ocr_line' id='line_1_22' title="bbox 520 1483 2077 1554; baseline 0.001 -17"><span class='ocrx_word' id='word_1_144' title='bbox 520 1486 582 1540; x_wconf 88' lang='lat' dir='ltr'><strong>Ut</strong></span> <span class='ocrx_word' id='word_1_145' title='bbox 616 1485 919 1551; x_wconf 73' lang='lat' dir='ltr'><strong>Gregorius,</strong></span> <span class='ocrx_word' id='word_1_146' title='bbox 950 1493 1200 1552; x_wconf 78' lang='lat' dir='ltr'><strong>quosdam</strong></span> <span class='ocrx_word' id='word_1_147' title='bbox 1234 1500 1295 1536; x_wconf 80' lang='lat' dir='ltr'><strong>ea:</strong></span> <span class='ocrx_word' id='word_1_148' title='bbox 1323 1483 1583 1554; x_wconf 65' lang='lat' dir='ltr'><strong>zEgyutiis</strong></span> <span class='ocrx_word' id='word_1_149' title='bbox 1622 1485 1809 1554; x_wconf 78' lang='lat' dir='ltr'><strong>cﬂ&#39;emli</strong></span> <span class='ocrx_word' id='word_1_150' title='bbox 1842 1502 2077 1549; x_wconf 76' lang='lat' dir='ltr'><strong>cernens,</strong></span> 
     </span>
    </p>
   </div>
   <div class='ocr_carea' id='block_1_23' title="bbox 584 1554 2083 1624">
    <p class='ocr_par' dir='ltr' id='par_1_23' title="bbox 584 1554 2083 1624">
     <span class='ocr_line' id='line_1_23' title="bbox 584 1554 2083 1624; baseline 0.001 -18"><span class='ocrx_word' id='word_1_151' title='bbox 584 1566 794 1624; x_wconf 75' lang='lat' dir='ltr'><strong>propter</strong></span> <span class='ocrx_word' id='word_1_152' title='bbox 844 1556 1167 1622; x_wconf 71' lang='lat' dir='ltr'><strong>episcopatus</strong></span> <span class='ocrx_word' id='word_1_153' title='bbox 1199 1554 1282 1606; x_wconf 82' lang='lat' dir='ltr'><strong>sui</strong></span> <span class='ocrx_word' id='word_1_154' title='bbox 1335 1556 1701 1613; x_wconf 81' lang='lat' dir='ltr'><strong>mutationem,</strong></span> <span class='ocrx_word' id='word_1_155' title='bbox 1732 1572 1822 1607; x_wconf 80' lang='lat' dir='ltr'><strong>seu</strong></span> <span class='ocrx_word' id='word_1_156' title='bbox 1853 1556 2083 1608; x_wconf 81' lang='lat' dir='ltr'><strong>translu-</strong></span> 
     </span>
    </p>
   </div>
   <div class='ocr_carea' id='block_1_24' title="bbox 585 1624 2081 1692">
    <p class='ocr_par' dir='ltr' id='par_1_24' title="bbox 585 1624 2081 1692">
     <span class='ocr_line' id='line_1_24' title="bbox 585 1624 2081 1692; baseline 0.001 -16"><span class='ocrx_word' id='word_1_157' title='bbox 585 1635 805 1685; x_wconf 74' lang='lat' dir='ltr'><strong>tioncm,</strong></span> <span class='ocrx_word' id='word_1_158' title='bbox 836 1625 1010 1675; x_wconf 78' lang='lat' dir='ltr'><strong>sedem</strong></span> <span class='ocrx_word' id='word_1_159' title='bbox 1061 1624 1705 1690; x_wconf 63' lang='lat' dir='ltr'><strong>Constantinam/itaitam</strong></span> <span class='ocrx_word' id='word_1_160' title='bbox 1746 1626 2034 1692; x_wconf 79' lang='lat' dir='ltr'><strong>repudiarit</strong></span> <span class='ocrx_word' id='word_1_161' title='bbox 2063 1640 2081 1677; x_wconf 91' lang='lat'><em>:</em></span> 
     </span>
    </p>
   </div>
   <div class='ocr_carea' id='block_1_25' title="bbox 544 1692 2082 1762">
    <p class='ocr_par' dir='ltr' id='par_1_25' title="bbox 544 1692 2082 1762">
     <span class='ocr_line' id='line_1_25' title="bbox 544 1692 2082 1762; baseline 0 -16"><span class='ocrx_word' id='word_1_162' title='bbox 544 1694 547 1695; x_wconf 50' lang='grc'><strong><em>⁷</em></strong></span> <span class='ocrx_word' id='word_1_163' title='bbox 582 1706 628 1746; x_wconf 86' lang='lat' dir='ltr'><strong>el</strong></span> <span class='ocrx_word' id='word_1_164' title='bbox 657 1695 933 1746; x_wconf 81' lang='lat' dir='ltr'><strong>concordia</strong></span> <span class='ocrx_word' id='word_1_165' title='bbox 968 1694 1301 1745; x_wconf 76' lang='lat' dir='ltr'><strong>ecclesiarum</strong></span> <span class='ocrx_word' id='word_1_166' title='bbox 1335 1693 1464 1744; x_wconf 84' lang='lat' dir='ltr'><strong>nihil</strong></span> <span class='ocrx_word' id='word_1_167' title='bbox 1492 1692 1684 1744; x_wconf 77' lang='lat' dir='ltr'><strong>habens</strong></span> <span class='ocrx_word' id='word_1_168' title='bbox 1723 1695 2005 1762; x_wconf 70' lang='lat' dir='ltr'><strong>antiquius,</strong></span> <span class='ocrx_word' id='word_1_169' title='bbox 2026 1697 2082 1746; x_wconf 88' lang='lat' dir='ltr'><strong>in</strong></span> 
     </span>
    </p>
   </div>
   <div class='ocr_carea' id='block_1_26' title="bbox 585 1761 2080 1833">
    <p class='ocr_par' dir='ltr' id='par_1_26' title="bbox 585 1761 2080 1833">
     <span class='ocr_line' id='line_1_26' title="bbox 585 1761 2080 1833; baseline 0 -18"><span class='ocrx_word' id='word_1_170' title='bbox 585 1765 856 1831; x_wconf 82' lang='lat' dir='ltr'><strong>propriam</strong></span> <span class='ocrx_word' id='word_1_171' title='bbox 884 1764 1093 1815; x_wconf 81' lang='lat' dir='ltr'><strong>redierit</strong></span> <span class='ocrx_word' id='word_1_172' title='bbox 1128 1764 1361 1832; x_wconf 83' lang='lat' dir='ltr'><strong>patriam</strong></span> <span class='ocrx_word' id='word_1_173' title='bbox 1394 1777 1411 1814; x_wconf 94' lang='lat'><em>:</em></span> <span class='ocrx_word' id='word_1_174' title='bbox 1451 1771 1499 1814; x_wconf 89' lang='lat' dir='ltr'><strong>et</strong></span> <span class='ocrx_word' id='word_1_175' title='bbox 1531 1763 1593 1813; x_wconf 89' lang='lat' dir='ltr'><strong>de</strong></span> <span class='ocrx_word' id='word_1_176' title='bbox 1623 1761 1858 1815; x_wconf 66' lang='lat' dir='ltr'><strong>Maximo</strong></span> <span class='ocrx_word' id='word_1_177' title='bbox 1888 1761 2080 1833; x_wconf 80' lang='lat' dir='ltr'><strong>Cynico</strong></span> 
     </span>
    </p>
   </div>
   <div class='ocr_carea' id='block_1_27' title="bbox 585 1835 912 1901">
    <p class='ocr_par' dir='ltr' id='par_1_27' title="bbox 585 1835 912 1901">
     <span class='ocr_line' id='line_1_27' title="bbox 585 1835 912 1901; baseline -0.009 -16"><span class='ocrx_word' id='word_1_178' title='bbox 585 1835 912 1901; x_wconf 74' lang='lat' dir='ltr'><strong>philosopho.</strong></span> 
     </span>
    </p>
   </div>
   <div class='ocr_carea' id='block_1_28' title="bbox 581 1922 2082 1993">
    <p class='ocr_par' dir='ltr' id='par_1_28' title="bbox 581 1922 2082 1993">
     <span class='ocr_line' id='line_1_28' title="bbox 581 1922 2082 1993; baseline -0.001 -15"><span class='ocrx_word' id='word_1_179' title='bbox 581 1924 875 1993; x_wconf 82' lang='lat' dir='ltr'><strong>Gregorius</strong></span> <span class='ocrx_word' id='word_1_180' title='bbox 909 1937 1039 1975; x_wconf 88' lang='lat' dir='ltr'><strong>sane</strong></span> <span class='ocrx_word' id='word_1_181' title='bbox 1090 1922 1327 1991; x_wconf 90' lang='lat' dir='ltr'><strong>primum</strong></span> <span class='ocrx_word' id='word_1_182' title='bbox 1374 1938 1575 1978; x_wconf 85' lang='lat' dir='ltr'><strong>munus</strong></span> <span class='ocrx_word' id='word_1_183' title='bbox 1616 1923 1925 1993; x_wconf 82' lang='lat' dir='ltr'><strong>episcopale</strong></span> <span class='ocrx_word' id='word_1_184' title='bbox 1960 1940 2082 1978; x_wconf 84' lang='lat' dir='ltr'><strong>sus-</strong></span> 
     </span>
    </p>
   </div>
   <div class='ocr_carea' id='block_1_29' title="bbox 511 2014 2081 2085">
    <p class='ocr_par' dir='ltr' id='par_1_29' title="bbox 511 2014 2081 2085">
     <span class='ocr_line' id='line_1_29' title="bbox 511 2014 2081 2085; baseline 0.001 -16"><span class='ocrx_word' id='word_1_185' title='bbox 511 2017 675 2084; x_wconf 81' lang='lat' dir='ltr'><strong>cepit,</strong></span> <span class='ocrx_word' id='word_1_186' title='bbox 704 2023 760 2068; x_wconf 90' lang='lat' dir='ltr'><strong>et</strong></span> <span class='ocrx_word' id='word_1_187' title='bbox 808 2014 1064 2067; x_wconf 87' lang='lat' dir='ltr'><strong>thronum</strong></span> <span class='ocrx_word' id='word_1_188' title='bbox 1114 2014 1437 2068; x_wconf 89' lang='lat' dir='ltr'><strong>conscendit</strong></span> <span class='ocrx_word' id='word_1_189' title='bbox 1470 2015 1783 2085; x_wconf 87' lang='lat' dir='ltr'><strong>(quomodo</strong></span> <span class='ocrx_word' id='word_1_190' title='bbox 1814 2017 1959 2070; x_wconf 90' lang='lat' dir='ltr'><strong>enim</strong></span> <span class='ocrx_word' id='word_1_191' title='bbox 2001 2026 2081 2070; x_wconf 85' lang='lat' dir='ltr'><strong>tot</strong></span> 
     </span>
    </p>
   </div>
   <div class='ocr_carea' id='block_1_30' title="bbox 508 2105 2080 2179">
    <p class='ocr_par' dir='ltr' id='par_1_30' title="bbox 508 2105 2080 2179">
     <span class='ocr_line' id='line_1_30' title="bbox 508 2105 2080 2179; baseline 0.001 -18"><span class='ocrx_word' id='word_1_192' title='bbox 508 2116 565 2161; x_wconf 89' lang='lat' dir='ltr'><strong>et</strong></span> <span class='ocrx_word' id='word_1_193' title='bbox 597 2115 870 2160; x_wconf 84' lang='lat' dir='ltr'><strong>tantorum</strong></span> <span class='ocrx_word' id='word_1_194' title='bbox 897 2105 1139 2159; x_wconf 88' lang='lat' dir='ltr'><strong>virorum</strong></span> <span class='ocrx_word' id='word_1_195' title='bbox 1162 2106 1596 2161; x_wconf 88' lang='lat' dir='ltr'><strong>cohortationem</strong></span> <span class='ocrx_word' id='word_1_196' title='bbox 1620 2107 1998 2179; x_wconf 77' lang='lat' dir='ltr'><strong>despiceret!)</strong></span> <span class='ocrx_word' id='word_1_197' title='bbox 2024 2118 2080 2163; x_wconf 88' lang='lat' dir='ltr'><strong>et</strong></span> 
     </span>
    </p>
   </div>
   <div class='ocr_carea' id='block_1_31' title="bbox 509 2197 2079 2269">
    <p class='ocr_par' dir='ltr' id='par_1_31' title="bbox 509 2197 2079 2269">
     <span class='ocr_line' id='line_1_31' title="bbox 509 2197 2079 2269; baseline 0.002 -19"><span class='ocrx_word' id='word_1_198' title='bbox 509 2213 748 2268; x_wconf 76' lang='lat' dir='ltr'><strong>gregem,</strong></span> <span class='ocrx_word' id='word_1_199' title='bbox 797 2213 960 2267; x_wconf 91' lang='lat' dir='ltr'><strong>quem</strong></span> <span class='ocrx_word' id='word_1_200' title='bbox 1014 2197 1273 2266; x_wconf 81' lang='lat' dir='ltr'><strong>exiguum</strong></span> <span class='ocrx_word' id='word_1_201' title='bbox 1330 2209 1651 2266; x_wconf 89' lang='lat' dir='ltr'><strong>receptum.</strong></span> <span class='ocrx_word' id='word_1_202' title='bbox 1698 2198 2079 2269; x_wconf 64' lang='lat' dir='ltr'><strong>frequentissio</strong></span> 
     </span>
    </p>
   </div>
   <div class='ocr_carea' id='block_1_32' title="bbox 510 2289 2076 2361">
    <p class='ocr_par' dir='ltr' id='par_1_32' title="bbox 510 2289 2076 2361">
     <span class='ocr_line' id='line_1_32' title="bbox 510 2289 2076 2361; baseline 0.001 -18"><span class='ocrx_word' id='word_1_203' title='bbox 510 2306 659 2344; x_wconf 91' lang='lat' dir='ltr'><strong>mum</strong></span> <span class='ocrx_word' id='word_1_204' title='bbox 694 2289 919 2352; x_wconf 80' lang='lat' dir='ltr'><strong>fecerat,</strong></span> <span class='ocrx_word' id='word_1_205' title='bbox 963 2290 1291 2357; x_wconf 74' lang='lat' dir='ltr'><strong>evangelicis</strong></span> <span class='ocrx_word' id='word_1_206' title='bbox 1323 2290 1647 2345; x_wconf 85' lang='lat' dir='ltr'><strong>humoribus</strong></span> <span class='ocrx_word' id='word_1_207' title='bbox 1691 2293 1871 2361; x_wconf 78' lang='lat' dir='ltr'><strong>rigans</strong></span> <span class='ocrx_word' id='word_1_208' title='bbox 1907 2291 2040 2345; x_wconf 81' lang='lat' dir='ltr'><strong>fovit</strong></span> <span class='ocrx_word' id='word_1_209' title='bbox 2062 2333 2076 2357; x_wconf 91' lang='lat'><strong>,</strong></span> 
     </span>
    </p>
   </div>
   <div class='ocr_carea' id='block_1_33' title="bbox 509 2380 2079 2450">
    <p class='ocr_par' dir='ltr' id='par_1_33' title="bbox 509 2380 2079 2450">
     <span class='ocr_line' id='line_1_33' title="bbox 509 2380 2079 2450; baseline 0.003 -17"><span class='ocrx_word' id='word_1_210' title='bbox 509 2396 716 2450; x_wconf 80' lang='lat' dir='ltr'><strong>eosque</strong></span> <span class='ocrx_word' id='word_1_211' title='bbox 742 2381 839 2450; x_wconf 86' lang='lat' dir='ltr'><strong>qui</strong></span> <span class='ocrx_word' id='word_1_212' title='bbox 869 2390 1018 2434; x_wconf 81' lang='lat' dir='ltr'><strong>extra</strong></span> <span class='ocrx_word' id='word_1_213' title='bbox 1067 2380 1221 2434; x_wconf 92' lang='lat' dir='ltr'><strong>illum</strong></span> <span class='ocrx_word' id='word_1_214' title='bbox 1270 2381 1632 2446; x_wconf 89' lang='lat' dir='ltr'><strong>oberrarent,</strong></span> <span class='ocrx_word' id='word_1_215' title='bbox 1663 2382 1957 2437; x_wconf 85' lang='lat' dir='ltr'><strong>verborum</strong></span> <span class='ocrx_word' id='word_1_216' title='bbox 1990 2399 2079 2438; x_wconf 87' lang='lat' dir='ltr'><strong>sa-</strong></span> 
     </span>
    </p>
   </div>
   <div class='ocr_carea' id='block_1_34' title="bbox 506 2470 2080 2543">
    <p class='ocr_par' dir='ltr' id='par_1_34' title="bbox 506 2470 2080 2543">
     <span class='ocr_line' id='line_1_34' title="bbox 506 2470 2080 2543; baseline 0.002 -19"><span class='ocrx_word' id='word_1_217' title='bbox 506 2488 643 2540; x_wconf 82' lang='lat' dir='ltr'><strong>gena</strong></span> <span class='ocrx_word' id='word_1_218' title='bbox 674 2480 863 2540; x_wconf 90' lang='lat' dir='ltr'><strong>captos</strong></span> <span class='ocrx_word' id='word_1_219' title='bbox 907 2470 974 2525; x_wconf 91' lang='lat' dir='ltr'><strong>ad</strong></span> <span class='ocrx_word' id='word_1_220' title='bbox 1003 2471 1145 2525; x_wconf 82' lang='lat' dir='ltr'><strong>ovile</strong></span> <span class='ocrx_word' id='word_1_221' title='bbox 1177 2471 1428 2526; x_wconf 80' lang='lat' dir='ltr'><strong>adduxit.</strong></span> <span class='ocrx_word' id='word_1_222' title='bbox 1454 2472 1556 2527; x_wconf 79' lang='lat' dir='ltr'><strong>Ubi</strong></span> <span class='ocrx_word' id='word_1_223' title='bbox 1582 2488 1715 2526; x_wconf 87' lang='lat' dir='ltr'><strong>vero</strong></span> <span class='ocrx_word' id='word_1_224' title='bbox 1762 2474 1925 2541; x_wconf 91' lang='lat' dir='ltr'><strong>paulo</strong></span> <span class='ocrx_word' id='word_1_225' title='bbox 1954 2483 2080 2543; x_wconf 88' lang='lat' dir='ltr'><strong>post</strong></span> 
     </span>
    </p>
   </div>
   <div class='ocr_carea' id='block_1_35' title="bbox 506 2561 2079 2633">
    <p class='ocr_par' dir='ltr' id='par_1_35' title="bbox 506 2561 2079 2633">
     <span class='ocr_line' id='line_1_35' title="bbox 506 2561 2079 2633; baseline 0.001 -16"><span class='ocrx_word' id='word_1_226' title='bbox 506 2563 794 2632; x_wconf 79' lang='lat' dir='ltr'><strong>quosdam,</strong></span> <span class='ocrx_word' id='word_1_227' title='bbox 821 2572 877 2616; x_wconf 92' lang='lat' dir='ltr'><strong>et</strong></span> <span class='ocrx_word' id='word_1_228' title='bbox 917 2576 1013 2616; x_wconf 86' lang='lat' dir='ltr'><strong>eos</strong></span> <span class='ocrx_word' id='word_1_229' title='bbox 1063 2563 1296 2616; x_wconf 77' lang='lat' dir='ltr'><strong>maxime</strong></span> <span class='ocrx_word' id='word_1_230' title='bbox 1330 2562 1424 2630; x_wconf 91' lang='lat' dir='ltr'><strong>qui</strong></span> <span class='ocrx_word' id='word_1_231' title='bbox 1465 2576 1532 2615; x_wconf 83' lang='lat' dir='ltr'><strong>ex</strong></span> <span class='ocrx_word' id='word_1_232' title='bbox 1565 2561 1801 2633; x_wconf 67' lang='lat' dir='ltr'><strong>Egypto</strong></span> <span class='ocrx_word' id='word_1_233' title='bbox 1844 2564 2079 2619; x_wconf 85' lang='lat' dir='ltr'><strong>advene-</strong></span> 
     </span>
    </p>
   </div>
   <div class='ocr_carea' id='block_1_36' title="bbox 509 2650 2075 2725">
    <p class='ocr_par' dir='ltr' id='par_1_36' title="bbox 509 2650 2075 2725">
     <span class='ocr_line' id='line_1_36' title="bbox 509 2650 2075 2725; baseline 0.001 -18"><span class='ocrx_word' id='word_1_234' title='bbox 509 2666 651 2717; x_wconf 87' lang='lat' dir='ltr'><strong>rant,</strong></span> <span class='ocrx_word' id='word_1_235' title='bbox 680 2654 934 2708; x_wconf 89' lang='lat' dir='ltr'><strong>electioni</strong></span> <span class='ocrx_word' id='word_1_236' title='bbox 955 2668 1068 2708; x_wconf 72' lang='lat' dir='ltr'><strong>sua:</strong></span> <span class='ocrx_word' id='word_1_237' title='bbox 1102 2650 1445 2708; x_wconf 72' lang='lat' dir='ltr'><strong>intercedere</strong></span> <span class='ocrx_word' id='word_1_238' title='bbox 1466 2693 1481 2718; x_wconf 92' lang='lat'><strong>,</strong></span> <span class='ocrx_word' id='word_1_239' title='bbox 1514 2669 1744 2724; x_wconf 88' lang='lat' dir='ltr'><strong>eamque</strong></span> <span class='ocrx_word' id='word_1_240' title='bbox 1773 2656 2075 2725; x_wconf 80' lang='lat' dir='ltr'><strong>reprehen-</strong></span> 
     </span>
    </p>
   </div>
   <div class='ocr_carea' id='block_1_37' title="bbox 507 2746 2075 2818">
    <p class='ocr_par' dir='ltr' id='par_1_37' title="bbox 507 2746 2075 2818">
     <span class='ocr_line' id='line_1_37' title="bbox 507 2746 2075 2818; baseline 0.001 -18"><span class='ocrx_word' id='word_1_241' title='bbox 507 2748 635 2801; x_wconf 85' lang='lat' dir='ltr'><strong>dere</strong></span> <span class='ocrx_word' id='word_1_242' title='bbox 689 2746 898 2810; x_wconf 84' lang='lat' dir='ltr'><strong>sensit,</strong></span> <span class='ocrx_word' id='word_1_243' title='bbox 946 2748 1195 2801; x_wconf 81' lang='lat' dir='ltr'><strong>oratione</strong></span> <span class='ocrx_word' id='word_1_244' title='bbox 1237 2746 1303 2799; x_wconf 90' lang='lat' dir='ltr'><strong>ad</strong></span> <span class='ocrx_word' id='word_1_245' title='bbox 1352 2762 1448 2802; x_wconf 91' lang='lat' dir='ltr'><strong>eos</strong></span> <span class='ocrx_word' id='word_1_246' title='bbox 1503 2748 1556 2801; x_wconf 91' lang='lat' dir='ltr'><strong>in</strong></span> <span class='ocrx_word' id='word_1_247' title='bbox 1592 2748 1785 2802; x_wconf 89' lang='lat' dir='ltr'><strong>ultimo</strong></span> <span class='ocrx_word' id='word_1_248' title='bbox 1828 2748 2075 2818; x_wconf 81' lang='lat' dir='ltr'><strong>digressu</strong></span> 
     </span>
    </p>
   </div>
   <div class='ocr_carea' id='block_1_38' title="bbox 508 2838 2075 2908">
    <p class='ocr_par' dir='ltr' id='par_1_38' title="bbox 508 2838 2075 2908">
     <span class='ocr_line' id='line_1_38' title="bbox 508 2838 2075 2908; baseline 0.003 -17"><span class='ocrx_word' id='word_1_249' title='bbox 508 2839 711 2901; x_wconf 87' lang='lat' dir='ltr'><strong>habita,</strong></span> <span class='ocrx_word' id='word_1_250' title='bbox 738 2838 1112 2907; x_wconf 83' lang='lat' dir='ltr'><strong>episcopatum</strong></span> <span class='ocrx_word' id='word_1_251' title='bbox 1146 2853 1362 2892; x_wconf 89' lang='lat' dir='ltr'><strong>rursum</strong></span> <span class='ocrx_word' id='word_1_252' title='bbox 1395 2839 1673 2908; x_wconf 89' lang='lat' dir='ltr'><strong>deposuit.</strong></span> <span class='ocrx_word' id='word_1_253' title='bbox 1719 2840 1790 2894; x_wconf 85' lang='lat' dir='ltr'><strong>At</strong></span> <span class='ocrx_word' id='word_1_254' title='bbox 1827 2841 1975 2894; x_wconf 85' lang='lat' dir='ltr'><strong>enim</strong></span> <span class='ocrx_word' id='word_1_255' title='bbox 2006 2840 2075 2895; x_wconf 88' lang='lat' dir='ltr'><strong>ab</strong></span> 
     </span>
    </p>
   </div>
   <div class='ocr_carea' id='block_1_39' title="bbox 508 2930 2075 3000">
    <p class='ocr_par' dir='ltr' id='par_1_39' title="bbox 508 2930 2075 3000">
     <span class='ocr_line' id='line_1_39' title="bbox 508 2930 2075 3000; baseline 0.001 -16"><span class='ocrx_word' id='word_1_256' title='bbox 508 2932 624 2999; x_wconf 86' lang='lat' dir='ltr'><strong>ipsa</strong></span> <span class='ocrx_word' id='word_1_257' title='bbox 648 2933 831 2985; x_wconf 82' lang='lat' dir='ltr'><strong>statim</strong></span> <span class='ocrx_word' id='word_1_258' title='bbox 873 2931 1103 3000; x_wconf 85' lang='lat' dir='ltr'><strong>synodo,</strong></span> <span class='ocrx_word' id='word_1_259' title='bbox 1132 2930 1352 2986; x_wconf 86' lang='lat' dir='ltr'><strong>divinus</strong></span> <span class='ocrx_word' id='word_1_260' title='bbox 1393 2931 1642 2987; x_wconf 74' lang='lat' dir='ltr'><strong>Meletius</strong></span> <span class='ocrx_word' id='word_1_261' title='bbox 1664 2932 1730 2985; x_wconf 90' lang='lat' dir='ltr'><strong>ad</strong></span> <span class='ocrx_word' id='word_1_262' title='bbox 1755 2933 1920 2986; x_wconf 86' lang='lat' dir='ltr'><strong>vitam</strong></span> <span class='ocrx_word' id='word_1_263' title='bbox 1977 2932 2075 2987; x_wconf 86' lang='lat' dir='ltr'><strong>do-</strong></span> 
     </span>
    </p>
   </div>
   <div class='ocr_carea' id='block_1_40' title="bbox 507 3021 2073 3093">
    <p class='ocr_par' dir='ltr' id='par_1_40' title="bbox 507 3021 2073 3093">
     <span class='ocr_line' id='line_1_40' title="bbox 507 3021 2073 3093; baseline 0.001 -17"><span class='ocrx_word' id='word_1_264' title='bbox 507 3022 642 3076; x_wconf 87' lang='lat' dir='ltr'><strong>loris</strong></span> <span class='ocrx_word' id='word_1_265' title='bbox 675 3033 954 3088; x_wconf 69' lang='lat' dir='ltr'><strong>expertem</strong></span> <span class='ocrx_word' id='word_1_266' title='bbox 985 3021 1202 3074; x_wconf 73' lang='lat' dir='ltr'><strong>transiit</strong></span> <span class='ocrx_word' id='word_1_267' title='bbox 1228 3037 1242 3074; x_wconf 92' lang='lat'><strong>:</strong></span> <span class='ocrx_word' id='word_1_268' title='bbox 1276 3031 1332 3075; x_wconf 89' lang='lat' dir='ltr'><strong>et</strong></span> <span class='ocrx_word' id='word_1_269' title='bbox 1360 3037 1388 3074; x_wconf 91' lang='lat' dir='ltr'><strong>a</strong></span> <span class='ocrx_word' id='word_1_270' title='bbox 1415 3022 1620 3087; x_wconf 89' lang='lat' dir='ltr'><strong>multis,</strong></span> <span class='ocrx_word' id='word_1_271' title='bbox 1642 3025 1913 3093; x_wconf 62' lang='lat' dir='ltr'><strong>praecipue</strong></span> <span class='ocrx_word' id='word_1_272' title='bbox 1942 3038 2073 3079; x_wconf 83' lang='lat' dir='ltr'><strong>vero</strong></span> 
     </span>
    </p>
   </div>
   <div class='ocr_carea' id='block_1_41' title="bbox 2779 1395 3167 1448">
    <p class='ocr_par' dir='ltr' id='par_1_41' title="bbox 2779 1395 3167 1448">
     <span class='ocr_line' id='line_1_41' title="bbox 2779 1395 3167 1448; baseline 0.005 -2"><span class='ocrx_word' id='word_1_273' title='bbox 2779 1395 3027 1448; x_wconf 79' lang='grc' dir='ltr'><strong>ΚΕΦΑΛ.</strong></span> <span class='ocrx_word' id='word_1_274' title='bbox 3066 1396 3167 1448; x_wconf 75' lang='grc' dir='ltr'><strong>1Ᾱ’.</strong></span> 
     </span>
    </p>
   </div>
   <div class='ocr_carea' id='block_1_42' title="bbox 2194 1485 3761 1556">
    <p class='ocr_par' dir='ltr' id='par_1_42' title="bbox 2194 1485 3761 1556">
     <span class='ocr_line' id='line_1_42' title="bbox 2194 1485 3761 1556; baseline 0.004 -16"><span class='ocrx_word' id='word_1_275' title='bbox 2194 1485 2289 1553; x_wconf 84' lang='grc' dir='ltr'>Ὠς</span> <span class='ocrx_word' id='word_1_276' title='bbox 2313 1490 2637 1556; x_wconf 76' lang='grc' dir='ltr'>Γρηγοριος</span> <span class='ocrx_word' id='word_1_277' title='bbox 2664 1489 2834 1550; x_wconf 78' lang='grc' dir='ltr'>τινὰς</span> <span class='ocrx_word' id='word_1_278' title='bbox 2864 1488 3335 1553; x_wconf 52' lang='grc' dir='ltr'>τώνΔίκιευπτῐων</span> <span class='ocrx_word' id='word_1_279' title='bbox 3368 1506 3512 1543; x_wconf 55' lang='lat' dir='ltr'><strong>omen</strong></span> <span class='ocrx_word' id='word_1_280' title='bbox 3533 1492 3761 1553; x_wconf 66' lang='lat' dir='ltr'><strong>6a.1r(o~</strong></span> 
     </span>
    </p>
   </div>
   <div class='ocr_carea' id='block_1_43' title="bbox 2249 1556 3752 1628">
    <p class='ocr_par' dir='ltr' id='par_1_43' title="bbox 2249 1556 3752 1628">
     <span class='ocr_line' id='line_1_43' title="bbox 2249 1556 3752 1628; baseline 0.003 -18"><span class='ocrx_word' id='word_1_281' title='bbox 2249 1558 2474 1628; x_wconf 74' lang='grc' dir='ltr'>μένους</span> <span class='ocrx_word' id='word_1_282' title='bbox 2513 1556 2666 1623; x_wconf 79' lang='grc' dir='ltr'><strong>ὀρῶν</strong></span> <span class='ocrx_word' id='word_1_283' title='bbox 2720 1556 2816 1609; x_wconf 79' lang='grc' dir='ltr'>διὰ</span> <span class='ocrx_word' id='word_1_284' title='bbox 2868 1558 2984 1628; x_wconf 48' lang='grc' dir='ltr'>τὴν*</span> <span class='ocrx_word' id='word_1_285' title='bbox 3017 1558 3342 1625; x_wconf 80' lang='grc' dir='ltr'><strong>μετάθεσιν</strong></span> <span class='ocrx_word' id='word_1_286' title='bbox 3367 1558 3576 1622; x_wconf 79' lang='grc' dir='ltr'>δῆθεν.</span> <span class='ocrx_word' id='word_1_287' title='bbox 3610 1580 3752 1628; x_wconf 66' lang='lat' dir='ltr'><strong>10p-</strong></span> 
     </span>
    </p>
   </div>
   <div class='ocr_carea' id='block_1_44' title="bbox 2252 1626 3747 1694">
    <p class='ocr_par' dir='ltr' id='par_1_44' title="bbox 2252 1626 3747 1694">
     <span class='ocr_line' id='line_1_44' title="bbox 2252 1626 3747 1694; baseline 0.004 -15"><span class='ocrx_word' id='word_1_288' title='bbox 2252 1626 2449 1693; x_wconf 79' lang='grc' dir='ltr'>ῃτεῖτο</span> <span class='ocrx_word' id='word_1_289' title='bbox 2478 1628 2586 1678; x_wconf 76' lang='grc' dir='ltr'><strong>τὸν</strong></span> <span class='ocrx_word' id='word_1_290' title='bbox 2635 1628 2871 1692; x_wconf 75' lang='grc' dir='ltr'>θρόνον,</span> <span class='ocrx_word' id='word_1_291' title='bbox 2903 1627 3013 1694; x_wconf 84' lang='grc' dir='ltr'>τῆς</span> <span class='ocrx_word' id='word_1_292' title='bbox 3063 1631 3344 1694; x_wconf 69' lang='grc' dir='ltr'>ὁμονοίας</span> <span class='ocrx_word' id='word_1_293' title='bbox 3394 1629 3515 1681; x_wconf 82' lang='grc' dir='ltr'>τῶν</span> <span class='ocrx_word' id='word_1_294' title='bbox 3539 1626 3747 1692; x_wconf 64' lang='grc' dir='ltr'><strong>ἐκκλή-</strong></span> 
     </span>
    </p>
   </div>
   <div class='ocr_carea' id='block_1_45' title="bbox 2253 1696 3750 1766">
    <p class='ocr_par' dir='ltr' id='par_1_45' title="bbox 2253 1696 3750 1766">
     <span class='ocr_line' id='line_1_45' title="bbox 2253 1696 3750 1766; baseline 0.004 -18"><span class='ocrx_word' id='word_1_295' title='bbox 2253 1696 2405 1766; x_wconf 75' lang='grc' dir='ltr'><strong>σιῶν</strong></span> <span class='ocrx_word' id='word_1_296' title='bbox 2463 1696 2802 1762; x_wconf 65' lang='grc' dir='ltr'>φροντίζων,</span> <span class='ocrx_word' id='word_1_297' title='bbox 2858 1696 2955 1766; x_wconf 71' lang='grc' dir='ltr'>καὶ</span> <span class='ocrx_word' id='word_1_298' title='bbox 3007 1697 3106 1748; x_wconf 74' lang='grc' dir='ltr'><strong>ἐπὶ</strong></span> <span class='ocrx_word' id='word_1_299' title='bbox 3161 1696 3274 1760; x_wconf 83' lang='grc' dir='ltr'><strong>τὴν</strong></span> <span class='ocrx_word' id='word_1_300' title='bbox 3315 1697 3478 1750; x_wconf 65' lang='grc' dir='ltr'>ἰδίαν</span> <span class='ocrx_word' id='word_1_301' title='bbox 3502 1704 3750 1766; x_wconf 70' lang='grc' dir='ltr'>πατρίδα</span> 
     </span>
    </p>
   </div>
   <div class='ocr_carea' id='block_1_46' title="bbox 2255 1765 3751 1839">
    <p class='ocr_par' dir='ltr' id='par_1_46' title="bbox 2255 1765 3751 1839">
     <span class='ocr_line' id='line_1_46' title="bbox 2255 1765 3751 1839; baseline 0.007 -24"><span class='ocrx_word' id='word_1_302' title='bbox 2255 1765 2511 1839; x_wconf 76' lang='grc' dir='ltr'>διέϐαινε</span> <span class='ocrx_word' id='word_1_303' title='bbox 2535 1782 2547 1794; x_wconf 87' lang='grc'><strong>·</strong></span> <span class='ocrx_word' id='word_1_304' title='bbox 2583 1767 2679 1818; x_wconf 78' lang='grc' dir='ltr'><strong>καί</strong></span> <span class='ocrx_word' id='word_1_305' title='bbox 2737 1765 2870 1832; x_wconf 75' lang='grc' dir='ltr'>περὶ</span> <span class='ocrx_word' id='word_1_306' title='bbox 2909 1766 3184 1831; x_wconf 78' lang='grc' dir='ltr'><strong>Μαξίμου</strong></span> <span class='ocrx_word' id='word_1_307' title='bbox 3234 1766 3341 1818; x_wconf 88' lang='grc' dir='ltr'>τοῦ</span> <span class='ocrx_word' id='word_1_308' title='bbox 3377 1765 3645 1823; x_wconf 71' lang='grc' dir='ltr'>Κυνικοῦ</span> <span class='ocrx_word' id='word_1_309' title='bbox 3671 1790 3751 1839; x_wconf 62' lang='grc' dir='ltr'><strong>φι-</strong></span> 
     </span>
    </p>
   </div>
   <div class='ocr_carea' id='block_1_47' title="bbox 2250 1838 2549 1902">
    <p class='ocr_par' dir='ltr' id='par_1_47' title="bbox 2250 1838 2549 1902">
     <span class='ocr_line' id='line_1_47' title="bbox 2250 1838 2549 1902; baseline 0 -15"><span class='ocrx_word' id='word_1_310' title='bbox 2250 1838 2549 1902; x_wconf 66' lang='grc' dir='ltr'>λοσόφου.</span> 
     </span>
    </p>
   </div>
   <div class='ocr_carea' id='block_1_48' title="bbox 2253 1923 3746 1996">
    <p class='ocr_par' dir='ltr' id='par_1_48' title="bbox 2253 1923 3746 1996">
     <span class='ocr_line' id='line_1_48' title="bbox 2253 1923 3746 1996; baseline 0.007 -23"><span class='ocrx_word' id='word_1_311' title='bbox 2253 1923 2553 1994; x_wconf 80' lang='grc' dir='ltr'>Γρηγόριος</span> <span class='ocrx_word' id='word_1_312' title='bbox 2594 1925 2650 1977; x_wconf 80' lang='grc' dir='ltr'>δὲ</span> <span class='ocrx_word' id='word_1_313' title='bbox 2680 1924 2746 1978; x_wconf 78' lang='grc' dir='ltr'><strong>τὰ</strong></span> <span class='ocrx_word' id='word_1_314' title='bbox 2784 1924 2883 1993; x_wconf 83' lang='grc' dir='ltr'>μὲν</span> <span class='ocrx_word' id='word_1_315' title='bbox 2934 1924 3129 1992; x_wconf 86' lang='grc' dir='ltr'>πρῶτα</span> <span class='ocrx_word' id='word_1_316' title='bbox 3179 1932 3511 1996; x_wconf 70' lang='grc' dir='ltr'><strong>προστατεῖν</strong></span> <span class='ocrx_word' id='word_1_317' title='bbox 3551 1932 3746 1993; x_wconf 81' lang='grc' dir='ltr'>εἵλετο,</span> 
     </span>
    </p>
   </div>
   <div class='ocr_carea' id='block_1_49' title="bbox 2182 2017 3747 2093">
    <p class='ocr_par' dir='ltr' id='par_1_49' title="bbox 2182 2017 3747 2093">
     <span class='ocr_line' id='line_1_49' title="bbox 2182 2017 3747 2093; baseline 0.004 -26"><span class='ocrx_word' id='word_1_318' title='bbox 2182 2017 2275 2068; x_wconf 61' lang='grc' dir='ltr'><strong>καὶ⁵</strong></span> <span class='ocrx_word' id='word_1_319' title='bbox 2303 2019 2394 2068; x_wconf 73' lang='grc' dir='ltr'>ἐπὶ</span> <span class='ocrx_word' id='word_1_320' title='bbox 2420 2018 2512 2069; x_wconf 77' lang='grc' dir='ltr'><strong>τὸν</strong></span> <span class='ocrx_word' id='word_1_321' title='bbox 2544 2017 2733 2087; x_wconf 82' lang='grc' dir='ltr'>θρόνον</span> <span class='ocrx_word' id='word_1_322' title='bbox 2767 2018 3021 2072; x_wconf 83' lang='grc' dir='ltr'>ἀνέϐαινε</span> <span class='ocrx_word' id='word_1_323' title='bbox 3057 2021 3197 2087; x_wconf 84' lang='grc' dir='ltr'>(πῶς</span> <span class='ocrx_word' id='word_1_324' title='bbox 3229 2022 3339 2091; x_wconf 81' lang='grc' dir='ltr'>γὰρ</span> <span class='ocrx_word' id='word_1_325' title='bbox 3374 2023 3462 2074; x_wconf 83' lang='grc' dir='ltr'>καὶ</span> <span class='ocrx_word' id='word_1_326' title='bbox 3495 2025 3747 2093; x_wconf 83' lang='grc' dir='ltr'>παριδεῖν</span> 
     </span>
    </p>
   </div>
   <div class='ocr_carea' id='block_1_50' title="bbox 2180 2104 3777 2186">
    <p class='ocr_par' dir='ltr' id='par_1_50' title="bbox 2180 2104 3777 2186">
     <span class='ocr_line' id='line_1_50' title="bbox 2180 2104 3777 2186; baseline 0.006 -27"><span class='ocrx_word' id='word_1_327' title='bbox 2180 2104 2325 2178; x_wconf 85' lang='grc' dir='ltr'>εἶχεν</span> <span class='ocrx_word' id='word_1_328' title='bbox 2360 2108 2467 2161; x_wconf 74' lang='grc' dir='ltr'><strong>ὑπὸ</strong></span> <span class='ocrx_word' id='word_1_329' title='bbox 2494 2111 2764 2164; x_wconf 84' lang='grc' dir='ltr'>τοσούτων</span> <span class='ocrx_word' id='word_1_330' title='bbox 2790 2111 3273 2180; x_wconf 69' lang='grc' dir='ltr'>παρακαλούμενος</span> <span class='ocrx_word' id='word_1_331' title='bbox 3292 2112 3347 2180; x_wconf 88' lang='grc'><strong>);</strong></span> <span class='ocrx_word' id='word_1_332' title='bbox 3379 2115 3475 2167; x_wconf 68' lang='grc' dir='ltr'><strong>καὶ</strong></span> <span class='ocrx_word' id='word_1_333' title='bbox 3515 2116 3777 2186; x_wconf 76' lang='grc' dir='ltr'>ποίμνην-</span> 
     </span>
    </p>
   </div>
   <div class='ocr_carea' id='block_1_51' title="bbox 2179 2200 3745 2275">
    <p class='ocr_par' dir='ltr' id='par_1_51' title="bbox 2179 2200 3745 2275">
     <span class='ocr_line' id='line_1_51' title="bbox 2179 2200 3745 2275; baseline 0.006 -25"><span class='ocrx_word' id='word_1_334' title='bbox 2179 2200 2248 2270; x_wconf 77' lang='grc' dir='ltr'>ῆν</span> <span class='ocrx_word' id='word_1_335' title='bbox 2280 2202 2344 2251; x_wconf 87' lang='grc' dir='ltr'>ὲκ</span> <span class='ocrx_word' id='word_1_336' title='bbox 2374 2202 2618 2270; x_wconf 79' lang='grc' dir='ltr'>σμικρᾶς</span> <span class='ocrx_word' id='word_1_337' title='bbox 2665 2201 2911 2270; x_wconf 75' lang='grc' dir='ltr'>μεγάλην</span> <span class='ocrx_word' id='word_1_338' title='bbox 2939 2202 3138 2264; x_wconf 72' lang='grc' dir='ltr'>ἐποίει,</span> <span class='ocrx_word' id='word_1_339' title='bbox 3168 2205 3262 2256; x_wconf 74' lang='grc' dir='ltr'><strong>καὶ</strong></span> <span class='ocrx_word' id='word_1_340' title='bbox 3295 2208 3419 2267; x_wconf 87' lang='grc' dir='ltr'>ταῖς</span> <span class='ocrx_word' id='word_1_341' title='bbox 3461 2207 3745 2275; x_wconf 75' lang='grc' dir='ltr'>εὐαγγελι-</span> 
     </span>
    </p>
   </div>
   <div class='ocr_carea' id='block_1_52' title="bbox 2181 2291 3745 2365">
    <p class='ocr_par' dir='ltr' id='par_1_52' title="bbox 2181 2291 3745 2365">
     <span class='ocr_line' id='line_1_52' title="bbox 2181 2291 3745 2365; baseline 0.004 -24"><span class='ocrx_word' id='word_1_342' title='bbox 2181 2294 2302 2353; x_wconf 82' lang='grc' dir='ltr'>καῖς</span> <span class='ocrx_word' id='word_1_343' title='bbox 2331 2291 2578 2359; x_wconf 78' lang='grc' dir='ltr'><strong>ἀρδείαις</strong></span> <span class='ocrx_word' id='word_1_344' title='bbox 2607 2292 2895 2361; x_wconf 72' lang='grc' dir='ltr'>ἐξέθρεψε,</span> <span class='ocrx_word' id='word_1_345' title='bbox 2921 2294 3017 2345; x_wconf 82' lang='grc' dir='ltr'>καὶ</span> <span class='ocrx_word' id='word_1_346' title='bbox 3050 2295 3175 2355; x_wconf 68' lang='grc' dir='ltr'>τοὺς</span> <span class='ocrx_word' id='word_1_347' title='bbox 3214 2293 3318 2357; x_wconf 76' lang='grc' dir='ltr'><strong>ἔξω</strong></span> <span class='ocrx_word' id='word_1_348' title='bbox 3365 2297 3745 2365; x_wconf 75' lang='grc' dir='ltr'><strong>πλανωμένους</strong></span> 
     </span>
    </p>
   </div>
   <div class='ocr_carea' id='block_1_53' title="bbox 2179 2384 3748 2455">
    <p class='ocr_par' dir='ltr' id='par_1_53' title="bbox 2179 2384 3748 2455">
     <span class='ocr_line' id='line_1_53' title="bbox 2179 2384 3748 2455; baseline 0.005 -22"><span class='ocrx_word' id='word_1_349' title='bbox 2179 2385 2243 2451; x_wconf 76' lang='grc' dir='ltr'>τῇ</span> <span class='ocrx_word' id='word_1_350' title='bbox 2279 2384 2494 2455; x_wconf 82' lang='grc' dir='ltr'><strong>σαγήνῃ</strong></span> <span class='ocrx_word' id='word_1_351' title='bbox 2524 2384 2633 2435; x_wconf 85' lang='grc' dir='ltr'>τῶν</span> <span class='ocrx_word' id='word_1_352' title='bbox 2673 2384 2849 2452; x_wconf 88' lang='grc' dir='ltr'>λόγων</span> <span class='ocrx_word' id='word_1_353' title='bbox 2882 2385 3223 2454; x_wconf 73' lang='grc' dir='ltr'>ἐζώγρησεν·</span> <span class='ocrx_word' id='word_1_354' title='bbox 3257 2388 3381 2439; x_wconf 75' lang='grc' dir='ltr'>ἐπεὶ</span> <span class='ocrx_word' id='word_1_355' title='bbox 3412 2388 3469 2439; x_wconf 81' lang='grc' dir='ltr'>δὲ</span> <span class='ocrx_word' id='word_1_356' title='bbox 3498 2391 3618 2453; x_wconf 82' lang='grc' dir='ltr'>μετ’</span> <span class='ocrx_word' id='word_1_357' title='bbox 3640 2390 3748 2441; x_wconf 69' lang='grc' dir='ltr'>ἐλί-</span> 
     </span>
    </p>
   </div>
   <div class='ocr_carea' id='block_1_54' title="bbox 2179 2471 3750 2546">
    <p class='ocr_par' dir='ltr' id='par_1_54' title="bbox 2179 2471 3750 2546">
     <span class='ocr_line' id='line_1_54' title="bbox 2179 2471 3750 2546; baseline 0.008 -24"><span class='ocrx_word' id='word_1_358' title='bbox 2179 2487 2274 2537; x_wconf 91' lang='grc' dir='ltr'><strong>γον</strong></span> <span class='ocrx_word' id='word_1_359' title='bbox 2324 2471 2520 2541; x_wconf 74' lang='grc' dir='ltr'>ᾔσθετό</span> <span class='ocrx_word' id='word_1_360' title='bbox 2569 2490 2723 2535; x_wconf 89' lang='grc' dir='ltr'>τινας</span> <span class='ocrx_word' id='word_1_361' title='bbox 2761 2475 3166 2541; x_wconf 82' lang='grc' dir='ltr'>ἀντιλέγοντας,</span> <span class='ocrx_word' id='word_1_362' title='bbox 3211 2478 3303 2528; x_wconf 76' lang='grc' dir='ltr'>καὶ</span> <span class='ocrx_word' id='word_1_363' title='bbox 3343 2480 3584 2546; x_wconf 72' lang='grc' dir='ltr'>μάλιστα</span> <span class='ocrx_word' id='word_1_364' title='bbox 3633 2486 3750 2543; x_wconf 59' lang='grc' dir='ltr'>τοὺς</span> 
     </span>
    </p>
   </div>
   <div class='ocr_carea' id='block_1_55' title="bbox 2176 2561 3750 2643">
    <p class='ocr_par' dir='ltr' id='par_1_55' title="bbox 2176 2561 3750 2643">
     <span class='ocr_line' id='line_1_55' title="bbox 2176 2561 3750 2643; baseline 0.006 -28"><span class='ocrx_word' id='word_1_365' title='bbox 2176 2561 2413 2631; x_wconf 77' lang='grc' dir='ltr'>ἥκοντας</span> <span class='ocrx_word' id='word_1_366' title='bbox 2439 2565 2497 2629; x_wconf 77' lang='grc' dir='ltr'><strong>ἐξ</strong></span> <span class='ocrx_word' id='word_1_367' title='bbox 2527 2565 2827 2632; x_wconf 73' lang='grc' dir='ltr'><strong>Αἰγύπτου,</strong></span> <span class='ocrx_word' id='word_1_368' title='bbox 2851 2569 2942 2619; x_wconf 73' lang='grc' dir='ltr'>τ’,ν</span> <span class='ocrx_word' id='word_1_369' title='bbox 2962 2571 3357 2637; x_wconf 73' lang='grc' dir='ltr'>συντακτήριον</span> <span class='ocrx_word' id='word_1_370' title='bbox 3376 2571 3564 2633; x_wconf 74' lang='grc' dir='ltr'>αὐτοῖς</span> <span class='ocrx_word' id='word_1_371' title='bbox 3589 2590 3750 2643; x_wconf 87' lang='grc' dir='ltr'>προσ-</span> 
     </span>
    </p>
   </div>
   <div class='ocr_carea' id='block_1_56' title="bbox 2177 2651 3752 2731">
    <p class='ocr_par' dir='ltr' id='par_1_56' title="bbox 2177 2651 3752 2731">
     <span class='ocr_line' id='line_1_56' title="bbox 2177 2651 3752 2731; baseline 0.007 -29"><span class='ocrx_word' id='word_1_372' title='bbox 2177 2651 2456 2720; x_wconf 81' lang='grc' dir='ltr'><strong>φωνήσας,</strong></span> <span class='ocrx_word' id='word_1_373' title='bbox 2509 2652 2664 2715; x_wconf 84' lang='grc' dir='ltr'>αὖθις</span> <span class='ocrx_word' id='word_1_374' title='bbox 2696 2653 2793 2723; x_wconf 79' lang='grc' dir='ltr'><strong>τὴν</strong></span> <span class='ocrx_word' id='word_1_375' title='bbox 2847 2656 3154 2727; x_wconf 71' lang='grc' dir='ltr'>ἐπισκοπὴν</span> <span class='ocrx_word' id='word_1_376' title='bbox 3184 2661 3499 2729; x_wconf 68' lang='grc' dir='ltr'>παρῃτεῖτο.</span> <span class='ocrx_word' id='word_1_377' title='bbox 3531 2662 3618 2723; x_wconf 83' lang='grc' dir='ltr'>Ὠς</span> <span class='ocrx_word' id='word_1_378' title='bbox 3648 2665 3752 2731; x_wconf 76' lang='grc' dir='ltr'>γὰρ</span> 
     </span>
    </p>
   </div>
   <div class='ocr_carea' id='block_1_57' title="bbox 2180 2734 3755 2821">
    <p class='ocr_par' dir='ltr' id='par_1_57' title="bbox 2180 2734 3755 2821">
     <span class='ocr_line' id='line_1_57' title="bbox 2180 2734 3755 2821; baseline 0.01 -29"><span class='ocrx_word' id='word_1_379' title='bbox 2180 2740 2320 2808; x_wconf 84' lang='grc' dir='ltr'>μετὰ</span> <span class='ocrx_word' id='word_1_380' title='bbox 2345 2734 2445 2811; x_wconf 62' lang='grc' dir='ltr'><strong>’ἰὴν</strong></span> <span class='ocrx_word' id='word_1_381' title='bbox 2473 2743 2694 2796; x_wconf 85' lang='grc' dir='ltr'>σύνοδον</span> <span class='ocrx_word' id='word_1_382' title='bbox 2721 2745 2815 2797; x_wconf 76' lang='grc' dir='ltr'><strong>καὶ</strong></span> <span class='ocrx_word' id='word_1_383' title='bbox 2840 2747 2941 2814; x_wconf 76' lang='grc' dir='ltr'>τὴν</span> <span class='ocrx_word' id='word_1_384' title='bbox 2968 2748 3068 2815; x_wconf 77' lang='grc' dir='ltr'>τῆς</span> <span class='ocrx_word' id='word_1_385' title='bbox 3096 2753 3437 2817; x_wconf 79' lang='grc' dir='ltr'>χειροτονίας</span> <span class='ocrx_word' id='word_1_386' title='bbox 3466 2754 3755 2821; x_wconf 73' lang='grc' dir='ltr'>μετάθεσιν</span> 
     </span>
    </p>
   </div>
   <div class='ocr_carea' id='block_1_58' title="bbox 2178 2830 3752 2909">
    <p class='ocr_par' dir='ltr' id='par_1_58' title="bbox 2178 2830 3752 2909">
     <span class='ocr_line' id='line_1_58' title="bbox 2178 2830 3752 2909; baseline 0.01 -28"><span class='ocrx_word' id='word_1_387' title='bbox 2178 2830 2340 2893; x_wconf 78' lang='grc' dir='ltr'>εὐθὺς</span> <span class='ocrx_word' id='word_1_388' title='bbox 2367 2833 2395 2883; x_wconf 83' lang='lat'><strong>6</strong></span> <span class='ocrx_word' id='word_1_389' title='bbox 2433 2832 2576 2895; x_wconf 77' lang='grc' dir='ltr'>θεῖος</span> <span class='ocrx_word' id='word_1_390' title='bbox 2612 2834 2876 2897; x_wconf 83' lang='grc' dir='ltr'>Μελέτιος</span> <span class='ocrx_word' id='word_1_391' title='bbox 2918 2836 3054 2905; x_wconf 75' lang='grc' dir='ltr'>πρὸς</span> <span class='ocrx_word' id='word_1_392' title='bbox 3087 2837 3187 2907; x_wconf 77' lang='grc' dir='ltr'>τὴν</span> <span class='ocrx_word' id='word_1_393' title='bbox 3221 2839 3427 2893; x_wconf 81' lang='grc' dir='ltr'>ἄλυπον</span> <span class='ocrx_word' id='word_1_394' title='bbox 3460 2845 3752 2909; x_wconf 67' lang='grc' dir='ltr'>μετεϐαινε</span> 
     </span>
    </p>
   </div>
   <div class='ocr_carea' id='block_1_59' title="bbox 2179 2921 3755 3003">
    <p class='ocr_par' dir='ltr' id='par_1_59' title="bbox 2179 2921 3755 3003">
     <span class='ocr_line' id='line_1_59' title="bbox 2179 2921 3755 3003; baseline 0.01 -30"><span class='ocrx_word' id='word_1_395' title='bbox 2179 2921 2384 2991; x_wconf 77' lang='grc' dir='ltr'>βιοτὴν,</span> <span class='ocrx_word' id='word_1_396' title='bbox 2420 2923 2598 2990; x_wconf 80' lang='grc' dir='ltr'>λόγοις</span> <span class='ocrx_word' id='word_1_397' title='bbox 2633 2926 2945 2993; x_wconf 74' lang='grc' dir='ltr'>ἐπιταφίοις</span> <span class='ocrx_word' id='word_1_398' title='bbox 2976 2930 3131 2998; x_wconf 78' lang='grc' dir='ltr'>παρὰ</span> <span class='ocrx_word' id='word_1_399' title='bbox 3159 2932 3373 2983; x_wconf 84' lang='grc' dir='ltr'>πολλῶν</span> <span class='ocrx_word' id='word_1_400' title='bbox 3404 2935 3497 2986; x_wconf 83' lang='grc' dir='ltr'>καὶ</span> <span class='ocrx_word' id='word_1_401' title='bbox 3524 2936 3755 3003; x_wconf 75' lang='grc' dir='ltr'>μάλιστα</span> 
     </span>
    </p>
   </div>
   <div class='ocr_carea' id='block_1_60' title="bbox 2179 3013 3753 3098">
    <p class='ocr_par' dir='ltr' id='par_1_60' title="bbox 2179 3013 3753 3098">
     <span class='ocr_line' id='line_1_60' title="bbox 2179 3013 3753 3098; baseline 0.01 -34"><span class='ocrx_word' id='word_1_402' title='bbox 2179 3014 2333 3081; x_wconf 84' lang='grc' dir='ltr'><strong>παρὰ</strong></span> <span class='ocrx_word' id='word_1_403' title='bbox 2363 3013 2669 3085; x_wconf 77' lang='grc' dir='ltr'>Γρηγορίὸυ</span> <span class='ocrx_word' id='word_1_404' title='bbox 2718 3016 2811 3069; x_wconf 81' lang='grc' dir='ltr'>τοῦ</span> <span class='ocrx_word' id='word_1_405' title='bbox 2852 3018 3154 3073; x_wconf 71' lang='grc' dir='ltr'>Νυσααέων</span> <span class='ocrx_word' id='word_1_406' title='bbox 3192 3026 3482 3094; x_wconf 78' lang='grc' dir='ltr'>φωστῆρος</span> <span class='ocrx_word' id='word_1_407' title='bbox 3514 3030 3753 3098; x_wconf 80' lang='grc' dir='ltr'>ἀνευφη-</span> 
     </span>
    </p>
   </div>
   <div class='ocr_carea' id='block_1_61' title="bbox 508 3103 2075 3189">
    <p class='ocr_par' dir='ltr' id='par_1_61' title="bbox 508 3112 2074 3182">
     <span class='ocr_line' id='line_1_61' title="bbox 508 3112 2074 3182; baseline 0.002 -15"><span class='ocrx_word' id='word_1_408' title='bbox 508 3112 849 3182; x_wconf 80' lang='lat' dir='ltr'><strong>aGregurio,</strong></span> <span class='ocrx_word' id='word_1_409' title='bbox 913 3112 1168 3181; x_wconf 76' lang='lat' dir='ltr'><strong>Nyssenze</strong></span> <span class='ocrx_word' id='word_1_410' title='bbox 1221 3113 1481 3166; x_wconf 72' lang='lat' dir='ltr'><strong>Ecclesia:</strong></span> <span class='ocrx_word' id='word_1_411' title='bbox 1545 3113 1687 3177; x_wconf 92' lang='lat' dir='ltr'><strong>luce,</strong></span> <span class='ocrx_word' id='word_1_412' title='bbox 1747 3115 2074 3170; x_wconf 78' lang='lat' dir='ltr'><strong>funebribus</strong></span> 
     </span>
    </p>
   </div>
   <div class='ocr_carea' id='block_1_62' title="bbox 2188 3103 3752 3189">
    <p class='ocr_par' dir='ltr' id='par_1_62' title="bbox 2188 3103 3752 3186">
     <span class='ocr_line' id='line_1_62' title="bbox 2188 3103 3752 3186; baseline 0.011 -32"><span class='ocrx_word' id='word_1_413' title='bbox 2188 3103 2473 3173; x_wconf 85' lang='grc' dir='ltr'>μούμενος,</span> <span class='ocrx_word' id='word_1_414' title='bbox 2504 3108 2552 3158; x_wconf 82' lang='grc' dir='ltr'>οἱ</span> <span class='ocrx_word' id='word_1_415' title='bbox 2589 3105 2647 3169; x_wconf 74' lang='grc' dir='ltr'><strong>ἐξ</strong></span> <span class='ocrx_word' id='word_1_416' title='bbox 2678 3107 2961 3175; x_wconf 80' lang='grc' dir='ltr'>Αἰγύπτου</span> <span class='ocrx_word' id='word_1_417' title='bbox 2998 3112 3383 3177; x_wconf 75' lang='grc' dir='ltr'>στασιάζοντες</span> <span class='ocrx_word' id='word_1_418' title='bbox 3416 3111 3575 3186; x_wconf 79' lang='grc' dir='ltr'>ἦσαν·</span> <span class='ocrx_word' id='word_1_419' title='bbox 3618 3119 3752 3171; x_wconf 62' lang='grc' dir='ltr'>ἄλλα</span> 
     </span>
    </p>
   </div>
   <div class='ocr_carea' id='block_1_63' title="bbox 506 3203 2074 3275">
    <p class='ocr_par' dir='ltr' id='par_1_63' title="bbox 506 3203 2074 3275">
     <span class='ocr_line' id='line_1_63' title="bbox 506 3203 2074 3275; baseline 0.002 -18"><span class='ocrx_word' id='word_1_420' title='bbox 506 3203 852 3257; x_wconf 84' lang='lat' dir='ltr'><strong>Orationibus</strong></span> <span class='ocrx_word' id='word_1_421' title='bbox 876 3212 961 3256; x_wconf 82' lang='lat' dir='ltr'><strong>est</strong></span> <span class='ocrx_word' id='word_1_422' title='bbox 989 3203 1430 3257; x_wconf 86' lang='lat' dir='ltr'><strong>concelebratus.</strong></span> <span class='ocrx_word' id='word_1_423' title='bbox 1464 3203 1533 3257; x_wconf 89' lang='lat' dir='ltr'><strong>Et</strong></span> <span class='ocrx_word' id='word_1_424' title='bbox 1557 3212 1682 3257; x_wconf 89' lang='lat' dir='ltr'><strong>ante</strong></span> <span class='ocrx_word' id='word_1_425' title='bbox 1701 3204 1914 3259; x_wconf 89' lang='lat' dir='ltr'><strong>obitum</strong></span> <span class='ocrx_word' id='word_1_426' title='bbox 1938 3221 2074 3275; x_wconf 86' lang='lat' dir='ltr'><strong>quo-</strong></span> 
     </span>
    </p>
   </div>
   <div class='ocr_carea' id='block_1_64' title="bbox 506 3294 2069 3366">
    <p class='ocr_par' dir='ltr' id='par_1_64' title="bbox 506 3294 2069 3366">
     <span class='ocr_line' id='line_1_64' title="bbox 506 3294 2069 3366; baseline 0.002 -18"><span class='ocrx_word' id='word_1_427' title='bbox 506 3312 615 3366; x_wconf 91' lang='lat' dir='ltr'><strong>que</strong></span> <span class='ocrx_word' id='word_1_428' title='bbox 675 3296 795 3364; x_wconf 81' lang='lat' dir='ltr'><strong>ejus</strong></span> <span class='ocrx_word' id='word_1_429' title='bbox 840 3297 1083 3365; x_wconf 85' lang='lat' dir='ltr'><strong>episcopi</strong></span> <span class='ocrx_word' id='word_1_430' title='bbox 1154 3294 1395 3365; x_wconf 62' lang='lat' dir='ltr'><strong>Egyptii</strong></span> <span class='ocrx_word' id='word_1_431' title='bbox 1448 3296 1815 3350; x_wconf 86' lang='lat' dir='ltr'><strong>secessionem</strong></span> <span class='ocrx_word' id='word_1_432' title='bbox 1868 3296 2069 3360; x_wconf 82' lang='lat' dir='ltr'><strong>fecere,</strong></span> 
     </span>
    </p>
   </div>
   <div class='ocr_carea' id='block_1_65' title="bbox 508 3386 2071 3457">
    <p class='ocr_par' dir='ltr' id='par_1_65' title="bbox 508 3386 2071 3457">
     <span class='ocr_line' id='line_1_65' title="bbox 508 3386 2071 3457; baseline 0 -15"><span class='ocrx_word' id='word_1_433' title='bbox 508 3389 652 3443; x_wconf 87' lang='lat' dir='ltr'><strong>inter</strong></span> <span class='ocrx_word' id='word_1_434' title='bbox 684 3389 788 3442; x_wconf 86' lang='lat' dir='ltr'><strong>alia</strong></span> <span class='ocrx_word' id='word_1_435' title='bbox 846 3388 980 3441; x_wconf 92' lang='lat' dir='ltr'><strong>illud</strong></span> <span class='ocrx_word' id='word_1_436' title='bbox 1024 3396 1331 3454; x_wconf 83' lang='lat' dir='ltr'><strong>carpentes,</strong></span> <span class='ocrx_word' id='word_1_437' title='bbox 1374 3388 1519 3457; x_wconf 90' lang='lat' dir='ltr'><strong>quod</strong></span> <span class='ocrx_word' id='word_1_438' title='bbox 1574 3386 1895 3456; x_wconf 81' lang='lat' dir='ltr'><strong>Gregorius,</strong></span> <span class='ocrx_word' id='word_1_439' title='bbox 1946 3404 2071 3444; x_wconf 87' lang='lat' dir='ltr'><strong>cum</strong></span> 
     </span>
    </p>
   </div>
   <div class='ocr_carea' id='block_1_66' title="bbox 508 3476 2074 3549">
    <p class='ocr_par' dir='ltr' id='par_1_66' title="bbox 508 3476 2074 3549">
     <span class='ocr_line' id='line_1_66' title="bbox 508 3476 2074 3549; baseline 0.001 -17"><span class='ocrx_word' id='word_1_440' title='bbox 508 3490 793 3549; x_wconf 78' lang='lat' dir='ltr'><strong>paternum</strong></span> <span class='ocrx_word' id='word_1_441' title='bbox 838 3489 997 3534; x_wconf 82' lang='lat' dir='ltr'><strong>antea</strong></span> <span class='ocrx_word' id='word_1_442' title='bbox 1042 3479 1421 3547; x_wconf 87' lang='lat' dir='ltr'><strong>episcopatum</strong></span> <span class='ocrx_word' id='word_1_443' title='bbox 1469 3487 1526 3532; x_wconf 89' lang='lat' dir='ltr'><strong>et</strong></span> <span class='ocrx_word' id='word_1_444' title='bbox 1567 3476 1958 3532; x_wconf 79' lang='lat' dir='ltr'><strong>Nazianzenam</strong></span> <span class='ocrx_word' id='word_1_445' title='bbox 1988 3493 2074 3533; x_wconf 89' lang='lat' dir='ltr'><strong>ec-</strong></span> 
     </span>
    </p>
   </div>
   <div class='ocr_carea' id='block_1_67' title="bbox 504 3568 2071 3638">
    <p class='ocr_par' dir='ltr' id='par_1_67' title="bbox 504 3568 2071 3638">
     <span class='ocr_line' id='line_1_67' title="bbox 504 3568 2071 3638; baseline -0.002 -12"><span class='ocrx_word' id='word_1_446' title='bbox 504 3572 727 3626; x_wconf 87' lang='lat' dir='ltr'><strong>clesiam</strong></span> <span class='ocrx_word' id='word_1_447' title='bbox 773 3570 1193 3631; x_wconf 89' lang='lat' dir='ltr'><strong>administrarit,</strong></span> <span class='ocrx_word' id='word_1_448' title='bbox 1280 3570 1346 3624; x_wconf 89' lang='lat' dir='ltr'><strong>ad</strong></span> <span class='ocrx_word' id='word_1_449' title='bbox 1415 3568 2071 3638; x_wconf 85' lang='lat' dir='ltr'><strong>Constantinopolitanam</strong></span> 
     </span>
    </p>
   </div>
   <div class='ocr_carea' id='block_1_68' title="bbox 507 3661 2070 3732">
    <p class='ocr_par' dir='ltr' id='par_1_68' title="bbox 507 3661 2070 3732">
     <span class='ocr_line' id='line_1_68' title="bbox 507 3661 2070 3732; baseline -0.002 -14"><span class='ocrx_word' id='word_1_450' title='bbox 507 3674 622 3718; x_wconf 87' lang='lat' dir='ltr'><strong>tum</strong></span> <span class='ocrx_word' id='word_1_451' title='bbox 658 3664 838 3717; x_wconf 85' lang='lat' dir='ltr'><strong>sedem</strong></span> <span class='ocrx_word' id='word_1_452' title='bbox 873 3662 1031 3732; x_wconf 88' lang='lat' dir='ltr'><strong>quasi</strong></span> <span class='ocrx_word' id='word_1_453' title='bbox 1071 3662 1232 3717; x_wconf 83' lang='lat' dir='ltr'><strong>tertio</strong></span> <span class='ocrx_word' id='word_1_454' title='bbox 1263 3662 1386 3716; x_wconf 93' lang='lat' dir='ltr'><strong>loco</strong></span> <span class='ocrx_word' id='word_1_455' title='bbox 1427 3672 1651 3717; x_wconf 88' lang='lat' dir='ltr'><strong>evectus</strong></span> <span class='ocrx_word' id='word_1_456' title='bbox 1677 3672 1838 3716; x_wconf 87' lang='lat' dir='ltr'><strong>esset.</strong></span> <span class='ocrx_word' id='word_1_457' title='bbox 1877 3661 2070 3730; x_wconf 74' lang='lat' dir='ltr'><strong>Etiam</strong></span> 
     </span>
    </p>
   </div>
   <div class='ocr_carea' id='block_1_69' title="bbox 504 3751 2071 3822">
    <p class='ocr_par' dir='ltr' id='par_1_69' title="bbox 504 3751 2071 3822">
     <span class='ocr_line' id='line_1_69' title="bbox 504 3751 2071 3822; baseline -0.001 -15"><span class='ocrx_word' id='word_1_458' title='bbox 504 3755 825 3809; x_wconf 83' lang='lat' dir='ltr'><strong>Timotheus</strong></span> <span class='ocrx_word' id='word_1_459' title='bbox 861 3753 1263 3808; x_wconf 80' lang='lat' dir='ltr'><strong>Alexandrinus</strong></span> <span class='ocrx_word' id='word_1_460' title='bbox 1308 3753 1604 3807; x_wconf 78' lang='lat' dir='ltr'><strong>Maximum</strong></span> <span class='ocrx_word' id='word_1_461' title='bbox 1636 3752 1929 3822; x_wconf 85' lang='lat' dir='ltr'><strong>quemdam</strong></span> <span class='ocrx_word' id='word_1_462' title='bbox 1966 3751 2071 3820; x_wconf 85' lang='lat' dir='ltr'><strong>Cy-</strong></span> 
     </span>
    </p>
   </div>
   <div class='ocr_carea' id='block_1_70' title="bbox 504 3828 2069 3915">
    <p class='ocr_par' dir='ltr' id='par_1_70' title="bbox 504 3828 2069 3915">
     <span class='ocr_line' id='line_1_70' title="bbox 504 3828 2069 3915; baseline -0.003 -14"><span class='ocrx_word' id='word_1_463' title='bbox 504 3848 689 3901; x_wconf 91' lang='lat' dir='ltr'><strong>nicum</strong></span> <span class='ocrx_word' id='word_1_464' title='bbox 729 3828 1137 3915; x_wconf 82' lang='lat' dir='ltr'><strong>philosophum,</strong></span> <span class='ocrx_word' id='word_1_465' title='bbox 1171 3845 1423 3914; x_wconf 80' lang='lat' dir='ltr'><strong>Gregorii</strong></span> <span class='ocrx_word' id='word_1_466' title='bbox 1449 3844 1675 3914; x_wconf 86' lang='lat' dir='ltr'><strong>quidem</strong></span> <span class='ocrx_word' id='word_1_467' title='bbox 1710 3844 2069 3914; x_wconf 90' lang='lat' dir='ltr'><strong>discipulum,</strong></span> 
     </span>
    </p>
   </div>
   <div class='ocr_carea' id='block_1_71' title="bbox 508 3931 2074 4004">
    <p class='ocr_par' dir='ltr' id='par_1_71' title="bbox 508 3931 2074 4004">
     <span class='ocr_line' id='line_1_71' title="bbox 508 3931 2074 4004; baseline -0.004 -14"><span class='ocrx_word' id='word_1_468' title='bbox 508 3935 836 4004; x_wconf 82' lang='lat' dir='ltr'><strong>Apollinaris</strong></span> <span class='ocrx_word' id='word_1_469' title='bbox 868 3946 1051 3988; x_wconf 89' lang='lat' dir='ltr'><strong>autem</strong></span> <span class='ocrx_word' id='word_1_470' title='bbox 1084 3933 1207 3987; x_wconf 88' lang='lat' dir='ltr'><strong>labe</strong></span> <span class='ocrx_word' id='word_1_471' title='bbox 1241 3933 1477 3986; x_wconf 77' lang='lat' dir='ltr'><strong>maxime</strong></span> <span class='ocrx_word' id='word_1_472' title='bbox 1524 3932 1813 3996; x_wconf 81' lang='lat' dir='ltr'><strong>infectum,</strong></span> <span class='ocrx_word' id='word_1_473' title='bbox 1860 3931 1916 3985; x_wconf 92' lang='lat' dir='ltr'><strong>in</strong></span> <span class='ocrx_word' id='word_1_474' title='bbox 1972 3932 2074 3984; x_wconf 82' lang='lat' dir='ltr'><strong>ab-</strong></span> 
     </span>
    </p>
   </div>
   <div class='ocr_carea' id='block_1_72' title="bbox 503 4022 2075 4097">
    <p class='ocr_par' dir='ltr' id='par_1_72' title="bbox 503 4022 2075 4097">
     <span class='ocr_line' id='line_1_72' title="bbox 503 4022 2075 4097; baseline -0.003 -15"><span class='ocrx_word' id='word_1_475' title='bbox 503 4029 780 4091; x_wconf 88' lang='lat' dir='ltr'><strong>ditoloeo,</strong></span> <span class='ocrx_word' id='word_1_476' title='bbox 837 4026 981 4097; x_wconf 88' lang='lat' dir='ltr'><strong>apud</strong></span> <span class='ocrx_word' id='word_1_477' title='bbox 1027 4025 1312 4080; x_wconf 71' lang='lat' dir='ltr'><strong>Choraula:</strong></span> <span class='ocrx_word' id='word_1_478' title='bbox 1363 4024 1652 4096; x_wconf 87' lang='lat' dir='ltr'><strong>cujusdam</strong></span> <span class='ocrx_word' id='word_1_479' title='bbox 1688 4023 1933 4086; x_wconf 89' lang='lat' dir='ltr'><strong>domum,</strong></span> <span class='ocrx_word' id='word_1_480' title='bbox 1972 4022 2075 4093; x_wconf 85' lang='lat' dir='ltr'><strong>Cy-</strong></span> 
     </span>
    </p>
   </div>
   <div class='ocr_carea' id='block_1_73' title="bbox 504 4114 2078 4186">
    <p class='ocr_par' dir='ltr' id='par_1_73' title="bbox 504 4114 2078 4186">
     <span class='ocr_line' id='line_1_73' title="bbox 504 4114 2078 4186; baseline -0.004 -13"><span class='ocrx_word' id='word_1_481' title='bbox 504 4120 627 4175; x_wconf 89' lang='lat' dir='ltr'><strong>nico</strong></span> <span class='ocrx_word' id='word_1_482' title='bbox 653 4119 847 4186; x_wconf 83' lang='lat' dir='ltr'><strong>capillo</strong></span> <span class='ocrx_word' id='word_1_483' title='bbox 872 4119 993 4186; x_wconf 87' lang='lat' dir='ltr'><strong>ejus</strong></span> <span class='ocrx_word' id='word_1_484' title='bbox 1032 4117 1226 4181; x_wconf 86' lang='lat' dir='ltr'><strong>inciso,</strong></span> <span class='ocrx_word' id='word_1_485' title='bbox 1271 4124 1545 4184; x_wconf 86' lang='lat' dir='ltr'><strong>pastorem</strong></span> <span class='ocrx_word' id='word_1_486' title='bbox 1573 4114 2078 4184; x_wconf 87' lang='lat' dir='ltr'><strong>Constantinopoli-</strong></span> 
     </span>
    </p>
   </div>
   <div class='ocr_carea' id='block_1_74' title="bbox 508 4204 2072 4275">
    <p class='ocr_par' dir='ltr' id='par_1_74' title="bbox 508 4204 2072 4275">
     <span class='ocr_line' id='line_1_74' title="bbox 508 4204 2072 4275; baseline -0.003 -14"><span class='ocrx_word' id='word_1_487' title='bbox 508 4220 693 4263; x_wconf 86' lang='lat' dir='ltr'><strong>tanum</strong></span> <span class='ocrx_word' id='word_1_488' title='bbox 721 4210 929 4275; x_wconf 79' lang='lat' dir='ltr'><strong>legerat</strong></span> <span class='ocrx_word' id='word_1_489' title='bbox 984 4209 1157 4274; x_wconf 78' lang='lat' dir='ltr'><strong>atque‘</strong></span> <span class='ocrx_word' id='word_1_490' title='bbox 1186 4213 1559 4259; x_wconf 88' lang='lat' dir='ltr'><strong>consecrarat.</strong></span> <span class='ocrx_word' id='word_1_491' title='bbox 1599 4204 1800 4258; x_wconf 77' lang='lat' dir='ltr'><strong>Verum</strong></span> <span class='ocrx_word' id='word_1_492' title='bbox 1839 4204 2072 4272; x_wconf 91' lang='lat' dir='ltr'><strong>quitum</strong></span> 
     </span>
    </p>
   </div>
   <div class='ocr_carea' id='block_1_75' title="bbox 509 4294 2076 4367">
    <p class='ocr_par' dir='ltr' id='par_1_75' title="bbox 509 4294 2076 4367">
     <span class='ocr_line' id='line_1_75' title="bbox 509 4294 2076 4367; baseline -0.003 -15"><span class='ocrx_word' id='word_1_493' title='bbox 509 4300 583 4353; x_wconf 91' lang='lat' dir='ltr'><strong>ibi</strong></span> <span class='ocrx_word' id='word_1_494' title='bbox 629 4296 947 4367; x_wconf 77' lang='lat' dir='ltr'><strong>congregati</strong></span> <span class='ocrx_word' id='word_1_495' title='bbox 998 4305 1181 4358; x_wconf 89' lang='lat' dir='ltr'><strong>erant,</strong></span> <span class='ocrx_word' id='word_1_496' title='bbox 1230 4294 1442 4349; x_wconf 82' lang='lat' dir='ltr'><strong>facinus</strong></span> <span class='ocrx_word' id='word_1_497' title='bbox 1491 4305 1599 4347; x_wconf 91' lang='lat' dir='ltr'><strong>tam</strong></span> <span class='ocrx_word' id='word_1_498' title='bbox 1640 4294 1940 4349; x_wconf 88' lang='lat' dir='ltr'><strong>absurdum</strong></span> <span class='ocrx_word' id='word_1_499' title='bbox 1990 4310 2076 4348; x_wconf 88' lang='lat' dir='ltr'><strong>re-</strong></span> 
     </span>
    </p>
   </div>
   <div class='ocr_carea' id='block_1_76' title="bbox 508 4385 2075 4463">
    <p class='ocr_par' dir='ltr' id='par_1_76' title="bbox 508 4385 2075 4463">
     <span class='ocr_line' id='line_1_76' title="bbox 508 4385 2075 4463; baseline -0.004 -18"><span class='ocrx_word' id='word_1_500' title='bbox 508 4391 823 4463; x_wconf 85' lang='lat' dir='ltr'><strong>probantes,</strong></span> <span class='ocrx_word' id='word_1_501' title='bbox 858 4387 1279 4456; x_wconf 88' lang='lat' dir='ltr'><strong>haudquaquam</strong></span> <span class='ocrx_word' id='word_1_502' title='bbox 1307 4385 1780 4439; x_wconf 86' lang='lat' dir='ltr'><strong>consecrationem</strong></span> <span class='ocrx_word' id='word_1_503' title='bbox 1812 4401 1931 4440; x_wconf 87' lang='lat' dir='ltr'><strong>eam</strong></span> <span class='ocrx_word' id='word_1_504' title='bbox 1959 4386 2075 4439; x_wconf 84' lang='lat' dir='ltr'><strong>lau-</strong></span> 
     </span>
    </p>
   </div>
   <div class='ocr_carea' id='block_1_77' title="bbox 2176 3194 3751 3277">
    <p class='ocr_par' dir='ltr' id='par_1_77' title="bbox 2176 3194 3751 3277">
     <span class='ocr_line' id='line_1_77' title="bbox 2176 3194 3751 3277; baseline 0.011 -30"><span class='ocrx_word' id='word_1_505' title='bbox 2176 3212 2237 3247; x_wconf 85' lang='grc' dir='ltr'><strong>τε</strong></span> <span class='ocrx_word' id='word_1_506' title='bbox 2267 3194 2600 3266; x_wconf 75' lang='grc' dir='ltr'>αἰτιώμενοι,</span> <span class='ocrx_word' id='word_1_507' title='bbox 2626 3200 2721 3251; x_wconf 81' lang='grc' dir='ltr'>καὶ</span> <span class='ocrx_word' id='word_1_508' title='bbox 2741 3200 2824 3250; x_wconf 82' lang='grc' dir='ltr'>ὅτι</span> <span class='ocrx_word' id='word_1_509' title='bbox 2850 3200 2947 3269; x_wconf 79' lang='grc' dir='ltr'>τὴν</span> <span class='ocrx_word' id='word_1_510' title='bbox 2970 3204 3246 3272; x_wconf 84' lang='grc' dir='ltr'>πατρικὴν</span> <span class='ocrx_word' id='word_1_511' title='bbox 3273 3208 3542 3277; x_wconf 64' lang='grc' dir='ltr'>προτερον</span> <span class='ocrx_word' id='word_1_512' title='bbox 3568 3210 3751 3275; x_wconf 84' lang='grc' dir='ltr'>ίθύνας</span> 
     </span>
    </p>
   </div>
   <div class='ocr_carea' id='block_1_78' title="bbox 2177 3285 3749 3370">
    <p class='ocr_par' dir='ltr' id='par_1_78' title="bbox 2177 3285 3749 3370">
     <span class='ocr_line' id='line_1_78' title="bbox 2177 3285 3749 3370; baseline 0.011 -35"><span class='ocrx_word' id='word_1_513' title='bbox 2177 3285 2507 3355; x_wconf 77' lang='grc' dir='ltr'>ἐπισκοπὴν,</span> <span class='ocrx_word' id='word_1_514' title='bbox 2541 3288 2635 3340; x_wconf 75' lang='grc' dir='ltr'><strong>καὶ</strong></span> <span class='ocrx_word' id='word_1_515' title='bbox 2673 3288 2982 3353; x_wconf 76' lang='grc' dir='ltr'>Ναζιανζὸν</span> <span class='ocrx_word' id='word_1_516' title='bbox 3013 3292 3205 3362; x_wconf 84' lang='grc' dir='ltr'>αὐτὴν,</span> <span class='ocrx_word' id='word_1_517' title='bbox 3232 3293 3308 3355; x_wconf 82' lang='grc' dir='ltr'>ὡς</span> <span class='ocrx_word' id='word_1_518' title='bbox 3342 3296 3421 3358; x_wconf 80' lang='grc' dir='ltr'><strong>είς</strong></span> <span class='ocrx_word' id='word_1_519' title='bbox 3445 3299 3630 3366; x_wconf 87' lang='grc' dir='ltr'>τρίτον</span> <span class='ocrx_word' id='word_1_520' title='bbox 3654 3301 3749 3370; x_wconf 67' lang='grc' dir='ltr'>ἢδη</span> 
     </span>
    </p>
   </div>
   <div class='ocr_carea' id='block_1_79' title="bbox 2175 3375 3749 3451">
    <p class='ocr_par' dir='ltr' id='par_1_79' title="bbox 2175 3375 3749 3451">
     <span class='ocr_line' id='line_1_79' title="bbox 2175 3375 3749 3451; baseline 0.009 -24"><span class='ocrx_word' id='word_1_521' title='bbox 2175 3375 2269 3427; x_wconf 79' lang='grc' dir='ltr'>καὶ</span> <span class='ocrx_word' id='word_1_522' title='bbox 2322 3375 2412 3429; x_wconf 79' lang='grc' dir='ltr'>τὸν</span> <span class='ocrx_word' id='word_1_523' title='bbox 2468 3379 2566 3444; x_wconf 77' lang='grc' dir='ltr'><strong>τῆς</strong></span> <span class='ocrx_word' id='word_1_524' title='bbox 2611 3378 3023 3434; x_wconf 78' lang='grc' dir='ltr'>Κωνστιιντίνου</span> <span class='ocrx_word' id='word_1_525' title='bbox 3078 3381 3281 3451; x_wconf 79' lang='grc' dir='ltr'>θρόνον·</span> <span class='ocrx_word' id='word_1_526' title='bbox 3326 3386 3604 3439; x_wconf 76' lang='grc' dir='ltr'>ἐπέϐαινε.</span> <span class='ocrx_word' id='word_1_527' title='bbox 3648 3390 3749 3443; x_wconf 75' lang='grc' dir='ltr'>Καὶ</span> 
     </span>
    </p>
   </div>
   <div class='ocr_carea' id='block_1_80' title="bbox 2174 3466 3748 3546">
    <p class='ocr_par' dir='ltr' id='par_1_80' title="bbox 2174 3466 3748 3546">
     <span class='ocr_line' id='line_1_80' title="bbox 2174 3466 3748 3546; baseline 0.01 -29"><span class='ocrx_word' id='word_1_528' title='bbox 2174 3466 2309 3535; x_wconf 85' lang='grc' dir='ltr'>δῆτα</span> <span class='ocrx_word' id='word_1_529' title='bbox 2349 3467 2613 3535; x_wconf 84' lang='grc' dir='ltr'>Τιμόθεος</span> <span class='ocrx_word' id='word_1_530' title='bbox 2662 3470 2690 3519; x_wconf 99' lang='lat'><strong>6</strong></span> <span class='ocrx_word' id='word_1_531' title='bbox 2723 3469 2823 3538; x_wconf 82' lang='grc' dir='ltr'>τῆς</span> <span class='ocrx_word' id='word_1_532' title='bbox 2862 3471 3276 3544; x_wconf 77' lang='grc' dir='ltr'>Ἀλεξανδρείας</span> <span class='ocrx_word' id='word_1_533' title='bbox 3325 3477 3580 3546; x_wconf 80' lang='grc' dir='ltr'>Μάξιμόν</span> <span class='ocrx_word' id='word_1_534' title='bbox 3633 3498 3748 3535; x_wconf 79' lang='grc' dir='ltr'>τινα</span> 
     </span>
    </p>
   </div>
   <div class='ocr_carea' id='block_1_81' title="bbox 2176 3558 3747 3640">
    <p class='ocr_par' dir='ltr' id='par_1_81' title="bbox 2176 3558 3747 3640">
     <span class='ocr_line' id='line_1_81' title="bbox 2176 3558 3747 3640; baseline 0.011 -32"><span class='ocrx_word' id='word_1_535' title='bbox 2176 3558 2467 3626; x_wconf 76' lang='grc' dir='ltr'>φιλόσοφον</span> <span class='ocrx_word' id='word_1_536' title='bbox 2517 3560 2753 3611; x_wconf 68' lang='grc' dir='ltr'>Κυνικὸν</span> <span class='ocrx_word' id='word_1_537' title='bbox 2784 3562 3053 3632; x_wconf 81' lang='grc' dir='ltr'>ἐφευρὼν,</span> <span class='ocrx_word' id='word_1_538' title='bbox 3082 3566 3158 3633; x_wconf 83' lang='grc' dir='ltr'>τῷ</span> <span class='ocrx_word' id='word_1_539' title='bbox 3200 3566 3331 3636; x_wconf 84' lang='grc' dir='ltr'>θείῳ</span> <span class='ocrx_word' id='word_1_540' title='bbox 3367 3569 3655 3640; x_wconf 77' lang='grc' dir='ltr'>Γρηγορίῳ</span> <span class='ocrx_word' id='word_1_541' title='bbox 3697 3574 3747 3635; x_wconf 73' lang='grc' dir='ltr'>ἐς</span> 
     </span>
    </p>
   </div>
   <div class='ocr_carea' id='block_1_82' title="bbox 2180 3649 3742 3732">
    <p class='ocr_par' dir='ltr' id='par_1_82' title="bbox 2180 3649 3742 3732">
     <span class='ocr_line' id='line_1_82' title="bbox 2180 3649 3742 3732; baseline 0.01 -33"><span class='ocrx_word' id='word_1_542' title='bbox 2180 3649 2482 3718; x_wconf 81' lang='grc' dir='ltr'>μαθητείαν</span> <span class='ocrx_word' id='word_1_543' title='bbox 2503 3650 2817 3704; x_wconf 79' lang='grc' dir='ltr'>τελέσαντα·</span> <span class='ocrx_word' id='word_1_544' title='bbox 2844 3653 3098 3722; x_wconf 70' lang='grc' dir='ltr'>ἔμπλεως</span> <span class='ocrx_word' id='word_1_545' title='bbox 3122 3656 3179 3709; x_wconf 80' lang='grc' dir='ltr'>δὲ</span> <span class='ocrx_word' id='word_1_546' title='bbox 3204 3658 3309 3726; x_wconf 86' lang='grc' dir='ltr'>τῆς</span> <span class='ocrx_word' id='word_1_547' title='bbox 3339 3660 3742 3732; x_wconf 80' lang='grc' dir='ltr'>’Δπολλιναρίον</span> 
     </span>
    </p>
   </div>
   <div class='ocr_carea' id='block_1_83' title="bbox 2175 3736 3742 3822">
    <p class='ocr_par' dir='ltr' id='par_1_83' title="bbox 2175 3736 3742 3822">
     <span class='ocr_line' id='line_1_83' title="bbox 2175 3736 3742 3822; baseline 0.01 -34"><span class='ocrx_word' id='word_1_548' title='bbox 2175 3737 2356 3807; x_wconf 85' lang='grc' dir='ltr'>λώϐης</span> <span class='ocrx_word' id='word_1_549' title='bbox 2391 3741 2628 3807; x_wconf 80' lang='grc' dir='ltr'>μάλιστα</span> <span class='ocrx_word' id='word_1_550' title='bbox 2657 3736 2746 3809; x_wconf 78' lang='grc' dir='ltr'><strong>ἦν’</strong></span> <span class='ocrx_word' id='word_1_551' title='bbox 2774 3744 2869 3794; x_wconf 78' lang='grc' dir='ltr'><strong>καὶ</strong></span> <span class='ocrx_word' id='word_1_552' title='bbox 2899 3746 2995 3805; x_wconf 72' lang='grc' dir='ltr'>τὰς</span> <span class='ocrx_word' id='word_1_553' title='bbox 3035 3746 3249 3799; x_wconf 77' lang='grc' dir='ltr'>ἐκείνου</span> <span class='ocrx_word' id='word_1_554' title='bbox 3289 3755 3525 3813; x_wconf 65' lang='grc' dir='ltr'>κυνικὰς</span> <span class='ocrx_word' id='word_1_555' title='bbox 3560 3754 3742 3822; x_wconf 70' lang='grc' dir='ltr'>τρίχας</span> 
     </span>
    </p>
   </div>
   <div class='ocr_carea' id='block_1_84' title="bbox 2177 3831 3739 3909">
    <p class='ocr_par' dir='ltr' id='par_1_84' title="bbox 2177 3831 3739 3909">
     <span class='ocr_line' id='line_1_84' title="bbox 2177 3831 3739 3909; baseline 0.009 -30"><span class='ocrx_word' id='word_1_556' title='bbox 2177 3831 2467 3898; x_wconf 82' lang='grc' dir='ltr'>περιελὼν,</span> <span class='ocrx_word' id='word_1_557' title='bbox 2498 3833 2555 3883; x_wconf 83' lang='grc' dir='ltr'>ὲν</span> <span class='ocrx_word' id='word_1_558' title='bbox 2586 3833 2922 3902; x_wconf 86' lang='grc' dir='ltr'>παραϐύστῳ</span> <span class='ocrx_word' id='word_1_559' title='bbox 2959 3837 3107 3906; x_wconf 84' lang='grc' dir='ltr'>παρὰ</span> <span class='ocrx_word' id='word_1_560' title='bbox 3137 3854 3245 3890; x_wconf 88' lang='grc' dir='ltr'>τινι</span> <span class='ocrx_word' id='word_1_561' title='bbox 3288 3841 3563 3909; x_wconf 74' lang='grc' dir='ltr'>χοραύλου</span> <span class='ocrx_word' id='word_1_562' title='bbox 3601 3846 3739 3909; x_wconf 63' lang='grc' dir='ltr'>οἰκία</span> 
     </span>
    </p>
   </div>
   <div class='ocr_carea' id='block_1_85' title="bbox 2176 3922 3739 4001">
    <p class='ocr_par' dir='ltr' id='par_1_85' title="bbox 2176 3922 3739 4001">
     <span class='ocr_line' id='line_1_85' title="bbox 2176 3922 3739 4001; baseline 0.01 -27"><span class='ocrx_word' id='word_1_563' title='bbox 2176 3922 2364 3976; x_wconf 80' lang='grc' dir='ltr'>τοῦτον</span> <span class='ocrx_word' id='word_1_564' title='bbox 2388 3924 2486 3993; x_wconf 83' lang='grc' dir='ltr'><strong>τῆς</strong></span> <span class='ocrx_word' id='word_1_565' title='bbox 2512 3925 2926 3979; x_wconf 83' lang='grc' dir='ltr'>Κωνσταντίνου</span> <span class='ocrx_word' id='word_1_566' title='bbox 2960 3929 3195 3997; x_wconf 80' lang='grc' dir='ltr'>ποιμένα</span> <span class='ocrx_word' id='word_1_567' title='bbox 3224 3933 3574 4001; x_wconf 82' lang='grc' dir='ltr'>ἐχειροτόνει.</span> <span class='ocrx_word' id='word_1_568' title='bbox 3607 3935 3739 3988; x_wconf 78' lang='grc' dir='ltr'>’Δλλ’</span> 
     </span>
    </p>
   </div>
   <div class='ocr_carea' id='block_1_86' title="bbox 2175 4016 3737 4093">
    <p class='ocr_par' dir='ltr' id='par_1_86' title="bbox 2175 4016 3737 4093">
     <span class='ocr_line' id='line_1_86' title="bbox 2175 4016 3737 4093; baseline 0.008 -28"><span class='ocrx_word' id='word_1_569' title='bbox 2175 4017 2224 4066; x_wconf 86' lang='grc' dir='ltr'>οἱ</span> <span class='ocrx_word' id='word_1_570' title='bbox 2254 4016 2561 4083; x_wconf 81' lang='grc' dir='ltr'>τηνικαῦτα</span> <span class='ocrx_word' id='word_1_571' title='bbox 2599 4018 3008 4089; x_wconf 72' lang='grc' dir='ltr'>συνειλεγμένοι</span> <span class='ocrx_word' id='word_1_572' title='bbox 3037 4023 3097 4072; x_wconf 83' lang='grc' dir='ltr'><strong>τὸ</strong></span> <span class='ocrx_word' id='word_1_573' title='bbox 3129 4021 3230 4090; x_wconf 81' lang='grc' dir='ltr'><strong>τῆς</strong></span> <span class='ocrx_word' id='word_1_574' title='bbox 3268 4025 3523 4093; x_wconf 78' lang='grc' dir='ltr'>πράξεως</span> <span class='ocrx_word' id='word_1_575' title='bbox 3552 4028 3737 4080; x_wconf 82' lang='grc' dir='ltr'>ἄτοπον</span> 
     </span>
    </p>
   </div>
   <div class='ocr_carea' id='block_1_87' title="bbox 2175 4106 3738 4188">
    <p class='ocr_par' dir='ltr' id='par_1_87' title="bbox 2175 4106 3738 4188">
     <span class='ocr_line' id='line_1_87' title="bbox 2175 4106 3738 4188; baseline 0.009 -31"><span class='ocrx_word' id='word_1_576' title='bbox 2175 4106 2334 4169; x_wconf 78' lang='grc' dir='ltr'>εὐθὺς</span> <span class='ocrx_word' id='word_1_577' title='bbox 2394 4108 2737 4172; x_wconf 85' lang='grc' dir='ltr'>ἀπεώσαντο,</span> <span class='ocrx_word' id='word_1_578' title='bbox 2792 4113 2890 4163; x_wconf 79' lang='grc' dir='ltr'>καὶ</span> <span class='ocrx_word' id='word_1_579' title='bbox 2940 4112 3191 4182; x_wconf 82' lang='grc' dir='ltr'>οὐδαμῶς</span> <span class='ocrx_word' id='word_1_580' title='bbox 3246 4115 3324 4184; x_wconf 84' lang='grc' dir='ltr'>τῷ</span> <span class='ocrx_word' id='word_1_581' title='bbox 3378 4120 3738 4188; x_wconf 82' lang='grc' dir='ltr'>πεπραγμένῳ</span> 
     </span>
    </p>
   </div>
   <div class='ocr_carea' id='block_1_88' title="bbox 2179 4197 3737 4278">
    <p class='ocr_par' dir='ltr' id='par_1_88' title="bbox 2179 4197 3737 4278">
     <span class='ocr_line' id='line_1_88' title="bbox 2179 4197 3737 4278; baseline 0.009 -30"><span class='ocrx_word' id='word_1_582' title='bbox 2179 4198 2498 4267; x_wconf 73' lang='grc' dir='ltr'>συνῄνεσαψ</span> <span class='ocrx_word' id='word_1_583' title='bbox 2536 4197 2701 4268; x_wconf 77' lang='grc' dir='ltr'>ζήλου</span> <span class='ocrx_word' id='word_1_584' title='bbox 2735 4201 2845 4270; x_wconf 87' lang='grc' dir='ltr'>γὰρ</span> <span class='ocrx_word' id='word_1_585' title='bbox 2897 4202 3043 4257; x_wconf 88' lang='grc' dir='ltr'>θείου</span> <span class='ocrx_word' id='word_1_586' title='bbox 3076 4208 3172 4256; x_wconf 77' lang='grc' dir='ltr'>καὶ</span> <span class='ocrx_word' id='word_1_587' title='bbox 3206 4209 3407 4271; x_wconf 81' lang='grc' dir='ltr'>σοφίας</span> <span class='ocrx_word' id='word_1_588' title='bbox 3455 4227 3737 4278; x_wconf 76' lang='grc' dir='ltr'>πνευματι-</span> 
     </span>
    </p>
   </div>
   <div class='ocr_carea' id='block_1_89' title="bbox 2177 4283 3733 4363">
    <p class='ocr_par' dir='ltr' id='par_1_89' title="bbox 2177 4283 3733 4363">
     <span class='ocr_line' id='line_1_89' title="bbox 2177 4283 3733 4363; baseline 0.007 -23"><span class='ocrx_word' id='word_1_589' title='bbox 2177 4289 2282 4357; x_wconf 85' lang='grc' dir='ltr'><strong>κῆς</strong></span> <span class='ocrx_word' id='word_1_590' title='bbox 2313 4291 2538 4360; x_wconf 75' lang='grc' dir='ltr'>ἔμπλεῳ</span> <span class='ocrx_word' id='word_1_591' title='bbox 2565 4290 2756 4360; x_wconf 83' lang='grc' dir='ltr'>ἄνδρες</span> <span class='ocrx_word' id='word_1_592' title='bbox 2790 4289 2934 4361; x_wconf 78' lang='grc' dir='ltr'>ἦσαν</span> <span class='ocrx_word' id='word_1_593' title='bbox 2966 4296 3015 4346; x_wconf 84' lang='lat' dir='ltr'><strong>oi.</strong></span> <span class='ocrx_word' id='word_1_594' title='bbox 3048 4283 3289 4359; x_wconf 60' lang='grc' dir='ltr'>πλείους</span> <span class='ocrx_word' id='word_1_595' title='bbox 3322 4293 3437 4362; x_wconf 76' lang='grc' dir='ltr'>οἷος</span> <span class='ocrx_word' id='word_1_596' title='bbox 3480 4301 3733 4363; x_wconf 74' lang='grc' dir='ltr'>Ἐλλάδιος</span> 
     </span>
    </p>
   </div>
   <div class='ocr_carea' id='block_1_90' title="bbox 2179 4382 3736 4463">
    <p class='ocr_par' dir='ltr' id='par_1_90' title="bbox 2179 4382 3736 4463">
     <span class='ocr_line' id='line_1_90' title="bbox 2179 4382 3736 4463; baseline 0.008 -31"><span class='ocrx_word' id='word_1_597' title='bbox 2179 4382 2385 4444; x_wconf 77' lang='grc' dir='ltr'>ἐκεῖνος</span> <span class='ocrx_word' id='word_1_598' title='bbox 2416 4384 2445 4434; x_wconf 86' lang='grc' dir='ltr'><strong>ὁ</strong></span> <span class='ocrx_word' id='word_1_599' title='bbox 2481 4383 2578 4435; x_wconf 83' lang='grc' dir='ltr'>τοῦ</span> <span class='ocrx_word' id='word_1_600' title='bbox 2614 4383 2857 4451; x_wconf 82' lang='grc' dir='ltr'>μεγάλου</span> <span class='ocrx_word' id='word_1_601' title='bbox 2902 4385 3191 4439; x_wconf 85' lang='grc' dir='ltr'>Βασιλείου</span> <span class='ocrx_word' id='word_1_602' title='bbox 3239 4389 3507 4462; x_wconf 80' lang='grc' dir='ltr'>διάδοχος,</span> <span class='ocrx_word' id='word_1_603' title='bbox 3542 4393 3736 4463; x_wconf 79' lang='grc' dir='ltr'>Γρηγό-</span> 
     </span>
    </p>
   </div>
   <div class='ocr_carea' id='block_1_91' title="bbox 507 4463 2075 4564">
    <p class='ocr_par' dir='ltr' id='par_1_91' title="bbox 507 4468 2072 4547">
     <span class='ocr_line' id='line_1_91' title="bbox 507 4468 2072 4547; baseline -0.004 -13"><span class='ocrx_word' id='word_1_604' title='bbox 507 4487 727 4534; x_wconf 67' lang='lat' dir='ltr'><strong>«larunt.</strong></span> <span class='ocrx_word' id='word_1_605' title='bbox 780 4479 915 4533; x_wconf 86' lang='lat' dir='ltr'><strong>Nam</strong></span> <span class='ocrx_word' id='word_1_606' title='bbox 942 4478 1185 4547; x_wconf 91' lang='lat' dir='ltr'><strong>plerique</strong></span> <span class='ocrx_word' id='word_1_607' title='bbox 1218 4474 1318 4528; x_wconf 85' lang='lat' dir='ltr'><strong>viri</strong></span> <span class='ocrx_word' id='word_1_608' title='bbox 1374 4473 1561 4528; x_wconf 91' lang='lat' dir='ltr'><strong>divino</strong></span> <span class='ocrx_word' id='word_1_609' title='bbox 1592 4474 1787 4528; x_wconf 84' lang='lat' dir='ltr'><strong>ardore</strong></span> <span class='ocrx_word' id='word_1_610' title='bbox 1818 4468 1872 4529; x_wconf 82' lang='lat' dir='ltr'><strong>et</strong></span> <span class='ocrx_word' id='word_1_611' title='bbox 1903 4475 2072 4544; x_wconf 87' lang='lat' dir='ltr'><strong>spiri-</strong></span> 
     </span>
    </p>
   </div>
   <div class='ocr_carea' id='block_1_92' title="bbox 2188 4463 3732 4564">
    <p class='ocr_par' dir='ltr' id='par_1_92' title="bbox 2188 4472 3732 4564">
     <span class='ocr_line' id='line_1_92' title="bbox 2188 4472 3732 4564; baseline 0.008 -42"><span class='ocrx_word' id='word_1_612' title='bbox 2188 4472 2293 4541; x_wconf 77' lang='grc' dir='ltr'>ριός</span> <span class='ocrx_word' id='word_1_613' title='bbox 2329 4489 2386 4523; x_wconf 85' lang='grc' dir='ltr'><strong>τε</strong></span> <span class='ocrx_word' id='word_1_614' title='bbox 2420 4474 2515 4525; x_wconf 65' lang='grc' dir='ltr'><strong>δια)⁵</strong></span> <span class='ocrx_word' id='word_1_615' title='bbox 2548 4474 2771 4543; x_wconf 86' lang='grc' dir='ltr'>Πέτρος,</span> <span class='ocrx_word' id='word_1_616' title='bbox 2805 4474 2855 4527; x_wconf 82' lang='grc' dir='ltr'>οἳ</span> <span class='ocrx_word' id='word_1_617' title='bbox 2899 4476 3008 4528; x_wconf 84' lang='grc' dir='ltr'><strong>τῶν</strong></span> <span class='ocrx_word' id='word_1_618' title='bbox 3045 4478 3227 4564; x_wconf 66' lang='grc' dir='ltr'>αὐτῶν</span> <span class='ocrx_word' id='word_1_619' title='bbox 3252 4480 3459 4535; x_wconf 86' lang='grc' dir='ltr'>ὠδίνων</span> <span class='ocrx_word' id='word_1_620' title='bbox 3488 4482 3732 4554; x_wconf 74' lang='grc' dir='ltr'>Βασιλεέῳ</span> 
     </span>
    </p>
   </div>
   <div class='ocr_carea' id='block_1_93' title="bbox 508 4565 2071 4640">
    <p class='ocr_par' dir='ltr' id='par_1_93' title="bbox 508 4565 2071 4640">
     <span class='ocr_line' id='line_1_93' title="bbox 508 4565 2071 4640; baseline -0.004 -14"><span class='ocrx_word' id='word_1_621' title='bbox 508 4572 638 4627; x_wconf 90' lang='lat' dir='ltr'><strong>tuali</strong></span> <span class='ocrx_word' id='word_1_622' title='bbox 675 4569 939 4640; x_wconf 88' lang='lat' dir='ltr'><strong>sapientia</strong></span> <span class='ocrx_word' id='word_1_623' title='bbox 980 4568 1123 4637; x_wconf 89' lang='lat' dir='ltr'><strong>pleni</strong></span> <span class='ocrx_word' id='word_1_624' title='bbox 1166 4574 1373 4620; x_wconf 87' lang='lat' dir='ltr'><strong>erant:</strong></span> <span class='ocrx_word' id='word_1_625' title='bbox 1420 4565 1601 4634; x_wconf 88' lang='lat' dir='ltr'><strong>qualis</strong></span> <span class='ocrx_word' id='word_1_626' title='bbox 1652 4565 1932 4618; x_wconf 84' lang='lat' dir='ltr'><strong>llelladius</strong></span> <span class='ocrx_word' id='word_1_627' title='bbox 1978 4566 2071 4619; x_wconf 88' lang='lat' dir='ltr'><strong>ille</strong></span> 
     </span>
    </p>
   </div>
   <div class='ocr_carea' id='block_1_94' title="bbox 506 4653 2067 4728">
    <p class='ocr_par' dir='ltr' id='par_1_94' title="bbox 506 4653 2067 4728">
     <span class='ocr_line' id='line_1_94' title="bbox 506 4653 2067 4728; baseline -0.006 -10"><span class='ocrx_word' id='word_1_628' title='bbox 506 4664 630 4727; x_wconf 77' lang='lat' dir='ltr'><strong>iuit,</strong></span> <span class='ocrx_word' id='word_1_629' title='bbox 663 4660 842 4715; x_wconf 84' lang='lat' dir='ltr'><strong>Basilii</strong></span> <span class='ocrx_word' id='word_1_630' title='bbox 869 4658 1050 4728; x_wconf 79' lang='lat' dir='ltr'><strong>magni</strong></span> <span class='ocrx_word' id='word_1_631' title='bbox 1081 4670 1363 4713; x_wconf 89' lang='lat' dir='ltr'><strong>successor</strong></span> <span class='ocrx_word' id='word_1_632' title='bbox 1388 4671 1403 4708; x_wconf 88' lang='lat'><strong>:</strong></span> <span class='ocrx_word' id='word_1_633' title='bbox 1426 4653 1745 4723; x_wconf 82' lang='lat' dir='ltr'><strong>Gregorius,</strong></span> <span class='ocrx_word' id='word_1_634' title='bbox 1769 4665 1825 4710; x_wconf 91' lang='lat' dir='ltr'><strong>et</strong></span> <span class='ocrx_word' id='word_1_635' title='bbox 1852 4655 2067 4721; x_wconf 82' lang='lat' dir='ltr'><strong>Petrus,</strong></span> 
     </span>
    </p>
   </div>
   <div class='ocr_carea' id='block_1_95' title="bbox 503 4746 2073 4817">
    <p class='ocr_par' dir='ltr' id='par_1_95' title="bbox 503 4746 2073 4817">
     <span class='ocr_line' id='line_1_95' title="bbox 503 4746 2073 4817; baseline -0.007 -6"><span class='ocrx_word' id='word_1_636' title='bbox 503 4755 712 4811; x_wconf 91' lang='lat' dir='ltr'><strong>eisdem</strong></span> <span class='ocrx_word' id='word_1_637' title='bbox 745 4767 867 4807; x_wconf 91' lang='lat' dir='ltr'><strong>cum</strong></span> <span class='ocrx_word' id='word_1_638' title='bbox 908 4749 1109 4804; x_wconf 86' lang='lat' dir='ltr'><strong>Basilio</strong></span> <span class='ocrx_word' id='word_1_639' title='bbox 1144 4747 1469 4817; x_wconf 86' lang='lat' dir='ltr'><strong>parentibus</strong></span> <span class='ocrx_word' id='word_1_640' title='bbox 1491 4746 1595 4801; x_wconf 89' lang='lat' dir='ltr'><strong>orti</strong></span> <span class='ocrx_word' id='word_1_641' title='bbox 1619 4762 1633 4799; x_wconf 89' lang='lat'><strong>:</strong></span> <span class='ocrx_word' id='word_1_642' title='bbox 1656 4746 2073 4815; x_wconf 82' lang='lat' dir='ltr'><strong>Amphilochius</strong></span> 
     </span>
    </p>
   </div>
   <div class='ocr_carea' id='block_1_96' title="bbox 506 4834 2071 4909">
    <p class='ocr_par' dir='ltr' id='par_1_96' title="bbox 506 4834 2071 4909">
     <span class='ocr_line' id='line_1_96' title="bbox 506 4834 2071 4909; baseline -0.005 -13"><span class='ocrx_word' id='word_1_643' title='bbox 506 4843 699 4906; x_wconf 88' lang='lat' dir='ltr'><strong>leonii,</strong></span> <span class='ocrx_word' id='word_1_644' title='bbox 729 4857 850 4909; x_wconf 73' lang='lat' dir='ltr'><strong>quae</strong></span> <span class='ocrx_word' id='word_1_645' title='bbox 882 4840 1166 4909; x_wconf 82' lang='lat' dir='ltr'><strong>Lycaoniae</strong></span> <span class='ocrx_word' id='word_1_646' title='bbox 1215 4837 1347 4891; x_wconf 87' lang='lat' dir='ltr'><strong>urbs</strong></span> <span class='ocrx_word' id='word_1_647' title='bbox 1387 4844 1475 4890; x_wconf 90' lang='lat' dir='ltr'><strong>est</strong></span> <span class='ocrx_word' id='word_1_648' title='bbox 1507 4852 1521 4888; x_wconf 75' lang='grc' dir='ltr'><strong>ι</strong></span> <span class='ocrx_word' id='word_1_649' title='bbox 1553 4834 1805 4904; x_wconf 88' lang='lat' dir='ltr'><strong>Optimus</strong></span> <span class='ocrx_word' id='word_1_650' title='bbox 1832 4836 2071 4899; x_wconf 64' lang='lat' dir='ltr'><strong>Pisidiae,</strong></span> 
     </span>
    </p>
   </div>
   <div class='ocr_carea' id='block_1_97' title="bbox 509 4927 2073 4997">
    <p class='ocr_par' dir='ltr' id='par_1_97' title="bbox 509 4927 2073 4997">
     <span class='ocr_line' id='line_1_97' title="bbox 509 4927 2073 4997; baseline -0.002 -12"><span class='ocrx_word' id='word_1_651' title='bbox 509 4934 776 4987; x_wconf 86' lang='lat' dir='ltr'><strong>Diodorus</strong></span> <span class='ocrx_word' id='word_1_652' title='bbox 825 4931 1064 4993; x_wconf 67' lang='lat' dir='ltr'><strong>Ciliciae,</strong></span> <span class='ocrx_word' id='word_1_653' title='bbox 1126 4928 1378 4997; x_wconf 76' lang='lat' dir='ltr'><strong>Pelagius</strong></span> <span class='ocrx_word' id='word_1_654' title='bbox 1427 4928 1749 4992; x_wconf 66' lang='lat' dir='ltr'><strong>Laodiceae,</strong></span> <span class='ocrx_word' id='word_1_655' title='bbox 1815 4927 2073 4997; x_wconf 79' lang='lat' dir='ltr'><strong>Eulogius</strong></span> 
     </span>
    </p>
   </div>
   <div class='ocr_carea' id='block_1_98' title="bbox 506 5017 2073 5088">
    <p class='ocr_par' dir='ltr' id='par_1_98' title="bbox 506 5017 2073 5088">
     <span class='ocr_line' id='line_1_98' title="bbox 506 5017 2073 5088; baseline -0.003 -11"><span class='ocrx_word' id='word_1_656' title='bbox 506 5024 745 5086; x_wconf 56' lang='lat' dir='ltr'><strong>Edessa,</strong></span> <span class='ocrx_word' id='word_1_657' title='bbox 781 5022 1011 5075; x_wconf 80' lang='lat' dir='ltr'><strong>Aeacius</strong></span> <span class='ocrx_word' id='word_1_658' title='bbox 1040 5019 1316 5073; x_wconf 62' lang='lat' dir='ltr'><strong>Berrhaaa:</strong></span> <span class='ocrx_word' id='word_1_659' title='bbox 1337 5057 1353 5081; x_wconf 89' lang='lat'><strong>,</strong></span> <span class='ocrx_word' id='word_1_660' title='bbox 1384 5017 1624 5072; x_wconf 84' lang='lat' dir='ltr'><strong>Isidorus</strong></span> <span class='ocrx_word' id='word_1_661' title='bbox 1651 5017 1801 5088; x_wconf 88' lang='lat' dir='ltr'><strong>Cyri,</strong></span> <span class='ocrx_word' id='word_1_662' title='bbox 1835 5018 2073 5087; x_wconf 85' lang='lat' dir='ltr'><strong>Cyrillus</strong></span> 
     </span>
    </p>
   </div>
   <div class='ocr_carea' id='block_1_99' title="bbox 508 5109 2068 5182">
    <p class='ocr_par' dir='ltr' id='par_1_99' title="bbox 508 5109 2068 5182">
     <span class='ocr_line' id='line_1_99' title="bbox 508 5109 2068 5182; baseline -0.003 -13"><span class='ocrx_word' id='word_1_663' title='bbox 508 5115 1007 5182; x_wconf 79' lang='lat' dir='ltr'><strong>Hierosolymorum</strong></span> <span class='ocrx_word' id='word_1_664' title='bbox 1056 5150 1071 5171; x_wconf 89' lang='lat'><strong>,</strong></span> <span class='ocrx_word' id='word_1_665' title='bbox 1115 5110 1368 5164; x_wconf 82' lang='lat' dir='ltr'><strong>Gelasius</strong></span> <span class='ocrx_word' id='word_1_666' title='bbox 1415 5109 1680 5164; x_wconf 67' lang='lat' dir='ltr'><strong>Caesarea:</strong></span> <span class='ocrx_word' id='word_1_667' title='bbox 1740 5111 2068 5176; x_wconf 46' lang='lat' dir='ltr'><strong>Palaestina,</strong></span> 
     </span>
    </p>
   </div>
   <div class='ocr_carea' id='block_1_100' title="bbox 503 5199 2065 5271">
    <p class='ocr_par' dir='ltr' id='par_1_100' title="bbox 503 5199 2065 5271">
     <span class='ocr_line' id='line_1_100' title="bbox 503 5199 2065 5271; baseline -0.004 -11"><span class='ocrx_word' id='word_1_668' title='bbox 503 5205 710 5268; x_wconf 83' lang='lat' dir='ltr'><strong>Acacii,</strong></span> <span class='ocrx_word' id='word_1_669' title='bbox 752 5202 844 5271; x_wconf 88' lang='lat' dir='ltr'><strong>qui</strong></span> <span class='ocrx_word' id='word_1_670' title='bbox 876 5200 1115 5255; x_wconf 85' lang='lat' dir='ltr'><strong>Eusebio</strong></span> <span class='ocrx_word' id='word_1_671' title='bbox 1161 5199 1427 5268; x_wconf 86' lang='lat' dir='ltr'><strong>Pamphili</strong></span> <span class='ocrx_word' id='word_1_672' title='bbox 1483 5201 1817 5255; x_wconf 84' lang='lat' dir='ltr'><strong>substitutus</strong></span> <span class='ocrx_word' id='word_1_673' title='bbox 1865 5199 2065 5263; x_wconf 82' lang='lat' dir='ltr'><strong>iuerat,</strong></span> 
     </span>
    </p>
   </div>
   <div class='ocr_carea' id='block_1_101' title="bbox 526 5357 2065 5432">
    <p class='ocr_par' dir='ltr' id='par_1_101' title="bbox 526 5357 2065 5432">
     <span class='ocr_line' id='line_1_101' title="bbox 526 5357 2065 5432; baseline 0.001 -18"><span class='ocrx_word' id='word_1_674' title='bbox 526 5420 529 5423; x_wconf 24' lang='grc' dir='ltr'><strong>γ</strong></span> <span class='ocrx_word' id='word_1_675' title='bbox 578 5362 653 5431; x_wconf 82' lang='lat' dir='ltr'><strong>(l)</strong></span> <span class='ocrx_word' id='word_1_676' title='bbox 670 5361 908 5432; x_wconf 77' lang='lat' dir='ltr'><strong>Joannes</strong></span> <span class='ocrx_word' id='word_1_677' title='bbox 926 5357 1135 5432; x_wconf 77' lang='lat' dir='ltr'><strong>Psellus</strong></span> <span class='ocrx_word' id='word_1_678' title='bbox 1158 5357 1224 5432; x_wconf 84' lang='lat' dir='ltr'><strong>de</strong></span> <span class='ocrx_word' id='word_1_679' title='bbox 1242 5361 1483 5432; x_wconf 88' lang='lat' dir='ltr'><strong>secunda</strong></span> <span class='ocrx_word' id='word_1_680' title='bbox 1507 5363 1844 5416; x_wconf 73' lang='lat' dir='ltr'><strong>(neumenica</strong></span> <span class='ocrx_word' id='word_1_681' title='bbox 1858 5361 2065 5432; x_wconf 77' lang='lat' dir='ltr'><strong>synodo</strong></span> 
     </span>
    </p>
   </div>
   <div class='ocr_carea' id='block_1_102' title="bbox 506 5427 1818 5497">
    <p class='ocr_par' dir='ltr' id='par_1_102' title="bbox 506 5427 1818 5497">
     <span class='ocr_line' id='line_1_102' title="bbox 506 5427 1818 5497; baseline 0 -12"><span class='ocrx_word' id='word_1_682' title='bbox 506 5427 771 5490; x_wconf 77' lang='lat' dir='ltr'><strong>scribens,</strong></span> <span class='ocrx_word' id='word_1_683' title='bbox 807 5430 950 5480; x_wconf 85' lang='lat' dir='ltr'><strong>inter</strong></span> <span class='ocrx_word' id='word_1_684' title='bbox 980 5428 1135 5491; x_wconf 89' lang='lat' dir='ltr'><strong>alios,</strong></span> <span class='ocrx_word' id='word_1_685' title='bbox 1164 5427 1264 5481; x_wconf 81' lang='lat' dir='ltr'><strong>hos</strong></span> <span class='ocrx_word' id='word_1_686' title='bbox 1294 5430 1447 5497; x_wconf 87' lang='lat' dir='ltr'><strong>ponit</strong></span> <span class='ocrx_word' id='word_1_687' title='bbox 1476 5432 1777 5484; x_wconf 88' lang='lat' dir='ltr'><strong>versiculos</strong></span> <span class='ocrx_word' id='word_1_688' title='bbox 1800 5448 1818 5485; x_wconf 90' lang='lat'><strong><em>:</em></strong></span> 
     </span>
    </p>
   </div>
   <div class='ocr_carea' id='block_1_103' title="bbox 578 5518 1778 5589">
    <p class='ocr_par' dir='ltr' id='par_1_103' title="bbox 578 5518 1778 5589">
     <span class='ocr_line' id='line_1_103' title="bbox 578 5518 1778 5589; baseline 0.001 -17"><span class='ocrx_word' id='word_1_689' title='bbox 578 5522 723 5586; x_wconf 76' lang='grc' dir='ltr'><strong>Αὐτὴ</strong></span> <span class='ocrx_word' id='word_1_690' title='bbox 750 5520 841 5571; x_wconf 84' lang='grc' dir='ltr'>τὸν</span> <span class='ocrx_word' id='word_1_691' title='bbox 869 5518 1203 5572; x_wconf 77' lang='grc' dir='ltr'>Μακεδόνων</span> <span class='ocrx_word' id='word_1_692' title='bbox 1231 5520 1508 5571; x_wconf 70' lang='grc' dir='ltr'>ἀνέσπασε</span> <span class='ocrx_word' id='word_1_693' title='bbox 1536 5521 1778 5589; x_wconf 80' lang='grc' dir='ltr'>ῥιζόθεν,</span> 
     </span>
    </p>
   </div>
   <div class='ocr_carea' id='block_1_104' title="bbox 580 5589 1925 5661">
    <p class='ocr_par' dir='ltr' id='par_1_104' title="bbox 580 5589 1925 5661">
     <span class='ocr_line' id='line_1_104' title="bbox 580 5589 1925 5661; baseline 0.003 -22"><span class='ocrx_word' id='word_1_694' title='bbox 580 5594 650 5661; x_wconf 29' lang='lat' dir='ltr'><strong>flio</strong></span> <span class='ocrx_word' id='word_1_695' title='bbox 687 5589 911 5661; x_wconf 66' lang='grc' dir='ltr'>Πνεῦμα</span> <span class='ocrx_word' id='word_1_696' title='bbox 944 5592 1296 5661; x_wconf 73' lang='grc' dir='ltr'>τὸπανάγιον</span> <span class='ocrx_word' id='word_1_697' title='bbox 1321 5590 1707 5661; x_wconf 76' lang='grc' dir='ltr'>ἀλλοτριούντα</span> <span class='ocrx_word' id='word_1_698' title='bbox 1745 5590 1925 5661; x_wconf 82' lang='grc' dir='ltr'>μάτην</span> 
     </span>
    </p>
   </div>
   <div class='ocr_carea' id='block_1_105' title="bbox 576 5658 2064 5729">
    <p class='ocr_par' dir='ltr' id='par_1_105' title="bbox 576 5658 2064 5729">
     <span class='ocr_line' id='line_1_105' title="bbox 576 5658 2064 5729; baseline 0.007 -23"><span class='ocrx_word' id='word_1_699' title='bbox 576 5659 685 5725; x_wconf 75' lang='grc' dir='ltr'><strong>ἰ’ἧ,</strong></span> <span class='ocrx_word' id='word_1_700' title='bbox 706 5659 910 5725; x_wconf 59' lang='grc' dir='ltr'>ὑψηλῆς</span> <span class='ocrx_word' id='word_1_701' title='bbox 938 5658 1210 5726; x_wconf 76' lang='grc' dir='ltr'>θεότητος,</span> <span class='ocrx_word' id='word_1_702' title='bbox 1233 5661 1328 5711; x_wconf 77' lang='grc' dir='ltr'>καὶ</span> <span class='ocrx_word' id='word_1_703' title='bbox 1354 5660 1580 5728; x_wconf 78' lang='grc' dir='ltr'>πλάσμα</span> <span class='ocrx_word' id='word_1_704' title='bbox 1613 5658 2064 5729; x_wconf 72' lang='grc' dir='ltr'>βλασφημοῦντα.</span> 
     </span>
    </p>
   </div>
   <div class='ocr_carea' id='block_1_106' title="bbox 2183 4564 3731 4645">
    <p class='ocr_par' dir='ltr' id='par_1_106' title="bbox 2183 4564 3731 4645">
     <span class='ocr_line' id='line_1_106' title="bbox 2183 4564 3731 4645; baseline 0.009 -32"><span class='ocrx_word' id='word_1_705' title='bbox 2183 4564 2499 4632; x_wconf 78' lang='grc' dir='ltr'>μετέλαχονο</span> <span class='ocrx_word' id='word_1_706' title='bbox 2525 4567 2553 4617; x_wconf 87' lang='lat'><strong>6</strong></span> <span class='ocrx_word' id='word_1_707' title='bbox 2584 4564 2808 4618; x_wconf 80' lang='grc' dir='ltr'>Ἰκονίου</span> <span class='ocrx_word' id='word_1_708' title='bbox 2829 4585 2889 4619; x_wconf 87' lang='grc' dir='ltr'><strong>τε</strong></span> <span class='ocrx_word' id='word_1_709' title='bbox 2923 4569 3297 4640; x_wconf 76' lang='grc' dir='ltr'>’Δμφιλόχιοςο</span> <span class='ocrx_word' id='word_1_710' title='bbox 3322 4576 3421 4645; x_wconf 78' lang='grc' dir='ltr'>τῆς</span> <span class='ocrx_word' id='word_1_711' title='bbox 3446 4577 3731 4637; x_wconf 84' lang='grc' dir='ltr'>Λυκαονίας</span> 
     </span>
    </p>
   </div>
   <div class='ocr_carea' id='block_1_107' title="bbox 2178 4655 3731 4729">
    <p class='ocr_par' dir='ltr' id='par_1_107' title="bbox 2178 4655 3731 4729">
     <span class='ocr_line' id='line_1_107' title="bbox 2178 4655 3731 4729; baseline 0.005 -22"><span class='ocrx_word' id='word_1_712' title='bbox 2178 4656 2234 4707; x_wconf 67' lang='grc' dir='ltr'>δὲ</span> <span class='ocrx_word' id='word_1_713' title='bbox 2289 4655 2382 4724; x_wconf 78' lang='grc' dir='ltr'>ἥδε</span> <span class='ocrx_word' id='word_1_714' title='bbox 2417 4658 2448 4725; x_wconf 72' lang='grc' dir='ltr'>ἡ</span> <span class='ocrx_word' id='word_1_715' title='bbox 2487 4655 2670 4718; x_wconf 72' lang='grc' dir='ltr'>πόλιςο</span> <span class='ocrx_word' id='word_1_716' title='bbox 2705 4659 2731 4709; x_wconf 92' lang='lat'><strong>6</strong></span> <span class='ocrx_word' id='word_1_717' title='bbox 2780 4658 3012 4711; x_wconf 86' lang='grc' dir='ltr'>Πισίδων</span> <span class='ocrx_word' id='word_1_718' title='bbox 3045 4661 3341 4729; x_wconf 77' lang='grc' dir='ltr'>Ὀπτιμος,</span> <span class='ocrx_word' id='word_1_719' title='bbox 3379 4670 3472 4717; x_wconf 77' lang='grc' dir='ltr'>καὶ</span> <span class='ocrx_word' id='word_1_720' title='bbox 3514 4667 3539 4717; x_wconf 91' lang='lat'><strong>6</strong></span> <span class='ocrx_word' id='word_1_721' title='bbox 3578 4662 3731 4729; x_wconf 77' lang='grc' dir='ltr'>Κίλιξ</span> 
     </span>
    </p>
   </div>
   <div class='ocr_carea' id='block_1_108' title="bbox 2178 4746 3728 4823">
    <p class='ocr_par' dir='ltr' id='par_1_108' title="bbox 2178 4746 3728 4823">
     <span class='ocr_line' id='line_1_108' title="bbox 2178 4746 3728 4823; baseline 0.008 -27"><span class='ocrx_word' id='word_1_722' title='bbox 2178 4746 2464 4813; x_wconf 86' lang='grc' dir='ltr'>Διόδωρος,</span> <span class='ocrx_word' id='word_1_723' title='bbox 2520 4748 2615 4798; x_wconf 76' lang='grc' dir='ltr'>καὶ</span> <span class='ocrx_word' id='word_1_724' title='bbox 2663 4750 2691 4800; x_wconf 88' lang='lat'><strong>6</strong></span> <span class='ocrx_word' id='word_1_725' title='bbox 2740 4749 3059 4813; x_wconf 85' lang='grc' dir='ltr'>Λαοδικείας</span> <span class='ocrx_word' id='word_1_726' title='bbox 3101 4752 3391 4820; x_wconf 72' lang='grc' dir='ltr'>ιιελάγιοςο</span> <span class='ocrx_word' id='word_1_727' title='bbox 3442 4757 3468 4808; x_wconf 86' lang='grc' dir='ltr'><strong><em>ὃ</em></strong></span> <span class='ocrx_word' id='word_1_728' title='bbox 3520 4773 3570 4808; x_wconf 84' lang='grc' dir='ltr'><strong>τε</strong></span> <span class='ocrx_word' id='word_1_729' title='bbox 3634 4757 3728 4823; x_wconf 77' lang='grc' dir='ltr'>τῆς</span> 
     </span>
    </p>
   </div>
   <div class='ocr_carea' id='block_1_109' title="bbox 2192 4837 3726 4917">
    <p class='ocr_par' dir='ltr' id='par_1_109' title="bbox 2192 4837 3726 4917">
     <span class='ocr_line' id='line_1_109' title="bbox 2192 4837 3726 4917; baseline 0.008 -29"><span class='ocrx_word' id='word_1_730' title='bbox 2192 4837 2526 4905; x_wconf 82' lang='grc' dir='ltr'>Ἐδεσσηνῶν</span> <span class='ocrx_word' id='word_1_731' title='bbox 2562 4839 3111 4905; x_wconf 79' lang='grc' dir='ltr'>Εὐλόγιος,⁹Ακάκιος</span> <span class='ocrx_word' id='word_1_732' title='bbox 3142 4846 3169 4896; x_wconf 91' lang='grc' dir='ltr'><strong>ὀ</strong></span> <span class='ocrx_word' id='word_1_733' title='bbox 3199 4845 3481 4917; x_wconf 79' lang='grc' dir='ltr'>Βερροίας,</span> <span class='ocrx_word' id='word_1_734' title='bbox 3504 4850 3528 4900; x_wconf 94' lang='lat'><strong>6</strong></span> <span class='ocrx_word' id='word_1_735' title='bbox 3554 4847 3726 4917; x_wconf 73' lang='grc' dir='ltr'>Κύρου</span> 
     </span>
    </p>
   </div>
   <div class='ocr_carea' id='block_1_110' title="bbox 2192 4928 3725 5007">
    <p class='ocr_par' dir='ltr' id='par_1_110' title="bbox 2192 4928 3725 5007">
     <span class='ocr_line' id='line_1_110' title="bbox 2192 4928 3725 5007; baseline 0.008 -27"><span class='ocrx_word' id='word_1_736' title='bbox 2192 4928 2486 4998; x_wconf 82' lang='grc' dir='ltr'>Ἰσίδωρος,</span> <span class='ocrx_word' id='word_1_737' title='bbox 2514 4930 2781 4999; x_wconf 81' lang='grc' dir='ltr'>Κύριλλός</span> <span class='ocrx_word' id='word_1_738' title='bbox 2811 4947 2870 4982; x_wconf 87' lang='grc' dir='ltr'><strong>τε</strong></span> <span class='ocrx_word' id='word_1_739' title='bbox 2905 4934 2931 4984; x_wconf 88' lang='lat'><strong>6</strong></span> <span class='ocrx_word' id='word_1_740' title='bbox 2969 4934 3394 5007; x_wconf 83' lang='grc' dir='ltr'>Ἱεροσολύμων,</span> <span class='ocrx_word' id='word_1_741' title='bbox 3424 4940 3559 4993; x_wconf 78' lang='grc' dir='ltr'>καὶὸ</span> <span class='ocrx_word' id='word_1_742' title='bbox 3597 4942 3725 4994; x_wconf 77' lang='grc' dir='ltr'>Και-</span> 
     </span>
    </p>
   </div>
   <div class='ocr_carea' id='block_1_111' title="bbox 2180 5021 3720 5097">
    <p class='ocr_par' dir='ltr' id='par_1_111' title="bbox 2180 5021 3720 5097">
     <span class='ocr_line' id='line_1_111' title="bbox 2180 5021 3720 5097; baseline 0.009 -26"><span class='ocrx_word' id='word_1_743' title='bbox 2180 5021 2408 5087; x_wconf 77' lang='grc' dir='ltr'>σαρείας</span> <span class='ocrx_word' id='word_1_744' title='bbox 2458 5024 2560 5090; x_wconf 79' lang='grc' dir='ltr'>τῆς</span> <span class='ocrx_word' id='word_1_745' title='bbox 2621 5022 2981 5093; x_wconf 81' lang='grc' dir='ltr'>Παλαιστίνης</span> <span class='ocrx_word' id='word_1_746' title='bbox 3037 5026 3317 5092; x_wconf 84' lang='grc' dir='ltr'>Γελάσιος,</span> <span class='ocrx_word' id='word_1_747' title='bbox 3367 5031 3720 5097; x_wconf 72' lang='grc' dir='ltr'>διαδεξάμενος</span> 
     </span>
    </p>
   </div>
   <div class='ocr_carea' id='block_1_112' title="bbox 2176 5112 3717 5189">
    <p class='ocr_par' dir='ltr' id='par_1_112' title="bbox 2176 5112 3717 5189">
     <span class='ocr_line' id='line_1_112' title="bbox 2176 5112 3717 5189; baseline 0.005 -25"><span class='ocrx_word' id='word_1_748' title='bbox 2176 5114 2269 5164; x_wconf 73' lang='grc' dir='ltr'><strong>τὸν</strong></span> <span class='ocrx_word' id='word_1_749' title='bbox 2303 5112 2583 5177; x_wconf 80' lang='grc' dir='ltr'>’Δκάκιον,</span> <span class='ocrx_word' id='word_1_750' title='bbox 2613 5113 2670 5176; x_wconf 86' lang='grc' dir='ltr'>ὃς</span> <span class='ocrx_word' id='word_1_751' title='bbox 2705 5116 2793 5165; x_wconf 81' lang='grc' dir='ltr'>τὸν</span> <span class='ocrx_word' id='word_1_752' title='bbox 2828 5115 3115 5184; x_wconf 81' lang='grc' dir='ltr'>Παμφίλου</span> <span class='ocrx_word' id='word_1_753' title='bbox 3145 5119 3423 5174; x_wconf 77' lang='grc' dir='ltr'>Εὑσέϐιονο</span> <span class='ocrx_word' id='word_1_754' title='bbox 3448 5126 3531 5175; x_wconf 73' lang='grc' dir='ltr'><strong>καὶ</strong></span> <span class='ocrx_word' id='word_1_755' title='bbox 3552 5122 3717 5189; x_wconf 76' lang='grc' dir='ltr'>ἕτεροι</span> 
     </span>
    </p>
   </div>
   <div class='ocr_carea' id='block_1_113' title="bbox 2178 5200 3714 5283">
    <p class='ocr_par' dir='ltr' id='par_1_113' title="bbox 2178 5200 3714 5283">
     <span class='ocr_line' id='line_1_113' title="bbox 2178 5200 3714 5283; baseline 0.008 -30"><span class='ocrx_word' id='word_1_756' title='bbox 2178 5204 2444 5269; x_wconf 77' lang='grc' dir='ltr'>πλεῖστοι,</span> <span class='ocrx_word' id='word_1_757' title='bbox 2472 5205 2673 5273; x_wconf 73' lang='grc' dir='ltr'>ἀρετῆς</span> <span class='ocrx_word' id='word_1_758' title='bbox 2711 5207 2811 5273; x_wconf 83' lang='grc' dir='ltr'><strong>μὲν</strong></span> <span class='ocrx_word' id='word_1_759' title='bbox 2845 5200 3094 5276; x_wconf 80' lang='grc' dir='ltr'>ἀθληταὶ,</span> <span class='ocrx_word' id='word_1_760' title='bbox 3131 5214 3209 5281; x_wconf 84' lang='grc' dir='ltr'>τῷ</span> <span class='ocrx_word' id='word_1_761' title='bbox 3241 5211 3343 5282; x_wconf 79' lang='grc' dir='ltr'><strong>βίῳ</strong></span> <span class='ocrx_word' id='word_1_762' title='bbox 3370 5213 3425 5268; x_wconf 79' lang='grc' dir='ltr'>δὲ</span> <span class='ocrx_word' id='word_1_763' title='bbox 3457 5215 3533 5266; x_wconf 81' lang='grc' dir='ltr'><strong>τὸν</strong></span> <span class='ocrx_word' id='word_1_764' title='bbox 3561 5212 3714 5283; x_wconf 75' lang='grc' dir='ltr'>λόγον</span> 
     </span>
    </p>
   </div>
   <div class='ocr_carea' id='block_1_114' title="bbox 2247 5359 2469 5416">
    <p class='ocr_par' dir='ltr' id='par_1_114' title="bbox 2247 5359 2469 5416">
     <span class='ocr_line' id='line_1_114' title="bbox 2247 5359 2469 5416; baseline 0.027 -5"><span class='ocrx_word' id='word_1_765' title='bbox 2247 5359 2356 5415; x_wconf 86' lang='lat' dir='ltr'><strong>lloc</strong></span> <span class='ocrx_word' id='word_1_766' title='bbox 2384 5374 2469 5416; x_wconf 83' lang='lat' dir='ltr'><strong>est</strong></span> 
     </span>
    </p>
   </div>
   <div class='ocr_carea' id='block_1_115' title="bbox 2244 5452 3315 5527">
    <p class='ocr_par' dir='ltr' id='par_1_115' title="bbox 2244 5452 3315 5527">
     <span class='ocr_line' id='line_1_115' title="bbox 2244 5452 3315 5527; baseline 0.015 -24"><span class='ocrx_word' id='word_1_767' title='bbox 2244 5452 2581 5527; x_wconf 59' lang='lat' dir='ltr'><strong>Reiecit/nec</strong></span> <span class='ocrx_word' id='word_1_768' title='bbox 2618 5454 2981 5511; x_wconf 78' lang='lat' dir='ltr'><strong>Macedoniam</strong></span> <span class='ocrx_word' id='word_1_769' title='bbox 3022 5462 3280 5518; x_wconf 82' lang='lat' dir='ltr'><strong>radicitus</strong></span> <span class='ocrx_word' id='word_1_770' title='bbox 3303 5505 3315 5527; x_wconf 85' lang='lat'><strong>,</strong></span> 
     </span>
    </p>
   </div>
   <div class='ocr_carea' id='block_1_116' title="bbox 2245 5523 3410 5599">
    <p class='ocr_par' dir='ltr' id='par_1_116' title="bbox 2245 5523 3410 5599">
     <span class='ocr_line' id='line_1_116' title="bbox 2245 5523 3410 5599; baseline 0.014 -29"><span class='ocrx_word' id='word_1_771' title='bbox 2377 5523 2632 5591; x_wconf 82' lang='lat' dir='ltr'><strong>Spiritum</strong></span> <span class='ocrx_word' id='word_1_772' title='bbox 2662 5533 2855 5579; x_wconf 83' lang='lat' dir='ltr'><strong>temere</strong></span> <span class='ocrx_word' id='word_1_773' title='bbox 2883 5539 3184 5584; x_wconf 84' lang='lat' dir='ltr'><strong>creaturam</strong></span> <span class='ocrx_word' id='word_1_774' title='bbox 3207 5523 3410 5599; x_wconf 76' lang='lat' dir='ltr'><strong>vocans,</strong></span> 
     </span>
    </p>
   </div>
   <div class='ocr_carea' id='block_1_117' title="bbox 2248 5592 3382 5665">
    <p class='ocr_par' dir='ltr' id='par_1_117' title="bbox 2248 5592 3382 5665">
     <span class='ocr_line' id='line_1_117' title="bbox 2248 5592 3382 5665; baseline 0.016 -24"><span class='ocrx_word' id='word_1_775' title='bbox 2248 5592 2449 5646; x_wconf 84' lang='lat' dir='ltr'><strong>Deitute</strong></span> <span class='ocrx_word' id='word_1_776' title='bbox 2480 5610 2683 5648; x_wconf 84' lang='lat' dir='ltr'><strong>summa</strong></span> <span class='ocrx_word' id='word_1_777' title='bbox 2708 5607 2940 5665; x_wconf 77' lang='lat' dir='ltr'><strong>segregat</strong></span> <span class='ocrx_word' id='word_1_778' title='bbox 2976 5603 3382 5661; x_wconf 71' lang='lat' dir='ltr'><strong>sanctissimum.</strong></span> 
     </span>
    </p>
   </div>
  </div>
