3936 6206
289 240 402 301 777

1253 254 1848 322 ECCLESIASTIC/E
1885 260 2269 325 BlSTORI/E
2310 268 2452 328 LIB.
2496 266 2630 330 XII.

3423 273 3529 338 778
3571 293 3577 301 ‘

278 349 639 418 κοσμοῦντεςθ
668 351 717 405 οἳ
747 354 810 423 δὴ
846 357 1049 422 πάντες
1087 358 1148 412 τὸ
1180 364 1429 431 πραχθὲν
1458 369 1824 434 μυσαττόμενε

1956 384 2261 433 successor,
2313 381 2369 425 et
2417 372 2511 426 alii
2574 372 2967 443 quamplurimi
3020 373 3289 445 episcopi,
3322 381 3527 449 egregii

275 441 392 495 τῶν
419 443 742 510 Αἰγυπτίων
767 447 1157 520 διακριθέντες,
1193 454 1272 524 τῷ
1307 458 1530 529 μεγάλῳ
1562 461 1851 534 Γρηγορίῳ

278 535 545 604 συνῆσαν.
576 538 686 592 Καὶ
714 538 828 610 ἅμα
856 542 1155 611 γινόμενοι,
1184 547 1283 610 τάς
1304 565 1361 601 τε
1388 554 1731 622 πανηγύρεις
1758 557 1850 609 καὶ

273 629 506 692 τελετὰς
552 631 649 684 καὶ
701 633 925 700 σύμπαν
957 638 1022 704 τῇ
1068 636 1365 710 Ἐκκλησία
1411 643 1474 694 τὸ
1528 645 1739 709 είωθὸς,
1774 647 1851 712 ὡς

271 719 441 785 εἰκὸς,
478 720 649 785 ἀδεῶς
682 724 989 778 ἐπετέλουν.
1024 726 1131 792 Οὓς
1154 732 1181 782 ὁ
1209 731 1350 795 θεῖος
1381 736 1683 804 παρεκάλει
1709 739 1850 808 Γρη-

269 814 482 883 γόριος,
504 819 913 884 ἐπιεικέστατος
939 825 1034 876 καὶ
1056 823 1389 895 ἀτυφότατος
1406 829 1566 901 εἴπερ
1592 850 1674 894 τις
1698 834 1846 901 μάλα

269 908 587 976 γενόμενος,
624 918 943 981 συμφωνεῖν
994 917 1131 984 πρὸς
1173 918 1441 991 ἀλλήλους
1475 924 1714 987 ἑλέσθαι,
1754 927 1847 980 καὶ

268 999 371 1068 τὴν
402 1001 634 1071 εἰρήνην
684 1004 1054 1070 ἀσπάζεσθαιο
1084 1009 1167 1063 ὅτι
1206 1028 1262 1079 γε
1300 1014 1396 1067 mi.
1432 1014 1530 1085 τὴν
1559 1017 1844 1089 συνάθροι-

268 1108 359 1144 σιν
385 1092 477 1145 διὰ
505 1094 709 1165 ταύτην
743 1099 1027 1161 γενέσθαιν
1054 1104 1147 1155 καὶ
1183 1108 1459 1177 προτιμᾷν
1496 1108 1595 1177 μὲν
1644 1112 1841 1182 αὐτὴν,

264 1179 364 1246 τῆς
391 1178 438 1230 δ’
460 1181 580 1243 ἐνὸς
610 1182 825 1248 ἀδικίας
856 1188 1151 1259 ὑπερορᾷν.
1189 1209 1208 1243 ι
1241 1195 1346 1247 Καὶ
1370 1197 1479 1266 γὰρ
1504 1198 1633 1267 ἐγὼ,
1662 1178 1840 1271 ἔλεγε,

262 1271 377 1323 τῶν
424 1274 638 1329 πολλῶν
676 1281 973 1347 φροντίδων
1013 1286 1366 1356 ἀπαλλαγεὶς,
1395 1291 1496 1361 τὴν
1536 1294 1599 1345 ὲκ
1639 1295 1841 1350 πολλοῦ

268 1380 361 1431 μοι
396 1365 562 1436 φίλην
608 1366 764 1434 αὖθις
816 1374 1047 1445 ἡσυχίαν
1096 1379 1439 1452 ἀσπάσομαιο
1482 1387 1576 1439 καὶ
1624 1388 1838 1459 ὑμῶνή

263 1458 744 1522 περισπούδαστος
772 1465 963 1535 εἰρήνη
1007 1468 1377 1541 προσγένηται
1417 1475 1555 1542 μετὰ
1588 1476 1679 1529 τὸν
1726 1458 1837 1546 μαέ

262 1546 401 1613 κρον
424 1549 631 1603 ἐκεῖνον
658 1553 753 1606 καὶ
782 1553 1295 1626 δυσκαταγώνιστον
1318 1564 1578 1634 πόλεμον.
1600 1568 1836 1638 Ἔμοιγε

262 1639 375 1709 γὰρ
400 1642 510 1693 τῶν
539 1641 659 1695 λίαν
690 1645 907 1699 ἀτόπων
941 1646 1080 1703 εἶναι
1119 1651 1416 1720 λογίζεται,
1450 1658 1575 1727 ἄρτι
1606 1659 1706 1728 τῆς
1728 1662 1836 1714 τῶν

1959 459 2179 515 virtutis
2228 461 2448 516 athleta
2477 471 2536 518 et
2567 472 2979 522 eoneertatcres
3007 505 3021 530 ,
3056 466 3368 522 doctrinam
3420 470 3529 524 vita

1958 551 2073 621 ipsa
2100 562 2449 631 exornantes.
2467 554 2569 621 Qui
2593 570 2783 612 omnes
2803 557 3006 614 factum
3028 560 3134 614 tale
3152 570 3528 636 exsecrantes,

1957 657 2014 697 se
2044 643 2112 697 ab
2160 628 2425 716 Egyptiis
2471 647 2850 717 sejunxerunt,
2911 659 2968 705 et
3015 652 3282 723 Gregorio
3329 628 3525 724 magno

1955 733 2251 790 all'uerunt.
2305 736 2462 808 241
2498 737 2634 792 Nam
2668 755 2776 796 una
2824 755 2949 796 eum
2996 757 3063 797 eo
3090 755 3415 804 conventus.
3468 756 3523 801 et

1954 836 2200 889 sacra,et
2235 828 2372 883 ritus
2389 829 2666 894 Ecclesiae,
2698 843 2924 902 recepto
2951 849 3103 890 more
3133 850 3326 891 omnes
3350 836 3524 892 libere

1952 906 2306 988 peragebant.
2349 921 2499 987 Quos
2529 923 2748 979 divinus
2778 924 3098 997 Gregorius,
3122 929 3166 983 si
3193 931 3319 999 quis
3354 930 3518 994 alius,

1951 1016 2008 1063 et
2046 1009 2162 1080 ipse
2206 1012 2478 1071 humanus
2529 1025 2585 1071 et
2634 1017 2897 1081 humilis,
2934 1020 3167 1076 maxime
3197 1021 3522 1077 adhortatus

1950 1112 2054 1164 est,
2084 1111 2142 1156 ut
2178 1105 2530 1162 concordiam
2560 1116 2613 1163 et
2651 1123 2835 1177 pacem
2866 1110 3012 1165 inter
3044 1127 3122 1176 se,
3150 1114 3309 1184 cujus
3342 1116 3517 1185 gratia

1950 1206 2256 1252 conventus
2288 1213 2507 1271 quoque
2534 1211 2755 1257 οοοοιιις
2783 1212 2957 1267 esset,
2979 1204 3248 1273 colerent,
3285 1222 3516 1277 eamque

1951 1283 2165 1357 injuriae
2190 1289 2430 1345 hominis
2458 1291 2642 1359 unius,
2692 1308 2853 1361 quam
2887 1305 3241 1352 contemnere
3272 1298 3512 1363 deceret,

1945 1378 2286 1448 praeferrent.
2326 1399 2345 1434 ι
2376 1381 2490 1453 Ego
2522 1382 2690 1451 enim,
2726 1386 2925 1455 inquit,
2958 1390 3107 1443 curis
3152 1390 3337 1444 multis
3376 1391 3513 1445 libe-

1947 1478 2117 1534 ratus,
2170 1481 2478 1542 exoptatam
2525 1474 2657 1530 mihi
2687 1475 2894 1531 dudum
2937 1487 2993 1533 et
3019 1490 3224 1550 gratam
3269 1482 3507 1551 quietem

1946 1576 2260 1633 persequar.
2311 1564 2377 1619 Et
2422 1565 2580 1622 vobis
2627 1569 2814 1636 simul,
2862 1572 3335 1640 postdiuturnum
3372 1575 3505 1629 illud

1944 1661 1997 1705 et
2029 1653 2451 1725 inexpugnabile
2478 1657 2706 1723 bellum,
2746 1667 2897 1715 tanto
2923 1663 3107 1718 studio
3140 1665 3374 1732 expetita
3402 1681 3507 1736 pax

262 1732 527 1786 ἐναντίων
559 1737 741 1806 μάχης
774 1740 1218 1810 ἀπαλλαγέντας,
1257 1749 1377 1800 κατ’
1401 1721 1824 1819 ἀλλήλων-ότιλί-

1936 1721 2384 1815 οοηιίιιεειίΜοο
2421 1749 2644 1817 quidem
2669 1721 2882 1820 judicio
2913 1721 3313 1822 perabsurdum
3335 1721 3508 1823 esset,

264 1823 480 1892 ζεσθαι,
509 1830 599 1881 καὶ
629 1828 848 1899 βάλλειν
875 1833 949 1896 ὡς
984 1833 1166 1907 ἔτυχε,
1200 1840 1293 1892 καὶ
1323 1839 1420 1911 τὴν
1447 1841 1604 1912 ἰσχὺν
1631 1845 1690 1898 ἐν
1722 1848 1835 1909 τοῖς

262 1917 344 1988 μὴ
388 1922 763 1991 προσήκουσιν
812 1925 1150 1982 ἀναλίσκεινο
1203 1930 1347 1985 οὕτω
1386 1934 1495 2004 γάρ
1548 1936 1832 2008 ἐπίχαρτοι

246 2011 355 2063 καὶ
385 2015 498 2075 τοῖς
528 2013 821 2082 δυσμενέσι
855 2017 1309 2090 γενοίμεθα,.Είγε
1338 2025 1520 2079 τοίνυν
1554 2025 1679 2095 ἐμοὶ
1714 2032 1834 2082 πεί-

258 2099 466 2167 θοισθε,
496 2105 667 2175 ἄνδρα
696 2109 818 2161 τινὰ
862 2110 1160 2181 εὑρηκότες
1200 2114 1293 2166 τοῦ
1331 2114 1522 2186 θρόνου
1553 2119 1827 2187 ἀντάξιον,

252 2193 354 2244 καὶ
388 2191 518 2265 νοῦν
563 2193 706 2247 θεῖον
738 2195 948 2265 ἔχοντα,
995 2200 1096 2267 τὴν
1133 2199 1235 2270 τῆς
1282 2202 1609 2271 Ἐκκλησίας
1654 2209 1829 2280 τούτῳ

250 2284 592 2350 προστασίαν
622 2283 909 2339 ἀνάθεσθε·
940 2287 998 2347 ὃς
1029 2287 1149 2360 Θεῷ
1179 2280 1619 2363 κυϐερνώμενος,
1647 2298 1830 2362 καλῶς

246 2373 361 2442 ἄρα
386 2364 624 2428 διόιθόίτο
648 2377 848 2433 πάντα.
875 2398 894 2430 ι
927 2379 1152 2445 Τούτοις
1182 2383 1382 2437 ἐκείνοι
1415 2386 1489 2458 μὴ
1521 2388 1827 2458 ἀντιλέγειν

246 2464 496 2535 ἔχοντες,
527 2466 622 2518 καὶ
650 2467 877 2529 ἄκοντες
905 2470 1231 2527 ἐνεδίδοσαν.
1267 2476 1377 2528 Καὶ
1403 2476 1497 2530 τὸν
1529 2478 1627 2548 μὲν
1660 2482 1827 2536 Κυνι-

247 2557 349 2614 κὸν
382 2558 637 2627 Μάξιμον
666 2559 829 2623 εὐθὺς
853 2559 950 2631 τῆς
985 2563 1274 2634 ἱερατικῆς
1314 2567 1474 2634 ἀξίας
1497 2571 1823 2641 γυμνώσαν-

245 2667 364 2715 τες,
402 2649 511 2702 τῶν
550 2651 710 2721 ἱερῶν
758 2653 1060 2723 περιϐόλων
1116 2657 1428 2728 ἐξήλαυνον,
1481 2664 1824 2733 ὲκκὴρυκτον

248 2744 643 2813 ποιησάμενοι,
672 2746 766 2798 καὶ
806 2745 893 2799 διὰ
942 2749 1003 2801 τὸ
1033 2750 1363 2819 παραλόγως
1403 2755 1502 2823 μὲν
1542 2756 1619 2826 τῷ
1647 2758 1823 2830 θρόνῳ

244 2836 613 2906 ἑπιπηδῆσαι,
642 2838 877 2907 μάλιστα
907 2839 951 2893 δ’
975 2842 1080 2905 ὅτι,
1114 2841 1306 2915 ὥσπερ
1337 2845 1574 2919 εἴρηται,
1601 2851 1695 2903 καὶ
1723 2853 1823 2923 τῆς

252 2926 677 2998 Ἀπολλιναρίου
713 2930 1138 2999 φρενοϐλαϐείας
1167 2933 1422 3006 ἔμπλεως
1446 2940 1819 3013 καθειστήκει.

240 3020 555 3090 Γρηγόριος
607 3021 663 3074 δὲ
714 3023 805 3076 τὸν
840 3023 1029 3092 θρόνον
1072 3027 1269 3093 λιπὼν,
1298 3031 1392 3085 ἐπὶ
1437 3032 1537 3103 τὴν
1589 3037 1891 3111 πατρίδας

238 3110 557 3177 Ναζιανζὺν
584 3112 852 3185 ἀνεχώρει
884 3113 1079 3185 abem,
1098 3120 1190 3194 καὶ
1220 3122 1401 3193 ἡσυχῆ
1437 3124 1680 3197 καθῆστο
1704 3129 1820 3186 διάη

241 3222 360 3273 γων
413 3206 541 3259 καθ’
597 3207 812 3271 ἑαυτὸν,
880 3210 1073 3280 μηδενὶ
1138 3214 1435 3269 σκανδάλου
1498 3221 1818 3278 καταλιπὼν

240 3297 541 3366 πρόφασιν,
574 3297 652 3367 τῷ
706 3298 847 3352 ἑκὼν
898 3302 1258 3374 ὑποχωρῆσαι
1303 3306 1400 3359 τοῦ
1446 3308 1658 3374 θρόνου.
1706 3315 1817 3387 Καί

240 3406 306 3458 γε
342 3390 496 3443 τόνδε
531 3392 622 3444 τὸν
656 3391 824 3462 ἄνδρα
872 3394 1188 3462 σοφώτατον
1238 3398 1386 3466 μάλα
1434 3400 1817 3474 διαγενόμενον

241 3484 339 3535 καὶ
383 3484 495 3535 τῶν
539 3484 715 3537 ἄλλων
763 3485 983 3538 πάντων
1021 3487 1208 3551 ἕνεκα,
1258 3489 1355 3560 οὐχ
1394 3492 1596 3562 ἥκιστα
1630 3496 1688 3549 δὲ
1720 3501 1816 3552 καὶ

233 3573 332 3627 τοῦ
361 3576 628 3643 παρόντος
660 3578 836 3629 ἔπεισί
878 3595 969 3647 μοι
1007 3578 1333 3649 θαυμάζειν.
1376 3584 1515 3639 Οὔτε
1554 3587 1660 3659 γὰρ
1710 3590 1814 3646 ὑπὸ

229 3665 338 3733 τῆς
387 3662 722 3730 εὐγλωττίας
772 3664 1006 3735 ἐπῆρτο,
1055 3665 1179 3721 οὔτε
1234 3671 1344 3741 μὴν
1401 3674 1585 3743 ἥττονι
1648 3678 1814 3749 κενῆς

226 3752 393 3824 δόξης
413 3754 655 3821 ὀφθέντι,
679 3755 864 3825 ἔφεσις
889 3759 1204 3830 ὑπεισέρῤει
1233 3768 1560 3832 προστατεῖν
1608 3770 1812 3841 ἐκκλη-

229 3845 356 3907 σίας
386 3846 682 3916 τοσαύτης,
706 3847 772 3919 ῆν
803 3848 929 3918 μηδ’
953 3844 1093 3903 εἶναι
1120 3852 1556 3921 κινδυνεύουσαν,
1585 3860 1643 3922 ἐς
1674 3862 1806 3915 πολύ

224 3953 280 3988 τι
331 3937 433 3989 καὶ
487 3937 632 4004 μέγα
677 3938 956 3993 ἐπιδοῦναι
1003 3941 1120 4004 ταῖς
1159 3942 1387 4008 οἰκείαις
1431 3946 1811 4016 διδασκαλίαις

226 4030 711 4099 παρεσκευάσατοο
747 4030 880 4083 ἀλλὰ
912 4033 1004 4084 καὶ
1042 4035 1140 4105 τὴν
1178 4039 1659 4109 παρακαταθήκην
1692 4046 1806 4106 τοῖς

221 4129 554 4188 ἐπισκόποις
581 4123 742 4185 εὐθὺς
774 4120 1078 4188 ἀπέδωκεν,
1111 4125 1235 4180 οὔτε
1269 4128 1396 4192 τοὺς
1436 4131 1631 4195 πόνους
1667 4152 1801 4205 προ-

222 4221 565 4288 δεϐλημένος
592 4216 624 4288 ἢ
653 4213 780 4276 τοὺς
807 4214 1110 4280 κινδύνους,
1135 4216 1229 4281 οὓς
1258 4218 1507 4291 διήνεγκε
1544 4226 1677 4292 πρὸς
1703 4228 1801 4289 τὰς

1936 1832 1982 1887 si
2012 1848 2187 1906 nuper
2199 1837 2494 1892 admodum
2519 1839 2736 1895 hostilis
2752 1855 2948 1910 pugna:
2961 1842 3207 1912 periculo
3235 1844 3502 1912 defuncti,

1937 1937 2087 1978 arma
2131 1924 2277 1981 inter
2321 1942 2422 1983 nos
2451 1928 2598 1999 ipsos
2640 1946 2982 1988 sumeremus
3009 1971 3024 1998 ,
3073 1943 3129 1988 et
3175 1934 3336 1990 sicuti
3381 1951 3504 1993 sors

1933 2011 2122 2080 ferret,
2154 2015 2257 2070 tela
2292 2026 2495 2073 temere
2542 2021 2942 2092 conjiceremus
2965 2064 2981 2089 ,
3034 2026 3313 2096 roburque
3336 2042 3502 2083 omne

1935 2103 1990 2156 in
2047 2105 2247 2175 quibus
2307 2110 2533 2166 minime
2575 2112 2736 2168 decet
2773 2116 3167 2174 certaminibus
3213 2135 3505 2176 consume-

1932 2208 2138 2250 remus.
2174 2196 2265 2251 Sic
2294 2199 2503 2255 scilicet
2537 2201 2790 2259 hostibus
2820 2221 3042 2275 quoque
3068 2209 3223 2278 ipsis,
3255 2222 3315 2266 ut
3348 2213 3499 2267 clade

1931 2294 2116 2340 nostra
2143 2287 2477 2357 laetarentur,
2497 2310 2716 2351 causam
2749 2299 3135 2369 praeberemus.
3153 2304 3501 2378 Quapropter

1931 2376 1977 2430 si
2018 2378 2311 2435 consilium
2349 2399 2530 2440 meum
2578 2391 2732 2460 sequi
2786 2393 2982 2449 voletis
3007 2434 3022 2460 ,
3052 2396 3170 2449 viro
3200 2398 3364 2453 alicui
3402 2416 3499 2469 per

1931 2468 2374 2541 disquisitionem
2399 2476 2644 2547 invento,
2679 2484 2771 2551 qui
2801 2485 2981 2541 divina
3011 2498 3190 2543 mente
3214 2468 3495 2560 pratditus,

1929 2563 2058 2618 sede
2110 2565 2211 2620 hac
2239 2566 2437 2638 dignus
2471 2572 2562 2637 sit,
2597 2574 2800 2645 quique
2837 2577 2944 2632 Deo
2972 2580 3216 2636 actiones
3243 2585 3363 2653 ejus
3394 2601 3495 2654 gu-

1926 2649 2215 2721 bernante,
2249 2657 2353 2711 rite
2388 2661 2569 2715 omnia
2599 2672 2654 2716 et
2685 2664 2876 2720 ordine
2900 2666 3063 2721 faciat
3092 2649 3497 2739 atque-consti-

1930 2747 2067 2809 tuat,
2111 2746 2356 2803 ecelesim
2396 2751 2775 2820 praefecturam
2824 2758 3199 2815 committetis.
3234 2781 3252 2813 ι
3287 2762 3490 2820 Contra

1924 2836 2089 2890 verba
2125 2836 2264 2906 haec,
2292 2855 2416 2895 cum
2451 2848 2595 2913 quod
2631 2846 2905 2914 dicerent,
2942 2866 3050 2905 non
3087 2852 3372 2920 haberent,
3409 2859 3493 2911 vel

1924 2924 2080 2981 inviti
2109 2930 2159 2984 ei
2194 2936 2583 2992 cesserunt.Et
2604 2940 2891 2994 confestim
2921 2943 3209 3000 Maximum
3225 2947 3488 3020 Cynicqu

1924 3018 2222 3092 episcopali
2259 3024 2525 3095 dignitate
2555 3030 2817 3087 nudatum
2851 3042 3014 3104 atque
3041 3018 3490 3098 excommunica-

1925 3121 2038 3170 tum
2063 3115 2272 3172 aedibus
2299 3119 2471 3175 sacris
2498 3123 2796 3192 ejecerunt,
2828 3143 2950 3182 cum
2980 3135 3124 3199 quod
3158 3144 3358 3203 prmter
3403 3152 3493 3192 ra-

1924 3206 2130 3263 tionem
2161 3208 2441 3280 illegitime
2463 3213 2718 3268 thronum
2747 3218 3038 3276 invasisset
3058 3232 3203 3287 ,tum
3232 3229 3485 3294 maxime,

1922 3299 2082 3355 sicuti
2119 3299 2324 3356 dictum
2345 3312 2451 3369 est,
2481 3305 2626 3375 quod
2649 3307 3000 3378 2Apollinaris
3040 3318 3366 3375 vecordibus
3400 3322 3485 3376 iu-

1922 3393 2207 3462 temperiis
2236 3396 2558 3465 agitaretur.
2594 3398 2891 3471 Gregorius
2914 3415 3096 3460 autem
3118 3410 3246 3465 sede
3276 3413 3482 3478 relicta,

1919 3482 1972 3537 in
2029 3486 2257 3553 patriam
2312 3485 2647 3542 Nazianzum
2705 3507 2981 3559 reversus,
3032 3498 3198 3552 vitam
3242 3505 3484 3570 quietam

1915 3574 2161 3643 privatus
2217 3579 2518 3649 transegit:
2573 3597 2753 3651 neque
2802 3584 3040 3654 cuipiam
3083 3603 3149 3642 eo
3194 3593 3337 3661 quod
3386 3610 3481 3652 sua

1914 3676 2109 3735 Sponte
2142 3667 2339 3723 throno
2369 3672 2553 3735 cessit,
2579 3674 2817 3730 scandali
2838 3675 2954 3732 sive
2973 3680 3286 3738 oﬂendiculi
3318 3701 3478 3742 occa-

1913 3759 2120 3813 sionem
2154 3761 2408 3829 praebuit.
2447 3762 2553 3818 Sed
2594 3768 2740 3819 enim
2777 3768 2957 3823 virum
3010 3773 3157 3828 hunc
3185 3775 3343 3848 longe
3385 3797 3474 3834 sa-

1911 3850 2336 3919 pientissimum,
2369 3869 2493 3908 cum
2526 3855 2659 3911 alias
2700 3857 2771 3913 ob
2805 3874 2891 3914 res
2927 3875 3118 3919 omnes
3144 3866 3322 3931 valde,
3357 3878 3472 3924 tum

1908 3956 2041 3996 vero
2068 3941 2168 3999 hac
2197 3944 2313 4014 ipsa
2355 3945 2420 4001 de
2452 3962 2613 4002 causa
2652 3964 2763 4004 non
2796 3952 2979 4008 minus
3015 3957 3271 4013 admirari
3315 3962 3471 4017 libet.

1904 4032 2095 4104 Neque
2143 4036 2288 4090 enim
2338 4039 2688 4108 eloquentia,
2716 4058 2820 4111 qua
2874 4045 3168 4114 plurimum
3214 4052 3472 4121 pollebat,

1905 4124 1971 4178 ad
2028 4128 2339 4196 superbiam
2384 4129 2562 4185 elatus
2594 4141 2719 4186 est:
2769 4149 2947 4202 neque
2981 4138 3050 4192 ab
3085 4140 3234 4196 inani
3291 4147 3461 4213 gloria

1905 4217 2101 4285 victus,
2137 4219 2665 4278 administrationem
2703 4227 2948 4283 ecclesia:
2986 4239 3148 4287 tantae
3184 4239 3467 4305 expetivit,

221 4317 471 4383 αἱρέσεις
516 4308 868 4379 ζυγομαχῶν.
919 4309 1115 4362 Καίτοι
1147 4327 1211 4378 γε
1256 4311 1316 4363 τὺ
1366 4315 1800 4385 προσιστάμενον

1931 4325 2065 4380 {uani
2100 4311 2237 4381 ipse,
2271 4326 2396 4366 cum
2424 4329 2591 4384 prope
2611 4315 2723 4385 jam
2755 4318 3073 4386 interiisset,
3101 4325 3167 4377 ad
3196 4342 3314 4384 eam
3350 4346 3471 4385 rur-

450 4366 466 4373 -
525 4366 541 4373 γ
597 4366 608 4377 .
657 4366 668 4376 .
740 4366 769 4379 η
1157 4366 1170 4378 .
1411 4366 1423 4380 .
1584 4366 1793 4385 γης-η-.

220 4407 406 4471 ὀλίγον
437 4403 470 4472 ἦ
504 4401 657 4454 οὐδὲν
705 4396 796 4470 ἦν,
844 4398 984 4452 ὥστε
1027 4400 1299 4474 διατιὲχειν⁸
1331 4402 1421 4454 τὸν
1474 4404 1667 4474 θρόνον
1702 4411 1793 4460 καὶ

1931 4366 1934 4380 λ
2121 4366 2137 4381 .
2224 4366 2237 4379 1
2424 4366 2447 4382 ι⁷
2501 4366 2549 4384 ’r
2571 4366 2586 4369 ν
2611 4366 2723 4385 σ”-“
2757 4366 3073 4386 """""‘"’"
3101 4366 3166 4377 "“
3196 4366 3313 4384 "“'"‘
3352 4366 3465 4385 ¹¹¹¹“

1934 4417 2022 4456 utn
2079 4403 2495 4472 amplitudinem
2543 4407 2791 4463 doctrina
2834 4425 2931 4465 sua
2971 4428 3297 4482 provexerat
3330 4426 3465 4477 εει-(ί

220 4495 477 4568 ἡγεῖσθαι
507 4496 606 4562 τῆς
641 4491 1081 4557 Κωνσταντίνου,
1106 4492 1294 4562 ἐτέρου
1325 4494 1623 4549 ἐπισκόπου
1654 4502 1796 4554 κατὰ

1931 4492 2047 4546 ilico
2084 4495 2359 4565 episcopis
2395 4496 2707 4566 depositum
2746 4501 3010 4568 reddidit,
3042 4514 3219 4576 neque
3250 4510 3466 4569 labores

220 4588 533 4654 Ναζιανζὺν
570 4582 1150 4654 ἔπικηρυχθέντος.’Ἡ
1196 4600 1258 4650 γε
1305 4584 1412 4656 μὴν
1458 4586 1675 4651 σύνοδος
1725 4591 1794 4643 τὰ

1939 4597 2036 4637 uos
2059 4586 2363 4652 pertulerat
2388 4595 2484 4640 aut
2518 4588 2763 4656 pericula
2786 4605 2907 4665 quae
2942 4593 3203 4651 adversus
3225 4599 3463 4657 interest-5

216 4681 278 4746 ἐξ
307 4678 542 4750 ἀρχαίου
569 4676 913 4745 φυλάττουσα
945 4674 1130 4742 ἔθιμα,
1165 4674 1193 4727 ὃ
1222 4676 1577 4745 ἐγχειρίσασα
1609 4678 1788 4750 ὤφθη,

217 4772 347 4843 παρ’
379 4770 600 4830 ἑκόντος
630 4767 923 4837 ἀπείληφε,
952 4765 1122 4835 μηδὲν
1150 4766 1248 4818 ὅσα
1279 4766 1357 4834 τῷ
1393 4767 1550 4836 ἀνδρὶ
1580 4771 1789 4840 προσῇ.

1931 4768 2053 4841 ι42
2083 4786 2205 4824 cum
2240 4770 2463 4839 quidem
2502 4781 2560 4826 ut
2589 4777 2771 4828 sedem
2801 4790 2919 4831 eam
2956 4781 3256 4849 retineret,
3289 4794 3344 4839 et
3371 4801 3460 4841 ec-

215 4880 314 4915 σαν
347 4862 466 4914 θεῖα
506 4861 977 4925 πλεονεκτήματα,
1010 4854 1193 4919 αἰδοῦς
1217 4853 1520 4920 ἀξιώσασα.

1931 4858 2111 4917 lesiatn
2131 4861 2765 4933 Constantinopolianam
2779 4868 3205 4938 administraret,
3226 4876 3452 4949 aliojam

210 4957 466 5012 Nazianzi
492 4955 751 5024 episcopo
791 4952 1067 5006 declarato
1094 4992 1109 5015 ,
1147 4952 1229 5005 vel
1267 4967 1457 5020 parum
1486 4993 1500 5018 ,
1534 4956 1619 5010 vel
1646 4957 1780 5012 nihil
1821 4974 2047 5029 prorsus
2085 4957 2453 5028 impedimenti
2517 4970 2684 5016 esset.
2753 4963 2933 5034 Atque
2964 4969 3203 5038 synodus
3231 4973 3450 5056 quidem

210 5063 397 5104 mores
461 5049 675 5117 priscos
721 5061 1074 5109 conservans,
1112 5046 1164 5101 id
1196 5047 1341 5117 quod
1407 5047 1457 5103 ei
1519 5050 1575 5104 in
1625 5068 1820 5110 manus
1862 5055 2179 5122 tradiderat,
2249 5055 2318 5110 ab
2368 5055 2484 5126 ipso
2523 5073 2633 5112 non
2678 5059 2851 5116 invito
2888 5064 3092 5135 recepit
3123 5082 3137 5118 :
3170 5068 3306 5123 nihil
3333 5084 3454 5124 om-

207 5145 342 5197 nino
396 5142 614 5195 divinas
664 5139 1036 5206 ιιοιοεμίιιιιο
1088 5139 1142 5192 in
1199 5154 1268 5193 eo
1315 5140 1430 5195 viro
1476 5152 1677 5208 erant,
1718 5147 1977 5202 reverita.

798 5249 1048 5302 ΚΕΦΛΛ.
1087 5249 1190 5302 lB'.

204 5344 345 5430 Περι
374 5343 522 5430 ἒίθυ
561 5340 659 5394 καὶ
685 5338 923 5430 ἀγεννεῖς
948 5340 1415 5430 {arsere-30.
1451 5344 1779 5430 Γρηιεδριρν

272 5409 582 5474 διεδέξατο
608 5427 635 5482 '_
679 5410 780 5482 κςιξὶ
834 5409 915 5473 ὼς
943 5410 1069 5478 ἄρτι
1092 5409 1608 5479 ,ϐαπτισθεὶς-,ἐπὶ
1643 5409 1779 5482 ’τὴν

274 5483 575 5551 καθέδραν
606 5478 942 5535 ἀνέϐαινεν.

270 5575 525 5643 Μεγίστη
554 5570 613 5624 δὲ
648 5571 742 5624 καὶ
769 5571 1215 5644 πεφροντισμένη
1246 5573 1409 5647 βουλὴ
1437 5574 1513 5645 τῷ
1536 5593 1590 5628 τε
1625 5574 1777 5645 βασι-

1954 5578 2223 5637 ϐεειοιυιιι
2248 5581 2480 5635 maxima
2509 5597 2639 5635 cura
2685 5592 2739 5638 et
2770 5583 3092 5639 deliberatio
3125 5586 3446 5657 imperatori

208 5670 288 5723 λεί
319 5670 415 5724 καὶ
454 5666 567 5728 τοῖς
602 5665 926 5748 ἐπισκόποις
976 5665 1215 5733 ἐγένετο,
1267 5666 1361 5720 καὶ
1398 5669 1633 5738 μάλιστα
1681 5671 1773 5722 τοῦ

1931 5669 2263 5746 ,ορίερορίε
2291 5670 2680 5741 incumbebat,
2722 5675 3053 5746 imperatore
3103 5681 3446 5748 potissimum

417 5728 816 5826 immersae
876 5728 1117 5824 cxtvr
1200 5728 1211 5846 ί
1398 5728 1411 5738 ’

1998 5728 2015 5739 ι
2150 5728 2171 5733 ⁸-
2256 5741 2263 5746 _
2534 5728 2539 5729 ⁷
2666 5728 2679 5741 Ι
2724 5728 2767 5729 7"
2800 5728 3050 5746 “""'V_

3002 5778 3072 5793 Α..

3002 5796 3079 5838 “’ὒ

3003 5823 3036 5836 α

1895 4691 1991 4744 per
2021 4676 2339 4731 intestinum
2374 4678 2576 4733 bellum
2596 4695 2843 4750 pugnans
2865 4685 3096 4753 adierat,
3125 4693 3415 4758 praetendit
3442 4713 3454 4749 :

2480 5258 2704 5314 CAPUT
2743 5259 2855 5317 XII.

1887 5347 1963 5402 De
1993 5350 2099 5401 vita
2127 5358 2174 5400 el
2199 5349 2423 5424 moribus
2454 5348 2715 5414 Nectarii,
2760 5351 2997 5424 Gregorii
3023 5358 3330 5411 successoris
3355 5373 3375 5411 :
3401 5368 3450 5412 et

1958 5426 2012 5470 ut
2042 5434 2207 5540 n‘tltper
2243 5418 2563 5489 baptizatus,
2609 5418 2910 5477 cathedram
2955 5424 3299 5496 episcopalem
3329 5445 3450 5482 cou-

1958 5504 2071 5541 scen
2109 5490 2228 5541 erit.

1954 5504 2228 5541 scenaeru.
