3936 6206
307 298 414 361 781

1240 296 1838 359 ECCLESiASTlC/E
1882 295 2272 356 HISTORI/E
2314 298 2456 358 LIB.
2504 295 2644 357 XII.

3444 300 3552 362 782

303 412 512 475 πάντες
543 408 854 478 συμϐάντες
896 408 999 480 τὴν
1041 408 1136 464 τοῦ
1174 410 1509 479 κρατοῦντος
1546 409 1728 479 ψῆφον
1759 406 1880 463 ἐκύ-

1992 423 2206 475 canum,
2226 416 2289 462 ut
2327 423 2543 476 :equum
2574 406 2775 467 fuerat,
2795 403 3066 460 initiatum
3097 404 3266 459 fuisse
3297 405 3551 473 opinatus

304 520 458 573 ρουν,
489 500 652 563 εὐθὺς
679 501 900 570 ἐμυεῖτο
928 499 1254 568 Νεκτάριος.
1280 500 1402 553 "Et:
1447 499 1501 552 δὲ
1535 500 1633 569 τὴν
1678 514 1875 569 μυστι-

299 595 408 665 κὴν
433 593 642 664 ἐσθῆτα
674 592 1073 662 ἠμφιεσμένος,
1111 593 1265 661 κοινῇ
1317 592 1417 660 τῆς
1451 591 1668 644 συνόδου
1712 590 1880 660 ψήφῳ

300 688 405 755 τῆς
428 684 843 740 Κωνσταντίνου
881 684 1181 745 ἐπίσκοπος
1213 684 1572 753 ἁνηγόρευτο.
1606 679 1792 734 Ταῦτα
1831 680 1879 734 δ’

211 784 223 795 ⁶
298 777 450 831 οὕτω
481 775 758 846 συμϐῆναι
809 775 1023 840 πολλοῖς
1068 774 1388 846 ἐπιστεύθη,
1433 772 1569 826 Θεοῦ
1603 773 1680 841 τῷ
1721 774 1879 844 βασι-

298 871 387 923 λεῖ
407 874 742 940 χρήσαντος.
770 868 833 922 Ei
862 868 909 921 δ’
938 868 1163 937 ἀληθὲς,
1196 868 1309 920 εἴτε
1339 867 1432 920 καὶ
1465 868 1562 935 μὴ,
1597 866 1697 919 οὐκ
1723 866 1877 919 είσά-

302 979 414 1012 παν
446 962 573 1030 ἐμοὶ
602 960 963 1028 ἀκριϐοῦσθαι
995 959 1167 1012 ἔστιν’
1196 957 1432 1024 ἐμαυτὸν
1459 957 1504 1009 δ’
1531 958 1640 1025 ἄρα
1667 956 1883 1009 πεισαί-

303 1070 439 1120 μην,
471 1051 547 1130 μὴ
575 1052 730 1104 ἀθεεὶ
751 1051 849 1121 τὴν
875 1049 1133 1122 τοιαύτην
1164 1051 1441 1119 συμϐῆναι
1476 1048 1694 1118 πρᾶξιν,
1718 1047 1798 1117 τῷ
1817 1062 1876 1099 τε

299 1141 464 1208 ἀήθει
492 1145 591 1211 τῆς
615 1142 951 1211 χειροτονίας
976 1141 1070 1193 καὶ
1093 1138 1253 1209 ξένῳ,
1281 1140 1376 1194 καὶ
1399 1142 1510 1201 τοῖς
1542 1137 1679 1207 μετά
1700 1138 1877 1189 ταῦτα

296 1232 793 1300 τεκμηριούμενος.
852 1231 1023 1301 Πράῳ
1077 1230 1186 1300 γὰρ
1240 1230 1354 1283 δντι
1413 1229 1511 1282 καὶ
1562 1214 1753 1296 ἀγαθῷ
1804 1226 1873 1278 τὰ

300 1327 504 1381 πάντα.
534 1323 685 1384 sub;
727 1322 860 1375 Θεὸν
889 1322 989 1393 τὴν
1026 1322 1325 1393 ἱερωσύνην
1351 1320 1440 1374 διὰ
1464 1320 1565 1386 τῆς
1603 1318 1877 1387 τοσαύτης

304 1412 530 1464 συνόδου
579 1412 885 1481 ἐγχειρίσαι
939 1412 1107 1482 αὐτῷ.
1152 1410 1216 1465 Ἦ
1268 1413 1366 1481 μὲν
1418 1407 1514 1465 οὗν
1565 1409 1876 1478 Νεκταρίου

300 1503 612 1573 χειροτονία
662 1503 803 1556 οὓτω
845 1503 946 1574 τὴν
992 1504 1167 1573 ἀρχὴν
1214 1502 1494 1570 συμϐᾶσα,
1537 1501 1742 1554 τοιόνδε
1785 1505 1879 1556 καὶ

301 1595 479 1663 πέρας
508 1595 683 1647 αἴσιον
710 1594 888 1665 ἔσχεν.

1977 510 2085 555 est.
2120 501 2230 571 Ego
2250 516 2382 555 vero
2409 514 2517 555 non
2549 499 2668 554 sine
2686 505 2823 553 nutu
2854 496 2950 552 Dei
2990 496 3094 551 hoc
3117 496 3382 552 accidisse
3399 506 3550 566 puto.

1983 592 2160 661 Atque
2197 592 2287 647 ubi
2315 591 2367 645 id
2404 591 2658 661 princeps
2681 602 2901 658 quoque
2929 588 3169 649 rescivit,
3204 588 3453 657 quamvis
3482 604 3552 645 ex

1981 682 2259 752 episcopis
2286 682 2441 735 multi
2473 693 2662 736 contra
2693 680 3021 744 niteremur,
3054 681 3107 733 in
3153 682 3425 734 sententia
3473 688 3556 734 ta-

1987 790 2112 828 men
2145 791 2240 830 sua
2274 774 2366 828 ille
2409 772 2743 842 conquievit.
2780 773 3070 841 Postquam
3095 787 3228 825 vero
3250 812 3264 835 ,
3297 772 3391 841 qui
3426 787 3560 826 con-

1986 873 2275 929 venerant,
2319 879 2511 918 omnes
2547 864 2890 933 imperatoris
2946 862 3218 916 calculum
3261 862 3555 916 conﬁrma-

1986 972 2133 1019 runt,
2156 956 2431 1024 extemplo
2456 954 2748 1010 Nectarius
2774 954 3048 1024 baptismo
3080 952 3323 1007 initiatus
3344 990 3358 1012 ,
3389 960 3554 1021 atque

1976 1049 2284 1103 etiamnum
2326 1046 2558 1117 mystica
2589 1053 2742 1100 veste
2766 1044 3016 1107 indutus,
3048 1044 3433 1097 communibus
3466 1057 3559 1113 sy.

1980 1133 2110 1188 nodi
2146 1134 2421 1202 sull‘ragiis
2446 1133 2737 1202 episcopus
2772 1131 3253 1200 Constantinopoli
3311 1132 3559 1186 declara-

1979 1232 2068 1279 tus
2126 1233 2231 1279 est.
2294 1222 2417 1277 Haec
2453 1224 2533 1277 sic
2570 1223 2863 1290 accidisse,
2909 1223 3019 1278 Deo
3065 1233 3322 1293 tanquam
3359 1222 3562 1276 instru

1986 1326 2180 1371 mento
2204 1315 2322 1383 ipso
2350 1315 2600 1385 principe
2634 1325 2843 1381 utente,
2884 1332 2913 1370 a
2944 1317 3132 1370 multis
3153 1316 3422 1371 creditum
3449 1324 3554 1370 est.

1988 1407 2094 1460 Sed
2127 1421 2388 1460 verumne
2426 1406 2476 1459 id
2511 1408 2603 1468 sit,
2653 1423 2721 1461 an
2751 1422 2930 1473 secus,
2967 1406 3240 1463 aﬂirmare
3269 1419 3422 1462 certo
3450 1422 3556 1459 non

1986 1514 2230 1570 possum.
2250 1500 2376 1553 Mihi
2410 1500 2628 1569 quidem
2656 1502 2771 1569 ipse
2798 1504 3185 1571 persuaserim,
3214 1517 3326 1554 rem
3352 1510 3559 1554 tantam

1988 1606 2096 1645 non
2129 1593 2247 1646 sine
2273 1592 2621 1645 Providentia
2662 1592 2849 1647 divina
2878 1602 3057 1648 actam
3094 1609 3233 1654 esse.
3269 1608 3394 1646 cum
3429 1606 3561 1661 pro-

301 1696 427 1754 pter
456 1686 1065 1758 iusolitnmnovumque
1101 1687 1387 1744 electionis
1459 1695 1515 1741 et
1570 1683 2006 1740 consecrationis
2072 1699 2301 1744 morem,
2367 1692 2480 1736 tum
2516 1693 2743 1754 prepter
2780 1700 2971 1739 earum
3007 1702 3189 1741 rerum
3222 1702 3342 1754 quae
3367 1698 3559 1739 cense.

300 1768 448 1834 {mue
479 1782 1488 1851 sunt,magnitudinem,conjecturam
1509 1781 1651 1834 hanc
1669 1779 1899 1833 faciens.
1937 1777 2103 1849 244
2139 1777 2293 1843 Quod
2325 1794 2558 1848 namque
2592 1780 2861 1849 placidus,
2927 1789 2981 1834 et
3024 1779 3077 1832 in
3111 1780 3272 1834 rebus
3300 1778 3560 1836 omnibus

301 1874 486 1930 bonus
517 1875 636 1939 fuit,
668 1876 970 1930 verisimile
997 1886 1100 1937 est,
1134 1876 1302 1931 Deum
1335 1876 1411 1930 illi
1460 1890 1558 1944 per
1598 1874 1869 1944 synodum
1904 1882 2130 1935 tantam,
2192 1872 2574 1940 episcOpatnm
2623 1873 2982 1929 commisisse.
3049 1872 3405 1928 Consecratiu
3441 1871 3563 1941 qui-

295 1971 428 2023 dem
476 1968 708 2024 Nectarii
761 1968 865 2023 tale
908 1977 1199 2024 consecuta
1242 1969 1460 2023 initium
1485 2005 1501 2033 ,
1533 1968 1876 2037 auspicatum
1916 1980 2136 2035 quoque
2164 1965 2359 2020 habuit
2386 1968 2574 2022 linem.

843 2087 852 2096 ’
908 2086 1161 2140 ΚΕΦΑΛ.
1200 2085 1300 2141 ην.

296 2173 572 2260 Περζῶζ
610 2178 649 2245 ή
700 2179 839 2260 εἱγία
865 2177 1115 2260 δευτέρα
1140 2177 1543 2260 ,οἰκουμενικὴ
1590 2176 1884 2260 cogamus

370 2248 663 2313 σύνοδος.
691 2245 979 2302 διελοῦσα
998 2245 1105 2313 τὰς
1128 2250 1442 2316 ἐπαρχίας.
1467 2245 1796 2315 κυρώσὶισά
1819 2263 1882 2299 τε

374 2319 492 2383 τὴν
509 2319 580 2371 ἐν
617 2316 839 2383 ινικαίᾳ
867 2319 1096 2382 πίστιν,
1117 2319 1217 2388 καί
1245 2321 1309 2388 τὸ
1342 2317 1585 2385 Πνεῦμα
1612 2320 1678 2372 τὸ
1710 2317 1883 2388 ἄγων

334 2388 825 2456 ⁸θεολογήσασα,
861 2388 1126 2453 κανόνας
1163 2387 1421 2451 ἐξέθετο.

376 2561 615 2614 Ἔπειτα
662 2562 722 2621 ἐς
777 2561 941 2614 ταυτδ
994 2562 1045 2614 oi
1098 2564 1262 2632 ἱερεῖς
1311 2562 1552 2626 ἅπαντες
1609 2565 1884 2627 συνιόντες

300 2653 427 2721 ἅμα
472 2651 788 2722 Νεκταρίῳ,
840 2653 1113 2720 τάσφαλὲς
1162 2653 1255 2706 τδν
1309 2655 1434 2724 ὅρον
1486 2653 1632 2725 ἔχειν
1681 2657 1778 2726 τῆς
1824 2659 1885 2711 ἐν

294 2744 513 2815 Νικαίᾳ
564 2744 805 2809 πίστεως
854 2747 1247 2814 ἐπρυτάνευον,
1299 2747 1396 2799 καὶ⁵
1444 2749 1628 2800 πᾶσαν
1671 2749 1884 2818 αἵρεσιν

297 2838 711 2904 ἀπεκήρυττον.
782 2837 887 2888 Καὶ
957 2839 1057 2897 τὰς
1116 2836 1385 2906 ἐπαρχίας
1442 2837 1881 2907 διανειμάμενοι,

296 2927 656 2998 πατριάρχας
689 2930 1056 2995 κατέστησαν·
1105 2926 1400 2980 ἐθέτπισάν
1451 2945 1514 2981 τε
1568 2930 1709 2982 κατὰ
1757 2932 1883 2993 τοὺς

298 3021 479 3073 πάλαι
502 3020 739 3081 κανόνας
763 3018 891 3080 τοὺς
916 3020 1253 3082 ἐπισκόπους
1277 3019 1498 3073 ἐπὶτῶν
1526 3020 1672 3075 ἰδίων
1698 3022 1883 3092 μένειν

298 3112 642 3182 ἐκκλησιῶν,
679 3115 774 3165 καὶ
806 3112 882 3183 μὴ
927 3113 1001 3176 ώς
1054 3114 1216 3181 ἔτυχε
1265 3117 1381 3176 ταῖς
1425 3112 1735 3185 ἀλλοτρίαις
1767 3117 1883 3168 ἐνο-

297 3205 458 3276 ρίαις
503 3206 847 3269 ἐπιϐαίνειν,
915 3205 1051 3275 μηδέ
1113 3207 1382 3275 ἀκλήτους
1450 3207 1885 3279 μηδὲνιπροση-

297 3299 535 3360 κούσαις
580 3298 941 3368 χειροτονίαις
975 3298 1316 3353 ἐπιϐάλλειν.
1342 3299 1515 3354 Τοῦτο
1553 3302 1662 3370 γὰρ
1690 3302 1883 3372 πρώην

2570 2085 2795 2142 CAPUT
2837 2086 2979 2143 XIII.

1986 2174 2065 2228 De
2080 2177 2267 2249 quibus
2295 2177 2448 2249 rebus
2494 2188 2678 2249 sancta
2710 2179 2937 2232 secunda
2983 2179 3294 2233 universalis
3329 2179 3559 2249 synodus

2055 2247 2263 2299 decreta
2293 2246 2493 2309 tulerit,
2540 2248 2783 2302 diwcescs
2815 2258 2863 2301 et
2912 2250 3209 2317 provincias
3247 2246 3561 2303 ecclesiasti-

2054 2316 2421 2389 cas‘ordinans
2454 2330 2472 2367 :
2519 2328 2566 2369 et
2611 2326 2667 2369 ut
2711 2316 2992 2371 Nicwnam
3024 2322 3161 2371 idem
3188 2320 3558 2389 comprobem,

2056 2394 2105 2439 et
2132 2386 2206 2458 de,
2224 2384 2425 2458 Spiritu
2446 2399 2628 2439 sancto
2665 2390 2981 2442 sententiam
3010 2404 3270 2458 exponens
3290 2384 3313 2453 ,’
3336 2405 3560 2443 canones

2055 2455 2367 2509 condiderit.

2055 2568 2255 2626 Postea
2303 2569 2549 2640 episcopi
2594 2585 2788 2626 omnes
2823 2587 2932 2626 una
2975 2586 3099 2627 cum
3143 2572 3399 2628 Nectario
3430 2587 3563 2628 con-

1986 2662 2215 2731 gregati,
2273 2670 2333 2715 ut
2375 2653 2774 2717 Nicmnaz'tidei
2820 2663 3098 2717 decretum
3147 2673 3357 2719 certum
3394 2675 3557 2725 esset.

1984 2759 2413 2813 constituerunt.
2465 2757 2726 2813 Haeresim
2778 2774 2997 2814 omnem
3054 2759 3383 2813 damnarunt
3427 2771 3443 2812 :
3504 2769 3563 2814 et

1984 2850 2289 2920 provinciis
2317 2850 2530 2915 divisis,
2562 2850 2900 2919 patriarchas
2950 2852 3374 2906 constituerunt.
3422 2850 3569 2906 San-

1985 2951 2182 2997 xerunt
2205 2958 2424 3013 quoque
2456 2943 2607 3012 juxta
2639 2953 2851 2999 veteres
2895 2959 3169 3023 canones,
3214 2954 3274 2998 ut
3314 2945 3560 3014 episcopi

1987 3034 2040 3087 in
2079 3035 2328 3089 ecclesiis
2383 3035 2497 3089 suis
2531 3044 2960 3098 manentes,non
3012 3045 3215 3090 temere
3243 3036 3294 3090 in
3327 3037 3563 3091 aliarum

1986 3126 2308 3182 ditecesium
2353 3128 2489 3182 lines
2521 3128 2854 3191 transirent,
2889 3144 3028 3182 neve
3056 3143 3116 3183 se
3148 3129 3446 3199 illegitimis
3471 3146 3565 3182 or-

1986 3217 2363 3273 dinationibus
2394 3233 2503 3273 non
2529 3218 2704 3273 vocati
2731 3218 3042 3288 ingererent
3072 3235 3087 3274 :
3126 3219 3181 3272 id
3206 3220 3353 3289 quod
3377 3232 3561 3287 antea,

1986 3325 2111 3364 cum
2155 3310 2484 3365 universalis
2515 3309 2757 3366 Ecclesia
2809 3311 3293 3380 persecutioaibus
3316 3313 3563 3383 exagita-

302 3392 639 3457 συνέϐαινε,
702 3392 800 3460 τῆς
852 3391 1086 3445 καθόλου
1145 3392 1472 3463 Ἐκκλησίας
1519 3392 1879 3463 διωκομένης.

1992 3409 2164 3466 retur,
2195 3401 2400 3455 factum
2434 3401 2633 3456 fuerat.
2669 3401 3020 3471 Quaecunque
3071 3417 3201 3456 vero
3235 3403 3376 3471 apud
3398 3418 3565 3471 quos-

296 3487 450 3537 Ὅσα
496 3502 561 3552 γε
621 3485 728 3555 μὴν
780 3485 911 3554 παρ’
971 3485 1225 3547 ἑκάστοις
1280 3483 1595 3554 συμϐαίνει,
1631 3487 1730 3554 τὴν
1786 3488 1882 3538 τοῦ

299 3579 496 3642 ἔθνους
560 3579 802 3640 σύνοδον,
852 3577 929 3640 ὡς
1001 3580 1187 3649 ἐκείνῃ
1240 3578 1481 3648 κριθείη,
1542 3578 1769 3633 διοικεῖν
1821 3597 1882 3631 τε

305 3674 404 3724 καὶ
442 3671 729 3738 πράττειν.
755 3672 911 3725 Μετὰ
951 3670 1010 3724 δὲ
1056 3672 1404 3745 τδνβΡώμης
1461 3672 1550 3724 τὸν
1585 3672 1680 3741 τῆς
1732 3673 1886 3725 Κων-
1939 3688 1942 3692 λ

310 3764 600 3818 σταντίνου
628 3765 930 3817 ἐπίσκοπον
955 3764 1015 3818 τὸ
1042 3764 1332 3835 πρεσϐεῖον
1363 3764 1531 3833 ἔχειν,
1560 3765 1655 3817 ἆτε
1689 3765 1751 3835 δὴ
1785 3765 1883 3835 τῆς

297 3859 437 3920 νέας
477 3855 700 3927 Ῥώμης
724 3856 855 3910 ὄντα
881 3857 1195 3927 ἐπίτροπον.
1222 3857 1297 3910 Οὐ
1333 3856 1495 3925 μόνον
1525 3855 1633 3925 γὰρ
1667 3858 1700 3927 η
1725 3856 1882 3919 πόλις

294 3949 453 4002 οὕτω
480 3951 938 4019 προσηγορεύετο,
971 3949 1234 4020 γερουσία
1261 3964 1321 4001 τε
1355 3951 1449 4002 καὶ
1472 3951 1665 4017 δήμων
1693 3954 1880 4020 τιμαῖς

300 4047 405 4099 καὶ
430 4049 627 4116 ἀρχαῖς
654 4045 1000 4113 ἐσεμνύνετοο
1028 4044 1166 4098 ἀλλὰ
1195 4046 1290 4098 καὶ
1316 4034 1572 4117 σύμϐολα⁸
1591 4051 1686 4100 καὶ
1718 4046 1881 4118 ἔθιμα

297 4140 421 4190 τῶν
453 4142 510 4190 ἐν
548 4137 753 4208 Ἰταλίᾳ
792 4136 1083 4201 Ῥωμαίων
1112 4135 1295 4208 ηὔχειο
1322 4138 1393 4191 τά
1425 4156 1486 4192 τε
1515 4141 1653 4208 γέρα
1684 4141 1777 4192 καὶ
1814 4141 1882 4192 τὰ

298 4234 372 4285 ἐκ
399 4233 564 4301 τιμῆς
590 4230 775 4282 δίκαια
805 4230 1003 4300 ἐπίσης
1024 4228 1264 4299 ἑκατέρα
1298 4230 1386 4283 ἴσα
1415 4225 1502 4301 ἦν.
1537 4231 1752 4300 Ἀμέλει
1787 4233 1884 4282 καὶ

303 4325 609 4396 πληροῦται
658 4322 966 4390 Νεκτάριος
1017 4322 1116 4390 τὴν
1160 4321 1385 4394 Θρᾴκην
1436 4322 1607 4392 αὐτὴν
1643 4324 1735 4375 καὶ
1783 4322 1882 4391 τὴν

304 4417 716 4486 Μεγαλόπολιν
762 4416 864 4484 τὴν
912 4414 968 4469 δὲ
1015 4414 1158 4467 κατὰ
1205 4416 1407 4467 Πόντον
1457 4414 1729 4483 διοίκητιν
1775 4414 1882 4465 ἀπὸ

306 4509 556 4562 Βιθυνῶν
589 4506 747 4576 ἄχρις
794 4504 1100 4575 Ἀρμενίων
1143 4488 1400 4570 ’Ἑλλαδίῳ
1432 4502 1509 4571 τῷ
1547 4503 1687 4570 μετα
1719 4502 1884 4554 Βασί-

302 4600 450 4652 λειον
475 4600 573 4667 τῆς
601 4597 983 4650 Καππαδοκῶν
1013 4595 1352 4664 ἡγησαμὲνῳ
1378 4593 1585 4659 ἔδοσαν,
1619 4596 1711 4649 καὶ
1737 4594 1883 4666 Γρη-

303 4694 481 4762 γορίῳ
514 4689 595 4759 τῷ
627 4689 871 4759 Νύσσηςο
903 4688 1056 4751 πόλις
1081 4688 1140 4741 δέ
1176 4693 1269 4740 καὶ
1295 4686 1435 4756 αὕτη
1474 4687 1879 4742 Καππαδοκῶν.

1993 3507 2099 3561 que
2132 3492 2466 3554 acciderent,
2496 3501 2558 3546 ut
2586 3494 2765 3563 gentis
2789 3493 2909 3562 ejus
2939 3494 3180 3563 synodus
3205 3510 3305 3564 pro
3329 3496 3559 3552 arbitrio

1992 3598 2093 3635 suo
2122 3598 2185 3637 ea
2217 3582 2500 3638 ordinaret
2527 3594 2583 3638 et
2617 3593 2906 3640 statueret.
2951 3584 3243 3653 Praeterea,
3270 3597 3329 3641 ut
3359 3602 3559 3642 secun-

1991 3674 2121 3728 dum
2181 3675 2439 3730 Romanae
2470 3676 2623 3730 urbis
2666 3678 3021 3746 episcopum,
3057 3676 3563 3751 Constantinopoli.

1993 3776 2153 3821 tanus
2210 3766 2439 3821 antistes
2486 3771 2726 3836 primum
2784 3783 2848 3822 ac
2897 3771 3234 3839 praecipuum
3282 3773 3562 3830 obtineret

1991 3857 2280 3919 honorem,
2310 3865 2369 3910 ut
2397 3858 2490 3926 qui
2519 3873 2677 3912 novae
2709 3857 2893 3913 Romae.
2921 3868 3140 3914 curatur
3158 3862 3249 3915 sit.
3273 3861 3391 3916 Non
3409 3863 3557 3917 enim

1992 3951 2126 4006 urbs
2162 3966 2227 4005 ea
2252 3958 2466 4005 tantum
2505 3951 2579 4005 ita
2607 3952 2883 4005 nominata
2919 3961 3003 4007 est
3028 3994 3042 4016 ,
3075 3964 3131 4008 et
3160 3954 3349 4024 populi
3380 3956 3559 4009 hono-

1990 4044 2146 4098 ribus
2198 4042 2722 4113 magistratibusque
2781 4053 3073 4107 exornata,
3127 4060 3318 4099 verum
3389 4046 3556 4099 etiam

1989 4134 2160 4203 signis
2212 4133 2571 4203 moribusque
2628 4141 2687 4188 et
2744 4134 2957 4203 legibus
3005 4150 3131 4188 eum
3188 4134 3449 4192 Romanis
3501 4139 3558 4192 in

1990 4223 2140 4278 Italia
2185 4224 2393 4279 eisdem
2440 4227 2733 4296 gloriatur,
2768 4234 2932 4296 atque
2991 4230 3212 4298 utrique
3280 4244 3347 4283 ex
3399 4246 3559 4300 aequo

1989 4318 2142 4387 paria
2176 4327 2306 4371 sunt
2330 4326 2387 4372 et
2421 4318 2708 4388 dignitatis
2738 4321 2987 4390 praemia,
3017 4330 3074 4375 et
3113 4321 3383 4377 honorum
3413 4327 3558 4394 jura.

1991 4409 2160 4480 Igitur
2215 4408 2549 4465 dimcesibus
2611 4410 2937 4466 ordinandis
2994 4411 3284 4468 Ne‘etarius
3337 4415 3562 4484 quidem

1990 4500 2274 4557 Thraciam
2307 4501 2533 4557 sortitus
2548 4510 2650 4566 est,
2678 4513 2731 4558 et
2751 4502 3251 4574 Megalopolim“):
3278 4506 3561 4563 Ponticam

1989 4594 2171 4648 autem
2205 4595 2488 4649 dioecesim
2513 4594 2589 4664 (2)
2611 4609 2642 4648 a
2665 4594 2916 4665 Bithynia
2936 4596 3207 4663 usquead
3241 4597 3557 4661 Armenios,

1991 4683 2258 4749 Helladio,
2292 4686 2387 4751 qui
2419 4683 2621 4739 Basilio
2655 4686 2709 4739 in
2731 4684 3074 4753 Cappadocia
3106 4670 3481 4742 successerat:
3504 4700 3561 4744 et

305 4784 422 4853 Τὴν
461 4784 518 4835 δὲ
560 4785 660 4850 τῆς
708 4782 1020 4851 Μελιτηνῆς
1057 4778 1327 4850 ἐπαρχίαν
1366 4779 1601 4850 Ὀτρηῖῳ
1632 4782 1879 4849 ἀφῆκαν.

1992 4775 2250 4845 Gregorio
2270 4776 2454 4847 Nysae
2477 4814 2494 4838 ,
2525 4791 2647 4844 quae
2682 4784 2741 4831 et
2779 4779 2895 4845 ipsa
2934 4776 3320 4846 Cappadocum
3367 4780 3560 4837 civitas

302 4877 421 4945 Τὴν
451 4876 811 4943 δἠἈσιανὴν
857 4874 1131 4944 διοίκησιν
1176 4872 1582 4943 Ἀμφιλόχιοςὸ
1632 4874 1881 4941 Ἰκονίου,

302 4970 404 5023 καὶ
424 4970 698 5038 Ὀπτιμος
717 4969 746 5020 ὁ
772 4967 870 5035 τῆς
924 4965 1161 5019 Πισίδων
1191 4965 1527 5035 Ἀντιοχείας
1556 4966 1876 5036 ἐλάγχανον

301 5062 584 5130 Αἴγυπτος
616 5059 673 5112 δὲ
697 5057 776 5128 τῷ
820 5056 1237 5127 Ἀλεξανδρείας
1261 5056 1516 5127 Τιμοθέῳ
1546 5058 1749 5112 ἀνεῖτο.
1770 5058 1882 5129 Τὴν

301 5152 364 5204 δὲ
393 5150 667 5217 διοίκησιν
708 5149 820 5201 τῶν
864 5147 1010 5199 κατὰ
1053 5145 1153 5215 τὴν
1188 5145 1263 5197 ἔω
1302 5144 1612 5214 ἐκκλησιῶν
1642 5146 1757 5208 τοῖς
1789 5146 1880 5199 ὑπ’

300 5243 479 5312 αὐτὴν
531 5243 850 5302 ἐπισκόποις
891 5236 1226 5308 ἐπέτρεψανο
1273 5232 1385 5290 οἷον
1427 5237 1506 5306 τῷ
1558 5237 1883 5302 Λαοδικείας

304 5308 585 5404 mihi“...
618 5337 712 5388 καὶ
736 5330 991 5403 Διοδώρῳ
1016 5330 1093 5401 τῷ
1124 5331 1342 5402 Ταρσοῦ
1373 5331 1473 5401 τῆς
1505 5330 1785 5395 Κιλικίαςο
1812 5333 1882 5386 τὰ

295 5429 482 5481 οἰκεῖα
516 5423 786 5495 πρεσϐεῖα
842 5423 980 5493 μόνα
1017 5424 1081 5493 τῇ
1135 5421 1415 5491 Ἀντιόχου
1459 5423 1875 5490 καταλιπόντες,

373 5586 452 5657 (t)
489 5585 589 5657 Per
623 5580 999 5657 Megalopolim
1025 5620 1038 5641 .
1076 5578 1183 5657 hoc
1213 5586 1295 5657 est
1322 5615 1336 5643 ,
1368 5592 1617 5657 magnam
1658 5579 1875 5644 urbem,

295 5648 810 5722 Constantinopolis
835 5648 940 5705 hoc
961 5652 1080 5704 loco
1111 5648 1486 5722 intelligenda.

373 5729 453 5798 (ﬂ;
486 5726 642 5795 Apud
671 5717 1038 5780 Sazomenum
1071 5729 1154 5777 est
1188 5736 1201 5774 :
1228 5717 1517 5774 Dimcesim
1544 5717 1704 5775 istam
1732 5721 1879 5776 Pon—

1988 4881 2092 4931 est,
2124 4867 2385 4937 episcopo
2408 4868 2806 4920 attribuerunt.
2837 4866 3184 4922 Provinciam
3228 4880 3412 4923 autem
3445 4871 3557 4926 Me-

1985 4958 2300 5013 litinensem
2335 4958 2522 5012 Otreio
2578 4957 2945 5025 reliquerunt.
2987 4957 3243 5012 Asianum
3292 4974 3426 5014 vero
3461 4960 3561 5015 ad-

1989 5049 2444 5105 ministrationem
2494 5047 2915 5117 Amphilochius
2959 5048 3169 5116 lconii,
3203 5060 3260 5104 et
3309 5053 3562 5119 Optimus

1987 5143 2292 5197 Antiochiae
2314 5143 2366 5194 in
2400 5139 2881 5211 Pisidia,episcopi
2911 5153 3267 5211 acceperunt.
3288 5144 3558 5217 Egyptus

1988 5248 2152 5304 porro
2209 5233 2311 5288 sub
2346 5233 2636 5286 Timotheo
2682 5233 3053 5288 Alexandrino
3095 5240 3417 5306 permansit.
3450 5236 3561 5292 Gu-

1990 5325 2371 5381 bernationcm
2410 5335 2595 5380 autem
2647 5324 3006 5381 Orientalium
3057 5328 3417 5381 ecclesiarmn
3446 5328 3561 5391 cpi-

1988 5417 2168 5487 scopis
2194 5433 2384 5473 earum
2425 5422 2755 5491 permisere,
2794 5420 3048 5474 videlicet
3095 5418 3314 5489 Pelagio
3348 5416 3550 5473 Laodi-

1990 5577 2151 5631 ticam
2184 5592 2213 5630 a
2248 5576 2499 5648 Bithynia
2535 5592 2707 5644 usque
2757 5577 2821 5632 ad
2853 5578 3143 5634 Armenios
3174 5591 3295 5648 esse
3327 5593 3552 5634 conces-

1990 5662 2105 5718 sam
2142 5647 2388 5702 Helladio
2415 5648 2759 5711 Caesariensi,
2787 5657 2841 5702 et
2883 5648 3146 5718 Gregorio
3176 5647 3422 5718 Nysseno
3448 5688 3463 5716 ,
3498 5659 3555 5706 et
3658 5668 3673 5686 -

1989 5716 2178 5775 Otrcio
2208 5718 2560 5784 Mclitinensi,
2594 5718 2885 5784 episcopis.
2915 5716 3033 5773 Lib.
3054 5731 3150 5783 vn,
3181 5716 3297 5788 cap.
3326 5722 3381 5774 υ.
