3936 6206
426 360 528 422 787
868 381 891 429 ι

1659 355 2079 419 NICEPHORI
2117 359 2455 421 CALHSTI

3575 360 3674 424 781

433 485 665 528 vacuam
709 471 1122 539 inducerentur,
1155 488 1263 528 non
1299 484 1478 543 parva:
1505 475 1707 524 exorta
1734 476 1863 523 sunt
1890 476 2004 524 tur-

2110 467 2213 520 άπδ
2240 468 2339 538 τῆς
2366 470 2593 525 καθόλου
2623 471 2979 544 Ἔκκλησίας,
3008 470 3113 526 οὐκ
3140 470 3428 542 ἐλάχισται
3452 476 3677 541 ταραχαὶ

433 564 541 618 διε.
603 562 949 634 Quapropter
990 564 1290 633 imperator
1335 560 1679 617 Theodosius
1726 560 1921 629 exiguo
1969 573 1999 612 a

432 654 617 726 priore
670 654 878 726 synodo
933 654 1198 724 temporis
1251 652 1560 717 intervallo,
1617 648 2001 720 antesignanos

434 745 733 816 vigentium
771 755 884 799 tum
950 744 1241 800 liwresium
1296 759 1512 800 rursum
1562 740 1905 803 convocavit,
1941 748 2001 795 ut

435 838 707 892 alternum
735 836 964 891 istorum
996 838 1150 892 ﬁeret
1184 856 1197 892 :
1231 835 1503 899 videlicet,
1535 844 1594 889 ιιι
1625 834 1710 889 vel
1744 833 1847 903 ipsi
1875 831 1999 886 aliis

434 927 749 998 Opinionem
799 943 952 983 suam
1009 928 1426 998 persuaderent,
1482 926 1568 981 vel
1626 926 1695 980 ab
1751 925 1873 980 aliis
1930 924 1997 978 ad

433 1019 593 1074 aliam
657 1009 1126 1088 complec'tendam
1176 1016 1660 1088 persuaderentur,
1714 1004 1787 1071 de)
1833 1015 2000 1070 rebus

432 1126 554 1181 qua:
591 1109 645 1164 in
669 1110 1047 1165 controversia
1097 1118 1281 1165 essent
1310 1124 1326 1168 :
1356 1108 1411 1162 in
1452 1123 1612 1163 unam
1643 1107 2000 1177 eamdemque

432 1201 758 1256 sententiam
806 1216 996 1256 omnes
1028 1200 1323 1256 adductum
1371 1199 1438 1254 iri
1472 1208 1654 1265 ratus,
1703 1199 1749 1254 si
1799 1199 1855 1253 in
1900 1215 1999 1270 pu-

432 1291 580 1347 blico
608 1292 886 1347 auditorio
920 1292 1207 1362 opiniones
1239 1292 1418 1347 dubiae
1452 1308 1551 1361 per
1573 1290 1996 1361 disputationem

433 1382 860 1439 discuterentur.
910 1383 1045 1440 Cum
1085 1393 1267 1439 autem
1328 1382 1570 1438 universi
1615 1381 2000 1437 convenissent

435 1476 661 1544 (factum
719 1472 773 1531 id
804 1491 870 1531 eo
920 1492 1063 1531 anno
1088 1517 1103 1541 ,
1130 1490 1239 1545 quo
1284 1474 1450 1529 tilium
1487 1474 1780 1529 Arcadium
1818 1474 2002 1541 Augu-

433 1574 577 1620 stum
607 1566 986 1634 renuntiavit),
1009 1565 1295 1620 consilium
1326 1564 1397 1619 de
1434 1563 1641 1635 synodo
1675 1562 1998 1618 celebranda

432 1673 556 1711 cum
609 1657 862 1712 Nectario
910 1655 1517 1724 Constantinopolitano
1544 1654 1995 1715 communicavit,

433 1747 776 1811 cohortatus,
807 1756 867 1800 ut
889 1747 1222 1816 qnzestiones
1248 1745 1393 1800 unde
1433 1745 1668 1799 haereses
1694 1744 1995 1807 orirentur,

2100 559 2312 622 τούτοις
2356 561 2696 632 συνέδησαν*
2732 557 2794 617 οὗ
2835 562 3000 634 χάριν
3032 563 3062 616 ὁ
3105 561 3369 632 βασιλεὺς
3410 560 3678 628 θεοεόσιος

2099 650 2279 719 ὀλίγον
2315 651 2580 706 διαλιπὼν
2609 654 2711 723 τῆς
2746 654 3026 726 προτέρας
3059 655 3310 719 συνόδου,
3346 654 3482 717 τοὺς
3513 655 3678 724 ἀρχη-

2099 741 2229 809 γοὺς
2263 731 2770 812 τῶνάκμαζουσῶν
2800 741 3106 812 τηνικαῦτα
3141 742 3418 804 αίρέσεων
3459 758 3675 809 μετεκα·

2098 830 2244 886 λεττο
2275 827 2450 897 αὖθις,
2483 834 2573 887 ἵνα
2604 833 2832 903 θάτερον
2864 837 3090 905 γένηται
3116 851 3133 868 ’
3165 836 3263 889 καὶ
3292 833 3326 904 ἦ
3361 834 3673 903 πείσωσινῆ

2101 921 2399 974 πεισθῶσιν
2442 917 2526 985 οἷς
2568 923 2903 990 διεφέροντο.
2947 925 3215 994 Οἰόμενος
3253 929 3366 995 γὰρ
3408 921 3486 994 ἦν
3526 926 3676 979 ταυτδ

2101 1013 2357 1082 φρόνημα
2389 1014 2557 1067 πᾶσιν
2586 1014 2841 1079 ἐνθεῖναι,
2868 1016 2939 1068 τά
2964 1016 3071 1068 τῶν
3100 1017 3269 1080 δοξῶν
3299 1016 3580 1085 agerem
3605 1019 3676 1080 είς

2101 1102 2288 1174 κοινὴν
2327 1105 2590 1174 ἀκρόασιν
2628 1107 2676 1159 εί
2719 1108 3080 1177 γυμνάσειεν.
3116 1107 3273 1162 Ἐπεὶ
3310 1108 3368 1161 δὲ
3412 1108 3674 1178 συνῄεσαν

2104 1195 2363 1260 ἅπαντες,
2406 1196 2571 1267 ἡνίκα
2614 1198 2708 1251 καὶ
2749 1198 2844 1252 τὸν
2890 1201 3006 1252 υίὶν
3037 1200 3327 1268 Ἀρκάδων
3373 1198 3674 1265 Αὔγουστον

2102 1284 2426 1355 ἀνηγόρευε,
2458 1286 2538 1358 τῷ
2567 1288 2663 1355 τῆς
2693 1288 3104 1342 Κωνσταντίνου
3136 1290 3433 1361 Νεκταρίῳ
3468 1292 3674 1343 ἐκοινω-

2101 1375 2258 1429 νοῦτο
2292 1379 2418 1447 περὶ
2448 1378 2548 1446 τῆς
2581 1380 2955 1449 γενησομένης
2991 1380 3216 1434 συνόδου
3238 1397 3254 1413 ο
3291 1380 3592 1450 παρηγγύα
3618 1398 3671 1435 τε

2100 1466 2201 1520 ὅσα
2232 1466 2336 1519 τῶν
2367 1468 2699 1539 ζητημάτων
2730 1472 2829 1534 τὰς
2859 1471 3103 1536 αἱρέσεις
3134 1471 3351 1537 ἐποίει,
3382 1474 3472 1535 είς
3507 1473 3674 1543 κοινὴν

2101 1559 2425 1627 προκεῖσθαι
2457 1561 2693 1625 διάλεξιν
2717 1577 2733 1592 ο
2765 1562 2841 1624 ὡς
2873 1562 2938 1616 ἂν
2963 1564 3265 1633 Ἐκκλησία
3304 1564 3406 1632 μία
3440 1567 3674 1633 γένοιτο,

2101 1652 2190 1704 καὶ
2238 1650 2295 1704 ἓν
2342 1650 2521 1721 δόγμα
2571 1651 2863 1722 σύμφωνον
2913 1654 3091 1707 ἅπασι
3142 1654 3463 1723 κατασταίη
3492 1672 3508 1688 ο
3554 1655 3673 1707 καθὸ

2101 1739 2427 1810 θρησκεύειν
2464 1742 2674 1805 πάντας
2724 1744 3016 1812 προσήκει,
3062 1743 3137 1814 μή
3178 1760 3230 1795 τι
3274 1744 3401 1812 ἔχον
3444 1746 3672 1816 ἀμφηρε-

434 1854 647 1899 omnes.
673 1840 726 1892 in
775 1838 1048 1908 publicam
1099 1836 1506 1892 deducerentur
1547 1835 1994 1905 disputationem,

2110 1808 2248 1885 στον.
2274 1833 2505 1885 Πλεῖστα
2530 1832 2587 1886 δὲ
2618 1808 2899 1904 μεριμνῶν
2923 1808 3255 1905 Νεκτάριος,
3275 1808 3671 1906 ’Ᾰγέλιόνίμετ-

433 1944 544 1998 quo
586 1943 710 1983 cum
772 1943 876 1982 una
925 1926 1388 1992 ﬁeretEcelesia,
1421 1934 1587 1995 atque
1636 1938 1802 1977 unum
1856 1923 2000 1976 inter

435 2035 630 2075 omnes
654 2020 1006 2075 consentiens
1032 2019 1458 2075 constitueretur
1485 2016 1699 2088 dogma,
1733 2023 1846 2069 tum
1876 2015 2000 2069 uni-

434 2112 580 2169 versi
636 2113 999 2182 religionem,
1049 2112 1124 2165 ita
1171 2111 1249 2165 uti
1306 2108 1482 2172 decet,
1520 2107 1786 2172 colerent,
1821 2120 2000 2176 neque

434 2205 735 2276 quidquam
795 2203 1179 2262 controversiae
1233 2202 1658 2271 relinqueretur.
1710 2197 2001 2252 Nectarins

434 2298 668 2368 plurima
723 2312 910 2353 secum
971 2297 1153 2356 animo
1210 2295 1528 2361 revolvens,
1569 2291 1999 2348 Novatianorum

434 2390 753 2458 episcOputn
786 2388 1036 2458 Agelium
1090 2386 1364 2452 accersiit,
1407 2384 1651 2455 ejusdem
1694 2383 1852 2453 cujus
1882 2382 2001 2451 ipse

434 2487 552 2532 erat
611 2480 702 2533 dex
730 2477 1184 2533 consubstantiali
1233 2476 1518 2532 sententia:
1571 2474 1798 2528 virum:
1837 2471 2003 2544 248

434 2569 529 2637 ιιιιί
561 2568 707 2640 quod
744 2568 902 2623 factis
932 2568 1112 2639 potius
1144 2566 1403 2623 virtutem
1453 2567 1529 2636 (l)
1583 2564 1904 2626 declararet,
1947 2573 2002 2618 et

435 2677 465 2715 a
523 2662 814 2716 verborum
870 2659 1217 2731 nugamentis
1258 2671 1316 2715 et
1362 2659 1503 2714 fastu
1533 2657 1745 2715 alienus
1775 2671 2002 2726 prorsus

437 2764 601 2821 esset,
654 2754 818 2808 alium
870 2754 1046 2808 vicem
1106 2767 1259 2809 suam
1308 2753 1376 2807 ad
1426 2749 1828 2822 dispiciendum
1868 2748 1999 2820 quid

438 2843 582 2900 facto
608 2859 749 2914 opus
771 2855 936 2909 esset,
977 2853 1140 2914 atque
1186 2844 1350 2898 etiam
1396 2841 1462 2911 (si
1489 2841 1595 2897 hoc
1633 2857 1765 2896 usus
1815 2840 2000 2909 ferret)

439 2934 502 2988 ad
525 2934 936 3005 disputandum,
970 2932 1294 3003 designavit,
1337 2931 1599 2987 Sisinium
1628 2932 1869 2993 nomine,
1907 2931 2002 3001 qui

441 3023 638 3078 tumin
692 3023 955 3078 lectorum
1008 3024 1200 3078 ordine
1248 3021 1533 3088 enitebat;
1585 3030 1640 3075 et
1692 3019 1846 3075 brevi
1881 3028 2005 3091 post

2100 1925 2379 1979 εστέλ).ετο
2418 1925 2511 1978 τὸν
2553 1926 2654 1993 τῆς
2695 1927 3062 1981 Ναυατιανῶν
3105 1929 3375 1997 αἱρέσεως
3423 1931 3673 2000 προϊστά-

2103 2030 2289 2085 μενον·
2312 2015 2412 2084 τῆς
2432 2012 2543 2084 γάρ
2566 2012 2734 2081 αὐτῆς
2756 2013 2913 2085 δόξης
2937 2015 3137 2086 ἐκείνῳ
3156 2019 3302 2069 κατὰ
3318 2017 3381 2069 τὸ
3397 2019 3669 2087 όμοούσιον

2099 2102 2202 2177 ἦν·
2250 2107 2279 2159 ὁ
2316 2104 2373 2158 δέ
2412 2107 2525 2168 τοῖς
2564 2105 2744 2176 ἔργοις
2787 2108 2992 2172 μᾶλλον
3029 2109 3131 2177 τὴν
3172 2108 3383 2179 ἀρετὴν
3428 2110 3669 2162 ἐπιδεδεμ-

2101 2195 2302 2265 γμίνος
2326 2210 2345 2229 ’
2385 2197 2452 2265 τῇ
2490 2195 2546 2247 δὲ
2578 2194 2841 2267 τερθρείᾳ
2873 2197 2984 2247 τῶν
3016 2196 3194 2264 λόγων
3232 2198 3330 2250 καὶ
3366 2199 3452 2268 τῷ
3484 2199 3675 2271 ταύτης

2102 2289 2311 2361 κομψῷ·
2338 2292 2690 2345 παντάπασιν
2723 2292 2955 2363 ἀτριεὴς
3000 2291 3076 2345 ὢν
3096 2336 3110 2359 ,
3147 2295 3344 2362 ἕτερον
3380 2295 3500 2348 ἀντ’
3526 2293 3670 2348 αὐτοῦ

2101 2381 2195 2436 τοῦ
2229 2380 2483 2450 ποιητέου
2519 2380 2925 2450 προσεδάλλετο
2946 2422 2960 2446 ,
2995 2380 3109 2448 είγε
3144 2381 3313 2450 χρεία
3348 2380 3565 2450 γένοιτο
3591 2380 3673 2434 καὶ

2102 2474 2183 2537 είς
2211 2471 2445 2542 ἅμιλλαν
2475 2473 2812 2541 καταστῆναι
2842 2472 3020 2540 λόγων
3038 2515 3053 2539 ,
3087 2473 3327 2526 Σισίνιον
3356 2472 3570 2543 ὄνομα,
3594 2490 3679 2544 τη-

2103 2566 2331 2620 νικαῦτα
2373 2554 2450 2637 τῷ
2490 2566 2598 2620 τῶν
2639 2565 3004 2633 άναγνωστῶν
3046 2564 3245 2635 βαθμῷ
3285 2565 3680 2636 διαπρέποντα,

2101 2655 2160 2719 ὃς
2192 2657 2329 2726 μετὰ
2359 2656 2555 2726 μικρὸν
2582 2657 2677 2709 καὶ
2698 2655 2794 2726 τὴν
2822 2655 2987 2710 αύτοῦ
3017 2657 3308 2726 ἐπετράπη
3336 2656 3681 2725 ἐπισκοπήνο

2103 2749 2295 2817 νοῆσαι
2323 2747 2423 2818 μὲν
2447 2747 2650 2815 δεξιδν,
2679 2747 2886 2819 φράσαι
2910 2747 2967 2801 δέ
2994 2748 3056 2802 τὸ
3081 2748 3277 2818 νοηθὲν
3306 2747 3464 2816 μάλα
3488 2748 3681 2802 δεινόν·

2102 2840 2410 2912 ἐπιτήδειον
2442 2841 2498 2895 δὲ
2535 2841 2711 2903 ἄλλως
2744 2840 2844 2909 τῆς
2889 2841 3042 2909 ἱερᾶς
3082 2840 3315 2911 Γραφῆς
3355 2841 3686 2910 άναδιφῆσαι

2103 2928 2164 2982 τὸ
2198 2926 2381 2997 βάθος,
2412 2930 2507 2981 καὶ
2535 2928 2759 2998 λαμυρᾷ
2790 2927 3013 3000 γλώσσῃ
3046 2929 3523 3000 ἐπεξηγήσασθαι,
3555 2931 3688 3000 ίδριν

2104 3037 2165 3073 τε
2204 3020 2313 3074 τῶν
2354 3020 2486 3092 παρ’
2511 3021 2738 3093 Ἕλλησι
2783 3024 2878 3075 καὶ
2914 3023 3025 3076 τῶν
3064 3023 3356 3094 παρ’ήμῖν
3397 3024 3690 3094 φιλοσοφη-

443 3115 821 3184 ρρίεοορτιιιιω
854 3116 974 3186 ejus
1002 3114 1244 3184 suscepit
1275 3131 1288 3167 :
1320 3113 1598 3169 hominem
1625 3111 1691 3166 ad
1722 3111 2000 3167 invenien-

2111 3110 2320 3166 σάντων
2346 3129 2361 3144 θ
2391 3112 2449 3176 ὃς
2480 3111 2544 3183 δὴ
2573 3115 2686 3167 τότ’
2709 3114 2907 3182 ἄριστα
2935 3114 3120 3183 λέγειν
3148 3116 3351 3181 δοκῶν,
3385 3117 3690 3187 σύμϐουλος

444 3206 571 3259 dum
621 3221 880 3276 perquam
926 3206 1294 3276 ingeniosum,
1321 3214 1377 3262 et
1400 3205 1468 3259 ad
1509 3203 1563 3259 id
1587 3203 1734 3273 quod
1764 3203 2006 3259 invenis-

445 3305 546 3361 set,
574 3298 943 3369 eloquendum
971 3299 1125 3354 valde
1161 3296 1506 3353 commodum
1544 3312 1560 3351 :
1596 3311 1699 3350 nec
1733 3295 1914 3349 minus
1938 3293 2005 3350 ad

447 3405 675 3445 arcanos
708 3400 763 3445 et
792 3390 1023 3446 latentes
1055 3406 1222 3447 sacrae
1266 3388 1565 3458 Scriptura:
1598 3401 1793 3443 sensus
1820 3386 2008 3458 inqui-

446 3484 696 3552 rendum,
732 3499 936 3555 eosque
970 3484 1191 3555 copiose
1217 3482 1368 3538 suavi
1394 3481 1579 3552 lingua
1603 3479 2007 3551 exponendum,

448 3591 575 3631 sane
609 3593 772 3647 quam
817 3577 1097 3640 idoneum,
1148 3590 1389 3631 necnon
1442 3574 1684 3648 profana:
1738 3574 1904 3629 simul
1956 3581 2012 3628 et

449 3682 616 3723 sacrm
670 3667 1027 3737 philos0phiae
1056 3667 1272 3738 egregie
1320 3666 1583 3738 peritum.
1625 3666 1694 3728 Is,
1730 3663 1876 3735 quod
1928 3678 2015 3719 re-

449 3761 690 3816 c‘.issime
723 3771 836 3816 tum
869 3761 1051 3816 dicere
1083 3761 1236 3816 visus
1280 3768 1399 3827 est,
1436 3774 1628 3815 suasor
1659 3759 1782 3824 fuit,
1810 3774 1880 3814 ne
1908 3773 2013 3829 qua

449 3869 573 3908 cum
596 3854 677 3910 eis
700 3855 793 3925 qui
819 3854 975 3909 aliter
997 3853 1377 3925 opinarentur,
1409 3850 1783 3921 susciperetur
1813 3849 2010 3920 dispu-

452 3949 604 4010 talio,
639 3956 839 4017 utquaa
885 3947 1045 4001 aliam
1073 3961 1141 4002 ex
1180 3945 1284 4000 alia
1316 3945 1486 4000 rixam
1517 3951 1574 3997 et
1600 3942 2013 3998 contentionem

451 4054 645 4110 parere
672 4039 872 4094 soleret
902 4056 917 4093 :
953 4037 1046 4092 sed
1076 4045 1139 4092 ut
1184 4035 1260 4090 illi
1304 4036 1795 4105 interrogarentur,
1828 4046 1896 4086 an
1922 4046 2017 4087 eos

452 4148 733 4189 sacrorum
766 4130 1117 4186 oraculorum
1159 4130 1519 4198 interpretes,
1545 4128 1637 4196 qui
1662 4125 1815 4196 prius
1845 4123 2016 4178 exsti-

456 4223 644 4288 terint,
675 4237 835 4290 quam
863 4220 1132 4275 dissensio
1166 4218 1221 4273 in
1245 4218 1492 4274 ecclesiis
1520 4225 1641 4273 orta
1670 4215 1778 4282 sit,
1817 4215 2019 4270 admit-

457 4322 657 4367 terent.
687 4314 765 4366 Ae
808 4309 1082 4380 siquidem
1123 4310 1427 4363 sententias
1453 4307 1672 4362 illorum
1706 4307 2017 4378 rejicerent,

364 4427 368 4431 <
456 4414 571 4458 ιιιιη
628 4404 743 4458 fore
774 4402 931 4467 dixit,
961 4410 1020 4456 ut
1053 4415 1151 4456 eos
1182 4399 1346 4454 etiam
1391 4398 1641 4453 factionis
1685 4413 1795 4452 sua:
1850 4412 2021 4467 popu-

2107 3201 2176 3276 ἦν
2199 3247 2213 3271 ,
2244 3204 2320 3270 ῶς
2349 3223 2408 3259 τε
2439 3205 2537 3271 τὰς
2573 3206 2673 3277 μὲν
2705 3205 2812 3260 τῶν
2843 3205 3021 3270 ἄλλως
3053 3207 3394 3272 δοξαζὸντων
3427 3210 3691 3275 διαλέξεις

2108 3298 2376 3365 ἐκκλῖναι,
2408 3298 2501 3352 ἆτε
2532 3298 2597 3369 δὴ
2630 3298 2813 3369 μάχην
2840 3298 2933 3351 καὶ
2963 3299 3080 3370 εριν
3107 3302 3310 3371 γεννᾷν
3344 3301 3539 3365 ἱκανάς
3562 3319 3579 3333 ο
3612 3303 3692 3363 είς

2111 3390 2379 3463 ἐρώτησίν
2401 3391 2474 3461 ’γε
2516 3392 2626 3462 μὴν
2660 3392 2834 3444 ἐλθεῖν
2858 3430 2875 3454 ,
2920 3393 2968 3444 εί
3005 3393 3129 3455 τοὺς
3162 3392 3276 3445 τῶν
3313 3393 3482 3468 ἱερῶν
3516 3395 3693 3461 λόγων

2111 3486 2456 3557 καθηγητὰς,
2486 3487 2536 3540 οἶ
2569 3484 2697 3554 πρὶν
2721 3484 2754 3555 ἢ
2785 3483 2883 3555 τὴν
2909 3468 3196 3539 διάστασιν
3221 3488 3344 3548 ταῖς
3373 3485 3693 3557 ἐκκλησίαις

2111 3582 2398 3653 γεννῆσαι,
2442 3581 2783 3651 προσίενται.
2826 3579 2946 3633 Κᾶν
2989 3581 3095 3648 ἄρα
3135 3582 3234 3643 τάς
3274 3581 3504 3635 ἐκείνων
3539 3581 3693 3646 δόξας

2113 3671 2464 3737 ἀπώσωνται,
2502 3672 2721 3735 πάντως
2754 3671 2849 3723 καὶ
2884 3670 2990 3723 ὑπὸ
3022 3671 3132 3724 τῶν
3166 3670 3233 3724 τά
3270 3673 3510 3743 σφέτερα
3543 3674 3695 3739 δοξα-

2115 3762 2317 3828 ζόντων
2360 3763 2778 3833 ἐξελαθῆσονται
2805 3778 2818 3794 ·
2856 3764 2903 3816 εἰ
2944 3764 2999 3817 δὲ
3038 3766 3118 3827 είς
3161 3765 3437 3829 ἀπόδειξιν
3478 3766 3697 3827 ἱκανοὺς

2115 3851 2258 3909 εἶναι
2306 3856 2415 3909 τῶν
2466 3856 2891 3927 παρισταμένων
2939 3854 3289 3923 λογίσονται,
3343 3858 3558 3910 αὐτίκα
3596 3857 3696 3917 τάς

2116 3946 2341 4001 ἐκείνων
2377 3946 2592 4016 βίϐλους
2633 3947 2726 3999 ἐπὶ
2768 3946 2934 4015 μέσου
2979 3950 3396 4017 προσενεγκεῖν.
3423 3947 3696 4018 Ἀκριὸῶς

2116 4038 2227 4110 γὰρ
2257 4039 2528 4110 ⁴ίιιιίσιιπατο
2556 4038 2630 4103 ὡς
2659 4039 2710 4092 οί
2739 4039 2956 4093 παλαιοὶ
2990 4040 3262 4093 συναῒδιον
3293 4041 3371 4111 τῷ
3400 4041 3575 4112 Πατρὶ
3604 4041 3696 4093 τὸν

2118 4132 2248 4186 Υίδν
2295 4131 2590 4201 εὑρηκότες
2630 4133 2750 4194 ταῖς
2793 4131 2968 4194 θείαις
3011 4131 3296 4202 Γραφαῖς,
3340 4133 3595 4203 οὐδαμῶς
3638 4133 3695 4198 ἐξ

2119 4222 2296 4296 ἀρχῆς
2338 4240 2481 4287 τινος
2519 4222 2914 4293 τὴν.γέννησιν
2955 4222 3098 4293 ἔχειν
3143 4224 3322 4276 είπεῖν
3362 4225 3690 4295 ἐτόλμησαν.

2130 4316 2221 4380 Ὦς
2258 4316 2317 4370 δέ
2358 4316 2453 4370 καὶ
2495 4314 2785 4386 Νεκταρίῳ
2825 4315 2918 4368 καὶ
2960 4314 3172 4385 βασιλεῖ
3210 4315 3411 4386 ἀρίστη
3453 4318 3486 4389 η
3524 4316 3694 4386 βουλὴ

2126 4408 2430 4473 συνεδόκει,
2468 4405 2790 4476 συναγαγὼν
2824 4406 3103 4473 ἃπαντας,
3139 4404 3404 4477 ἐπειρᾶτο
3434 4408 3692 4477 διαγινώ-

453 4496 599 4552 lares
632 4496 897 4567 ejiciant:
946 4492 1033 4549 sin
1066 4478 1194 4547 vero
1242 4489 1469 4545 idoneos
1508 4490 1633 4545 illos
1675 4490 1741 4544 ad
1775 4489 2009 4544 declara-

2127 4516 2301 4563 σκειν,
2337 4469 2454 4561 πῶς
2493 4469 2626 4550 ποτε
2669 4469 2894 4567 γνώμης
2930 4469 3116 4567 ἐχουσί
3158 4469 3289 4568 περὶ
3324 4500 3423 4562 τὰς
3454 4469 3557 4552 τῶν
3592 4513 3697 4551 πα-

455 4592 662 4644 tionem
702 4604 798 4644 seu
843 4585 1175 4642 decisionetn
1220 4584 1721 4640 controversiarum
1773 4598 1893 4639 esse
1922 4599 2024 4654 pu-

456 4691 655 4746 tarent,
692 4681 877 4737 statim
933 4679 1153 4734 illorum
1199 4675 1374 4731 libros
1419 4676 1475 4730 in
1522 4675 1761 4730 medium
1786 4674 2023 4745 proferri

457 4779 684 4833 debere.
732 4774 910 4844 Atque
962 4772 1068 4828 hoc
1111 4773 1191 4827 sic
1239 4770 1434 4836 suasit,
1478 4770 1623 4840 quod
1650 4780 1801 4825 certo
1832 4768 2023 4834 sciret,

454 4878 674 4925 veteres
719 4880 845 4922 eum
894 4865 950 4920 in
1001 4862 1203 4918 divinis
1244 4861 1445 4917 litteris
1492 4871 1822 4917 eoaeternum
1876 4858 2026 4912 Patri

456 4962 655 5017 Filium
708 4958 1062 5022 invenerint,
1118 4955 1542 5025 haudquaquam
1622 4952 1784 5006 initio
1838 4951 2024 5020 aliquo

455 5052 864 5124 generationem
900 5050 1020 5120 ejus
1065 5048 1335 5117 incepisse
1358 5085 1376 5112 ,
1413 5045 1599 5100 dicere
1629 5059 1793 5098 ausos
1828 5042 2020 5097 fuisse.

457 5148 527 5201 th
559 5155 743 5201 autem
784 5151 841 5198 et
876 5140 1130 5199 Nectario
1162 5149 1211 5194 et
1262 5136 1577 5207 imperatori
1604 5134 1872 5205 Optimum
1919 5134 2026 5187 hoc

457 5238 749 5293 consilium
801 5248 927 5290 esse
973 5234 1156 5287 visum
1218 5239 1327 5291 est,
1375 5228 1629 5283 omnibus
1679 5227 1773 5296 qui
1813 5225 2028 5280 evocati

456 5333 676 5385 fuerant
709 5327 933 5395 coactis,
966 5338 1297 5394 cognoscere
1347 5322 1582 5392 primum
1610 5362 1624 5386 ,
1659 5319 1788 5389 quid
1826 5318 1894 5372 de
1932 5334 2026 5372 vc-

460 5432 641 5476 terum
673 5418 891 5489 seriptis
922 5416 999 5471 illi
1031 5413 1322 5479 sentirent,
1353 5413 1602 5466 tentavit.
1623 5410 1802 5478 Atque
1833 5407 1924 5462 ubi
1950 5407 2027 5461 illi

460 5516 698 5568 rlamore
729 5520 784 5565 et
814 5507 1175 5564 admiratione
1200 5519 1352 5560 suam
1382 5518 1509 5574 erga
1533 5500 1656 5557 illos
1680 5500 2025 5555 affectionem

460 5616 517 5659 ιτ
565 5605 822 5673 pietatem
873 5601 1212 5666 indicarunt,
1256 5607 1443 5669 aperte
1500 5592 1913 5667 pronuntiavit:
1978 5594 2024 5648 si

531 5718 605 5782 (1)
633 5714 743 5783 Τὴν
772 5716 967 5786 ἀρετὴν
995 5715 1088 5770 τοῦ
1122 5715 1238 5785 βίου
1289 5713 1378 5768 διὰ
1427 5714 1536 5768 τῶν
1605 5711 1781 5782 ἔργων
1846 5709 2048 5782 φέρων·

460 5799 579 5839 7.0m
588 5822 601 5838 ο

2125 4593 2422 4663 λαιοτέρων
2464 4591 2702 4661 γραφάς.
2754 4590 2875 4642 Τῶν
2921 4590 2979 4643 δὲ
3027 4590 3122 4662 βοῇ
3170 4592 3267 4645 καὶ
3312 4591 3546 4662 θαύματι
3590 4592 3694 4658 τὴν

2129 4682 2259 4754 περὶ
2297 4680 2540 4744 ἐκείνους
2582 4679 2939 4751 μηνυσάντων
2983 4683 3247 4754 στοργὴν,
3295 4686 3376 4744 είς
3418 4678 3694 4752 προῦπτον

2127 4773 2341 4843 ἐδήλου,
2380 4773 2455 4835 ὡς
2496 4773 2547 4825 εί
2592 4772 2865 4842 μάρτυρες
2910 4771 3056 4827 οὗτοι
3097 4774 3190 4829 τοῦ
3235 4776 3503 4846 δόγματος
3538 4777 3692 4842 ἀξιό-

2129 4880 2295 4935 χρεψο
2327 4864 2434 4935 ἄρα
2464 4880 2525 4932 γε
2558 4865 2654 4917 καὶ
2680 4865 2780 4928 τὰς
2811 4863 2896 4934 ἐφ’
2923 4865 3138 4935 ἑκάστῳ
3164 4866 3426 4938 ζητήσεις
3456 4867 3693 4919 παύσουο

2128 4971 2233 5019 σιν,
2260 4953 2314 5007 εῐ
2339 4970 2402 5021 γε
2437 4954 2525 5007 στέ
2537 4952 2739 5024 ρξειαν,
2769 4953 2845 5016 ὡς
2873 4953 2960 5025 ἄρ’
2983 4954 3215 5019 ἐκείνοις
3240 4957 3461 5023 δοξάσαι
3489 4958 3577 5010 καὶ
3602 4957 3687 5008 εί-

2129 5048 2254 5099 πείν
2286 5046 2416 5116 περὶ
2443 5044 2647 5098 τούτων
2673 5044 2912 5113 ἐγένετο.
2951 5045 3102 5098 Ἐπεὶ
3130 5046 3190 5099 δὲ
3218 5051 3313 5103 καὶ
3341 5049 3466 5118 περὶ
3489 5047 3683 5101 τούτων

2125 5135 2177 5189 οἱ
2210 5135 2320 5188 τῶν
2353 5136 2615 5206 αἱρέσεων
2647 5136 2882 5207 ἀρχηγοὶ
2918 5136 3040 5205 διχῆ
3082 5137 3343 5209 διῄρηντο
3372 5140 3467 5211 (ού
3497 5139 3557 5192 τι
3589 5138 3680 5191 ίσα

2128 5230 2236 5300 γὰρ
2265 5232 2401 5283 πᾶσι
2434 5231 2562 5300 περὶ
2588 5233 2685 5293 τὶς
2713 5232 2821 5283 τῶν
2856 5229 3228 5299 παλαιοτέρων
3260 5231 3417 5296 δόξας
3446 5228 3632 5294 ἐδόκει)
3654 5264 3675 5291 ,

2131 5321 2457 5376 καθ’ἐαυτὸν
2478 5322 2763 5390 γενόμενος
2786 5323 2813 5375 ὁ
2836 5321 3072 5393 κρατῶν,
3097 5322 3327 5390 συνῆκεν
3346 5323 3420 5385 ὡς
3438 5322 3517 5375 διὰ
3532 5318 3678 5373 scito

2132 5395 2193 5466 τδ
2230 5414 2490 5484 προτεθὲν
2531 5414 2905 5478 οποσείονται,
2942 5412 3037 5464 ars
3074 5412 3139 5482 δὴ
3176 5416 3289 5476 τοῖς
3325 5415 3536 5475 οἰκείοις
3563 5411 3676 5463 δια-

2131 5504 2310 5573 λόγοις
2334 5505 2752 5576 τεθαρρηκότες.
2781 5506 2887 5557 Καὶ
2911 5504 3045 5574 δῆτα
3068 5505 3145 5574 τῷ
3169 5506 3269 5575 τῆς
3293 5506 3508 5577 γνώμης
3529 5500 3682 5571 ἀχθε-

2134 5595 2283 5660 σθεὶς
2322 5598 2614 5667 ἀνωμάλῳ,
2652 5596 2943 5650 ἐκέλευσεν
2980 5596 3220 5666 ἑκάστην
3260 5597 3468 5667 αἰρεσιν
3505 5593 3676 5665 γρριῑῖῇ

2087 5714 2429 5787 κομψότητος
2474 5714 2529 5768 δὲ
2573 5715 2667 5770 καὶ
2741 5712 3025 5787 τερθρείας
3078 5712 3256 5781 λόγων
3308 5712 3540 5784 amem.
3580 5707 3681 5761 So-
