3936 6206
461 318 564 387 τοι
641 284 652 299 ’

468 527 713 601 Ερὶεεοία
740 529 1341 611 Οοπειαηιὶηοροίῑιαιιιε
1354 531 1561 611 synodi,
1582 530 1652 584 ad
1680 529 2040 588 Occidentales

987 610 1254 669 episcopos
1290 610 1513 669 scripta.

543 734 562 766 ε
598 713 1094 771 Reverendissimis
1137 715 1395 780 dominis,
1430 726 1487 773 et
1523 720 1757 775 maxime
1788 721 1896 789 piis
1927 722 2040 776 fra—

472 804 647 859 tribus
673 813 839 875 atque
866 805 1113 875 collegis,
1142 806 1396 874 Damaso,
1427 810 1737 877 Ambrosio,
1779 795 2036 878 Brittani,

469 895 777 956 Valeriano,
830 896 1112 960 Ascholio,
1152 898 1402 965 Anemio,
1437 909 1495 956 et
1550 901 1779 971 reliquis
1828 903 2040 959 sanctis

468 984 760 1054 episcopis,
794 985 849 1040 in
882 1000 1078 1058 magna
1128 990 1265 1044 urbe
1298 991 1542 1046 Romana
1578 992 1820 1059 coactis;
1853 1003 2039 1051 sancta

466 1075 707 1145 synodus
738 1074 1169 1136 ortltodoxorum
1198 1092 1251 1138 et
1273 1092 1420 1140 recte
1450 1085 1804 1142 sentientium
1828 1087 2044 1156 episco-

466 1180 665 1234 porum
718 1166 774 1221 in
809 1182 1003 1240 magna
1055 1172 1194 1231 urbe
1252 1172 1857 1244 Constantinopolitana
1905 1191 2040 1231 con—

466 1267 843 1327 gregatarum,
874 1261 930 1316 in
958 1263 1188 1318 Domino
1221 1265 1475 1320 salutem.
1507 1267 1773 1322 Pietatem
1804 1277 2041 1322 vestram

470 1362 727 1422 tauquam
753 1354 1003 1422 ignaram
1033 1354 1255 1420 docere,
1277 1365 1331 1410 et
1352 1370 1718 1411 aerumnarum
1737 1358 1852 1412 vim
1880 1360 2042 1415 nobis

467 1424 537 1497 ab
605 1444 907 1513 impotenti-
935 1445 1308 1501 dominatione
1368 1447 1699 1504 Arianorum
1766 1450 2041 1506 illatarum

468 1548 924 1601 commemorare,
950 1537 1290 1607 superﬂuum
1330 1538 1563 1594 fortasse
1589 1549 1695 1596 est.
1729 1539 1848 1595 Non
1893 1542 2039 1596 enim

471 1629 881 1687 exsistimamus
932 1636 1190 1703 pietatem
1237 1645 1501 1703 vestram,
1538 1653 1626 1694 res
1674 1648 1892 1695 nostras
1931 1648 2039 1694 tam

468 1722 604 1777 nihil
636 1722 704 1777 ad
742 1738 800 1778 se
825 1725 1101 1795 pertinere
1130 1726 1401 1797 judicare,
1434 1736 1494 1781 ut
1527 1728 1594 1783 de
1622 1728 1705 1782 eis
1727 1743 2040 1783 commone-

470 1814 723 1870 facienda
776 1817 869 1883 sit,
907 1818 960 1871 in
1002 1818 1206 1886 quibus
1250 1819 1547 1874 condolere
1591 1835 1709 1874 eam
1755 1821 2042 1876 nobiscum

468 1906 738 1976 oportuit.
773 1906 962 1977 Neque
1014 1909 1150 1963 tales
1198 1921 1486 1980 suntquae
1532 1912 1861 1981 pertulimus
1910 1921 2048 1967 tem-

470 2010 734 2068 pestates,
768 2011 829 2055 ut
850 2000 1022 2057 latere
1054 2004 1322 2058 tenuitate
1350 2018 1447 2059 sua
1482 2006 1785 2074 potuerint.
1808 2005 1877 2059 Et
1905 2016 2046 2061 tem-

469 2106 579 2161 pus
628 2093 1077 2161 persecutionum
1111 2096 1504 2167 propinquum,
1556 2106 1829 2154 recentem
1864 2098 2046 2154 adhuc

472 2185 795 2239 memoriam
840 2196 1150 2252 conservat,
1201 2203 1311 2242 non
1358 2190 1441 2243 eis
1486 2197 1694 2244 tantum
1722 2191 1817 2259 qui
1862 2190 2047 2245 amicti

470 2285 624 2343 sunt,
674 2278 769 2332 sed
836 2279 1003 2334 etiam
1051 2281 1146 2350 qui
1193 2296 1291 2351 per
1344 2281 1667 2337 charitatem
1721 2282 2045 2338 aﬂlictorum

471 2369 745 2435 miserias,
783 2385 912 2426 suas
968 2372 1213 2442 ipsorum
1270 2389 1547 2429 aerumnas
1597 2390 1719 2430 esse
1766 2384 2045 2446 reputant.

472 2459 602 2514 lleri
646 2476 903 2531 namque,
942 2464 1372 2537 propemodum,
1413 2475 1471 2521 et
1520 2480 1697 2536 nuper
1725 2466 2045 2530 admodum,

472 2552 565 2607 alii
597 2553 821 2623 quidem
848 2555 1026 2610 exsilii
1060 2556 1295 2612 vinculis
1324 2557 1512 2621 soluti,
1542 2558 1607 2613 ad
1634 2559 1900 2613 ecclesias
1921 2574 2050 2615 suas

473 2662 570 2716 per
589 2646 917 2703 afllicliones
937 2649 1367 2706 innumerabiles
1383 2650 1722 2719 postliminio
1744 2651 2048 2707 redierunt.

472 2741 843 2809 Quorumdam
895 2751 1079 2796 autem
1113 2743 1165 2797 in
1193 2743 1387 2799 exsilio
1427 2742 1811 2800 defunctorum
1868 2744 2055 2800 relatae

475 2838 608 2884 sunt
671 2831 940 2900 reliquiae.
966 2831 1199 2899 Quidam
1240 2834 1407 2888 etiam
1453 2844 1581 2903 post
1621 2833 1884 2901 reditum,
1922 2850 2048 2890 eum

476 2922 534 2977 in
563 2921 868 2977 ferventem
904 2924 1088 2979 adhuc
1112 2925 1497 2980 haereticorum
1519 2926 1866 2981 incidissent
1895 2926 2051 2981 furo-

476 3029 616 3077 rem,
649 3015 937 3070 acerbiora
971 3030 1193 3086 quoque
1241 3017 1414 3082 domi,
1452 3032 1616 3087 quam
1660 3019 1713 3072 in
1740 3018 2055 3088 longinquis

1650 326 2072 391 NlCEPHORl
2112 333 2456 398 CALLIST!
2522 312 2545 321 “

1039 437 1263 495 CAPUT
1315 437 1454 493 xw.
2057 446 2106 505 Α

2716 447 2971 503 ΚΕΦᾹΔ.
3010 448 3122 514 ις’.

2154 537 2485 604 Ἐπιστολὴ
2512 536 2624 604 τῆς
2662 537 2733 591 ἐν
2764 539 3381 593 Κωνσταντινουαόλει
3425 541 3652 599 συνόδου

2249 608 2400 677 πρὸς
2421 608 2562 675 τοὺς
2589 607 2868 673 δυτικοὺς
2891 607 3258 673 ἐπισκόπους
3285 610 3564 679 γραφεῖσα.

2220 742 2240 776 ε
2277 724 2503 790 κυρίοις
2527 721 2882 792 τιμιωτάτοις
2903 721 3000 776 καὶ
3019 719 3418 784 εὐλσόεστάτοις
3438 723 3650 793 ἀδελφοῖς

2139 818 2235 871 καλ¹
2267 815 2727 884 συλλειτουργοῖς,
2756 815 3022 882 Δαμάσῳ,
3052 811 3377 883 Ἀμϐροσίῳ,
3404 814 3649 884 Βρίττωνι,

2141 907 2512 980 Οὗαλεριανῷ,
2549 905 2836 976 Ἀσχολίῳ,
2870 905 3129 975 Ἀνεμίῳ,
3164 905 3438 975 Βασιλείῳ,
3460 908 3656 971 καὶτοῖς

2138 1003 2350 1064 λοιποῖς
2375 1000 2556 1069 ἁγίοις
2587 999 2913 1059 επισκόποις
2935 998 3049 1059 τοίς
3085 995 3487 1064 συνεληλυθόσιν
3513 998 3565 1050 tv
3599 1001 3653 1070 τῇ

2145 1092 2357 1164 μεγάλῃ
2402 1090 2557 1144 πόλει
2598 1087 2816 1161 Ῥώμῃ.
2848 1088 2881 1158 ή
2921 1087 3055 1155 ἁγία
3094 1085 3310 1149 σύνοδος
3350 1087 3452 1139 τῶν
3476 1087 3657 1154 ὸρθοδό-

2143 1184 2247 1249 ξων
2294 1181 2613 1236 ἐπισκόπων
2661 1180 2774 1234 τῶν
2820 1177 3262 1249 συνεληλυθότων
3298 1179 3354 1230 ιν
3385 1179 3446 1247 τῇ
3485 1179 3659 1252 μεγάλῃ

2142 1276 2296 1329 πόλει
2325 1269 2906 1327 Κωνσταντινουπόλει
2925 1270 2983 1322 ὲν
3031 1268 3222 1338 Κυρίῳ
3248 1267 3463 1338 χαίρειν.
3488 1269 3660 1347 Τδμδν

2138 1365 2215 1428 ὡς
2249 1363 2446 1432 ἀγνοοῦ
2456 1379 2556 1415 σαν
2582 1362 2859 1415 διδάσκειν
2873 1361 2975 1430 τὴν
2999 1359 3274 1430 ὑμετέραν
3284 1359 3561 1427 εὐλάϐειαν,
3585 1361 3659 1415 καὶ

2140 1455 2449 1526 διηγεῖσθαι
2499 1453 2610 1508 τῶν
2666 1452 3014 1523 παθημάτων
3057 1450 3122 1504 τὸ
3169 1451 3387 1520 πλῆθος,
3416 1451 3513 1504 τῶν
3547 1452 3661 1505 tm-

2141 1548 2380 1620 χθέντων
2405 1547 2538 1617 ἡμῖν
2569 1545 2720 1616 παρὰ
2749 1545 2853 1613 τῆς
2897 1541 3198 1613 ’Δρειανῶν
3235 1542 3548 1605 δυναστείας,
3573 1558 3656 1595 πε-

2146 1638 2327 1709 ριττὸν
2361 1637 2514 1701 ἴσως.
2549 1635 2687 1690 Οὔτε
2713 1635 2825 1705 γὰρ
2849 1633 2994 1688 οὕτω
3019 1635 3299 1702 πάρεργον
3326 1633 3391 1687 τά
3421 1633 3663 1703 καθ’ήμᾶς

2144 1729 2352 1801 κρίνειν
2381 1729 2481 1799 τὴν
2516 1727 2789 1799 ὑμετέραν
2816 1724 3105 1797 ἡγούμεθα
3143 1723 3458 1789 θεοσέϐειαν,
3486 1724 3552 1787 ὡς
3571 1725 3662 1777 διί-

2148 1822 2272 1876 σθαι
2299 1820 2394 1874 τοῦ
2442 1818 2638 1890 μαθεῖν
2662 1816 2840 1870 ταῦτα
2884 1809 2964 1877 οἷς
3011 1814 3191 1884 ἐχρῆν
3236 1811 3535 1880 συναλγεῖν·
3562 1811 3662 1865 οὔτε

2146 1910 2389 1966 τοιοῦτοί
2418 1926 2565 1973 τινες
2597 1910 2647 1963 οί
2706 1905 3066 1977 περισχόντες
3125 1904 3275 1973 sua;
3324 1902 3661 1972 χειμῶνες,ὡς

2147 2001 2437 2056 λανθάνειν
2462 1999 2568 2052 ὑπὸ
2617 1995 2986 2067 σμικρότητος
3005 2010 3022 2026 ο
3047 1994 3076 2047 ὅ
3112 2011 3175 2046 τε
3205 1993 3391 2063 χρόνος
3418 1992 3509 2045 τῶν
3527 1993 3657 2058 διωγ·

2150 2095 2270 2165 μῶν
2299 2090 2515 2163 νεαρὸς,
2550 2088 2775 2144 ἔναυλον
2823 2087 2902 2140 ἔτι
2947 2085 3247 2155 φυλάττων
3271 2084 3367 2155 τήν
3404 2082 3655 2153 μνήμηνώ

2145 2188 2259 2249 τοῖς
2289 2183 2589 2239 πεπονθόσι
2632 2180 2814 2252 μόνον,
2851 2178 2991 2233 ἀλλὰ
3020 2178 3121 2231 καὶ
3155 2178 3269 2240 τοῖς
3308 2175 3377 2228 δι’
3396 2175 3584 2241 ἀγάπην
3604 2172 3661 2225 τά

2147 2279 2260 2335 τῶν
2280 2276 2630 2331 πεπονθότων
2656 2271 3066 2343 οίκειουμένοις,
3101 2269 3250 2331 XM;
3273 2267 3397 2337 γάρ,
3420 2266 3486 2328 ὡς
3504 2266 3662 2329 εἰπεῖν,

2150 2370 2231 2423 ἔτι
2256 2371 2353 2424 καὶ
2385 2369 2580 2440 πρώην
2608 2366 2660 2419 oi
2696 2365 2795 2433 μὲν
2817 2364 2928 2417 τῶν
2954 2362 3056 2432 τῆς
3089 2360 3309 2431 ἑξορίας
3333 2357 3554 2419 λυθέντες
3572 2356 3660 2408 δεσ-

2155 2464 2272 2534 μῶν
2299 2464 2379 2526 είς
2403 2460 2503 2526 τὰς
2539 2459 2753 2514 ἑαυτῶν
2807 2455 3108 2528 ἐκκλησίας
3141 2454 3233 2508 διὰ
3265 2453 3459 2524 μυρίων
3496 2450 3660 2519 ἐπανή-

2154 2574 2285 2611 κασι
2339 2554 2611 2624 θλίψεων·
2641 2551 2752 2605 τῶν
2803 2549 2863 2604 δὲ
2896 2550 2992 2604 καὶ
3051 2545 3452 2601 τελειωθέντων
3484 2544 3536 2597 ιν
3571 2544 3665 2603 ταίς

2152 2647 2390 2718 ὲξορίαις
2414 2641 2827 2713 ἑπανεκομίσθη
2845 2640 2916 2696 τά
2939 2639 3195 2710 λείψανα.
3220 2638 3370 2700 Τινὲς
3387 2635 3439 2690 δὲ
3455 2634 3536 2689 καὶ
3559 2632 3670 2702 μετὰ

2152 2739 2252 2810 τὴν
2280 2739 2380 2810 τῆς
2429 2737 2646 2808 ὲξορίας
2698 2735 2978 2797 ἐπάνοδον,
3030 2733 3119 2784 ἔτι
3172 2730 3457 2804 βράσσοντι
3496 2726 3562 2794 τῷ
3584 2723 3671 2776 τῶν

2156 2829 2453 2901 αίρετικῶν
2505 2829 2900 2901 περιπεσόντες
2928 2824 3112 2896 θυμῷ,
3151 2827 3444 2896 πικρότερα
3483 2819 3575 2872 τῶν
3598 2818 3672 2868 ini

2155 2920 2257 2991 τῆς
2286 2920 2599 2987 ἀλλοτρίας,
2635 2918 2729 2971 ἐπὶ
2761 2916 2858 2986 τῆς
2913 2915 3126 2977 οίκείας
3183 2913 3486 2982 ὑπέμειναν,
3526 2905 3673 2964 λίθους

2159 3012 2292 3084 παρ’
2323 3012 2502 3067 αὐτῶν
2554 3009 2935 3073 τελειωθέντες
2967 3008 3115 3062 κατὰ
3178 3006 3270 3060 τὸν
3296 3002 3548 3075 μακάριον
3576 2996 3677 3049 Στέ-

478 3119 533 3162 et
567 3107 761 3162 alienis
781 3109 964 3173 terris,
998 3108 1139 3163 mala
1182 3109 1454 3179 pertulere
1484 3126 1499 3163 :
1532 3110 1806 3180 lapidibus
1848 3110 1917 3165 ad
1956 3126 2055 3166 ne-

2161 3121 2330 3177 φανον
2354 3122 2371 3139 ’
2414 3106 2567 3161 ἄλλοι
2600 3104 2880 3174 διαφόροις
2918 3099 3351 3167 καταξανθέντες
3382 3094 3583 3154 αίκίαις,
3613 3088 3678 3190 ἐτι

481 3214 600 3255 cem
652 3216 849 3269 usque,
898 3200 1060 3256 sicuti
1098 3202 1292 3257 beatus
1340 3202 1675 3272 Stephanus,
1711 3203 1917 3259 obruti.
1951 3204 2055 3259 Alii

2160 3202 2230 3253 τὰ
2266 3201 2550 3269 στίγματα
2573 3195 2669 3249 τοῦ
2696 3192 2937 3267 Χριστοῦ
2962 3194 3059 3248 καὶ
3086 3193 3217 3255 τοὺς
3250 3189 3509 3261 μώλωπας
3546 3188 3596 3235 ἐν
3618 3188 3679 3249 τῷ

480 3292 650 3347 variis
678 3293 884 3348 concisi
910 3292 1237 3347 verberibus
1259 3302 1309 3348 et
1333 3294 1534 3365 ﬂagris,
1551 3294 1800 3365 stigmata
1819 3304 1875 3350 et
1901 3304 2061 3352 notas

481 3386 665 3441 adhuc
688 3385 892 3440 Christi
942 3395 999 3439 et
1034 3384 1248 3440 vibices
1275 3385 1329 3439 in
1372 3400 1603 3455 corpore
1631 3400 1732 3441 suo
1770 3386 2061 3442 cireumfe-

480 3489 633 3533 runt.
662 3479 1030 3533 Peeuniarum
1071 3492 1204 3532 vero
1237 3477 1457 3541 multas,
1493 3487 1550 3533 et
1573 3479 1932 3534 exenssiones
1962 3494 2059 3532 ur-

481 3571 659 3634 bium,
687 3580 743 3626 et
768 3569 1109 3640 privatorum
1148 3566 1417 3622 bonorum
1457 3568 1860 3639 publicationes
1882 3606 1895 3631 ,
1930 3568 2062 3623 insi-

481 3664 603 3718 dias
652 3672 909 3727 structas,
970 3662 1352 3727 contumelias,
1410 3669 1467 3716 et
1510 3661 1754 3727 vincula,
1807 3660 2059 3731 quisnam

481 3770 809 3811 enumerare
859 3755 1064 3826 queat?
1106 3755 1323 3809 Revera
1360 3753 1610 3825 profecto
1637 3753 1694 3809 in
1727 3753 1892 3809 nobis
1924 3751 2062 3807 allii-

484 3850 696 3904 etiones
724 3848 1099 3919 multiplicata
1126 3859 1257 3903 sunt
1296 3862 1462 3918 supra
1495 3846 2063 3912 numerum,fortasse

484 3944 571 3999 vel
622 3943 768 4014 quod
822 3952 1171 4012 peccatorum
1222 3955 1414 4010 pmnas
1442 3940 1810 4011 persolvimus
1843 3955 1863 3993 :
1900 3938 2058 4009 251

485 4035 573 4091 vel
603 4033 749 4105 quod
775 4033 1045 4104 benignus
1067 4033 1210 4087 Deus
1232 4046 1332 4103 pro
1362 4046 1465 4087 suo
1492 4032 1549 4086 in
1581 4030 1834 4088 homines
1856 4046 2061 4096 amore,

487 4146 586 4201 per
646 4137 850 4186 tantam
888 4129 996 4182 vim
1049 4135 1106 4181 et
1164 4108 1897 4182 ntultitudiuem‘malorum
1962 4139 2064 4179 nos

484 4224 759 4280 exercuit.
794 4220 916 4287 Quo
945 4220 1171 4275 nomine
1205 4220 1314 4276 Deo
1337 4220 1550 4290 agimus
1578 4219 1802 4290 gratias,
1841 4217 1936 4288 qui
1967 4232 2064 4286 per

489 4324 571 4371 tot
614 4324 673 4370 et
705 4322 887 4368 tantas
917 4311 1241 4367 atllictiones
1282 4326 1472 4367 servos
1510 4325 1640 4365 suos
1664 4309 1981 4381 castigarit,
2008 4316 2066 4363 et

489 4407 796 4463 secundum
822 4404 1231 4461 multitudinem
1259 4403 1674 4458 miserationum
1707 4416 1930 4469 suarum
1962 4415 2065 4456 nos

2164 3292 2382 3362 σώματι
2407 3289 2794 3361 περιφέρουσι.
2821 3286 3146 3359 Χρημάτων
3178 3286 3235 3340 δὲ
3254 3284 3446 3354 ζημίας
3475 3278 3679 3345 salapu-

2160 3386 2419 3456 τιμήσεις
2449 3383 2683 3449 ⁴ιιόλεων,
2721 3382 2814 3436 καὶ
2855 3380 2957 3444 τὰς
2997 3379 3109 3433 τῶν
3153 3376 3278 3433 καθ’
3308 3376 3400 3430 ἕνα
3435 3371 3682 3456 δημεύσεις

2164 3454 2257 3527 καὶ
2287 3454 2590 3536 συσκευὰς,
2621 3471 2721 3523 καὶ
2770 3468 2961 3539 ὕϐρεις
2995 3470 3092 3523 καὶ
3120 3465 3481 3537 δεσμωτήρια,
3509 3458 3583 3521 τίς
3630 3454 3683 3509 ἂν

2163 3566 2647 3639 ἐξαριθμήσασθαι
2672 3564 2927 3628 δύναιτο;
2966 3563 3183 3623 Ὄντως
3229 3561 3314 3630 ἐφ’
3344 3558 3481 3629 ήμᾶς
3506 3554 3556 3608 ai
3592 3548 3683 3639 θλί-

2164 3637 2287 3730 ψεις
2311 3637 2730 3728 ἐπληθύνθησαν
2762 3655 2900 3726 ὑπὲρ
2930 3652 3203 3739 ἀριθμόνο
3236 3652 3363 3739 ἴσως
3400 3645 3512 3739 μὲν,
3533 3637 3685 3739 “femi

2165 3748 2322 3810 δίκας
2348 3744 2772 3815 ἁμαρτημάτων
2798 3742 3052 3810 ὲτίνομεν
3070 3754 3086 3770 ·
3121 3738 3255 3801 ἴσως
3283 3738 3361 3803 δὲ,
3398 3736 3485 3790 καὶ
3511 3736 3595 3785 τοῦ
3614 3745 3688 3797 φι-

2164 3838 2488 3907 λανθρώπου
2520 3834 2658 3890 Θεοῦ
2689 3836 2782 3890 διά
2823 3835 2919 3888 τοῦ
2954 3831 3203 3904 πλήθους
3248 3830 3356 3885 τῶν
3398 3821 3693 3894 παθημάτων

2163 3935 2196 4003 ή
2207 3932 2313 4004 μᾶς
2354 3927 2751 4000 γυμνάζοντος.
2782 3926 3007 4003 Τούτων
3036 3926 3137 3996 μὲν
3163 3919 3263 3979 οὖν
3307 3921 3383 3992 τῷ
3410 3916 3519 3986 Θεῷ
3538 3914 3687 3985 χάρις.

2164 4025 2223 4090 ὃς
2247 4024 2345 4078 καὶ
2370 4023 2462 4078 διὰ
2487 4023 2761 4076 τοσούτων
2790 4021 2920 4083 τοῦς
2954 4015 3154 4071 ἑαυτοῦ
3184 4015 3403 4076 δούλους
3424 4008 3687 4066 ἐπαίδευσε,

2166 4118 2261 4173 καὶ
2287 4117 2431 4170 κατὰ
2457 4115 2519 4167 τὸ
2550 4114 2752 4183 πλῆθος
2775 4111 2885 4166 τῶν
2910 4108 3218 4180 οἰκτιρμῶν
3238 4105 3399 4162 αὑτοῦ
3425 4101 3572 4156 πάλιν
3592 4095 3691 4163 ὲξὴ·

2167 4227 2341 4280 γαγιν
2377 4209 2527 4281 ἡμᾶς
2572 4210 2651 4270 εἰς
2684 4204 3009 4275 ἀναψυχήν
3042 4204 3180 4273 ἡμῖν
3228 4201 3307 4262 δὲ,
3358 4195 3560 4267 μακρᾶς
3611 4187 3693 4258 μὶν

2167 4305 2278 4359 εδει
2307 4302 2504 4373 σχολῆς
2532 4300 2628 4357 καὶ
2653 4297 2857 4353 πολλοῦ
2889 4298 3085 4368 χρόνον
3108 4295 3251 4367 πρὸς
3271 4292 3368 4363 τὴν
3394 4289 3497 4344 τῶν
3525 4282 3691 4348 lxxii].

2170 4397 2303 4452 σιῶν
2337 4372 2737 4466 ἔπανόρθωσιν,
2773 4391 2840 4444 ἶν’
2874 4389 3065 4460 ὥσπερ
3096 4389 3160 4442 ἐκ
3187 4385 3406 4459 μακρᾶς
3424 4372 3689 4452 ἀρρωστίας

487 4514 709 4555 rursum
755 4498 1015 4555 eduxerit
1060 4497 1114 4552 in
1145 4495 1512 4567 refrigerium.
1547 4493 1719 4550 Nobis
1752 4510 1881 4550 vero
1939 4493 2055 4549 diu-

2168 4492 2291 4556 ταῖς
2317 4488 2460 4544 κατά
2484 4487 2681 4559 μικρὸν
2712 4480 3055 4554 ἐπιμελείαις
3083 4482 3146 4533 τὸ
3190 4480 3349 4549 σῶμα
3384 4474 3478 4567 τῆς
3503 4466 3694 4567 Ἐκκλη-

491 4603 654 4648 ιιιιηο
681 4608 819 4663 opus
843 4600 989 4647 esset
1032 4589 1169 4656 otio,
1207 4597 1264 4646 et
1291 4599 1538 4658 tempore
1563 4587 1760 4652 multo,
1792 4587 1858 4642 ad
1890 4588 2067 4643 eccle-

489 4689 696 4743 siarqu
752 4684 1178 4750 restitutionem,
1224 4690 1284 4737 ut
1314 4682 1543 4753 perinde
1588 4691 1752 4751 atque
1800 4695 1865 4736 ex
1907 4680 2068 4750 longa

487 4779 837 4851 aegritudine,
871 4776 1135 4848 paulatim
1182 4775 1375 4832 sedula
1409 4790 1541 4830 cura
1575 4773 1832 4829 Ecclesia:
1867 4786 2070 4842 corpus

491 4872 910 4937 conﬁrmantes,
938 4870 1004 4925 ad
1042 4870 1332 4940 pristinam
1371 4867 1742 4923 valetudinem
1773 4875 1827 4920 et
1865 4865 2069 4920 sanita-

494 4978 607 5024 tem
645 4967 1058 5021 reduceremus.
1093 4963 1419 5034 Quanquam
1460 4962 1611 5019 enim
1643 4961 1881 5015 maxime
1910 4975 1942 5014 a
1972 4974 2070 5014 ve-

493 5061 740 5117 hementi
778 5059 972 5131 injuria
1011 5057 1459 5128 persecutionum
1498 5055 1753 5110 videmur
1782 5069 1906 5110 esse
1930 5053 2073 5109 libe-

495 5154 624 5220 rati,
648 5164 703 5208 et
728 5151 993 5208 ecclesias
1009 5149 1220 5205 diutius
1244 5148 1313 5204 ab
1338 5148 1614 5205 haereticis
1628 5147 1880 5203 detentas
1899 5161 2074 5215 nuper

494 5245 948 5316 recuperavimus
981 5258 997 5296 :
1030 5255 1226 5312 graves
1263 5250 1446 5294 tamen
1477 5240 1662 5295 adhuc
1701 5239 1862 5294 nobis
1888 5237 2073 5292 immi—

494 5347 631 5394 nent
658 5336 794 5407 lupi,
823 5335 919 5406 qui
953 5334 1117 5390 etiam
1148 5348 1215 5388 ex
1258 5332 1495 5388 ovilibus
1530 5330 1768 5401 depulsi,
1830 5331 1883 5384 iu
1920 5329 2075 5384 silvis
2138 5372 2141 5375 λ

498 5443 555 5487 et
588 5431 821 5486 saltibus
844 5444 1034 5501 greges
1064 5410 1365 5498 diripiunt,
1399 5434 1707 5481 conventus
1731 5432 1924 5479 contra
1946 5423 2074 5492 [nos

499 5532 723 5593 cogunt,
755 5522 900 5592 vulgi
963 5520 1262 5576 seditiones
1296 5527 1537 5583 movent,
1574 5526 1627 5572 et
1669 5517 1806 5577 nihil
1837 5515 1984 5586 quod
2020 5516 2072 5569 in

500 5617 858 5671 ecclesiarum
889 5614 1282 5668 detrimentum
1316 5612 1494 5674 cedat,
1531 5624 1638 5665 non
1675 5615 1906 5672 tentant,
1933 5608 2078 5673 Qua-

500 5715 746 5779 propter.
799 5706 946 5775 quod
977 5704 1238 5770 diximus,
1270 5704 1533 5773 ampliore
1566 5717 1664 5756 nos
1694 5701 1808 5755 otio
1854 5712 1909 5755 et
1940 5708 2077 5754 tem-

507 5816 634 5859 Dore.
672 5795 913 5857 longiore
964 5795 1244 5851 abundare
1286 5795 1589 5853 Oportebat.
1632 5792 1736 5847 Sed
1769 5791 1913 5847 enim
1948 5806 2069 5845 cum

2171 4586 2289 4646 cla;
2321 4577 2795 4649 ὲκνοσηλεύοντες,
2827 4574 2964 4643 πρὸς
2988 4573 3090 4642 τὴν
3117 4570 3354 4642 ἀρχαίαν
3379 4566 3471 4634 τῆς
3503 4558 3692 4624 Ἐκκληι

2171 4674 2293 4737 σίας
2326 4672 2540 4741 ὑγίειαν
2565 4668 3025 4736 ὲπαναγάγωμεν.
3054 4664 3168 4718 Καὶ
3192 4665 3302 4730 γάρ
3324 4661 3372 4713 εί
3401 4658 3466 4712 τά
3495 4653 3693 4726 μάλιστα

2170 4764 2440 4835 δοκοῦμεν
2469 4764 2566 4830 τῆς
2595 4761 2704 4814 τῶν
2735 4758 2995 4829 διωγμῶν
3051 4752 3397 4826 ἀπηλλάχθαι
3445 4745 3694 4835 σφοδρότξο

2171 4878 2282 4924 τος,
2314 4831 2407 4912 καὶ
2435 4857 2532 4920 τὰς
2563 4853 2859 4924 ἐκκλησίας
2881 4850 3116 4924 χρονίως
3141 4849 3292 4919 παρὰ
3319 4845 3424 4898 τῶν
3444 4831 3694 4924 αἱρετικῶ

2173 4922 2612 5019 κατασχεθείσας
2662 4922 2867 5014 ἀρτίως
2908 4922 3369 5011 νάνακομίξεσθαι,
3407 4932 3535 5002 πλὴν
3585 4922 3692 5019 ἀλλὰ

2178 5016 2528 5114 βαρεῖςήήμῖν
2563 5040 2613 5092 οἱ
2636 5036 2809 5100 λύκοι,
2831 5036 2927 5088 καὶ
2960 5034 3101 5104 μετὰ
3128 5032 3188 5085 τὸ
3206 5032 3304 5100 τῆς
3334 5025 3559 5114 μάνδραρς
3583 5016 3689 5081 ἔξω·

2179 5110 2393 5202 σθήναι,
2422 5110 2569 5181 κατὰ
2598 5128 2697 5189 τὰς
2734 5124 2915 5183 νάπας
2962 5121 3033 5175 τὰ
3065 5120 3296 5191 ποίμνια
3324 5110 3688 5186 διαρπάζοντες»

2177 5222 2552 5286 άντισυνάξεις
2598 5218 2934 5289 τολμῶντες,
2974 5216 3166 5286 δήμων
3205 5210 3474 5269 κινοῦντες
3527 5204 3691 5257 ἐπανε-

2178 5319 2420 5380 στάσεις,
2456 5312 2746 5376 ὀκνοῦντες
2791 5309 2945 5365 οὐδὲν
2992 5310 3073 5371 εἰς
3108 5309 3206 5380 τὴν
3265 5305 3369 5359 τῶν
3405 5290 3689 5362 Ἐκκληειῶν

2180 5411 2402 5481 βλάθῖην.
2435 5404 2545 5460 Ἶιν
2583 5405 2683 5475 μὲν
2738 5400 2853 5469 οὖν,
2885 5404 3022 5471 ὅπερ
3072 5402 3392 5470 εἰρήκαμεν,
3442 5384 3690 5485 ὁνιιγιισιῖνξί

2180 5473 2402 5558 πλείονα.
2468 5473 2615 5570 ἡμᾶς
2680 5496 3195 5569 προσασχοληθῆναι
3252 5490 3471 5561 χρόνονο
3536 5473 3688 5570 ἐπειδὴ

2185 5600 2369 5669 μέντοι
2405 5567 2659 5665 τὴνήπερὶ
2683 5567 2831 5662 ἡμᾶς
2871 5587 3170 5655 ἀδελφικὴν
3200 5584 3454 5647 σώζοντες
3474 5567 3689 5669 στοργὴ).

2181 5692 2276 5745 καὶ
2313 5689 2413 5757 τὴν
2464 5688 2688 5755 ἀγάπην
2738 5680 3201 5752 ἐπιδεικνύμενοι,
3235 5673 3447 5729 σύνοδον
3488 5668 3571 5722 ἐπὶ

2192 5782 2412 5849 Ῥώμης
2447 5780 2579 5833 θωῦ
2612 5779 2861 5843 βουλήσει
2886 5774 3329 5844 συγκρῦτοῦντεῑι
3357 5765 3442 5822 καὶ
3469 5760 3597 5833 ἡμᾶς
3629 5765 3685 5812 ως
