3936 6206
308 322 416 385 793

1236 322 1838 385 ECCLESIASTICAS
1878 321 2273 386 HISTORUE
2313 328 2463 389 LIB.
2498 327 2637 389 ΧΠ.

3441 325 3549 390 794

304 433 490 493 οἰκεῖα·
512 433 648 503 μέλη
696 431 1176 501 προσεκαλέσασθι
1205 432 1296 488 διὰ
1337 432 1448 487 τῶν
1478 432 1570 487 τοῦ
1631 434 1860 504 θεοφιλε

1983 436 2279 494 fraternam
2307 437 2543 511 vestram
2568 454 2694 509 erga
2721 451 2821 493 nos
2847 439 3107 507 pietatem
3137 442 3545 502 conservantes,

306 528 508 583 στάτου
560 525 829 596 βασιλέως
880 525 1247 595 γραμμάτων,
1286 526 1355 579 ἵν’
1390 526 1576 596 ἐπειδὴ
1624 527 1745 580 τότε
1778 527 1879 591 τὰς

304 619 514 687 θλίψεις
542 618 698 685 μόνοι
723 616 1232 686 κατεδικάσθημεν,
1254 616 1350 671 νῦν
1380 618 1440 668 ἐν
1473 620 1540 688 τῇ
1573 616 1683 670 τῶν
1714 617 1876 670 αύτο-

304 709 591 781 κρατόρων
636 708 762 777 περὶ
794 707 893 780 τὴν
926 708 1214 762 εὐσέϐειαν
1261 706 1550 779 συμφωνίᾳ
1587 709 1661 778 μὴ
1708 707 1878 779 χωρὶς

300 798 463 869 ἡμῶν
491 797 875 868 βασιλεύσητε,
909 797 1046 852 ἀλλὰ
1084 801 1180 852 καὶ
1224 800 1390 868 ἡμεῖς
1432 799 1559 866 ὑμῖν
1607 800 1748 852 κατὰ
1778 798 1877 867 τὴν

301 887 676 955 ἀποστολικὴν
704 887 893 955 φωνὴν
921 887 1454 958 συμϐασιλεύσωμεν
1479 905 1492 919 ·
1524 888 1659 959 εὐχὴ
1690 888 1787 954 μὲν
1808 884 1877 960 ἦν

299 981 458 1047 ἡμῖν,
505 980 554 1031 εί
588 978 817 1032 δυνατὸν
864 979 1069 1033 ἅπασιν
1125 979 1342 1049 ἁθρόως
1385 979 1749 1034 καταλιποῦσι
1779 982 1877 1044 τὰς

301 1068 627 1137 ἐκκλησίας,
663 1069 740 1138 τῷ
775 1070 927 1140 πόθῳ
980 1071 1013 1140 ῆ
1068 1073 1135 1141 τῇ
1173 1071 1337 1142 χρεία
1386 1070 1741 1144 χαρίσασθρι.
1780 1074 1876 1137 Τίς

299 1162 413 1230 γὰρ
436 1162 572 1229 ἡμῖν
599 1160 673 1229 δῷ
705 1161 984 1229 πτέρυγας
1013 1162 1150 1215 ὡσεὶ
1181 1166 1538 1234 περιστερᾶς,
1572 1164 1669 1218 καὶ
1710 1182 1876 1219 πετα-

301 1252 642 1321 σθησόμεθα,
685 1253 780 1304 καὶ
811 1252 948 1322 πρὸς
983 1255 1129 1321 ὑμᾶς
1159 1254 1593 1322 καταπαύσομεν
1618 1255 1874 1327 ;Ἐπειδὴ

300 1343 360 1395 δὲ
389 1342 553 1395 τοῦτο
586 1343 863 1406 παντελῶς
890 1343 1129 1414 ὲγύμνου
1157 1346 1256 1409 τὰς
1294 1346 1591 1417 ἐκκλησίας
1617 1346 1743 1417 ἄρτι
1776 1350 1875 1418 τῆς

302 1434 654 1496 ἀνανεώσεως
681 1437 1013 1506 ἀρχομένας,
1046 1438 1140 1490 καὶ
1164 1436 1224 1490 τὸ
1254 1441 1486 1510 πρᾶγμα
1523 1441 1875 1494 παντάπασιν

298 1522 370 1596 ἦν
402 1528 516 1588 τοῖς
553 1527 771 1588 πολλοῖς
828 1527 1091 1581 ἀδύνατον
1116 1543 1131 1560 ο
1172 1529 1710 1601 συνδεδραμήκειμεν
1764 1532 1874 1601 γὰρ

297 1618 382 1679 είς
409 1621 511 1686 τὴν
536 1609 1113 1672 Κωνσταντινούπολιν
1136 1620 1202 1673 ὲκ
1237 1620 1348 1674 τῶν
1381 1624 1580 1692 πέρυσι
1611 1624 1875 1694 γραμμά-

293 1724 407 1758 των
440 1704 549 1758 τῶν
580 1706 729 1777 παρὰ
781 1707 884 1776 τῆς
914 1708 1191 1780 ὑμετέρας
1226 1714 1543 1783 τιμιότητος
1591 1715 1729 1785 μετὰ
1773 1715 1871 1784 τὴν

307 1797 605 1869 Ἀκυληῒας
662 1797 885 1852 σύνοδον
913 1800 1049 1868 πρὸς
1076 1800 1167 1854 τὸν
1199 1804 1614 1872 θεοφιλέστατον
1645 1804 1870 1873 βασιλέα

295 1889 576 1942 Θεοδόσιον
615 1890 1076 1955 ὲπισταλθέντων,
1129 1893 1268 1962 πρὸς
1317 1895 1485 1965 μόνην
1532 1895 1738 1965 ταύτην
1768 1896 1869 1966 τὴν

293 1982 465 2052 μέχρι
501 1983 1127 2048 Κωνσταντινουπόλεως
1155 1987 1736 2057 παρασκευασάμενοι,
1779 1989 1871 2042 καὶ

290 2070 455 2143 παρὰ
485 2073 691 2142 ταύτης
733 2073 901 2143 μόνης
946 2074 1047 2144 τῆς
1078 2075 1299 2130 συνόδου
1330 2075 1440 2130 τῶν
1466 2078 1525 2128 ὲν
1555 2081 1672 2141 ταῖς
1697 2080 1871 2150 ἐπαρ-

290 2167 447 2235 χίαις
480 2166 783 2234 μεινάντων
805 2168 1125 2221 ἐπισκόπων
1158 2168 1559 2235 συγκατάθεσιν
1591 2170 1871 2237 ἐπαγόμε-

286 2269 412 2307 νοι·
455 2253 706 2323 μείζονος
747 2254 804 2307 δὲ
846 2255 1177 2326 ἀποδημίας,
1212 2257 1351 2326 μήτε
1395 2256 1869 2327 προσδοκήσαντες

285 2345 511 2413 χρείαν.
552 2346 686 2415 μήτε
743 2345 1182 2415 προακούσαντες
1223 2347 1382 2414 ὅλως,
1436 2347 1567 2418 πρὶν
1610 2349 1669 2402 ιν
1716 2350 1909 2404 κων-.

286 2437 744 2491 σταντινουπόλει
771 2437 1047 2490 συνελθεῖν
1068 2453 1083 2470 ο
1131 2438 1266 2506 πρὸς
1300 2439 1355 2491 δὲ
1404 2439 1616 2503 τούτοις
1645 2442 1739 2492 καὶ
1770 2440 1867 2510 τῆς

284 2529 639 2600 προθεσμίας
685 2529 775 2583 διὰ
826 2530 1122 2600 στενότητα
1159 2531 1297 2599 μήτε
1337 2531 1472 2602 πρὸς
1513 2532 1867 2601 παρασκευὴν

286 2619 646 2691 μακροτέρας
711 2620 1022 2692 ἀποδημίας
1075 2620 1386 2690 ἐνδιδούσης
1456 2623 1670 2694 καιρὸν,
1725 2624 1865 2693 μήτε

286 2714 508 2776 πάντας
536 2714 664 2777 τοὺς
692 2716 753 2768 ἐν
779 2716 899 2776 ταῖς
922 2714 1218 2784 ἐπαρχίαις
1261 2717 1611 2778 κοινωνικοὺς
1638 2716 1864 2769 ἐπισκό-

285 2824 435 2869 πους
476 2807 1032 2878 ὑπομνηματισθῆναι
1072 2809 1167 2860 καί
1200 2809 1299 2872 τὰς
1357 2808 1486 2877 παρ’
1518 2808 1699 2861 αὐτῶν
1738 2824 1866 2877 συγ-

285 2898 616 2962 καταθέσεις
660 2899 883 2952 λαϐεῖν·
918 2899 1105 2969 ἐπειδὴ
1134 2896 1328 2966 ταῦτα,
1360 2900 1454 2952 καὶ
1515 2899 1690 2952 πολλὰ
1726 2899 1863 2971 πρὸς

282 2996 507 3057 τούτοις
545 2991 707 3063 ἕτερα
731 2993 830 3065 τὴν
864 3009 969 3044 των
996 2992 1255 3046 πλειόνων
1286 2992 1472 3061 ἄφιξιν
1493 2992 1821 3046 διεκώλυσεν
1844 3009 1860 3026 ·

286 3085 319 3137 ὃ
360 3085 614 3155 δεύτερον
638 3081 707 3156 ἦν
733 3086 813 3148 είς
851 3103 909 3138 τε
942 3077 1048 3139 τῶν
1079 3085 1424 3156 πραγμάτων
1464 3086 1859 3162 ἐπανόρθωσιν,
1889 3114 1933 3177 c

288 3178 391 3230 καὶ
417 3178 516 3247 τὴν
541 3177 640 3243 τῆς
667 3178 936 3246 ὑμετέρας
958 3181 1081 3249 περὶ
1116 3180 1262 3249 ἡμᾶς
1311 3180 1535 3257 ᾲγάπης
1561 3183 1857 3249 ἀπόδειξιν,

282 3271 451 3323 τοῦτο
474 3271 879 3341 πεποιήκαμεν.
910 3275 1035 3335 τοὺς
1057 3272 1517 3342 αἰδεσιμωτάτους
1548 3275 1644 3328 καὶ
1667 3292 1862 3345 τιμιω-

279 3362 482 3424 τάτους
511 3361 769 3430 ἀδελφοὺς
800 3363 893 3415 καὶ
941 3362 1399 3434 συλλειτουργοὺς
1431 3365 1587 3435 ἡμῶν
1631 3367 1858 3420 ὲπισκό⁸

281 3468 450 3514 πους,
476 3451 772 3520 κυριακὸν,
810 3451 1085 3517 Εὑσέδιον,
1134 3455 1228 3506 καὶ
1256 3454 1607 3521 Πρισκιανὸν,
1653 3455 1859 3526 προθύο

284 3559 407 3612 μως
439 3545 637 3613 καμεῖν
663 3542 823 3612 ἄχρις
856 3543 1013 3610 ὑμῶν
1046 3543 1472 3614 δυσωπήσαντες
1492 3561 1510 3579 ο
1544 3546 1613 3600 δι’
1654 3542 1731 3603 ὧν
1758 3547 1857 3619 τὴν

280 3635 567 3705 ἡμετέραν
606 3633 928 3705 προαίρεσιν
963 3632 1250 3705 εἰρηνικὴν
1281 3634 1448 3689 οὖσαν
1497 3638 1592 3693 καὶ
1650 3638 1855 3693 σκοπὸν

281 3728 533 3792 ένὼσεως
559 3728 788 3799 ἔχουσαν
811 3728 1198 3799 ἐπιδείκνυμεν
1220 3745 1234 3761 ·
1261 3729 1354 3783 καὶ
1384 3729 1476 3783 τὸν
1510 3730 1673 3802 ζῆλον
1697 3732 1855 3801 ἡμῶν

276 3820 375 3873 τὸν
409 3819 548 3889 ὑπὲρ
598 3817 697 3888 τῆς
753 3817 941 3887 ὑγιοῦς
993 3818 1231 3882 πίστεως
1285 3819 1521 3890 φανερὸν
1570 3819 1855 3890 ποιοῦμενδ

290 3910 493 3981 Ἦμεϊς
517 3911 645 3979 γὰρ,
677 3909 789 3963 εἴτε
812 3909 1111 3978 διωγμοὺς,
1147 3908 1256 3962 εἴτε
1287 3909 1519 3980 θλίψεις,
1554 3911 1666 3964 εἴτε
1700 3911 1856 3981 βασι-

273 4002 441 4064 λικὰς
491 4000 744 4067 ἀπειλὰς,
784 3997 893 4052 εἴτε
926 3999 1023 4061 τὰς
1049 3997 1160 4051 τῶν
1212 3999 1488 4070 ἀρχόντων
1539 4000 1850 4071 ὠμότητας,

276 4096 395 4149 εἴτε
436 4095 560 4148 τινὰ
591 4092 897 4164 πειρασμὸν
947 4092 1138 4162 ἓτερον
1191 4092 1345 4162 παρὰ
1396 4092 1505 4146 τῶν
1560 4093 1850 4164 αἱρετικῶν

277 4187 687 4258 ὑπεμείναμεν,
748 4186 890 4253 ὑπὲρ
944 4186 1043 4256 τῆς
1085 4185 1452 4255 εὐαγγελικῆς
1485 4185 1719 4248 πίστεως
1751 4188 1851 4255 τῆς

278 4284 343 4335 ἑν
376 4280 584 4351 Νικαίᾳ
635 4280 735 4348 τῆς
770 4277 1018 4341 Βιθυνίας
1049 4277 1201 4348 παρὰ
1246 4278 1354 4331 τῶν
1385 4279 1717 4348 τριακοσίων
1766 4280 1852 4331 δε-

280 4373 507 4427 καοκτὼ
555 4370 812 4441 Πατέρων
863 4369 1209 4439 κυρωθείσης
1259 4368 1596 4438 ὑπέστημεν.
1633 4367 1849 4439 Ταύτην

1978 536 2034 581 et
2064 514 2415 585 dilectionem
2460 528 2804 592 exhibentes,
2855 526 3060 581 indicto
3095 524 3304 590 Romae,
3332 524 3401 579 de
3452 539 3549 580 vo-

1981 618 2189 675 luntate
2218 620 2340 687 Dei,
2376 620 2630 687 concilio,
2661 636 2760 689 per
2793 619 2888 674 Dei
2921 616 3279 674 amantissimi
3316 616 3551 686 impera-

1982 709 2118 763 toris
2150 709 2383 776 litteras,
2412 725 2514 765 nos
2543 724 2762 780 quoque
2787 747 2804 772 ,
2834 717 2894 762 ut
2927 707 3169 763 membra
3209 715 3388 761 vestra
3417 718 3549 774 pro-

1978 799 2119 868 pria,
2167 814 2233 855 eo
2259 800 2644 862 evocaveritis.
2689 810 2749 855 ut
2778 808 3134 869 posteaquam
3167 807 3282 851 tum
3322 795 3548 865 quidem

1979 891 2080 944 soli
2143 905 2244 946 nos
2295 891 2700 946 calamitatibus
2754 888 2960 945 addicti
3016 900 3182 958 atque
3245 880 3547 959 adjudicati

1979 981 2205 1046 fuimus,
2245 999 2393 1039 nunc
2428 982 2645 1039 tandem
2684 983 2738 1036 in
2768 980 3137 1036 consentienti
3168 979 3413 1049 ipsorum
3443 978 3549 1031 im-

1980 1084 2293 1145 peratorum
2351 1075 2419 1129 de
2481 1090 2609 1130 vera
2671 1074 2872 1145 pietate
2905 1071 3222 1137 concordia,
3264 1084 3375 1123 non
3427 1069 3548 1123 sine

1977 1165 2140 1229 nobis
2180 1166 2422 1235 regnetis
2450 1205 2464 1229 ,
2497 1165 2591 1219 sed
2625 1173 2683 1219 et
2746 1179 2849 1219 nos
2882 1179 2991 1217 una
3043 1161 3353 1223 vobiscum,
3390 1160 3547 1229 juxta

1976 1257 2329 1323 apostolicam
2364 1271 2575 1322 vocem,
2603 1270 2926 1326 regnemus:
2960 1255 3017 1308 in
3046 1253 3191 1307 votis
3224 1252 3383 1306 nobis
3405 1261 3544 1315 erat,

1976 1344 2022 1398 si
2056 1344 2175 1399 ﬁeri
2219 1354 2424 1415 posset,
2452 1354 2512 1399 ut
2557 1345 2722 1400 simul
2760 1358 2973 1407 omnes,
3020 1341 3270 1399 ecclesiis
3313 1340 3544 1404 relictis,

1976 1451 2073 1489 seu
2105 1435 2380 1490 desiderio
2410 1452 2507 1492 seu
2543 1436 2664 1492 usui
2695 1443 2901 1500 vestro,
2926 1450 3022 1503 per
3048 1431 3391 1503 gratiﬁcandi
3431 1446 3548 1486 stu-

1974 1524 2124 1579 dium
2165 1526 2629 1582 satisfaceremus.
2661 1525 2795 1591 Quis
2841 1525 2988 1579 enim
3027 1522 3189 1577 nobis
3219 1522 3333 1576 alas
3373 1520 3547 1575 veluti

1973 1620 2240 1673 columbae
2279 1618 2506 1680 tribuat,
2556 1624 2617 1671 ut
2662 1616 2979 1677 volitemus,
3022 1622 3079 1668 et
3130 1613 3275 1682 apud
3319 1627 3417 1667 vos
3464 1628 3548 1666 re-

1973 1707 2359 1778 quiescamus?
2390 1706 2524 1762 Cum
2556 1721 2685 1761 vero
2720 1705 2796 1767 id.
2824 1705 2871 1760 si
2907 1705 3084 1768 fleret,
3120 1717 3347 1774 prorsus
3373 1704 3547 1757 eccle-

1971 1799 2082 1865 sias
2118 1782 2373 1865 nudaret,
2398 1813 2519 1873 qua:
2547 1812 2722 1867 nuper
2751 1797 3000 1852 renovari
3024 1804 3338 1865 coeperunt.
3371 1804 3427 1848 et
3459 1808 3549 1848 res

1971 1889 2088 1947 haec
2126 1889 2314 1945 multis
2343 1889 2572 1945 omnino
2628 1887 2984 1958 impossibilia
3025 1886 3140 1940 sit:
3179 1884 3544 1941 convenimus

1970 1997 2207 2052 namque
2227 1980 2758 2052 Constantinopolim
2782 1979 2983 2035 litteris
3012 1977 3279 2048 proximis
3296 1976 3545 2042 adducti,

1970 2086 2108 2141 quas
2162 2072 2471 2126 reverentia
2510 2078 2690 2126 vestra
2750 2077 2875 2140 post
2909 2068 3177 2139 synodum
3225 2066 3546 2135 Aquileien-

1966 2177 2104 2229 sem,
2141 2163 2207 2217 ad
2255 2163 2353 2219 Dei
2382 2162 2820 2217 amantissimum
2868 2161 3257 2230 imperatorem
3292 2157 3572 2212 Theodo-'

1967 2256 2109 2311 sium
2135 2255 2305 2320 dedit,
2331 2255 2396 2308 ad
2417 2254 2586 2310 solam
2612 2254 2773 2316 hanc,
2787 2252 3321 2319 Constantinopolim
3342 2264 3547 2319 usque.

1967 2346 2361 2419 profectionem
2389 2345 2668 2411 instructi,
2686 2343 2847 2414 252
2879 2352 2934 2397 et
2964 2343 3030 2397 de
3070 2356 3179 2397 una
3210 2342 3310 2395 hac
3332 2339 3543 2411 synodo

1967 2439 2037 2493 ab
2086 2438 2168 2493 eis
2219 2437 2314 2504 qui
2379 2436 2433 2491 in
2475 2436 2777 2505 provinciis
2837 2447 3186 2504 permansere
3242 2430 3537 2501 episcopis,

1967 2531 2340 2587 assensionem
2375 2537 2653 2599 acceptam
2683 2528 2965 2582 habentes.
2987 2526 3059 2579 De
3081 2523 3325 2593 longiore
3354 2532 3547 2576 autem

1965 2623 2306 2693 proiectione
2332 2636 2513 2690 neque
2552 2619 2935 2675 necessitatem
2982 2617 3218 2685 aliquam
3255 2624 3544 2683 exspecta-

1965 2716 2147 2771 vimus
2182 2733 2196 2769 :
2232 2729 2408 2783 neque
2432 2713 2731 2783 quidquam
2763 2709 2990 2765 omnino
3021 2707 3175 2778 prius
3204 2706 3537 2772 audivimus,

1966 2821 2129 2878 quam
2148 2804 2630 2872 Constantinopoli
2659 2800 3037 2857 convenimus.
3065 2799 3147 2854 Ad
3188 2799 3322 2860 haec,
3355 2812 3418 2851 ea
3453 2806 3539 2852 est

1965 2898 2252 2953 constituti
2280 2898 2544 2968 temporis
2573 2894 2848 2962 angustia,
2881 2899 2941 2948 ut
2982 2906 3163 2961 neque
3193 2889 3261 2944 ad
3287 2890 3391 2943 iter
3419 2889 3541 2943 lon-

1967 2992 2087 3062 gius
2120 3006 2221 3046 nos
2255 2988 2558 3045 instruendi
2581 2988 2820 3059 spatium
2853 2985 3184 3040 habeamus:
3221 2997 3398 3051 neque
3421 2996 3547 3036 om-

1969 3101 2066 3143 nes
2099 3085 2152 3142 in
2189 3082 2490 3156 provinciis
2527 3077 2932 3136 communionis
2967 3068 3175 3131 nostrae
3221 3074 3534 3141 episcopos,

1966 3179 2035 3235 de
2065 3178 2408 3248 profectione
2449 3172 2538 3235 tali
2568 3171 2834 3226 certiores
2879 3169 3092 3232 facere,
3121 3174 3177 3221 et
3203 3177 3532 3220 consensum

1962 3285 2154 3326 eorum
2176 3269 2424 3338 accipere
2454 3265 2748 3336 possimus.
2778 3261 2913 3319 Cum
2941 3259 3078 3327 hac,
3113 3267 3170 3315 et
3202 3258 3370 3311 multa
3394 3270 3532 3325 prm-

1963 3373 2109 3418 terea
2135 3361 2261 3426 alia,
2280 3359 2573 3415 adventum
2607 3357 2971 3426 complurium
3001 3351 3359 3422 impedirent:
3379 3346 3526 3418 quod

1961 3460 2232 3528 reliquum
2262 3465 2399 3520 erat,
2426 3455 2587 3510 simul
2615 3460 2671 3508 et
2700 3451 2767 3505 ad
2805 3465 2893 3506 res
2923 3450 3212 3519 plerasque
3251 3446 3528 3516 corrigen-

1960 3549 2083 3615 das,
2109 3558 2167 3605 et
2198 3554 2443 3602 nostram
2483 3558 2610 3614 erga
2639 3556 2735 3595 vos
2763 3540 3086 3595 cbaritatem
3119 3537 3526 3604 declarandam,

1958 3639 2268 3697 faciendum
2300 3638 2578 3697 duximus.
2619 3644 2677 3688 ut
2711 3632 3202 3689 reverendissimos
3234 3642 3396 3702 atque
3424 3630 3529 3684 bo-

1958 3730 2233 3787 norandos
2260 3728 2494 3782 maxime
2522 3726 2722 3781 fratres
2770 3731 2827 3779 et
2863 3724 3102 3796 collegas
3151 3732 3396 3786 nostros,
3425 3721 3535 3792 Cy-

1957 3824 2191 3887 riacum,
2220 3820 2540 3884 Eusebium,
2583 3826 2637 3873 et
2672 3816 3037 3887 Priscianutn,
3069 3816 3381 3886 episcopos,
3421 3829 3531 3885 quo

1955 3922 2060 3975 viae
2079 3918 2320 3972 laborem
2353 3914 2583 3968 Romam
2618 3925 2792 3981 usque
2828 3880 3101 3966 alacribus
3132 3912 3381 3965 subirent
3413 3910 3533 3964 ani-

1956 4010 2080 4073 niis,
2112 4020 2471 4063 exoraremus
2508 4023 2522 4057 :
2562 4017 2660 4073 per
2690 4017 2830 4072 quos
2853 4001 3189 4056 voluntatem
3224 4008 3280 4055 ct
3305 4007 3529 4054 senten-

1958 4104 2088 4158 tiam
2147 4110 2388 4154 nostram
2438 4095 2721 4171 paciﬁcam
2752 4108 2895 4157 esse,
2926 4101 2983 4147 et
3029 4092 3248 4147 unionis
3296 4091 3526 4161 conjun-

1954 4190 2264 4260 ctionisque
2319 4187 2608 4243 consilium
2703 4196 2760 4240 et
2852 4184 3017 4239 linem
3078 4182 3182 4237 sibi
3243 4182 3526 4253 proposita

1954 4283 2180 4348 habere,
2220 4281 2589 4337 ostendimus:
2622 4278 2986 4348 ardoremque
3004 4277 3164 4332 simul
3185 4292 3282 4346 pro
3303 4277 3529 4332 saniore

1956 4375 2060 4429 ﬁde
2082 4381 2354 4436 nostrum,
2373 4371 2666 4426 manifesto
2693 4368 3061 4425 declaramus.
3080 4367 3190 4423 Nos
3217 4368 3388 4435 enim,
3410 4370 3526 4425 sive

278 4466 392 4535 γὰρ
420 4465 517 4518 καὶ
546 4466 679 4534 ἡμῖν
733 4464 826 4518 καὶ
869 4463 1003 4517 πᾶσι
1058 4463 1172 4524 τοῖς
1218 4460 1292 4531 μὴ
1341 4461 1727 4531 διαστρέφουσι
1758 4463 1847 4515 τὸν

1962 4462 2392 4533 persecutiones,
2441 4475 2539 4516 seu
2581 4458 2929 4525 alllictiones,
2959 4460 3077 4514 sive
3131 4460 3524 4529 imperatorum

276 4554 442 4620 λόγον
491 4553 592 4621 τῆς
622 4550 858 4622 ἀληθοῦς
909 4551 1146 4613 πίστεως
1187 4551 1547 4621 συναρέσκειν
1601 4550 1723 4603 δεῖ·
1778 4551 1845 4620 ἦν

280 4645 439 4712 μόλις
473 4642 605 4695 ποτὲ
657 4642 1040 4713 πρεσϐυτάτην
1090 4640 1256 4694 οὖσαν
1307 4642 1398 4694 καὶ
1449 4640 1741 4695 ἀκόλουθον
1768 4638 1847 4711 τῷ

276 4736 643 4806 βαπτίσματι,
673 4736 770 4788 καὶ
801 4734 1161 4788 διδάσκουσαν
1198 4735 1344 4804 ἡμᾶς
1376 4732 1656 4787 πιστεύειν
1684 4736 1765 4797 είς
1786 4733 1846 4786 τὸ

272 4829 448 4898 ὄνομα
503 4829 597 4880 τοῦ
647 4829 862 4899 [ἰατρὸς
925 4827 1146 4881 καὶτοῦ
1203 4828 1334 4881 Υίοῦ
1391 4829 1487 4880 καὶ
1536 4828 1629 4881 τοῦ
1687 4828 1843 4895 ἁγίου

276 4919 636 4990 Πνεύματοςξ
670 4920 873 4991 δηλαδὴ
905 4920 1161 4990 θεότητος
1188 4922 1280 4974 καὶ
1312 4919 1603 4989 δυνάμεως
1638 4920 1734 4973 καὶ
1754 4919 1846 4972 06-

276 5011 400 5075 σίας
454 5013 586 5082 μιᾶς
608 5012 703 5065 τοῦ
739 5012 955 5084 Πατρὸς
982 5013 1079 5065 καὶ
1111 5011 1207 5065 τοῦ
1247 5011 1378 5066 Υίοῦ
1430 5011 1525 5065 καὶ
1558 5010 1652 5065 τοῦ
1685 5011 1841 5079 ἁγίου

279 5103 600 5173 [Inops-ro:
651 5103 1071 5173 πιστευομένης,
1119 5102 1388 5173 όμοτίμου
1420 5119 1479 5156 τε
1528 5100 1630 5172 τῆς
1674 5101 1843 5166 ,ἀξίας

277 5197 373 5252 καὶ
406 5194 679 5249 συναῐδίου
734 5197 831 5266 τῆς
863 5194 1144 5265 βασιλείας
1185 5196 1243 5248 ὲν
1297 5195 1445 5264 τρισὶ
1474 5193 1842 5256 τελειοτάταις

273 5290 399 5353 ταῖς
433 5287 820 5350 ὑποστάσεσιν,
846 5285 1016 5355 ἡγουν
1039 5286 1189 5357 τρισὶ
1218 5285 1446 5347 τελείοις
1486 5283 1802 5352 προσώποις
1821 5299 1837 5317 ο

270 5380 349 5443 ὡς
382 5381 521 5449 μήτε
550 5382 649 5448 τὴν
671 5376 961 5432 Σαϐελλίου
987 5377 1141 5432 νόσον
1168 5375 1351 5448 χώραν
1379 5375 1588 5442 λαϐεῖν,
1617 5390 1842 5446 συγχεο-

271 5475 457 5545 μένων
486 5471 597 5526 τῶν
625 5471 997 5538 ὑποστάσεων,
1031 5472 1207 5525 εῖτουν
1235 5471 1343 5524 τῶν
1384 5470 1662 5540 ίδιοτήτων
1686 5471 1842 5523 ἀναι-

270 5566 576 5638 ρουμένων,
616 5567 755 5636 μήτε
787 5567 893 5636 μὴν
925 5564 1024 5636 τὴν
1043 5563 1389 5634 Εὐνομιανῶν
1421 5564 1514 5616 καὶ
1541 5560 1839 5631 ’Δρειανῶν

266 5661 368 5712 καὶ
422 5658 903 5728 Πνιυματομάχων
930 5654 1281 5727 βλασφημίαν
1324 5653 1552 5725 ίσχύειν,
1586 5655 1690 5724 τῆς
1749 5653 1840 5707 ού-

272 5751 399 5816 σίας
426 5749 459 5822 ἢ
489 5751 585 5822 τῆς
611 5750 829 5821 φύσεως
868 5749 900 5820 ἢ
928 5748 1030 5818 τῆς
1063 5747 1319 5818 θεότητος
1350 5744 1714 5817 τεμνομένης,
1739 5745 1836 5798 καὶ

1953 4556 2155 4620 minas,
2180 4569 2278 4611 seu
2304 4553 2718 4623 magistratuum
2748 4552 3129 4608 crudelitatem
3149 4592 3163 4617 ,
3195 4552 3311 4606 sive
3351 4552 3519 4607 etiam

1950 4648 2112 4703 aliam
2147 4647 2459 4717 quampiam
2493 4645 2849 4700 tentationem
2887 4652 2943 4699 et
2971 4642 3275 4713 periculum
3300 4642 3370 4697 ab
3408 4643 3521 4700 ba:-

1954 4741 2139 4797 reticis
2168 4740 2556 4800 sustinuimus,
2578 4755 2676 4809 pro
2699 4738 3011 4809 evangelica
3032 4736 3136 4811 fide
3166 4737 3358 4792 Nicaeae
3372 4739 3516 4808 apud

1948 4834 2209 4905 Bithynos
2242 4848 2274 4886 a
2325 4831 2587 4886 trecentis
2622 4832 2810 4883 decem
2837 4838 2891 4884 et
2946 4837 3071 4883 octo
3111 4828 3367 4885 Patribus
3393 4843 3522 4883 con-

1950 4925 2182 4992 ﬁrmata,
2224 4921 2490 4994 quidquid
2523 4921 2578 4975 id
2633 4920 2756 4987 fuit,
2784 4919 3133 4990 pertulimus.
3172 4918 3304 4974 Eam
3366 4919 3515 4975 enim

1945 5022 2002 5068 et
2027 5012 2207 5073 nobis.
2237 5021 2293 5067 et
2323 5009 2503 5074 vobis,
2530 5008 2763 5079 aliisque
2791 5007 2928 5062 adeo
2964 5007 3225 5065 omnibus
3248 5008 3341 5077 qui
3372 5023 3523 5064 verte

1947 5103 2073 5160 ﬁdei
2097 5102 2323 5158 verbum
2354 5116 2465 5155 non
2486 5108 2807 5171 pervertunt
2832 5141 2846 5167 ,
2879 5100 3221 5169 complacere
3249 5109 3466 5172 oportet
3498 5113 3514 5154 :

1946 5196 2149 5268 quippe
2177 5210 2298 5264 qua:
2319 5191 2703 5263 antiquissima
2749 5201 2803 5247 et
2846 5192 3118 5261 baptismo
3145 5200 3521 5254 consentanea

1944 5289 2035 5352 sit,
2061 5286 2289 5343 credere
2327 5300 2428 5341 nos
2461 5285 2665 5339 docens
2701 5283 2755 5338 in
2788 5298 2987 5339 nomen
3026 5283 3204 5339 Patris
3231 5292 3286 5338 ct
3306 5282 3427 5336 Filii
3458 5290 3517 5337 et

1945 5377 2186 5448 Spiritus
2235 5375 2432 5441 sancti,
2476 5374 2736 5430 videlicet
2766 5384 2827 5430 ut
2872 5373 3128 5429 divinitas
3159 5381 3217 5427 et
3269 5380 3517 5442 potestas

1946 5485 2052 5524 una
2098 5469 2276 5524 Patris
2305 5476 2362 5522 et
2407 5467 2531 5523 Filii
2575 5476 2630 5523 et
2658 5466 2900 5536 Spiritus
2928 5464 3123 5529 sancti,
3163 5471 3219 5517 et
3262 5463 3513 5533 ejusdem

1943 5560 2175 5616 honoris
2217 5558 2480 5628 dignitas,
2538 5567 2592 5610 et
2628 5565 2961 5611 comternum
2994 5569 3223 5624 regnum
3254 5554 3310 5610 in
3339 5555 3517 5612 tribus

1942 5651 2200 5722 perfectis
2216 5648 2607 5715 subsistentiis,
2635 5648 2750 5703 sive
2774 5647 2949 5703 tribus
2966 5645 3224 5716 perfectis
3243 5648 3515 5717 personis,

1942 5744 2244 5801 credatur:
2282 5744 2356 5797 ita
2405 5750 2464 5797 ut
2516 5755 2692 5812 neque
2748 5740 2966 5797 Sabellii
3018 5740 3271 5812 contagio
3327 5741 3517 5799 locum
