3936 6206
488 307 594 368 7⁸ὶῇ

1712 313 2123 376 NICEPIIORI
2167 317 2256 374 CA
2268 311 2510 374 LLlSTI
3583 321 3669 386 796

491 425 707 486 habeat,
756 426 1126 480 subsistentiis
1166 429 1444 492 confusis.
1479 447 1574 484 seu
1620 434 2047 510 proprietatibus

2175 431 2214 497 τῇ
2244 427 2482 496 ἁκτίστῳ
2516 425 2609 478 καὶ
2646 423 2922 492 όμοουσίῳ
2968 425 3059 478 καὶ
3094 426 3345 498 συναῖδίῳ
3385 431 3557 501 Τριάδι
3593 455 3672 504 μι-

490 516 722 570 sublatis
750 532 764 568 :
791 531 968 584 neque
1000 517 1470 574 Eunomianorutn
1529 533 1584 576 et
1630 525 1960 578 Arianorum
2001 533 2057 576 et

491 604 1113 660 f‘neumatomachorum
1162 607 1499 677 blasphemia
1531 627 1627 665 seu
1675 612 2056 667 maledicentia

491 693 830 746 invalescere
867 696 1058 760 possit,
1105 697 1408 751 substantia
1446 699 1526 752 vel
1563 709 1755 754 natura
1793 703 1875 756 vel
1919 703 2059 756 divi-

490 783 666 837 nitate
691 783 1004 848 dividenda,
1034 793 1089 838 et
1121 785 1374 843 inrreatze
1409 793 1968 864 consubstantialique
2006 803 2059 848 et

492 884 774 929 eomternie
799 873 1076 937 Triuitati,
1104 878 1410 945 posteriore
1447 882 1701 950 quapiam
1727 884 1843 937 sive
1877 896 2056 938 creata

495 981 592 1020 seu
628 965 782 1019 alteri
820 966 1164 1022 substantiali
1205 978 1396 1023 natura
1423 971 1748 1028 inducenda.
1785 974 1944 1044 253
1969 977 2059 1030 lti-

493 1056 905 1111 hnmanationis
928 1059 1090 1112 etiam
1123 1059 1336 1113 Domini
1382 1063 1646 1117 rationein
1689 1065 1913 1120 minime
1940 1082 2062 1135 per-

493 1164 707 1202 versam
772 1149 1094 1213 retinemus,
1132 1167 1310 1221 neque
1363 1153 1446 1207 vel
1496 1154 1673 1208 anima
1730 1157 1812 1210 vel
1879 1170 2059 1214 mente

493 1249 792 1304 carentem,
820 1250 912 1294 aut
963 1241 1332 1310 imperfectam
1378 1246 1560 1298 carnis
1593 1246 2057 1316 dispensationem

495 1330 820 1385 credentes:
850 1341 1002 1384 certo
1039 1333 1243 1401 quippe
1297 1333 1554 1397 scientes,
1591 1336 1894 1403 perfectum
1932 1339 2060 1406 qui-

498 1421 621 1474 dem
653 1432 780 1475 ante
811 1423 1005 1476 saecula
1037 1423 1204 1477 fuiSse
1232 1425 1398 1478 Deum
1431 1424 1671 1479 Verbum
1694 1467 1708 1488 ,
1754 1428 2058 1495 perfectum

498 1529 630 1567 vero
659 1514 934 1568 hominem
973 1517 1025 1568 in
1060 1517 1319 1571 extremis
1349 1519 1546 1573 diebus
1578 1531 1802 1588 propter
1829 1522 2060 1576 salutem

501 1615 738 1658 nostram
781 1621 902 1659 esse
937 1606 1160 1662 factum.
1187 1610 1252 1662 Et
1275 1611 1406 1664 ﬁdes
1429 1611 1649 1679 quidem
1693 1629 1814 1683 qua:
1847 1631 1876 1668 a
1904 1616 2062 1670 nobis

500 1707 817 1751 constanter
849 1700 1270 1766 depraulicatur,
1305 1701 1356 1754 iu
1382 1717 1592 1756 summa
1632 1705 1710 1756 sic
1756 1720 1812 1758 se
1862 1705 2060 1760 habet:

501 1789 569 1843 de
600 1805 705 1856 qua
735 1792 1053 1857 ampliorem
1091 1793 1254 1845 etiam
1289 1794 1596 1846 animorum
1632 1796 2063 1849 consolationem

503 1875 788 1950 percipere
835 1884 1106 1952 poteritis,
1164 1885 1205 1936 si
1277 1902 1382 1939 non
1435 1887 1794 1954 gravahimini
1856 1889 2063 1944 decreti

502 1971 768 2033 libellum,
821 1973 963 2040 quod
993 1973 1348 2029 Antiochiam
1399 1978 1606 2047 synodo
1656 1979 1727 2032 ibi
1766 1991 1950 2035 coacta
1988 1982 2067 2034 fa-

505 2073 676 2125 ctum,
717 2073 770 2117 et
805 2064 930 2116 item
961 2067 1011 2117 id
1037 2081 1256 2134 quoque
1287 2068 1430 2134 quod
1484 2069 1726 2136 proxime
1757 2069 2068 2144 Constantia

504 2155 687 2223 nopoli
740 2156 807 2209 ab
858 2157 1151 2208 universali
1207 2157 1442 2210 concilio
1502 2162 1902 2230 promulgatum
1959 2174 2066 2222 est.

506 2247 704 2315 legere.
737 2248 796 2301 lit
823 2249 1021 2318 quibus
1074 2260 1128 2303 et
1158 2249 1334 2306 fusius
1389 2251 1548 2305 fidem
1596 2256 1822 2321 professi
1855 2271 2066 2320 sumus,

506 2347 562 2391 et
584 2341 816 2392 Ita-roses
846 2356 1022 2408 nuper
1055 2356 1150 2409 per
1176 2357 1264 2396 res
1294 2358 1482 2402 novas,
1513 2355 1753 2409 exortas,
1780 2355 1835 2400 et
1865 2349 2070 2400 anobis

505 2431 853 2484 anathemate
905 2433 1221 2496 confessas,
1295 2435 1347 2488 in
1417 2435 1682 2503 scriptum
1757 2439 2066 2494 retulimus.

508 2522 676 2576 Pet-ro
704 2522 771 2576 de
822 2525 1190 2593 singularibus
1221 2528 1579 2582 ecclesiarum
1637 2530 2068 2586 administratio-

508 2615 691 2680 nibus,
719 2627 961 2670 veterem
991 2620 1144 2672 scitis
1177 2635 1296 2674 esse
1332 2623 1694 2683 Sanctionem,
1742 2634 1796 2678 et
1852 2634 2073 2679 sancto-

509 2722 630 2759 runt
662 2708 853 2762 Nion-:2
890 2722 1340 2780 congregatorum
1387 2714 1609 2768 Patrum
1644 2717 1924 2770 decretum
1950 2760 1964 2782 ,
2013 2728 2072 2772 ut

510 2794 564 2846 in
600 2797 881 2864 provincia
911 2815 1147 2868 quaque,
1183 2801 1478 2869 provinciae
1532 2805 1652 2873 ejus
1702 2807 1964 2874 episcopi,
2017 2815 2074 2860 et

509 2903 633 2941 eum
658 2889 757 2947 eis.
800 2890 845 2944 si
879 2891 954 2944 illi
978 2893 1165 2956 velint,
1199 2896 1412 2948 finitimi
1435 2912 1654 2966 quoque
1683 2899 1980 2953 electiones
2017 2909 2074 2954 et

510 2981 977 3041 consecrationem
1035 2999 1100 3037 ex
1147 3000 1248 3038 usu
1299 2988 1521 3054 publico
1577 3001 1856 3057 peragant.
1910 2989 2072 3045 Juxta

2158 517 2450 585 ταγενεστέ
2463 534 2561 585 ρας
2593 516 2740 578 τινὸς
2773 516 2804 584 ἢ
2831 517 3054 585 κτιστῆς
3083 517 3114 587 ἦ
3144 520 3468 587 ἐτεροουσίσυ
3492 525 3672 594 φύσεως

2160 610 2532 677 ἐπαγομένης.
2589 609 2700 662 Καὶ
2741 608 2834 659 τὸν
2865 608 2965 677 τῆς
3016 609 3470 679 ὲνανθρωπήσεως
3511 616 3558 669 δέ
3593 621 3671 674 τοῦ

2159 699 2366 770 Κυρίου
2402 699 2562 767 λόγον
2612 698 2977 768 ἀδιάστροφον
3009 701 3278 767 σώζομεν,
3326 701 3440 754 οὕτε
3481 705 3668 778 ἄψυχον,

2147 789 2281 841 οὔτε
2308 786 2549 856 ἄνουνηῆ
2589 787 2754 855 ἀτελῆ
2787 786 2883 857 τὴν
2911 787 3014 855 τῆς
3048 788 3249 856 σαρκὸς
3277 789 3563 860 οἰκονομίαν
3587 814 3670 850 πα-

2161 878 2514 947 ραδεχόμενοι
2541 894 2555 908 ·
2597 877 2718 930 ὅλον
2747 877 2804 930 δέ
2856 877 3056 939 εἰδότες
3089 879 3296 931 τέλειον
3333 882 3426 949 μέν
3448 884 3542 951 πρὸ
3567 887 3670 939 am.

2160 988 2266 1023 νων
2313 971 2444 1024 ὄντα
2506 969 2640 1022 Θεὸν
2695 970 2905 1038 Λόγον,
2953 971 3165 1023 τέλειον
3206 971 3262 1024 δὲ
3305 974 3566 1044 ἄνθρωπον
3603 981 3670 1032 ἐπ’

2160 1061 2398 1128 ἐσχάτου
2421 1059 2530 1112 τῶν
2566 1060 2792 1130 ἡμερῶν
2848 1061 2938 1113 διὰ
2989 1061 3090 1129 τὴν
3139 1063 3411 1130 ἡμετέραν
3440 1067 3672 1135 σωτηρίαν

2160 1154 2476 1219 γενόμενον.
2516 1151 2596 1203 Τὰ
2631 1151 2732 1220 μὲν
2784 1147 2876 1204 οὖν
2906 1151 3050 1205 κατὰ
3106 1152 3207 1222 τὴν
3247 1152 3424 1208 πίστιν
3458 1156 3546 1212 τὴν
3571 1159 3672 1226 παρ’

2161 1245 2192 1313 ὴ
2205 1243 2320 1309 μῶν
2347 1241 2736 1302 ἀνυποστόλως
2772 1243 3212 1312 κηρυττομένην,
3243 1245 3316 1306 ὠς
3350 1247 3404 1296 ἐν
3444 1249 3672 1320 κειραλαῖῳ

2161 1332 2418 1386 τοιαῦταο
2461 1334 2591 1402 περὶ
2641 1325 2718 1386 ὧν
2762 1333 2856 1384 καὶ
2899 1334 2992 1384 ἐπὶ
3027 1334 3213 1386 πλεῖον
3264 1334 3670 1410 ψυχαγωγηθῆηι

2160 1423 2476 1492 δυνήσεσθε,
2507 1423 2587 1488 τῷ
2613 1439 2672 1475 τε
2700 1424 2760 1475 ἐν
2803 1424 3109 1493 Ἀντιοχείᾳ
3137 1426 3289 1494 τόμῳ
3316 1434 3453 1496 παρᾶ
3476 1430 3561 1494 τῆς
3585 1434 3672 1484 ἐκεῖ

2164 1515 2520 1582 συνελθούσης
2553 1515 2771 1567 συνόδου
2802 1519 3160 1585 γεγενημένῳ
3190 1520 3590 1584 καταξιῶσαντες
3611 1526 3672 1575 ὲν-

2165 1607 2364 1674 τυχεῐν,
2403 1604 2497 1657 καὶ
2521 1605 2598 1674 τῷ
2627 1607 2859 1671 πέρυσιν
2885 1608 2942 1657 ἐν
2974 1589 3527 1663 Κωνσταντινουπόῖξι
3555 1617 3670 1683 παρὰ

2166 1698 2262 1765 τῆς
2291 1697 2675 1767 οίκουμενικῆς
2708 1699 2982 1752 ἐκτεθέντι
3017 1700 3245 1754 συνόδου
3269 1717 3282 1729 °
3324 1704 3378 1754 ἐν
3405 1697 3479 1766 οἷς
3513 1705 3670 1760 πλατύ.

2169 1807 2322 1859 τερον
2350 1791 2448 1858 τὴν
2492 1791 2678 1842 πίστιν
2733 1791 3196 1860 ὡμολογήσαμεν.
3233 1795 3324 1846 καὶ
3364 1796 3463 1856 τῶν
3492 1795 3667 1864 ἔναγχος

2171 1883 2669 1951 καινοτομηθεισῶν
2723 1883 2987 1952 αἱρέσεων
3042 1886 3474 1955 ἁναθεματισμὺν
3513 1887 3668 1957 hypa-

2169 1991 2268 2042 φον
2294 1977 2693 2044 πεποιήκαμεν.
2726 1977 2856 2046 Περὶ
2879 1975 3070 2069 δὲ.τῶν
3099 1979 3414 2047 οἵκονομιῶν
3437 1979 3520 2031 τῶν
3548 1982 3658 2032 atati

2175 2067 2334 2134 μέρος
2371 2068 2425 2118 ἐν
2453 2069 2569 2129 ταῖς
2619 2067 2954 2135 ἓκκλησίαιξ
2970 2067 3226 2131 παλαιὸς,
3271 2071 3342 2131 ὡς
3371 2069 3666 2139 ίστε,θεσμδς

2169 2160 2504 2228 κεκράτηκε,
2528 2161 2624 2212 καὶ
2653 2159 2764 2210 τῶν
2785 2161 2840 2210 ἐν
2863 2159 3073 2231 Νικαίᾳ
3103 2161 3277 2228 ἁγίων
3309 2163 3537 2229 Πατέρων
3552 2164 3668 2230 ὅρος·

2170 2249 2291 2301 καθ’
2316 2250 2555 2320 ἐκάστην
2585 2251 2852 2319 ἐπαρχίαν
2884 2252 3008 2312 τοὺς
3035 2253 3142 2321 τῆς
3171 2254 3430 2321 ἐπαρχίας
3454 2255 3534 2305 καὶ
3555 2253 3672 2322 εἴπερ

2171 2343 2368 2392 ἐκεῖνοι
2403 2341 2704 2410 βούλοιντο,
2739 2343 2835 2394 σὺν
2863 2343 3046 2404 αὐτοῖς
3079 2345 3217 2404 τοὺς
3261 2345 3476 2412 ὁμόρους
3499 2345 3606 2412 πρὸς
3627 2344 3672 2395 τὸ

2173 2432 2454 2502 συμφέρον
2476 2433 2747 2485 ποιεῖσθαι
2767 2434 2864 2495 τὰς
2889 2434 3235 2504 χειροτονίας
3256 2449 3269 2463 ’
3305 2431 3380 2496 οἷς
3405 2435 3673 2498 ἀκολούθως,

2170 2520 2270 2581 τάς
2299 2537 2355 2572 τε
2407 2518 2599 2582 λοιπὰς
2634 2521 2928 2590 ἐκκλησίας
2982 2522 3123 2591 παρ’
3157 2525 3291 2592 ἡμῖν
3333 2524 3677 2594 οἰκονομεῖσθαι

2172 2610 2470 2678 γινώσκετε
2491 2627 2504 2640 ⁸
2536 2614 2632 2664 καὶ
2677 2613 2786 2665 τῶν
2815 2614 3244 2684 ἐπισημοτάτων
3273 2617 3552 2685 ἐκκλησιῶν
3577 2618 3679 2669 ἁνα-

2171 2703 2441 2772 δεδείχθαι
2463 2705 2589 2766 τοὺς
2617 2703 2815 2775 ἱερεῖς’
2862 2705 2988 2758 ὅθεν
3023 2707 3132 2774 τῆς
3173 2707 3272 2776 μὲν
3311 2709 3366 2759 ἐν
3394 2709 3682 2762 Κωνσταντι-

2173 2796 2772 2862 νουπόλεινεοπαγοῦς,
2821 2796 2895 2860 ὡς
2939 2797 3006 2850 ἂν
3051 2799 3204 2852 είποι
3259 2816 3359 2863 τις,
3413 2799 3678 2869 ἐκκλησίας,

2174 2890 2240 2957 ἣν
2279 2886 2471 2958 ὥσπερ
2497 2889 2561 2940 ἐκ
2615 2887 2882 2956 στόματος
2937 2887 3157 2952 λέοντος
3184 2891 3283 2961 τῆς
3311 2891 3414 2944 τῶν
3439 2890 3683 2961 αίρετικῶν

2176 2979 2528 3050 βλασφημίας
2557 2981 2816 3048 ὑπόγυιον
2849 2980 3250 3052 ἐξηρπάσαμεν
3289 2984 3372 3036 διὰ
3393 2984 3490 3036 τῶν
3515 2985 3685 3050 οἰκτιρ-

510 3071 776 3140 ejusmodi
809 3075 1284 3141 constitutionem,
1319 3094 1441 3132 cum
1477 3079 1610 3132 alias
1654 3083 1794 3150 apud
1847 3098 1946 3136 nos
1991 3099 2072 3136 ec-

2185 3072 2303 3141 μῶν
2332 3071 2424 3124 τοῦ
2455 3071 2613 3137 Θεοῦ,
2651 3072 2743 3124 τὸν
2777 3072 3210 3142 αίδεσιμώτατον
3262 3077 3354 3128 καὶ
3391 3075 3685 3143 θεοφιλέστα-

512 3160 708 3215 clesias
741 3165 986 3218 ordinari
1025 3176 1190 3236 atque
1237 3169 1612 3224 administrari
1639 3210 1654 3232 .
1695 3182 1809 3224 tum
1845 3173 1898 3226 in
1929 3174 2074 3230 cele-

517 3253 770 3309 berrimis
825 3257 1137 3327 quibusque
1206 3261 1478 3316 antistites
1532 3265 1877 3320 reuuntiatos
1930 3282 2071 3332 esse,

514 3346 731 3401 scitote.
765 3349 1001 3404 Proinde
1042 3351 1095 3404 in
1125 3367 1318 3407 recens
1367 3354 1614 3420 fundata,
1661 3366 1720 3410 ut
1764 3359 1832 3411 ita
1880 3360 2078 3429 aliquis

515 3437 684 3499 dicat,
724 3437 1331 3510 Censtautinopolitana
1387 3446 1654 3508 ecclesia,
1697 3464 1856 3517 quam
1906 3466 2079 3518 nuper

517 3533 773 3599 tanquam
812 3547 878 3585 ex
909 3547 1003 3587 ore
1023 3535 1220 3596 leonis.
1253 3537 1332 3591 sic
1367 3554 1431 3591 ex
1458 3538 1792 3608 blasphemia
1823 3552 1879 3594 et
1907 3542 2079 3596 male-

516 3622 751 3678 dicentia
782 3624 1162 3680 haareticorum
1199 3627 1503 3696 eripuimus
1529 3673 1542 3695 ,
1576 3645 1674 3699 per
1701 3632 2079 3687 miserationes

518 3714 635 3776 Dei,
677 3714 733 3768 in
787 3717 1079 3771 universali
1139 3721 1366 3790 synodo,
1417 3723 1696 3776 communi
1755 3733 1810 3777 et
1840 3726 2078 3794 'puhlico

519 3823 790 3864 consensu
843 3811 896 3864 in
951 3811 1122 3885 ipsius
1179 3815 1270 3867 Dei
1321 3816 1681 3871 amantissimi
1734 3818 2080 3888 imperatoris

520 3901 812 3957 Theodosii
844 3917 1161 3974 conspectu,
1194 3907 1341 3962 clero
1370 3911 1515 3963 omni
1548 3921 1600 3964 et
1635 3912 1854 3964 civitate
1885 3924 2080 3966 cuneta

518 3999 870 4068 sutlragaute,
901 4002 1416 4056 reverendissiinum
1443 4011 1499 4058 et
1532 4004 1622 4058 Dei
1643 4005 2079 4059 amantissimum

519 4091 830 4146 Nectarium
890 4093 1206 4162 episcopum
1270 4093 1522 4163 legimus.
1587 4095 1644 4148 In
1706 4095 2079 4148 vetustissima

520 4197 670 4244 vero,
732 4183 1070 4252 proinde’que
1134 4185 1431 4252 apostolica
1478 4186 1711 4240 ecclesia
1778 4185 2083 4239 Antiochia:

520 4273 660 4340 apud
695 4271 880 4342 Syros,
915 4273 969 4326 in
1000 4289 1105 4341 qua
1133 4274 1307 4342 prima
1341 4279 1712 4329 venerandum
1743 4276 2080 4331 Christiano-

522 4379 644 4416 rum
669 4379 866 4418 nomen
896 4365 1123 4431 exstitit,
1155 4367 1517 4434 provinciales
1549 4377 1604 4421 et
1631 4367 1923 4422 Orientalis
1943 4355 2084 4422 dice-

2175 3181 2266 3216 τον
2293 3163 2598 3234 Νεκτάριον
2624 3165 2921 3218 ἐπίσκοπον
2953 3168 3480 3236 κεχειροτονηκαμεν
3499 3168 3574 3218 ἐπὶ
3606 3165 3684 3231 τῆς

2177 3249 2560 3322 οἰκουμενικῆς
2621 3254 2841 3306 συνόδου
2899 3255 3039 3322 μετὰ
3091 3255 3288 3325 κοινῆς
3340 3258 3570 3326 ὁμονοίας
3611 3256 3683 3307 ὑπ’

2177 3344 2332 3412 ὄψεσι
2361 3347 2458 3398 καὶ
2508 3345 2603 3398 τοῦ
2642 3345 3060 3414 θεοφιλεστάτου
3120 3349 3386 3416 βασιλέως
3428 3347 3686 3407 Θεοδοσίου,

2179 3437 2380 3499 παντός
2410 3453 2467 3489 τε
2517 3437 2611 3488 τοῦ
2655 3437 2860 3508 κλήρου
2896 3439 2990 3490 καὶ
3038 3440 3222 3511 πάσης
3270 3439 3689 3510 ἐπιψηφιζομὲνης

2177 3529 2277 3598 τῆς
2303 3528 2528 3590 πόλεως.
2576 3529 2689 3598 Τῆς
2719 3529 2775 3580 δὲ
2811 3529 3200 3600 πρεσϐυτάτης
3233 3533 3327 3584 καὶ
3381 3531 3540 3591 οὕτως
3578 3531 3690 3582 ἀπο-

2182 3619 2436 3689 στολικῆς
2473 3619 2801 3688 Ἐκκλησίας
2831 3622 2930 3690 τῆς
2959 3624 3016 3673 ἐν
3055 3622 3360 3692 Ἀντιοχείᾳ
3385 3623 3478 3691 τῆς
3507 3621 3688 3691 Συρίας.

2180 3716 2240 3765 ἐν
2274 3708 2307 3786 ᾗ
2341 3714 2532 3785 πρώτῃ
2558 3715 2618 3768 τὸ
2638 3716 2818 3783 τίμιον
2845 3713 2956 3766 τῶν
2986 3716 3337 3786 Χριστιανῶν
3370 3716 3692 3786 ἐχρημάτισεν

2181 3805 2372 3874 ὄνομα.
2403 3806 2495 3858 τὸν
2520 3805 2948 3877 αἰδεσιμὼτατον
2969 3808 3062 3860 καὶ
3089 3807 3495 3878 θεοφιλέστατον
3514 3806 3694 3860 ἐπίσκο-

2183 3917 2282 3952 πον
2311 3899 2611 3953 Φλαϐιανδν
2637 3901 2768 3953 οἵτε
2795 3901 2896 3969 τῆς
2943 3903 3218 3972 ἐπαρχίας
3247 3903 3342 3954 καὶ
3367 3903 3460 3972 τῆς
3491 3900 3694 3953 ἀνατολι-

2183 3993 2284 4060 κῆς
2331 3992 2654 4061 διοικήσεως
2702 3993 3099 4063 συνδραμόντες
3132 3994 3430 4056 κανονικῶς
3472 3989 3694 4062 ἐχειροτὸ-

2183 4102 2373 4154 νησαν,
2401 4085 2581 4155 πάσης
2613 4084 2909 4154 συμψήφου
2942 4085 3039 4153 τῆς
3080 4085 3422 4153 Ἑκκλησίας,
3444 4085 3610 4152 ῶσπερ
3627 4080 3694 4132 διὰ

2187 4178 2317 4245 μιᾶς
2342 4179 2546 4246 φωνῆς,
2576 4177 2666 4229 τὸν
2691 4176 2857 4246 ἄνδρα
2886 4177 3202 4246 τιμησάσης
3224 4191 3238 4205 ·
3272 4177 3446 4247 ἥνπερ
3477 4174 3694 4238 ἔνθεσμον

2185 4272 2522 4343 χειροτονίαν
2553 4273 2790 4336 ἐδέξατο,
2825 4272 2920 4324 καὶ
2948 4272 3008 4325 τὸ
3034 4274 3137 4341 τῆς
3163 4273 3378 4325 συνόδου
3409 4269 3587 4322 κοινόν.
3606 4265 3693 4331 Τῆς

2184 4364 2240 4416 δέ
2275 4381 2338 4432 γε
2373 4365 2578 4434 μητρὸς
2607 4364 2832 4416 ἁπασῶν
2861 4363 2971 4415 τῶν
3003 4361 3311 4433 ἐκκλησιῶν
3353 4361 3448 4430 τῆς
3476 4363 3528 4413 ἐν
3557 4359 3695 4424 Ἰερο·

521 4456 663 4511 cesis
693 4456 936 4526 episc0pi
960 4467 1231 4512 conventu
1263 4467 1407 4522 acto,
1451 4460 1716 4515 canonice
1754 4469 1808 4514 et
1837 4461 2072 4529 legitime

2188 4454 2438 4523 σολὺμοις
2467 4454 2561 4506 τὸν
2598 4453 3024 4523 αίδεσιμώτατον
3055 4454 3154 4506 καὶ
3192 4452 3582 4522 θεοφιλέστατον
3604 4447 3694 4499 liti-

522 4547 1036 4602 revereudissitnum
1066 4557 1120 4602 et
1162 4549 1260 4602 Dei
1293 4550 1728 4604 amantissimum
1764 4551 2078 4604 Flavianum

520 4641 822 4696 antistitem
856 4650 1138 4706 crearunt,
1174 4641 1403 4695 ecclesia
1455 4651 1564 4695 tota
1601 4643 2001 4703 consentiente,
2027 4651 2083 4696 et

520 4734 676 4804 quasi
723 4748 856 4787 voce
904 4749 1006 4786 una
1047 4735 1224 4787 virum
1275 4750 1400 4789 eum
1457 4736 1869 4788 cohonestante.
1921 4735 2083 4806 254

519 4825 690 4889 Quam
727 4824 1193 4878 consecrationem
1228 4825 1638 4880 utordinariatn
1672 4836 1727 4881 et
1761 4827 2080 4896 legitimam,

521 4913 712 4980 synodi
754 4915 915 4967 etiam
945 4916 1311 4970 communitas
1342 4918 1740 4984 comprobavit.
1778 4919 1835 4969 lit
1861 4933 1922 4969 ea
1955 4931 2084 4971 vero

524 5006 760 5060 ecclesia
785 5045 799 5069 ,
849 5022 968 5075 quze
1003 5009 1234 5062 aliarum
1276 5011 1520 5063 omnium
1566 5019 1738 5063 mater
1760 5019 1866 5075 est,
1896 5009 2087 5064 Hiero-

523 5097 770 5169 solymis.
843 5100 1359 5154 reverendissituum
1411 5111 1467 5154 et
1515 5101 1610 5154 Dei
1645 5101 2084 5154 amantissimum

521 5188 782 5258 Cyrillum
817 5192 1132 5259 episcOpum
1161 5207 1281 5246 esse
1315 5193 1542 5256 scimus,
1576 5192 1678 5246 rite
1700 5191 2021 5262 jamdudum
2056 5208 2084 5244 a

524 5281 951 5352 provincialibus
972 5283 1240 5352 episcopis
1278 5283 1646 5352 electuni,qui
1684 5299 1814 5338 sane
1853 5283 2088 5338 diversis

525 5372 582 5426 in
613 5373 747 5428 locis
764 5374 1060 5442 plurimum
1079 5374 1344 5429 adversus
1360 5375 1590 5428 Arianos
1618 5375 1938 5430 decertavit.
1959 5376 2088 5440 Qua:

526 5480 650 5520 cum
687 5467 924 5537 legitime
946 5477 1001 5521 et
1023 5467 1285 5521 canonice
1311 5467 1454 5537 apud
1497 5483 1597 5522 nos
1629 5477 1748 5522 acta
1780 5468 2087 5531 obtineant,

528 5561 590 5608 'ut
620 5557 674 5608 in
702 5557 783 5610 eis
828 5558 1004 5626 pietas
1029 5558 1194 5612 etiam
1229 5567 1407 5611 vestra
1453 5557 1573 5610 lzeta
1605 5567 1657 5610 et
1691 5557 2086 5627 gratulabunda

529 5649 865 5712 iit-quiescat,
916 5649 1220 5713 hortamur,
1257 5650 1523 5718 spirituali
1571 5651 1780 5705 scilicet
1823 5650 2090 5704 charitate

528 5734 925 5801 intercedente,
967 5747 1019 5791 ct
1049 5739 1255 5791 llontini
1289 5739 1482 5792 tituorc
1530 5740 1766 5794 favorem
1808 5740 2088 5794 hominum

2186 4542 2364 4613 ριλλον
2403 4543 2702 4595 ἐπίσκοπον
2747 4538 2888 4595 εἶναι
2945 4543 3311 4613 γνωρίζομεν,
3352 4537 3624 4598 κανονικῶς
3648 4549 3693 4584 τε

2183 4635 2336 4704 παρὰ
2368 4635 2475 4687 τῶν
2507 4636 2606 4703 τῆς
2633 4635 2901 4706 ἐπαρχίας
2938 4637 3383 4706 χειροτονηθέντα
3431 4633 3596 4691 πάλαι,
3622 4627 3694 4678 καὶ

2183 4725 2415 4778 πλεῖστα
2459 4726 2598 4795 πρὸς
2635 4727 2758 4790 τοὺς
2801 4727 3114 4797 Ἀρειανοὺς
3142 4727 3201 4779 ἐν
3241 4727 3516 4796 διαφόροις
3541 4721 3694 4778 τόποις

2183 4818 2530 4890 ἀθλήσαντα·
2559 4814 2642 4883 οἷς
2688 4821 2764 4884 ὡς
2815 4820 3090 4890 ἐνθέσμως
3133 4824 3226 4873 καὶ
3256 4816 3542 4878 κανονικῶς
3587 4808 3693 4880 παρ’

2185 4913 2316 4981 ἡμῖν
2364 4915 2754 4982 κεκρατηκόσι,
2815 4914 2912 4966 καὶ
2961 4914 3060 4984 τὴν
3107 4913 3379 4983 ὑμετέραν
3422 4904 3694 4975 συγχαίρειν

2187 5002 2614 5071 παρακαλοῦμεν
2667 5004 2977 5068 εὐλάϐειαν,
3010 5005 3111 5071 τῆς
3166 5001 3529 5074 πνευματικῆς
3571 5010 3693 5066 μεσι-

2185 5095 2449 5167 τευούσης
2479 5095 2719 5166 ἀγάπης,
2749 5096 2846 5149 καὶ
2884 5095 2981 5150 τοῦ
3032 5095 3310 5166 Κυριακοῦ
3353 5093 3509 5162 φόϐου
3549 5090 3693 5140 πᾶσαν

2191 5187 2289 5254 μέν
2324 5187 2779 5248 καταστέλλοντος
2831 5186 3184 5259 ἀνθρωπίνην
3207 5185 3585 5258 προσπάθειαν,
3617 5176 3693 5245 τὴν

2187 5278 2242 5329 δέ
2276 5278 2384 5331 τῶν
2407 5277 2717 5348 ἐκκλησιῶν
2758 5279 3052 5349 οἰκοδομὴν
3070 5279 3480 5350 προτιμοτέραν
3522 5269 3694 5325 ποιοῦν·

2188 5370 2388 5440 τοςτῆς
2419 5371 2554 5441 πρὸς
2569 5373 2662 5426 τὸν
2693 5371 2813 5425 καθ’
2833 5372 2930 5425 ἐνα
2956 5373 3244 5444 συνηθείας
3277 5373 3309 5441 ἦ
3337 5363 3694 5442 χάριτος.οὖτω

2189 5465 2300 5531 γάρ
2334 5461 2428 5514 τοῦ
2460 5479 2519 5515 τε
2553 5463 2650 5532 τῆς
2681 5464 2917 5526 πίστεως
2946 5463 3396 5534 συμφωνηθέντος
3425 5461 3589 5526 λόγου,
3622 5450 3695 5504 καὶ

2190 5556 2290 5620 τῆς
2342 5555 2734 5624 Χριστιανικῆς
2779 5555 3121 5627 κυρωθείσης
3175 5558 3231 5608 ἐν
3287 5556 3417 5623 ἡμῖν
3481 5549 3693 5616 ἀγάπης,

2195 5647 2514 5716 παυσόμεθα
2541 5647 2794 5716 λέγοντες
2820 5647 2882 5700 τὸ
2905 5649 3053 5718 παρὰ
3082 5649 3191 5701 τῶν
3215 5646 3513 5700 ἀποστόλων
3537 5650 3694 5730 uti."

2195 5757 2303 5792 vius
2311 5739 2469 5810 μένον
2484 5755 2499 5772 ο
2519 5740 2664 5808 Ἐγὼ
2679 5739 2794 5808 μέν
2817 5740 2930 5809 εἰμι
2954 5741 3215 5805 Παύλου,
3240 5738 3351 5807 ἐγὼ
3372 5735 3433 5789 δὲ
3453 5729 3694 5787 Ἀπολλων
