3936 6206
295 348 400 411 797
1219 353 1812 416 ECCLESIASTlCzE
1851 357 1864 415 l

1972 355 2237 416 oronte
2273 354 2413 414 LIB.
2449 354 2630 436 xm,
3427 354 3531 414 πον

293 463 405 533 ἐγὼ
438 461 508 516 δὲ
539 461 738 532 Κηφᾶ.
771 463 978 528 Πάντες
1023 464 1079 518 δὲ
1115 467 1353 535 Χριστοῦ
1388 467 1672 534 φανέντες,
1713 467 1772 530 ὃς
1811 467 1864 519 ἐν

1974 481 2192 522 omnem
2247 473 2305 520 et
2357 462 2664 520 all'ectionis
2717 463 2772 518 in
2834 463 3068 532 aliquem
3124 460 3534 516 inclinationem

295 554 426 622 ἡμίν
477 553 538 605 οὐ
579 555 943 623 μεμέρισται,
975 555 1112 608 Θεοῦ
1169 557 1552 622 καταξιοῦντος
1608 556 1864 626 ἄσχιστον

1972 557 2348 622 contrahente,
2381 557 2848 625 eeclesiarumque
2872 555 3288 609 aediﬁcationem
3308 563 3365 608 et
3387 568 3537 608 com-

293 646 350 696 τὸ
383 643 542 712 σῶμα
565 631 1034 714 τῆξἙκκλησίας
1069 651 1404 718 τηρήσομεν,
1435 649 1528 703 καὶ
1557 648 1635 718 τῷ
1660 649 1864 718 βήματι

289 735 386 787 τοῦ
453 735 660 804 Κυρίου
722 736 862 802 μετά
913 737 1225 807 παρρησίας
1299 737 1782 809 παραστησόμεθα.
1841 755 1858 790 ι

293 824 484 878 Ταῦτα
534 827 676 880 κατά
706 843 764 878 τε
799 829 898 897 τῆς
941 828 1155 894 ’Λρείου
1211 831 1303 882 καὶ
1337 831 1544 882 Ἀετίου
1586 831 1680 883 καὶ
1701 829 1865 882 Εὐνο-

294 916 420 982 μίον
460 917 684 984 μανίας,
733 918 827 969 καὶ
877 918 1064 987 μέντοι
1110 921 1204 972 καὶ
1241 921 1380 974 κατὰ
1427 921 1722 973 Σαϐελλίου
1768 921 1864 974 καὶ

288 1008 587 1072 Φωτεινοῦ,
618 1009 943 1078 Μαρκέλλου
975 1029 1035 1064 τε
1068 1013 1162 1064 καὶ
1204 1013 1420 1064 Παύλου
1470 1013 1565 1065 τοῦ
1614 1014 1864 1082 Σαμοσα-

288 1098 455 1164 τὲως,
482 1101 575 1152 καὶ
611 1101 948 1154 Μακεδονίου
973 1105 1342 1172 γεγράφασιν.
1386 1104 1656 1165 Ὡσαύτως
1683 1103 1738 1156 δὲ
1766 1103 1862 1155 καὶ

289 1193 394 1260 τὴν
455 1193 867 1272 Ἀπολλιναρίου
916 1197 1269 1262 καινοτομίαν
1313 1197 1606 1266 προφανῶς
1651 1197 1863 1266 ἀπεκή-

295 1280 488 1348 ρυξαν,
517 1284 806 1352 εἰρηκότες
831 1299 846 1315 ο
886 1303 904 1334 ι
940 1285 1047 1337 Καὶ
1093 1285 1186 1336 τὸν
1236 1285 1334 1354 τῆς
1390 1287 1863 1355 ὲνανθρωπήσεως

292 1373 352 1424 δὲ
385 1372 479 1425 τοῦ
533 1374 739 1442 Κυρίου
795 1375 953 1442 λόγον
999 1375 1361 1446 ἀδιάστροφον
1413 1378 1682 1444 σώζομεν,
1740 1376 1863 1428 οὗτε

291 1463 523 1534 ἄψυχον,
548 1465 670 1518 οὔτε
712 1467 874 1520 ἄνουν
901 1466 933 1536 ἢ
964 1465 1128 1536 ἀτελῆ
1153 1469 1252 1538 τὴν
1295 1469 1394 1536 τῆς
1425 1468 1627 1538 σαρκὸς
1657 1468 1865 1520 οἰκονοο

295 1557 427 1622 μίαν
459 1557 916 1628 παραδεχόμενοι.

1968 647 2190 702 modum
2249 647 2630 702 consuetudini
2673 656 2729 701 et
2770 647 2956 715 gratim
3003 646 3236 714 alicujus
3270 643 3537 712 singulari

1967 739 2313 808 praeferente.
2345 737 2436 794 Sic
2467 754 2703 807 namque
2737 736 2864 790 fidei
2910 737 3078 791 verbo
3111 737 3178 790 ad
3208 751 3540 790 consensum

1965 839 2018 884 et
2049 831 2401 886 concordiam
2428 832 2670 895 redacto,
2697 838 2753 884 et
2780 829 3090 884 Christiana
3119 828 3385 882 charitate
3407 841 3541 881 con-

1966 921 2202 984 lirmata,
2233 922 2364 975 illud
2395 936 2682 990 usurpare,
2716 920 2860 990 quod
2885 923 2955 974 ab
2979 920 3246 988 apostolis
3275 928 3361 972 est
3390 918 3542 970 dam-

1965 1022 2155 1067 natum
2185 1053 2198 1077 ,
2253 1012 2615 1066 desinemus:
2659 1011 2772 1081 Ego
2817 1011 3024 1080 quidem
3067 1027 3184 1063 sum
3229 1009 3403 1072 Pauli,
3447 1025 3540 1078 ego

1965 1113 2141 1159 autem
2190 1105 2402 1174 Apollo,
2432 1120 2524 1174 ego
2558 1119 2678 1158 vero
2723 1103 2972 1172 Ceplue‘.
3028 1102 3133 1156 Sed
3178 1118 3299 1155 cum
3350 1117 3541 1156 omnes

1967 1211 2071 1252 nos
2113 1197 2317 1251 Christi
2367 1211 2487 1251 esse
2517 1197 2848 1258 constiterit,
2905 1197 2995 1265 qui
3030 1196 3083 1250 in
3121 1195 3280 1248 nobis
3335 1194 3542 1247 divisus

1967 1305 2078 1342 non
2105 1298 2211 1351 est,
2236 1289 2346 1342 Deo
2390 1288 2530 1344 bene
2555 1289 2802 1358 juvante,
2853 1288 3122 1357 integrum
3155 1284 3544 1354 atque'indivi-

1969 1396 2090 1436 sum
2114 1379 2373 1435 Ecclesia:
2396 1395 2597 1449 corpus
2625 1379 3097 1437 conservabimus.
3122 1386 3176 1431 et
3198 1377 3264 1430 ad
3301 1375 3539 1430 tribunal

1968 1473 2184 1527 Domini
2222 1488 2345 1526 cum
2379 1472 2574 1527 ﬁducia
2595 1481 2649 1526 et
2670 1472 2925 1526 libertate
2949 1470 3340 1524 consistemus.
3372 1487 3389 1518 ι
3418 1467 3542 1521 Haec

1971 1564 2049 1618 illi
2076 1574 2266 1618 contra
2308 1565 2498 1618 Arium
2529 1574 2584 1618 et
2629 1564 2845 1618 Aetium
2886 1573 2939 1616 et
2971 1563 3320 1626 Ennomium,
3379 1569 3541 1629 atque

290 1645 560 1700 adversus
615 1648 822 1701 rabiem
879 1660 935 1704 et
991 1649 1255 1704 insaniam
1313 1648 1558 1713 Sabellii,
1611 1650 1854 1716 Photini,
1895 1652 2158 1717 Marcelli,
2194 1655 2348 1708 Pauli
2419 1655 2785 1715 Samosateni,
2820 1664 2876 1707 et
2911 1654 3234 1717 Macedonii,
3303 1654 3541 1720 scripse-

291 1747 450 1793 runt.
500 1741 671 1807 Atque
726 1742 914 1796 itidem
948 1743 1280 1811 Apollinaris
1321 1757 1540 1812 quoque
1571 1757 1658 1797 res
1692 1758 1861 1798 novas
1899 1746 2178 1813 propalam
2246 1747 2668 1807 damnaverunt,
2695 1747 2966 1800 dicentes:
3028 1743 3540 1800 (Inhumanalionis

289 1844 517 1899 quoque
547 1831 764 1886 Domini
812 1834 1076 1888 rationem
1128 1835 1354 1889 minime
1424 1850 1735 1904 perversam
1797 1836 2122 1904 retinemus,
2174 1853 2352 1908 neque
2419 1841 2504 1894 vel
2543 1839 2723 1894 anima
2768 1840 2852 1892 vel
2921 1847 3099 1894 mente
3134 1846 3406 1893 carentem
3449 1831 3541 1888 ant

290 1923 668 1993 imperfectam
702 1927 883 1980 carnis
925 1926 1384 1996 dispensationem
1425 1929 1730 1982 credentes.
1767 1946 1787 1981 ι

880 2063 1130 2117 ΚΕΦᾹΛ.
1178 2061 1273 2118 IZ'.

345 2173 685 2229 Συνοδικὸν
714 2175 994 2243 Δαμάσου
1024 2177 1366 2232 ἐπισκόπου
1408 2177 1643 2247 Ῥώμης
1675 2179 1823 2231 κατὰ

483 2247 940 2312 Ἀπολλιναρίου
975 2247 1074 2299 καί
1115 2247 1392 2317 Τιμοθέου
1441 2248 1685 2318 γραφέν.

364 2359 478 2410 Καὶ
503 2359 760 2427 Δάμασος
789 2359 846 2412 δὲ
869 2361 896 2412 6
920 2359 1278 2430 πανεύφημος
1305 2361 1507 2432 ταύτην
1533 2363 1720 2432 μαθὼν
1740 2365 1872 2418 ἁνα-

284 2452 524 2518 φυείσαν
555 2451 650 2521 τὴν
679 2451 911 2520 αἵρεσιν,
948 2453 1048 2505 οὐκ
1077 2452 1490 2523 Ἀπολλινάριον
1523 2453 1704 2522 μόνον,
1738 2455 1872 2509 ἀλλὰ

285 2543 389 2595 καὶ
409 2542 677 2612 Τιμόθεον
705 2543 797 2596 τὸν
821 2543 1031 2596 ἐκείνου
1063 2561 1124 2612 γε
1163 2545 1423 2613 φοιτητὴν
1456 2545 1700 2598 καθελὼν
1734 2547 1873 2599 ἀπε-

291 2633 529 2704 κήρυξε.
562 2634 673 2687 Καὶ
702 2633 863 2687 τοῦτο
884 2637 994 2698 τοῖς
1029 2635 1127 2704 τὴν
1141 2634 1313 2706 Ἐῲαν
1345 2634 1614 2692 ἰθύνουσιν
1645 2639 1872 2692 ἐπισκό-

286 2743 420 2790 ποις
467 2727 556 2779 διὰ
585 2728 930 2797 γραμμάτων
969 2728 1302 2798 δεδήλωκενο
1349 2729 1493 2798 ᾇπερ
1533 2730 1762 2784 ἐνθεῖναι
1802 2734 1867 2802 τῇ

289 2822 589 2888 συγγραφῇ
616 2819 877 2888 νενόμικα
907 2819 1433 2890 χρήσιμον.Ἐχουσι
1460 2821 1516 2874 δὲ
1545 2821 1639 2875 ἐπὶ
1677 2823 1871 2888 λέξεως

285 2910 462 2973 οὕτως
490 2925 506 2942 ο
544 2909 702 2964 (Ὅτι
724 2913 788 2980 τῇ
820 2911 1145 2981 ἀποστολικῇ
1177 2912 1416 2984 καθέδρᾳ
1453 2914 1553 2984 τὴν
1584 2913 1871 2983 ὀφειλομέ-

286 3022 394 3074 νην
425 3004 558 3057 αἰδῶ
579 3005 611 3074 ἡ
632 3004 821 3072 ἀγάπη
846 3003 1002 3072 ὑμῶν
1020 3004 1304 3073 ἀπονέμει,
1334 3005 1528 3075 ἑαυτῆς
1550 3005 1608 3060 τὸ
1625 3005 1872 3061 πλεῖστον

289 3097 629 3167 παρέχεσθε,
663 3098 768 3150 υἱοὶ
792 3096 1136 3165 τιμιώτατοι,
1167 3097 1261 3149 καὶ
1277 3097 1343 3150 τὰ
1369 3098 1606 3166 μάλιστα
1635 3101 1699 3170 τῇ
1739 3100 1871 3169 ἁγίᾳ

286 3188 607 3259 Ἐκκλησία,
639 3191 696 3240 ὲν
788 3191 816 3242 6
837 3189 989 3257 ἅγιος
1015 3188 1336 3252 ’Λπόστολος
1356 3190 1739 3258 καθεζόμενα,
1766 3194 1873 3246 ἐδί-

288 3281 421 3345 δαξε
475 3281 591 3342 πῶς
633 3282 903 3350 προσήκει
947 3283 1094 3351 ἡμᾶς
1130 3282 1256 3345 τοὺς
1289 3285 1481 3346 οἴακας
1533 3283 1734 3336 ἰθύνειν
1777 3283 1869 3346 οὓς

289 3373 883 3443 ἀνεδεξάμεθα.”ομως
916 3371 1288 3443 ὁμολογοῦμεν
1319 3375 1549 3438 ἑαυτοὺς
1581 3376 1868 3438 ἐλάττονας
1893 3412 1940 3476 c

292 3462 438 3518 εἶναι
476 3465 574 3534 τῆς
605 3465 789 3534 τιμῆς.
837 3464 996 3517 Ἀλλά
1019 3465 1104 3518 διὰ
1133 3465 1288 3518 τοῦτο
1313 3467 1408 3536 οἴῳ
1431 3468 1494 3534 δή
1529 3485 1656 3519 ποτε
1681 3467 1868 3536 τρόπῳ

296 3557 693 3626 σπουδάζομεν,
723 3557 905 3620 εἵπως
926 3557 1282 3627 δυνηθείημεν
1309 3559 1443 3628 πρὸς
1464 3559 1561 3630 τὴν
1587 3559 1745 3624 δόξαν
1774 3561 1869 3628 τῆς

299 3651 698 3720 μακαριότητος
720 3650 888 3719 αὐτῆς
911 3651 1330 3720 παραγενέσθαι.
1362 3649 1665 3704 Γινώσκετε
1691 3653 1869 3705 τοίνυν

295 3743 377 3795 ὅτι
410 3742 502 3794 τδν
555 3739 722 3794 πάλαι
771 3741 1037 3810 Τιμόθεον
1067 3741 1158 3794 τὸν
1197 3741 1445 3810 βέϐηλον,
1478 3741 1568 3794 τὸν
1620 3741 1870 3812 μαθητὴν

292 3838 390 3889 τοῦ
440 3835 847 3906 Ἀπολλιναρίου
897 3837 991 3888 τοῦ
1020 3836 1298 3905 αἱρετικοῦ
1332 3839 1468 3906 μετὰ
1505 3837 1598 3889 τοῦ
1640 3836 1872 3899 ἀσεϐοῦς

296 3927 464 3982 αὐτοῦ
496 3928 764 3995 δόγματος
801 3927 1128 3997 καθείλομεν
1149 3942 1166 3958 ⁸
1208 3928 1302 3980 καί
1335 3927 1584 3998 οὐδαμῶς
1619 3928 1870 3981 πιστεύο-

303 4036 406 4088 μεν
438 4019 602 4073 αὑτοῦ
632 4022 699 4072 τά
727 4019 954 4088 λείψανα
983 4019 1126 4090 λόγῳ
1159 4020 1266 4072 τινὶ
1295 4019 1388 4072 τοῦ
1418 4019 1604 4072 λοιποῦ
1637 4019 1867 4089 ἰσχύειν.

299 4112 362 4163 Ei
387 4110 431 4163 δ’
464 4111 542 4163 ἔτι
571 4112 778 4173 ἐκεῖνος
807 4113 834 4164 6
869 4110 990 4179 ὄφις
1015 4111 1044 4164 6
1072 4111 1296 4176 παλαιὸς
1329 4112 1476 4176 ἅπαξ
1507 4114 1598 4166 καὶ
1621 4113 1872 4185 δεύτερον

295 4201 656 4270 καταδηχθεὶς
680 4201 813 4269 πρὸς
849 4201 984 4254 ἰδίαν
1016 4203 1287 4271 τιμωρίαν
1314 4202 1507 4272 ἀναζῇ,
1538 4203 1688 4266 ὅστις
1715 4204 1872 4267 me;

291 4292 393 4352 τῆς
435 4289 758 4356 Ἐκκλησίας
788 4289 1044 4359 ὑπάρχει,
1073 4289 1132 4353 ὃς
1164 4289 1369 4360 σφῆλαι
1401 4293 1509 4353 τοῖς
1533 4289 1730 4345 ἑαυτοῦ
1771 4291 1871 4344 θα-

292 4380 622 4450 νατηφόροις
660 4380 974 4450 φαρμάκοις
1014 4381 1166 4444 τινὰς
1206 4381 1468 4443 ἀπίστους
1505 4380 1872 4452 διαπειράζων

291 4470 353 4522 οὐ
385 4471 638 4535 παύεται,
687 4469 892 4540 ταύτην
927 4471 1117 4541 ὥσπερ
1148 4469 1352 4542 φθοράν
1400 4489 1522 4525 τινα
1563 4473 1869 4527 ἐκκλίνατε.

294 4563 486 4631 Ὅμως
510 4563 671 4631 ὑμεῖς
720 4563 1063 4632 μεμνημένοι
1090 4565 1188 4634 τῆς
1229 4563 1596 4634 ἀποπολικῆς
1636 4565 1871 4630 πίστεως

287 4655 517 4724 ταύτης,
554 4653 789 4724 μάλιστα
814 4655 934 4724 ἥτις
967 4657 1026 4708 ὲν
1056 4655 1260 4726 Νικαίᾳ
1290 4657 1440 4728 παρὰ
1481 4656 1588 4712 τῶν
1613 4657 1870 4726 Πατέρων

2537 2064 2761 2122 CAPUT
2810 2065 2972 2120 XVII.

1974 2179 2254 2251 Synodalis
2278 2181 2496 2250 epistola
2536 2181 2757 2251 Damasi
2797 2180 3022 2248 episcopi
3058 2177 3324 2251 Romani,
3357 2186 3538 2232 contra

2253 2251 2615 2322 Apollinarem
2647 2261 2694 2304 el
2720 2250 3039 2303 Timotheum
3071 2250 3289 2318 scriptu.

2043 2365 2146 2420 Sed
2180 2365 2325 2420 enim
2364 2364 2649 2427 Damasus,
2696 2362 2780 2416 vir
2807 2361 3226 2427 celeberrimus,
3260 2361 3352 2414 ubi
3392 2361 3534 2413 hanc

1971 2472 2187 2526 quoque
2220 2457 2468 2510 haeresim
2494 2465 2736 2509 exortam
2766 2469 2886 2507 esse
2926 2454 3200 2524 cognovit,
3237 2467 3342 2506 non
3377 2452 3541 2522 Apol-

1970 2547 2202 2601 linarem
2259 2546 2444 2609 modo,
2469 2547 2562 2599 sed
2596 2557 2650 2599 et
2679 2545 3028 2599 Timotheum
3063 2553 3388 2599 sectatorem
3420 2543 3539 2612 ejus

1972 2647 2385 2692 exauctoratum
2403 2638 2568 2691 semel
2585 2648 2748 2706 atque
2777 2637 2974 2689 iterum
2997 2634 3338 2705 proscripsit.
3361 2633 3538 2702 Atque

1977 2730 2026 2783 id
2053 2731 2324 2800 episcopis
2347 2729 2718 2784 Orientalibus
2735 2744 2830 2798 per
2859 2728 3144 2796 epistolam
3177 2725 3535 2796 signiﬁcavit:

1973 2813 2134 2892 quam
2172 2834 2230 2876 ut
2263 2825 2505 2878 historia:
2541 2823 2911 2877 adnecterctu.
2945 2836 3009 2874 ex
3045 2835 3142 2874 usu
3172 2833 3292 2873 esse
3327 2817 3538 2887 putavi.

1974 2913 2048 2967 Ea
2083 2913 2151 2968 de
2173 2914 2340 2968 verbo
2374 2913 2439 2966 ad
2467 2914 2690 2966 verbum
2723 2912 2802 2967 sic
2833 2911 2994 2966 habet
3023 2927 3036 2963 :
3085 2927 3102 2960 ι
3123 2908 3278 2976 Quod
3314 2918 3534 2979 aposto-

1972 3005 2092 3059 licae
2146 3004 2262 3059 sedi
2305 3003 2463 3074 255
2498 3005 2733 3059 charitas
2788 3017 2967 3058 vestra
3025 3002 3260 3057 debitam
3317 3001 3538 3056 exhibet

1973 3095 2399 3160 observantiam,
2435 3095 2590 3149 vobis
2635 3095 2766 3164 ipsis
2822 3095 3141 3164 plurimum,
3197 3103 3251 3148 ct
3307 3094 3539 3147 maxime

1973 3189 2234 3245 Ecclesiae
2281 3196 2482 3242 sancta:
2511 3204 2576 3242 eo
2615 3189 2825 3241 honore
2857 3187 3119 3249 tribuitis,
3156 3185 3247 3238 lilii
3279 3200 3538 3240 reveren-

1973 3281 2212 3344 dissimi,
2240 3281 2414 3349 inqua
2445 3281 2737 3334 considens
2764 3289 2986 3334 sanctus
3010 3279 3301 3347 Apostolus
3326 3277 3535 3341 docuit,

1973 3369 2248 3438 quomodo
2279 3385 2376 3423 nos
2410 3385 2530 3438 qua:
2565 3369 2909 3437 suscepimus
2939 3368 3308 3437 gubernacula
3346 3383 3535 3435 regere

1973 3459 2283 3514 conveniat.
2322 3462 2395 3511 Ac
2422 3475 2522 3512 nos
2552 3460 2776 3527 quidem
2815 3459 3022 3527 judicio
3062 3469 3269 3520 nostro,
3329 3457 3538 3510 honore

1974 3547 2437 3603 tantoinleriorcs
2471 3563 2662 3601 sumus
2696 3566 2709 3600 :
2742 3564 2930 3601 verum
2967 3557 3143 3599 tamen
3166 3562 3228 3599 ea
3261 3546 3326 3599 de
3351 3561 3534 3609 causa,

1971 3656 2302 3710 quocunque
2340 3655 2629 3710 possumus
2664 3639 2847 3702 modo,
2869 3653 3089 3708 operam
3118 3638 3331 3700 damus,
3371 3638 3414 3690 si
3435 3637 3534 3690 ali-

1971 3751 2078 3804 qua
2112 3750 2177 3788 ex
2211 3746 2363 3804 parte
2393 3734 2458 3786 ad
2487 3732 2714 3802 gloriam
2742 3730 3098 3785 beatitudinis
3133 3731 3250 3801 ejus
3273 3729 3537 3783 accedere

1972 3827 2269 3898 possimus.
2324 3825 2532 3880 Scitote
2587 3825 2775 3894 igitur,
2843 3822 3196 3877 Timotheum
3243 3823 3351 3893 jam
3405 3822 3537 3874 olim

1975 3921 2256 3990 impurum
2294 3935 2358 3972 ac
2388 3918 2675 3987 profanum
2702 3915 3033 3986 Apollinaris
3087 3915 3330 3969 haeretici
3367 3914 3532 3968 disci-

1973 4013 2186 4081 pulum,
2227 4025 2334 4064 una
2365 4023 2490 4062 cum
2521 4007 2688 4075 impio
2716 4006 2834 4071 ejus
2883 4004 3154 4072 dogmate,
3179 4017 3206 4054 a
3237 4000 3391 4053 nobis
3443 4016 3538 4052 ex-

1973 4109 2342 4165 auctoratum,
2377 4100 2806 4166 damnatumque
2845 4110 2986 4148 esse.
3020 4095 3085 4148 Et
3118 4092 3536 4160 haudquaquam

1974 4192 2274 4254 credimus,
2315 4189 2578 4257 reliquias
2611 4187 2730 4258 ejus
2759 4185 2970 4238 ratione
2988 4183 3167 4251 aliqua
3198 4183 3252 4236 in
3288 4182 3532 4234 futurum

1975 4283 2145 4338 robur
2181 4291 2527 4350 accepturas.
2555 4278 2649 4332 Sin
2685 4291 2818 4332 vero
2843 4292 3066 4346 serpens
3107 4275 3194 4329 ille
3255 4275 3533 4342 antiquus,

1973 4374 2066 4445 qui
2088 4383 2238 4428 extra
2258 4371 2558 4426 Ecclesium
2588 4378 2694 4434 est,
2723 4369 2892 4423 semel
2922 4378 3086 4432 atque
3119 4368 3316 4422 iterum
3349 4381 3535 4418 morsu

1974 4472 2225 4528 enectus,
2258 4462 2324 4516 ad
2360 4477 2515 4516 suam
2549 4462 2725 4530 ipsius
2757 4475 2970 4530 poenam
3033 4459 3340 4522 reviviscat,
3373 4468 3427 4512 et
3479 4469 3538 4510 ut

1973 4555 2259 4609 mortifero
2281 4567 2494 4607 veneno
2519 4567 2618 4606 suo
2636 4550 2885 4604 inﬁdeles
2915 4549 3179 4618 quosdam
3199 4547 3534 4617 pessumdet.

1978 4653 2188 4700 tentare
2209 4656 2320 4696 non
2349 4642 2584 4705 desinat,
2611 4653 2737 4692 eum
2769 4639 2996 4708 perinde
3021 4648 3186 4707 atque
3213 4647 3535 4706 praascntem

288 4746 580 4816 ἐγγράφως
622 4745 860 4816 ἐξετέθη.
889 4744 1092 4815 βεϐαίῳ
1117 4745 1310 4816 βαθμῷ
1330 4748 1563 4818 ἰσχυρῶς
1592 4751 1654 4818 τῇ
1688 4750 1864 4801 πίστει

1976 4747 2182 4806 pestem
2232 4734 2526 4788 declinate.
2579 4731 2647 4785 Et
2696 4731 2859 4783 simul
2914 4731 3177 4782 memoria
3235 4729 3535 4781 retinentes

285 4836 680 4906 ἀμετακίνητοι
725 4836 1032 4904 διαμείνατε
1057 4851 1072 4867 ⁶
1107 4839 1201 4890 καὶ
1240 4836 1313 4908 μὴ
1357 4838 1740 4907 ματαιολογίας
1772 4840 1868 4892 καὶ

286 4930 670 4997 ήφανισμένας
692 4927 948 4998 ζητήσεις
971 4927 1275 4997 μετὰτοῦτο
1297 4928 1624 4998 ὑπομείνητε
1651 4929 1866 4984 ἀκούειν

283 5021 413 5083 τοὺς
447 5020 794 5091 κληρικοὶιςῆ
825 5020 948 5083 τοὺς
977 5021 1197 5083 λαῖκοὺς
1240 5021 1560 5089 ύμῶν.ἰιδη
1587 5022 1694 5091 γάρ
1719 5021 1864 5088 ἅπαξ

284 5113 459 5166 τύπον
486 5112 786 5182 ἐδώκαμεν,
823 5113 910 5166 ἵνα
940 5115 968 5166 ὀ
1002 5112 1286 5182 γινώσκων
1311 5111 1504 5166 ἑαυτὸν
1537 5114 1863 5182 Χριστιανὸν

287 5208 465 5258 ἐκεῖνο
490 5205 746 5273 φυλάττοι
770 5205 904 5275 ὅπερ
927 5205 1079 5274 παρά
1103 5204 1208 5256 τῶν
1232 5206 1542 5258 ἀποστόλων
1564 5205 1860 5274 παρεδόθη,

281 5296 538 5362 λέγοντος
585 5295 678 5348 τοῦ
727 5297 881 5363 ἁγίου
918 5297 1148 5356 Παύλου,
1184 5298 1255 5350 El
1289 5314 1375 5362 τις
1421 5298 1572 5366 ὑμᾶς
1616 5300 1862 5366 εὐαγγε-

278 5385 502 5444 λίζεται
533 5388 667 5452 παρ’
696 5385 726 5438 ὃ
750 5387 1132 5454 παρελάϐετε,
1159 5387 1424 5455 ἀνάθεμα
1448 5389 1621 5442 ἔστω.
1664 5389 1722 5442 Ὀ
1751 5391 1860 5460 γὰρ

279 5476 521 5539 Χςιτιὸς
551 5479 580 5530 6
612 5477 736 5540 Υἱὸς
777 5478 869 5530 τοῦ
906 5478 1038 5530 Θεοῦ
1075 5481 1102 5531 6
1159 5479 1358 5548 Κύριος
1393 5479 1560 5549 ἡμῶν,
1597 5479 1672 5549 τῷ
1717 5481 1860 5547 γένει

275 5570 392 5620 τῶν
452 5569 755 5638 ἀνθρώπων
785 5570 873 5621 {tit
924 5569 1015 5622 τοῦ
1071 5569 1200 5622 ἰζίνιυ
1238 5571 1439 5635 πάθους
1479 5572 1860 5641 πληρεστάτην

277 5660 536 5714 ἀπέδωκε
560 5661 657 5730 τὴν
691 5662 986 5732 σωτηρίαν,
1024 5664 1106 5717 ἵνα
1132 5663 1250 5717 ὅλην
1278 5664 1368 5717 τὸν
1403 5664 1493 5717 ἄνη
1507 5681 1705 5735 ρωπον,
1741 5665 1860 5727 ταῖς

364 5784 376 5812 ¹
425 5781 441 5833 1
471 5779 596 5834 Cor.
628 5795 664 5841 ι,
713 5778 792 5831 ll.

1973 4827 2132 4881 Iidem
2189 4823 2578 4891 Apostolicam,
2607 4836 2838 4890 eamque
2868 4822 2920 4873 in
2954 4820 3144 4889 primis
3194 4835 3314 4889 quze
3345 4820 3534 4874 Nicaea:

1970 4935 2000 4974 a
2033 4917 2286 4974 Patribus
2325 4917 2378 4970 in
2409 4914 2671 4983 scriptum
2706 4921 2791 4967 est
2843 4914 3034 4976 relata,
3099 4915 3151 4965 in
3209 4913 3313 4966 lide
3362 4913 3531 4982 gradu

1973 5015 2128 5066 lirmo
2187 5009 2497 5064 immobiles
2584 5007 2802 5060 lortiter
2895 5015 3060 5075 atque
3113 5015 3534 5074 perseveranter

1973 5104 2276 5161 consistite.
2309 5101 2378 5156 Et
2433 5098 2660 5170 posthac
2693 5096 2926 5152 clericos
2953 5105 3047 5150 aut
3092 5097 3261 5151 laicus
3302 5109 3531 5160 vestros,

1968 5212 2138 5252 vanas
2193 5194 2641 5262 disceptationes,
2713 5200 2770 5245 et
2822 5192 3114 5262 abrogatas
3175 5192 3530 5259 quiestiones.

1966 5287 2156 5341 audire
2214 5299 2322 5337 non
2381 5282 2652 5353 patimini.
2708 5280 2828 5336 Jam
2860 5283 3007 5336 enim
3054 5282 3220 5336 semel
3254 5293 3437 5350 typum
3477 5290 3533 5335 et

1969 5387 2197 5439 formam
2223 5383 2624 5451 preposuimus,
2646 5367 3030 5449 utqnicunqtie
3074 5395 3131 5434 se
3162 5378 3531 5432 Christianum

1967 5493 2092 5532 esse
2122 5474 2391 5546 agnoscit,
2426 5473 2558 5526 illud
2621 5458 2801 5525 servet
2836 5471 2982 5540 quod
3039 5471 3106 5524 ab
3155 5469 3420 5540 apostolis
3447 5479 3532 5525 est

1969 5571 2227 5624 traditum
2255 5586 2269 5625 ς
2301 5575 2489 5622 sancto
2520 5563 2688 5618 Paulo
2727 5565 2986 5617 vidi-licet
3020 5564 3273 5619 dicente:
3323 5565 3385 5618 Si
3411 5565 3530 5633 quis

1969 5663 2106 5716 vobis
2145 5659 2578 5732 evangelimverit
2663 5665 2854 5723 pi'wler
2910 5655 2963 5709 id
3013 5659 3148 5726 quod
3214 5658 3524 5727 accepistis,
