3936 6206
505 329 615 391 799

1730 326 2147 390 NlCEPHORI
2177 321 2520 385 CALLISTI
3594 330 3681 405 300

507 428 793 494 αηαιιιεηιὰ
824 441 917 495 sit.
960 440 1244 509 Siquidem
1268 398 1719 496 ChristusFiiius
1743 439 1859 505 Dei,
1887 428 2066 494 Domi:

2176 433 2474 502 ἁμαρτίαις
2505 431 2844 504 ἐνεχόμενον,
2869 434 3050 506 πάσης
3086 436 3351 508 ἁμαρτίας
3370 398 3678 518 ιλενοιρὼσηῐ

508 545 612 586 nus
635 539 843 597 noster,
868 531 1154 586 hominum
1181 531 1369 602 generi
1393 546 1496 601 per
1543 532 1858 601 passionem
1913 543 2070 584 suam

504 625 879 695 plenissimam
902 624 1138 678 contulit
1158 624 1417 687 salutem,
1449 635 1511 678 ut
1539 623 1818 679 hominem
1849 622 2073 678 univer-

509 732 632 771 sum
672 717 913 787 peccatis
940 716 1238 771 obnoxium
1268 731 1299 771 a
1326 724 1554 786 peccato
1602 714 1755 770 omni
1782 714 2071 768 liberaret.

506 809 665 863 Hunc
705 809 749 863 si
775 807 912 878 quis
935 808 1053 863 sive
1085 808 1139 861 in
1172 807 1536 872 humanitate,
1569 822 1667 863 seu
1693 806 1748 860 in
1779 804 2072 861 divinitate

504 900 774 955 derectum
807 899 1045 969 aliquem
1074 900 1335 956 habuisse
1362 900 1529 963 dicat,
1562 898 1823 954 disbolici
1873 898 1922 952 is
1954 895 2070 964 spi-

503 995 644 1046 ritus
668 992 884 1062 plenus,
915 993 1181 1063 gehennae
1204 1009 1262 1048 se
1290 994 1460 1049 tilium
1479 1007 1604 1048 esse
1639 989 1903 1047 ostendit.
1927 986 2071 1054 Quid

504 1083 672 1150 igitur
709 1083 893 1138 denuo
926 1099 956 1137 a
981 1099 1067 1138 me
1103 1082 1381 1139 Timothei
1430 1082 1945 1139 condemnationem
1977 1094 2073 1149 pe-

503 1175 622 1229 titis
643 1215 656 1238 ,
685 1176 780 1245 qui
814 1186 871 1231 et
898 1177 988 1232 hic
1022 1178 1337 1246 apostolicae
1369 1176 1517 1232 sedis
1542 1175 1771 1248 judicio,
1806 1180 2074 1243 praesente

500 1262 668 1316 etiam
700 1263 1084 1321 Alexandrinae
1114 1266 1265 1321 urbis
1294 1266 1559 1335 episcopo
1590 1264 1751 1320 Petro
1780 1263 2077 1319 damnatus

503 1359 607 1413 est,
633 1366 742 1407 una
772 1368 895 1407 cum
934 1354 1195 1425 magistro
1238 1369 1340 1409 suo
1370 1354 1709 1423 Apollinari?
1741 1352 1842 1418 Qui
1903 1352 2071 1407 etiam

505 1442 562 1495 in
589 1441 786 1512 iudicii
813 1445 905 1500 die
960 1445 1177 1500 debitas
1204 1462 1395 1515 pinnas
1428 1456 1482 1501 et
1531 1446 1808 1501 cruciatus
1836 1442 2076 1498 sustine-

503 1534 605 1589 bit.
666 1536 762 1591 Sin
821 1537 1059 1593 leviores
1088 1539 1358 1609 quosdam
1388 1539 1662 1603 homines,
1709 1538 1806 1593 ille
1841 1533 2072 1606 perinde

503 1636 671 1697 atque
688 1644 840 1699 spem
865 1630 1105 1700 aliquam
1131 1632 1363 1697 habens,
1389 1630 1746 1701 persuasione
1766 1644 1865 1684 sua
1891 1627 2071 1693 ducit,

504 1721 826 1791 quicunque
882 1738 1070 1778 veram
1108 1724 1162 1778 in
1208 1722 1492 1778 Christum
1532 1737 1686 1792 spem
1724 1720 2071 1790 professione

2173 524 2396 590 Τοῦτον,
2425 524 2478 578 tl
2510 540 2595 589 τις
2623 525 2743 596 ἦτοι
2770 526 3231 599 ἀνθρωπότητοςῆ
3255 528 3486 599 θεότητος
3502 532 3679 593 nam

2172 616 2468 688 ἐσχηκέναι
2486 617 2651 682 είποι,
2675 619 2983 688 πνεύματος
3012 618 3259 673 διαϐόλου
3286 621 3679 695 «campum.

2170 709 2270 776 τῆς
2303 709 2523 779 γεέννης
2541 710 2655 761 υἱὸν
2678 710 2874 763 ἑαυτὸν
2899 710 3261 785 ἀποδείκνυσι.
3280 712 3343 764 Τί
3367 714 3527 766 τοίνυν
3550 719 3679 772 πάλιν

2174 800 2304 870 παρ’
2342 800 2474 870 ἐμοῦ
2508 800 2718 870 ζητεῖτε
2754 804 2852 871 τὴν
2891 803 3210 872 καθαίρεσιν
3238 805 3509 874 Τιμοθέου.
3534 807 3583 871 ὃς
3606 810 3679 864 καὶ

2171 892 2409 947 ἐνταῦθα
2441 892 2619 962 κρίσει
2647 894 2747 963 τῆς
2773 878 3138 963 άποστολικῆς
3162 894 3439 965 καθέδρας.
3464 899 3678 966 παρόντος

2173 983 2270 1036 καὶ
2300 983 2509 1054 Πέτρου
2536 983 2631 1037 τοῦ
2661 985 2962 1039 ἐπισκόπου
2984 984 3471 1054 τῆςἋλεξανδρέων
3492 987 3677 1057 πόλεως,

2172 1075 2452 1146 καθῃρέθη
2494 1075 2610 1145 ἅμα
2641 1076 2720 1145 τῷ
2758 1074 3063 1147 διδασκάλῳ
3094 1075 3260 1131 αὑτοῦ
3307 1077 3677 1151 ’Δπολλινερῐῳς

2179 1173 2274 1233 Ὃς
2306 1170 2400 1224 καὶ
2429 1171 2488 1223 ὲν
2518 1170 2704 1243 ἡμέρᾳ
2731 1171 2828 1241 τῆς
2868 1172 3104 1242 κρίσεως
3142 1172 3238 1235 τὰς
3264 1172 3583 1243 ὀφειλομένας
3614 1191 3678 1228 τι-

2176 1262 2389 1331 μωρίας
2418 1264 2512 1316 καὶ
2543 1261 2810 1332 βασάνους
2841 1264 3121 1332 ὑπομενεῐ.
3159 1264 3220 1317 El
3259 1263 3316 1316 δέ
3340 1281 3481 1327 τινας
3522 1282 3680 1335 κουφο-

2172 1354 2366 1425 τέρους
2411 1355 2587 1410 πείθει
2620 1357 2828 1419 ικεῖνος
2871 1356 2947 1419 ὥς
2979 1374 3100 1410 τινα
3146 1356 3335 1415 ἐλπίδα
3379 1357 3523 1425 ἔχων,
3564 1357 3681 1422 ὅστις

2170 1448 2270 1514 τὴν
2301 1446 2473 1517 ἁληθῆ
2504 1448 2695 1502 ἐλπίδα
2720 1447 2817 1517 τὴν
2849 1448 2930 1511 εις
2961 1447 3198 1517 Χριστὸν
3226 1448 3290 1517 τῇ
3320 1446 3555 1516 όμολογίιι⁸
3579 1463 3682 1514 μετ-

2171 1536 2356 1603 έϐαλε,
2382 1538 2521 1607 μετὰ
2547 1538 2739 1592 τούτου
2768 1539 2970 1608 ὁμοίως
2994 1538 3305 1601 ἀπολεῖται,
3327 1538 3400 1607 τῷ
3429 1539 3588 1591 κανόνι
3604 1535 3681 1604 τῆς

2184 1628 2513 1699 Ἐκκλησίας
2564 1630 2981 1692 ἀντιπαλαίσας.
3030 1629 3091 1681 '0
3129 1628 3261 1690 Θεὸς
3293 1630 3426 1699 ὑμᾶς
3466 1627 3681 1697 ὑγιαῖνον·

2174 1739 2273 1785 τας
2301 1723 2676 1793 διαφυλάττοι,
2715 1726 2819 1779 uici
2845 1722 3196 1794 τιμιώτατοι.
3241 1740 3260 1774 ι

504 1815 840 1880 Apollinaris
882 1818 1138 1880 mutavit,
1169 1817 1334 1888 256
1364 1816 1557 1873 itidem
1616 1826 1677 1871 ut
1747 1817 1842 1872 ille
1881 1815 2105 1883 Deribit,
2145 1817 2404 1876 Ecclesiae
2430 1821 2627 1877 canoni
2652 1822 2952 1878 reluctans.
2999 1822 3152 1878 Deus
3173 1833 3273 1875 vos
3331 1819 3418 1877 lilii
3476 1831 3679 1873 reverea-

502 1907 737 1972 dissitni,
759 1918 1041 1965 conservet
1075 1910 1397 1965 incolumes.
1413 1927 1432 1961 ι

1063 2018 1293 2075 CAPUT
1351 2018 1538 2076 XVIII.

500 2108 658 2165 Aliud
678 2109 932 2180 synodale
946 2110 1179 2179 ejusdem
1198 2112 1444 2176 edictum,
1458 2119 1642 2167 contra
1661 2112 1835 2166 varias
1852 2112 2070 2169 Itwreses

1120 2185 1484 2252 compositum.
1715 2207 1722 2214 ε

570 2292 865 2348 Enimvero
889 2294 1139 2363 quaedam
1159 2297 1324 2350 etiam
1347 2296 1475 2360 alia,
1501 2296 1594 2366 qui
1619 2295 1674 2351 in
1707 2310 1902 2365 magna
1933 2292 2070 2349 urbe

509 2385 683 2440 Roma
729 2386 1041 2459 congregati
1097 2398 1272 2452 erant,
1327 2389 1590 2444 adversus
1629 2387 1807 2443 varias
1834 2387 2041 2442 hrercse

498 2475 791 2544 scripsere.
844 2476 917 2531 Ea
952 2478 1264 2533 necessario
1318 2481 1469 2549 operi
1523 2492 1715 2535 nostro
1768 2478 2060 2535 inferenda

497 2582 619 2622 esse
650 2566 801 2621 duxi.
855 2567 923 2622 Et
970 2570 1207 2639 primum
1246 2571 1575 2627 universalis
1613 2571 1735 2626 dei
1775 2570 2069 2642 professio—

497 2671 622 2712 nem
690 2659 968 2714 Damasus
1018 2676 1154 2733 papa
1204 2661 1270 2715 ad
1327 2661 1614 2718 Paulinum
1647 2665 1701 2718 in
1750 2662 2066 2719 Macedonia

496 2752 839 2820 episcopum,
858 2752 952 2821 qui
975 2755 1140 2808 etiam
1156 2753 1559 2811 Thessalonicae
1580 2756 1779 2822 fuerat,
1798 2757 1949 2810 misit
1964 2757 2062 2827 (l).

495 2844 676 2912 Atque
722 2844 999 2913 interalia
1063 2846 1153 2901 ille
1210 2847 1325 2902 hate
1354 2862 1575 2918 quoque
1629 2856 2063 2903 commemorat:

505 2933 988 3004 tQuandoquidem
1017 2946 1138 3006 post
1158 2939 1449 2993 concilium
1469 2939 1920 2996 Nicaanumerror
1957 2942 2063 2999 iste

498 3024 742 3089 emersit,
804 3035 861 3079 ut
889 3026 1112 3096 quidam
1170 3028 1386 3096 impuro
1453 3044 1552 3085 ore
1599 3031 1788 3088 dicere
1839 3033 2061 3102 audeat,

499 3113 765 3185 Spiritum
811 3127 1059 3172 sanctum
1089 3134 1189 3184 per
1235 3120 1432 3175 Filium
1504 3136 1656 3177 esse:
1712 3124 2062 3181 anathemate

497 3221 592 3259 eos
617 3205 865 3272 ferimus,
896 3207 990 3276 qui
1028 3223 1132 3262 non
1160 3224 1285 3263 eum
1312 3210 1566 3266 libertate
1595 3214 1769 3278 omni,
1805 3230 1910 3269 una
1931 3231 2056 3271 cum

498 3297 659 3353 P..tre
701 3311 756 3352 et
786 3298 925 3353 Filio
967 3301 1127 3355 unius
1158 3309 1212 3355 et
1252 3301 1497 3369 ejusdem
1525 3305 1847 3361 substantiae
1875 3318 1931 3361 et
1960 3322 2059 3376 po-

1998 1972 2001 1975 Π
2109 2019 2157 2079 B

2762 2021 3010 2076 ΚΕΦᾹΔ.
3065 2020 3173 2076 ΙΒ’.

2182 2108 2425 2178 ’Ἕτερον
2453 2109 2785 2182 συνοδικὸν
2825 2110 2932 2166 τοῦ
2959 2112 3175 2177 αὐτοῦ,
3205 2113 3535 2182 σχεδιασθέν
3564 2113 3680 2169 κατὰ

2634 2180 2936 2249 διαφόρων
2985 2180 3297 2248 αιρέσεωῦ.

2250 2294 2359 2346 Καὶ
2387 2293 2521 2347 ἄλλα
2552 2293 2609 2348 δέ
2642 2313 2761 2349 τινα
2812 2295 3297 2364 συναθροισθέντες
3334 2299 3388 2352 ὲν
3431 2301 3487 2369 τῇ
3519 2294 3677 2368 μεγάλῃ

2188 2385 2373 2459 Ῥώμῃ
2427 2388 2737 2457 γεγράφασι
2788 2407 2927 2443 κατα
2968 2390 3249 2461 διαφόρων
3278 2392 3538 2460 αἱρέσεων,
3575 2391 3682 2458 ἅπερ

2175 2478 2469 2547 ἀναγκαῖον
2499 2480 2685 2550 ᾠήθην
2719 2482 2946 2535 ἐντεῖναι
2974 2484 3039 2551 τῇ
3073 2482 3490 2553 συγγραφῇοκαὶ
3516 2481 3682 2551 πρῶτον

2172 2569 2273 2637 τὴν
2300 2569 2588 2639 ὁμολογίαν
2616 2574 2716 2642 τῆς
2741 2572 3039 2643 καθολικῆς
3071 2576 3333 2639 πίστεως,
3362 2576 3424 2647 ἢν
3452 2578 3477 2627 ό
3504 2581 3686 2634 πάππος

2173 2659 2423 2729 Δάμασος
2463 2663 2599 2732 πρὸς
2626 2662 2717 2716 τὸν
2765 2663 3065 2716 ἐπίσκοπον
3112 2666 3376 2717 Παυλῖνον
3405 2667 3457 2717 ἐν
3493 2662 3689 2717 Mtter

2172 2751 2261 2823 νίᾳ
2308 2753 2646 2823 ἀπέστειλεν,
2677 2754 2734 2817 ὃς
2763 2755 2824 2807 ἐν
2872 2756 3249 2827 Θεσσαλονίκῃ
3282 2757 3511 2825 ἑγένετο’
3548 2757 3598 2806 ἐν
3625 2748 3688 2815 οἷς

2171 2847 2262 2896 καὶ
2290 2845 2411 2898 τάδε
2451 2845 2863 2916 διαγορεύουσιν
2887 2865 2901 2879 ·
2937 2867 2955 2901 ι
2992 2848 3221 2922 Ἐπειδὴ
3254 2848 3386 2919 μετὰ
3417 2848 3504 2917 τὴν
3531 2849 3578 2900 ὲν
3605 2845 3686 2898 Νι-

2172 2935 2301 3005 καίᾳ
2333 2934 2549 2989 σύνοδον
2575 2935 2710 3007 αὕτη
2744 2938 2778 3007 ἡ
2812 2939 2986 3010 πλάνη
3026 2940 3301 3010 ἀνέκυψεν
3326 2982 3341 3007 ,
3375 2939 3503 2993 ὥστε
3527 2938 3690 3006 τολμᾷν

2170 3043 2292 3080 τινα
2323 3026 2534 3099 βεϐήλῳ
2570 3032 2795 3098 στόματι
2822 3031 2995 3083 εἰπεῖν
3025 3033 3085 3085 τὸ
3121 3033 3343 3103 Πνεῦμα
3383 3032 3439 3084 τὸ
3467 3030 3599 3098 ἅγιον
3622 3045 3692 3094 γι-

2170 3119 2428 3190 γενῆσθαι
2458 3121 2544 3174 διὰ
2568 3123 2659 3175 τοῦ
2683 3122 2834 3187 Υίοῦ,
2867 3124 3343 3195 άναθεματίζομεν
3359 3126 3476 3186 τοὺς
3498 3124 3562 3192 μὴ
3585 3119 3693 3195 μετᾷ

2170 3215 2350 3281 πάσης
2403 3212 2714 3284 ἐλευθερίας
2756 3191 3129 3286 κηρύττοντας
3185 3191 3282 3270 σὺν
3320 3216 3393 3286 τῷ
3437 3191 3589 3285 Πατρὶ
3622 3191 3695 3266 καὶ

2169 3305 2284 3376 Υίῷ
2317 3305 2416 3374 τῆς
2448 3306 2579 3375 μιᾶς
2606 3308 2700 3360 καὶ
2727 3308 2826 3376 τῆς
2853 3310 3019 3378 αὐτῆς
3052 3311 3244 3373 οὐσίας
3292 3327 3349 3363 τε
3377 3310 3467 3362 καὶ
3495 3306 3696 3374 ἐξουσίας

501 3388 714 3444 tcstatis
734 3390 999 3446 exsistere
1025 3390 1288 3461 Spiritum
1307 3404 1557 3450 sanctum
1579 3396 1897 3466 praedicant.
1923 3399 2066 3454 Ana-

2172 3367 2527 3468 ὑπάρχειείτὺ
2555 3367 2707 3467 άγιον
2738 3367 3241 3470 Πνεῦμαίίομοίως
3262 3402 3319 3455 δὲ
3349 3367 3695 3469 ἀναθεματίζό⁴

500 3484 728 3539 themati
764 3484 952 3539 itidem
984 3486 1309 3557 subiicimus
1336 3486 1559 3545 Sabellii
1587 3491 1797 3546 erroris
1832 3503 2066 3548 sectato-

500 3591 609 3639 res,
629 3577 723 3645 qui
753 3575 972 3632 Patrem
996 3586 1052 3632 et
1072 3577 1270 3632 Filium
1298 3580 1553 3635 eumdem
1586 3596 1705 3637 esse
1736 3582 1887 3638 dicit.
1923 3585 2066 3639 Ana-

501 3672 738 3723 themate
796 3669 1109 3739 jugulamus
1173 3670 1364 3725 Arium
1442 3682 1498 3726 et
1559 3672 1911 3741 Eunomium,
1974 3676 2065 3746 qui

501 3761 715 3817 tametsi
768 3761 1004 3819 diversis
1070 3765 1275 3832 verbis,
1332 3768 1450 3836 pari
1524 3776 1704 3823 tamen
1767 3767 2066 3838 impietate,

500 3853 696 3909 Filium
713 3864 769 3910 et
796 3855 1055 3926 Spiritum
1075 3866 1323 3912 sanctum
1343 3873 1510 3912 unum
1534 3873 1657 3919 esse
1690 3858 2064 3914 conﬁrmavit.

498 3945 633 4000 Item
665 3945 1105 4016 Macedonianos,
1132 3949 1226 4018 qui
1260 3965 1325 4004 ex
1348 3951 1459 4005 Arii
1495 3950 1681 4005 radice
1714 3964 2070 4005 succrescen-

501 4047 603 4101 tes,
636 4051 744 4091 non
786 4038 1149 4106 impietatem,
1187 4039 1281 4096 sed
1323 4056 1631 4111 cognomen
1675 4049 1887 4096 tantum
1946 4058 2068 4097 mu—

501 4139 705 4182 tarunt.
793 4128 926 4182 Item
988 4130 1306 4197 Photinum,
1368 4133 1465 4202 qui
1517 4133 1741 4189 Ebionis
1822 4135 2068 4199 haeresim

500 4233 790 4282 renovans,
819 4219 1108 4274 Dominum
1165 4234 1411 4277 nostrum
1438 4224 1623 4281 Jesum
1668 4225 1945 4282 Christum
2002 4241 2072 4283 ex

498 4308 667 4364 Maria
708 4319 916 4364 tantum
946 4311 1251 4381 proﬁtetur.
1291 4314 1426 4370 Item
1487 4330 1583 4372 eos
1613 4318 1705 4386 qui
1757 4318 1898 4376 duos
1950 4335 2071 4377 esse

500 4399 673 4455 Filios
703 4399 997 4467 aﬂirmant,
1028 4402 1255 4458 alterum
1284 4414 1411 4460 ante
1441 4407 1660 4474 saecula,
1691 4410 1921 4465 alterum
1949 4422 2073 4481 post

497 4504 719 4543 carnem
768 4506 835 4545 cx
901 4503 1165 4561 perpetua
1238 4496 1449 4566 virgine
1495 4497 1666 4553 Maria
1710 4512 2067 4572 assumptam.

494 4581 859 4637 Anatbemate
944 4593 1209 4657 prmterea
1261 4598 1563 4642 mactamus
1619 4587 1763 4655 illos,
1819 4595 1912 4660 qui
1974 4592 2071 4648 Dei

2171 3507 2271 3560 μεν
2316 3489 2408 3544 καὶ¹
2464 3492 2589 3551 τοὺς
2637 3493 2703 3562 τῇ
2742 3491 3031 3545 Σαϐελλίω
3064 3493 3487 3556 ἀκολουθοῦντας
3518 3491 3699 3558 πλάνην

2168 3581 2259 3634 τὸν
2291 3583 2454 3635 αὐτὸν
2477 3582 2735 3651 λέγοντας
2763 3585 2858 3637 καὶ
2890 3584 3113 3654 Πατὲρα
3147 3588 3242 3639 καὶ
3276 3583 3699 3658 Υίόν.⁹ᾼναθεμα·

2168 3672 2393 3741 τίζομεν
2440 3676 2660 3746 Ἀρειον
2682 3675 2778 3728 καὶ
2804 3677 3088 3745 Εὐνόμιον,
3110 3677 3161 3729 οἳ
3196 3678 3263 3749 τῇ
3316 3677 3408 3748 [an
3433 3670 3699 3740 δυσσεόιίᾳ,

2169 3767 2217 3817 εἰ
2249 3767 2343 3819 καὶ
2388 3767 2503 3829 τοῖς
2552 3767 2761 3837 ῥήμασι
2808 3766 3182 3836 διαφέρονται,
3238 3768 3331 3822 τὸν
3374 3766 3494 3820 Υίδν
3537 3765 3617 3818 καὶ
3651 3761 3698 3813 τὸ

2172 3856 2327 3924 ἅγιον
2375 3857 2601 3927 Πνεῦμα
2628 3858 2687 3912 ἓν
2719 3854 2857 3913 εἶναι
2899 3859 3354 3932 διισχυρίζονται.
3393 3853 3699 3927 Ἀναθεματίι

2172 3950 2337 4019 ζομεν
2379 3951 2507 4015 τοὺς
2551 3953 3010 4019 Μακεδονιανοὺς,
3051 3955 3252 4018 οἵτινες
3292 3954 3355 4008 ἐκ
3389 3952 3482 4023 τῆς
3527 3948 3698 4019 ’Λρείον

2175 4041 2333 4114 ῥίζης
2381 4044 2773 4113 καταγόμενοι,
2827 4045 2949 4115 οὐχὶ
2992 4045 3092 4116 τὴν
3146 4039 3421 4110 ﬁrmata»),
3470 4042 3589 4097 ἀλλὰ
3624 4039 3700 4107 τὴν

2172 4136 2546 4206 προσηγορίαν
2576 4136 2894 4207 ἑνήλλαξαν.
2940 4136 3438 4208 Ἀναθεματίζομεν
3460 4132 3703 4193 Φωτεινδν,

2171 4227 2227 4289 ὃς
2256 4229 2354 4299 τὴν
2378 4227 2472 4280 τοῦ
2514 4228 2765 4293 Ἕσίωνος
2793 4230 3007 4301 αἵρεσιν
3030 4230 3415 4295 ἀνακαινίζων,
3435 4228 3519 4282 τὸν
3537 4226 3701 4294 Κύριον

2170 4320 2203 4389 ἡ
2215 4320 2331 4385 μῶν
2378 4321 2584 4391 Ἰησοῦν
2618 4321 2852 4395 Χριστὸν
2881 4323 3042 4393 μόνον
3080 4323 3146 4377 ὲκ
3175 4322 3275 4392 τῆς
3310 4322 3517 4391 Μαρίας
3550 4317 3703 4386 ὁμολο-

2175 4415 2281 4483 γεῖ.
2328 4413 2828 4486 ’Δναθεματίζομεν
2868 4417 2961 4469 καὶ
2996 4417 3121 4478 τοὺς
3159 4416 3256 4472 δύο
3290 4415 3449 4478 Υίοὺς
3477 4410 3600 4469 εἷναι
3623 4411 3702 4464 διι-

2175 4505 2597 4576 σχυριζομένους
2618 4524 2630 4537 ·
2656 4508 2748 4561 ἕνα
2780 4508 2889 4577 πρὸ
2917 4507 3026 4561 τῶν
3041 4507 3282 4584 αἰώνων,
3316 4510 3409 4562 καὶ
3436 4508 3578 4562 ἄλλον
3593 4499 3701 4573 μετὰ

2172 4600 2272 4669 τὴν
2305 4598 2403 4668 τῆς
2432 4599 2633 4670 σαρκὸς
2670 4602 2731 4653 ὲκ
2761 4604 2857 4669 τῆς
2888 4601 3252 4672 ἁειπαρθένου
3300 4600 3513 4671 Μαρίας
3539 4596 3703 4665 ἀνάλη·

495 4671 739 4726 Verbum
771 4688 869 4743 pro
894 4674 1145 4728 rationali
1185 4677 1364 4731 anima
1395 4678 1449 4757 in
1476 4693 1643 4734 carne
1669 4682 1908 4736 humana
1936 4698 2063 4738 ver-

2172 4691 2284 4760 ψιν.
2332 4689 2830 4762 Ἃναθεμοιτίζομεν
2865 4671 3171 4760 κάκείνους,
3199 4696 3399 4758 οἵτινες
3432 4695 3543 4747 ἀντὶ
3584 4691 3702 4757 λογι-

492 4770 671 4817 satum
711 4778 832 4818 esse
879 4768 1240 4822 contendunt.
1307 4768 1421 4826 Hoc
1453 4770 1631 4840 ipsum
1675 4787 1915 4843 namque
1963 4774 2060 4830 Dei

497 4854 764 4920 Verbum,
796 4872 906 4911 non
945 4874 1046 4925 pro
1082 4860 1333 4917 rationali
1363 4870 1419 4915 et
1474 4863 1830 4920 intellectuali
1881 4866 2065 4923 anima

496 4950 550 5000 in
580 4963 679 5002 suo
709 4949 883 5017 ipsius
925 4966 1156 5021 corpore
1193 4952 1327 5009 fuit:
1363 4954 1459 5008 sed
1522 4964 1786 5023 nostram,
1834 4956 1940 5015 hoc
1985 4968 2065 5015 est

493 5042 819 5096 rationalem
846 5054 901 5099 et
926 5046 1353 5101 intellectualem
1391 5050 1509 5104 sine
1565 5061 1790 5119 peccato
1822 5052 2063 5107 animam

494 5133 736 5202 suscepit
758 5144 815 5188 et
847 5137 1108 5191 servavit.
1140 5137 1259 5193 Non
1278 5138 1461 5195 minus
1490 5142 1842 5198 anathemate
1873 5140 2063 5215 perse-

494 5225 719 5296 quimur
746 5241 840 5280 eos
868 5227 961 5297 qui
989 5227 1199 5293 dicunt,
1224 5230 1462 5284 Verbum
1497 5233 1591 5287 Dei
1623 5248 1651 5286 a
1678 5235 1838 5289 Patre
1874 5245 2065 5291 exten-

495 5319 653 5373 sione
677 5329 732 5372 et
752 5319 1131 5375 contractione
1149 5334 1494 5393 segregatum
1529 5340 1670 5391 esse,
1691 5339 1745 5382 et
1761 5326 2065 5387 subsistere

499 5410 555 5464 id
587 5426 691 5465 non
717 5426 880 5482 posse
908 5429 924 5478 ;
956 5421 1051 5467 aut
1080 5413 1174 5482 qui
1211 5413 1372 5469 linem
1437 5416 1490 5471 id
1543 5432 1702 5473 suum
1747 5419 2064 5477 habiturum

496 5518 619 5559 esse
649 5504 1057 5574 blasphemant.
1118 5506 1225 5561 Eos
1272 5522 1439 5577 porro
1478 5510 1573 5579 qui
1607 5527 1672 5564 ex
1727 5513 1977 5568 ecclesiis
2008 5515 2066 5568 in

500 5595 635 5651 alias
668 5598 1280 5654 transcuntecclesias:
1345 5601 1506 5673 257
1537 5604 1799 5677 tantiSpcr
1856 5607 2067 5663 alienos

2170 4782 2274 4850 κῆς
2553 4781 2996 4854 διισχυρίζονται,
3050 4785 3130 4838 ὅτι
3178 4787 3206 4839 ό
3256 4785 3349 4839 τοῦ
3387 4782 3514 4839 Θεοῦ
3564 4782 3702 4849 Λόγος

2170 4873 2419 4963 ἐστράφη
2444 4875 2502 4925 ὲν
2543 4874 2607 4945 τῇ
2642 4872 2961 4947 ἀνθρωπίνῃ
2999 4875 3182 4948 σαρκί.
3213 4877 3385 4940 Αὐτὸς
3405 4877 3506 4947 γὰρ
3529 4868 3660 4931 οὗτος
3678 4870 3702 4919 ό

2167 4964 2263 5019 τοῦ
2289 4966 2422 5019 Θεοῦ
2450 4966 2620 5035 Λόγος
2648 4967 2769 5037 οὐχ),
2798 4969 2917 5021 ἀντὶ
2944 4969 3040 5039 τῆς
3063 4969 3292 5040 λογικῆς
3322 4971 3411 5026 καὶ
3441 4963 3700 5039 νοερᾶςψυ·

2168 5062 2269 5131 χῆς
2303 5062 2357 5112 ὲν
2387 5061 2464 5130 τῷ
2494 5059 2685 5113 ἑαυτοῦ
2719 5059 2929 5131 σώματι
2956 5062 3178 5132 γέγονεν
3200 5079 3214 5094 ’
3248 5063 3383 5116 ἀλλὰ
3420 5063 3511 5132 τὴν
3536 5053 3700 5129 ἡμετέ-

2172 5169 2292 5221 ραν,
2326 5154 2578 5205 τουτέστι
2598 5153 2820 5221 λογικὴν
2843 5156 2936 5206 καὶ
2970 5155 3178 5226 γοερὰν,
3199 5155 3329 5208 ἄνευ
3353 5153 3443 5223 τῆς
3471 5150 3699 5222 ἁμαρτίας

2170 5242 2627 5314 ψυχὴν⁰ἁνὲλα6ε
2676 5245 2770 5297 καὶ
2813 5246 3039 5302 ἔσωσεν.
3095 5245 3580 5315 Ἀναθεματίζομεν
3628 5237 3699 5291 καὶ

2171 5316 2296 5399 τοὺς
2332 5336 2591 5402 λέγοντας
2616 5337 2706 5389 τὸν
2738 5338 2908 5406 Λόγον
2933 5337 3025 5392 τοῦ
3052 5338 3186 5392 Θεοῦ
3218 5340 3282 5408 τῇ
3307 5337 3517 5392 ἐκτάσει
3546 5332 3626 5386 καὶ
3649 5328 3700 5398 τῇ

2173 5427 2405 5499 συστολῇ
2458 5427 2566 5481 ἀπὸ
2593 5428 2685 5482 τοῦ
2702 5430 2914 5501 Πατρὶς
2937 5429 3295 5501 κεχωρίσθαι,
3328 5428 3418 5482 καὶ
3443 5424 3701 5480 ἀνυπόπτο-

2170 5533 2263 5568 τον
2286 5517 2445 5569 αὑτὸν
2473 5512 2637 5584 εἶναι,
2666 5517 2697 5589 ἦ
2730 5518 2946 5588 μέλλειν
2970 5520 3229 5591 τελευτᾷν
3266 5513 3699 5590 βλασφημοῦντας·

2170 5607 2309 5672 Τοῦς
2358 5606 2414 5660 δὲ
2445 5608 2551 5662 ἀπὸ
2580 5609 2886 5681 ἐκκλησιῶν
2919 5613 2999 5677 είς
3044 5613 3238 5683 ἑτέρας
3286 5607 3572 5680 ἐκκλησίας
3599 5617 3701 5674 μετ·

576 5777 650 5846 (l)
680 5778 734 5831 ιιι
776 5794 839 5834 eo
870 5779 1009 5839 forte
1042 5796 1334 5854 conventu,
1376 5788 1439 5844 de
1485 5803 1594 5857 quo
1619 5803 1783 5858 supra
1819 5805 1938 5860 cap.
1982 5790 2061 5847 l0.
2102 5790 2208 5848 Sed
2238 5791 2283 5847 is
2339 5801 2644 5849 conventus
2668 5791 3139 5862 Constantinopoli
3166 5800 3340 5847 actus.

1124 5990 1157 6033 V\
