3936 6206
229 305 336 371 801

1165 299 1769 362 ΕΕΟΕΕΞΙΑΒΪΙΟΑΞ
1816 295 2208 358 HISTORIIE
2245 294 2397 355 LIB.
2441 291 2579 353 XII.

3403 288 3513 359 802

229 417 493 477 ελθόντας
518 413 648 485 ἄχρι
673 409 934 467 τοσούτου
965 410 1075 465 ἀπὸ
1111 411 1214 481 τῆς
1233 412 1511 484 ἡμετέρας
1537 412 1825 475 κοινωνίας

1938 424 1958 464 a
1975 409 2366 464 communione
2392 414 2578 462 nostra
2600 417 2719 459 esse
2733 401 3009 466 ducimus,
3035 401 3165 457 dum
3184 401 3250 458 ad
3271 405 3512 461 easdem.

190 493 195 501 ’
226 510 555 582 ἀλλοτρίους
595 506 814 577 ἔχομεν,
841 505 1004 576 ἄχρις
1023 498 1084 557 οὗ
1113 503 1249 576 πρδς
1276 505 1446 568 αὑτὰς
1477 504 1817 559 ὲπανέλθωσι

1938 506 1981 555 ιιι
2007 500 2214 571 quibus
2240 497 2479 571 primum
2502 495 2742 551 ordinati
2762 502 2914 560 sunt,
2942 496 3111 549 urbes
3135 505 3512 553 revertantur.

226 607 334 669 τὰς
381 604 591 666 πόλεις,
640 602 699 653 ὲν
735 594 825 663 αἷς
874 597 1092 669 πρῶτον
1136 599 1641 669 ἐχειροτονήθησαν.
1694 596 1819 649 Ἐὰν

227 698 286 750 δέ
328 713 443 761 τις,
475 695 639 748 ἄλλου
670 693 780 747 ἀπὸ
824 691 992 746 τόπου
1020 692 1101 755 είς
1144 692 1311 745 τόπον
1357 690 1726 761 μετελθόντος,
1762 690 1820 742 ὲν

227 789 384 857 τόπῳ
413 787 507 841 τοῦ
539 787 741 852 ζῶντος
783 783 1189 856 ἐχειροτονήθη,
1228 776 1358 855 ἀχρι
1398 782 1657 837 τοσούτου
1697 800 1822 853 σχο-

225 881 388 935 λάσει
438 880 546 933 ἀπὸ
573 877 669 932 τοῦ
702 877 1096 949 ἀρχιερατικοῦ
1127 876 1438 947 ἀξιώματος
1489 878 1516 929 6
1550 875 1648 947 τὴν
1685 875 1821 929 ἰδίαν

226 975 390 1026 πόλιν
430 970 793 1039 καταλείψας,
845 972 1003 1041 ἀχρις
1049 963 1111 1024 οῦ
1147 973 1176 1023 6
1217 967 1604 1038 διαδεξάμενος
1661 968 1823 1021 αὐτὸν

230 1064 627 1134 ἀναπαόσηται
660 1064 716 1116 ὲν
749 1060 960 1132 Κυρίῳ.
998 1062 1064 1115 Et
1092 1079 1175 1126 τις
1217 1062 1291 1132 μὴ
1326 1061 1456 1131 εἴπῃ
1487 1060 1578 1115 ἀεὶ
1605 1062 1695 1114 τὸν
1716 1061 1825 1112 Πα-

227 1152 369 1221 τέρα
409 1150 504 1204 καὶ
534 1149 623 1204 ἀεὶ
668 1148 759 1201 τδν
790 1148 921 1201 Υίὸν
955 1149 1049 1203 καὶ
1079 1147 1170 1201 ἀεὶ
1209 1147 1269 1201 τὺ
1307 1146 1535 1216 Πνεῦμα
1577 1147 1637 1201 τδ
1666 1146 1823 1217 ἅγιον

228 1235 402 1305 εἶναι,
436 1237 687 1307 ἀνάθεμα
735 1236 896 1293 ἔστω.
929 1238 995 1290 Et
1027 1256 1110 1301 τις
1148 1236 1222 1308 μὴ
1246 1239 1374 1311 εἴπῃ
1398 1236 1653 1307 ἀληθινὸν
1692 1238 1824 1291 Θεὸν

229 1330 329 1381 τὸν
367 1328 496 1380 Υίδν
528 1324 625 1379 τοῦ
656 1326 818 1390 Θεοῦ,
851 1326 927 1389 ὡς
965 1326 1223 1396 ἀληθινὸν
1253 1326 1348 1379 τὸν
1382 1326 1602 1397 Πατέρα
1631 1324 1823 1390 αὐτοῦ,

230 1424 328 1476 καὶ
360 1421 540 1476 πάντα
571 1416 857 1481 δύνασθαι,
888 1418 980 1471 καὶ
1015 1418 1195 1471 πάντα
1227 1417 1449 1483 εἰδέναι,
1474 1418 1568 1472 καὶ
1598 1417 1678 1488 τῷ
1715 1418 1829 1472 Πασ-

228 1514 327 1583 τρὶ
360 1513 499 1579 ἴσον,
551 1512 801 1580 ἀνάθεμα
834 1509 998 1565 εστω.
1035 1506 1102 1565 Et
1131 1527 1219 1575 τις
1262 1510 1391 1582 εῐπῃ
1446 1512 1526 1565 ὅτι
1556 1512 1616 1563 ιν
1661 1512 1829 1581 σαρκὶ

229 1605 441 1673 διάγων
469 1606 499 1657 6
521 1603 647 1664 Υἱὸς
674 1602 770 1654 τοῦ
795 1601 930 1654 Θεοῦ
960 1601 1051 1655 ὅτε
1081 1596 1150 1673 ἦν
1188 1604 1247 1655 ὲν
1277 1604 1342 1674 τῇ
1377 1605 1471 1670 γῇ,
1505 1603 1564 1656 ὲν
1591 1604 1705 1667 τυῖς
1732 1605 1827 1657 οὐο

232 1696 426 1765 ρανοῖς
469 1692 565 1747 καὶ
594 1693 695 1747 σὺν
720 1692 798 1762 τῷ
825 1694 1001 1762 Πατρὶ
1031 1694 1131 1746 οὐκ
1164 1689 1252 1764 ἦν,
1290 1693 1540 1764 ἀνάθεμα
1573 1693 1732 1749 ἔστω.
1761 1694 1829 1759 Et;

232 1803 328 1849 τις
373 1785 506 1856 είπῃ
524 1786 606 1839 ὅτι
653 1786 712 1836 ὲν
740 1784 820 1854 τῷ
853 1783 1018 1838 πάθει
1047 1784 1144 1837 τοῦ
1194 1783 1436 1856 σταυροῦ
1486 1785 1587 1856 τὴν
1638 1785 1834 1856 ὀδύνην
1867 1775 1909 1829 Β

234 1879 535 1948 ὑπέμεινεν
564 1881 593 1931 6
627 1876 759 1941 Υἱὸς
784 1875 880 1929 τοῦ
915 1875 1049 1929 Θεοῦ
1083 1879 1178 1931 καὶ
1208 1876 1341 1940 Θεὸς
1368 1877 1563 1946 Λόγος,
1588 1879 1688 1932 καὶ
1711 1878 1834 1949 οὐχὶ

236 1971 273 2040 ἡ
314 1969 450 2038 σὰρξ
481 1968 578 2022 σὺν
611 1970 677 2036 τῇ
705 1968 851 2040 ψυχῇ
874 1968 1052 2040 ἥνπερ
1087 1968 1394 2033 ἐνεδύσατο,
1429 1969 1463 2040 ἢ
1494 1968 1678 2040 μορφὴ
1709 1969 1835 2023 δού-

231 2061 330 2114 λςυ
353 2061 530 2129 ἤνπερ
557 2059 737 2129 ἑαυτῷ
758 2057 1044 2125 ἀνέλαϐεν,
1072 2054 1147 2121 ὡς
1161 2060 1383 2128 εῐρηκεν
1409 2059 1440 2128 ἡ
1462 2060 1591 2123 ἁγία
1616 2059 1829 2131 Γρπφὴι

236 2153 493 2222 ἀνάθεμα
524 2150 690 2205 ἔστω.
725 2152 787 2204 Εἴ
814 2168 900 2214 τις
936 2150 1011 2222 μὴ
1038 2151 1171 2223 εἴπῃ
1198 2152 1292 2203 τὸν
1319 2149 1455 2204 Θεοῦ
1486 2152 1660 2217 Λόγον
1726 2169 1835 2204 πα-

236 2242 407 2296 θόντα
441 2242 607 2312 σαρκὶ
647 2239 746 2293 καλ⁸
785 2240 1206 2311 ἐσταυρωμένον
1255 2243 1441 2312 σαρκὶ,
1482 2242 1579 2296 καὶ
1600 2241 1832 2296 θανάτου

232 2336 585 2405 γευσάμενον
618 2333 804 2404 σαρκὶ,
839 2333 1104 2403 γεγονότα
1138 2350 1197 2388 τε
1234 2336 1579 2406 πρωτότοκον
1627 2337 1691 2389 ἐκ
1722 2336 1833 2389 τῶν

232 2428 455 2497 νεκρῶν
487 2424 626 2479 καθὸ
649 2425 765 2496 ζωή
804 2426 922 2479 ἔστι
949 2429 1045 2499 και
1069 2426 1361 2493 ζωοποιὺς,
1402 2428 1478 2492 ὡς
1508 2428 1665 2492 Θεὸς,
1704 2429 1833 2482 ἀνά-

236 2518 387 2587 θεμα
414 2514 588 2569 ἐστω.
626 2514 693 2567 Εἴ
715 2530 801 2578 τις
838 2514 912 2584 μὴ
957 2517 1086 2587 εεπῃ
1113 2516 1195 2569 ὅτι
1230 2517 1289 2570 ὲν
1312 2519 1377 2588 τῇ
1410 2518 1578 2589 σαρκὶ
1608 2518 1676 2587 ἢν
1704 2519 1829 2573 ἀνέ-

234 2610 398 2675 λαὸε,
427 2608 720 2673 καθέζεται
750 2610 809 2663 ὲν
835 2607 984 2675 δεξιᾷ
1008 2608 1104 2662 τοῦ
1133 2608 1365 2680 Πατρὸς,
1400 2612 1456 2663 ὲν
1560 2614 1655 2667 καὶ
1682 2611 1835 2664 ἐλεύ-

239 2724 398 2760 σεται
435 2707 619 2775 κρίναι
653 2703 864 2767 ζῶντας
891 2704 986 2756 καὶ
1010 2702 1261 2772 νεκροὺς,
1299 2703 1550 2773 ἀνάθεμα
1577 2703 1737 2759 ἔστω.
1769 2706 1836 2760 Et

237 2818 329 2864 τις
362 2799 439 2871 μὴ
472 2797 602 2869 εἴπῃ
643 2796 703 2851 τὸ
766 2793 996 2866 Πνεῦμα
1024 2797 1080 2848 τὸ
1106 2792 1263 2863 ἀγιον
1287 2799 1347 2847 ὲκ
1373 2795 1468 2849 τοῦ
1500 2797 1716 2867 Πατρὸς
1748 2793 1830 2850 εῖ-

238 2908 333 2945 ναι
356 2889 576 2960 ἀληθῶς
602 2889 701 2941 καὶ
720 2887 949 2954 κυρίως,
980 2885 1055 2949 ὡς
1080 2886 1179 2941 καὶ
1209 2885 1299 2938 τὸν
1322 2886 1450 2940 Υίὺν
1472 2889 1536 2940 ὲκ
1559 2891 1656 2957 τῆς
1680 2887 1833 2952 θείας

237 2982 435 3045 οὐσίας
462 2982 559 3034 καὶ
586 2979 723 3033 Θεὸν
771 2978 907 3031 Θεοῦ
948 2977 1142 3046 Λόγον,
1177 2976 1428 3047 ἀνάθεμα
1456 2977 1615 3032 ἔστω.
1642 2978 1715 3032 Εἴ
1746 2997 1831 3043 τις

243 3077 322 3147 μὴ
362 3073 494 3144 εἴπῃ
538 3073 716 3126 πάντα
757 3071 1017 3125 δύνασθαι
1042 3069 1101 3123 τὸ
1136 3068 1361 3140 Πνεῦμα
1411 3070 1471 3123 τὸ
1520 3072 1695 3140 ἅγιον,
1740 3075 1833 3125 καὶ
1861 3109 1904 3165 C

242 3169 427 3223 πάντα
472 3165 671 3219 εἰδέναι
721 3165 819 3217 καὶ
848 3162 1125 3234 πανταχοῦ
1166 3166 1447 3234 παρεῖναι,
1492 3164 1569 3227 ὡς
1610 3166 1705 3217 καὶ
1742 3167 1833 3217 τὴν

240 3263 375 3317 Υίδν
403 3261 498 3315 καὶ
527 3262 621 3314 τὸν
653 3259 897 3329 Πατέρα,
931 3257 1186 3328 ἀνάθεμα
1212 3258 1373 3314 ἔστω.
1396 3259 1461 3312 Et
1484 3276 1567 3325 τις
1600 3262 1743 3315 εἴποι
1773 3260 1834 3314 τὸ

243 3357 475 3427 Πνεῦμα
497 3356 556 3410 τὸ
584 3355 741 3423 ἅγιον
760 3355 995 3423 ποίημα,
1027 3354 1059 3426 ἢ
1086 3354 1175 3407 διὰ
1196 3353 1288 3408 τοῦ
1316 3354 1446 3407 Υίοῦ
1477 3355 1828 3424 γεγενῆσθαι,

243 3452 496 3520 ἀνάθεμα
524 3451 686 3505 ἔστω.
722 3449 787 3501 Et
832 3466 913 3510 τις
964 3449 1040 3518 μὴ
1073 3448 1204 3519 εῐπῃ
1242 3448 1416 3501 πάντα
1445 3449 1532 3502 διὰ
1565 3448 1658 3501 τοῦ
1691 3448 1830 3501 Υἰοῦ

244 3544 345 3599 καὶ
374 3545 470 3596 τοῦ
502 3544 659 3611 ἀγίου
702 3540 1023 3611 Πνεῦματος
1052 3541 1144 3594 τὸν
1191 3542 1411 3612 Πατέρα
1447 3542 1828 3608 πεποιηκέναι,

242 3637 500 3691 τουτέστι
529 3636 597 3689 τά
632 3634 803 3704 όρατά
837 3634 933 3687 καὶ
955 3636 1022 3689 τὰ
1044 3634 1274 3703 ἀόρατα,
1307 3632 1555 3704 ἀνάθεμα
1580 3632 1739 3687 ἔστω.
1772 3633 1839 3686 Εἴ

245 3749 334 3795 τις
359 3728 435 3802 μὴ
466 3731 597 3801 εἴπῃ
626 3726 721 3784 τοῦ
760 3725 973 3796 Πατρδς
1003 3725 1097 3779 καὶ
1132 3723 1227 3778 τοῦ
1268 3724 1401 3778 Υίοῦ
1432 3726 1634 3779 καὶτοῦ
1673 3725 1832 3794 ἁγίου

243 3823 560 3893 Πνεύμντος
597 3822 728 3891 μίαν
761 3818 994 3888 θεότητα
1019 3856 1036 3883 ,
1065 3817 1335 3883 ἑξουσὶαν,
1366 3818 1641 3888 θειότητοι,
1675 3817 1834 3872 δυνα-

242 3919 453 3983 στείαν,
485 3915 617 3984 μίαν
645 3913 829 3978 δόξαν,
858 3915 1177 3983 κυριότητα,
1205 3912 1334 3981 μίαν
1370 3911 1670 3982 βασιλείαν,
1703 3912 1833 3981 μίαν

242 4010 489 4082 θέλησιν,
524 4007 619 4063 καὶ
669 4006 953 4077 ἀλήθειαν,
1004 4003 1257 4071 ἀνάθεμα
1292 4001 1450 4056 ἔστω.
1504 4002 1574 4057 Εἴ
1592 4019 1679 4065 τις
1705 4003 1834 4072 τρία

241 4102 519 4171 πρόσωπα
554 4097 629 4171 μὴ
660 4097 791 4171 εῐπῃ
826 4096 1056 4167 ἀληθινά
1083 4094 1177 4149 τοῦ
1206 4095 1421 4166 Πατρὸς
1451 4094 1546 4148 καὶ
1574 4093 1670 4148 τοῦ
1701 4094 1834 4149 Υῐοῦ

243 4196 341 4249 καὶ
372 4191 469 4247 τοῦ
507 4191 670 4260 ἀγίου
703 4188 1047 4257 Πνεῦματος,
1078 4188 1193 4252 ἴσα,
1224 4187 1312 4240 ἀεὶ
1344 4187 1545 4252 ζῶντα,
1567 4187 1635 4241 τά
1657 4189 1834 4243 πάντα

242 4287 546 4355 κατέχοντα
581 4282 647 4335 τὰ
679 4281 852 4352 ὁρατά
879 4281 972 4334 καὶ
990 4280 1055 4335 τά
1084 4280 1316 4349 ἀόρατα,
1345 4280 1520 4334 πάντα
1537 4279 1833 4350 δυνάμενα,

242 4376 429 4428 πάντα
451 4372 730 4443 κρίνοντα,
746 4371 923 4423 πάντα
952 4368 1349 4434 ζωοποιοῦντα,
1377 4370 1555 4424 πάντα
1575 4369 1838 4440 δημιουρ-

1925 592 1982 647 Si
2000 593 2124 663 quis
2137 605 2291 658 vero,
2310 591 2438 657 alio,
2457 604 2523 643 ex
2542 603 2655 644 uno
2678 588 2802 643 loco
2824 584 3074 655 injalium
3097 595 3442 653 transeunte,
3460 588 3516 643 in

1942 685 2090 740 illius
2106 682 2288 739 adhuc
2309 682 2542 737 viventis
2566 680 2744 735 locum
2763 679 2835 733 sit
2861 694 2956 749 per
2976 678 3376 734 ordinationem
3394 695 3520 735 sur-

1928 789 2172 848 rogatus,
2191 773 2398 830 tamdiu
2419 773 2509 828 ille
2534 772 2627 843 qui
2651 771 2842 827 urbem
2862 784 3016 826 suam
3037 770 3283 840 reliquit,
3299 772 3517 839 episco-

1926 869 2032 939 pali
2051 868 2313 938 dignitate
2331 866 2559 930 carebit,
2573 864 2749 918 donec
2767 877 3054 919 successor
3079 862 3196 933 ejus
3211 863 3265 916 in
3286 862 3517 918 Domino

1940 961 2318 1017 obdormierit.
2339 957 2397 1013 Si
2416 957 2538 1027 quis
2557 971 2664 1011 non
2684 968 2948 1025 perpetuo
2981 953 3201 1009 Patrem
3233 961 3289 1009 ct
3317 970 3515 1026 perpe-

1930 1067 2025 1111 tuo
2078 1053 2302 1121 Filium,
2363 1061 2418 1109 et
2478 1061 2747 1123 perpetuo
2810 1051 3075 1121 Spiritum
3107 1058 3358 1105 sanctum
3393 1066 3514 1106 esse

1929 1152 2096 1216 dicat,
2152 1149 2440 1205 anathema
2481 1145 2574 1202 sit.
2606 1143 2666 1199 Si
2692 1144 2818 1214 quis
2859 1158 2965 1197 non
3003 1141 3171 1208 dicat,
3192 1141 3387 1196 Filium
3420 1156 3514 1212 ge-

1932 1244 2192 1299 nitumex
2227 1242 2409 1305 Patre,
2436 1239 2542 1294 hoc
2574 1245 2677 1301 est,
2702 1251 2769 1291 ex
2803 1235 3115 1290 substantia
3141 1234 3261 1305 ejus
3304 1234 3512 1297 divina,

1933 1336 2223 1389 anathema
2253 1333 2346 1387 sit.
2374 1330 2430 1387 Si
2470 1329 2596 1400 quis
2621 1343 2733 1383 non
2769 1327 2940 1392 dicat,
2983 1341 3173 1382 verum
3191 1311 3362 1381 Deum
3397 1342 3517 1382 esse

1932 1425 2029 1480 Dei
2055 1423 2276 1487 Filium,
2327 1422 2407 1477 sic
2436 1421 2517 1476 uti
2552 1433 2745 1475 verum
2795 1418 2967 1473 Deum
3013 1417 3231 1471 Patrem
3262 1417 3407 1485 ejus,
3460 1425 3515 1468 et

1933 1515 2088 1571 illum
2117 1514 2300 1569 omnia
2335 1527 2514 1584 posse,
2551 1520 2607 1567 et
2635 1502 2820 1567 omnia
2851 1525 3036 1576 nosse,
3074 1507 3335 1578 Patrique
3362 1507 3515 1562 simi-

1933 1605 2040 1661 lem
2071 1620 2214 1671 esse,
2239 1607 2586 1659 anathemata
2643 1603 2736 1656 sit.
2777 1599 2832 1655 Si
2891 1599 3017 1670 quis
3061 1598 3229 1665 dicat,
3287 1611 3411 1654 cum
3460 1597 3515 1650 in

1937 1712 2105 1753 carne
2140 1698 2343 1767 degens
2369 1694 2545 1750 Filius
2595 1691 2691 1747 Dei
2726 1693 2781 1746 in
2819 1692 2979 1748 terris
3022 1691 3147 1758 fuit,
3178 1691 3433 1747 eumdem
3460 1690 3513 1744 in

1938 1789 2094 1846 caelis
2114 1799 2171 1844 et
2208 1803 2333 1844 cum
2360 1786 2521 1843 Patre
2578 1802 2688 1841 non
2741 1785 2929 1850 fuisse,
2990 1784 3283 1839 anathema
3317 1786 3409 1840 sit.
3459 1783 3513 1839 Si

1938 1880 2063 1950 quis
2088 1880 2256 1945 dicat,
2284 1879 2337 1933 in
2360 1877 2614 1949 passione
2646 1876 2829 1932 crucis
2865 1877 3062 1933 Filium
3110 1878 3207 1932 Dei
3260 1886 3315 1931 et
3343 1876 3514 1931 Deum

1939 1971 2208 2037 Verbum,
2241 1970 2551 2035 divinitate,
2574 1980 2631 2025 ct
2660 1983 2769 2023 non
2803 1983 2967 2024 carne
2998 1978 3267 2024 una‘cum
3306 1968 3512 2029 anima,

1937 2081 2102 2136 quam
2129 2055 2183 2119 in
2215 2063 2357 2120 servi
2387 2062 2492 2118 sibi
2511 2070 2790 2131 assumpta
2830 2062 3028 2125 forma,
3065 2071 3121 2115 ut
3151 2070 3338 2115 sancta
3367 2060 3518 2115 Scri-

1939 2167 2100 2228 ptura
2136 2156 2295 2221 dixit,
2326 2154 2526 2220 induit,
2547 2153 2793 2209 dolorem
2856 2152 3168 2222 pertulisse,
3223 2150 3515 2205 anathema

1937 2245 2030 2304 sit.
2062 2247 2120 2303 Si
2152 2247 2280 2317 quis
2310 2261 2420 2301 non
2444 2245 2588 2300 dicat
2622 2244 2715 2299 Dei
2748 2244 2985 2298 Verbum
3010 2257 3173 2298 carne
3204 2249 3519 2310 passum,et

1937 2354 2107 2396 carne
2135 2338 2491 2403 cruciﬁxum,
2520 2349 2578 2394 ct
2607 2353 2774 2393 carne
2809 2349 3042 2392 mortem
3090 2344 3358 2405 gustasse,
3402 2347 3517 2401 prt-

1937 2429 2276 2499 mogenitum
2312 2427 2513 2481 factum
2532 2441 2598 2481 ex
2639 2428 2896 2492 mortuis,
2928 2440 3029 2495 pro
3087 2440 3154 2479 eo
3193 2434 3358 2491 atque
3407 2422 3516 2477 vita

1936 2533 2019 2578 est
2052 2532 2107 2577 et
2152 2520 2456 2584 viviticans,
2513 2521 2718 2590 quippe
2748 2520 2917 2581 Deus,
2983 2521 3280 2574 anathema
3312 2521 3403 2571 sit.
3458 2519 3514 2569 Si

1936 2616 2060 2684 quis
2093 2629 2199 2667 non
2236 2613 2405 2675 dicat,
2442 2627 2567 2666 eum
2602 2612 2654 2666 in
2689 2626 2855 2667 carne
2884 2625 3050 2681 quam
3083 2609 3403 2678 assumpsit,
3445 2608 3515 2661 ad

1936 2706 2185 2761 dextram
2215 2706 2396 2760 Patris
2424 2704 2640 2771 sedere,
2674 2704 2728 2759 in
2760 2719 2867 2774 qua
2902 2705 3065 2759 etiam
3101 2703 3352 2759 adveniet
3381 2703 3522 2767 iudi-

1935 2807 2162 2855 caturus
2187 2796 2336 2849 vivos
2355 2805 2412 2851 et
2438 2806 2708 2863 mortuos,
2733 2795 3022 2851 anathema
3055 2795 3148 2850 sit.
3174 2796 3229 2851 Si
3257 2797 3382 2867 quis
3408 2810 3517 2850 non

1936 2893 2107 2957 dicat,
2155 2890 2420 2961 Spiritum
2450 2898 2697 2945 sanetum
2725 2905 2853 2944 vere
2883 2898 2939 2944 et
2974 2888 3196 2960 prpprie
3258 2905 3321 2944 ex
3359 2889 3522 2944 Patre

1936 2997 2079 3045 esse.
2116 2980 2579 3054 quemadmodum
2612 2989 2667 3036 et
2694 2979 2918 3048 Filium,
2948 2982 3315 3051 eumdemque
3348 2982 3519 3035 Deum

1941 3075 2036 3131 Dei
2070 3060 2342 3140 Verbum,
2384 3092 2451 3131 cx
2494 3075 2681 3131 divina
2725 3075 3056 3144 substantia,
3088 3078 3381 3132 anathema
3425 3078 3520 3134 sit.

1942 3169 2002 3224 Si
2033 3169 2158 3239 quis
2185 3169 2357 3234 dicat,
2390 3168 2660 3240 Spiritum
2693 3179 2945 3224 sanctum
2978 3184 3091 3224 non
3121 3171 3353 3239 perinde
3405 3185 3526 3224 om-

1941 3260 2031 3314 nia
2060 3274 2252 3332 posse,
2284 3262 2468 3315 omnia
2499 3261 2664 3326 scire,
2699 3271 2755 3317 et
2788 3261 2992 3332 ubique
3016 3273 3287 3316 terrarum
3310 3262 3522 3327 adesse,

1941 3359 2005 3405 ut
2032 3351 2248 3407 Patrem
2284 3362 2339 3407 et
2367 3352 2588 3418 Filium,
2619 3352 2908 3409 anathema
2943 3354 3034 3408 sit.
3072 3351 3128 3407 Si
3197 3352 3321 3422 quis
3355 3353 3522 3413 dicat,

1940 3442 2208 3513 Spiritum
2226 3455 2475 3498 sanctum
2505 3454 2838 3512 creaturam,
2871 3454 3076 3514 autper
3100 3444 3293 3498 Filium
3322 3444 3526 3498 factum

1944 3548 2088 3601 esse,
2117 3536 2409 3591 anathema
2444 3538 2536 3591 sit.
2577 3536 2632 3591 Si
2665 3538 2790 3606 quis
2819 3552 2929 3590 non
2968 3538 3138 3601 dicat,
3177 3535 3389 3589 Patrem
3421 3551 3523 3605 per

1944 3626 2148 3682 Filium
2197 3639 2388 3697 postea
2436 3629 2782 3684 incarnatum
2839 3638 2896 3684 et
2950 3629 3217 3698 Spiritum
3270 3637 3523 3684 sanctum

1941 3734 2160 3776 creasse
2180 3721 2385 3785 omnia,
2409 3721 2647 3776 visibilia
2673 3722 2948 3789 videlicet,
2975 3733 3032 3778 et
3055 3722 3375 3784 invisibilia.
3398 3740 3529 3778 ana-

1944 3812 2125 3866 thema
2145 3810 2236 3866 sit.
2260 3810 2315 3866 Si
2331 3812 2583 3881 quis'non
2608 3812 2779 3879 dicat,
2800 3814 2980 3868 Patris
2994 3824 3046 3869 et
3068 3813 3187 3869 Filii
3208 3824 3263 3869 ct
3287 3815 3527 3886 Spiritus

1942 3901 2116 3956 sancti
2155 3916 2318 3956 unam
2344 3904 2622 3965 deitatem.
2659 3912 3008 3975 potestatem,
3039 3906 3403 3974 divinitatem,
3428 3923 3525 3977 po-

1942 3993 2190 4064 tentiam,
2230 4010 2392 4050 unam
2422 3998 2678 4068 gloriam,
2710 4014 2874 4053 uuam
2908 4000 3317 4071 proprietatem,
3354 4018 3523 4055 unum

1938 4092 2196 4158 regnum,
2229 4105 2391 4144 unam
2431 4091 2770 4158 voluntatem
2796 4101 2850 4147 et
2892 4093 3202 4158 veritatem,
3233 4095 3527 4151 anathema

1944 4182 2035 4235 sit.
2057 4179 2113 4235 Si
2136 4181 2260 4251 quis
2278 4198 2386 4236 non
2410 4183 2578 4244 dicat,
2606 4194 2716 4239 tres
2738 4201 2863 4240 esse
2887 4201 3045 4240 veras
3068 4202 3330 4255 personas
3350 4186 3528 4243 Patris

1942 4271 2137 4327 etFilii
2168 4282 2224 4328 et
2246 4273 2484 4343 Spiritus
2512 4276 2709 4340 sancti,
2729 4276 2988 4345 aequales,
3009 4294 3227 4348 semper
3258 4280 3524 4348 viventes,

1943 4366 2126 4421 omnia
2157 4378 2212 4424 et
2239 4368 2479 4422 visibilia
2511 4381 2565 4424 et
2589 4370 2888 4425 invisibilia
2938 4373 3309 4436 continentes,
3343 4375 3529 4430 omnia

243 4466 472 4537 γοῦντα,
504 4466 682 4518 πάντα
731 4460 996 4526 σώζοντα,
1045 4460 1294 4530 ἀνάθεμα
1339 4460 1497 4515 ἔστω.
1537 4461 1606 4516 Εἰ
1638 4478 1720 4525 τις
1759 4463 1832 4534 μὴ

1942 4465 2222 4526 potentes,
2279 4460 2463 4514 omnia
2533 4460 2871 4531 iudicantes,
2923 4465 3109 4519 omnia
3160 4467 3529 4532 vivificantcs,

244 4558 380 4629 εἴπῃ
418 4556 797 4627 προσκυνητὸν
832 4554 892 4607 τὸ
933 4554 1161 4622 Πνεῦμα
1194 4553 1252 4607 τὸ
1285 4553 1442 4621 ἆγιον
1475 4554 1625 4625 παρά
1659 4554 1840 4622 πάσης

242 4651 349 4718 τῆς
377 4650 633 4712 κτίσεως,
663 4646 738 4711 ὡς
772 4646 866 4701 καὶ
895 4647 987 4700 τὸν
1027 4645 1146 4700 ΐὶδν
1181 4644 1277 4700 καὶ
1303 4645 1396 4697 τὸν
1429 4646 1672 4716 Πατέρα,
1706 4646 1838 4699 ἀνά-

245 4744 391 4812 θεμα
420 4743 582 4795 ἔστω.
611 4740 678 4793 Εἴ
701 4757 785 4803 τις
815 4740 944 4809 περὶ
975 4735 1307 4808 τοῦ³Πατρδς
1330 4737 1427 4791 καὶ
1448 4737 1544 4791 τοῦ
1581 4737 1713 4791 Υἱοῦ
1742 4755 1841 4792 κα·

243 4836 355 4897 λ-ἷις
383 4834 652 4904 φρονήσῃ,
696 4831 824 4902 περὶ
852 4831 908 4884 δὲ
938 4829 1032 4883 τοῦ
1064 4827 1223 4898 ἀγίου
1264 4828 1584 4900 Πνεῦματος
1619 4828 1719 4881 οὐκ
1750 4830 1840 4899 ὀρ-

245 4927 355 4989 θῶς
389 4926 540 4995 ἔχει,
577 4924 857 4995 αἱρετικός
893 4925 1007 4976 ἐστι
1032 4938 1045 4954 ·
1077 4922 1161 4975 ὅτι
1212 4921 1414 4984 πάντες
1465 4921 1515 4974 οἱ
1548 4920 1836 4991 αἱρετικοὶ,

244 5019 377 5090 περὶ
404 5017 499 5072 τοῦ
527 5018 659 5071 Υίοῦ
695 5016 789 5070 τοῦ
808 5014 942 5068 Θεοῦ
975 5014 1070 5069 καὶ
1099 5013 1232 5086 περὶ
1256 5011 1352 5067 τοῦ
1386 5012 1546 5080 ἁγίου
1586 5011 1840 5082 Πνεῦμα-

240 5128 335 5174 τος
366 5109 548 5172 κακῶς
585 5104 934 5180 φρονοῦντες,
965 5104 1023 5159 ὲν
1057 5107 1123 5176 τῇ
1176 5103 1285 5157 τῶν
1324 5102 1590 5157 Ἰουδαίων
1638 5103 1731 5156 καὶ
1769 5106 1838 5175 τῇ

237 5204 355 5259 τῶν
389 5200 616 5255 ἐθνικῶν
674 5199 906 5270 ἀπιστίᾳ
941 5198 1235 5269 τυγχάνειν
1273 5195 1608 5267 ἐλέγχονται.
1662 5194 1733 5249 Εἴ
1756 5212 1838 5260 τις

237 5296 297 5349 δὲ
331 5294 539 5366 μερίσῃ
578 5290 831 5360 θεότητα,
855 5290 991 5342 Θεὸν
1022 5288 1114 5341 τὸν
1147 5286 1368 5357 Πατέρα
1397 5285 1573 5356 λέγων
1605 5286 1710 5342 ἀνὰ
1746 5288 1841 5358 μέ-

243 5405 366 5459 ρος,
409 5386 505 5439 καὶ
554 5382 686 5437 Θεὸν
741 5380 831 5434 τὸν
881 5379 1031 5440 Υἰὸν.
1086 5380 1184 5432 καὶ
1236 5378 1371 5433 Θεὸν
1397 5378 1457 5432 τὸ
1494 5376 1721 5449 Πνεῦμα
1780 5378 1841 5433 τὸ

235 5484 427 5551 ἅγιον,
478 5472 953 5547 διισχυριζόμενος
1008 5474 1158 5543 τρεῖς
1215 5471 1383 5538 Θεοὺς
1431 5471 1713 5541 λέγεσθαι,
1743 5475 1841 5526 καὶ

231 5574 371 5646 οὐχὶ
417 5569 551 5644 μίαν
596 5568 827 5638 θεότητα
862 5568 920 5620 ἐν
952 5568 1134 5636 τρισὶν
1171 5566 1526 5630 ὑποστάσεσι,
1580 5565 1673 5619 καὶ
1709 5566 1840 5636 μίαν

310 5753 396 5827 (‘2)
429 5749 688 5818 Quadam
721 5747 1055 5814 exetnplaria
1090 5763 1200 5804 non
1233 5745 1460 5813 habent,
1491 5753 1618 5801 tres.

1944 4550 2130 4605 omnia
2172 4560 2450 4621 creantes,
2481 4555 2663 4609 omnia
2719 4564 3026 4622 servantes,
3085 4559 3375 4614 anathema
3432 4562 3522 4615 sit.

1942 4639 2107 4714 258
2137 4642 2193 4699 Si
2230 4647 2355 4715 quis
2404 4663 2514 4701 non
2540 4648 2688 4702 dicat
2714 4648 2978 4717 Spiritum
3013 4661 3264 4705 sanctum
3303 4653 3531 4719 perinde

1942 4744 2110 4807 atque
2135 4736 2333 4792 Filium
2358 4749 2413 4794 et
2459 4741 2679 4795 Patrem
2705 4744 2774 4799 ab
2806 4743 2956 4796 omni
3007 4753 3262 4799 creatura
3293 4744 3529 4799 adoran-

1943 4825 2073 4880 dum
2111 4842 2256 4890 esse,
2285 4831 2579 4884 anathema
2621 4834 2714 4887 sit.
2742 4834 2798 4888 Si
2836 4833 2961 4903 quis
2993 4833 3062 4888 de
3114 4835 3273 4889 Patre
3303 4845 3359 4890 et
3392 4837 3531 4890 Filio

1953 4925 2103 4972 recte
2135 4921 2362 4986 sentiat,
2390 4920 2457 4976 de
2488 4921 2694 4992 Spiritu
2723 4939 2853 4979 vero
2888 4935 3082 4979 sancto
3136 4925 3526 4992 hallucinetur,

1945 5010 2242 5067 haereticus
2274 5022 2379 5067 est.
2412 5014 2682 5080 Quoniam
2713 5031 2905 5072 omnes
2929 5018 3243 5083 haereticos,
3285 5018 3353 5073 de
3396 5020 3532 5074 Filio

1944 5101 2063 5167 Dei,
2099 5112 2157 5158 et
2190 5104 2257 5159 de
2283 5104 2495 5174 Spiritu
2533 5116 2726 5163 sancto
2750 5124 3039 5179 perperam
3090 5112 3421 5176 sentientes,
3477 5112 3532 5166 in

1942 5191 2255 5250 Judaeorum
2272 5198 2695 5256 etethnicorum
2719 5200 3042 5258 inﬁdelitate
3069 5204 3277 5261 interere
3298 5212 3533 5258 constat.

1945 5283 2002 5340 Si
2024 5285 2512 5355 quisdivinitatem
2567 5291 2808 5360 dividat,
2865 5295 3149 5367 sigillatim
3215 5296 3387 5352 Deum
3438 5295 3537 5350 Pa-

1945 5385 2085 5434 trem
2126 5379 2339 5445 dicens.
2383 5393 2439 5440 et
2472 5386 2642 5442 Deum
2693 5388 2911 5455 Filium,
2944 5400 3001 5444 ct
3032 5390 3200 5445 Deum
3268 5390 3535 5461 Spiritum

1942 5487 2213 5546 sanctum,
2243 5490 2299 5536 et
2325 5482 2622 5538 contendat
2650 5494 2759 5539 tres
2776 5485 2852 5556 (Ι)
2885 5484 3017 5541 deos
3039 5485 3303 5540 dicendos
3321 5499 3465 5550 esse,
3483 5491 3541 5538 et

1941 5585 2052 5627 non
2084 5588 2255 5629 unum
2278 5573 2450 5631 Deum
2479 5576 3252 5649 propterunamdivinitatem
3280 5578 3333 5633 in
3361 5576 3542 5632 tribus
