3936 6206
497 216 591 289 8:1

1715 218 2139 278 NICEPIIORI
2181 211 2531 279 CALLISTI
3594 222 3677 283 812

494 356 599 404 rat,
649 345 738 396 ubi
794 340 925 410 quid
976 340 1208 394 Maximo
1257 336 1567 400 accidisset,
1622 336 1904 403 cognovit,
1948 351 2068 387 cum

2188 337 2316 406 ιέρῳ
2373 336 2587 403 βασιλεῖ
2625 332 2721 403 τὴν
2763 331 2985 403 Ῥώμην
3013 335 3083 396 ὡς
3120 334 3402 405 νικηφόρος
3437 336 3678 406 κατέλαϐε,

499 438 633 505 ipsis
680 435 844 490 armis
904 433 956 486 in
1019 427 1478 500 praeterﬂuentem
1541 440 1757 479 amnem
1816 420 2065 487 insiluit,

497 540 663 598 atque
702 527 775 581 ibi
824 522 1054 580 interiit.
1090 521 1168 574 Ita
1211 519 1599 576 Valentiniano
1645 516 1853 587 jnniori
1893 519 2068 585 impe-

448 669 463 681 .
498 624 639 677 rium
692 634 851 675 omne
900 614 1219 669 restitutum
1266 620 1369 666 est.
1422 609 1487 664 Et
1531 606 1875 662 Theodosius
1927 608 2069 662 bcl'o

453 692 458 747 ί
498 715 732 770 feiiciter
761 708 1033 771 confecto,
1069 716 1192 760 cum
1227 705 1559 773 imperatore
1584 702 1804 771 juniore
1838 701 2066 755 Romam

455 812 465 876 χ
501 810 679 862 victor
730 804 1027 871 ingressus,
1080 796 1448 852 clarissimum
1500 795 1660 851 1331115
1707 792 1819 863 egit
1872 793 2068 846 trium-

502 900 692 968 phum.
753 894 921 948 Recte
974 890 1138 945 etiam
1196 887 1242 942 is
1298 888 1351 941 in
1405 887 1560 940 Italia
1608 884 2068 940 Mediolanensem

498 989 790 1046 constituit
837 995 1001 1054 atque
1054 981 1335 1036 ordinavit
1366 979 1692 1044 Ecclesiam,
1730 993 1855 1032 cum
1892 992 1923 1032 e
1963 977 2070 1031 vita

496 1079 846 1137 commodum
886 1075 1098 1131 Iustina
1140 1073 1489 1128 excessisset.
1540 1069 1910 1131 Theodosius,
1946 1084 2072 1123 cum

498 1176 682 1231 adhuc
725 1162 914 1231 Roma:
963 1179 1144 1229 esset,
1191 1181 1222 1220 c
1269 1163 1747 1232 Constantinopoli
1795 1177 1862 1216 eo
1904 1160 1971 1215 ad
2002 1176 2074 1215 .se

502 1269 674 1323 lilium
716 1262 1041 1324 Honorium,
1077 1260 1231 1313 valde
1263 1257 1447 1311 adhuc
1487 1264 1758 1317 tenerum,
1790 1253 2075 1309 adducen—

500 1362 633 1416 dum
664 1358 897 1414 curavit.
927 1346 992 1407 Et
1021 1367 1144 1407 cum
1174 1351 1361 1405 Romae
1389 1347 1634 1404 victoriae
1658 1361 1815 1403 sacra
1843 1344 2072 1417 peregit,

505 1464 619 1507 tnnt
677 1448 1025 1505 clementiam
1078 1432 1624 1513 placabilitatemque
1677 1452 1833 1494 suam
1893 1437 2074 1491 mani-

504 1547 645 1601 festo
691 1537 991 1596 declaravit
1026 1553 1039 1589 :
1075 1532 1422 1604 potissimum
1462 1538 1597 1586 vero
1645 1530 1701 1584 in
1749 1528 2077 1600 Symmacho

503 1633 826 1693 exconsule.
886 1626 986 1683 Hic
1045 1624 1211 1697 264
1267 1637 1504 1693 namque
1563 1604 1788 1679 senatus
1844 1618 2074 1675 Romani

2177 429 2271 480 mi.
2325 428 2591 482 ἐπινίκιον
2644 428 2928 496 κατήγαγε
2978 426 3238 497 θρίαμϐον
3291 427 3678 498 εὐφραινόμενος.

2179 520 2370 583 Καλῶς
2409 519 2467 573 δὲ
2495 520 2605 590 ἄρα
2633 519 2729 573 καὶ
2759 518 2827 573 τὰ
2857 509 3000 574 κατᾶ
3038 520 3136 588 τὴν
3177 521 3232 571 ἐν
3271 519 3460 590 Ἰταλίᾳ
3496 519 3683 592 Ἐκκλη-

2181 611 2302 665 σίαν
2351 611 2570 678 διέθηκε
2603 610 2968 664 Μεδιόλανον·
3004 608 3146 662 τέλει
3193 610 3300 679 γὰρ
3344 609 3452 678 βίου
3475 609 3685 666 καὶΊου-

2179 703 2333 755 στίνα
2369 704 2661 773 ἐχρήσατο.
2700 703 2823 756 Ἔτι
2846 702 2890 754 δ’
2921 702 2979 754 ἐν
3002 704 3068 771 τῇ
3116 700 3303 772 Ῥώμῃ
3330 699 3401 753 ὢν
3431 700 3681 766 Θεοδόσιος.

2177 793 2242 847 ἐκ
2268 794 2368 862 τῆς
2404 792 3031 855 Κωνσταντινουπόλεως
3051 791 3246 861 κομιδῆ
3278 794 3461 860 νήπιον
3484 793 3595 847 ὄντα
3615 797 3684 847 τὶν

2179 885 2293 939 υίὺν
2334 884 2616 954 ’Δρκάδιον
2651 883 3058 954 μετεστέλλετο,
3105 883 3243 946 Τοὺς
3271 883 3315 937 δ’
3344 883 3602 946 ἐπινικίους
3624 902 3687 938 τε·

2180 977 2287 1030 λῶν
2316 979 2373 1030 ἐν
2415 977 2620 1048 Ῥώμῃ,
2650 978 2743 1029 καὶ
2780 976 2880 1046 τὴν
2913 976 3180 1046 σφετέραν
3209 976 3536 1040 ἀνεξικακίαν
3558 977 3687 1048 δήλην

2181 1071 2354 1124 ἐποίει
2381 1086 2396 1101 ο
2433 1074 2526 1123 καὶ
2557 1067 2791 1138 μάλιστα
2818 1069 2913 1122 ἐπὶ
2941 1068 3224 1139 Συμμάχῳ
3256 1066 3333 1136 τῷ
3366 1067 3463 1121 ἀπὸ
3492 1069 3687 1124 ὑπάτων.

2183 1154 2351 1226 Οὗτος
2380 1161 2488 1230 γὰρ
2514 1159 2728 1229 πρῶτος
2759 1158 2835 1212 ὣν
2855 1158 2957 1227 τῆς
2980 1160 3037 1212 ἐν
3079 1156 3269 1228 Ῥώμῃ
3296 1157 3570 1228 συγκλήτου
3598 1158 3689 1227 ficu.

2181 1251 2301 1322 λῆς,
2334 1250 2421 1305 διὰ
2445 1252 2720 1322 θαύματος
2745 1236 2812 1323 ἦν
2837 1253 2954 1314 τοῖς
2984 1249 3284 1321 προσοῦσιν
3314 1249 3453 1319 αὐτῷ
3476 1248 3687 1317 ἀγαθοῖς,

2184 1345 2420 1417 μάλιστα
2438 1332 2483 1398 δ”
2502 1344 2761 1416 ἐπῃνεῖτο
2782 1340 2873 1397 ἐπὶ
2896 1342 3179 1396 παιδεύσει
3196 1340 3367 1409 λόγων
3380 1328 3684 1411 Ῥωμαϊκῶν·

2183 1437 2414 1499 πολλοὺς
2446 1435 2556 1506 γὰρ
2608 1435 2699 1489 καὶ
2726 1436 2867 1502 άγαν
2900 1423 3160 1505 ἀρίστους
3191 1434 3384 1502 λόγους
3409 1437 3468 1504 τῇ
3499 1438 3691 1504 σφετέρᾳ

2184 1528 2406 1599 γλώσσῃ
2440 1525 2667 1591 ἐξέδοτο.
2697 1526 2949 1595 Γέγραφε
2984 1512 3041 1578 δέ
3090 1514 3191 1578 καὶ
3221 1523 3352 1594 πρὸς
3381 1522 3464 1576 τὸν
3485 1523 3691 1594 τύραννον

2185 1621 2435 1692 Μάξιμον
2456 1621 2537 1675 ἐτι
2559 1620 2819 1691 περιόντα
2837 1637 2853 1652 ο
2886 1614 2947 1675 οῦ
2971 1621 3136 1692 χάριν
3171 1618 3351 1689 ἔνοχος
3371 1619 3439 1688 τῷ
3465 1620 3549 1689 τῆς
3571 1619 3691 1672 ratio

506 1729 786 1801 princeps,
824 1723 880 1777 in
930 1733 1149 1790 magna,
1197 1724 1423 1785 propter
1469 1712 1687 1784 egregia
1734 1727 1857 1783 qua:
1906 1710 1962 1765 in
2008 1724 2078 1766 eo

2188 1712 2422 1775 σιώσεως
2464 1710 2710 1780 ἐγεγόνει
2741 1710 3080 1782 ,ἐγκλήματι
3110 1712 3307 1774 Δείσας
3333 1710 3492 1765 τοίνυν
3513 1711 3597 1783 τήν
3617 1728 3691 1764 κιο

506 1828 669 1876 erant
725 1821 1080 1875 ornamenta,
1131 1807 1240 1863 fuit
1290 1805 1688 1870 admiratione,
1739 1804 2082 1872 maximeque

513 1920 739 1981 propter
783 1902 1155 1976 eloquentiam
1194 1910 1251 1955 et
1297 1898 1553 1969 peritiam
1588 1894 1766 1950 Latini
1811 1895 2083 1951 sermonis

510 2001 769 2058 laudatus
808 2004 914 2051 est.
952 1992 1151 2047 Multas
1178 1988 1349 2053 enim,
1377 1995 1433 2042 et
1464 1985 1760 2041 admodum
1794 1984 2084 2054 praeclaras

516 2099 759 2151 liomana
787 2090 975 2158 lingua
1006 2083 1179 2140 edidit
1210 2080 1508 2137 orationes.
1550 2076 1786 2147 Scripsit
1814 2075 1981 2131 etiam
2014 2073 2084 2129 ad

514 2187 811 2245 Maximum
846 2190 1139 2254 tyrannum
1172 2173 1354 2229 adhuc
1394 2171 1767 2242 superstitem.
1806 2168 1977 2235 Quam
2010 2168 2084 2223 ob

517 2294 741 2336 causam
786 2260 1035 2331 criminis
1073 2265 1469 2338 perduellionis
1507 2272 1561 2318 et
1604 2263 1746 2317 laesa.-
1785 2259 2085 2332 majestatis

517 2390 648 2430 rcus
684 2373 879 2431 factus,
908 2363 1055 2437 quod
1086 2376 1145 2418 se
1184 2360 1503 2416 damnatum
1543 2356 1607 2410 iri
1640 2362 1932 2419 metueret,
1962 2361 2084 2407 tan-

517 2482 680 2536 quam
705 2462 772 2517 ad
795 2459 1004 2531 asylum
1032 2457 1086 2511 in
1114 2452 1404 2508 ecclesiam
1431 2446 1698 2517 confugit.
1724 2446 1876 2501 Adeo
1899 2454 2083 2501 autem

521 2564 820 2630 imperator
852 2554 956 2606 iste
988 2545 1245 2617 religiose
1277 2540 1764 2598 Christianismum
1810 2538 2003 2601 coluit,
2031 2548 2087 2593 ct

516 2628 653 2708 adeo
691 2644 951 2703 Ecclesia:
984 2640 1087 2694 fuit
1116 2635 1403 2696 obediens,
1440 2641 1498 2687 ut
1532 2647 1643 2686 non
1676 2644 1770 2684 eos
1801 2629 1962 2684 tundo
1992 2628 2084 2698 qui

514 2743 762 2815 ejusdem
798 2754 923 2794 cum
959 2750 1027 2791 eo
1065 2740 1253 2789 essent
1289 2727 1438 2791 ﬁdei,
1470 2739 1803 2797 magnopere
1848 2724 2085 2777 honora-

515 2814 606 2902 rit,
638 2843 694 2890 et
724 2831 1041 2903 praeclaram
1072 2826 1180 2880 illis
1204 2823 1521 2893 opinionem
1541 2817 1834 2875 conciliare
1856 2814 2087 2871 studue-

522 2930 621 2993 rit,
677 2914 881 2980 verum
903 2921 1070 2975 etiam
1099 2914 1455 2977 Novatianos,
1484 2911 1630 2966 idem
1664 2907 1949 2962 nobiscum
1981 2921 2088 2960 una

522 3036 579 3075 re
607 3024 830 3087 excepta
846 3012 1184 3073 sentientes,
1208 3006 1446 3061 civiliter
1470 3014 1524 3058 et
1545 3000 1757 3072 placide
1781 2998 2084 3055 admiserit.

2182 1802 2428 1874 ταδίκην,
2461 1801 2537 1861 ὡς
2562 1802 2640 1866 είς
2664 1801 3047 1872 κρησφύγετον
3088 1801 3196 1870 τὴν
3226 1801 3529 1873 Ἐκκλησίαν
3564 1803 3688 1857 luti“

2183 1895 2416 1967 δραμεν.
2471 1886 2627 1949 Οῦτω
2657 1882 2702 1949 δδ
2745 1891 2816 1966 ἦν
2852 1897 2882 1950 ὁ
2914 1894 3175 1966 βασιλεὺς
3214 1894 3445 1959 εὐλαϐῶς
3486 1896 3591 1967 περὶ
3620 1900 3688 1950 τὸν

2184 1980 2229 2040 Χ
2238 1985 2614 2056 ριστιανισμδν
2640 1985 2801 2056 ἔχων,
2826 1986 2921 2040 καὶ
2938 1988 3004 2058 τῇ
3036 1985 3136 2040 τοῦ
3157 1985 3291 2040 Θεοῦ
3335 1987 3581 2058 Ἐκκλησία
3596 2006 3688 2043 πει-

2187 2076 2392 2150 θήνιος,
2423 2077 2499 2142 ὡς
2556 2078 2721 2149 μήτοι
2749 2094 2814 2147 γε
2841 2077 2968 2141 τοὺς
3001 2079 3103 2149 τῆς
3153 2079 3281 2149 ίσης
3322 2080 3457 2149 αὐτῷ
3503 2080 3686 2141 πίστεως

2186 2173 2287 2226 ύπε
2298 2172 2498 2243 ρτιμᾷν
2517 2188 2599 2236 τε,
2622 2171 2717 2226 καὶ
2760 2169 2821 2225 τὸ
2847 2170 3005 2236 δόξαν
3024 2173 3259 2237 ἐκείνοις
3278 2172 3521 2243 αἱρεῖσθαι
3540 2176 3689 2226 ποιεῖν’

2184 2263 2325 2317 ἀλλὰ
2376 2266 2484 2334 γὰρ
2544 2264 2639 2315 καὶ
2696 2262 3076 2326 Ναυατιανοὺς
3145 2263 3216 2318 τὰ
3289 2266 3604 2335 παραπλήσια
3640 2268 3686 2335 τῇ

2188 2354 2455 2427 θρησκεία
2484 2354 2624 2425 πλήν
2649 2349 2768 2418 ἐνὸς
2798 2353 3125 2420 δοξάζοντας
3152 2348 3370 2427 ἡμέρως
3405 2357 3492 2409 uel.
3514 2355 3689 2416 ἀστείως

2190 2447 2337 2519 μάλα
2359 2447 2703 2518 προσίεσθαι.
2751 2446 2925 2516 ’Υπὲρ
2953 2446 3143 2501 τοίνυν
3185 2436 3471 2518 Συμμάχου
3498 2447 3691 2508 Λεόντιος

2188 2538 2527 2610 πρεσϐεύων,
2591 2538 2653 2603 ὃς
2712 2539 2813 2610 τῆς
2871 2540 2928 2594 ἐν
2997 2538 3192 2612 Ῥώμῃ
3246 2540 3352 2594 τῶν
3406 2540 3696 2594 Ναυατιανιῖιν

2187 2630 2518 2698 Ἐκκλησίας
2551 2636 2854 2702 τηνικαῦτα
2906 2633 3116 2701 ἠγεῖτο,
3156 2632 3256 2685 οὐκ
3292 2631 3598 2701 ἀπετύγχανε
3627 2629 3697 2682 τοῦ

2188 2720 2394 2775 σκοποῦ
2418 2737 2432 2750 ο
2479 2721 2672 2791 ἐκείνῳ
2702 2722 2809 2791 γὰρ
2850 2722 2950 2792 τήν
2975 2723 3144 2792 χάριν
3173 2723 3560 2792 ἀφοσιούμενος.
3584 2737 3701 2774 cavsa

2188 2814 2357 2884 χώρει
2381 2812 2458 2884 τῷ
2488 2815 2774 2885 Συμμάχῳ
2798 2814 2860 2867 τὸ
2887 2815 3151 2886 ἔγκλημα
3175 2831 3189 2845 '
3210 2816 3270 2880 ὃς
3296 2816 3359 2887 δή
3389 2817 3475 2870 καὶ
3498 2815 3583 2885 τῆς
3604 2830 3701 2878 συγ·

2189 2906 2414 2976 γνώμης
2436 2907 2708 2973 ἀξιωθεὶς,
2747 2907 2833 2961 τδν
2862 2908 3265 2978 άπολογητικδν
3288 2910 3362 2981 τῷ
3383 2909 3572 2983 βατιλαί
3586 2913 3704 2980 Eax:-

2188 2997 2465 3063 δίαζεν.⁹0
2499 3000 2597 3069 μὲν
2625 2993 2718 3054 οὖν
2745 2999 2867 3053 καθ’
2897 3000 3145 3069 ἑσπέραν
3174 3003 3403 3072 πόλεμος
3431 3002 3608 3055 τοιάνδε
3629 3008 3704 3068 τήν

512 3086 708 3181 Itaque
757 3104 1021 3163 Leontius
1072 3098 1529 3156 NnVatianornm'
1560 3093 1829 3149 ecclesia!
1863 3102 1976 3146 tum
2031 3091 2082 3145 in

2192 3090 2368 3161 ἀρχὴν
2413 3091 2687 3162 ἐσχηκὼς,
2715 3091 2956 3145 τοιοῦτον
2979 3092 3161 3148 αἴσιον
3200 3095 3293 3148 καὶ
3319 3094 3379 3147 τὸ
3406 3094 3550 3163 τέρας
3571 3094 3705 3162 ἐλάμ·

522 3180 767 3253 Romana
813 3192 953 3247 urbe
1001 3189 1253 3251 antistes,
1289 3185 1382 3256 qui
1425 3185 1748 3254 deprecator
1783 3180 1927 3251 apud
1961 3196 2082 3235 eum

2197 3183 2329 3237 ϐανε
2359 3183 2497 3238 Θεοῦ
2533 3185 2987 3255 πρυτανεύοντος.

524 3311 624 3377 ι)ςο
664 3288 993 3363 Symmacho
1039 3283 1165 3350 fuit,
1202 3297 1298 3351 spe
1347 3296 1447 3334 sua
1498 3278 1802 3332 frustratus
1842 3293 1953 3330 non
1998 3285 2109 3332 est.
2167 3276 2301 3333 Nam
2351 3279 2401 3334 ei
2451 3280 3159 3351 graliiicatusimperator,
3229 3292 3501 3354 peccatum
3539 3290 3707 3337 tantum

523 3367 855 3460 Sjnnmacho
901 3378 1136 3434 remisit.
1185 3374 1289 3442 Qui
1333 3371 1550 3427 veniunt
1624 3377 1975 3433 consecutus,
2013 3367 2316 3424 orationem
2358 3386 2468 3439 qua
2503 3385 2562 3425 se
2597 3369 2866 3433 defendit,
2898 3371 2965 3426 ad
2988 3371 3381 3442 imperatorem
3418 3372 3709 3441 conscripsit.

520 3487 589 3542 Et
641 3483 846 3540 bellum
888 3477 1110 3549 quidem
1165 3468 1518 3528 Occidentale
1575 3466 1670 3521 tali
1735 3465 1891 3520 initio
1942 3474 2547 3536 cmptum,-optatum,
2599 3466 2713 3525 Deo
2766 3467 2905 3524 bene
2960 3466 3297 3539 adjuvante,
3352 3467 3531 3524 habui:
3564 3467 3696 3522 ﬁnem

1098 3588 1325 3646 CAPUT
1367 3586 1531 3642 XXII.

2762 3584 3015 3639 ΚΕΦΑΛ.
3077 3584 3212 3639 KB‘.

524 3696 600 3751 De
632 3682 1282 3763 {mdis‘consuetudinibus
1316 3679 1660 3763 ermor'fl'ms.‘
1699 3692 1829 3759 q'uos
1859 3692 1923 3731 ea:
1964 3683 2082 3732 urbe

2195 3678 2335 3756 Περὶ
2364 3677 2799 3763 τῶνῶαίσχρῶγ
2812 3678 3204 3763 ησυνίιρειῶζ,
3359 3667 3595 3747 περιεῖλε
3631 3671 3716 3740 τῆς

734 3778 736 3782 ν
785 3758 952 3812 Roma
980 3755 1129 3824 ejecit
1158 3754 1447 3822 imperator
1488 3745 1822 3802 Theodosius.

2273 3745 2287 3756 Υ
2486 3745 2710 3818 Ῥώμῆς
2740 3751 2773 3803 ὁ
2795 3748 3097 3814 ,βασιλεὺς
3127 3745 3448 3815 Θεοδόσιος

592 3869 941 3930 Theodosius
971 3866 1296 3934 imperator,
1323 3874 1449 3914 cum
1486 3858 1539 3911 in
1575 3856 1725 3912 Italia
1757 3864 2082 3922 moraretur,

2266 3862 2529 3926 Βασιλεὺς
2576 3862 2635 3915 δέ
2679 3859 2972 3929 διατρίϐων
3019 3861 3076 3913 ἐν
3136 3860 3362 3932 Ἰταλίᾳ,
3396 3861 3602 3913 πλεῖστα
3640 3854 3717 3924 τήν

523 3971 823 4040 plurimum
860 3955 1220 4017 emolumenti
1271 3953 1328 4008 In
1371 3950 1673 4005 Romanam
1714 3946 1949 4002 contulit
1990 3960 2082 4000 ur-

2209 3955 2495 4024 Ῥωμαίων
2513 3953 2690 4023 ὢνησε
2721 3954 2896 4019 πόλιν,
2919 3951 2998 4021 τῷ
3021 3953 3120 4022 μέν
3149 3952 3230 4022 τῷ
3258 3953 3437 4006 δοῦναι
3463 3950 3714 4020 φιλοτίμως

526 4036 671 4125 bern,
706 4068 937 4114 cumea
978 4064 1102 4121 qua:
1149 4056 1311 4102 antea
1360 4048 1469 4097 non
1520 4039 1757 4095 habebat
1790 4036 2082 4093 liberaliter

2192 4046 2230 4101 ἃ
2261 4047 2336 4117 μή
2370 4045 2634 4116 πρότερον
2679 4037 2815 4113 εἶχε,
2848 4043 2939 4095 καὶ
2970 4042 3049 4112 τῷ
3081 4040 3359 4112 περιελεῖν
3385 4044 3451 4095 τὰ
3490 4039 3715 4110 προσόντα

524 4151 845 4212 tribuendo,
878 4157 993 4200 tum
1041 4141 1306 4211 pleraque
1345 4149 1466 4205 quae
1501 4131 1808 4201 antiquitus
1842 4130 1892 4185 ei
1935 4136 2082 4183 erant

2192 4138 2376 4209 ἐκείνῃ
2421 4135 2669 4206 μοχθηρά
2706 4137 2771 4188 ἐκ
2812 4132 3054 4204 μακροῦ,
3096 4135 3195 4186 καὶ⁵
3246 4132 3504 4203 αἰσχύνης
3536 4128 3714 4199 Epirum

525 4245 670 4299 fmda
707 4249 874 4309 atque
915 4220 1166 4304 pudenda
1205 4228 1517 4283 adimenda.
1557 4223 1683 4278 Fuit
1722 4222 1868 4277 enim
1904 4221 2082 4276 Romae

2194 4230 2557 4309 καθιστῶνται.
2594 4229 2708 4282 Μία
2737 4226 2783 4281 δ’
2813 4223 2882 4298 ἦν
2926 4228 3061 4298 αὐτῇ
3098 4225 3336 4296 αἰσχύνη
3362 4224 3603 4291 τοιαύτιγ
3631 4217 3715 4273 Μέ-

524 4335 787 4407 probrum
828 4325 1108 4398 quoddam
1154 4322 1261 4376 tale
1296 4333 1313 4376 :
1350 4317 1522 4372 Erant
1552 4315 1628 4369 ibi
1660 4314 1888 4369 aedilicia
1919 4314 2094 4367 maxi-

2194 4338 2373 4391 γιστοι
2400 4306 2554 4391 δόμοι
2584 4319 2727 4373 κατὰ
2758 4318 2857 4388 τήν
2902 4317 3122 4387 Ῥώμην
3154 4314 3322 4387 ἦσαν,
3349 4311 3428 4378 οἷς
3454 4317 3480 4367 ὁ
3506 4315 3565 4384 τῇ
3598 4310 3714 4362 πόλει

526 4401 636 4494 ina,
666 4428 720 4480 in
746 4423 949 4494 quibus
975 4432 1191 4472 annona
1214 4414 1366 4470 urbis
1389 4409 1796 4466 asservabatur.
1822 4407 1924 4474 Qui
1957 4422 2082 4462 vero

2195 4411 2598 4483 χορηγούμενος
2624 4411 2772 4472 σῖτος
2800 4406 3008 4461 ἐτίθετο
3036 4426 3050 4439 ·
3076 4408 3125 4461 οἳ
3145 4407 3211 4478 δὴ
3239 4407 3350 4459 τῶν
3376 4407 3533 4458 οἴκων
3553 4401 3715 4454 τούτων

528 4518 767 4589 praefecti
799 4514 882 4569 eis
907 4523 1087 4575 erant,
1119 4507 1367 4562 Romana
1406 4501 1592 4571 lingua
1630 4498 1909 4566 mancipes
1935 4498 2088 4559 dicti,

526 4586 791 4680 temporis
847 4615 1109 4675 processu
1166 4595 1487 4668 praedonum
1547 4588 1828 4644 domicilia
1890 4586 2092 4641 eil‘eee-

525 4714 653 4759 rant
688 4703 786 4770 (1).
834 4697 971 4752 Cum
1021 4693 1170 4749 enim
1216 4689 1282 4745 ad
1339 4689 1482 4743 latus
1535 4685 1802 4756 cujusque
1852 4681 2091 4744 aedilicii,

520 4799 677 4866 juxta
706 4791 809 4849 loci
841 4792 1031 4853 situm,
1059 4787 1114 4841 in
1145 4794 1300 4854 parte
1329 4778 1577 4836 inferiori
1604 4776 1895 4848 pistrinum
1921 4783 2091 4837 esset,

526 4865 621 4957 qui
669 4885 718 4939 ei
769 4881 1062 4953 praefuere.
1105 4875 1353 4931 tabernis
1395 4868 1752 4936 constructis,
1790 4867 1845 4921 in
1890 4865 2095 4935 quibus

524 4956 694 5033 etiam
727 4973 1042 5029 meretrices
1067 4969 1135 5024 ad
1165 4976 1436 5038 quzestum
1468 4961 1816 5033 prostabant,
1844 4973 1943 5029 per
1976 4956 2096 5010 illas

526 5068 755 5123 insidias
799 5067 880 5120 cis
924 5062 1255 5125 tendebaut,
1297 5057 1392 5127 qui
1434 5069 1667 5109 annonae
1712 5047 2097 5119 comparandae

525 5162 702 5234 gratia
743 5159 810 5214 ad
855 5160 1048 5211 domos
1082 5165 1176 5207 eas
1206 5149 1520 5205 veniebant.-
1551 5144 1710 5216 265
1743 5144 1914 5198 Erant
1941 5154 2094 5205 vero,

528 5232 623 5323 qui
680 5267 799 5325 eam
861 5257 1071 5303 tantum
1124 5243 1195 5297 ob
1240 5254 1460 5295 causam
1513 5247 1574 5291 ut
1625 5238 1778 5292 larda:
1826 5232 2096 5301 voluptati

530 5347 890 5406 inservirent,
920 5355 988 5397 eo
1019 5337 1372 5392 accedebant.
1406 5332 1653 5387 Machina
1683 5331 1829 5384 enim
1859 5327 2094 5398 quadam

529 5452 594 5489 ex
634 5430 941 5502 prostibqu
983 5429 1038 5481 in
1087 5424 1381 5495 pistrinum
1418 5419 1830 5475 deferebantur.
1867 5418 2095 5473 Potissi-

470 5530 491 5567 θ
532 5542 681 5579 llillttl
723 5540 852 5578 vero
896 5533 1120 5590 peregre
1168 5513 1591 5569 advenientibus
1636 5521 1688 5567 ct
1729 5509 1956 5565 advenis
1992 5508 2095 5564 hoc

607 5661 680 5719 (ι)
715 5658 867 5710 Socr.
905 5656 999 5709 lib.
1026 5671 1078 5717 ν,
1110 5669 1231 5719 cap.
1264 5653 1350 5707 IS.

2196 4506 2297 4575 τὴν
2335 4506 2514 4575 ἀρχὴν
2557 4503 2793 4574 ἔχοντες,
2824 4502 2917 4565 οὓς
2963 4501 3257 4571 Ῥωμαίων
3300 4499 3449 4569 φωνή
3480 4497 3715 4567 μάγκιπις

2199 4596 2478 4667 ὀνομάζει,
2505 4594 2584 4664 τῷ
2599 4594 2777 4665 χρόνῳ
2802 4595 3098 4661 προήκοντι
3134 4592 3407 4662 λῃστήρια
3436 4591 3551 4649 τοὺς
3570 4587 3715 4642 οἴκους

2200 4687 2548 4756 εἰργάσαντο.
2599 4685 2753 4740 Ἐπεὶ
2786 4685 2894 4752 γὰρ
2924 4685 2975 4736 oi
3024 4683 3271 4754 μυλῶνες
3305 4683 3403 4750 τῆς
3445 4679 3547 4731 τῶν
3570 4678 3716 4728 τόπων

2202 4779 2406 4839 θέσεως
2467 4776 2611 4830 οὕτω
2667 4776 2919 4845 διδούσης
2979 4776 3122 4829 κατὰ
3179 4773 3379 4843 βάθους
3435 4767 3568 4841 ἦσαν
3612 4762 3716 4833 πρὸ;

2202 4868 2443 4939 πλευρὰν
2478 4852 2692 4935 ἑκάστῳ
2721 4869 3006 4937 οίκήματι,
3052 4868 3100 4919 οἱ
3139 4864 3346 4918 τούτων
3382 4860 3714 4932 προϊστάμενοι

2202 4961 2475 5029 καπηλεῖα
2529 4961 3017 5022 κατεσκευακότες.
3069 4959 3164 5011 καὶ
3217 4958 3424 5025 πόρνας
3474 4955 3528 5005 ἐν
3572 4946 3714 5001 αὐτοῖς

2204 5052 2675 5120 προστησάμενοι,
2728 5047 2819 5102 διὰ
2877 5048 3080 5101 τούτων
3142 5045 3336 5114 ὥσπερ
3396 5043 3541 5110 λόχον
3591 5030 3713 5086 καθί-

2199 5155 2340 5192 στων
2372 5141 2483 5202 τοῖς
2521 5139 2680 5210 χρείᾳ
2723 5139 2940 5208 τροφῶν
2968 5140 3098 5199 ’τοῖς
3136 5139 3307 5198 οῑκοις
3361 5127 3708 5200 ἐπερχομένης-

2195 5224 2377 5284 *Ησαν
2404 5230 2460 5283 δέ
2493 5230 2542 5283 οἳ
2581 5232 2675 5282 καὶ
2703 5229 2781 5297 τῷ
2832 5231 3036 5300 αἰσχρᾷ
3074 5227 3232 5298 ήδονῇ
3260 5223 3527 5278 δουλεύειν
3550 5216 3711 5271 ἐθέλειν

2202 5325 2338 5395 μόνῃ
2361 5325 2542 5375 ἐκεῖσε
2574 5325 2840 5390 ἐγίνοντο·
2874 5323 3088 5390 μηχανῇ
3121 5319 3227 5387 γάρ
3258 5333 3367 5369 τινι
3389 5314 3474 5367 διὰ
3502 5307 3588 5363 τοῦ
3612 5317 3710 5395 τωρ·

2200 5416 2342 5468 νείου
2378 5416 2453 5484 τῷ
2487 5414 2691 5484 μυλῶνι
2736 5415 3028 5466 ἐνέπιπτον
3050 5428 3064 5441 ε
3098 5412 3330 5482 μάλιστα
3357 5407 3412 5460 δὲ
3447 5404 3587 5457 τοῦτο
3628 5394 3707 5452 τοῖς

2200 5513 2320 5581 ενδ-ς
2332 5512 2485 5582 μοῦσ.
2513 5511 2619 5563 τῶν
2653 5512 2816 5575 ξένων
2845 5510 3220 5563 ὲπισυνίόαινε
3246 5524 3259 5534 ·
3284 5506 3378 5559 καὶ
3395 5505 3440 5556 οἱ
3468 5498 3620 5554 οὕτως
3642 5493 3710 5544 ἐπ’
