3936 6206
336 250 441 320 813

1253 255 1849 320 Ecca-asumma
1883 228 2270 321 IiiS’l‘ORIlii
2312 255 2456 318 LIB.
2497 250 2637 315 XII.

3453 225 3558 309 "su

309 371 569 435 λωκότες,
590 369 837 439 ἀνάγκης
855 370 1229 440 ἐπικειμένης,
1265 372 1414 425 ἀλεῖν
1441 373 1527 426 διὰ
1558 373 1675 442 βίου
1702 374 1883 426 κατεί-

2003 371 2290 428 tccidebat.
2332 369 2436 438 Qui
2484 369 2687 425 deinde
2736 366 2802 423 ad
2852 380 2977 420 eum
3031 350 3253 422 modum
3301 367 3470 437 capti,
3505 380 3560 421 et

310 479 492 533 χοντο,
531 461 607 531 μὴ
636 461 734 532 τὴν
762 461 975 515 ἐκεῖθεν
1004 462 1158 515 λύσιν
1189 463 1367 526 ποσῶς
1404 465 1847 533 συγχωρούμενοι
1865 481 1878 495 ο

1985 464 2317 519 necessitate
2352 462 2741 543 circumventi,
2774 460 2981 515 molere
3011 475 3109 529 per
3138 459 3305 515 vitam
3338 474 3556 514 onmem

308 553 384 617 ὡς
415 554 511 606 καὶ
554 556 667 614 τοῖς
700 552 921 615 οἰκείοις
965 553 1342 623 παρεσχῆσθαι
1383 554 1561 621 δόξαν,
1591 554 1672 607 ὅτι
1716 555 1884 607 πάλαι

2003 553 2348 617 :ogebantur,
2386 540 2562 622 usque
2612 540 2752 605 adeo
2805 551 3062 606 libertate
3113 559 3168 606 et
3201 551 3389 619 aliquo
3437 551 3563 605 imle

308 644 603 715 τεθνήκασι
639 644 813 716 ταύτῃ
865 646 933 715 τῇ
982 646 1151 715 ἀγρᾳ.
1199 646 1305 697 Καί
1345 663 1427 708 τις
1477 646 1588 697 τῶν
1619 644 1885 714 Θεοδοσίῳ

310 737 801 808 στρατευσαμένων
823 735 1103 792 ἐνέπεσεν.
1122 734 1211 797 Ὠς
1240 734 1284 787 δ’
1320 733 1521 805 ἣκιστα
1551 735 1726 802 τούτῳ
1766 752 1889 787 συν-

309 829 631 899 εχωρεῖτοή
678 827 879 891 ἔξοδος,
910 827 1056 881 καθὰ
1090 827 1154 899 δὴ
1186 827 1252 879 τὰ
1283 828 1376 879 καὶ
1411 829 1526 890 τοῖς
1559 827 1789 892 λοιποῖς,
1829 826 1889 878 τὸ

311 923 464 990 παρά
517 919 626 971 τῶν
684 919 877 989 μηρῶν
934 919 1256 989 ῂωρημένον
1309 917 1463 987 ξίφος
1514 919 1885 987 σπασάμενος,

310 1014 437 1074 τοὺς
476 1012 773 1081 ἐπέχοντας
806 1011 1153 1082 διεχρήσατο.
1183 1013 1245 1065 Ol
1273 1010 1317 1064 δ’
1349 1012 1521 1075 ἄλλοι,
1553 1012 1660 1063 δέει
1690 1009 1784 1063 τοῦ
1812 1011 1889 1079 μὴ

310 1104 378 1156 τά
426 1103 519 1156 ἷσα
556 1102 769 1165 παθεῖν,
807 1104 1151 1174 συνεχώρουν
1196 1102 1391 1173 ἐκείνῳ
1439 1103 1539 1171 τὴν
1572 1090 1774 1166 ἔξοδον.
1822 1103 1891 1153 "A

309 1196 452 1264 δῆτα
504 1195 694 1264 μαθὼν
741 1195 1046 1259 Θεοδόσιος,
1078 1195 1203 1256 τοὺς
1255 1196 1354 1264 μὲν
1405 1194 1626 1247 κολάσει
1669 1194 1886 1263 ὑπῆγε·

311 1290 439 1351 τοὺς
467 1289 526 1340 δέ
567 1286 895 1357 λῃστρικοὺς
926 1285 1167 1341 ἐκείνους
1206 1284 1391 1349 οῐκους
1432 1287 1528 1338 καὶ
1558 1285 1627 1339 τά
1664 1284 1890 1355 πορνεῖα

312 1385 377 1436 ἐκ
416 1380 632 1451 βάθρων
684 1379 975 1450 ἀνέτρεπε.
1021 1378 1237 1447 Ταύτην
1290 1379 1422 1447 μίαν
1479 1376 1745 1447 αἰσχύνην
1790 1378 1891 1447 τῆς

315 1471 713 1542 βασιλευούσης
762 1472 871 1529 τῶν
919 1471 1129 1524 πόλεων
1186 1469 1463 1540 περιεῖλεν
1501 1471 1529 1523 ὀ
1566 1470 1847 1532 Θεοδόσιος
1875 1484 1892 1500 ⁶

314 1564 509 1633 ἑτέραν
527 1563 584 1615 δέ
603 1563 760 1632 τήνδε
782 1579 795 1593 ⁸
828 1561 896 1615 Εἴ
922 1576 1049 1614 ποτε
1070 1562 1316 1631 μοιχείας
1349 1562 1512 1616 πάθει
1534 1561 1671 1632 γυνὴ
1690 1561 1893 1614 ἀλοῦσα

1991 646 2166 699 reditu
2222 656 2441 717 negato,
2475 654 2538 699 ut
2583 643 2883 700 necessarii
2923 652 2978 698 et
3024 642 3321 713 propinqui
3368 631 3560 714 eorum

1987 730 2308 804 jamdudum
2361 750 2462 791 eos
2510 734 2638 789 fatis
2689 736 3456 803 concessisse.opinarentur.
3502 736 3562 791 in

1991 826 2132 880 lianc
2187 826 2498 896 decipulam
2553 825 2776 896 quidam
2829 827 2996 883 etiam
3049 826 3351 883 Theodosii
3406 820 3567 884 miles

1991 915 2213 972 incidit.
2247 917 2427 986 Atque
2460 917 2552 972 ubi
2594 917 2680 970 .illi
2716 918 2957 988 quoque,
2991 918 3157 973 sicuti
3205 928 3263 973 et
3312 919 3566 989 reliquis,

1990 1007 2143 1065 abire
2193 1009 2323 1064 inde
2377 1024 2487 1064 non
2538 1009 2978 1078 permitteretur;
3032 1010 3233 1074 stricto
3284 998 3448 1081 quem
3500 1012 3568 1065 ad

1993 1094 2174 1150 femur
2206 1111 2537 1166 suspensum
2570 1098 2796 1177 gerebat
2827 1113 2983 1163 ense,
3020 1114 3117 1154 eos
3147 1100 3243 1177 qui
3270 1091 3329 1154 se
3363 1087 3570 1156 retine-

1994 1184 2150 1252 bant,
2180 1172 2483 1242 interemit.
2514 1188 2584 1243 Et
2613 1174 2731 1253 alii,
2764 1205 2834 1245 ne
2866 1189 3011 1245 idem
3041 1176 3384 1260 paterentur,
3423 1188 3569 1248 metu

1993 1270 2305 1358 conterriti,
2340 1277 2496 1359 abire
2543 1293 2670 1333 eum
2715 1287 2844 1334 sunt
2880 1282 3053 1350 passi.
3089 1280 3222 1352 Eam
3263 1297 3379 1359 rem
3423 1280 3572 1352 pest-

1994 1381 2158 1436 quam
2193 1354 2542 1424 Theodosius
2572 1366 2851 1443 cognovit,
2891 1388 3127 1443 nequam
3163 1373 3289 1429 illos
3322 1354 3573 1442 homines

1996 1450 2286 1527 suppliciis
2317 1450 2589 1522 subdidit,
2620 1463 3055 1535 praedonumque
3085 1452 3329 1521 latebras
3366 1468 3487 1540 illas
3519 1479 3572 1521 et

1994 1540 2283 1619 lupanaria
2342 1567 2411 1606 ex
2472 1546 2846 1610 fundamentis
2906 1557 3043 1625 ipsis
3105 1548 3325 1623 eirertit'.
3391 1561 3572 1630 Atque

312 1654 530 1724 ἔτυχεν,
561 1655 661 1706 οὐκ
693 1657 903 1724 ἐκκοπῇ
945 1653 1043 1724 τῆς
1072 1653 1404 1724 ἀμαρτάδος,
1435 1654 1572 1707 ἀλλὰ
1600 1654 1891 1725 προσθήκῃ

2003 1655 2162 1695 unam
2193 1642 2415 1715 quidem
2445 1643 2587 1699 hanc
2618 1644 2920 1700 foeditatem
2957 1647 3011 1702 in
3044 1649 3294 1720 principe
3323 1651 3460 1706 urbe
3491 1654 3574 1707 sic

318 1747 523 1816 μᾶλλον
554 1746 651 1815 τῆς
675 1745 944 1816 ἀκρασίας
969 1743 1355 1815 τὴντιμωρίαν
1376 1742 1638 1816 Ῥωμαῖοι
1660 1745 1888 1813 ἐπῆγον·

319 1836 640 1907 βραχυτάτῳ
667 1837 775 1907 γὰρ
808 1836 1038 1904 οἰκίσκῳ
1064 1836 1161 1904 τὴν
1191 1835 1590 1906 ἀμαρτήσασαν
1615 1835 1893 1905 περικλεί-

316 1944 493 1993 οντες,
524 1926 697 1980 ἔπειτ’
732 1925 963 1989 ἀναιδῶς
1013 1926 1140 1978 εῐων
1167 1924 1244 1994 τῷ
1278 1923 1594 1995 βουλομένῳ
1634 1924 1733 1991 τὴν
1761 1924 1891 1977 ἀκό-

314 2019 514 2073 λαστον
545 2018 739 2087 ἡδονὴν
764 2016 1094 2087 ἐκπληροῦν.
1129 2017 1238 2069 Καὶ
1265 2016 1325 2068 τὸ
1351 2016 1416 2084 δὴ
1453 2014 1633 2087 πάσης
1662 2012 1891 2077 ἀτοπίας

314 2111 595 2174 ἐπέκεινα,
650 2108 732 2160 ὃτι
790 2104 887 2160 καὶ
938 2106 1194 2167 κώδωνας
1258 2100 1557 2177 ἀπῃὼρουν
1603 2104 1744 2159 κατὰ
1802 2103 1894 2156 τὸν

317 2200 516 2270 καιρὸν
532 2200 631 2270 τῆς
652 2197 963 2266 ἀκαθάρτου
991 2194 1367 2266 μίξεωςδῶστε
1389 2196 1706 2266 σειομένους
1722 2195 1842 2266 ἠχεῖ
1858 2215 1891 2257 ι,

317 2295 408 2347 ἵνα
441 2293 519 2363 μὴ
563 2291 702 2362 λάθη
737 2291 864 2352 τοὺς
897 2291 1033 2342 ὅπου
1064 2288 1128 2359 δή
1164 2300 1296 2341 ποτε
1334 2289 1634 2359 παριόντας
1670 2287 1737 2371 τὸ.
1758 2284 1898 2371 δρώλι

318 2399 505 2453 μενον,
560 2380 698 2435 ἀλλά
748 2381 814 2450 τῇ
848 2378 957 2434 τῶν
987 2379 1253 2434 κωδώνων
1293 2380 1399 2448 ἠχῇ
1436 2380 1468 2449 ἡ
1521 2377 1640 2447 μεθ’
1688 2366 1896 2449 ὕϐρεως

314 2474 560 2547 τιμωρία
608 2473 947 2545 γνωρίζοιτο.
977 2476 1080 2529 Ἦν
1128 2474 1223 2528 καὶ
1259 2475 1467 2544 ταύτην
1521 2468 1822 2543 πυθόμενος
1870 2464 1923 2523 δ

318 2570 769 2639 σωφρονέστατος
799 2568 900 2621 οὐκ
925 2567 1124 2637 ἤνεγκε
1159 2566 1415 2636 βασιλεύς
1437 2582 1454 2600 σ
1493 2566 1627 2620 ἀλλὰ
1658 2567 1751 2621 καὶ
1770 2565 1900 2619 ταύ-

319 2677 424 2729 την
488 2657 588 2729 τὴν
643 2657 835 2728 ἀναιδῆ
893 2656 1182 2727 συνήθειαν
1226 2653 1640 2723 ἐξηφάνιζε,τά
1674 2648 1899 2722 σεῖστρα

326 2751 682 2805 παντάπασιν
710 2749 1002 2818 ἀφανίσας.
1030 2747 1189 2802 Οὕτω
1218 2749 1327 2818 γὰρ
1356 2747 1423 2801 τὰ
1445 2747 1530 2815 ἐφ’
1563 2744 1716 2817 ’ύὸρει
1751 2749 1903 2817 οἰκή-

331 2843 482 2916 ματα
519 2830 703 2897 ἐκεῖνα
736 2841 966 2895 ἐκάλουν
988 2857 1004 2873 ·
1038 2842 1219 2904 ἄλλοις
1246 2841 1304 2894 δέ
1356 2842 1541 2908 νόμοις
1577 2831 1900 2896 ὑποκεῖσθαι

326 2935 425 2998 τὰς
454 2933 630 2995 οὕτως
664 2932 902 2995 ἁλούσας
940 2932 1272 3001 ἐνομοθέτει.
1299 2930 1420 2985 Τῶν
1451 2932 1549 3000 μὲν
1574 2930 1669 2984 δύο
1695 2931 1901 2984 τούτων

1995 1726 2345 1790 Theodosius
2395 1737 2644 1792 sustulit.
2702 1739 2944 1793 Alteram
3006 1750 3190 1797 autem
3239 1744 3391 1809 illam
3445 1734 3461 1799 ξ
3514 1748 3571 1800 Si

1995 1828 2216 1898 quando
2274 1829 2477 1884 mulier
2536 1831 2590 1885 in
2651 1832 2925 1887 adulterio
2982 1837 3572 1904 comprehenderetur,

1995 1935 2105 1975 non
2144 1922 2480 1978 euercitione
2532 1923 2805 1990 criminis,
2863 1927 2977 1999 sed'
3020 1928 3206 1997 potius
3245 1930 3573 1984 accenSione

1996 2009 2267 2078 libidinis,
2298 2012 2528 2067 Romani
2551 2015 2605 2069 in
2629 2029 2749 2069 eam
2764 2016 3301 2088 animadvertebant.
3337 2018 3575 2075 Donum-

1998 2099 2136 2154 culae
2193 2101 2341 2155 enim
2397 2100 2583 2168 ποιαί,
2620 2119 2742 2173 quae
2796 2105 3133 2162 adulterium
3182 2096 3572 2176 commisisset.

1998 2188 2304 2257 inclusam,
2352 2186 2703 2263 impudenter
2745 2178 2946 2251 deinde
2992 2197 3350 2267 impotentem
3392 2203 3575 2272 cujus-

2000 2280 2136 2336 libet
2167 2275 2502 2365 voluptatem
2549 2295 2606 2340 et
2642 2289 3004 2357 petulantiam
3039 2292 3260 2365 explere
3292 2282 3575 2363 permitte-

1998 2369 2154 2428 bant.
2187 2374 2253 2429 Et
2284 2359 2432 2445 quod
2479 2367 2697 2432 omnem
2745 2359 3425 2448 excedhabsbrditatem,
3461 2390 3571 2443 titt-

2000 2464 2283 2521 tinnabula
2327 2458 2433 2522 sibi
2482 2462 2730 2527 homines
2778 2464 3084 2541 libidinosi,
3121 2475 3322 2546 impuri
3371 2488 3574 2535 eoucu-

2003 2558 2151 2613 bitus
2199 2570 2444 2631 tempore
2495 2564 3008 2631 accommodabant,
3052 2576 3114 2622 ut
3159 2554 3432 2627 commota
3483 2575 3572 2628 illa

2003 2663 2348 2720 resouarcnt,
2390 2664 2445 2708 et
2492 2665 2891 2724 przetereuntes
2936 2659 3380 2733 quandocunque
3425 2664 3576 2735 ﬂagi-

2003 2745 2140 2798 tium
2179 2754 2391 2801 tantum
2427 2764 2535 2802 non
2580 2748 2798 2817 lateret,
2830 2752 2925 2807 sed
2963 2753 3147 2822 potius
3174 2755 3575 2813 tintinnabula.

2002 2832 2124 2890 rum
2159 2839 2342 2892 sonitu
2385 2855 2544 2909 poena
2590 2841 2681 2896 illa
2728 2858 2852 2898 cum
2904 2842 3102 2914 injuria
3149 2855 3204 2901 et
3245 2847 3576 2905 e'ontumelia

2003 2928 2297 2997 conjuncta
2339 2924 2698 2986 indicaretur.
2730 2930 2902 3011 Quam
2938 2918 2992 2987 et.
3030 2933 3199 3003 ipsam
3238 2936 3330 2991 ubi
3376 2953 3579 3009 cogno-

324 3024 674 3095 ἐφυδρίστων
691 3021 993 3092 συνηθειῶν
1010 3022 1040 3073 ὁ
1058 3021 1330 3084 θειότατος
1357 3012 1617 3088 βασιλεὺς
1638 3021 1735 3091 τὴν
1770 3012 1899 3076 Ῥωο

2008 3020 2105 3084 vit,
2132 3021 2523 3090 pudicissimus
2547 3037 2657 3076 non
2697 3023 2825 3077 tulit
2855 3023 3173 3094 imperator,
3209 3028 3304 3083 sed
3333 3039 3440 3084 tam
3479 3032 3582 3085 im.
3611 3074 3617 3081 .

329 3118 509 3186 μαίων
568 3114 723 3169 πόλιν
767 3110 1048 3182 ἀπήλλαξε
1072 3127 1088 3144 ο
1127 3114 1304 3164 πάντα
1332 3112 1389 3164 δὲ
1419 3114 1901 3183 καταστησάμενος

324 3209 403 3271 ὥς
447 3206 642 3279 χρεὼν,
695 3208 762 3276 τῇ
813 3204 913 3274 μὲν
952 3204 1142 3275 Ῥώμῃ
1171 3203 1263 3256 τὸν
1316 3204 1763 3259 Οὐαλεντινιανδν
1805 3206 1903 3277 τὴν

328 3301 610 3372 βασιλείαν
640 3299 816 3351 ἐκεῖσε
853 3297 1063 3350 διέπειν
1109 3298 1320 3365 ἀφῆκεν
1346 3312 1360 3327 ο
1391 3297 1554 3359 αὐτὸς
1593 3294 1651 3348 δέ
1685 3294 1904 3367 σύναμα

326 3395 409 3464 τῷ
472 3394 628 3447 παιδὶ
700 3390 944 3462 Ὀνωρίῳ
1008 3389 1090 3452 είς
1155 3389 1255 3457 τὴν
1324 3387 1905 3442 Κωνσταντινούπολιν

329 3483 489 3559 ἦλθε.

2007 3103 2302 3180 pudentem
2350 3122 2405 3166 et
2463 3112 2758 3168 obscenam
2818 3119 3274 3175 consuetudinem
3320 3124 3580 3178 abolevit.

2004 3202 2138 3258 Nam
2172 3194 2227 3258 ei
2267 3191 2429 3258 sistra
2465 3205 2562 3274 (ita
2596 3207 2742 3259 enim
2790 3212 2912 3278 qua!
2948 3210 3016 3263 ad
3060 3219 3264 3266 tantam
3297 3225 3581 3270 contume-

2012 3297 2142 3351 liam
2206 3309 2502 3353 cxstructte
2576 3309 2737 3353 erant
2797 3301 3145 3359 dontunculte
3209 3306 3581 3378 vocabantur)

2009 3383 2235 3444 omnino
2271 3388 2490 3451 evertit,
2519 3397 2575 3443 ct
2614 3390 2894 3445 adulteras
2928 3394 3159 3448 aliarum
3201 3396 3380 3465 legum
3419 3413 3579 3452 coer-

2011 3482 2313 3536 citionibus
2360 3480 2759 3537 constitutione
2797 3483 2905 3538 lata
2941 3485 3020 3553 (l)
3066 3486 3319 3556 subjecit.
3359 3489 3582 3545 Duabus

334 3586 492 3639 hisce
521 3582 857 3639 contumelia
889 3580 1067 3651 plenis
1133 3576 1633 3635 consuetudinibus
1666 3577 2041 3634 divinissimus
2105 3578 2401 3663 imperator
2468 3579 2660 3633 urbem
2731 3580 2960 3635 Romam
3007 3581 3280 3637 liberavit.
3318 3583 3381 3638 Et
3419 3584 3582 3641 rebus

329 3678 595 3733 omnibus
639 3686 789 3731 recte
827 3675 1163 3740 constitutis,
1199 3674 1429 3730 Romam
1462 3677 1685 3746 quidem
1753 3685 1809 3730 et
1879 3674 2170 3749 imperium
2234 3674 2589 3743 Occidentale
2661 3675 3042 3732 Valentiniano
3084 3677 3578 3737 administrandum

332 3776 561 3845 reliquit
592 3793 609 3830 :
641 3776 760 3845 ipse
790 3791 924 3832 vero
951 3791 1075 3832 cum
1108 3775 1354 3833 ilonoriu
1383 3774 1498 3829 lilio
1523 3771 2052 3842 Constantinopolim
2088 3780 2168 3826 est
2224 3786 2498 3839 reversus.

914 3914 1163 3971 ΚΕΦΑΔ.
1199 3915 1322 3971 Ki".

329 4011 473 4079 Περὶ
500 4009 609 4076 τῆς
643 4009 967 4078 ισαγγέλου
993 4009 1297 4074 πολιτείας
1327 4009 1636 4079 ’ᾼρσενίου
1656 4009 1763 4063 τοῦ
1785 4014 1902 4065 Με-

335 4101 343 4107 ·
406 4077 598 4219 ᾖ·ωοῖ
618 4097 631 4110 ’
657 4079 721 4144 ὃς
756 4077 877 4133 τῶν
900 4080 1221 4144 ,Βασιλέων
1265 4077 1636 4143 διδάσκαλος
1690 4086 1902 4147 πρότε-

396 4167 516 4217 ρον
538 4170 559 4205 1
580 4166 637 4203 ν.

2576 3898 2801 3987 QAPUT
2843 3898 3030 3978 XXIII.

2016 4007 2097 4060 De’
2120 4006 2355 4078 angelica
2388 4011 2591 4064 Arsem’i
2617 4012 2795 4082 Magni
2830 4016 2971 4090 rita‘,
3001 4014 3091 4083 qui
3115 4027 3273 4072 antea
3298 4020 3581 4090 imperato-

2218 4094 2222 4098 ‘
2466 4095 2585 4133 rum
2614 4092 2904 4152 prwceptor
2925 4085 3117 4153 fuerat.

406 4268 568 4319 Κατὰ
593 4265 649 4318 δέ
682 4263 871 4318 τοῦτον
895 4263 990 4317 τὸν
1026 4265 1237 4334 χρόνον,
1265 4265 1290 4316 ὁ
1325 4262 1580 4334 βασιλεὺς
1600 4258 1712 4327 τοῖς
1751 4266 1900 4317 παισὶ

2080 4259 2245 4330 266
2275 4259 2390 4316 Sub
2423 4261 2570 4316 idem
2600 4275 2838 4335 tempus,
2873 4267 3193 4337 imperator,
3230 4272 3426 4330 liberis
3463 4279 3587 4333 suis

328 4357 656 4413 διδάσκαλον
703 4358 906 4426 ἀρετῆς
970 4357 1266 4425 ἐπιστῆσαι
1316 4356 1572 4425 θελήσας,
1634 4348 1907 4425 ’Ᾱρσένιον

329 4454 546 4505 ἐκετιον
567 4445 628 4504 οὗ
676 4450 737 4502 τὸ
760 4450 913 4510 κλέος
939 4450 1041 4517 τῆς
1092 4450 1295 4519 ἀρετῆς
1326 4451 1406 4511 είς
1441 4447 1624 4502 πᾶσαν
1651 4448 1907 4518 διέδραμε

329 4538 438 4606 τὴν
477 4536 570 4589 ὑπ’
601 4534 833 4606 οὐρανὸν
854 4536 1131 4605 εὑρηκὼς,
1160 4535 1460 4604 ἐγχειρίζει
1483 4537 1704 4596 τούτους
1738 4537 1906 4603 αὐτῷ.

334 4630 453 4684 Καὶ
488 4630 546 4691 ὃς
605 4629 730 4693 τοὺς
789 4629 983 4692 παῖδας
1041 4626 1386 4693 καταλαϐὼν,
1418 4628 1635 4697 ἁπάσης
1665 4624 1908 4688 παιδείας

331 4720 666 4790 καθηγητὴς
736 4718 1086 4789 ἐγνωρίζετο,
1158 4719 1483 4788 ἐλευθερίως
1531 4718 1766 4783 ἀνάγων,
1814 4717 1908 4768 καὶ

332 4811 552 4877 πατρὸς
578 4809 777 4877 τρόπον
817 4810 1027 4877 ἐπέ-(ων
1066 4810 1249 4871 αὐτοῖς
1274 4824 1289 4839 ⁶
1343 4808 1477 4881 μηδέ
1540 4808 1649 4875 γὰρ
1682 4807 1912 4859 δεδιέναι

333 4902 403 4953 τὸ
433 4900 532 4969 τῆς
562 4900 836 4970 βασιλείας
858 4900 991 4970 bal/0;
1012 4901 1205 4970 ἐκείνῳ
1229 4900 1527 4970 παρηγγύα
1558 4902 1587 4950 ὁ
1611 4900 1912 4963 Θεοδόσιος,

334 4991 578 5044 ἀλλ’ὃσα
610 4994 706 5045 καὶ
733 4992 942 5056 δούλοις
973 4993 1158 5054 αὐτοῖς
1188 4993 1443 5062 χρῆσθαι.
1482 4994 1540 5043 ’0
1570 4992 1627 5043 δὲ
1654 4995 1717 5061 τῇ
1744 4992 1913 5059 πολλῇ

339 5085 785 5156 μετριιοφροσύνῃ
845 5086 1164 5139 τούναντίον
1209 5085 1411 5155 μᾶλλον
1470 5085 1641 5137 ἐποίει
1669 5098 1682 5113 °
1714 5083 1787 5144 dt;
1820 5085 1915 5136 καί

336 5192 481 5228 ποτε
520 5177 611 5229 τὸν
684 5176 931 5246 βασιλέα,
990 5178 1248 5248 ἐξαπίνης
1315 5176 1555 5229 εἰσιόντα
1586 5175 1678 5227 τὸν
1726 5175 1911 5243 δόμον,

336 5270 531 5338 εὑρεῖν
560 5270 659 5338 μὲν
681 5273 924 5333 ἐκείνους
957 5271 1203 5340 σοὸαρῶς
1239 5267 1719 5339 προκαθημένους.
1749 5268 1842 5318 τὸν
1870 5265 1915 5317 δ’

354 5358 635 5431 Ἀρσὲνιον
655 5360 888 5422 ἑστῶτα,
911 5363 1005 5413 καὶ
1029 5363 1125 5431 τὴν
1146 5359 1496 5414 διδασκαλίαν
1515 5357 1914 5427 προσφέρονταο

337 5452 725 5522 χαλεπήναντα
777 5454 822 5506 δ’
888 5453 985 5506 ἐπὶ
1020 5454 1196 5521 τούτῳ
1251 5452 1341 5504 τὸν
1382 5450 1630 5520 βασιλέα,
1682 5448 1919 5517 ψιλῶσαι

344 5543 451 5613 μέν
475 5545 716 5609 ἐκείνους
747 5546 856 5599 τῶν
891 5547 1242 5617 παρασήμων
1262 5562 1279 5579 ·
1312 5546 1374 5597 τὸ
1404 5543 1450 5595 δ’
1476 5544 1721 5611 ἀοίδιμον
1745 5542 1920 5594 ἐκεῖνο

2012 4353 2236 4407 virtutis
2285 4353 2607 4423 magistrum
2645 4357 2927 4426 przellrere
2968 4361 3186 4427 volens,
3215 4364 3447 4422 Arsenio
3478 4370 3578 4429 illi,

2011 4442 2169 4512 cujus
2204 4442 2376 4512 gloria
2398 4453 2597 4498 terram
2627 4447 2730 4499 s‘ub
2758 4447 2874 4502 sole
2905 4447 3124 4505 omnem
3152 4466 3447 4523 pervagata
3470 4470 3578 4518 est,

2012 4534 2261 4596 invento,
2292 4551 2388 4589 eos
2416 4537 2691 4591 commisit
2724 4555 2740 4593 :
2774 4540 2977 4608 quibus
3004 4541 3096 4596 ille
3125 4549 3419 4614 susceptis,
3455 4564 3578 4601 cum

2012 4625 2301 4694 disciplina
2352 4629 2499 4681 omni
2544 4632 2921 4699 praeceptoris,
2956 4640 3069 4685 tum
3120 4632 3329 4688 liberali
3379 4639 3583 4689 ρίιυαςιο

2017 4718 2163 4770 tione
2197 4719 2370 4786 patris
2417 4720 2523 4772 illis
2556 4722 2677 4775 loco
2717 4722 2841 4777 fuit.
2878 4724 3178 4793 Imperator
3207 4742 3353 4779 enim
3403 4730 3580 4787 illum.

2018 4824 2272 4878 nequem
2307 4827 2371 4865 ex
2408 4811 2621 4880 imperii
2647 4816 2986 4871 sublimitate
3007 4819 3325 4888 conciperet
3352 4835 3580 4883 metum,
3628 4881 3632 4883 λ

2016 4901 2110 4954 sed
2159 4901 2267 4954 illis
2317 4902 2497 4969 potius
2543 4913 2601 4957 ut
2648 4906 2825 4960 servis
2877 4915 3147 4976 uteretur,
3197 4913 3580 4965 adtnonuerat.

2017 4983 2250 5042 Tantum
2290 5005 2444 5057 vero,
2495 5003 2554 5044 ut
2594 4993 2645 5046 id
2681 4994 2770 5047 ille
2809 4995 3027 5061 fecerit,
3075 5001 3254 5065 abest,
3291 4989 3348 5055 ut
3383 5003 3580 5070 insigni

2019 5082 2283 5137 modestia
2312 5093 2365 5136 et
2405 5086 2784 5142 moderatione
2830 5088 3112 5145 diversum
3148 5095 3334 5162 potius
3366 5092 3580 5151 fecerit.

2018 5177 2084 5230 Et
2114 5191 2236 5228 cum
2287 5180 2585 5250 derepente
2638 5181 2983 5241 Theodosius
3022 5187 3087 5241 ad
3139 5205 3235 5242 eos
3286 5189 3586 5259 aliquando

2021 5268 2279 5332 venisset,
2308 5285 2511 5337 pueros
2541 5275 2765 5342 quidem
2794 5292 2918 5331 cum
2965 5280 3258 5349 splendore
3292 5283 3587 5350 magniﬁco

2019 5360 2392 5425 considentes,
2426 5362 2721 5418 Arsenium
2753 5378 2935 5422 autem
2976 5371 3121 5425 inter
3149 5370 3461 5426 ducendum
3502 5373 3586 5426 eis

2021 5460 2294 5506 astantem
2342 5457 2567 5522 reperit.
2616 5457 2731 5523 Qua
2781 5461 2848 5513 de
2900 5476 3060 5517 causa
3109 5464 3409 5535 imperator
3439 5466 3588 5519 indi-

2022 5552 2249 5614 gnatus,
2291 5558 2414 5597 eum
2445 5547 2572 5602 illos
2611 5550 2923 5620 insignibus
2963 5553 3370 5626 principalibus
3408 5554 3587 5612 nuda.

428 5688 504 5759 (fl)
545 5689 786 5757 Quatuor
817 5691 936 5760 ejus
951 5690 1372 5748 constitutiones
1393 5694 1607 5741 exstant
1637 5685 1690 5738 in
1725 5683 1784 5739 C.
1812 5684 1914 5739 sub
1954 5686 2038 5741 tit.
2068 5687 2165 5740 Ad.
2204 5687 2302 5755 lt’q.
2332 5688 2443 5745 Jul.
2483 5654 2545 5744 de
2576 5691 2749 5747 adult.
