3936 6206
338 330 441 395 817

1262 294 2299 398 εςςιΕειΑετιοιιωιεΤοιιιίτ
2343 337 2490 396 LIB.
2534 334 2672 397 XII.

3467 342 3576 399 818

335 446 569 516 κριθεὶς,
607 446 817 501 ἐκεῖθεν
847 448 997 517 ἥκων
1027 449 1322 516 προΐστατο
1356 451 1455 518 τῆς
1485 453 1774 521 αἱρέσεως.
1816 453 1902 506 Ἐν

2012 461 2291 517 praesset,
2321 451 2535 507 electus
2567 452 2773 515 fuerat,
2806 456 3066 520 tanquam
3097 449 3191 506 illo
3236 448 3303 507 ad
3342 448 3391 504 id
3446 466 3570 503 mu-

332 536 388 591 δὲ
412 537 594 608 τοῦτῳ
614 540 708 593 καὶ
737 539 1003 594 Παυλίνου
1033 540 1089 591 ἐν
1126 540 1429 612 Ἀντιοχείᾳ
1452 542 1901 613 τελευτήσαντος,

332 629 381 681 οί
410 628 503 681 ὑπ’
532 628 733 699 ἐκείνῳ
762 629 1083 698 ταττόμενοι
1115 631 1223 700 ἰδία
1254 631 1417 684 πάλιν
1450 632 1549 695 τὰς
1582 633 1903 702 συναγωγὰς

338 717 644 783 ἐποιοῦντο,
667 718 758 770 τὸν
781 718 1086 772 Φλαϐιανδν
1120 722 1538 790 ἐκτρεπόμενοι,
1570 723 1665 776 ἅτε
1690 724 1755 795 δὴ
1777 724 1901 787 τοὺς

337 807 426 857 ἐπὶ
466 806 718 875 Μελετίῳ
775 808 1178 878 γεγενημένους
1230 810 1448 879 ὅρκους,
1513 814 1591 881 μὴ
1627 813 1904 879 προσῆκον

332 899 413 965 ὃν,
448 901 787 968 παραϐάντα,
824 902 1025 973 καίπερ
1070 903 1221 957 οὐδὲν
1251 906 1382 972 περὶ
1423 905 1484 958 τὸ
1512 906 1689 976 δόγμα
1719 906 1908 975 διαφε-

333 992 575 1057 ρῗμενοι.
623 992 893 1062 Εὖάγριον
939 992 996 1045 δέ
1024 1011 1143 1047 τινα
1193 995 1336 1061 μετά
1380 990 1556 1051 ταῦτα
1597 999 1666 1067 τῇ
1709 997 1907 1051 Παυλί-

333 1098 426 1132 νο)
462 1080 679 1150 διαδοχῇ
707 1081 1028 1139 καθιστῶσι.
1056 1085 1165 1138 Τοῦ
1197 1085 1253 1139 δὲ
1276 1086 1452 1158 βραχύ
1484 1106 1537 1142 τι
1572 1087 1906 1141 ἐπιϐιώσαν-

331 1189 446 1233 τος,
485 1172 740 1241 οὐδαμῶς
769 1173 958 1243 ἕτερος
992 1175 1071 1238 εἰς
1100 1177 1190 1230 τὸν
1217 1177 1428 1232 ἑκείνου
1452 1178 1619 1233 τόπον
1642 1180 1905 1249 κατέστη,

330 1262 637 1315 Φλαϐιανοῦ
664 1266 1144 1333 ἀντιπράττοντος.
1175 1266 1334 1322 Ὅσοι
1375 1269 1433 1321 δὲ
1476 1268 1574 1339 τὴν
1600 1269 1735 1339 πρὸς
1767 1270 1906 1322 otia.

336 1355 523 1406 ϐιανὸν
593 1356 883 1409 κοινωνίαν
938 1355 1314 1424 ἐξετρέποντο,
1370 1358 1477 1428 ἰδίᾳ
1542 1358 1905 1429 συναγόμενοι

332 1444 717 1513 ἐκκλησίαζον.
763 1446 823 1500 Ὀ
854 1446 956 1515 μὲν
980 1447 1086 1515 γὰρ
1121 1449 1380 1512 Παυλῖνος
1403 1449 1697 1521 ὲϐουλήθη,
1730 1450 1906 1504 Μελε·

331 1536 447 1589 τξου
485 1536 764 1600 θανόντος,
804 1539 903 1606 τὴν
936 1540 1034 1607 τῆς
1072 1541 1404 1612 Ἐκκλησίας
1442 1543 1664 1598 ἅπασαν
1697 1545 1906 1612 ἡγεμο-

330 1628 451 1680 νίαν
496 1628 715 1682 λαϐεῖν·
749 1630 1003 1698 ἀντέλεγε
1052 1633 1109 1686 δὲ
1143 1635 1170 1686 ό
1211 1634 1324 1687 τῶν
1370 1634 1566 1704 ἱερέων
1596 1636 1778 1705 χορὸς,
1830 1636 1907 1706 μὴ

335 1720 539 1790 χρῆναι
567 1720 836 1788 λεγόντων
886 1724 977 1776 τὸν
1008 1721 1086 1793 μὴ
1120 1722 1220 1785 τὰς
1274 1722 1541 1778 Μελετίου
1592 1723 1908 1795 συμϐουλὰς

2009 556 2115 595 nus
2155 541 2472 596 obeundum
2510 542 2682 612 magis
2730 540 2982 607 idoneus,
3029 539 3565 609 ConstantinOpolim

2009 633 2140 689 inde
2183 635 2357 696 venit,
2402 644 2459 688 et
2498 645 2664 689 secta
2705 649 2819 689 sua
2852 632 3049 703 praiit.
3084 632 3303 695 interea
3345 631 3576 686 Paulino

2007 739 2226 795 quoque
2255 724 2559 779 Antiochia
2589 724 2872 789 defuncto,
2905 723 2998 793 qui
3030 723 3411 777 auctoritatem
3457 722 3576 789 ejus

2006 824 2061 868 et
2093 814 2338 884 auspicia
2375 816 2551 870 secuti
2582 825 2762 877 erant,
2795 829 2925 879 suos
2955 814 3060 868 sibi
3097 822 3425 875 conventus,
3454 813 3577 866 Fla-

2006 909 2231 962 vianum
2258 917 2602 968 aversantes.
2633 921 2816 975 egere,
2860 906 3029 961 veluti
3061 907 3156 974 qui
3184 905 3571 976 jusjurandum

2011 996 2227 1051 Meletio
2285 997 2589 1066 prastitum
2645 995 2827 1048 minus
2877 995 3139 1056 decenter
3186 1004 3241 1050 et
3296 995 3576 1064 illegitime

2007 1088 2272 1143 violasset
2299 1106 2312 1141 :
2340 1103 2465 1142 cum
2502 1087 2723 1157 quidem
2757 1086 2833 1140 illi
2866 1085 2935 1140 de
2964 1086 3222 1155 dogmate
3248 1086 3384 1139 nihil
3412 1085 3480 1140 ab
3511 1100 3577 1140 eo

2009 1180 2363 1234 dissiderent.
2422 1178 2713 1246 Evagrium
2769 1186 2956 1231 autem
3011 1176 3309 1245 quemdam
3382 1184 3575 1246 postea

2008 1269 2237 1325 Paulino
2270 1270 2660 1339 subrogarunt.
2694 1268 2942 1339 Cumque
2977 1268 3024 1322 is
3055 1269 3120 1321 ad
3152 1269 3317 1322 breve
3360 1278 3576 1336 tempus

2009 1365 2431 1435 supervixisset,
2477 1363 2621 1419 alius
2656 1366 2713 1420 in
2754 1365 2937 1419 locum
2966 1364 3110 1433 ejus,
3143 1364 3405 1418 Flaviano
3434 1363 3575 1418 reni-

2011 1466 2182 1515 tente.
2225 1454 2563 1511 substitutus
2604 1471 2711 1509 non
2755 1464 2862 1510 est.
2906 1454 3009 1521 Qui
3061 1455 3231 1525 igitur
3265 1471 3294 1509 a
3331 1453 3575 1509 Flaviani

2009 1545 2394 1600 communione
2440 1544 2840 1610 abhorrebant,
2876 1544 3132 1610 seorsim,
3160 1544 3319 1599 sicuti
3366 1543 3574 1598 dictum

2008 1645 2115 1701 est,
2162 1645 2471 1691 conventus
2523 1636 2932 1691 ecclesiasticos
2980 1636 3354 1691 celebrarunt.
3411 1636 3577 1706 268

2013 1724 2280 1780 Paulinus
2324 1726 2567 1796 quidem,
2608 1726 2700 1780 ubi
2750 1726 3001 1780 Meletius
3047 1727 3303 1790 decessit,
3348 1716 3572 1781 univer-

331 1811 768 1883 προσδεξάμενον
821 1814 964 1884 μετὰ
1004 1790 1263 1885 τελευτὴν
1309 1816 1402 1869 τὸν
1433 1790 1902 1887 ἒκείνουνκλῆρον

2010 1832 2123 1870 sam
2156 1817 2416 1873 Ecclesia
2460 1818 3003 1873 administrationem
3056 1818 3344 1887 suscipere
3376 1819 3573 1872 voluit.

329 1905 534 1971 λαϐεῖν,
572 1905 688 1957 ἀλλ’
721 1906 928 1959 ἐκεῖνον
959 1905 1018 1969 ὃς
1070 1906 1287 1971 πολλοῖς
1320 1908 1505 1972 πόνοις
1555 1909 1655 1979 τὴν
1692 1911 1906 1963 ἐκείνου

327 1992 620 2062 διετήρησε
653 1991 917 2062 ποίμνην,
949 1995 1158 2047 ἐκεῖνον
1196 1995 1292 2049 καὶ
1323 1996 1432 2048 τῶν
1454 1996 1670 2050 ἐκείνου
1700 1997 1909 2066 προϐά-

325 2102 435 2135 των
461 2083 715 2151 γενέσθαι
742 2084 1004 2155 ποιμένα.
1057 2087 1122 2138 Ὀ
1162 2086 1248 2157 δὴ,
1275 2086 1351 2149 ώς
1389 2088 1631 2158 εἴρηται,
1686 2090 1799 2150 τοῖς
1845 2105 1904 2141 τε

341 2174 650 2248 Ἐσπερίοις
669 2178 761 2230 καὶ
788 2176 978 2248 Ἐῴοις
996 2178 1323 2248 δυσμένειαν
1345 2182 1694 2251 μακροτάτην
1715 2182 1904 2252 εἰργά-

326 2286 463 2324 σατο
484 2286 499 2303 ’
554 2269 603 2322 οἳ
654 2270 776 2324 οὐδὲ
807 2270 951 2341 μετά
980 2270 1071 2323 τὸν
1108 2270 1377 2325 Παυλίνου
1406 2271 1639 2326 θάνατον
1679 2274 1742 2326 τὸ
1763 2273 1903 2342 πρὸς

326 2361 542 2412 ἐκεῖνον
595 2361 974 2430 δυσμεναίνειν
1016 2362 1321 2416 ἀπέθεντο·
1357 2364 1493 2416 ἀλλὰ
1525 2366 1619 2417 καὶ
1645 2366 1787 2433 μετά
1813 2364 1905 2418 τὸν

327 2451 602 2521 Εὐάγριον
642 2452 926 2521 Φλαϐιανῴ
955 2455 1382 2525 χαλεπαίνοντες
1425 2450 1590 2525 ἦσαν,
1615 2459 1709 2510 καὶ
1736 2455 1905 2510 ταῦτα

324 2542 424 2595 τοῦ
453 2542 726 2614 Εὐαγρίου
785 2545 935 2613 παρά
988 2544 1165 2598 πάντα
1219 2544 1671 2614 ἐκκλησιαστικὸν
1701 2547 1906 2615 προϐε-

328 2634 602 2704 ϐλημένου
660 2634 899 2704 θεσμόνο
961 2636 990 2688 ό
1035 2635 1145 2703 γὰρ
1192 2635 1455 2699 Παυλῖνος
1511 2620 1671 2706 μόνος
1736 2637 1901 2690 αὑτὸν

335 2726 727 2795 προεϐάλλετο,
754 2726 986 2790 πολλοὺς
1009 2726 1242 2789 κανόνας
1275 2727 1356 2789 είς
1385 2727 1581 2781 ταυτδν
1608 2728 1901 2799 ἀθετήσας.

329 2817 476 2871 Οὔτε
506 2818 612 2888 γὰρ
664 2818 854 2888 ἕτερον
909 2817 1027 2887 ᾲνθ’
1061 2816 1259 2872 ἑαυτοῦ
1291 2819 1381 2871 τὸν
1413 2818 1757 2872 τελευτῶντα
1784 2836 1901 2888 χει-

330 2911 572 2981 ροτονεῖν
602 2911 901 2965 ἐνδιδόασιν
925 2927 939 2941 ·
974 2911 1050 2974 είς
1078 2909 1137 2963 ἓν
1162 2910 1221 2964 δὲ
1256 2911 1497 2965 συνιέναι
1527 2912 1767 2974 καὶτοὺς
1799 2911 1900 2981 τῆς

324 3003 601 3073 ὄπαρχίας
628 3001 873 3066 ἅπαντας
900 3002 1233 3067 ἐπισκόπους
1257 3005 1695 3074 διαγορεύουσιν.
1738 3004 1899 3058 ’Δλλά

2008 1909 2213 1963 Verum
2258 1910 2309 1963 ei
2357 1910 2711 1965 sacerdotum
2746 1910 2944 1964 restitit
2978 1919 3180 1965 coetus.
3213 1908 3393 1963 Minus
3426 1909 3572 1963 enim

2005 2002 2305 2057 convenire
2349 2000 2631 2064 dicebant,
2684 2010 2743 2055 ut
2787 2002 2856 2067 is,
2905 2009 3028 2070 post
3062 1999 3266 2055 Meletii
3317 2009 3574 2061 mortem,

2006 2093 2187 2148 locum
2224 2093 2374 2150 illius
2407 2094 2597 2149 sortiri
2632 2092 2884 2157 deberet,
2920 2093 3015 2162 qui
3044 2091 3271 2147 consilia
3326 2091 3447 2160 ejus
3492 2105 3574 2143 ie-

2007 2185 2289 2252 pudiasset
2315 2202 2333 2243 :
2363 2183 2459 2239 sed
2508 2193 2570 2238 ut
2604 2183 2695 2238 ille
2733 2184 2919 2253 potius
2955 2184 3141 2237 ovium
3172 2191 3361 2251 pastor
3397 2181 3572 2241 ﬁeret,

2005 2278 2099 2345 qui
2154 2276 2345 2330 labore
2394 2276 2569 2330 multo
2620 2275 2763 2329 ovile
2815 2276 2938 2345 ejus
2979 2280 3385 2328 conservasset.
3445 2270 3577 2335 Qua

2008 2382 2141 2422 sane
2189 2382 2300 2432 res,
2332 2366 2410 2420 uti
2461 2365 2670 2420 dictum
2719 2372 2824 2428 est,
2871 2363 3207 2417 simultatem
3254 2360 3573 2414 diuturnam

2009 2461 2155 2513 inter
2182 2456 2564 2514 Occidentales
2597 2465 2651 2510 et
2678 2454 2989 2511 Orientales
3017 2452 3297 2508 excitavit.
3324 2451 3391 2505 Et
3420 2449 3574 2505 Occi-

2005 2549 2258 2604 dentales
2306 2563 2489 2616 neque
2544 2557 2665 2616 post
2724 2544 2938 2600 Paulini
2998 2543 3212 2600 obitum
3263 2542 3574 2604 animorum

2005 2652 2237 2694 suorum
2283 2636 2555 2692 adversus
2608 2636 2933 2690 Flavianum
2990 2632 3349 2689 acerbitatem
3403 2632 3574 2703 depo-

2004 2740 2258 2797 suerunt,
2314 2740 2437 2793 post
2470 2729 2695 2799 Evagrii
2731 2728 2901 2782 etiam
2938 2735 3170 2781 mortem
3218 2725 3295 2780 illi
3343 2739 3572 2780 succen-

2003 2833 2215 2887 sentes,
2263 2824 2431 2894 idque
2482 2823 2717 2891 Evagrio
2768 2831 2961 2876 contra
3001 2817 3406 2875 ecclesiasticas
3449 2830 3575 2870 sano

2002 2914 2216 2968 ctiones
2244 2928 2438 2968 omnes
2485 2912 2749 2966 antitiste
2782 2909 3091 2977 designato.
3127 2905 3290 2961 Solus
3336 2918 3574 2973 namque

2004 3003 2273 3061 Paulinus
2317 3002 2640 3074 episcopqu
2685 3017 2812 3058 eum
2846 3000 3236 3062 destinaverat,
3268 2995 3575 3052 canonibus

326 3094 425 3145 καὶ
464 3093 630 3162 τριῶν
668 3092 799 3145 ἄνευ
831 3092 1145 3146 ἐπισκόπων
1173 3092 1249 3164 μὴ
1278 3093 1528 3159 γίνεσθαι
1561 3097 1901 3164 χειροτονίαν

2006 3093 2193 3147 multis
2239 3092 2598 3162 proculcatis.
2630 3091 2752 3146 Non
2787 3090 2936 3145 enim
2970 3089 3051 3142 illi
3096 3087 3371 3142 morituro
3403 3087 3571 3139 alium

325 3184 632 3237 ἐπισκόπου
694 3183 1034 3246 θεσπίζουσι.
1091 3184 1257 3239 Ταῦτ’
1287 3186 1410 3240 οὐδὲ
1444 3186 1680 3239 συνιδεῖν
1714 3186 1903 3257 ἐθελή-

327 3290 545 3337 σαντες,
582 3273 851 3343 Εὐάγριον
901 3274 1001 3343 μὲν
1034 3274 1423 3343 προσεδέχοντο
1448 3317 1464 3338 ,
1499 3275 1801 3328 Φλαϐιανὸν
1848 3275 1903 3329 δὲ

327 3364 681 3418 παντάπασιν
712 3365 1049 3430 ἀπεσείοντο,
1080 3366 1177 3418 καὶ
1214 3365 1492 3430 τοσοῦτον,
1544 3366 1621 3430 ώς
1653 3372 1747 3419 καὶ
1777 3369 1898 3430 ταῖς

329 3456 636 3524 βασιλικαῖς
666 3456 902 3526 ἐνοχλεῖν
933 3456 1051 3509 κατ’
1085 3456 1252 3511 αὐτοῦ
1276 3459 1465 3521 ἀκοαῖς
1487 3474 1503 3487 ·
1526 3459 1584 3522 ὃς
1615 3459 1702 3512 διὰ
1728 3458 1902 3513 ταῦτα

330 3550 639 3619 ἐνοχληθεὶς
675 3550 933 3614 πολλάκις
954 3542 1129 3622 ἤγαγέ
1160 3569 1220 3607 τε
1279 3553 1444 3606 αὐτὸν
1498 3554 1580 3612 εἰς
1614 3557 1715 3625 τὴν
1749 3555 1905 3607 Κων-

336 3641 642 3707 σταντίνου,
678 3641 773 3696 καὶ
811 3644 891 3705 εἰς
954 3642 1179 3711 Ῥώμην
1215 3644 1517 3713 ἀφικέσθαι
1570 3644 1808 3709 ὲϐίαζεν.
1845 3646 1903 3700 ’0

332 3736 389 3787 δὲ
432 3737 525 3788 τὸν
574 3734 820 3805 χειμῶνα
853 3734 1311 3805 προϐαλλόμενος,
1343 3734 1501 3805 ἔαρος
1546 3736 1903 3806 ὑπολάμπον-

333 3844 425 3889 τος
467 3827 780 3898 ὑπισχνεῖτο
836 3826 1074 3895 περᾶναι
1125 3826 1187 3878 τὸ
1246 3827 1738 3897 προσταττόμενον.
1793 3827 1903 3880 Καὶ

334 3920 456 3971 τότε
488 3918 587 3986 μὲν
620 3917 865 3988 ἀφεθεὶς,
895 3917 975 3981 εἰς
1006 3918 1106 3988 τὴν
1139 3916 1348 3971 οἰκείαν
1378 3918 1618 3989 ποίμνην
1640 3918 1866 3988 ἀφίκετο
1886 3934 1900 3951 ·

335 4011 430 4063 καὶ
459 4011 640 4063 πάντα
667 4010 837 4075 λίθον,
871 4011 932 4063 τὸ
960 4010 1056 4064 τοῦ
1088 4010 1275 4081 λόγου,
1300 4011 1468 4064 ἐκίνει
1499 4011 1589 4079 ὑφ’
1620 3994 1812 4064 ἑαυτὸν
1846 4008 1903 4063 τδ

339 4101 632 4165 στασιάζον
678 4102 927 4171 ποιῆσαι.
974 4104 1040 4154 'U
1069 4102 1132 4172 δὴ
1179 4104 1273 4172 καὶ
1303 4103 1443 4156 κατά
1488 4101 1686 4174 μικρὸν
1715 4101 1900 4172 ἴσχυσε

337 4189 762 4260 διαπράξασθαι,
817 4189 1270 4259 ὲκμειλιξάμενος
1335 4188 1596 4259 Θεόφιλον
1655 4188 1747 4243 τὸν
1804 4190 1901 4257 τῆς

349 4282 699 4350 Ἀλεξάνδρου
735 4281 1058 4344 ἐπίσκοπον,
1081 4281 1150 4334 δι’
1170 4276 1231 4335 οὗ
1257 4281 1351 4335 καὶ
1390 4280 1649 4351 Δάμασον
1682 4279 1773 4333 τὸν
1801 4280 1902 4350 τῆς

2008 3187 2063 3240 in
2106 3185 2287 3259 locum
2316 3200 2476 3240 suum
2521 3184 2824 3254 subrogare
2852 3181 3177 3253 episcopum
3225 3179 3573 3251 permittunt,

2005 3277 2099 3335 sed
2132 3278 2421 3347 episcOpos
2456 3275 2757 3346 provincia
2788 3289 2981 3329 omnes
3007 3274 3075 3328 ad
3105 3273 3435 3328 electionem
3468 3270 3574 3324 sci-

2002 3369 2135 3425 licet
2162 3358 2314 3425 coire
2350 3369 2585 3439 iubent:
2619 3372 2755 3437 quin
2790 3352 2957 3421 etiam
2987 3365 3108 3420 sine
3151 3362 3330 3417 tribus
3359 3360 3575 3429 episco«

2002 3461 2089 3530 pis
2124 3461 2372 3531 episcopi
2416 3459 2823 3515 ordinationem
2872 3456 2991 3511 fieri
3045 3470 3156 3509 non
3198 3452 3403 3507 debere
3457 3459 3570 3504 sta-

2004 3561 2186 3615 tuunt.
2221 3550 2348 3605 llac
2386 3565 2510 3604 cum
2561 3548 2871 3616 intelligere
2900 3545 3133 3609 nollent,
3168 3541 3462 3610 Evagrium
3496 3540 3569 3592 illi

2003 3639 2227 3709 quidem
2261 3647 2649 3716 susceperunt,
2699 3634 3021 3690 Flavianum
3056 3647 3188 3688 vero
3223 3644 3455 3701 prorsus
3485 3642 3570 3682 re-

2004 3730 2327 3802 pudiarunt,
2360 3745 2534 3800 usque
2580 3728 2718 3784 adeo
2750 3737 2810 3783 ut
2850 3730 2972 3799 ejus
3003 3742 3171 3782 causa
3222 3721 3572 3794 imperatoris

2002 3821 2165 3878 etiam
2213 3820 2588 3877 obtundereut
2633 3834 2817 3875 aures.
2867 3818 2972 3885 Qui
3019 3833 3145 3873 cum
3179 3813 3429 3870 molestia
3469 3812 3572 3881 hac

2004 3912 2072 3969 de
2104 3929 2166 3969 re
2197 3912 2395 3982 sapius
2428 3920 2755 3973 conventus.
2793 3926 2919 3966 cum
2946 3907 3268 3987 Flavianum
3294 3906 3569 3964 Constan-

2007 4002 2291 4073 tinopolim
2324 4003 2596 4066 evocavit,
2642 4011 2760 4057 tum
2794 4001 3024 4056 Romam
3056 4000 3223 4054 etiam
3278 3997 3433 4051 adire
3474 4009 3570 4050 co-

2001 4093 2137 4164 egit.
2167 4094 2345 4164 Atque
2368 4092 2458 4148 ille
2481 4093 2679 4148 hiemis
2710 4091 3210 4147 iucommoditatem
3239 4094 3567 4159 praetexens,

2005 4202 2133 4242 vere
2169 4186 2545 4249 illucescente,
2596 4184 2860 4254 imperata
2908 4198 2967 4239 se
3006 4178 3396 4244 exsecuturum
3444 4193 3568 4233 esse

2002 4276 2281 4347 pollicitus
2305 4283 2408 4330 est.
2444 4276 2521 4329 Ac
2547 4284 2661 4337 tutu
2694 4273 2914 4344 quidem
2944 4270 3230 4337 diniis'sus,
3255 4271 3321 4327 ad
3345 4284 3565 4343 gregem

347 4370 566 4441 Ῥώμης
598 4372 899 4425 ἐπίσκοπον
948 4372 1184 4443 ἀρίστως
1235 4372 1562 4444 κατήλλαξε.
1597 4372 1709 4426 Καὶ
1736 4372 1901 4442 ἄμφω

2005 4354 2167 4422 suum
2196 4364 2494 4422 Flavianus
2530 4365 2715 4429 rediit,
2749 4365 2999 4435 nihilque
3044 4380 3153 4419 non
3205 4365 3461 4429 tentavit,
3509 4372 3569 4415 ut

336 4467 443 4534 γὰρ
471 4466 527 4527 ἐς
555 4465 808 4517 πλεῖστον
855 4465 998 4518 κατά
1051 4463 1358 4519 Φλαϐιανοῦ
1413 4463 1764 4534 ἐχαλέπαινον
1789 4480 1803 4495 ·
1836 4465 1896 4516 οὐ

2005 4475 2101 4515 eos
2130 4459 2225 4530 qui
2258 4475 2355 4529 per
2399 4458 2729 4524 seditionem
2770 4464 3136 4520 secesserant,
3168 4454 3275 4511 sibi
3326 4454 3565 4524 conjuno

262 4536 307 4553 ἦ
338 4559 501 4625 μόνον
528 4556 609 4608 ὅτι
670 4557 724 4608 ὲν
754 4556 997 4626 δευτέρῳ
1026 4555 1156 4618 τοὺς
1210 4555 1407 4623 ὅρκους
1444 4555 1637 4621 ἐποίει,
1668 4552 1785 4607 ἀλλ’
1818 4555 1899 4606 ὅτι

2005 4561 2176 4625 geret.
2210 4550 2365 4617 Quod
2394 4552 2560 4606 etiam
2592 4550 2856 4621 paulatim
2892 4547 3113 4607 demum
3140 4545 3347 4609 effer-it,
3376 4545 3568 4600 conci-

337 4654 429 4697 καὶ
482 4646 668 4698 αἰτίαν
722 4646 822 4699 οὐκ
878 4644 1173 4714 ἐλαχίστην
1229 4646 1458 4715 παρεῖχε
1513 4644 1640 4707 τοὺς
1674 4644 1735 4697 τὸ
1784 4645 1899 4697 ἴσον

292 4741 512 4807 ﬂorea.
547 4737 951 4807 πρεσϐεύοντας
976 4736 1071 4789 ἐπὶ
1113 4737 1266 4789 τόσον
1291 4735 1646 4813 διείργεσθαι.
1690 4736 1897 4806 Βραδύ-

332 4843 477 4879 νοντι
502 4825 559 4877 δὲ
592 4824 689 4895 τὴν
719 4826 778 4887 ὲς
820 4823 1037 4893 Ῥώμην
1082 4823 1268 4893 ἄφιξιν
1297 4823 1374 4893 τῷ
1406 4823 1714 4892 Φλαϐιανῷ,
1752 4828 1778 4877 ὁ
1810 4825 1900 4877 θε-

332 4922 557 4978 σπέσιος
586 4917 859 4985 Δάμασος,
918 4915 1061 4969 καὶὸ
1097 4913 1215 4986 μετ’
1269 4916 1480 4969 ἐκεῖνον
1511 4915 1768 4984 Σιρίκιος,
1808 4917 1899 4970 κα)⁵

339 5009 695 5073 Ἀναστάσιος
718 5009 777 5073 δς
807 5009 1050 5079 Σιρίκιον
1076 5008 1366 5075 διεδέξατο,
1391 5009 1485 5063 τοῦ
1516 5008 1775 5073 εὐσεϐοῦς
1801 5011 1899 5080 βα·-

330 5104 527 5165 σιλέως
592 5103 880 5172 γράμμασι
946 5101 1303 5173 σφοδρότερον
1332 5104 1599 5173 ἧπτοντο’
1645 5103 1770 5165 τοὺς
1802 5103 1899 5172 μὲν

330 5197 634 5262 σ·,ςετέρυυς
686 5194 1183 5268 λέγοντεςιθᾶττον
1236 5194 1529 5248 καταλύειν
1595 5193 1897 5266 πολέμους,

329 5292 457 5349 τοὺς
482 5288 538 5339 δὲ
569 5288 707 5339 κατᾶ
735 5285 976 5357 Χριστοῦ
998 5287 1462 5357 θρασυνομένους,
1495 5288 1590 5340 καὶ
1623 5288 1731 5341 τῶν
1756 5288 1899 5340 ὲκεί-

334 5397 423 5433 νου
464 5379 626 5431 θείων
664 5379 882 5449 θεσμῶν
935 5379 1242 5447 ἀλογίστως
1288 5380 1530 5449 ἔχοντας,
1579 5379 1750 5443 οὕτως
1807 5380 1899 5432 ἐπὶ

332 5473 428 5537 τῆς
466 5471 781 5540 τυραννίδος
808 5472 922 5541 ὲᾷν.
972 5471 1136 5524 Ὅθεν
1163 5473 1255 5524 καὶ
1286 5471 1445 5525 πάλιν
1497 5473 1703 5524 ἐκεῖνον
1728 5489 1898 5544 μετα-

340 5562 696 5631 κ.Αούμενος,
745 5564 845 5632 τὴν
876 5564 968 5616 ἐπὶ
1013 5562 1233 5633 Ῥώμην
1282 5564 1596 5617 στέλλεσθαι
1629 5567 1900 5633 κατηναγ-

334 5654 501 5716 καζε*
562 5655 653 5704 καὶ
703 5651 836 5719 δῆτα
894 5650 1086 5715 ἐλθὼν,
1142 5655 1206 5722 τῇ
1262 5654 1549 5722 σοφωτάτῃ
1614 5652 1899 5721 πιρρησίᾳ

334 5743 678 5805 χρησάμενος
718 5742 1083 5809 ἀνεφθέγξατο
1105 5758 1119 5773 ·
1163 5763 1179 5794 ι
1221 5744 1280 5798 El
1315 5743 1433 5808 μὲν,
1459 5736 1502 5795 ὦ
1528 5742 1772 5809 βασιλεῦ,
1800 5743 1899 5809 τῆς

2001 4643 2266 4709 liato,sibi
2304 4650 2492 4712 postea
2532 4638 2904 4694 Alexandrino
2936 4638 3194 4708 episcopo
3216 4634 3553 4704 Theophilo,

2004 4712 2102 4804 per
2134 4750 2298 4804 quem
2335 4735 2542 4802 optime
2578 4746 2796 4802 quoque
2828 4730 3044 4783 Damasi
3079 4727 3312 4783 Romani
3338 4727 3562 4780 antisti-

2006 4827 2076 4879 tis
2120 4825 2361 4877 favorem
2394 4834 2483 4878 est
2526 4831 2883 4877 consecutus.
2918 4818 3096 4874 Ambo
3129 4818 3278 4873 ettim
3318 4818 3410 4873 isti
3444 4818 3565 4873 Fla-

2002 4915 2167 4969 viano
2214 4913 2515 4985 plurimum
2567 4912 2768 4967 infensi
2803 4910 3046 4977 fuerant,
3078 4908 3222 4980 quod
3254 4924 3364 4964 non
3398 4908 3564 4964 modo

1996 5007 2356 5080 jurisjurandi
2394 5017 2802 5063 sacramentum
2852 5006 3135 5069 violasset,
3171 5020 3361 5060 verum
3394 5007 3561 5077 etiam

2002 5100 2299 5170 plurimum
2354 5115 2533 5155 causae
2585 5097 2930 5169 praebuisset,
2970 5107 3032 5153 ut
3086 5099 3358 5163 homines,
3416 5098 3563 5167 idem

2002 5196 2196 5262 dogma
2261 5194 2621 5264 prolitentes,
2687 5201 2974 5263 tantopere
3037 5210 3134 5263 per
3186 5195 3561 5264 secessionem

2001 5288 2147 5341 inter
2178 5300 2237 5341 se
2279 5285 2636 5340 dissiderent.
2676 5284 2779 5343 Ubi
2812 5300 2943 5339 vero
2972 5285 3199 5341 Romam
3237 5283 3392 5339 adire
3434 5282 3559 5339 Fla-

2001 5378 2199 5433 vianus
2256 5376 2495 5441 distulit,
2552 5377 2714 5431 divus
2764 5376 3051 5439 Damasus,
3117 5386 3173 5429 et
3234 5384 3354 5445 post
3412 5376 3563 5429 hunc

2004 5469 2259 5534 Siricius,
2296 5479 2460 5539 atque
2483 5468 2648 5540 hujus
2684 5461 2882 5538 postea'
2903 5482 3194 5523 successor
3215 5468 3561 5532 Anastasius,

2000 5561 2201 5614 litteris
2236 5561 2351 5615 suis
2381 5559 2641 5629 pietatem
2681 5558 3029 5628 imperatoris
3070 5560 3511 5628 persurinxeruut
3545 5579 3558 5616 :

2001 5650 2135 5704 illud
2187 5650 2237 5703 ei
2288 5650 2641 5719 objicientes,
2672 5649 2816 5719 quod
2855 5649 2997 5704 bella
3045 5650 3137 5705 ille
3186 5651 3407 5721 quidem
3461 5667 3563 5717 sua

2004 5741 2181 5826 primo
2222 5758 2444 5813 quoque
2492 5752 2741 5810 tempore
2772 5742 3104 5809 conficeret,
3141 5742 3428 5825 cos
3462 5760 3560 5823 aq-
