3936 6206
487 327 592 390 827
1721 326 1773 387 Ν
1782 324 2043 387 ICEPHC

2186 325 2541 387 CALLISTI
3583 346 3666 411 θὶς

487 440 759 513 Serapidi,
791 439 888 495 sed
937 439 1164 509 ﬁguram
1197 453 1317 493 eam
1353 437 1500 493 aliud
1552 437 1773 509 quidem
1804 437 2042 517 Cbristia

2172 438 2440 506 Σαράπιδι
2473 438 2658 507 ἔλεγον
2681 455 2696 473 ·
2731 437 2848 493 ἀλλ’
2878 439 3156 510 ἐγχωροῦν
3185 434 3316 498 εῖναι
3342 445 3398 500 τδ
3425 451 3537 505 αὐτὸ
3562 458 3664 528 σχῆ.

486 539 597 604 nis,
624 536 771 592 aliud
808 551 938 590 vero
963 534 1168 590 Graecis
1221 535 1645 604 superstitiosis,
1670 535 1980 605 signiﬁcare
2014 553 2041 590 e

2175 549 2251 600 μα
2281 530 2410 584 ἄλλο
2459 531 2561 601 μὲν
2591 532 2744 601 παρὰ
2801 533 3169 602 Χριστιανοῖς,
3201 535 3321 591 ἄλλο
3343 537 3394 591 δέ
3437 547 3665 613 σημαίνειν

484 627 812 695 ι).ιτιειιι1ωό
842 640 1001 695 posse
1056 624 1336 679 dixerunt.
1397 627 1513 691 Qua
1575 626 1644 681 de
1697 642 1755 683 re
1809 643 1937 682 cum
1986 629 2043 683 Sit

2171 622 2305 692 παρ’
2342 622 2593 692 Ἕλλησι.
2630 623 2903 693 Τοιαύτης
2938 624 2996 678 δὲ
3052 627 3347 699 κρατούσης
3377 632 3664 703 ἀμφισολίας,

484 719 879 786 ambigeretur,
918 715 1075 783 multi
1109 716 1326 771 illorum
1361 717 1841 774 Christianismum
1878 734 2043 775 suscet

2169 716 2355 769 πολλοὶ
2386 716 2612 769 ἐκείνων
2643 716 2723 786 τῷ
2757 715 3187 788 ,Χριστιανισμῷ
3231 722 3601 787 προσετίθεντο·
3626 729 3665 783 οῖ

487 825 630 876 μετα.
651 808 751 872 Qui
789 809 952 861 etiam
980 807 1519 878 hiemglyphicarum
1549 809 1856 865 litterarqu
1897 811 2043 866 inter

2168 807 2397 861 καὶτῶν
2439 807 2840 878 ἱερογλυφικῶν
2874 808 3217 879 γραμμάτων
3264 810 3355 874 τὰς
3380 810 3541 877 λύσεις
3581 815 3668 883 iis.

484 897 874 966 plclallllarllm
929 897 1091 965 periti
1159 897 1261 968 (l),
1322 898 1696 953 characterem
1729 901 1831 955 sub
1883 902 2043 957 cruci:

2169 898 2512 967 πιστάμενοι,
2547 898 2916 969 διηρμήνευον
2951 899 3043 952 τὸν
3076 901 3378 972 σταυροειδῆ
3401 907 3665 978 χαρακτῆρα

483 994 676 1048 turma,
715 989 881 1041 vitam
924 987 1166 1041 futuram
1233 989 1542 1058 signiﬁcare
1593 990 1872 1045 dixerunt.
1906 990 2043 1058 Qum

2168 991 2395 1053 ἐκεῖνον,
2435 991 2579 1062 ζωὴν
2614 991 2997 1076 ἐπερχομένην
3045 992 3344 1062 σημαίνειν.
3387 996 3447 1048 ’0
3485 997 3539 1066 δὴ
3564 999 3667 1067 Χρι.

476 1079 777 1132 Christiani
808 1079 1107 1143 plurimum
1133 1079 1197 1132 ad
1226 1080 1540 1149 religionem
1571 1095 1725 1134 suam
1756 1081 2037 1137 trahentes

2166 1081 2374 1134 στιανοὶ
2405 1081 2480 1145 ὡς
2521 1082 2777 1136 πλεῖστον
2831 1083 2912 1145 είς
2945 1081 3046 1152 τὴν
3073 1083 3275 1135 οἰκείαν
3304 1082 3565 1154 θρησκείαν
3587 1091 3665 1159 ἀρα

481 1184 538 1224 ιιι
570 1176 875 1238 permultns
906 1173 971 1225 ad
1003 1162 1333 1226 sententiam
1366 1188 1519 1226 suam
1576 1174 1934 1241 adducerent,
1963 1192 2043 1230 oc-

2164 1172 2459 1237 πάσαντες,
2496 1172 2771 1243 πρόφασιν
2808 1168 2955 1244 εἶχον
2978 1173 3209 1237 πολλοὺς
3238 1177 3311 1238 είς
3337 1175 3426 1247 τὴν
3451 1183 3665 1251 σφετέραν

477 1265 754 1317 easionem
812 1263 1053 1316 habuere
1095 1272 1427 1331 :pmpterea
1475 1264 1621 1333 quod
1669 1265 1789 1319 alia:
1840 1281 2043 1337 quoqut

2160 1261 2318 1326 δόξαν
2352 1262 2614 1332 μετάγειν
2637 1280 2652 1295 ⁸
2683 1264 2766 1317 ὅτι
2797 1280 2861 1333 γε
2885 1265 2982 1316 καὶ
2999 1264 3134 1318 ἄλλα
3153 1266 3440 1335 γράμματα
3465 1271 3665 1339 Epona};

478 1357 673 1409 litterae
701 1365 890 1424 aperte
940 1354 1311 1420 declararunt,
1346 1355 1608 1424 templum
1667 1355 1722 1410 id
1780 1355 2043 1427 Serapidi:

2161 1348 2415 1424 ἐδήλουν,
2441 1353 2503 1407 τὸ
2537 1353 2682 1426 ἱερὸν
2707 1355 2886 1408 ἐκεῖνο
2927 1355 3022 1409 τοῦ
3054 1356 3353 1425 Σαράπιδος
3382 1360 3666 1414 παντάπασιν

478 1447 900 1516 relinquendum
944 1462 1169 1513 prorsus
1200 1462 1343 1512 esse,
1373 1463 1495 1501 cum
1524 1447 1706 1502 crucis
1742 1449 1830 1504 ille
1862 1449 2043 1504 chara-

2161 1445 2428 1512 ἐκλιπεῖν,
2483 1445 2726 1516 ὁπηνίκα
2767 1448 2795 1499 ὁ
2829 1447 3203 1517 σταυροειδὴςλ
3233 1449 3425 1513 ἐκεῖνος
3469 1453 3664 1523 ἀναφανῇ

476 1547 615 1598 cter,
639 1540 730 1606 qu‘
758 1539 995 1591 obscure
1029 1547 1313 1592 venturam
1349 1540 1514 1592 vitam
1568 1540 1927 1611 signiﬁcaret.
1997 1543 2043 1597 in

2157 1536 2468 1606 χαρακτήρ.
2513 1535 2717 1591 Τοῦτον
2748 1537 2858 1607 γὰρ
2894 1536 3234 1591 αἰνίττεσθαι
3274 1534 3514 1610 εἶναιτὴν
3542 1542 3666 1610 ἐπερ-

477 1639 726 1697 apertum
788 1629 1088 1699 productus
1126 1639 1291 1687 esset.
1360 1632 1534 1699 Atque
1590 1632 1641 1686 id
1678 1633 1939 1701 templum
1985 1636 2043 1689 ad

2157 1626 2395 1696 χομὲνην
2438 1627 2606 1694 ζωήν.
2654 1627 2818 1681 Ἀλλὰ
2865 1628 2925 1680 τὸ
2956 1627 3058 1696 μὲν
3098 1628 3367 1696 Σαράπιον
3394 1628 3518 1682 οὕτω
3542 1632 3667 1682 κατέ-

480 1723 631 1776 hunc
660 1722 883 1775 modum
936 1729 1022 1776 est
1055 1736 1328 1775 eversum.
1361 1722 1561 1777 Verum
1615 1738 1723 1777 non
1772 1724 1844 1778 ita
1884 1726 2043 1781 multo

2158 1735 2436 1789 στραπται
2457 1734 2474 1749 ⁸
2507 1719 2607 1771 ούκ
2633 1718 2713 1781 είς
2737 1719 2959 1789 μακρὰν
2984 1717 3041 1771 δὲ
3072 1719 3209 1789 πρὸς
3240 1720 3505 1790 ἐκκλησίας
3523 1722 3667 1792 σχῆμα

478 1825 597 1882 post
626 1815 684 1870 in
729 1816 973 1870 ecclesiae
1034 1814 1265 1869 formam
1298 1814 1399 1868 sub
1427 1814 1645 1869 Arcadii
1694 1819 1915 1873 nomine
1974 1830 2043 1874 cel

2161 1807 2574 1877 μετεσκευάσθη
2612 1806 2904 1880 Ἀρκαδίου
2948 1809 3262 1879 ἐπώνυμον.
3306 1809 3436 1879 Ἐγὼ
3462 1811 3501 1865 δ’
3523 1815 3663 1882 οἴομαι

478 1907 784 1961 redactum.
842 1906 952 1976 Ego
987 1906 1210 1976 quidem
1245 1907 1564 1962 sacerdotes
1616 1905 1930 1978 Aigyptios,
1960 1911 2055 1981 qui

474 1998 543 2053 de
568 1998 786 2055 Christo
815 1999 952 2054 nihil
977 2015 1201 2069 prorsus
1228 1999 1603 2070 praeviclerint,
1626 2000 1836 2057 litteras
1859 2002 1936 2073 (2)
1961 2019 2054 2060 eas

474 2092 579 2147 sub
602 2092 786 2146 crucis
812 2090 986 2146 forma
1011 2107 1120 2145 non
1154 2093 1519 2162 exseulpsisse
1542 2105 1694 2164 puto.
1735 2094 1789 2150 Si
1820 2112 2054 2165 namque

472 2184 543 2238 ab
573 2184 705 2253 ipsis
726 2184 942 2238 smculis
972 2185 1292 2255 mysterium
1318 2186 1617 2254 (utPaulus
1645 2185 1846 2260 inquit)
1868 2190 2055 2244 occul-

475 2283 673 2338 tatum,
703 2275 1007 2343 principem
1042 2275 1397 2330 tenebrarum
1448 2277 1643 2332 latuit:
1687 2279 1858 2333 multo
1886 2280 2053 2350 magis

470 2380 688 2434 aequum
721 2373 824 2424 est.
853 2365 1252 2436 illiusquoque
1310 2367 1685 2423 sacerdotibus
1719 2369 1963 2437 ignotum
1998 2370 2051 2425 id

471 2454 638 2510 fuisse
672 2455 1013 2510 existimare.
1045 2455 1190 2522 Quin
1252 2457 1436 2526 potius
1465 2458 1823 2528 providentiae
1854 2461 2053 2518 divinae

469 2562 609 2616 opus
639 2546 694 2602 id
734 2563 853 2603 esse
882 2548 1157 2618 quispiam
1183 2549 1510 2617 arbitretur,
1539 2560 1599 2606 ut
1634 2554 1873 2622 quaestio
1900 2556 2049 2610 scili-

444 2647 557 2693 'cet
584 2638 651 2694 de
686 2640 890 2695 litteris
918 2640 1262 2711 ejuscemodi
1327 2643 1505 2696 ﬁeret.
1561 2641 1620 2697 ld
1655 2645 1799 2714 quod
1861 2647 2048 2701 itidem

469 2742 629 2787 antea
674 2734 728 2809 in
759 2734 1009 2803 apostolo
1044 2734 1215 2789 Paulo
1254 2736 1461 2791 evenit.
1488 2736 1651 2806 275
1696 2738 1788 2792 Ille
1810 2753 2048 2807 namque

469 2812 739 2895 Spirituali
769 2827 1035 2897 sapientia
1069 2829 1286 2899 plenus,
1322 2830 1512 2886 eadem
1562 2833 1777 2888 ratione
1812 2844 1870 2889 et
1927 2844 2047 2890 arte

470 2919 615 2988 apud
649 2919 1020 2975 Athenienses
1042 2935 1193 2983 usus,
1222 2923 1508 2976 oraculum
1523 2924 1756 2978 consilio
1787 2932 1842 2979 et
1871 2940 2049 2980 causa:

469 3026 582 3064 sua:
607 3011 1068 3075 accommodavit,
1100 3020 1157 3065 et
1186 3013 1390 3067 multos
1419 3012 1484 3066 ad
1514 3029 1696 3069 veram
1727 3015 2043 3086 religionem

2160 1898 2328 1968 μηδὲν
2384 1916 2435 1950 τι
2471 1898 2793 1964 προειδότας
2842 1897 2972 1961 τοὺς
3024 1899 3343 1966 Αἰγυπτίων
3389 1900 3527 1970 ἱερεῖς
3567 1902 3664 1970 περὶ

2155 1990 2250 2043 τοῦ
2273 1990 2539 2060 Χριστοῦ,
2572 1990 2633 2042 τὸ
2658 1988 2955 2057 σταυρικὸν
2986 1990 3170 2043 ἐκεῖνο
3200 1990 3423 2060 γράμμα
3452 1992 3501 2043 οὐ
3520 1992 3661 2044 διατυ-

2156 2085 2375 2139 πῶσαι*
2421 2087 2470 2141 εί
2524 2086 2633 2156 γὰρ
2666 2085 2728 2139 τὸ
2762 2086 2871 2139 ἀπὸ
2921 2085 3031 2139 τῶν
3097 2084 3311 2138 αἰώνων
3351 2084 3660 2153 κεκρυμμένον

2158 2177 2462 2249 μυστήριον
2508 2172 2565 2247 (ᾖ
2602 2193 2737 2245 φησι
2772 2176 3010 2245 Παῦλος)
3047 2178 3145 2229 τὸν
3179 2175 3270 2229 τοῦ
3299 2174 3501 2236 σκότους
3526 2173 3667 2225 ἔλαθεν

2155 2269 2421 2339 ἄρχοντα,
2448 2267 2629 2339 πολλῷ
2652 2268 2856 2339 μᾶλλον
2879 2269 3025 2330 είκδς
3053 2267 3426 2336 ἐκλογίζεσθαι
3442 2266 3548 2327 τοὺς
3564 2265 3665 2316 ἐκεί-

2153 2380 2247 2417 νου
2283 2364 2575 2431 διαφυγεῖν
2605 2362 2797 2433 ἱερεῖς.
2845 2361 2961 2430 Τῆς
2992 2360 3051 2413 δὲ
3089 2361 3351 2431 Προνοίας
3378 2360 3521 2429 ἔργον
3537 2359 3589 2413 ἄν
3607 2374 3666 2420 τις

2152 2454 2453 2522 λογίσαιτο,
2510 2454 2587 2518 ὡς
2622 2455 2689 2509 ἄν
2720 2471 2783 2524 γε
2839 2453 3081 2525 ζήτησις
3118 2454 3249 2524 περὶ
3278 2452 3370 2505 τού
3401 2452 3665 2521 γράμματος

2150 2548 2380 2612 γένοιτο.
2421 2547 2487 2600 '0
2525 2546 2591 2617 δὴ
2637 2547 2732 2599 καὶ
2777 2546 2879 2599 ἐπὶ
2934 2546 3013 2616 τῷ
3047 2545 3335 2616 ἁποστόλῳ
3382 2544 3553 2613 Παύλῳ
3578 2559 3671 2594 συν-

2151 2637 2336 2692 ἐὸαινε
2371 2638 2665 2709 πρότερον.
2690 2636 2863 2709 Σοφίᾳ
2897 2636 3005 2709 γὰρ
3043 2637 3459 2709 μεμεστωμένος
3476 2652 3673 2704 πνευμαο

2149 2735 2302 2801 τικῇ,
2338 2734 2404 2803 τῇ
2449 2731 2539 2801 [an
2576 2729 2787 2801 μεθόδῳ
2820 2732 2958 2800 πρὸς
3001 2731 3322 2801 Ἀθηναίους
3364 2729 3672 2800 χρησάμενος,

2147 2824 2381 2887 πολλοὺς
2412 2824 2477 2877 ἐκ
2503 2823 2614 2877 τῶν
2656 2823 3167 2894 ἐπιγεγραμμένων
3216 2820 3293 2893 τῷ
3335 2819 3490 2891 βωμῷ
3512 2821 3577 2880 είς
3597 2817 3676 2886 τὴν

2149 2915 2328 2986 ἁληοῆ
2386 2915 2572 2969 πίστιν
2628 2914 2961 2985 μετήνεγκε,
2998 2913 3079 2984 τῷ
3123 2913 3238 2987 ἰδίῳ
3293 2913 3432 2983 λόγῳ
3479 2909 3679 2983 χρησμὸν

2150 3006 2546 3077 προσαρμόσας
2566 3021 2581 3036 ’
2637 3008 2687 3059 εί
2724 3006 2911 3077 μήπου
2937 3023 3021 3069 τις
3048 3005 3161 3076 ἄρα
3187 3007 3281 3061 καὶ
3307 3005 3454 3059 τοῦτο
3487 3003 3600 3069 ἐρεῖ,
3625 3001 3678 3050 τὰ

468 3102 721 3156 adduxit.
743 3101 858 3155 Nisi
882 3103 1023 3156 forte
1064 3102 1199 3156 illud
1222 3102 1386 3157 etiam
1416 3104 1686 3174 quispiam
1714 3105 2043 3168 dicat.idem

2152 3098 2241 3152 ῖσα
2264 3098 2341 3169 τῷ
2373 3096 2605 3168 Βαλαὰμ
2634 3097 2834 3167 δρᾶσαι
2864 3098 2962 3150 καὶ
3009 3098 3107 3169 ἐπὶ
3134 3098 3261 3161 τοὺς
3306 3096 3593 3164 Αἰγυπτίων
3616 3094 3677 3146 ie-

474 3204 586 3246 tum
624 3193 719 3248 Dei
754 3194 988 3247 Verbum
1042 3210 1140 3265 per
1170 3194 1458 3267 Egyptios
1510 3197 1844 3262 sacerdotes,
1899 3202 2043 3269 quod

2150 3193 2263 3262 ρεῖς
2290 3191 2382 3244 τὸν
2408 3190 2502 3244 τοῦ
2535 3190 2673 3243 Θεοῦ
2701 3191 2877 3259 Λόγον
2898 3207 2912 3221 ·
2945 3189 3089 3243 καθὰ
3111 3190 3180 3261 δὴ
3215 3189 3309 3243 καὶ
3337 3190 3425 3241 ἐπὶ
3446 3186 3517 3256 τῷ
3540 3185 3677 3239 Καῖὶ-

469 3297 629 3341 antea
692 3303 789 3356 per
813 3287 1028 3341 Balaam
1081 3298 1286 3354 egerat,
1335 3288 1551 3345 fecisse.
1578 3290 2045 3357 Quemadmodum

470 3394 690 3448 quoque
723 3381 775 3432 in
809 3377 1014 3447 Caipha
1047 3380 1317 3434 accidisse
1351 3380 1624 3436 novimus.
1656 3381 1833 3438 Ambo
1875 3386 2042 3448 enim,

470 3470 636 3523 etiam
666 3470 846 3530 inviti.
868 3469 935 3524 de
965 3470 1132 3531 rebus
1164 3471 1323 3529 bonis
1353 3468 1484 3527 sunt
1513 3474 1815 3532 vaticinati.
1845 3476 2044 3533 Verum

470 3563 535 3616 de
560 3563 648 3617 his
678 3562 967 3617 hactenus.
991 3563 1330 3632 Theophilus
1345 3576 1527 3623 autem
1552 3568 1719 3624 rebus
1743 3584 1864 3640 qua:
1886 3570 2046 3640 dicta:

469 3666 620 3721 sunt,
649 3673 753 3713 non
790 3665 1108 3721 contentus,
1150 3657 1255 3712 hac
1292 3657 1345 3713 in
1391 3670 1547 3728 parte
1592 3675 1704 3716 non
1754 3636 2060 3731 constitit:

470 3748 565 3805 sed
614 3748 862 3803 fraudem
900 3751 1247 3805 sacerdotum
1304 3751 1561 3807 omnibus
1581 3753 1661 3808 eis
1709 3755 1803 3824 qui
1828 3755 2040 3812 seducti

471 3841 707 3900 Inerant,
745 3837 1084 3892 manifestam
1113 3854 1234 3894 esse
1273 3839 1461 3894 voluit.
1527 3840 1833 3898 Sitnulaera
1892 3845 2039 3898 enim

470 3927 571 3991 il.i,
594 3929 707 3982 sive
736 3944 875 3983 aetea
893 3943 991 3983 seu
1024 3930 1223 3999 lignea,
1250 3929 1512 3999 pleraque
1543 3931 1722 3985 omnia
1758 3932 1828 3986 ita
1857 3933 2043 3989 elabo-

470 4031 682 4084 rarunt,
719 4033 863 4077 utea
904 4038 1040 4077 cava
1078 4022 1229 4079 intus
1275 4032 1483 4088 essent,
1539 4033 1595 4080 οι
1637 4040 1827 4079 eorum
1893 4034 2042 4097 terga

470 4115 801 4184 tmuplorum
840 4115 1146 4184 parietibus
1210 4115 1623 4185 adaptarentur,
1657 4116 1890 4173 occultis
1921 4117 2046 4187 qui-

468 4208 696 4271 busdam
723 4207 993 4260 meatibus
1019 4208 1070 4260 in
1102 4222 1260 4261 muro
1288 4207 1511 4262 relictis.
1560 4208 1764 4263 Deinde
1797 4225 1893 4278 per
1933 4209 2040 4267 alia

468 4294 714 4368 quaedam
743 4311 940 4350 arcana
974 4296 1133 4367 adyta
1161 4296 1215 4350 in
1244 4297 1662 4352 simulacrorum
1689 4315 1886 4355 cavum
1909 4303 2041 4358 sub-

467 4393 642 4456 ibant,
674 4400 731 4444 et
764 4392 890 4445 inde.
933 4406 1055 4460 quae
1083 4391 1164 4444 cis
1200 4391 1311 4444 visa
1361 4402 1543 4446 essent
1609 4408 1871 4464 responsa
1910 4396 2039 4451 ede-

2148 3300 2226 3358 φᾳ
2257 3282 2470 3352 συμϐὰν
2516 3283 2765 3351 ἔγνωμεν
2789 3297 2804 3312 ο
2865 3283 3099 3348 ἄκοντες
3129 3284 3241 3352 γὰρ
3271 3282 3364 3335 καὶ
3390 3280 3544 3349 ἄμφω
3582 3276 3681 3344 περὶ

2145 3378 2254 3430 τῶν
2283 3375 2506 3445 ἀγαθῶν
2530 3376 2976 3446 προεφήτευσαν.
3023 3375 3190 3430 Ἀλλὰ
3235 3376 3362 3444 περὶ
3396 3373 3490 3447 μὲν
3514 3370 3683 3424 τούτων

2146 3469 2428 3522 τοσαῦτα·
2494 3466 2752 3535 Θεόφιλος
2812 3466 2870 3520 δέ
2934 3467 2995 3519 ού
3050 3468 3218 3537 μέχρι
3270 3465 3468 3520 τούτων
3495 3462 3682 3516 ἵστατο·

2145 3563 2283 3617 ἀλλὰ
2312 3561 2407 3616 καὶ
2437 3560 2535 3633 τὴν
2565 3560 2848 3631 ἐξαπάτην
2874 3559 2985 3614 τῶν
3033 3560 3234 3632 ίερέων
3262 3558 3427 3630 δήλην
3443 3558 3543 3619 τοῖς
3565 3557 3682 3608 ἀπα·

2143 3656 2410 3726 τωμένοις
2443 3654 2653 3709 ἐποίει*
2706 3655 2777 3709 τὰ
2813 3655 2922 3726 γὰρ
2952 3647 3041 3708 οἷα
3071 3655 3280 3726 δήποτε
3309 3653 3466 3721 ξόανα,
3510 3644 3688 3721 χαλκοῦ,

2142 3766 2203 3803 τε
2232 3751 2327 3803 καὶ
2364 3750 2528 3817 ξύλου
2562 3748 2935 3820 πεποιημένα,
2964 3748 3100 3804 κενὰ
3133 3747 3346 3802 ἔνδοθεν
3369 3745 3681 3816 διαπλάττονο

2143 3858 2254 3906 τες,
2286 3836 2402 3894 εἶτα
2434 3842 2504 3894 τὰ
2532 3840 2739 3895 τούτων
2773 3840 2919 3893 νῶτα
2948 3842 3062 3901 τοῖς
3103 3841 3290 3893 ἐκεῖσε
3310 3832 3686 3908 ,προταρμόζονο

2143 3951 2235 3998 τες
2258 3934 2486 4002 τοίχοις,
2519 3934 2720 4002 πόρους
2750 3932 2905 3994 τινὰς
2938 3933 3171 4000 ἀφανεῖς
3201 3934 3318 3993 τοῖς
3344 3929 3537 3998 τοίχοις
3559 3923 3687 3995 iw“-

2146 4040 2276 4079 σαν·
2334 4024 2525 4079 ἔπειτα
2568 4024 2641 4078 δι’
2670 4025 2879 4094 ἐτέρων
2910 4024 3158 4088 ἀνιόντες
3212 4022 3444 4086 ἀδύτων,
3479 4020 3566 4073 καὶ
3592 4016 3684 4077 τοῖς

2143 4117 2396 4185 ἐγκάτοις
2443 4116 2552 4170 τῶν
2580 4116 2787 4183 ξοάνων
2844 4116 3273 4186 καταδυόμενοι,
3299 4115 3367 4169 δι’
3390 4114 3595 4167 ἐκείνων
3612 4108 3685 4178 δῆ-

2143 4209 2235 4263 θεν
2263 4209 2325 4262 τδ
2357 4210 2773 4280 παριστάμενον
2790 4206 3135 4275 ὑπεφώνουν.
3162 4208 3227 4261 Οἱ
3246 4206 3453 4269 τούτοις
3468 4203 3519 4255 δὲ
3545 4214 3684 4268 προσ·

2141 4300 2478 4373 τριϐόμενοι,
2527 4300 2659 4369 τὴν,
2704 4300 2951 4370 φενάκην
3010 4299 3086 4370 μὴ
3136 4301 3435 4367 συνιέντες,
3468 4290 3549 4351 οτι
3575 4291 3685 4347 Θεοῦ

2143 4393 2483 4457 κελεύοντος,
2509 4393 2765 4456 εύθὺς’τδ
2794 4391 3163 4461 κελευόμενον
3195 4389 3387 4462 ἔδρων.
3423 4391 3484 4443 Ἀ
3506 4388 3562 4457 δὴ
3587 4385 3684 4437 τότε

466 4485 617 4539 bant.
671 4482 736 4538 Et
790 4483 882 4553 qui
945 4483 1137 4537 sedulo
1188 4482 1331 4552 apud
1385 4498 1447 4537 ea
1479 4484 1863 4552 versabantur,
1890 4488 2036 4557 quod

2146 4484 2430 4539 καταλύων
2465 4484 2748 4553 Θεόφιλος,
2793 4486 2907 4546 τοῖς
2939 4481 3387 4553 ἐξηπατημένοις
3409 4480 3533 4548 δῆλα
3564 4475 3686 4537 καθί·

462 4576 711 4632 fraudem
741 4588 789 4631 et
813 4576 1168 4645 imposturam
1198 4592 1315 4630 eam
1350 4591 1458 4630 non
1494 4577 1894 4648 intelligerent,
1915 4596 2041 4650 per-

464 4670 593 4724 inde
624 4678 790 4739 atque
823 4669 932 4725 Deo
960 4669 1208 4739 juheute,
1240 4668 1426 4723 statim
1447 4671 1713 4739 imperata
1738 4669 2036 4727 faciebant.

465 4759 630 4813 Tales
660 4770 870 4815 statuas
901 4770 1013 4813 tum
1048 4759 1390 4830 Theophilus
1420 4760 1824 4826 comminuens,
1850 4760 2036 4816 dolum

463 4849 786 4907 hominibus
809 4852 1061 4919 deceptis
1102 4852 1570 4906 commonstravit.
1616 4851 1685 4908 Ut
1705 4867 1835 4907 vero
1860 4853 1911 4907 in
1941 4852 2039 4908 Se-

432 4945 671 5010 -rap'nlis
700 4944 863 4998 etiam
898 4945 1160 5013 templum
1202 4945 1471 5009 ascendit,
1508 4945 1862 5000 simulacrum
1900 4940 2036 5001 illud

462 5036 602 5091 vidit
631 5037 1003 5105 magnitudine
1051 5046 1220 5098 tanta,
1279 5047 1337 5090 ut
1387 5036 1527 5092 mole
1580 5053 1678 5092 sua
1742 5038 2032 5095 horrorem

459 5131 627 5185 etiam
679 5140 731 5183 et
760 5138 963 5183 metum
1018 5129 1426 5197 spectatoribus
1482 5130 1778 5185 incuteret.
1820 5132 1896 5186 De
1921 5147 2032 5202 quo

462 5224 650 5292 opinio
679 5222 844 5276 etiam
881 5222 1038 5285 falsa,
1068 5237 1189 5290 qua:
1215 5223 1418 5277 multos
1443 5223 1683 5288 seduxit,
1717 5223 2026 5277 ferebatur:

461 5313 515 5377 ὃ)
537 5315 659 5383 quis
684 5314 894 5369 scilicet
918 5314 999 5367 vel
1024 5313 1194 5383 digito
1223 5314 1275 5368 id
1306 5314 1574 5384 attingere
1623 5315 1809 5369 fuisset
1839 5332 2027 5382 ausus,

2147 4595 2270 4633 στα.
2314 4577 2401 4641 Ὠς
2432 4577 2490 4630 δέ
2531 4579 2625 4631 καὶ
2660 4579 2753 4632 ἐπὶ
2777 4576 2870 4629 τὸν
2905 4575 3003 4629 τοῦ
3049 4575 3366 4647 Σαράπιδος
3395 4573 3539 4644 ἀνῄει
3562 4568 3683 4627 ναὸν.

2143 4665 2252 4722 εἶδε
2291 4667 2391 4736 μὲν
2414 4669 2475 4722 τὸ
2505 4668 2696 4734 ξόανον
2724 4669 2922 4732 ἐκεῖνο,
2952 4666 3182 4737 μεγέθει
3217 4666 3322 4737 μὲν
3347 4668 3605 4737 μέγιστον,
3627 4657 3686 4719 ὥς

2143 4761 2238 4814 καὶ
2260 4758 2487 4813 δεδιέναι
2517 4757 2970 4829 παρασκευάζειν
3005 4760 3135 4821 τοὺς
3175 4758 3424 4829 ὁρῶντας
3442 4756 3514 4823 τῷ
3539 4752 3682 4820 δγκῳ.

2153 4854 2269 4925 Ἐφ’
2293 4848 2338 4923 ᾧ
2367 4855 2431 4925 δὴ
2461 4854 2620 4923 λόγος
2676 4854 2803 4916 τοὺς
2853 4851 3082 4915 πολλοὺς
3133 4855 3399 4921 κατεῖχεν
3426 4845 3680 4915 ἀπατηλὸς.

2140 4948 2217 5011 ὡς
2246 4946 2403 5011 εἴτις
2431 4948 2606 5017 τούτῳ
2635 4945 2882 5014 καθάψαι
2930 4948 2994 5013 τῇ
3022 4949 3189 5015 χειρὶ,
3227 4944 3563 5013 σεισθήσεται
3606 4935 3682 5004 μὲν

2139 5040 2303 5102 εὐθὺς
2340 5043 2374 5109 ἠ
2402 5040 2473 5108 γῆ
2509 5041 2678 5103 πᾶσα,
2728 5038 3079 5107 πανωλεθρία
3121 5036 3184 5090 δὲ
3226 5038 3355 5099 τοὺς
3386 5037 3445 5087 ἐν
3469 5036 3530 5105 τῇ
3561 5028 3679 5082 πνὶλει

2139 5130 2301 5194 εὐθὺς
2335 5130 2712 5202 καταλήψεται
2733 5149 2744 5161 ·
2795 5129 2830 5183 ὃ.
2857 5130 2922 5197 δὴ
2953 5130 3132 5181 πάντα
3177 5126 3444 5199 γρςῖδίων
3476 5123 3677 5176 κωθωνι-

2140 5222 2384 5293 ζομένων
2435 5219 2577 5276 εἶναι
2612 5223 2846 5293 νομίσας
2904 5222 3228 5291 ληρήματα,
3262 5221 3358 5271 καὶ
3391 5218 3451 5270 τὸ
3491 5212 3680 5286 μέγεθθς

2137 5318 2213 5377 ὡς
2244 5307 2576 5384 μικρότατον
2627 5312 3009 5383 λογισάμενος,
3047 5314 3156 5365 τῶν
3210 5330 3320 5365 τινι
3356 5311 3577 5362 πέλεκυν
3602 5301 3678 5354 ἀεὶ

464 5414 664 5466 tetram
721 5423 941 5462 omnem
975 5425 1005 5461 e
1043 5407 1270 5476 vestigio
1312 5422 1660 5470 concussum,
1705 5408 1823 5460 urbi
1852 5416 2030 5462 autem

2146 5408 2323 5474 χεῖρας
2358 5406 2538 5475 ἔχοντι
2589 5406 2773 5459 παίειν
2806 5404 3027 5457 ἐκέλευε
3080 5405 3177 5456 τὸν
3223 5403 3369 5457 θεόν.
3417 5401 3475 5455 ’0
3501 5400 3555 5452 δὲ
3586 5410 3681 5462 τεν*

465 5503 559 5562 ιθιὶ
594 5500 1024 5554 internecionem
1078 5498 1312 5553 act-itum
1347 5497 1436 5551 iri.
1472 5499 1603 5563 Quae
1634 5502 1815 5554 omnia
1856 5499 2039 5555 Theo:

465 5590 649 5663 philus
714 5592 878 5646 anilia
932 5593 1277 5647 ebriosarum
1328 5589 1776 5646 muliercularum
1836 5591 2037 5644 delira-

537 5700 614 5767 (l)
645 5702 798 5773 Socr.
834 5703 929 5758 lib.
960 5719 1014 5768 ν,
1045 5719 1165 5773 cap.
1199 5706 1284 5759 l7.

2137 5499 2296 5550 ναίαν
2345 5500 2490 5567 μάλα
2542 5500 2637 5551 καὶ
2694 5496 3017 5569 ἐρρωμένην
3045 5495 3416 5567 κατήνεγκεν.
3446 5494 3504 5545 Οἱ
3531 5491 3581 5543 δὲ
3609 5499 3681 5535 κε’

2144 5592 2440 5660 ριεστῶτες
2498 5593 2561 5644 ἐκ
2597 5589 2799 5643 πολλοῦ
2856 5590 2920 5642 τδ
2978 5587 3390 5659 θρυ).λούμενον
3441 5584 3680 5638 δείσαντες

539 5773 619 5841 (2)
648 5772 919 5840 Divinitus
971 5769 1406 5837 hieroglvuhicas
1457 5773 1588 5845 istas
1626 5774 1805 5831 crucis
1859 5773 2035 5835 forma
2075 5773 2345 5844 exhibitas
2379 5789 2518 5838 esse,
2556 5788 2679 5830 cum
2712 5772 2939 5830 Socrate
2958 5781 3142 5829 censet
3177 5769 3535 5838 Nieepborus.
