3936 6206
243 327 349 392 829

1162 342 1759 413 ΕΟΩΙΕδΙΑΞΤΙΟέΕ
1798 351 2181 445 ΠΙΞΤΟΒΗΕ
2223 357 2365 422 LIB.
2412 360 2550 426 XII.

3395 374 3500 441 830

241 443 573 514 ἀνεϐόησαν.
624 445 865 510 Ἐκεῖνος
913 449 970 504 δὲ
1001 450 1098 522 τὴν
1138 455 1353 526 πληγὴν
1388 461 1573 530 ἡρέμα
1604 462 1806 533 δεξάμε

1936 475 2118 521 menta
2144 483 2264 523 esse
2287 479 2504 539 pu:ans,
2531 480 2587 526 et
2618 471 2819 527 molem
2845 481 3051 529 vastam
3086 482 3145 531 ut
3174 492 3287 534 rem
3314 495 3506 551 quam-

239 553 354 599 νος,
384 536 503 589 οὐτ’
547 537 753 609 ἤλγησε
809 538 1018 606 ξύλινος
1070 544 1166 611 ὢν,
1221 548 1337 601 οὔτ’
1367 552 1546 619 ἀφῆκε
1600 555 1821 624 φωνήνο

237 629 439 698 νεκρὸς
463 631 574 701 γάρ
625 633 973 688 παντάπασιν
1018 631 1108 706 ἦν.
1143 637 1287 693 Ἀλλ’
1311 642 1423 695 οὐδ’
1450 644 1681 712 ἀμύνειν
1707 644 1822 716 εἶχε

239 721 420 789 μέγας
456 723 767 792 μεγαλωστὶ
796 727 933 795 πρὸς
963 728 1068 798 γῆν
1093 732 1356 801 ἐνεχθείς.
1389 735 1477 799 Ὠς
1509 735 1554 788 δ’
1575 736 1825 809 ἀφῄρητο

233 820 334 900 καὶ
373 812 474 883 τὴν
528 814 707 885 δεινὴν
733 817 998 888 κεφαλὴν,
1035 820 1169 890 μύες
1202 824 1465 892 ἀγεληδὸν
1498 828 1709 882 ἐκεῖθεν
1732 831 1825 900 ὲῤ-

235 898 498 971 ρύησανο
555 905 767 972 μυωξία
822 908 933 977 γὰρ
986 910 1249 983 ἄντικρυς
1305 915 1331 966 ό
1363 916 1474 970 τῶν
1502 898 1821 987 Αἰγυπτίων

235 992 361 1056 θεὸς
382 993 711 1064 περιϐόητος
730 994 817 1066 ἦν.
852 999 946 1062 Εἰς
988 1000 1160 1056 λεπτά
1197 1003 1244 1056 δ’
1274 1000 1367 1061 οὖν
1391 1007 1557 1062 αὑτὸν
1602 1010 1820 1081 διαιρή-

234 1097 455 1149 σαντες,
486 1085 555 1138 τὰ
614 1086 713 1152 μὲν
762 1086 1009 1155 δαπάνην
1037 1090 1259 1160 ἀφῆκαν
1312 1095 1484 1164 πυρί·
1523 1095 1623 1168 τὴν
1655 1096 1711 1149 δέ
1754 1113 1819 1166 γε

236 1174 451 1241 σεμνὴν
507 1174 727 1245 ἐκείνην
761 1178 854 1230 καὶ
884 1179 1164 1249 αἰδέσιμον
1193 1184 1439 1253 κεφαλὴν
1485 1184 1575 1238 διὰ
1615 1189 1819 1252 παντὸς

231 1264 332 1317 τοῦ
364 1266 561 1331 ἄστεος
589 1262 792 1336 εἷλκον,
824 1272 932 1325 τῶν
958 1273 1165 1344 ταύτην
1195 1277 1504 1347 σεϐομένων
1542 1281 1818 1352 ὁρώντων,

235 1357 332 1409 καὶ
362 1355 463 1409 τοῦ
498 1357 631 1431 παρ’
674 1361 857 1416 αὐτῶν
902 1367 1219 1436 τιμωμένου
1254 1369 1356 1439 τὴν
1380 1371 1670 1427 ἀσθένειαν
1697 1374 1848 1431 δια-.

232 1448 636 1517 χλευαζόντων.

1929 557 2072 625 piam
2136 558 2390 630 exiguam
2447 561 2781 633 despiciens,
2842 566 3133 635 quemdam
3208 570 3301 639 qui
3356 588 3503 642 pone

1926 648 2124 711 stabat,
2185 652 2422 707 securim
2462 653 2516 708 in
2573 669 2740 710 manu
2794 656 3110 727 habentem,
3171 662 3371 718 vulnus
3398 663 3503 720 deo

1927 739 2172 811 inﬂigere
2195 743 2381 813 jussit.
2415 744 2594 817 Atque
2619 748 2709 803 ille
2746 750 2956 822 plagam
2981 752 3261 824 ingentem
3292 754 3344 809 vi
3388 772 3501 810 ma-

1928 847 2032 901 gna
2066 831 2289 888 fortiter
2318 835 2523 892 intulit.
2564 839 2666 905 Qui
2704 856 2836 896 vero
2864 843 2939 898 ibi
2973 844 3224 910 aderant,
3261 844 3314 899 id
3351 847 3501 916 quod
3548 832 3562 875 ί

1928 920 2134 977 dudum
2159 923 2303 980 fania
2350 928 2617 998 jactatum
2674 931 2872 1001 fuerat,
2919 937 3103 1002 veriti,
3165 936 3497 992 immensum

1927 1013 2184 1082 quiddam
2223 1017 2625 1075 exclamarunt.
2659 1024 2835 1091 Atque
2890 1024 3029 1079 deus
3072 1027 3229 1096 plaga
3284 1026 3499 1097 placide

1923 1115 2163 1176 accepta,
2193 1109 2340 1177 quod
2388 1111 2605 1179 ligneus
2634 1124 2805 1183 esset,
2831 1132 3009 1187 neque
3037 1117 3278 1171 dolorem
3302 1118 3494 1182 sensit,

1922 1212 2102 1267 neque
2126 1214 2315 1254 vocem
2345 1203 2582 1273 aliquam
2608 1208 2814 1272 emisit,
2854 1209 3058 1279 quippe
3112 1210 3204 1279 qui
3248 1218 3498 1264 mortuus

1922 1301 2147 1356 prorsus
2166 1302 2312 1346 esset
2341 1312 2354 1346 :
2391 1296 2484 1349 sed
2518 1313 2698 1366 neque
2719 1298 3015 1354 defendere
3039 1317 3121 1366 se,
3149 1315 3273 1354 cum
3305 1310 3360 1354 et
3382 1315 3497 1353 ma-

1919 1394 2058 1447 gnus
2080 1390 2245 1446 esset,
2267 1392 2323 1438 et
2353 1400 2549 1457 magno
2574 1390 2779 1459 impetu
2808 1389 2862 1444 in
2888 1401 3088 1445 terram
3113 1391 3367 1456 ferretur,
3400 1406 3497 1461 po-

1923 1470 2045 1527 tuit.
2074 1470 2180 1528 Ubi
2208 1491 2339 1531 vero
2364 1489 2421 1533 et
2458 1489 2623 1550 caput
2654 1482 2704 1536 ei
2734 1494 3007 1540 resectum
3031 1492 3136 1549 est,
3164 1499 3348 1538 mures
3368 1484 3495 1536 inde

233 1544 504 1648 gregatim
567 1557 939 1604 emerserunt.
986 1550 1222 1607 Murium
1279 1556 1430 1609 enim
1468 1572 1705 1613 caverna
1760 1567 1817 1614 et
1856 1568 2258 1631 receptaculum
2329 1573 2560 1629 omnino
2599 1573 2924 1631 decantatus
2991 1577 3081 1631 ille
3113 1576 3491 1648 Egyptiorum

232 1633 382 1689 deus
411 1635 537 1691 fuit.
570 1638 735 1710 276
761 1638 1031 1711 Caeterum
1061 1654 1213 1700 vasto
1253 1646 1348 1702 illo
1379 1647 1524 1703 idolo
1551 1649 1605 1703 in
1633 1659 1819 1720 partes
1857 1655 2096 1713 minutas
2153 1659 2414 1730 dissecto,
2474 1665 2714 1736 reliquas
2732 1669 2953 1737 quidem
2988 1668 3096 1740 igni
3125 1633 3455 1723 mandarunt
3476 1707 3492 1730 .

230 1746 458 1785 sacrum
512 1741 697 1788 autem
756 1735 891 1791 illud
923 1745 980 1793 et
1042 1742 1415 1797 venerandum
1469 1753 1657 1815 caput,
1711 1761 1810 1816 per
1849 1749 2040 1806 urbem
2111 1768 2351 1823 onmem,
2405 1759 2489 1814 eis
2516 1735 2611 1830 qui
2677 1761 2727 1816 id
2751 1735 3032 1834 tanquam’
3070 1763 3488 1820 numencolue-

235 1831 386 1890 rant,
410 1824 867 1895 inspectantibus,
892 1838 947 1885 et
981 1833 1103 1911 ejus
1131 1848 1293 1905 quem
1322 1845 1607 1909 tantopere
1653 1840 2077 1912 bonoraverant,
2115 1847 2488 1910 inﬁrmitatem
2534 1824 2886 1922 ridentibus;
2933 1868 3237 1930 raptarunt.

838 1953 1094 2011 ΚΕΦΑΛ.
1130 1957 1257 2013 ΚΖ’.

233 2035 395 2123 Περὶ.
405 2037 518 2123 τῆς
545 2039 615 2118 ἐγ
642 2039 950 2123 διαφόροις
978 2046 1183 2123 ἔθνεσι
1211 2051 1669 2123 στάσεως-,ὑπὲρ
1696 2054 1815 2110 τῶν

300 2106 635 2189 εἰδωλιξιῶν
682 2106 942 2189 ,β-ὠμὶῦνξ
974 2119 1103 2189 καίῌ
1123 2120 1255 2187 περὶ
1310 2106 1668 2189 Μαρυξέλλοῗ)

299 2177 645 2261 ἐπισκόπου
691 2177 1031 2261 Ἀμφείας,
1071 2177 1466 2261 ὄρνιν’σπουδῇ
1512 2177 1815 2261 ἐχρήσατο

302 2251 461 2334 κατα
492 2251 613 2334 nor
669 2253 1000 2334 εἰδωλικῶν
1027 2251 1205 2324 redii,
1241 2260 1341 2314 καὶ
1369 2251 1461 2328 ὠξ
1481 2251 1810 2334 τέἷείμιιρο

301 2318 515 2384 τυρίον
551 2320 876 2388 ἐχρήσατο.

315 2431 410 2485 Ἐν
436 2431 485 2484 δ’
519 2434 713 2506 ἐκείνῳ
741 2436 821 2507 τῷ
866 2438 1042 2512 χρόνῳ
1076 2442 1262 2497 πολλοὶ
1297 2444 1409 2499 τῶν
1448 2446 1814 2519 Ἑλληνιστῶν

232 2522 383 2575 κατὰ
414 2522 600 2588 πόλεις
636 2526 778 2599 ὑπὲρ
805 2531 910 2582 τῶν
951 2531 1156 2603 βωμῶν
1206 2533 1327 2606 ἔριν
1370 2539 1657 2606 συνίστων,
1720 2543 1813 2595 καὶ

236 2613 406 2685 μέχρι
435 2616 667 2672 θανάτου
698 2621 1125 2691 διηγωνίζοντοο
1178 2629 1238 2683 ὲν
1291 2630 1393 2697 μὲν
1437 2628 1533 2686 οὖν
1580 2635 1814 2707 Ἀραϐίᾳ

234 2707 496 2778 Πετραῖοι
517 2712 610 2765 καὶ
641 2711 1030 2783 ’Λρεοπολῖται,
1062 2721 1213 2790 παρὰ
1233 2722 1292 2774 δὲ
1325 2722 1656 2797 Παλαιστίνῃ
1687 2727 1814 2780 Ῥα-

233 2800 442 2868 φιῶται
473 2805 567 2857 καὶ
595 2805 838 2872 Γαζαῖοι,
887 2811 1042 2881 παρὰ
1064 2811 1122 2865 δὲ
1174 2813 1408 2880 Φοίνιξιν
1472 2817 1814 2872 Ἥλιουπολῖ-

229 2910 326 2947 ται
349 2909 368 2926 ο
407 2897 506 2950 καὶ
546 2897 659 2951 τῶν
688 2900 874 2971 Σύρων
897 2901 952 2955 δὲ
990 2904 1231 2972 μάλιστα
1275 2909 1326 2967 οἰ
1351 2908 1444 2961 τοῦ
1478 2910 1608 2963 ναοῦ
1637 2909 1811 2965 Ἀπα-

230 2986 421 3057 μείας,
453 2987 487 3059 ἡ
518 2987 582 3058 δὴ
633 2991 709 3061 τῷ
737 2988 902 3062 Ἀξίῳ
960 2996 1198 3068 ποταμῷ
1252 2999 1657 3069 προσπελάζει·
1716 3002 1812 3068 οὓς

233 3079 548 3152 ἱστοροῦσιν
570 3083 662 3136 ἐπὶ
700 3086 917 3157 φυλακῇ
944 3087 1053 3142 τῶν
1077 3091 1341 3146 τοιούτων
1373 3093 1512 3149 νεῶν
1542 3096 1636 3148 καὶ
1667 3113 1809 3165 συμ-

235 3171 452 3238 μάχους
520 3174 1002 3241 μετακαλέσασθαι
1057 3177 1380 3243 Γαλιλαίους
1431 3183 1667 3254 ἄνδρας·
1714 3186 1811 3238 καί

2486 1977 2717 2033 CAPUT
2754 1978 2961 2035 XXVII.

1918 2058 1993 2114 De
2033 2067 2196 2141 pariis
2248 2070 2407 2141 apud
2444 2072 2624 2125 uarias
2671 2082 2849 2140 gentes
2891 2080 3107 2141 propter
3155 2071 3489 2125 abolitionem

1987 2134 2263 2198 altarium,
2284 2134 2582 2203 idolorum,
2622 2134 2963 2197 seditionibus
2989 2134 3051 2195 "et
3081 2143 3411 2196 tumultibus.
3443 2151 3492 2195 et

1985 2206 2048 2259 de
2077 2205 2330 2280 Mareello
2359 2209 2625 2280 Amaseno
2660 2214 2918 2279 episcopo,
2968 2221 3164 2280 quanto
3195 2212 3367 2265 studio
3401 2214 3493 2265 de-

1986 2275 2262 2353 rnolieudis
2282 2278 2542 2333 idolorum
2559 2275 2767 2350 templis
2784 2275 2924 2343 usus,
2951 2275 3211 2351 postremo
3233 2282 3490 2353 martyrio

1986 2346 2054 2399 sit
2081 2346 2379 2415 defunctus.

1986 2455 2188 2512 Eodem
2223 2467 2471 2528 tempore
2513 2432 2666 2516 multi
2722 2461 2926 2516 Graeca:
2979 2459 3361 2530 superstitioni
3395 2458 3490 2512 ad-

1913 2548 2044 2603 dicti
2075 2550 2129 2603 in
2161 2551 2407 2615 urbibus,
2443 2552 2512 2608 de
2566 2553 2681 2609 aris
2714 2554 2942 2609 deorum
2973 2552 3398 2613 contenderunt,
3429 2558 3489 2605 et

1913 2639 1980 2693 ad
2014 2651 2246 2696 mortem
2303 2658 2477 2713 usque
2521 2644 2900 2699 decertarunt.
2964 2642 3137 2700 Sicuti
3197 2643 3252 2696 in
3286 2640 3487 2696 Arabia

1914 2727 2106 2786 Petraei
2135 2742 2192 2787 et
2220 2734 2576 2803 Areopolitze,
2607 2735 2751 2807 apud
2773 2736 3097 2791 Palaestinos
3123 2735 3409 2804 Rupilium:
3430 2740 3489 2786 et

1912 2821 2113 2889 Gazzei,
2166 2827 2308 2893 apud
2366 2827 2660 2884 Phoenices
2721 2809 3181 2898 Ileiiopolitzewt
3225 2826 3278 2880 in
3330 2822 3487 2894 Syria

1912 2916 2146 2971 maxime
2205 2919 2467 2988 templum
2523 2926 2939 2991 prepugnarunt
2992 2918 3284 2989 Apameui,
3344 2915 3486 2970 Axio

1912 3010 2055 3063 amni
2091 3011 2387 3081 propinqui
2414 3026 2431 3064 :
2489 3026 2629 3081 quos
2657 3011 2938 3067 memoriae
2972 3010 3248 3081 proditum
3279 3017 3384 3073 est,
3415 3007 3483 3061 ad

1912 3102 2239 3171 templorum
2314 3103 2585 3174 ejusmodi
2665 3103 2972 3159 custodiam
3027 3113 3085 3158 et
3145 3100 3484 3173 praesidium,

1910 3195 2091 3250 socios
2114 3204 2171 3250 et
2199 3196 2492 3251 auxiliares
2521 3196 2794 3262 Galilaos,
2841 3208 2899 3253 et
2924 3196 3191 3267 quosdam
3235 3211 3303 3251 ex
3345 3194 3488 3250 vicis

227 3279 391 3325 τινας
427 3264 535 3317 ἀπὸ
567 3264 676 3317 τῶν
709 3267 913 3337 κωμῶν
945 3267 1002 3321 αἶ
1043 3272 1390 3340 περιοικοῦσι
1415 3274 1506 3328 τὸν
1533 3275 1803 3331 Λίϐανον·

1914 3301 2098 3342 eorum
2127 3289 2219 3358 qui
2250 3290 2455 3345 circum
2490 3288 2757 3345 Libanum
2782 3299 3022 3344 montem
3050 3288 3323 3352 habitant,
3353 3302 3488 3341 evo.

223 3448 323 3500 τὸν
350 3449 697 3519 περιώνυμον
731 3452 1047 3523 Μάρκελλον
1073 3455 1199 3526 τῇδε
1223 3458 1673 3529 ἐπισκοπήσαντα
1692 3461 1809 3514 δια-

227 3541 567 3611 χρήσασθαι,
597 3545 698 3614 τῆς
737 3545 1227 3620 ἐγκεχειρισμένης
1260 3552 1473 3616 πόλεως
1504 3555 1572 3607 τὰ
1601 3555 1803 3626 τεμένη

225 3631 656 3700 ὲξαφανίσαντα,
695 3639 759 3708 τῇ
793 3638 929 3708 πρὸς
954 3638 1090 3695 Θεὸν
1119 3642 1399 3715 παρρησίᾳ
1436 3645 1640 3714 μᾶλλον
1669 3647 1703 3718 ἢ
1735 3652 1802 3720 τῇ

222 3724 553 3797 πολυχειρίᾳ
579 3729 944 3799 χρησάμενον.
984 3732 1138 3787 Ἐπεὶ
1165 3735 1272 3805 γὰρ
1312 3735 1592 3809 Ἰωάννης,
1626 3738 1687 3792 οὗ
1709 3742 1807 3795 καὶ

225 3818 472 3889 πρόσθεν
494 3821 795 3890 ἐμνήσθην,
851 3823 1104 3879 ἐτελεύτα
1131 3826 1225 3881 τὸν
1248 3826 1385 3898 βίον,
1415 3832 1444 3884 ό
1474 3831 1653 3887 πάντα
1683 3835 1805 3905 ἄρι-

222 3925 353 3973 στος
378 3910 564 3965 οὐτοσὶ
594 3913 917 3984 Μάρκελλος
950 3917 1067 3970 ἀντ’
1097 3919 1311 3974 ικείνου
1363 3922 1465 3993 τῆς
1508 3923 1803 3996 Ἀπαμέων

221 4000 412 4071 χώρας
448 4001 551 4069 τὴν
598 4004 896 4074 προεδρίαν
947 4007 1187 4077 εἰλήφει,
1216 4010 1360 4073 ζέων
1408 4012 1488 4085 τῷ
1527 4016 1800 4087 πνεύματι

221 4094 373 4146 κατά
405 4094 500 4147 τὸν
523 4095 666 4148 θεῖον
710 4096 1055 4154 Ἀπόστολον.
1095 4101 1250 4155 Ἐπεὶ
1287 4105 1343 4158 δὲ
1373 4107 1470 4159 καὶ
1498 4107 1526 4160 ό
1554 4105 1802 4180 ὕπαρχος

223 4188 328 4240 σὺν
359 4187 480 4240 δυσὶ
523 4188 830 4259 χιλιάρχοις
861 4193 940 4256 εἰς
972 4193 1071 4262 τὴν
1103 4195 1317 4251 ἐκείνου
1365 4199 1520 4253 πόλιν
1542 4200 1797 4270 ἀφίκετο,

219 4278 486 4350 πρόθεσις
520 4278 568 4331 δ’
592 4276 662 4353 ἦν
685 4280 753 4334 τά
786 4281 894 4335 τῶν
917 4283 1151 4338 εἰδώλων
1184 4287 1422 4342 διαλύειν
1474 4292 1698 4364 τεμένη,
1740 4293 1800 4347 τὸ

223 4372 333 4441 μὲν
362 4371 567 4441 πλῆθος
594 4371 705 4426 τῶν
756 4377 1106 4445 στρατιωτῶν
1152 4378 1466 4450 ιφησύχαζε
1496 4382 1639 4436 δέει⁶
1688 4386 1717 4439 ό
1740 4386 1798 4439 δὲ

215 4463 301 4533 τῷ
328 4464 547 4531 τεμένει
582 4464 881 4535 προσέϐαλε
912 4467 1007 4521 τοῦ
1034 4469 1155 4533 Διὸς
1170 4471 1406 4529 διαλύειν
1431 4476 1793 4547 πειρώμενοςο

213 4554 244 4607 δ
272 4552 357 4625 δὴ
378 4555 638 4625 μέγιστόν
664 4572 723 4609 τε
750 4550 820 4626 ἦν
847 4557 936 4610 καὶ
962 4561 1041 4623 εἰς
1080 4560 1276 4625 κάλλος
1296 4563 1536 4630 ἐξαίσιον
1557 4568 1798 4623 ὲποικίλ·

1909 3472 2110 3527 ἀεηῑίιιι
2144 3472 2408 3535 evasisse,
2442 3480 2502 3527 ut
2530 3471 2900 3527 clarissimum
2928 3471 3134 3525 .virum
3166 3468 3482 3523 Marcellum

1908 3563 2207 3635 episcopali
2258 3563 2333 3618 ibi
2387 3563 2708 3633 fungentem
2769 3559 3000 3617 munere
3061 3559 3477 3615 interemerint:

1909 3661 2195 3724 propterea
2217 3652 2362 3723 quod
2385 3654 2696 3709 commissa:
2720 3652 2824 3708 sibi
2848 3650 3002 3706 urbis
3024 3649 3277 3713 delubra,
3307 3648 3485 3719 magis

1906 3758 2006 3799 sua
2028 3759 2157 3816 erga
2190 3744 2360 3800 Deum
2402 3743 2624 3810 fiducia,
2660 3756 2823 3813 quam
2880 3742 3009 3797 forti
3042 3741 3343 3797 multorum
3376 3740 3480 3795 bo-

1908 3835 2119 3890 minum
2148 3843 2338 3891 coacta
2382 3849 2546 3889 manu
2580 3834 2933 3890 abolevisset.
2959 3832 3063 3889 Ubi
3113 3834 3265 3889 enim
3313 3832 3480 3889 Joan-

1904 3941 2003 3984 nes
2034 3929 2133 3997 (l),
2168 3927 2326 3999 cujus
2354 3936 2516 3983 antea
2546 3942 2766 3997 quoque
2824 3928 3159 3981 mentionem
3220 3925 3476 3988 fecimus,

1904 4019 2162 4085 decessit,
2210 4019 2378 4076 rebus
2409 4019 2671 4076 omnibus
2695 4020 2938 4088 optimus
2989 4017 3279 4073 Marcellus
3349 4018 3476 4080 iste,

1903 4125 2005 4181 pro
2019 4109 2112 4166 illo
2137 4110 2378 4180 regionis
2406 4109 2702 4182 Apamense
2726 4110 3098 4182 episcopalem
3120 4109 3479 4173 administrat

1901 4203 2102 4257 tionem
2137 4202 2365 4258 sortitus
2385 4212 2493 4265 est.
2517 4203 2717 4273 spiritu
2753 4205 2908 4276 juxta
2932 4203 3120 4259 divum
3155 4204 3477 4272 Apostolum

1867 4290 1873 4295 ’
1902 4293 2142 4348 fervens.
2169 4295 2352 4364 Atque
2375 4294 2468 4350 ubi
2517 4295 2812 4366 praefectus
2831 4292 3078 4352 Orientis
3102 4313 3226 4352 eum
3254 4297 3476 4355 duobus

1900 4386 2138 4443 tribunis
2192 4387 2248 4442 in
2284 4388 2476 4445 urbem
2535 4405 2657 4445 eam
2693 4390 2937 4455 advenit,
3006 4407 3074 4448 eo
3125 4392 3361 4449 consilio
3412 4402 3477 4448 ut

1896 4479 2173 4535 idolorum
2196 4479 2321 4536 fana
2361 4481 2747 4549 demoliretur,
2808 4484 2964 4555 plebs
3009 4485 3257 4554 quidem,
3319 4485 3475 4555 quod

1900 4572 2197 4634 militarem
2231 4586 2454 4628 manum
2498 4583 2789 4640 metueret,
2821 4575 3006 4645 quieta
3048 4576 3149 4630 fuit
3189 4594 3204 4630 :
3251 4586 3310 4631 et
3334 4591 3476 4643 pra-1

213 4648 365 4700 λετο.
414 4646 577 4700 Ἀλλά
602 4649 698 4701 καὶ
723 4648 995 4721 οτεγανὴν
1017 4652 1111 4705 καὶ
1131 4655 1487 4728 στερρὰηιτὴν
1516 4659 1794 4732 συνθήκην

1914 4663 2076 4719 'ectus
2122 4661 2278 4719 Jovis
2317 4663 2580 4732 templum
2612 4660 2811 4719 eruere
2845 4673 2930 4719 est
2955 4678 3263 4734 aggressus,
3322 4664 3471 4734 quod

211 4739 328 4792 τῶν
350 4738 514 4792 λίθων
558 4738 708 4805 ἰδὼν,
745 4738 884 4810 ᾤετο
904 4742 1192 4814 ἀμήχανον
1224 4743 1367 4801 εἶναι
1397 4749 1496 4821 τὴν
1520 4752 1790 4823 τοσαύτην

207 4831 485 4901 ἁρμονίαν
510 4831 828 4903 διαλυθῆναι
848 4848 863 4864 ·
906 4833 1152 4905 μέγιστοι
1185 4839 1294 4911 γὰρ
1314 4840 1436 4896 λίαν
1462 4842 1611 4908 ὄντες
1631 4848 1679 4899 oi
1711 4846 1789 4901 λί-

207 4925 302 4978 θοι
337 4925 507 4993 παχεῖ
534 4923 737 4995 σιδήρῳ
776 4925 873 4979 καὶ
908 4927 1146 4999 μολίϐδῳ
1193 4929 1570 5005 διακεχυμένῳ
1617 4936 1790 4993 ἁπαν-

202 5014 384 5086 ταχοῦ
428 5017 855 5086 συνηρμόζοντο.
923 5017 982 5073 ’0
1047 5022 1229 5076 τοίνυν
1285 5023 1427 5089 θεῖος
1464 5026 1787 5099 Μάρκελλος

201 5107 565 5177 δειμαίνοντα
592 5107 736 5162 οὕτω
763 5110 854 5163 τὸν
886 5110 1134 5183 ὕπαρχον
1169 5115 1529 5186 θεασάμενος,
1574 5121 1787 5179 ἐκεῖνον

205 5203 320 5271 μιν
368 5198 504 5270 πρὸς
532 5200 630 5265 τὰς
653 5200 820 5265 ἄλλας
866 5203 976 5258 τῶν
1004 5206 1213 5261 πόλεων
1266 5214 1464 5282 χωρεῖν
1494 5213 1748 5268 ἐκέλευεν
1769 5231 1785 5248 ·

201 5290 375 5354 αὐτὸς
404 5290 461 5343 δὲ
493 5289 633 5343 Θεοῦ
661 5290 832 5345 ὲδείτο
874 5292 1060 5347 δοῦναι
1087 5296 1255 5365 πόρον
1280 5297 1360 5370 τῷ
1390 5300 1664 5372 ἀμηχάνῳ
1689 5302 1786 5356 τοῦ

202 5384 563 5453 πράγματος.
593 5383 701 5437 Καὶ
726 5384 789 5449 δή
821 5402 904 5448 τις
931 5385 1104 5440 ἔωθεν
1139 5389 1264 5459 ἥκει
1298 5392 1650 5463 αὐτόκλητος,
1675 5393 1789 5448 οὔτ’

201 5472 538 5543 οἱκοδομεῖν,
564 5472 687 5526 οὔτε
714 5474 896 5539 λίθους
930 5479 1170 5547 τέμνειν,
1224 5481 1352 5553 μήτ’
1373 5482 1541 5554 ἄλλην
1588 5485 1787 5557 τέχνην

203 5567 639 5633 ἐξεπιστάμενος
660 5583 675 5602 ο
710 5568 851 5638 μόνα
877 5570 933 5623 δὲ
982 5572 1112 5636 ξύλα
1142 5576 1237 5629 καὶ
1269 5575 1449 5640 λίθους
1479 5577 1659 5647 αἰρειν
1694 5580 1786 5632 ἐπὶ

202 5659 318 5714 τῶν
338 5658 508 5729 ὤμων
542 5661 895 5730 μεμαθηκώς.
946 5666 1268 5723 Ποοσελθὼν
1306 5669 1383 5736 δὲ,
1427 5671 1574 5727 δυοίν
1611 5673 1786 5744 τεχνί-

280 5772 356 5875 ρ)
394 5771 526 5842 Cap.
548 5791 576 5828 ν
607 5774 729 5830 eod.

1899 4754 2123 4825 quidem
2152 4764 2209 4810 et
2237 4756 2535 4809 maximum
2561 4766 2616 4810 et
2635 4755 2978 4811 ornamentis
3004 4756 3173 4810 variis
3199 4754 3470 4823 etpraeci-

1899 4844 2024 4917 puis
2075 4845 2504 4915 pulcberrimum
2557 4846 2680 4901 fuit.
2722 4847 2922 4902 Verum
2966 4861 3093 4901 cum
3124 4846 3369 4917 lapidum
3410 4856 3471 4901 et

1897 4916 2145 4990 materia
2174 4942 2506 4990 structuram
2540 4936 2768 4991 solidam
2798 4944 2855 4992 et
2910 4936 3122 4992 firmam
3173 4916 3472 4993 admodum

1897 5029 2191 5100 praefectus
2225 5043 2346 5084 esse
2366 5038 2642 5093 cerneret,
2679 5032 2797 5086 fieri
2830 5046 2939 5086 non
2960 5045 3121 5100 posse
3152 5033 3470 5102 putavit,ut

1897 5129 2047 5174 tanta
2063 5133 2326 5191 compago
2350 5120 2488 5176 solvi
2521 5130 2615 5177 aut
2649 5122 2792 5177 dirui
2818 5132 3018 5193 posset.
3052 5123 3284 5178 Maxima
3317 5139 3471 5178 nam-

1896 5229 2001 5284 que
2022 5227 2150 5267 saxa
2174 5213 2459 5269 immensis
2500 5213 2852 5271 ferramentis
2881 5229 2938 5271 et
2975 5217 3200 5287 plumbo
3245 5214 3468 5281 ditl‘uso,

1893 5321 1958 5361 ex
1986 5306 2134 5359 omni
2164 5316 2317 5376 parte
2338 5316 2463 5376 apte
2490 5320 2773 5378 compacta
2803 5309 3244 5377 etconglutinata
3272 5316 3457 5363 erant.

1893 5396 2057 5466 277
2088 5396 2255 5451 Divus
2288 5409 2471 5453 autem
2508 5399 2796 5454 Marceilus
2830 5399 3143 5468 prtefectum
3197 5400 3277 5455 sic
3306 5401 3463 5457 labo-

1892 5502 2007 5541 rem
2041 5504 2164 5542 eum
2193 5489 2642 5545 reformidantem
2676 5507 2926 5555 cernens,
2953 5491 3102 5545 illum
3130 5492 3351 5563 quidem
3396 5495 3468 5550 ad

1892 5580 2026 5635 alias
2059 5581 2223 5637 urbes
2253 5585 2483 5638 transire
2518 5584 2718 5654 jussit:
2756 5586 2873 5654 ipse
2912 5594 3094 5639 autem
3121 5586 3294 5642 Deum
3331 5602 3461 5659 pre-

1889 5681 2046 5729 catus
2068 5684 2175 5740 est,
2200 5684 2258 5730 ut
2286 5676 2362 5731 rei
2400 5684 2508 5732 tam
2543 5675 2729 5732 dillieli
2787 5688 2843 5733 et
2902 5675 3205 5748 desperata:
3250 5681 3465 5755 exitum
