3936 6206
491 330 597 393 827

1726 329 2149 391 NICEPHORI
2191 331 2545 392 CALLISTI

3592 349 3675 413 828

491 443 763 516 Serapidi,
795 442 892 499 sed
942 442 1168 513 ﬁguram
1200 456 1321 497 eam
1357 441 1504 497 aliud
1556 441 1777 514 quidem
1807 442 2046 499 Cbristia

2176 442 2444 510 Σαράπιδι
2478 443 2662 513 ἔλεγον
2685 461 2701 478 ο
2735 442 2852 499 ἀλλ’
2881 444 3158 515 ἐγχωροῦν
3188 439 3321 503 εἶναι
3348 449 3405 504 τὸ
3432 454 3546 509 αὐτὸ
3570 461 3673 530 σχῇ.

489 542 601 607 uis,
628 540 776 595 aliud
812 554 942 594 vero
967 538 1172 593 Graecis
1224 539 1648 608 superstitiosis,
1673 539 1983 610 signiﬁcare
2018 551 2072 596 et

488 631 816 699 partendere
845 644 1005 699 posse
1060 628 1340 684 dixerunt.
1400 631 1516 696 Qua
1579 631 1647 686 de
1701 647 1759 688 re
1813 648 1941 688 cum
1990 634 2071 689 sic

487 722 883 790 ambigeretur,
923 720 1078 788 multi
1112 721 1330 775 illorum
1365 721 1845 779 Christianismum
1881 740 2070 780 susce-

489 828 633 879 ιιι-νυ.
654 812 755 875 Qui
791 812 955 865 etiam
984 811 1522 882 liiemglyphicarnm
1551 815 1859 870 litterarum
1901 816 2071 872 inter-

487 901 877 969 pretandarnm
931 901 1094 970 periti
1163 901 1264 972 (1),
1325 903 1699 959 characterem
1732 907 1835 961 sub
1887 907 2067 962 crucis

486 996 679 1052 turma.
719 994 883 1045 vitam
926 991 1169 1046 futuram
1236 994 1544 1063 significare
1595 995 1875 1052 dixerunt.
1909 996 2062 1063 Quod

479 1084 779 1136 Christiani
810 1084 1109 1147 plurimum
1135 1083 1200 1138 ad
1229 1085 1543 1154 religionem
1574 1101 1727 1140 suam
1758 1087 2062 1150 trahentes.

483 1188 540 1229 ut
572 1181 878 1243 permultos
908 1178 973 1229 ad
1006 1168 1335 1231 sententiam
1368 1194 1521 1232 suam
1578 1179 1937 1247 adducerent,
1966 1198 2063 1237 occ

479 1269 756 1321 t-nsionem
814 1268 1054 1321 habuere
1097 1278 1429 1336 :propterea
1477 1270 1623 1339 quod
1671 1271 1792 1325 aliae
1842 1288 2062 1343 quoque

478 1360 676 1413 litterae
703 1369 892 1428 aperte
943 1359 1313 1425 declararunt,
1348 1361 1611 1430 templum
1670 1362 1724 1416 id
1783 1361 2062 1434 Serapidis

480 1451 901 1520 relinquendum
946 1467 1171 1518 prorsus
1203 1467 1345 1517 esse,
1375 1469 1498 1507 cum
1526 1453 1709 1508 crucis
1745 1454 1833 1510 ille
1865 1456 2059 1511 chara-

476 1550 617 1603 cter,
641 1544 731 1610 qu?
759 1543 996 1596 obscure
1031 1552 1315 1597 venturam
1351 1545 1516 1598 vitam
1570 1545 1929 1617 signiﬁcaret.
2000 1550 2057 1603 in

478 1643 728 1701 apertum
790 1634 1089 1703 productus
1128 1645 1292 1692 esset.
1361 1638 1537 1705 Atque
1592 1638 1643 1692 id
1681 1639 1942 1708 templum
1988 1642 2054 1696 ad

480 1727 633 1781 hunc
661 1727 885 1780 modum
937 1735 1023 1781 est
1056 1742 1329 1781 eversum.
1362 1728 1563 1783 Verum
1617 1745 1724 1783 non
1775 1731 1846 1785 ita
1886 1733 2057 1787 multo

2179 554 2255 606 μα
2285 535 2415 590 ἄλλο
2463 537 2565 607 μὲν
2595 537 2748 607 παρὰ
2804 538 3171 609 Χριστιανοῖς,
3204 540 3327 595 ἄλλο
3349 541 3401 595 δέ
3444 550 3674 616 σημαίνειν

2175 627 2309 697 παρ’
2346 628 2597 697 Ἕλλησι.
2634 629 2907 699 Τοιαύτης
2940 629 2999 685 δὲ
3053 631 3353 703 κρατούσης
3383 636 3672 707 ἀμφισολίας,

2173 722 2359 775 πολλοὶ
2390 722 2615 776 ἐκείνων
2648 721 2727 792 τῷ
2760 721 3189 793 Χριστιανισμῷ
3235 726 3609 793 προσετίθεντο⁰
3635 732 3673 786 οἳ

2172 812 2401 867 καὶτῶν
2443 813 2843 885 ἱερογλυφικῶν
2877 814 3220 885 γραμμάτων
3267 816 3360 879 τὰς
3386 815 3549 881 λύσεις
3589 818 3675 887 ἐξε.

2173 904 2516 973 πιστάμενοι,
2550 904 2919 976 διηρμήνευον
2953 904 3044 958 τὸν
3076 907 3383 976 σταυροειδῆ
3407 911 3672 981 χαρακτῆρα

2171 997 2398 1060 ἐκεῖνον,
2438 998 2582 1069 ζωὴν
2617 997 2998 1083 ἐπερχομένην
3046 998 3348 1068 σημαίνειν.
3392 1000 3451 1053 Ὀ
3490 1001 3545 1070 δὴ
3571 1003 3674 1071 Χρι.

2169 1088 2378 1140 στιανοὶ
2408 1087 2483 1151 ὡς
2524 1089 2780 1143 πλεῖστον
2835 1089 2914 1152 είς
2947 1088 3047 1158 τὴν
3074 1088 3277 1142 οἰκείαν
3307 1087 3571 1159 θρησκείαν
3594 1094 3671 1162 ἀρ-

2168 1179 2463 1243 πάσαντες,
2499 1179 2775 1249 πρόφασιν
2812 1174 2957 1250 εἶχον
2980 1180 3210 1243 πολλοὺς
3239 1183 3314 1243 είς
3341 1180 3430 1252 τὴν
3455 1187 3670 1255 σφετέραν

2163 1267 2321 1333 δόξαν
2355 1269 2617 1339 μετάγειν
2640 1286 2656 1303 ο
2686 1271 2769 1324 ὅτι
2800 1287 2863 1339 γε
2888 1271 2984 1323 καὶ
3001 1270 3134 1324 ἄλλα
3153 1272 3444 1340 γράμματα
3470 1275 3670 1344 ὲμφανῶς

2164 1354 2417 1431 ἐδήλουν,
2444 1360 2506 1414 τὸ
2541 1360 2685 1433 ἱερὸν
2710 1362 2888 1415 ἐκεῖνο
2929 1361 3023 1415 τοῦ
3055 1362 3355 1431 Σαράπιδος
3384 1365 3670 1418 παντάπασιν

2164 1452 2432 1520 ἐκλιπεῖν,
2486 1452 2729 1523 ὁπηνίκα
2770 1455 2798 1506 ό
2832 1454 3204 1524 σταυροειδὴςῖ
3234 1455 3427 1518 ἐκεῖνος
3471 1458 3668 1527 ἀναφινῇ

2161 1544 2471 1614 χαρακτήρ.
2516 1542 2720 1597 Τοῦτον
2751 1545 2860 1614 γάρ
2896 1542 3234 1597 αἰνίττεσθαι
3275 1539 3405 1597 εἷναι
3431 1544 3517 1615 τὴν
3544 1547 3669 1615 ἐπερ-

2160 1634 2398 1703 χομένην
2441 1635 2609 1702 ζωήν.
2656 1634 2820 1687 Ἀλλά
2867 1635 2927 1687 τὸ
2957 1634 3059 1703 μὲν
3098 1634 3369 1702 Σαράπιον
3395 1634 3520 1687 οὓτω
3544 1636 3670 1687 κατέο

2161 1742 2439 1796 στραπται
2461 1741 2477 1756 ο
2509 1726 2610 1779 ούκ
2636 1725 2715 1788 είς
2739 1725 2961 1796 μακρὰν
2985 1725 3042 1778 δέ
3072 1726 3209 1796 πρὸς
3239 1725 3507 1797 ἐκκλησίας
3525 1727 3669 1797 σχῆμα

478 1829 598 1887 post
628 1820 685 1874 in
730 1820 973 1874 ecclesiae
1036 1820 1266 1875 formam
1299 1820 1401 1874 sub
1429 1820 1648 1875 Arcadii
1697 1825 1917 1880 nomine
1976 1837 2048 1881 esl

2163 1814 2577 1884 μετεσκευάσθη
2614 1813 2905 1887 Ἀρκαδίου
2949 1815 3262 1886 ἐπώνυμον.
3307 1815 3438 1885 Ἐγὼ
3462 1816 3502 1870 δ’
3524 1820 3664 1887 οἴομαι

479 1911 785 1966 redactum.
843 1911 953 1981 Ego
988 1912 1211 1981 quidem
1247 1912 1565 1967 sacerdotes
1617 1912 1932 1985 Aigyptios,
1963 1918 2057 1989 qui

474 2002 543 2058 de
568 2003 786 2060 Christo
816 2005 953 2059 nihil
977 2020 1202 2075 prorsus
1229 2005 1604 2075 praeviderint,
1626 2006 1837 2063 litteras
1860 2008 1938 2081 (2)
1964 2026 2056 2067 eas

474 2097 579 2151 sub
603 2098 787 2151 crucis
813 2096 987 2151 forma
1012 2112 1121 2151 non
1155 2099 1520 2168 exsculpsisse
1544 2110 1695 2170 puto.
1736 2100 1791 2157 Si
1822 2119 2057 2173 namque

472 2188 543 2243 ab
573 2190 705 2258 ipsis
727 2189 942 2244 saeculis
973 2190 1293 2260 mysterium
1319 2194 1399 2261 (ut
1418 2192 1619 2248 Paulus
1647 2193 1848 2267 inquit)
1870 2198 2057 2251 occul-

475 2288 673 2343 tatum,
704 2280 1007 2349 principem
1042 2280 1398 2337 tenebrarum
1449 2283 1644 2339 latuit:
1688 2285 1859 2340 multo
1888 2288 2055 2358 magis

470 2386 688 2439 aequum
722 2379 824 2430 est.
853 2371 1253 2442 illiusquoque
1311 2374 1686 2430 sacerdotibus
1720 2376 1965 2444 ignotum
2000 2378 2053 2432 id

470 2459 639 2515 fuisse
672 2460 1014 2516 existimare.
1046 2461 1191 2528 Quin
1253 2463 1437 2532 potius
1466 2465 1825 2534 providentiae
1856 2468 2055 2526 divinae

468 2567 609 2621 opus
639 2552 695 2608 id
734 2568 853 2608 esse
883 2554 1158 2624 quispiam
1184 2556 1510 2623 arbitretur,
1540 2566 1600 2612 ut
1634 2561 1874 2629 quaestio
1902 2563 2051 2618 scili-

446 2652 557 2697 ‘cet
584 2644 651 2699 de
686 2645 891 2700 litteris
919 2646 1262 2717 ejuscemodi
1328 2649 1506 2704 lieret.
1562 2649 1621 2704 Id
1656 2653 1801 2721 quod
1862 2655 2049 2709 itidem

468 2747 629 2792 antea
674 2739 729 2815 in
759 2740 1010 2809 apostolo
1045 2740 1216 2795 Paulo
1255 2742 1462 2797 evenit.
1489 2744 1652 2813 275
1697 2745 1790 2799 Ille
1811 2760 2049 2816 namque

468 2816 739 2900 spirituali
769 2833 1035 2903 sapientia
1069 2835 1287 2905 plenus,
1323 2837 1513 2893 eadem
1563 2839 1778 2896 ratione
1812 2851 1871 2897 et
1927 2852 2049 2899 arte

470 2925 614 2993 apud
650 2925 1020 2980 Athenienses
1042 2942 1193 2989 usus.
1222 2929 1509 2983 oraculum
1524 2930 1757 2985 consilio
1788 2940 1843 2986 et
1872 2947 2051 2988 causae

469 3031 582 3069 sua:
606 3017 1068 3080 accommodavit,
1100 3027 1156 3072 et
1187 3020 1390 3074 multos
1420 3019 1484 3073 ad
1515 3036 1697 3076 veram
1728 3022 2044 3094 religionem

2162 1905 2331 1976 μηδέν
2387 1923 2437 1958 τι
2474 1905 2795 1970 προειδότας
2843 1904 2973 1968 τοὺς
3024 1905 3344 1973 Αἰγυπτίων
3390 1906 3529 1976 ίερείς
3568 1907 3665 1976 περὶ

2157 1998 2253 2050 τοῦ
2276 1997 2542 2067 Χριστοῦ,
2575 1997 2635 2050 τὸ
2660 1996 2955 2065 σταυρικδν
2987 1997 3170 2050 ἐκεῖνο
3200 1998 3423 2067 γράμμα
3453 1997 3502 2049 οὐ
3520 1997 3661 2049 διατυ-

2158 2094 2378 2147 πῶσαιο
2423 2095 2473 2149 εί
2526 2093 2636 2165 γὰρ
2668 2092 2729 2146 τὸ
2764 2092 2872 2145 ἀπὸ
2922 2092 3032 2146 τῶν
3096 2090 3310 2144 αἰώνων
3350 2089 3660 2159 κεκρυμμένον

2161 2185 2465 2256 μυστήριον
2604 2201 2738 2253 φησι
2773 2172 3144 2252 Παῦλοςγτδν
3178 2181 3268 2235 τοῦ
3298 2181 3500 2242 σκότους
3525 2178 3665 2231 ἔλαθεν

2157 2277 2423 2346 ἄρχοντα,
2450 2275 2631 2347 πολλῷ
2653 2276 2856 2347 μᾶλλον
2880 2276 3026 2337 είκδς
3053 2273 3425 2344 ἐκλογίζεσθαι
3442 2272 3547 2332 τοὺς
3563 2269 3664 2321 ὲκεί-

2155 2387 2248 2424 νου
2285 2371 2577 2439 διαφυγεῖν
2606 2369 2798 2441 ἱερεῖς.
2845 2369 2961 2437 Τῆς
2993 2367 3052 2420 δέ
3088 2367 3349 2438 Προνοίας
3376 2366 3519 2436 ἔργον
3535 2364 3586 2418 ἄν
3604 2379 3664 2424 τις

2154 2462 2454 2529 λογίσαιτο,
2512 2462 2589 2527 ὡς
2624 2463 2690 2517 ἄν
2721 2479 2783 2531 γε
2838 2460 3079 2532 ζήτησις
3116 2460 3247 2531 περὶ
3277 2459 3368 2512 τοῦ
3400 2457 3663 2527 γράμματος

2152 2555 2382 2620 γένοιτο.
2423 2555 2488 2608 '0
2527 2553 2592 2626 δὴ
2638 2555 2733 2607 καὶ
2778 2554 2878 2607 ἐπὶ
2934 2553 3014 2623 τῷ
3047 2552 3332 2622 ἀποστόλῳ
3380 2550 3549 2619 Παύλῳ
3575 2564 3667 2600 σνν-

2152 2644 2337 2700 έσαινε
2373 2646 2666 2717 πρότερον.
2691 2645 2862 2717 Σοφίᾳ
2896 2644 3006 2717 γὰρ
3042 2643 3456 2717 μεμεστωμένος
3474 2656 3670 2709 πνευμα-

2151 2742 2303 2809 τικῇ,
2339 2741 2405 2811 τῇ
2450 2739 2541 2809 [an
2577 2737 2787 2808 μεθόδῳ
2820 2738 2958 2807 πρὸς
3001 2737 3319 2807 Ἀθηναίους
3362 2735 3667 2807 χρησάμενος.

2148 2832 2383 2895 πολλοὺς
2413 2833 2479 2885 ἐκ
2504 2831 2614 2885 τῶν
2657 2831 3166 2901 ἐπιγεγραμμένων
3214 2826 3291 2899 τῷ
3333 2826 3487 2898 βωμῷ
3508 2827 3573 2886 είς
3593 2822 3671 2892 τὴν

2150 2923 2330 2994 ἁληθῆ
2387 2923 2572 2977 πίστιν
2628 2922 2961 2992 μετήνεγκε,
2998 2920 3077 2991 τῷ
3121 2920 3236 2993 ἰδίῳ
3291 2919 3427 2989 λόγῳ
3474 2915 3673 2988 χρησμὸν

2151 3014 2547 3085 προσαρμόσας
2567 3028 2581 3043 ⁶
2637 3016 2686 3067 εί
2723 3014 2910 3085 μήπου
2936 3031 3021 3077 τις
3046 3011 3162 3083 ἀρα
3187 3015 3282 3081 καὶ
3306 3011 3452 3065 τοῦτο
3485 3008 3597 3075 ἐρεῖ,
3621 3007 3675 3055 τὰ

468 3107 720 3163 adduxit.
742 3107 857 3161 Nisi
882 3109 1023 3162 forte
1064 3108 1199 3162 illud
1223 3110 1387 3163 etiam
1416 3111 1686 3181 quispiam
1715 3113 1884 3176 dicat,
1903 3115 2044 3170 idem

2153 3105 2242 3160 τσα
2264 3106 2342 3177 τῷ
2374 3105 2606 3176 Βαλαάμ
2634 3104 2834 3175 δρᾶσαι
2864 3105 2961 3158 καὶ
3008 3105 3102 3177 ἐπὶ
3130 3105 3263 3168 τοὺς
3305 3102 3588 3170 Αἰγυπτίων

473 3210 585 3252 tum
624 3198 717 3253 Dei
754 3200 988 3254 Verbum
1042 3216 1140 3271 per
1171 3200 1458 3274 Egyptios
1509 3205 1845 3270 sacerdotes,
1900 3209 2046 3277 quod

2151 3201 2263 3270 ρεῖς
2291 3199 2383 3252 τὸν
2409 3198 2503 3252 τοῦ
2535 3197 2673 3251 Θεοῦ
2701 3198 2877 3266 Λόγον
2898 3214 2912 3228 ·
2944 3196 3085 3251 καθά
3107 3196 3181 3269 δὴ
3216 3196 3308 3250 καὶ
3336 3196 3423 3248 ἐπὶ
3444 3192 3514 3262 τῷ
3537 3192 3673 3245 Καϊά-

468 3302 628 3347 antea
692 3308 788 3362 per
812 3293 1028 3348 Balaam
1080 3306 1287 3361 egerat,
1335 3295 1550 3352 fecisse.
1577 3297 2046 3364 Quemadmodum

469 3399 689 3453 quoque.
722 3387 774 3438 in
809 3383 1015 3454 Caipba
1046 3386 1317 3441 accidisse
1351 3387 1625 3442 novimus.
1656 3389 1833 3445 Ambo
1876 3394 2042 3456 enim,

468 3476 636 3529 etiam
666 3475 846 3535 inviti.
867 3475 934 3530 de
965 3476 1133 3537 rebus
1164 3478 1323 3537 bonis
1353 3475 1483 3533 sunt
1513 3481 1816 3540 vaticinati.
1845 3484 2044 3540 Verum

469 3568 535 3621 de
559 3568 647 3622 bis
678 3568 967 3623 hactenus.
991 3569 1330 3639 Theophilus
1345 3583 1527 3630 autem
1552 3575 1719 3632 rebus
1743 3592 1864 3648 quae
1887 3577 2046 3636 dieue

468 3672 619 3726 sunt,
648 3678 753 3719 non
789 3672 1108 3728 contentus,
1150 3664 1255 3719 liae
1290 3664 1345 3719 in
1391 3678 1546 3735 parte
1593 3683 1704 3723 non
1754 3644 2061 3739 constitit,’

469 3753 565 3811 sed
614 3753 862 3808 fraudem
900 3758 1247 3811 sacerdotum
1304 3758 1561 3815 omnibus
1580 3760 1661 3816 eis
1709 3762 1803 3831 qui
1828 3763 2041 3820 seducti

470 3846 706 3906 Inerant,
745 3843 1084 3898 manifestam
1113 3861 1234 3901 esse
1273 3846 1460 3901 rolnit.
1527 3847 1832 3905 Sitnulacra
1892 3852 2040 3906 enim

469 3933 570 3996 i|.i,
593 3934 706 3988 sive
735 3950 874 3988 aatea
893 3950 991 3989 seu
1024 3936 1222 4005 lignea,
1250 3936 1511 4006 pleraque
1542 3938 1722 3993 omnia
1758 3940 1828 3994 ita
1857 3941 2043 3996 elabo-

468 4036 681 4089 rarunt,
718 4039 862 4082 utea
904 4044 1039 4083 cava
1078 4029 1229 4085 intus
1274 4039 1483 4096 essent,
1538 4040 1594 4087 et
1637 4047 1827 4087 eorum
1893 4042 2041 4104 terga

469 4120 800 4189 tmnplornm
840 4121 1145 4190 parietibus
1209 4121 1623 4191 adaptarentur,
1657 4124 1890 4180 occultis
1921 4125 2046 4194 qui-

467 4213 695 4276 busdam
722 4213 992 4266 meatibus
1017 4214 1069 4266 in
1101 4228 1259 4267 muro
1288 4214 1510 4269 relictis.
1559 4215 1764 4271 Deinde
1796 4233 1893 4285 per
1933 4216 2039 4274 alia

466 4298 713 4373 quaedam
741 4316 939 4355 arcana
972 4302 1131 4373 adyta
1160 4301 1215 4356 in
1243 4302 1662 4359 simulacrorum
1688 4322 1886 4363 cavum
1908 4310 2041 4365 sub-

466 4397 640 4461 ibant,
673 4406 730 4449 et
763 4397 889 4450 inde
932 4412 1053 4466 qua:
1081 4397 1163 4451 cis
1199 4396 1309 4450 visa
1360 4409 1542 4453 essent
1608 4415 1870 4471 responsa
1909 4404 2038 4459 ede-

2149 3309 2227 3366 φα
2257 3290 2471 3359 συμϐὰν
2516 3290 2765 3359 ἔγνωμεν
2789 3305 2803 3320 ·
2864 3290 3095 3356 ἄκοντες
3124 3291 3240 3359 γὰρ
3271 3289 3363 3342 καὶ
3388 3287 3540 3355 ἄμφω
3577 3281 3676 3350 περὶ

2145 3386 2255 3438 τῶν
2284 3381 2506 3453 ἀγαθῶν
2531 3383 2976 3454 προεφήτευσαν.
3022 3382 3190 3439 Ἀλλὰ
3234 3382 3359 3451 περὶ
3393 3380 3486 3452 μὲν
3510 3375 3677 3431 τούτων

2147 3476 2428 3530 τοσαῦταο
2494 3474 2752 3542 Θεόφιλος
2812 3474 2869 3527 δὲ
2933 3474 2994 3527 ού
3048 3474 3217 3544 μέχρι
3269 3472 3463 3526 τούτων
3490 3469 3675 3539 interr

2145 3571 2283 3625 ἀλλὰ
2312 3569 2408 3623 καὶ
2437 3568 2535 3640 τὴν
2565 3568 2848 3639 ἐξαπάτην
2874 3566 2984 3621 τῶν
3032 3566 3233 3639 ίερέων
3260 3565 3422 3637 δήλην
3438 3564 3537 3625 τοῖς
3560 3562 3676 3613 ἀπα-

2143 3664 2410 3734 τωμένοις
2442 3662 2652 3717 ἐποίει·
2705 3662 2776 3716 τὰ
2813 3662 2921 3733 γὰρ
2952 3654 3040 3716 οἷα
3068 3661 3276 3732 δήποτε
3304 3660 3459 3728 ξόανα
3503 3650 3679 3727 χαλκοῦ.

2142 3774 2203 3812 τε
2233 3759 2327 3811 καὶ
2364 3757 2528 3825 ξύλου
2562 3755 2934 3827 πεποιημένα,
2963 3755 3098 3810 κενὰ
3129 3754 3341 3809 ἔνδοθεν
3364 3751 3674 3821 διαπλάττον-

2142 3866 2254 3914 τες,
2286 3844 2402 3902 εἶτα
2434 3849 2504 3903 τὰ
2531 3848 2738 3902 τούτων
2772 3847 2918 3900 νῶτα
2948 3849 3060 3909 τοῖς
3102 3848 3285 3901 ἐκεῖσε
3306 3838 3677 3914 ,προσαρμόζω-

2143 3959 2235 4006 τες
2258 3942 2485 4010 τοίχοις,
2519 3941 2720 4010 πόρους
2749 3939 2905 4001 τινὰς
2937 3940 3168 4007 ἀφανεῖες
3198 3940 3313 4000 τοῖς
3338 3936 3527 4005 τοίχοις
3550 3929 3678 4001 iteit-

2145 4048 2276 4087 σαν·
2333 4031 2525 4087 ἔπειτα
2567 4032 2640 4085 δι’
2669 4032 2877 4101 ἐτέρων
2909 4031 3155 4095 ἀνιόντες
3208 4029 3436 4091 ἀδύτων,
3470 4022 3674 4082 καὶτοῖς

2143 4125 2397 4193 ἐγκάτοις
2443 4123 2552 4178 τῶν
2580 4123 2786 4191 ξοάνων
2843 4123 3267 4193 καταδυόμενοι,
3293 4121 3360 4175 δι’
3382 4120 3586 4173 ἐκείνων
3603 4113 3676 4183 δῆ-

2142 4217 2235 4270 θεν
2263 4216 2324 4270 τὸ
2357 4217 2771 4287 παριστάμενον
2789 4214 3132 4283 ύπεφὼνουν.
3159 4215 3222 4268 Οἱ
3240 4210 3509 4274 τούτοιςδέ
3536 4219 3674 4274 προσ·

2141 4308 2477 4380 τριϐόμενοι,
2526 4308 2659 4377 τὴν.
2702 4308 2950 4377 φενάκην
3008 4306 3085 4376 μὴ
3133 4307 3426 4372 συνιέντες,
3459 4296 3538 4356 οτι
3565 4295 3675 4353 θεοῦ

2142 4400 2482 4465 κελεύοντος,
2507 4400 2764 4464 εύθὺς¹τὸ
2793 4398 3159 4468 κελευόμενον
3190 4395 3378 4467 ἔδρων.
3415 4397 3474 4448 ’Δ
3496 4393 3552 4462 δὴ
3577 4390 3674 4442 τότε

465 4489 615 4543 bant.
670 4487 735 4543 Et
789 4488 881 4558 qui
944 4488 1135 4543 sedulo
1186 4489 1330 4558 apud
1384 4504 1447 4543 ea
1478 4490 1862 4559 versabantur,
1889 4495 2036 4563 quod

2151 4492 2429 4547 καταλύων
2464 4491 2746 4560 Θεόφιλος,
2792 4492 2905 4552 τοῖς
2938 4488 3378 4559 ἐξηπατημένοις
3399 4486 3522 4554 δῆλα
3553 4479 3675 4540 καθί·

462 4580 710 4636 fraudem
740 4592 788 4636 et
812 4582 1167 4650 iutpostnram
1197 4598 1313 4636 eam
1349 4597 1458 4635 non
1494 4583 1893 4653 intelligerent,
1914 4602 2041 4656 per-

465 4674 592 4728 inde
623 4683 789 4743 atque
821 4674 931 4730 Deo
959 4674 1207 4744 jnbente,
1239 4674 1425 4728 statim
1446 4677 1712 4745 imperata
1737 4675 2035 4735 faciebant.

465 4763 628 4817 Tales
659 4775 870 4820 statuas
900 4774 1012 4818 ttnn
1047 4764 1389 4835 Theophilus
1418 4766 1823 4833 comminuens,
1849 4767 2034 4823 dolum

462 4853 785 4913 horninibus
808 4852 1060 4923 deceptis
1100 4858 1568 4911 commonstravit.
1615 4857 1683 4914 Ut
1703 4874 1834 4914 vero
1859 4860 1910 4913 in
1940 4859 2038 4916 Se-

431 4948 669 5013 'rapidis
699 4948 862 5002 etiam
897 4950 1159 5018 templum
1201 4950 1469 5015 ascendit,
1506 4951 1860 5007 simulacrum
1900 4948 2034 5008 illud

461 5040 601 5094 vidit
630 5042 1002 5108 magnitudine
1049 5051 1219 5105 tanta,
1278 5052 1336 5096 ut
1384 5043 1526 5097 mole
1579 5060 1676 5098 sua
1741 5045 2030 5101 horrorem

459 5134 627 5188 etiam
678 5144 730 5187 et
759 5142 962 5188 metunt
1016 5135 1424 5202 spectatoribus
1481 5136 1776 5191 incuteret.
1820 5138 1894 5192 De
1919 5154 2030 5208 quo

461 5228 649 5295 opinio
678 5225 842 5280 etiam
880 5227 1036 5289 falsa,
1066 5242 1187 5295 qua:
1213 5228 1416 5282 multos
1441 5228 1681 5293 seduxit,
1715 5229 2023 5283 ferebatur:

461 5316 514 5379 Si
536 5318 658 5386 quis
683 5317 892 5373 scilicet
916 5318 998 5372 vel
1022 5318 1192 5387 digito
1221 5319 1273 5372 id
1304 5320 1573 5389 attingere
1621 5320 1808 5374 fuisset
1837 5337 2025 5388 ausus,

462 5417 663 5469 terrain
720 5427 941 5466 omnem
973 5429 1003 5465 e
1042 5412 1269 5480 vestigio
1310 5427 1659 5475 concussum,
1702 5413 1821 5465 urbi
1850 5422 2027 5467 ante-nt

463 5506 558 5564 toti
592 5503 1022 5558 internecionem
1077 5503 1311 5557 act-itum
1344 5503 1434 5556 iri.
1470 5504 1601 5569 Quae
1631 5508 1813 5559 omnia
1853 5505 2037 5561 Theo:

463 5594 647 5666 pbibts
712 5595 877 5649 anilia
931 5596 1275 5651 ebriosarum
1325 5594 1772 5652 muliercularum
1834 5596 2034 5651 drlira-

535 5704 612 5778 (IV)
643 5706 926 5778 saeuiit).
958 5723 1012 5771 ν,
1042 5723 1162 5778 cap.
1197 5711 1281 5765 l7.

2146 4602 2268 4640 στα.
2313 4585 2400 4648 Ὠς
2430 4585 2489 4637 δὲ
2530 4585 2624 4638 καὶ
2659 4586 2752 4639 ἐπὶ
2775 4583 2868 4636 τὸν
2904 4581 3001 4636 τοῦ
3048 4582 3357 4654 Σαράπιδος
3385 4578 3528 4648 ἀνῄει
3552 4573 3673 4631 ναὸν.

2142 4672 2251 4730 εἶδε
2290 4675 2390 4743 μέν
2412 4676 2474 4729 τὸ
2503 4675 2694 4740 ξόανον
2722 4676 2920 4739 ἐκεῖνο,
2950 4673 3177 4744 μεγέθει
3211 4672 3314 4743 μὲν
3338 4673 3593 4742 μέγιστον,
3616 4661 3674 4723 ὧς

2142 4769 2237 4821 καὶ
2259 4766 2486 4820 δεδιέναι
2515 4764 2968 4836 παρασκευάζειν
3004 4767 3133 4828 τοὺς
3171 4764 3413 4835 ὁρῶντας
3431 4761 3503 4827 τῷ
3528 4758 3670 4824 5T1“?-

2152 4862 2268 4932 Ἐφ’
2291 4854 2337 4930 ᾧ
2366 4862 2430 4932 δὴ
2460 4861 2619 4930 λόγος
2674 4860 2802 4923 τοὺς
2852 4858 3080 4922 πολλοὺς
3131 4860 3388 4927 κατεῖχεν
3414 4849 3669 4919 ἀπατηλὸς,

2092 4940 2093 4943 η
2139 4955 2215 5018 ὡς
2244 4953 2401 5018 εἴτις
2429 4954 2604 5024 τούτῳ
2633 4952 2880 5021 καθάψαι
2928 4955 2992 5020 τῇ
3020 4956 3183 5021 χειρὶ,
3219 4949 3551 5018 σεισθήσεται
3593 4939 3671 5009 μὲν

2137 5047 2302 5109 εὐθὺς
2339 5049 2372 5116 ὴ
2401 5047 2471 5115 γῆ
2506 5048 2675 5110 πάσα,
2726 5044 3077 5114 πανωλεθρία
3122 5042 3178 5097 δὲ
3218 5044 3344 5104 τοὺς
3375 5041 3432 5091 ἐν
3456 5040 3517 5109 τῇ
3548 5032 3668 5086 πόλει

2137 5137 2298 5200 εὐθὺς
2333 5137 2711 5209 καταλήψεται
2731 5155 2742 5168 ·
2793 5136 2828 5190 ἃ.
2855 5136 2920 5204 δὴ
2951 5136 3131 5188 πάντα
3172 5132 3432 5204 γρςῖὸίων
3464 5128 3666 5180 κωθωνιο

2137 5228 2382 5300 ζομένων
2433 5226 2574 5283 εἶναι
2610 5229 2845 5299 νομίσας
2902 5228 3220 5298 ληρήματα,
3252 5226 3345 5277 καὶ
3379 5223 3438 5275 τὸ
3477 5215 3667 5289 μέγεθος

2135 5324 2211 5382 ὡς
2242 5314 2573 5391 μικρότατον
2625 5320 3007 5390 λογισάμενος,
3044 5320 3154 5372 τῶν
3202 5336 3309 5370 τινι
3344 5315 3562 5367 πέλεκυν
3587 5308 3665 5357 ἀνι

2133 5414 2321 5482 Χεῖρας
2356 5412 2535 5482 ἔχοντι
2586 5413 2771 5465 παίειν
2804 5411 3026 5464 ἐκέλευε
3078 5412 3171 5464 τὸν
3214 5408 3357 5462 θεόν.
3402 5405 3459 5459 '0
3486 5403 3537 5455 δὲ
3570 5413 3667 5465 ἵεν·

2135 5505 2293 5557 ναίαν
2343 5506 2487 5574 μάλα
2539 5505 2634 5557 καὶ
2692 5503 3016 5576 ἐρρωμένην
3043 5502 3402 5572 κατήνεγκεν,
3431 5497 3488 5550 Oi
3515 5494 3565 5546 δὲ
3594 5502 3666 5539 πεο

2142 5598 2437 5666 ριεστῶτες
2495 5600 2558 5650 ἐκ
2595 5596 2796 5650 πολλοῦ
2854 5597 2919 5649 τδ
2976 5592 3375 5665 θρυλλούμενον
3426 5587 3664 5641 δείσαντες

536 5777 615 5845 (gi
645 5776 916 5843 Divittitus
967 5773 1403 5842 lttcroelvphicas
1454 5779 1585 5847 istas
1623 5780 1802 5837 crucis
1857 5780 2032 5838 forma
2072 5780 2342 5850 exhibitas
2376 5796 2514 5845 esse.
2537 5795 2676 5836 cum
2708 5778 2938 5836 Socrate
2956 5788 3142 5836 censet
3172 5773 3517 5841 Nicephorus.
