3936 6206
247 331 355 396 829

1168 344 1765 415 ECCLESIASTICAE
1803 352 2187 446 HISTORIA}
2230 358 2371 423 LIB.
2418 360 2557 426 XII.

3400 373 3507 439 830

246 447 579 518 ἀνεϐόησαν.
630 448 871 512 Ἐκεῖνος
919 451 976 507 δὲ
1007 452 1103 525 τὴν
1144 457 1359 528 πληγὴν
1394 463 1578 532 ἠρέμα
1610 463 1812 535 δεξάμε

1942 476 2123 521 menta
2150 484 2269 524 esse
2292 480 2510 539 putans,
2538 480 2594 527 et
2625 472 2825 527 molem
2852 481 3056 529 vastam
3091 482 3151 531 ut
3180 492 3292 534 rem
3320 494 3512 550 quam-

245 557 360 603 νος,
390 540 509 593 οὐτ’
553 540 759 612 ἤλγησε
815 542 1024 609 ξύλινος
1076 546 1172 614 ὣν,
1227 550 1343 604 οὔτ’
1373 555 1552 622 ἀφῆκε
1606 557 1827 625 φωνήν*

242 633 444 703 νεκρὸς
470 635 580 705 γὰρ
631 636 979 692 παντάπασιν
1023 633 1114 709 ἦν.
1149 641 1293 696 Ἀλλ’
1317 645 1429 697 οὐδ’
1456 647 1687 714 ἀμύνειν
1713 646 1828 718 εἶχε

245 726 427 793 μέγας
462 726 774 796 μεγαλωστὶ
802 730 939 799 πρὸς
969 731 1074 801 γῆν
1099 735 1362 804 ἐνεχθείς.
1395 737 1484 800 Ὠς
1516 738 1561 790 δ’
1581 739 1830 811 ἀφῄρητο

240 824 340 870 καὶ
380 817 481 887 τὴν
534 818 714 888 δεινὴν
740 820 1005 891 κεφαλὴν,
1041 823 1176 893 μύες
1209 826 1472 895 ἀγεληδὶν
1505 830 1715 883 ἐκεῖθεν
1737 833 1830 901 ep.

241 902 506 975 ρύησανο
562 908 774 976 μυωξία
830 911 940 981 γὰρ
992 912 1255 985 ἄντικρυς
1311 917 1338 969 ὁ
1369 918 1480 972 τῶν
1509 920 1827 989 Αἰγυπτίων

241 996 367 1060 θεὸς
390 997 718 1067 περιϐόητος
738 997 824 1069 ἦν.
860 1002 951 1065 Ei;
995 1003 1167 1058 λεπτὰ
1204 1006 1250 1058 δ’
1281 1003 1374 1062 οὗν
1398 1009 1563 1064 αὐτὸν
1608 1011 1826 1081 διαιρή-

242 1101 462 1152 σαντες,
493 1088 563 1141 τὰ
620 1089 721 1155 μὲν
768 1089 1015 1158 δαπάνην
1043 1092 1266 1162 ἀφῆκαν
1319 1097 1491 1166 πυρί·
1530 1097 1629 1170 τὴν
1661 1097 1717 1150 δέ
1760 1114 1825 1166 γε

194 1211 199 1214 -
242 1178 459 1245 σεμνὴν
515 1177 735 1248 ἐκείνην
768 1181 861 1232 καὶ
891 1182 1171 1251 αἰδέσιμον
1200 1186 1445 1255 κεφαλὴν
1492 1186 1582 1240 διὰ
1621 1189 1825 1253 παντὸς

238 1268 340 1321 τοῦ
374 1270 568 1335 ἄστεος
596 1265 799 1339 εἷλκον,
830 1275 939 1327 τῶν
965 1275 1173 1346 ταύτην
1202 1279 1511 1348 σεϐομένων
1548 1282 1825 1353 δρώντων,

242 1361 340 1412 καὶ
371 1359 471 1413 τοῦ
505 1360 639 1434 παρ’
681 1364 864 1419 αὐτῶν
909 1369 1227 1438 τιμωμένου
1262 1371 1363 1441 τὴν
1387 1372 1677 1428 ἀσθένειαν
1703 1375 1855 1433 δια-.

240 1451 644 1520 χλευαζόντων.

242 1548 512 1615 gregatim
575 1560 946 1605 emerserunt.
993 1551 1229 1608 Murium
1287 1557 1437 1611 enim
1475 1573 1712 1614 caverna
1767 1569 1823 1615 et
1863 1577 1920 1617 re

1935 558 2078 627 piam
2143 559 2397 631 exiguam
2454 562 2787 633 despiciens,
2848 566 3138 635 quemdam
3213 569 3306 639 qui
3363 587 3509 642 pone

1932 649 2130 712 stabat,
2191 653 2429 708 securim
2469 654 2523 709 in
2579 671 2747 710 manu
2800 656 3116 727 habentem,
3177 661 3379 733 vulnus
3403 662 3509 719 deo

1933 740 2179 812 inﬂigere
2201 744 2387 814 jussit.
2421 745 2600 817 Atque
2626 748 2716 803 ille
2753 749 2963 821 plagam
2987 751 3266 823 ingentem
3298 754 3351 808 vi
3394 771 3507 810 ma-

1934 847 2038 901 gna
2072 832 2296 889 fortiter
2325 835 2529 892 intulit.
2571 839 2672 905 Qui
2710 856 2843 895 vero
2870 843 2945 897 ibi
2980 844 3230 909 aderant,
3267 843 3320 899 id
3357 846 3506 915 quod
3554 831 3568 873 ⁵

1934 921 2140 977 dudum
2166 924 2310 981 tanta
2357 929 2623 998 jactatum
2681 931 2880 1000 iuerat,
2926 936 3108 1001 veriti,
3171 936 3503 991 immensum

1933 1013 2192 1083 quiddam
2230 1018 2632 1076 exclamarunt.
2666 1024 2842 1091 Atque
2897 1024 3035 1078 deus
3078 1026 3235 1095 plaga
3291 1024 3505 1096 placide

1929 1116 2170 1177 accepta.
2200 1110 2348 1178 (100d
2396 1111 2611 1180 ligneus
2641 1124 2811 1182 esset,
2838 1131 3016 1187 neque
3044 1116 3285 1171 dolorem
3309 1117 3501 1181 sensit,

1929 1213 2109 1268 neque
2133 1215 2322 1255 vocem
2351 1203 2589 1274 aliquam
2615 1208 2821 1271 emisit,
2861 1208 3066 1278 quippe
3120 1210 3211 1278 qui
3254 1217 3505 1263 mortuus

1928 1303 2154 1357 prorsus
2174 1303 2319 1347 esset
2349 1312 2362 1347 :
2398 1297 2491 1350 sed
2525 1313 2706 1367 neque
2726 1298 3022 1353 defendere
3046 1316 3129 1365 se,
3157 1315 3279 1354 cum
3313 1308 3367 1353 et
3388 1314 3504 1353 ma-

1927 1395 2066 1448 gnus
2088 1391 2253 1447 esset,
2275 1392 2330 1439 et
2361 1401 2556 1457 magno
2581 1390 2786 1459 impetu
2815 1389 2870 1444 in
2895 1399 3095 1445 terram
3121 1391 3375 1455 ferretur,
3406 1405 3504 1460 po-

1930 1471 2053 1527 tuit.
2081 1472 2188 1529 Ubi
2216 1491 2347 1533 vero
2371 1488 2428 1534 et
2465 1489 2631 1550 caput
2661 1482 2711 1536 ci
2742 1494 3014 1540 resectum
3038 1492 3143 1547 est,
3172 1498 3356 1537 mures
3375 1483 3502 1536 inde

1924 1568 2266 1631 ceptaculum
2336 1573 2568 1629 omnino
2606 1573 2932 1631 decantatus
2998 1577 3089 1631 ille
3121 1576 3499 1647 Egyptiorum

241 1637 391 1693 deus
419 1639 545 1694 fuit.
578 1641 742 1712 276
768 1640 1039 1713 Caeterum
1069 1655 1221 1701 vasto
1261 1648 1355 1703 illo
1386 1649 1531 1705 idolo
1558 1650 1612 1705 in
1640 1661 1827 1721 partes
1864 1656 2105 1713 minutas
2160 1660 2422 1730 dissecto,
2482 1665 2722 1736 reliquas
2740 1668 2961 1737 quidem
2996 1668 3104 1740 igni
3133 1637 3463 1723 mandarunt
3484 1706 3500 1729 .

239 1750 466 1834 sacrum
519 1744 705 1791 autem
763 1738 898 1793 illud
930 1747 988 1795 et
1050 1744 1424 1799 venerandum
1477 1754 1665 1816 caput,
1718 1762 1817 1817 per
1856 1749 2049 1807 urbem
2119 1768 2359 1824 onmem,
2412 1759 2497 1814 eis
2524 1762 2618 1831 qui
2684 1761 2735 1816 id
2770 1738 3035 1834 tanquam
3078 1779 3281 1819 numen
3308 1762 3495 1818 colue-

244 1835 394 1894 rant,
419 1827 874 1898 inspectantibus,
900 1841 956 1888 et
989 1835 1110 1913 ejus
1138 1848 1301 1906 quem
1330 1846 1614 1910 tantopere
1661 1841 2086 1913 bonoraverant,
2123 1848 2497 1910 inﬁrmitatem
2542 1827 2894 1922 ridentibus;
2942 1868 3245 1930 raptarunt.

845 1956 1102 2013 ΚΕΦΔΛ.
1138 1959 1265 2015 KZ'.

242 2039 404 2124 Περὶ.
414 2039 526 2124 τῆς
553 2041 624 2121 ἐ]-
650 2042 958 2124 διρφόροις
986 2048 1191 2124 ἔθνεσι
1219 2052 1676 2124 πόσεωςίὺπὲρ
1704 2055 1823 2110 τῶν·

311 2109 643 2190 ςιόωλιζιῶν
690 2109 950 2190 propter}
982 2120 1111 2190 καίμ
1131 2121 1263 2189 περὶ
1318 2109 1676 2190 Μαρκέλλοῦ
1713 2109 1822 2181 τοῦ

310 2180 653 2263 ἐπισκόπου
699 2180 1039 2263 Ἀιὶιισείας,
1079 2180 1474 2263 ὅςῇσπρυδῇ
1520 2194 1824 2263 ἐχρήσατο

314 2254 471 2335 atate":
499 2254 621 2335 τῷν
677 2256 1008 2335 είδωλικῶν
1036 2254 1214 2326 redii,
1249 2261 1348 2316 καί
1377 2254 1469 2330 ὡξ
1490 2254 1818 2335 τέξῖείμαρο

313 2321 523 2388 τυρίον
560 2322 884 2391 ἐχρήσατο.

326 2434 419 2488 Ἐν
445 2434 493 2488 δ’
528 2436 722 2510 ἐκείνῳ
750 2438 830 2510 τῷ
875 2441 1051 2515 χρόνῳ
1085 2444 1271 2500 πολλοὶ
1306 2446 1418 2501 τῶν
1457 2448 1822 2521 Ἑλληνιστῶν

243 2524 392 2578 κατὰ
423 2525 609 2591 πόλεις
645 2528 786 2601 ὑπὲρ
814 2533 919 2585 τῶν
961 2533 1165 2605 βωμῶν
1215 2536 1336 2608 ἔριν
1378 2541 1666 2608 συνίστων,
1728 2544 1822 2597 καὶ

246 2617 415 2688 μέχρι
444 2619 675 2675 θανάτου
707 2624 1134 2693 διηγωνίζοντοο
1187 2631 1246 2685 ἐν
1300 2633 1402 2700 μὲν
1446 2630 1541 2688 οὖν
1589 2636 1822 2708 Ἀραϐίᾳ

244 2710 504 2780 Πετραῖοι
526 2715 619 2768 καὶ
649 2713 1040 2786 ’Λρεοπολῖται,
1072 2723 1223 2793 παρὰ
1242 2724 1301 2776 δὲ
1334 2725 1665 2799 Παλαιστίνῃ
1696 2728 1823 2783 Ῥα-

244 2803 451 2871 φιῶται
482 2807 576 2860 καὶ
604 2806 848 2874 Γαζαῖοι,
897 2812 1052 2883 παρὰ
1073 2813 1132 2867 δὲ
1183 2815 1418 2882 Φοίνιξιν
1481 2818 1823 2874 Ἥλιουπολῖ-

239 2913 336 2950 ται
359 2912 376 2930 ·
416 2900 515 2953 καὶ
556 2900 668 2953 τῶν
697 2902 884 2974 Σύρων
906 2904 962 2958 δὲ
1000 2906 1240 2974 μάλιστα
1284 2911 1335 2969 ot
1359 2910 1454 2963 τοῦ
1488 2912 1618 2965 ναοῦ
1646 2911 1821 2967 ’Δπα-

241 2989 430 3060 μείας,
462 2990 496 3061 ἢ
527 2991 591 3061 δὴ
642 2991 912 3064 τῷἋξίῳ
970 2998 1207 3070 ποταμῷ
1261 3001 1668 3071 προσπελάζειο
1726 3004 1821 3070 οὓς

244 3082 558 3155 ἱστοροῦσιν
580 3086 672 3139 ἐπὶ
711 3089 927 3160 φυλακῇ
954 3090 1063 3144 τῶν
1087 3094 1350 3148 τοιούτων
1382 3095 1523 3151 νεῶν
1552 3098 1646 3151 καὶ
1677 3114 1818 3167 συμ-

248 3174 462 3241 μάχους
530 3177 1011 3244 μετακαλέσασθαι
1067 3179 1390 3245 Γαλιλαίους
1441 3185 1678 3256 ἄνδρας·
1725 3188 1821 3240 καί

2494 1977 2724 2033 CAPUT
2761 1978 2969 2034 XXVII.

1926 2059 2002 2114 De
2042 2067 2205 2140 pariis
2257 2070 2415 2140 apud,
2452 2072 2632 2125 varias
2680 2082 2857 2140 gentes
2900 2080 3116 2140 prapter
3163 2071 3497 2125 abolitionem

1995 2134 2271 2199 altarium,
2294 2134 2591 2203 idolorum,
2631 2134 2971 2196 seditionilius
2998 2134 3060 2194 ἐι
3089 2143 3419 2195 tumultibus.
3450 2149 3500 2194 et

1994 2205 2057 2259 de
2085 2204 2341 2281 Marcello
2369 2208 2634 2281 Amaseuo
2669 2213 2927 2279 episcopo,
2976 2221 3173 2281 quanto
3204 2211 3375 2264 studio
3409 2212 3501 2264 de-

1996 2275 2272 2352 moliendis
2291 2278 2551 2333 idolorum
2568 2275 2776 2350 templis
2792 2275 2933 2344 usus,
2960 2275 3220 2351 postremo
3242 2282 3498 2352 martyrio

1994 2347 2063 2399 sit
2090 2346 2389 2415 defunctus.

1994 2456 2198 2513 Eodem
2232 2468 2480 2529 tempore
2522 2432 2675 2516 multi
2730 2462 2935 2517 Graecae
2988 2458 3371 2530 superstitioni
3404 2457 3499 2511 ad-

1921 2549 2053 2605 dicti
2085 2551 2139 2605 in
2170 2552 2417 2616 urbibus,
2453 2554 2521 2609 de
2576 2553 2690 2610 aris
2723 2555 2950 2609 deorum
2981 2552 3406 2612 contenderunt,
3438 2557 3498 2605 et

1922 2640 1988 2695 ad
2024 2652 2256 2697 mortem
2314 2660 2487 2714 usque
2530 2645 2909 2700 decertarunt.
2973 2642 3146 2700 Sicuti
3206 2643 3261 2697 in
3295 2639 3497 2695 Arabia

1922 2729 2116 2788 Petraei
2145 2744 2203 2788 et
2230 2735 2585 2805 Areopolitw,
2616 2736 2760 2808 apud
2782 2737 3105 2826 Palaestinos
3133 2735 3418 2804 Rnphiota:
3439 2740 3499 2786 et

1921 2823 2123 2891 ϐπερὶ,
2177 2829 2319 2895 apud
2377 2828 2670 2885 Phoenices
2731 2822 3191 2898 HéIiOpolitaezet
3234 2826 3288 2880 in
3340 2822 3497 2894 Syria

1922 2918 2157 2973 maxime
2216 2920 2477 2990 templum
2533 2926 2948 2992 propugnarunt
3001 2918 3294 2989 Apameni,
3354 2915 3495 2970 Axio

1921 3012 2065 3065 amni
2101 3012 2398 3083 propinqui
2425 3028 2441 3065 :
2499 3027 2639 3082 quos
2667 3011 2948 3067 memoriae
2981 3010 3258 3081 proditum
3289 3017 3393 3073 est,
3424 3006 3493 3061 ad

1921 3103 2250 3173 templorum
2325 3103 2596 3175 ejusmodi
2675 3103 2981 3159 custodiam
3036 3113 3094 3158 et
3155 3100 3493 3173 praesidium,

1921 3196 2101 3252 socios
2125 3206 2181 3251 et
2209 3197 2502 3252 auxiliares
2531 3196 2804 3262 Galilaos,
2850 3208 2908 3253 et
2934 3196 3201 3267 quosdam
3245 3211 3313 3251 ex
3355 3193 3497 3249 vicis

239 3281 400 3328 τινας
437 3267 546 3319 ἀπὸ
577 3267 687 3321 τῶν
719 3270 924 3339 κωμῶν
956 3270 1012 3324 αἶ
1053 3274 1400 3344 περιοικοῦσι
1425 3276 1516 3330 τὸν
1543 3277 1779 3333 Λίϐανον
1798 3299 1813 3314 ·

1925 3303 2109 3343 eorum
2137 3291 2230 3360 qui
2261 3290 2466 3345 circum
2501 3288 2766 3345 Libanum
2792 3299 3032 3345 montem
3061 3288 3332 3351 habitant,
3363 3301 3498 3341 evo.

234 3451 333 3504 τὸν
360 3452 708 3522 περιώνυμον
742 3455 1058 3525 Μάρκελλον
1084 3458 1210 3528 τῇδε
1233 3461 1683 3531 ἑπισκοπὴσαντα
1703 3463 1820 3516 δια-

237 3544 578 3614 χρήσασθαι,
609 3548 709 3618 τῆς
748 3548 1238 3621 ἐγκεχειρισμένης
1271 3554 1484 3618 πόλεως
1514 3556 1582 3609 τὰ
1612 3556 1814 3627 τεμένη

236 3635 668 3704 ἐξαφανίσαντα,
707 3642 771 3710 τῇ
805 3641 941 3709 πρὸς
966 3640 1101 3696 Θεὸν
1130 3644 1409 3717 παρρησίᾳ
1446 3647 1651 3716 μᾶλλον
1680 3648 1714 3719 ἦ
1745 3652 1813 3721 τῇ

233 3727 565 3800 πολυχειρίᾳ
590 3731 956 3801 χρησάμενον.
995 3733 1150 3788 Ἐπεὶ
1175 3736 1283 3807 γὰρ
1322 3737 1603 3811 Ἰωάννης,
1637 3740 1697 3794 οὗ
1721 3743 1818 3796 καὶ

236 3822 483 3892 πρόσθεν
504 3823 806 3892 ῖμνήσθην,
862 3825 1116 3880 ἐτελεύτα
1143 3828 1236 3882 τὸν
1259 3828 1396 3899 βίον,
1426 3834 1454 3885 ὀ
1484 3833 1664 3888 πάντα
1694 3835 1816 3906 ἄρι-

233 3929 362 3976 στος
387 3913 575 3968 οὑτοσὶ
604 3915 928 3986 Μάρκελλος
960 3919 1079 3972 ἀντ’
1109 3920 1322 3975 ἐκείνου
1375 3922 1476 3994 τῆς
1519 3924 1815 3997 Ἀπαμέων

232 4003 423 4074 χώρας
459 4005 562 4071 τὴν
611 4007 907 4076 προεδρίαν
959 4008 1199 4079 εἰλήφει,
1229 4011 1371 4074 ζέων
1420 4013 1499 4086 τῷ
1538 4017 1812 4088 πνεύματι

233 4097 383 4150 κατὰ
416 4097 511 4150 τὸν
534 4097 678 4151 θεῖον
721 4098 1065 4156 Ἀπόστολον.
1106 4102 1261 4156 Ἐπεὶ
1299 4106 1355 4159 δὲ
1386 4108 1481 4160 καὶ
1509 4109 1538 4161 ὁ
1565 4107 1813 4181 ὕπαρχος

230 4191 339 4243 σὺν
369 4190 491 4243 δυσὶ
533 4191 841 4262 χιλιάρχοις
872 4194 952 4257 είς
983 4193 1083 4264 τὴν
1114 4196 1329 4251 ἐκείνου
1377 4199 1531 4254 πόλιν
1553 4202 1809 4271 ἀφίκετο,

226 4281 497 4352 πρόθεσις
531 4281 578 4333 δ’
604 4278 673 4355 ἦν
696 4281 763 4336 τὰ
797 4284 905 4337 τῶν
929 4284 1163 4339 εἰδώλων
1196 4288 1435 4343 διαλύειν
1486 4293 1709 4364 τεμένη,
1752 4294 1812 4348 τὸ

230 4375 343 4443 μὲν
373 4373 577 4444 πλῆθος
604 4374 716 4428 τῶν
767 4378 1118 4447 στρατιωτῶν
1164 4379 1479 4451 ὲφησύχαζε
1509 4383 1652 4437 δέει’
1700 4388 1729 4440 6
1752 4387 1810 4441 δὲ

223 4465 312 4536 τῷ
340 4467 559 4532 τεμένει
593 4466 892 4537 προσέϐαλε
923 4469 1018 4523 τοῦ
1046 4471 1168 4535 Διὸς
1182 4472 1418 4530 διαλύειν
1443 4476 1805 4548 πειρώμενος·

222 4556 253 4610 ὃ
284 4554 369 4627 δὴ
391 4557 650 4627 μέγιστόν
675 4574 735 4611 τε
761 4552 831 4629 ἦν
858 4559 948 4613 καὶ
973 4563 1053 4625 εἰς
1092 4562 1288 4626 κάλλος
1309 4564 1549 4632 ἐξαίσιον
1569 4571 1811 4624 ὲποικίλ-

1920 3473 2121 3529 (lentia:
2154 3473 2419 3535 evasisse,
2453 3480 2513 3527 ut
2540 3472 2910 3527 clarissimum
2938 3471 3144 3525 .virum
3176 3466 3492 3522 Marcellum

1918 3564 2218 3635 episcopali
2268 3563 2344 3618 ibi
2398 3564 2718 3633 [eligentem
2779 3560 3010 3617 munere
3072 3557 3487 3614 interemerint:

1920 3661 2207 3725 propterea
2228 3653 2372 3724 quod
2397 3655 2706 3708 commissa:
2730 3652 2834 3708 sibi
2858 3650 3012 3705 urbis
3035 3648 3288 3711 delubra,
3317 3647 3495 3717 magis

1917 3760 2017 3800 sua
2040 3760 2167 3816 erga
2202 3745 2371 3799 Deum
2413 3743 2635 3810 ﬁducia,
2672 3756 2833 3813 quam
2890 3742 3019 3797 forti
3053 3741 3352 3797 multorum
3386 3739 3491 3793 lto-

1919 3835 2130 3890 minum
2160 3843 2349 3892 coacta
2394 3849 2557 3889 manu
2591 3834 2944 3890 abolevisset.
2969 3832 3073 3889 Ubi
3123 3832 3275 3887 enim
3323 3831 3490 3888 Joan-

1915 3942 2014 3984 nes
2045 3929 2144 3997 (1),
2180 3928 2338 3999 cujus
2365 3936 2527 3983 antea
2558 3941 2777 3997 quoque
2835 3928 3169 3981 mentionem
3230 3924 3486 3987 iecimus,

1915 4019 2173 4085 decessit,
2222 4020 2390 4076 rebus
2421 4019 2682 4075 omnibus
2707 4019 2949 4087 optimus
3000 4016 3290 4073 Marcellus
3360 4016 3485 4078 iste,

1914 4126 2017 4183 pro
2031 4110 2124 4166 illo
2149 4110 2391 4181 regionis
2417 4109 2713 4181 Apamense
2737 4110 3109 4181 episcopalem
3130 4109 3489 4171 administra-e

1913 4204 2114 4258 tionem
2149 4202 2377 4259 sortitus
2398 4212 2504 4265 est,
2529 4203 2729 4273 spiritu
2764 4204 2919 4275 juxta
2943 4203 3131 4258 divum
3166 4203 3487 4271 Apostolum

1913 4295 2154 4350 fervens.
2180 4295 2364 4364 Atque
2387 4294 2480 4350 ubi
2529 4295 2824 4366 praelectus
2843 4292 3089 4352 Orientis
3114 4312 3238 4351 cum
3265 4295 3486 4354 duobus

1912 4387 2149 4444 tribunis
2203 4388 2260 4443 in
2295 4388 2489 4445 urbem
2548 4405 2669 4446 eam
2705 4390 2948 4455 advenit,
3017 4406 3085 4447 eo
3137 4390 3372 4448 consilio
3424 4401 3487 4447 ut

1908 4481 2184 4537 idolorum
2208 4481 2333 4537 fana
2374 4482 2758 4550 demoliretur,
2820 4484 2976 4554 plebs
3021 4484 3268 4554 quidem,
3330 4484 3485 4554 quod

1913 4574 2208 4636 militarem
2244 4586 2465 4630 manu‘m
2510 4584 2800 4640 metueret,
2833 4575 3018 4644 quieta
3059 4575 3161 4629 fuit
3201 4593 3215 4629 :
3263 4585 3322 4631 et
3345 4590 3487 4643 praes

221 4650 378 4702 λετο.
428 4647 589 4702 Ἀλλὰ
614 4651 709 4703 καὶ
735 4650 1006 4723 στεγανὴν
1029 4654 1124 4707 καὶ
1144 4656 1500 4730 στεῤῥὰιτὴν
1529 4661 1807 4734 συνθήκην

1925 4665 2088 4720 :‘ectus
2135 4662 2290 4720 Jovis
2330 4664 2592 4733 templum
2627 4678 2822 4719 eruere
2857 4673 2943 4719 est
2967 4678 3275 4733 aggressus,
3333 4663 3483 4734 quod

221 4740 342 4794 τῶν
364 4739 526 4794 λίθων
570 4740 721 4807 ἰδὼν,
757 4740 896 4813 ᾤετο
916 4744 1204 4816 ἀμήχανον
1237 4744 1380 4803 εἶναι
1410 4751 1509 4823 τὴν
1533 4754 1803 4825 τοσαύτην

219 4834 498 4904 ἁρμονίαν
523 4834 840 4905 διαλυθῆναι
860 4850 876 4867 ⁸
918 4836 1165 4908 μέγιστοι
1197 4840 1306 4913 γὰρ
1326 4842 1449 4898 λίαν
1476 4844 1624 4911 ὄντες
1645 4850 1693 4901 ot
1724 4849 1801 4903 λί-

219 4928 317 4982 θοι
352 4929 520 4997 παχεῖ
547 4926 749 4998 σιδήρῳ
788 4928 884 4982 καὶ
921 4929 1159 5002 μολίϐδῳ
1206 4931 1584 5007 διακεχυμένῳ
1630 4938 1803 4993 ἁπαν-

214 5017 397 5089 ταχοῦ
440 5020 868 5090 συνηρμόζοντο.
935 5021 994 5077 '0
1060 5026 1241 5079 τοίνυν
1298 5026 1440 5091 θεῖος
1478 5028 1800 5101 Μάρκελλος

213 5110 577 5180 δειμαίνοντα
604 5110 748 5165 οὕτω
775 5113 867 5167 τὸν
899 5113 1148 5186 ὕπαρχον
1183 5118 1543 5189 θεασάμενος,
1588 5123 1800 5180 ἐκεῖνον

218 5206 334 5274 μὲν
381 5202 517 5273 πρὸς
544 5204 642 5268 τὰς
665 5203 833 5268 ἄλλας
879 5206 989 5260 τῶν
1017 5209 1227 5263 πόλεων
1279 5216 1478 5284 χωρεῖν
1508 5215 1760 5269 ἐκέλευεν
1782 5232 1798 5249 ο

215 5294 388 5357 αὐτὸς
417 5294 475 5347 δὲ
505 5293 646 5346 Θεοῦ
674 5293 845 5347 ἐδεῖτο
887 5295 1073 5350 δοῦναι
1101 5299 1268 5368 πόρον
1294 5300 1373 5373 τῷ
1403 5302 1677 5373 ἀμηχάνῳ
1702 5303 1798 5357 τοῦ

216 5387 576 5456 πράγματος.
606 5386 713 5440 Καὶ
740 5387 803 5452 δή
834 5405 918 5451 τις
945 5389 1117 5443 ἔωθεν
1152 5391 1277 5461 ἥκει
1311 5394 1663 5465 αὐτόκλητος,
1688 5394 1802 5450 οὔτ’

216 5475 551 5545 οἰκοδομεῖν,
576 5476 700 5529 οὔτε
727 5477 910 5542 λίθους
943 5482 1183 5550 τέμνειν,
1237 5483 1365 5555 μήτ’
1386 5484 1554 5555 ἄλλην
1601 5487 1800 5558 τέχνην

218 5569 652 5636 ἐξεπιστάμενος
673 5586 688 5604 ·
724 5570 866 5640 μόνα
891 5573 946 5625 δὲ
995 5574 1126 5639 ξύλα
1156 5578 1249 5631 καὶ
1282 5577 1463 5641 λίθους
1492 5578 1672 5649 αἴρειν
1706 5581 1798 5634 ἐπὶ

1912 4755 2136 4826 quidem
2165 4765 2221 4811 et
2249 4757 2546 4810 maximum
2572 4766 2628 4810 et
2647 4755 2990 4810 ornamentis
3016 4755 3185 4809 variis
3211 4764 3269 4809 et
3286 4753 3482 4823 praeei-

1911 4846 2037 4916 puis
2088 4845 2516 4915 pulcherrimum
2568 4845 2691 4901 fuit.
2734 4847 2935 4901 Verum
2979 4860 3105 4900 cum
3136 4845 3381 4917 lapidum
3422 4855 3482 4902 et

1910 4916 2158 4991 materiae
2187 4943 2518 4990 structuram
2552 4935 2780 4991 solidam
2811 4943 2868 4991 et
2922 4936 3134 4991 ﬁrmam
3185 4937 3483 4993 admodum

1909 5029 2203 5101 praefectus
2237 5043 2358 5084 esse
2379 5037 2654 5092 cerneret,
2690 5031 2809 5084 fieri
2842 5044 2952 5085 non
2973 5044 3135 5098 posse
3166 5033 3482 5100 putavit,ut

1910 5130 2059 5175 tanta
2076 5133 2339 5191 compago
2362 5120 2501 5175 solvi
2534 5128 2628 5176 aut
2661 5122 2804 5177 dirui
2831 5130 3031 5192 posset.
3066 5122 3297 5177 Maxima
3330 5138 3483 5177 nam-

1908 5229 2014 5284 que
2036 5228 2163 5268 saxa
2186 5214 2472 5269 immensis
2512 5212 2864 5271 ferramentis
2894 5228 2951 5271 et
2988 5216 3213 5287 plumbo
3259 5213 3479 5280 diﬁ‘uso,

1906 5322 1971 5362 ex
1999 5307 2147 5361 omni
2177 5316 2330 5377 parte
2351 5316 2476 5376 apte
2503 5321 2786 5378 compacta
2816 5309 3258 5378 etconglutinata
3286 5315 3469 5363 erant.

1906 5397 2069 5467 277
2101 5397 2268 5452 Divus
2301 5410 2484 5453 autem
2521 5399 2809 5454 Marceilus
2842 5400 3157 5468 praefectum
3210 5400 3291 5456 sic
3318 5401 3475 5457 labo-

1905 5503 2020 5542 rem
2054 5505 2178 5543 eum
2206 5490 2655 5546 refortuidantem
2688 5506 2940 5555 cernens,
2967 5492 3116 5546 illum
3143 5492 3364 5562 quidem
3408 5494 3481 5549 ad

1905 5582 2039 5637 alias
2072 5583 2237 5639 urbes
2267 5586 2497 5639 transire
2532 5584 2731 5654 jussit:
2770 5586 2887 5654 ipse
2926 5594 3108 5639 autem
3134 5586 3307 5642 Deum
3345 5602 3474 5659 pre-

217 5661 332 5715 τῶν
352 5660 521 5732 ὤμων
555 5664 909 5733 μεμαθηκώς.
960 5667 1281 5725 Ποοσελθὼν
1318 5671 1405 5755 δὲ,
1440 5672 1587 5753 δυοῖν
1625 5674 1800 5745 τεχνί-

1925 5683 2059 5755 :atus
2082 5684 2188 5741 est,
2214 5685 2272 5731 ut
2299 5677 2375 5732 rei
2414 5685 2522 5732 tam
2557 5675 2743 5732 dilIicli
2801 5689 2858 5733 et
2916 5675 3217 5748 desperatae
3263 5681 3477 5754 exitum

295 5775 370 5878 (Ι)
408 5773 539 5845 Cap.
561 5794 590 5831 γ
621 5777 744 5832 cod.
