3936 6206
302 2913 321 2923 ~
402 2895 523 2963 jure
547 2905 605 2947 et
635 2893 1023 2969 communione
1053 2892 1268 2955 eadem,
1293 2901 1600 2947 conventus
1626 2892 1968 2962 frequentat.

384 215 491 277 835
1600 202 2024 270 NlCEPlIOltI
2065 200 2411 268 CALLISTI
3446 168 3451 173 ’
3546 207 3662 271 836

385 334 488 385 lioc
523 331 614 401 qui
654 340 774 400 post
832 329 1162 398 baptismum
1197 332 1510 398 peccarent,
1566 329 1796 382 crimina
1855 341 1981 381 sua.

2095 324 2273 377 έσεσιν
2302 323 2655 391 ἐφυλάττετο.
2695 324 2784 376 Ἐν
2809 323 2866 378 δέ
2901 326 3020 387 ταῖς
3060 325 3198 379 κατὰ
3248 314 3417 379 Λύσιν
3444 318 3661 396 ἐκκλη-

385 422 644 481 cnnl’cssi.
684 420 1085 475 absolutionem
1122 434 1315 474 eorum
1380 420 1710 475 obtinerent.
1765 416 1955 472 Canon

2089 417 2199 478 'iatt;
2235 416 2406 468 είσέτι
2437 416 2526 469 καὶ
2552 415 2649 468 νῦν
2683 415 3074 479 σπουδάζεται,
3103 418 3195 469 καὶ
3219 416 3461 485 μάλιστα
3496 420 3559 471 ἐν
3589 420 3656 488 τῇ

386 514 672 582 istelongo
709 525 953 582 tempore
1012 512 1067 565 in
1100 512 1222 566 aliis
1252 526 1472 581 quoque
1518 511 1683 565 sectis
1708 520 1793 564 est
1843 526 1956 564 ser-

2089 506 2196 558 εατὰ
2236 506 2481 575 Ῥώμην,
2513 507 2569 558 ἐν
2659 506 2753 558 καὶ
2798 506 2962 575 δῆλος
2994 511 3022 560 ὀ
3055 507 3165 560 τῶν
3231 510 3658 577 μετανοούντων

387 618 562 659 vatus.
584 607 639 659 ιιι
658 604 1096 659 Occidentalibus
1114 618 1242 658 vero
1256 602 1509 658 ecclesiis
1529 601 1594 655 ad
1621 602 1767 656 hunc
1784 615 1956 670 usque

2090 596 2218 658 ὁπος
2240 597 2407 649 ἐστίν.
2434 596 2716 650 Ἷστανται
2738 597 2796 649 δὲ
2826 596 3018 669 ὥσπερ
3040 600 3343 664 κατάδικοι,
3379 582 3657 671 κατηφεῖς

387 694 531 751 diem
554 696 785 758 obtinet,
813 704 977 764 atque
996 695 1049 747 in
1069 695 1312 749 Romana
1338 693 1594 757 maxime,
1620 693 1710 746 tibi
1739 708 1957 762 quoque

2089 704 2220 755 ιγαν,
2257 689 2353 739 καὶ
2391 682 2666 750 πενθικῶς
2699 688 3061 759 διακείμενοι.
3094 691 3208 759 Τῆς
3231 692 3288 744 δὲ
3318 676 3472 762 lapsi;
3504 692 3659 746 τελε-

388 797 571 840 certus
604 795 688 838 cst
726 785 1109 853 pmnitentium
1170 784 1344 838 locus.
1389 783 1547 838 Stant
1592 784 1689 846 illi,
1734 783 1959 852 perinde

2093 779 2157 847 ἦς
2184 779 2337 841 τέλος
2358 778 2655 849 λαϐούσης,
2707 780 2906 833 ἐκεῖνοι
2955 780 3057 850 μὲν
3101 783 3162 836 ού
3201 785 3533 853 μετέχουσιν
3580 780 3658 839 ὧν

387 887 551 945 atque
574 875 783 946 judicio
806 873 1048 929 damnati
1074 883 1274 937 essent,
1307 873 1460 927 vultu
1482 872 1743 934 demisso,
1769 872 1959 926 admo-

2097 872 2220 939 έμις
2245 873 2356 932 τοῖς
2395 874 2747 940 μυουμένοις,
2781 873 2922 939 σφᾶς
2967 872 3024 925 δὲ
3074 873 3271 937 αὐτοὺς
3300 876 3403 928 σὺν
3430 878 3659 945 οίμωγῇ

390 971 519 1022 dum
559 969 830 1037 lugentes.
857 967 1022 1036 280
1056 966 1133 1020 Re
1160 974 1339 1019 autem
1397 964 1578 1018 divina
1614 973 1853 1033 peracta,
1881 963 1958 1019 illi

2089 962 2158 1015 ια).
2185 961 2369 1014 πένθει
2398 960 2579 1029 πολλῷ
2611 964 2839 1030 πρηνεῖς
2864 963 2972 1032 πρὸ
2988 963 3098 1016 τῶν
3127 966 3304 1017 ποδῶν
3322 965 3420 1019 τοῦ
3457 968 3661 1035 μυοῦν-

388 1059 612 1128 quidetn
637 1073 697 1110 ea
723 1072 874 1111 sacra
906 1057 1243 1126 percipiunt,
1276 1071 1396 1125 quae
1442 1056 1522 1111 eis
1548 1056 1833 1126 percipere
1876 1055 1958 1110 fas

2095 1071 2154 1116 ος
2186 1054 2492 1122 ῥίπτουσιν.
2526 1054 2979 1124 Ἀντιπρόσωπος
3030 1055 3075 1108 δ’
3111 1057 3326 1109 ἐκεῖθεν
3359 1060 3457 1112 καῖ
3498 1062 3529 1113 ὁ
3553 1063 3658 1127 τὴν

388 1162 495 1212 est,
525 1150 619 1218 qui
652 1151 821 1203 sacris
849 1157 979 1202 sunt
1013 1148 1237 1202 initiati.
1270 1149 1405 1203 Cum
1457 1148 1662 1218 ejulatu
1686 1158 1871 1202 autem
1902 1157 1958 1201 et

2096 1145 2338 1199 ιακονίαν
2388 1144 2623 1215 εἰληχὼς
2658 1146 3056 1217 προσδραμὼν,
3093 1148 3401 1220 σύνδακρυς
3453 1153 3660 1220 ἐπίσης

389 1243 545 1296 lnctu
585 1243 757 1296 multo
797 1256 855 1295 se
885 1241 950 1295 ad
985 1239 1153 1309 pedes
1182 1241 1301 1311 ejus
1325 1241 1416 1309 qui
1446 1254 1558 1295 rem
1592 1239 1832 1294 divinam
1876 1240 1961 1293 fe-

2089 1241 2156 1293 εαὶ
2176 1239 2340 1301 αὐτὸς
2363 1237 2442 1303 τῷ
2476 1238 2666 1306 ἐδάφει
2719 1239 2909 1291 ἐαυτὸν
2935 1238 3262 1291 καταϐάλλει
3285 1256 3301 1271 ·
3358 1240 3554 1311 κύκλῳ
3599 1243 3658 1295 δὲ

391 1335 489 1395 cit,
520 1332 883 1401 prmeipitant.
921 1329 1171 1386 Directus
1195 1331 1394 1386 deinde
1420 1333 1514 1401 qui
1571 1339 1680 1386 tum
1712 1320 1958 1387 ministe-

2089 1333 2157 1384 παὶ
2185 1330 2247 1383 τὸ
2290 1330 2478 1383 λοιπὸν
2510 1330 2611 1397 τῆς
2648 1331 2943 1399 ἐκκλησίας
2976 1330 3183 1398 πλῆθος
3212 1331 3656 1401 ὀλοφυρόμενον,

395 1426 539 1478 rium
569 1425 909 1478 ca-remonite
942 1411 1063 1494 ejus
1086 1422 1314 1478 sortitus
1339 1423 1523 1486 est,ad
1553 1438 1648 1476 eos
1674 1423 1912 1487 accurrit
1943 1439 1956 1476 :

2089 1420 2314 1491 ὲακρύων
2344 1415 2675 1490 πληροῦται.
2716 1414 2951 1474 Ἔπειτα
2986 1421 3254 1491 πρότερος
3289 1424 3661 1489 ἐξανίσταται

397 1528 561 1586 atque
589 1518 774 1571 itidem
816 1517 1232 1587 collacrymans,
1262 1530 1320 1569 se
1359 1499 1508 1568 ltutni
1559 1515 1775 1570 sternit.
1814 1514 1957 1569 Il'um

2121 1506 2487 1581 πρεσϐύτερος
2541 1510 2635 1580 ἥδ
2681 1510 3004 1574 ἐπίσκοπος,
3054 1513 3147 1564 καὶ
3189 1511 3319 1575 τοὺς
3353 1519 3659 1584 κειμένους

400 1609 609 1677 τιιιίῳιυ
635 1606 879 1661 ecclesiae
933 1604 1233 1659 multitudo
1271 1605 1705 1667 circumsistens,
1743 1614 1797 1658 et
1841 1606 1956 1674 ipsa

2089 1608 2370 1677 ινίστησιν.
2401 1605 2715 1673 Εύξάμενος
2752 1605 2796 1658 δ’
2825 1607 2929 1659 ὅσα
2972 1598 3054 1659 δεῖ
3080 1609 3190 1669 τοῖς
3223 1607 3371 1662 οὕτω
3401 1627 3659 1680 μεταμε-

398 1698 534 1752 ﬂcns
566 1704 730 1767 atque
765 1691 1097 1759 lamentatus,
1142 1695 1398 1767 lacr‘ymis
1450 1695 1713 1763 repletur.
1767 1696 1959 1750 Postea

2089 1692 2362 1769 ουμένοις,
2388 1696 2686 1765 ἐκπέμπει,
2708 1696 2976 1769 πρότερον
3005 1698 3243 1762 ἀκούσας
3270 1718 3333 1753 τε
3356 1704 3457 1755 καὶ
3482 1703 3658 1756 είπὼν

398 1790 609 1859 primus
632 1787 873 1857 exsurgit
894 1802 986 1844 seu
1015 1786 1296 1855 presbyter
1328 1786 1426 1857 (l).
1450 1802 1546 1841 seu
1569 1785 1859 1856 episcopus
1906 1780 1963 1841 et

2089 1795 2161 1844 Last
2192 1782 2292 1852 δεῖ,
2330 1790 2641 1858 προσήκειν
2675 1789 2894 1843 Τούτων
2922 1791 2969 1843 δ’
3015 1790 3249 1853 ἕκαστος
3298 1793 3425 1845 καθ’
3452 1795 3655 1847 ἐαυτὸν

400 1880 525 1933 illus
550 1879 621 1933 ita
659 1878 905 1944 iacentes
930 1892 1153 1946 surgere
1181 1877 1378 1946 jubet:
1433 1886 1490 1932 et
1526 1893 1621 1948 per
1649 1879 1956 1934 orationem

2089 1882 2348 1950 ἐγονότες
2370 1921 2384 1942 ,
2509 1880 2916 1948 προστέτακται
2970 1883 3164 1936 ἐαυτὸν
3209 1883 3457 1953 ἐκτήκει,
3493 1886 3526 1953 ἦ
3559 1904 3660 1957 νη-

398 1986 461 2024 ea
484 1986 604 2038 qua:
630 1968 1026 2039 paenitentibus
1055 1969 1414 2031 conveniunt,
1473 1978 1751 2039 precatus,
1791 1970 1879 2024 ubi
1909 1978 1966 2024 et

2089 1974 2272 2035 ςτείαις
2320 1974 2414 2027 καὶ
2444 1973 2797 2043 ἀγρυπνίαις,
2833 1974 2929 2026 καὶ
2960 1978 3197 2038 πυκναῖς
3226 1981 3557 2047 προσευχαῖς
3585 1997 3648 2032 τε

401 2062 613 2116 audivit
645 2071 699 2116 et
728 2061 867 2115 dixit
894 2075 1014 2130 quae
1059 2075 1196 2121 opus
1226 2069 1331 2124 est,
1380 2074 1478 2115 eos
1532 2061 1754 2117 emittit.
1786 2061 1966 2133 Atque

2089 2065 2163 2118 ιαὶ
2213 2065 2548 2133 μετανοίαις,
2580 2064 2611 2135 ἧ
2642 2065 2925 2129 ἀλουσίαις
2951 2068 3044 2119 καὶ
3071 2069 3308 2138 ἀποχαῖς
3338 2071 3582 2138 τρυφῶν,
3608 2073 3648 2141 ἢ

401 2154 476 2208 illi
500 2169 597 2223 pro
619 2169 677 2207 se
713 2152 945 2222 quisque
976 2153 1241 2222 segregati
1281 2166 1382 2205 suo
1415 2152 1557 2215 loco,
1614 2168 1712 2222 pro
1757 2166 1825 2209 eo
1881 2163 1968 2208 at-

2089 2158 2277 2228 ;τέροις
2325 2158 2529 2219 ἄλλοις,
2571 2157 2669 2209 τὸν
2693 2157 2883 2227 χρόνον
2909 2159 3302 2227 περιμένοντες
3327 2160 3389 2214 δν
3431 2160 3652 2232 ἑκάστῳ

400 2262 507 2315 que
558 2247 640 2301 eis
693 2245 997 2315 injtinctum
1038 2246 1142 2307 est.
1195 2251 1252 2299 Su
1280 2250 1576 2309 macerant,
1604 2245 1690 2300 vel
1719 2234 1966 2316 jejuniis,

2089 2238 2342 2320 πέταχενὸ
2372 2247 2668 2311 ἐπίσκοπος
2690 2264 2703 2277 ·
2733 2251 2974 2320 συντόνῳ
3000 2246 3056 2304 δὲ
3080 2250 3363 2323 προθυμία
3389 2252 3649 2317 διαλύσας

2069 2346 2129 2397 τὸ
2159 2344 2403 2414 ὄφλημα,
2438 2345 2530 2397 τοῦ
2561 2345 2908 2413 ἐγκλήματος
2940 2346 3146 2410 λύεται,
3183 2348 3278 2402 καὶ
3310 2348 3513 2419 ἐπίσης
3536 2352 3647 2410 τοῖς

2070 2436 2250 2500 ἄλλοις
2314 2435 2692 2505 ἐκκλησιάζει.
2730 2437 2866 2490 Τάδε
2912 2439 3011 2511 μὲν
3057 2440 3104 2492 oi
3140 2439 3242 2493 ἀνὰ
3262 2439 3367 2511 τὴν
3421 2439 3645 2510 Ῥώμην

2074 2525 2237 2596 ἱερεῖς
2286 2523 2527 2594 ἀρχῆθεν
2569 2524 2699 2594 ἄχρι
2732 2525 2825 2577 καὶ
2859 2526 2917 2586 ἐς
2967 2525 3126 2597 δεῦρο
3157 2524 3341 2597 εἶχον’
3391 2530 3652 2585 κάκεῖθεν

2072 2618 2177 2695 ἐπὶ.
2196 2618 2378 2670 πᾶσαν
2407 2616 2713 2689 ἐκκλησίαν
2744 2617 2988 2687 προέϐη·
3026 2619 3162 2690 πλὴν
3194 2621 3581 2685 Ναυατιανῶν,
3600 2621 3652 2675 οῖ

2072 2710 2192 2764 οὐδὲ
2222 2710 2319 2781 τὴν
2342 2709 2519 2780 ἀρχὴν
2547 2709 2911 2778 παρεδέξαντο
2932 2710 3029 2780 τὴν
3058 2711 3373 2781 μετάνοιαν.
3400 2713 3656 2785 ῐιαρῃτή⁴

2076 2818 2239 2881 σαντο
2283 2803 2339 2855 δὲ
2369 2803 2461 2854 τὸν
2500 2801 2875 2872 πρεσϐύτερον
2901 2800 3090 2855 τοῦτον
3121 2805 3216 2857 καὶ
3236 2806 3286 2857 οἱ
3318 2803 3421 2872 τῆς
3448 2808 3650 2881 ὁμοσύ-

2076 2879 2192 2947 σίου
2221 2893 2479 2958 πίστεως,
2510 2893 2821 2962 Νεκταρίου
2853 2879 3654 2969 κατάρξαντος.τοιᾶσδέῗινος

407 2980 567 3035 ΙΙιιιιο
603 2981 770 3033 ritum
798 2980 907 3048 jam
940 2979 1070 3035 inde
1093 2981 1160 3035 ab
1187 2981 1342 3036 initio
1368 2981 1435 3036 ad
1475 2982 1579 3036 hoc
1632 2998 1804 3052 usque
1836 2992 1971 3038 tem-

2089 2985 2458 3055 ιπισυμϐάσης
2506 2984 2685 3046 αἰτίας
2714 2999 2727 3012 ⁸
2763 2979 2800 3035 Γ
2805 2985 2902 3053 υνή
2957 3002 3039 3047 τις
3083 2985 3189 3037 τῶν
3223 2982 3283 3038 εὖ
3326 2987 3652 3053 γεγονότων,

401 2339 487 2392 vel
522 2338 739 2407 vigiliis,
771 2337 1258 2406 frcquentibusque
1276 2326 1528 2408 precibus
1548 2345 1605 2391 et
1632 2337 1965 2406 resipiscen-

404 2432 499 2491 tia.
529 2429 619 2483 vel
649 2428 858 2494 illuvie,
888 2435 944 2481 ct
975 2428 1300 2482 deliciarum
1337 2428 1693 2493 abstinentia,
1729 2430 1815 2485 vel
1846 2429 1967 2484 aliis

402 2523 568 2577 etiam
604 2520 802 2583 modis,
828 2520 1329 2580 constitutnmsibi
1364 2522 1432 2574 ab
1460 2522 1721 2591 episcopo
1754 2530 1970 2591 tempus

404 2614 640 2685 quilibet
685 2621 1030 2682 exspectans.
1091 2612 1271 2682 Atque
1323 2612 1413 2666 ubi
1445 2612 1513 2668 ad
1553 2608 1701 2670 hunc
1736 2614 1968 2669 modum

403 2708 684 2761 alacritate
711 2705 902 2761 libenti
933 2704 1181 2759 debitum
1223 2705 1509 2774 persolvit,
1541 2721 1572 2760 a
1612 2704 1846 2762 crimine
1867 2706 1968 2760 ab-

404 2801 683 2856 solvitur:
730 2810 786 2854 et
818 2799 980 2854 simul
1018 2815 1141 2853 cum
1198 2798 1413 2853 aliis'in
1475 2799 1732 2866 ecclesia,
1777 2800 1969 2855 eodem

408 3088 515 3141 pus
546 3071 776 3126 Romani
809 3071 1051 3141 episcopi
1083 3072 1345 3137 habuere,
1379 3074 1470 3141 qui
1522 3075 1592 3129 ab
1621 3075 1702 3128 eis
1743 3074 1871 3129 inde
1903 3075 1972 3129 ad

405 3164 670 3218 ecclesias
698 3163 833 3218 alias
859 3179 1048 3217 omnes
1079 3164 1346 3232 pervenit,
1381 3174 1738 3234 praeterquam
1764 3165 1834 3219 ad
1865 3165 1977 3219 Νο-

406 3255 673 3316 vatianos,
711 3253 804 3322 qui
835 3251 1210 3322 paenitentiam
1242 3254 1403 3307 etiam
1430 3270 1655 3320 prorsus
1682 3270 1788 3309 non
1820 3271 1977 3309 rece-

409 3343 908 3415 peruut.Aversati
963 3352 1143 3397 autem
1204 3332 1579 3415 presbyterum
1611 3350 1759 3399 hunc
1808 3346 1973 3401 etiam

354 3455 361 3461 δ
408 3445 537 3490 sunt
568 3435 881 3505 ὀμοουσίου,
913 3420 1419 3501 consubstantialis,
1457 3435 1579 3490 (idei
1610 3437 1973 3508 professores,

411 3529 663 3583 Nectario
686 3538 936 3591 auctore,
961 3528 1032 3583 ob
1068 3528 1425 3599 ejnseemodi,
1461 3544 1581 3599 qua“
1603 3529 1824 3597 accidit,
1850 3545 1979 3583 cau-

409 3642 547 3680 sam.
580 3625 773 3680 Mulier
792 3627 1042 3696 qumdam
1076 3625 1298 3688 nobilis,
1331 3639 1453 3678 cum
1487 3634 1709 3694 peccata
1730 3640 1827 3681 sua
1849 3639 1980 3678 con-

412 3719 555 3773 fessa
578 3728 744 3783 esset,
763 3718 968 3788 jejunio
988 3725 1044 3771 et
1065 3718 1299 3771 orationi
1326 3734 1539 3781 vacare,
1584 3728 1639 3771 et
1664 3718 1723 3771 in
1748 3718 1978 3772 ecclesia

415 3825 759 3879 permanere,
791 3810 859 3864 ab
886 3825 952 3864 co
986 3825 1145 3880 quem
1182 3810 1419 3863 diximus
1466 3810 1788 3879 presbytero
1830 3809 1980 3879 jussa

413 3910 517 3955 est.
550 3900 706 3967 Quod
733 3900 821 3956 ubi
852 3899 1002 3965 fecit,
1035 3908 1224 3969 postea
1247 3915 1278 3953 a
1318 3882 1701 3966 diacono,iqui
1732 3913 1856 3952 cum
1917 3911 1982 3952 ea

414 3993 810 4057 concubuerat,
839 4006 899 4047 se
928 3977 1335 4061 constupratam
1366 4004 1484 4044 esse
1517 3987 1976 4056 indiravit.Quod

418 4083 619 4138 factum
645 4092 930 4151 postquam
968 4081 1122 4150 plebs
1151 4081 1426 4151 cognovit,
1464 4080 1685 4152 indigne
1712 4081 1894 4134 scelus
1929 4079 1979 4133 id

417 4191 544 4229 cum
578 4184 725 4228 tanta
762 4174 1019 4228 Ecclesiae
1067 4174 1398 4228 contumelia
1453 4172 1806 4228 commissum
1837 4172 1981 4225 tulit.

422 4264 648 4318 Maxima
677 4263 842 4318 etiam
872 4277 939 4316 ex
977 4276 1042 4317 ea
1066 4278 1123 4316 re
1151 4263 1420 4317 calumnia
1447 4271 1504 4316 et
1528 4262 1842 4316 criminatio
1877 4263 1979 4314 ad-

2078 3071 2175 3134 τὰς
2199 3072 2463 3142 σφετέρας
2488 3069 2762 3140 ἁμαρτίας
2787 3072 3113 3151 ἁγγείλασα,
3142 3060 3370 3146 νηστείᾳ
3393 3076 3487 3128 καὶ
3512 3078 3650 3148 εὐχῇ

2084 3162 2385 3231 σχολάζειν,
2417 3162 2523 3214 κάν
2577 3165 2644 3231 τῇ
2697 3161 2965 3231 ἐκκλησίᾳ
2998 3165 3342 3234 παραμένειν
3374 3168 3511 3236 πρὸς
3554 3170 3655 3221 τοῦ

2081 3255 2372 3324 εἰρημένου
2412 3254 2790 3324 πρεσϐυτέρου
2828 3256 3108 3308 ἐτέτακτο.
3143 3255 3301 3309 Οὖτω
3342 3258 3392 3311 δ’
3423 3259 3653 3327 ἔχουσα,

2083 3347 2272 3400 ἔπειτα
2300 3348 2681 3417 κατεμήνυσεν
2725 3346 2800 3410 ὡς
2850 3332 2937 3417 εῖη
2990 3346 3361 3427 παρ’.ἁνδρὺς
3400 3350 3655 3404 δεακόνου

2084 3439 2533 3507 ἐκπορνευθεῖσα,
2589 3440 2763 3509 ταύτῃ
2828 3440 3398 3510 συγκαθευδήσαντος.
3467 3443 3537 3496 Ὃ
3594 3443 3659 3495 τδ

2086 3527 2288 3599 πλῆθος
2340 3514 2535 3598 μαόὸν,
2565 3529 2627 3583 ού
2662 3529 2901 3599 μετρίως
2935 3516 3149 3597 ἔφερεν,
3183 3514 3278 3605 ἅτε
3311 3530 3376 3600 δὴ
3400 3532 3497 3601 τῆς
3521 3533 3659 3585 Ἐκ-

2085 3620 2317 3691 κλησίας
2370 3620 2571 3673 οὑτωσὶ
2617 3621 3107 3689 περιυϐρισμένης.
3148 3621 3461 3675 Κάντεῦθεν
3500 3625 3666 3692 μεγε-

2087 3727 2189 3780 στη
2237 3708 2457 3778 διαϐολῆ
2491 3710 2630 3762 κατὰ
2659 3694 2767 3762 τῶν
2800 3694 3048 3780 ίερᾶσθαι
3103 3711 3380 3781 λαχόντων
3430 3715 3660 3782 ἐχώρεε.

2101 3800 2188 3852 Ἐν
2228 3802 2417 3870 ἀπόρῳ
2448 3784 2503 3851 δὲ
2554 3799 2842 3868 γενόμενος
2872 3803 2899 3852 ὁ
2928 3798 3256 3873 Νεκτάριος,
3288 3804 3383 3855 τὸν
3417 3802 3516 3872 μὲν
3539 3790 3665 3857 διά·-

2088 3894 2244 3946 κονὸν
2294 3892 2394 3960 τῆς
2446 3890 2753 3960 ὑπηρεσίας
2806 3890 3083 3962 ἐξίστησιν
3141 3895 3217 3956 ὡς
3270 3881 3665 3965 ἡταιρηκόταί

2090 3968 2493 4051 ἐϐλασφημεῖτο
2548 3980 2593 4033 δ’
2620 3980 2713 4034 οὖν
2745 3983 2777 4052 ἡ
2805 3982 3106 4052 Ἐκκλησία
3152 3984 3340 4039 πλεῖον
3363 3988 3459 4039 καὶ
3492 3988 3668 4042 καθύ-

2090 4076 2278 4144 ϐριστο
2317 4075 2380 4126 ἐκ
2420 4072 2522 4142 τῆς
2569 4072 2842 4143 πράξεως,
2900 4074 3311 4145 διασνρομένων
3358 4077 3463 4129 τῶν
3498 4078 3667 4147 ἱερῶν

2091 4165 2323 4235 ἀνδρῶν.
2353 4162 2528 4217 Τινῶν
2557 4164 2615 4216 δὲ
2654 4163 2955 4235 συμϐουλῇ,
2989 4167 3083 4218 καὶ
3118 4168 3353 4234 μάλιστα
3396 4168 3672 4237 Εὐδαίμοέ

2090 4275 2201 4321 νος»,
2248 4257 2306 4320 ὃς
2359 4253 2426 4325 ἦν
2459 4257 2559 4325 τῆς
2610 4257 2905 4325 ἐκκλησίας
2964 4257 3361 4327 πρεσϐύτερος,
3408 4262 3469 4313 τὸ
3508 4263 3671 4328 γένος

419 4369 608 4408 versus
633 4353 979 4407 sacerdotum
1045 4351 1294 4406 ordinem
1345 4351 1641 4407 increbuil.
1703 4352 1981 4407 Nectarius

2108 4346 2510 4417 Ἀλεξανδρεὺς,
2542 4348 2782 4416 περιεῖλε
2811 4348 2903 4400 τὸν
2933 4348 3033 4416 τῆς
3062 4348 3395 4418 Ἐκκλησίας
3437 4327 3534 4403 ἐπί
3565 4370 3671 4421 με-

421 4460 587 4516 porro
610 4442 877 4513 quidnam
930 4442 1134 4496 faceret
1163 4441 1385 4505 dubius,
1417 4440 1650 4496 diacono
1679 4443 1902 4511 quidem
1930 4455 1990 4495 ut

419 4546 704 4592 scortatori
761 4535 1080 4605 dignitatem
1126 4534 1430 4603 abrogavit.
1484 4533 1684 4587 Verum
1742 4531 1984 4588 Ecclesia

423 4629 593 4682 multo
631 4627 794 4681 etiam
827 4626 996 4695 magis
1046 4633 1266 4694 propter
1302 4621 1514 4679 facinus
1565 4624 1642 4686 id,
1706 4640 1989 4681 sacrorum

422 4718 660 4772 virorum
720 4714 1078 4778 detractione,
1140 4712 1467 4768 maledictis
1503 4716 1852 4769 ctconviciis
1909 4724 1993 4769 est

422 4809 716 4879 proscissa.
751 4807 933 4876 Itaque
960 4806 1027 4860 de
1061 4803 1444 4874 quorumdam,
1466 4806 1699 4860 maxime
1728 4821 1854 4860 vero
1883 4806 1993 4860 Eu-

422 4900 686 4969 dxtttouis
713 4900 810 4970 (2),
846 4898 1090 4953 ecclesia:
1118 4899 1236 4968 ejus
1281 4896 1613 4969 presbyteri,
1658 4900 1835 4966 patria
1866 4898 1992 4952 Ale-

425 4992 701 5057 xandrini,
762 4990 1016 5052 consilio,
1039 5005 1108 5043 ne
1149 5000 1332 5059 postea
1358 4988 1421 5051 in
1448 4989 1675 5042 ecclesia
1709 4988 1993 5058 presbyter

427 5080 889 5155 pwttitcntiarius
920 5089 1089 5144 esset,
1148 5079 1434 5135 Nectarius
1508 5081 1699 5134 statuit
1750 5096 1763 5132 :
1825 5078 1983 5148 281

426 5175 785 5233 suadentibus
870 5172 1001 5237 illis,
1099 5180 1158 5225 ut
1239 5172 1441 5242 cuique
1553 5171 1991 5240 permitteretur,

429 5287 528 5341 pro
551 5263 885 5323 conscientia
928 5262 1002 5333 (5)
1052 5272 1108 5317 et
1143 5262 1340 5316 ﬁducia
1386 5275 1507 5325 sua,
1561 5261 1991 5322 communicare,

503 5417 577 5485 ll)
605 5414 759 5485 Apud
797 5413 1015 5468 Solum.
1095 5413 1198 5467 ltoe
1240 5412 1368 5466 facit
1403 5410 1718 5481 episcopus,
1766 5411 1867 5469 lib.
1899 5427 1993 5477 vn,

434 5493 866 5624 catavsbolerates
920 5568 978 5607 se
1034 5554 1099 5607 ad
1148 5550 1746 5624 Eudmtnonenristum
1790 5550 1994 5624 dixisse

431 5619 625 5681 scribit
651 5642 664 5677 :
697 5633 775 5678 An
809 5624 1085 5678 consilium
1117 5635 1317 5677 tuume
1348 5640 1402 5675 re
1429 5622 1673 5675 Ecclesia:
1704 5622 1790 5688 sit,
1836 5619 1994 5686 Deus,

2090 4440 2280 4510 τανοία
2337 4439 2742 4509 πρεσϐύτερον·
2797 4443 3099 4510 συγχωρεῖν
3132 4442 3397 4494 εἰπόντων
3446 4444 3669 4512 ἑκάστῳ

2092 4531 2236 4601 καθὰ
2272 4529 2565 4599 συνειδείη,
2599 4531 2694 4583 καὶ
2738 4531 2965 4601 θαρρεῖν
2993 4531 3211 4584 δύναιτο
3256 4537 3539 4591 κοινωνεῖν
3569 4538 3669 4586 καὶ

2093 4624 2203 4675 τῶν
2237 4622 2869 4695 ἀχράντωνιμυστηρίων
2922 4622 3190 4692 μετέχειν,
3236 4620 3395 4677 Οὕτω
3447 4626 3560 4693 γὰρ
3596 4628 3669 4693 τῇ

2106 4713 2402 4783 Ἐκκλησία
2457 4712 2921 4783 διατηρηθήσεται
2977 4714 3038 4765 τὸ
3066 4714 3426 4782 ἁνύϐριστον’
3482 4716 3578 4766 καὶ
3610 4716 3675 4777 ἐξ

2094 4805 2304 4857 ἐκείνου
2335 4804 2503 4867 οὓτως
2536 4805 2568 4875 ἡ
2600 4803 2897 4874 Ἐκκλησία
2933 4804 3228 4874 διέμεινεν.
3251 4804 3397 4871 Ἐγὼ
3422 4804 3478 4858 δέ
3508 4803 3672 4875 οἶμαι

2095 4895 2302 4948 ἐκεῖθεν
2331 4897 2427 4965 τῆς
2461 4896 2817 4965 ἀρχαιότητος
2847 4895 2941 4949 καὶ
2981 4896 3077 4965 τῆς
3114 4897 3232 4949 κατ’
3272 4897 3443 4966 αὐτὴν
3477 4900 3677 4965 σεμνό-

2096 5004 2253 5056 τητος
2282 4986 2653 5057 ἐκτραπεῖσαν
2686 4986 2785 5054 τὴν
2822 4982 3170 5055 Ἐκκλησίαν,
3202 4986 3295 5038 καὶ
3325 4989 3406 5048 είς
3441 4986 3669 5053 ἁδιάφο·

2098 5088 2191 5145 ρον
2230 5080 2324 5129 καὶ
2350 5077 2696 5146 ἠμελημένον
2720 5076 2974 5128 ἐκπεσεῖν
2994 5073 3143 5145 ἦθος,
3177 5076 3273 5127 καὶ
3299 5076 3443 5128 κατὰ
3470 5077 3671 5145 μικρὸν

2096 5165 2438 5235 διολισθῆσαι
2484 5166 2585 5233 τῆς
2620 5164 2906 5232 ἀκριϐείας
2948 5163 3239 5233 ἄρξασθαι.
3295 5163 3423 5217 Ὀτι
3456 5181 3518 5231 γε
3571 5167 3669 5215 καὶ

2099 5257 2238 5326 μείω
2266 5257 2533 5327 πρότερον
2563 5257 2709 5317 stitit;
2749 5250 2887 5308 εἶναι
2915 5258 2982 5308 τὰ
3008 5256 3409 5325 ἁμαρτήματα,
3442 5256 3584 5308 αἰδοῖ
3610 5271 3671 5306 τε

2097 5427 2126 5465 ο
2165 5412 2447 5481 presbyter,
2480 5413 2645 5462 novit;
2673 5409 2792 5463 Lib.
2828 5425 2881 5472 ν,
2919 5425 3042 5478 cap.
3081 5411 3166 5481 ιθ.

2170 5477 2243 5551 (ὃ)
2277 5477 2340 5533 Εἰ
2397 5479 2789 5551 Eucharistiam
2845 5477 3063 5546 quidam
3118 5477 3558 5551 tlistribuentes.
3611 5482 3675 5526 ut

2099 5551 2441 5606 COIhUCHIdO
2479 5550 2613 5613 fert,
2654 5563 3098 5616 unumquemque
3151 5563 3180 5601 e
3210 5550 3412 5617 populo
3462 5556 3675 5615 partem

2102 5622 2203 5675 sibi
2234 5634 2447 5675 sumere
2477 5619 2823 5688 permittunt.
2871 5618 2935 5673 Ut
2975 5619 3120 5673 enim
3157 5623 3364 5672 certius
3394 5618 3524 5687 quis
3552 5628 3677 5688 my-
