3936 6206
268 221 374 282 837

1104 224 1118 238 ’
1194 212 1787 273 ECCLESIAS'l'iC:E
1819 212 2204 270 IlISTURl/E
2248 212 2388 272 LIB.
2436 210 2566 268 XII.

3417 211 3520 269 833

265 340 380 390 τῶν
414 333 931 402 ἐξομολογουμένων
976 339 1074 394 τας
1101 329 1402 401 ἁμαρτίας,
1439 330 1533 384 καὶ
1564 329 1667 382 ὑπὸ
1695 331 1835 398 ἁκρι·

1957 337 2013 381 et
2043 328 2110 384 de
2143 326 2509 380 immaculatis
2549 319 2823 394 mysteriis
2860 321 3206 389 participare.
3253 319 3342 374 S'c
3373 325 3519 375 enim

268 428 424 488 ϐείας
444 423 556 477 τῶν
587 425 680 476 ἑτι).
709 421 884 490 τούτῳ
909 421 1413 489 κατατεταγμένων
1449 420 1688 490 κριτῶν·
1742 418 1846 472 κᾶν

269 517 370 571 νῦν
415 517 493 577 ὡς
543 515 700 584 ἔτυχε
757 514 854 567 καὶ
907 514 1043 566 ὅπου
1070 513 1271 584 δήποτε
1322 513 1552 574 ἕκαστος
1581 511 1844 580 βούλοιτο,

264 607 429 662 τοῦτο
466 607 732 676 ¹πράττειν
765 605 1064 672 ἐπικρατῇ.
1088 603 1366 674 Πρόφασις
1398 603 1442 654 δ’
1461 601 1710 656 ἐντεῦθεν
1736 603 1850 670 ἐγί-

268 701 414 757 νετο,
446 699 522 764 μὴ
551 694 800 762 ἐλέγχειν
838 691 1079 761 ἀλλήλων
1103 691 1172 744 τὰ
1202 692 1604 760 ἁμαρτήματα,
1631 690 1766 760 μηδὲ
1789 690 1848 742 τὸ

269 791 368 841 τοῦ
394 786 723 840 Ἀποστόλου
753 785 1044 853 φυλάττειν
1077 784 1353 853 αἱρεῖσθαι
1380 783 1650 850 λέγοντος,
1680 782 1847 848 Μηδέ

268 877 734 946 συνκοινωνεῖτε
798 874 926 941 τοῖς
985 875 1182 943 ἔργοις
1241 873 1364 939 τοῖς
1412 873 1709 941 ἀκάρποις
1737 873 1846 926 τοῦ

268 971 556 1032 σκότους,
599 965 843 1035 μᾶλλον
863 963 932 1016 δὲ
963 965 1059 1016 καὶ
1087 964 1386 1031 ἐλέγχετε.
1413 962 1507 1016 Ἐκ
1543 963 1608 1033 δὴ
1642 961 1846 1029 ταύτης

271 1063 373 1130 τῆς
407 1060 586 1119 αἰτίας
627 1055 922 1124 συμϐάλλω
949 1057 1042 1108 καὶ
1070 1054 1353 1107 Θεοδόσιον
1379 1056 1469 1106 τὸν
1499 1055 1714 1120 Μέγαν,
1743 1053 1844 1122 τῆς

268 1151 560 1219 ἀκηράτου
603 1147 763 1216 δόξης
804 1147 904 1198 καὶ
957 1147 1288 1214 σεμνότητος
1319 1146 1415 1214 τῆς
1456 1145 1683 1198 καθόλου
1717 1162 1848 1212 προ-

268 1240 564 1309 νοούμενον
599 1237 947 1309 Ἐκκλησίας,
973 1237 1274 1306 τηνικαῦτα
1303 1235 1518 1304 πρῶτον
1551 1235 1846 1304 νομοθετῆ-

270 1347 385 1389 σαι.
437 1329 703 1399 μηδαμῶς
737 1331 995 1396 γυναῖκα,
1037 1329 1087 1380 εί
1152 1327 1226 1398 μὴ
1279 1327 1543 1396 ἐξήκοντα
1584 1326 1720 1377 ὲτῶν
1756 1325 1842 1394 εἴη

268 1421 366 1472 καὶ
397 1421 593 1481 παῖδας
628 1418 766 1488 ἔχοι,
819 1420 894 1488 μὴ
923 1418 1000 1486 τῷ
1030 1419 1130 1489 τῆς
1183 1417 1457 1479 διακονίας
1492 1417 1586 1470 καὶ
1619 1416 1696 1484 τῷ
1747 1415 1842 1469 τοῦ

270 1513 477 1581 κλήρου
507 1509 978 1578 ἑγκαταλέγεσθαι
1010 1511 1254 1578 τάγματι
1275 1524 1290 1539 ο
1327 1509 1474 1562 καθὰ
1502 1511 1597 1560 καὶ
1630 1507 1842 1570 Παῦλος

271 1601 454 1673 ῥητῶς
488 1601 630 1656 οὕτω
669 1601 1040 1672 προσέταξεν⁹
1071 1601 1476 1655 ἀπελαύνεσθαι
1501 1601 1559 1654 δὲ
1589 1601 1684 1669 τῆς
1721 1599 1842 1652 Ἐκ-

1955 417 2073 472 fore
2119 428 2176 472 ut
2210 417 2456 471 Ecclesia
2485 431 2514 468 a
2550 412 2902 467 eotttutucliis
2938 412 3109 466 libera
3143 423 3287 464 esset
3327 419 3379 464 et
3427 413 3526 464 int-

1950 509 2152 563 munis.
2195 508 2351 561 Etab
2379 521 2446 559 eo
2508 513 2753 572 tempore
2815 503 3059 556 Ecclesia
3125 501 3176 554 in
3236 501 3327 554 tali
3381 513 3519 554 statu

1950 598 2272 668 permansit.
2299 596 2409 666 Ego
2440 611 2567 648 vero
2611 609 2673 646 ea
2717 609 2775 646 re
2807 593 3105 647 Ecclesiam
3135 593 3308 660 prisca
3346 593 3433 645 illa
3470 602 3525 646 et

1950 691 2258 746 veneranda
2316 690 2579 758 gravitate
2615 686 2905 751 ettcidisse,
2941 696 2996 740 et
3048 684 3112 738 ad
3168 686 3516 738 arbitrarium

1953 782 2536 849 inconsideratumque
2566 788 2728 846 atque
2755 779 3120 848 negligentem
3150 793 3356 849 merent
3393 792 3519 844 pro-

1947 873 2159 943 lapsam
2185 888 2329 938 esse,
2363 884 2417 925 et
2445 870 2708 940 paulatim
2740 871 2807 924 ab
2862 869 3201 923 accuratiore
3231 869 3520 937 disciplina

1947 969 2251 1024 desciscere
2277 968 2509 1037 cmpisse
2537 975 2686 1035 puto.
2715 963 2954 1033 Equum
2979 973 3127 1018 certe
3156 975 3315 1032 atque
3347 964 3523 1016 credi-

1945 1058 2055 1114 bile
2087 1069 2192 1123 est,
2225 1059 2411 1113 minus
2442 1067 2600 1111 antea
2637 1067 2986 1126 peccatorum
3015 1054 3202 1119 fuisse,
3236 1070 3360 1108 cum
3398 1070 3521 1122 pro-

1946 1163 2070 1224 pter
2091 1168 2283 1207 corum
2313 1151 2404 1220 qui
2434 1161 2652 1220 peccata
2683 1150 3078 1204 conﬁterentur
3105 1148 3515 1210 verecundiam,

1947 1254 2062 1299 tttm
2135 1255 2366 1314 prepter
2398 1243 2646 1312 judicunt
2690 1242 2754 1295 ad
2792 1229 2896 1295 hoc
2933 1240 3357 1294 constitutorum
3394 1238 3521 1290 di'i-

1945 1345 2164 1404 gentem
2194 1334 2627 1402 inquisitionem.
2654 1331 2916 1399 Quamvis
2949 1345 3093 1384 nunc
3121 1345 3339 1398 quoque
3367 1329 3416 1380 id
3445 1329 3514 1381 ita

1945 1435 2148 1480 utsors
2185 1426 2394 1488 tulerit,
2427 1435 2483 1479 et
2535 1425 2970 1494 quandocunque
3030 1423 3228 1490 cuique
3297 1407 3514 1474 libitum

1943 1516 2130 1581 fuerit,
2165 1517 2277 1570 liat.
2306 1515 2458 1570 Unde
2485 1531 2644 1570 causa
2671 1517 2758 1569 illa
2792 1504 3020 1577 exstitit,
3042 1522 3102 1566 ut
3131 1514 3270 1566 alter
3295 1512 3518 1565 alterius

1942 1619 2164 1675 peccata
2194 1623 2303 1660 non
2350 1615 2581 1676 argutat;
2629 1622 2803 1675 neque
2838 1605 2970 1659 illud
3030 1604 3272 1672 Apostoli
3325 1618 3516 1656 serve-

268 1695 503 1763 κλησίας
536 1693 632 1747 καὶ
659 1693 760 1755 τὰς
789 1693 1114 1762 κειρομινας
1140 1693 1236 1754 τὰς
1281 1691 1522 1759 κεφαλάς
1542 1707 1556 1722 ⁸
1590 1693 1686 1744 καὶ
1719 1693 1835 1744 ὅσοι

1945 1705 2053 1762 tur,
2085 1695 2353 1751 dicentis:
2405 1696 2624 1750 «Nolite
2685 1696 3087 1750 communicare
3143 1695 3209 1750 de
3258 1697 3518 1762 cperibtts

270 1786 330 1838 δὲ
357 1785 466 1838 τῶν
487 1785 802 1838 ἐπισκόπων
827 1785 924 1847 τὰς
947 1785 1201 1847 τοιαύτας
1228 1784 1566 1853 προσίενται,
1597 1784 1696 1845 τὰς
1719 1784 1838 1836 ἐπι·

273 1876 486 1940 σκοπὰς
513 1876 888 1947 ἀφαιρεῖσθαι.
917 1876 1081 1930 Ἀλλὰ
1111 1877 1242 1946 περὶ
1277 1876 1374 1945 μὲν
1402 1876 1609 1927 τούτων
1636 1874 1841 1943 αύτάρο

272 1984 389 2031 κως
412 1965 565 2038 οἶμαι
598 1969 929 2040 είρήκαμιν.

1946 1787 2286 1858 infrugiferis
2345 1789 2719 1854 tenebrarum,
2751 1789 2844 1841 sed
2907 1787 3088 1855 potius
3115 1803 3178 1840 ea
3226 1788 3454 1855 a‘rguite.
3491 1804 3510 1835 ι

1943 1875 2059 1942 Qua
2093 1880 2258 1932 etiam
2282 1894 2348 1932 ex
2381 1894 2542 1933 causa
2577 1879 2947 1932 Theodosium
2975 1877 3248 1946 Magnum,
3285 1877 3513 1930 immoré

1948 1969 2040 2022 tali
2067 1978 2122 2022 et
2143 1969 2468 2024 venerandtn
2498 1970 2776 2023 catholicae
2808 1969 3063 2022 Ecclesia:
3093 1968 3279 2037 gloria:
3304 1984 3506 2022 consu-

274 2073 502 2131 tentem,
529 2073 643 2117 tum
702 2063 941 2133 primum
995 2062 1168 2130 legem
1213 2060 1404 2114 tulisse
1467 2059 1724 2130 coniicio,
1775 2058 1862 2132 (l)
1903 2075 2245 2131 nequaquam
2310 2063 2618 2126 mulierem,
2688 2061 2791 2116 nisi
2843 2062 3120 2130 sexaginta
3153 2076 3329 2114 annos
3385 2071 3510 2114 nata

274 2157 373 2221 sit,
416 2165 474 2210 et
531 2154 743 2210 liberos
774 2154 992 2218 habeat,
1041 2154 1094 2206 in
1134 2152 1381 2206 ordinem
1435 2151 1725 2205 ministerii
1785 2159 1838 2206 et
1875 2152 2008 2207 cleri
2063 2154 2458 2222 cooptaudam:
2516 2151 2973 2223 quemadmodum
3007 2162 3063 2206 ct
3090 2153 3288 2208 Paulus
3310 2153 3516 2208 diserte‘

269 2249 327 2303 id
374 2247 680 2310 constituit,
738 2262 803 2299 ex
849 2244 1100 2299 ecclesiis
1131 2259 1348 2312 quoque
1378 2243 1675 2309 exigendas
1723 2258 1844 2312 quae
1878 2258 2092 2298 comam
2161 2246 2573 2300 totoudissent:
2629 2255 2686 2300 et
2753 2245 3068 2314 quicunque
3133 2246 3374 2316 episcopi
3424 2261 3518 2300 eas

267 2343 645 2403 admisisSent,
674 2337 1105 2393 exauctorandos
1132 2351 1272 2392 esse.
1302 2337 1497 2392 Verum
1528 2335 1596 2391 de
1630 2336 1714 2390 his
1738 2335 1872 2390 satis
1913 2335 2170 2392 diximus.

866 2454 1112 2506 ΚΕΦΑΛ.
1155 2452 1282 2506 KG’.

277 2550 384 2615 Ὠς
413 2549 510 2604 καὶ
547 2548 616 2599 ἐν
659 2545 788 2615 ταῖς
839 2544 1105 2615 αἱρέσεσι
1145 2543 1365 2615 πολλοὶ
1423 2536 1596 2615 αὖθις
1638 2541 1845 2612 ἐπεγέ-

323 2611 525 2676 ’ἆοντο
550 2614 872 2682 διαιρέσεις·
897 2629 910 2642 ⁶
942 2614 1038 2664 καὶ
1063 2611 1707 2682 ὄτι-Θεορόσιος-μόνος
1731 2611 1844 2666 Εὐ..

339 2691 555 2758 νόμιον
582 2677 914 2759 ὑπερώριὸξξ
939 2696 952 2710 ⁸
988 2677 1244 2759 καὶμοῖοις
1289 2678 1454 2759 ἦητὸ
1485 2679 1628 2759 ἦθος
1659 2680 1842 2759 Eoo-6:

333 2749 472 2829 μιός
499 2773 512 2786 ·
543 2757 638 2829 καὶ
771 2753 839 2806 ἐν
863 2749 1255 2818 Καππαδοκίᾳ
1307 2749 1379 2818 τῇ
1414 2749 1651 2818 πατρίδι
1677 2754 1843 2820 γενό-

333 2824 523 2920 λιεῖος
548 2824 853 2878 ἐτελεύτα.

2385 2451 2546 2521 232
2599 2413 2824 2506 CAPUT
2869 2449 3064 2506 xm.

1945 2539 2009 2594 Ut
2037 2542 2256 2596 hereses
2282 2552 2330 2594 et
2357 2552 2508 2594 secta:
2541 2543 2595 2594 in
2625 2543 2803 2596 varias
2838 2543 3074 2594 dissectw
3099 2550 3148 2596 et
3187 2543 3366 2596 diuisit
3404 2545 3513 2598 sini.

2008 2612 2228 2665 Itwrescs
2258 2627 2276 2664 :
2326 2619 2373 2664 et
2422 2611 2560 2680 quod
2621 2612 2931 2665 Theodosius
2979 2611 3147 2664 solum
3192 2612 3510 2666 Eunontinm
3591 2651 3593 2653 ι

2010 2683 2411 2750 proscripserit:
2439 2681 2620 2750 quibus
2672 2681 2898 2733 moribus
2939 2691 2986 2732 et
3019 2683 3276 2735 institutis
3327 2683 3511 2736 Enno-

2012 2752 2147 2804 mius
2178 2752 2356 2832 fuerit,
2399 2759 2521 2803 etut
2562 2752 2618 2804 in
2646 2750 2980 2820 Cappadocia
3011 2751 3190 2819 patria
3229 2768 3327 2806 sua
3368 2769 3509 2805 mor-

2017 2831 2139 2876 tuus
2163 2831 2252 2874 sit.

342 2942 626 3012 Προσῆκον
675 2935 731 2990 δὲ
784 2934 893 3004 ἄρα
925 2933 1060 3004 μηδὲ
1103 2933 1170 2986 τὰ
1200 2932 1332 3003 παρ’
1360 2932 1542 2997 ἄλλοις
1571 2935 1835 3002 γεγονότα

2011 2932 2280 2989 Convenit
2323 2949 2508 3003 porro,
2543 2941 2604 2988 ut
2635 2949 2807 3002 neque
2838 2948 2900 2987 ea
2932 2948 3054 3003 qua:
3085 2932 3208 2988 aliis
3237 2933 3512 2997 accidere,

263 3032 597 3088 καταλιπεῖν
623 3027 892 3097 ἀδιήγητα
911 3039 925 3054 ³
953 3023 1254 3092 Ἀρειανοῖς
1277 3039 1438 3092 φημι,
1474 3025 1698 3087 καὶτοῖς
1728 3027 1833 3078 ἀπὸ

263 3122 601 3179 Μακεδονίου
633 3121 727 3172 καὶ
760 3115 1025 3182 Εύνομίου
1060 3115 1152 3166 καὶ
1197 3113 1448 3166 Ναυάτου
1484 3115 1834 3183 παρωνύμως

263 3211 705 3282 ὠνομασμένος,
739 3206 926 3268 Ἀπαξ
974 3205 1150 3274 γὰρὴ
1202 3203 1294 3256 τοῦ
1349 3203 1486 3256 Θεοῦ
1541 3205 1836 3275 Ἐκκλησία

263 3301 627 3372 διαιρεθεῖσα,
663 3301 762 3352 οὐκ
801 3296 1120 3366 ἐπ’ὲκείνης
1161 3296 1291 3365 ἔστη
1332 3296 1429 3363 τῆς
1459 3295 1792 3360 διαστάσεως
1817 3313 1832 3329 ⁸

265 3394 388 3449 ἀλλ’
410 3391 546 3460 αὕτη
603 3391 764 3443 πάλιν
797 3387 918 3442 καθ’
952 3387 1151 3456 ἑαυτὴν
1195 3386 1450 3457 διῃρεῖτο.
1487 3388 1593 3440 Καὶ
1616 3390 1666 3440 οἱ
1701 3406 1835 3456 προ-

267 3485 470 3538 στάται
494 3481 601 3533 τῶν
628 3479 892 3548 αἱρέσεων
924 3477 1164 3545 σμικρᾶς
1185 3491 1327 3537 τινος
1357 3477 1676 3546 εἰλημμένοι
1703 3495 1835 3547 προ-

269 3577 512 3646 φάσεως,
539 3571 662 3625 καθ’
690 3569 900 3622 ἑαυτῶν
924 3568 1182 3638 ἐχώρουν,
1209 3567 1302 3620 καὶ
1331 3569 1424 3620 ἀπ’
1451 3569 1697 3636 ἀλλήλων
1734 3569 1835 3622 διί-

267 3683 486 3722 σταντο.
540 3664 660 3726 Ηώς
709 3662 810 3732 μὲν
867 3656 960 3713 οῦν
991 3661 1084 3714 καὶ
1125 3661 1277 3725 πότε,
1313 3660 1405 3711 καὶ
1435 3658 1505 3713 δι’
1554 3659 1620 3722 ἃς
1653 3663 1832 3721 αίτιας

263 3759 490 3812 ἕκαστοι
513 3756 606 3808 ἀπ’
640 3754 889 3820 ἀλλήλων
919 3753 1224 3819 διέστησαν,
1255 3750 1517 3821 προϊοῦσα
1541 3753 1574 3821 ἠ
1621 3752 1834 3822 ἱστορία

262 3848 517 3920 δηλώσει.
544 3845 753 3898 tatam:
789 3845 970 3912 μέντοι
1011 3841 1206 3912 χρεὼν,
1239 3841 1314 3904 ὡς
1339 3842 1531 3895 οὐδένα
1571 3843 1776 3896 τούτων
1805 3845 1833 3896 ό

264 3941 522 4014 βασιλεὺς
551 3939 738 3992 ἐδίωκε
776 3937 1072 4000 Θεοδόσιος,
1105 3932 1222 3987 ἀλλ’
1263 3935 1383 3987 οὐδὲ
1414 3934 1694 4005 ἠνάγκαζε
1722 3953 1833 3988 κοιο

262 4034 486 4085 νωνεῖν·
540 4028 834 4097 συνεχώρει
865 4027 909 4078 δ’
948 4019 1227 4097 ἐκάστῳῇ
1272 4025 1514 4095 βούλοιτο
1559 4027 1699 4079 κατὰ
1743 4028 1834 4080 τὸν

262 4127 396 4179 ἴδιον
431 4120 756 4188 συνάγεσθαι
808 4118 1001 4170 τόποψ
1040 4119 1133 4170 καλ⁸
1183 4117 1428 4180 δοξάζειν
1470 4121 1600 4188 περὶ
1630 4119 1727 4187 τῆς
1754 4121 1834 4184 εις

263 4212 500 4281 Χριστὸν
534 4210 787 4270 πίστεως,
819 4207 893 4268 ώς
924 4208 988 4258 ἂν
1017 4207 1230 4274 ἑκάστῳ
1275 4209 1402 4276 περὶ
1429 4209 1636 4276 ταύτης
1663 4226 1834 4263 κατα-

1939 3026 2162 3081 silentio
2209 3036 2598 3095 prmtcreamus
2631 3043 2645 3080 :
2683 3026 2899 3080 Arianis
2946 3024 3219 3084 videlicet,
3253 3035 3307 3079 et
3351 3027 3443 3094 qui
3481 3042 3509 3078 a

1937 3101 2261 3171 Macedonio
2297 3125 2352 3170 et
2393 3116 2666 3171 Eunomio
2703 3126 2757 3170 et
2795 3117 3006 3171 Novato
3047 3132 3348 3187 cognomen
3385 3126 3511 3171 sunt

1937 3210 2140 3277 adepti.
2187 3208 2480 3278 Postquam
2525 3225 2760 3278 namque
2807 3210 2976 3263 semel
3022 3209 3259 3262 Ecclesia
3297 3209 3390 3262 Dei
3426 3209 3513 3261 di-

1937 3303 2051 3357 visa
2095 3312 2201 3363 est,
2239 3317 2327 3356 res
2365 3303 2416 3355 in
2458 3317 2520 3354 ea
2568 3302 2909 3354 discessione
2953 3316 3061 3354 non
3110 3301 3378 3362 constitit,
3414 3299 3507 3353 sed

1938 3392 2026 3445 illa
2075 3408 2287 3445 rursum
2333 3393 2385 3447 in
2435 3407 2492 3446 se
2539 3392 2653 3461 ipsa
2700 3408 2800 3461 per
2851 3393 3225 3446 dissensiones
3275 3392 3507 3444 dissecta

1935 3489 2036 3534 est.
2083 3479 2150 3532 Et
2198 3489 2470 3533 sectarum
2525 3490 2799 3540 auctores,
2851 3495 3017 3548 parva
3065 3480 3360 3532 occasione
3413 3495 3508 3531 ar-

1937 3580 2110 3639 repta.
2145 3576 2201 3624 et
2228 3573 2537 3624 secessione
2567 3570 2727 3636 facta,
2757 3571 2809 3623 in
2841 3570 3107 3622 factiones
3133 3569 3270 3623 alias
3297 3568 3502 3622 abiere.

1935 3660 2220 3727 Quomodo
2255 3672 2460 3724 autem,
2489 3671 2545 3716 et
2579 3662 2825 3731 quando,
2872 3670 2928 3714 et
2973 3661 3175 3730 quibus
3215 3663 3280 3715 tle
3323 3663 3508 3715 causis

1934 3761 2080 3806 secta
2101 3762 2105 3768 '
2127 3753 2387 3821 quatlibet
2415 3768 2444 3804 a
2477 3768 2533 3806 se
2566 3755 2677 3821 ipsa
2712 3767 2809 3822 per
2838 3751 3236 3807 dissensionem
3269 3767 3511 3807 secesse-

1934 3844 2028 3908 rit,
2060 3859 2127 3898 ex
2157 3845 2238 3898 eis
2268 3859 2388 3912 quae
2428 3844 2706 3907 dicentur,
2743 3843 2994 3912 liquebit.
3031 3845 3165 3898 illud
3197 3861 3330 3899 sane
3365 3847 3506 3900 seire

1933 3938 2214 4001 convenit,
2249 3937 2634 4006 imperatorem
2679 3936 3054 3990 Theodosium
3093 3937 3343 3992 haeresim
3380 3938 3505 3990 nul-

1933 4029 2040 4082 lam
2079 4036 2428 4098 persecutum
2475 4042 2622 4093 esse,
2661 4043 2836 4096 neque
2877 4027 3188 4096 quempiam
3238 4027 3303 4080 ad
3348 4044 3503 4080 eom-

1937 4120 2250 4172 munionetn
2310 4119 2588 4187 coegisse,
2645 4118 2740 4172 sed
2800 4121 2982 4187 potius
3041 4119 3388 4186 permisisse.
3446 4129 3505 4171 nt

1935 4208 2162 4263 haeresis
2202 4209 2462 4277 quaslibet
2501 4209 2624 4260 loco
2665 4222 2787 4271 suo,
2823 4223 2922 4275 pro
2951 4223 3018 4262 eo
3050 4220 3213 4278 atque
3242 4214 3290 4264 ei
3327 4217 3500 4264 risum

259 4303 450 4355 λαϐεῖν
471 4301 770 4367 ἐξεγένετο.
808 4299 919 4360 Τὰς
951 4297 1050 4367 μὲν
1080 4293 1171 4350 οῦν
1193 4298 1386 4361 λοιπὰς
1414 4299 1520 4350 τῶν
1546 4300 1829 4369 αἱρέσεων,

1945 4309 2114 4364 esset,
2159 4308 2464 4352 conventus
2508 4313 2704 4368 agere,
2754 4308 2920 4368 atque
2967 4300 3130 4354 etiam
3181 4301 3248 4354 de
3298 4304 3400 4355 tide
3449 4304 3500 4357 in

263 4397 406 4466 πλὴν
429 4389 806 4450 Ναυατιανῶν,
831 4387 935 4454 ἔξω
966 4388 1072 4440 τῶν
1089 4387 1295 4439 πόλεων
1322 4388 1574 4455 συνάγειν
1597 4389 1834 4457 ἐκέλευε,

261 4489 356 4543 καὶ
390 4485 681 4556 ἐκκλησίας
743 4483 1014 4551 ἐγείρειν·
1051 4482 1176 4541 τοὺς
1225 4479 1280 4531 δὲ
1325 4480 1702 4543 Ναυατιανοὺς
1762 4484 1837 4547 ώς

259 4578 707 4648 ὁμοφρονοῦντας
739 4573 889 4642 αὐτῷ
915 4572 1056 4626 κατὰ
1078 4573 1177 4640 τὴν
1199 4571 1293 4623 τοῦ
1321 4573 1608 4640 ὁμοουσίου
1629 4574 1830 4640 πίστιν,

260 4675 412 4727 ἔνδον
433 4671 541 4723 τῶν
568 4669 771 4722 πόλεων
804 4667 941 4737 μετὰ
986 4667 1222 4737 Οάρῤους
1253 4666 1638 4736 ἐκκλησιάζειν
1665 4670 1834 4738 πρού-

259 4764 517 4833 τρέπετο,
549 4759 691 4812 καθὰ
745 4776 832 4826 μοι
863 4758 956 4810 καὶ
993 4759 1249 4826 ἀνωτέρω
1283 4758 1634 4828 διείληπται·
1665 4761 1830 4826 μόνου

258 4854 306 4906 δ’
335 4849 600 4918 Εὑνομίου
625 4848 920 4918 ὑπερορίαν
938 4847 1112 4917 φυγὴν
1136 4849 1509 4912 κατεδίκαζεν.
1536 4845 1704 4912 Οὗτος
1721 4850 1829 4921 γὰρ

265 4943 407 5011 μετὰ
437 4941 496 4993 τὸ
519 4939 698 4991 λιπεῖν
731 4939 828 5006 τὴν
874 4937 1134 5003 Κύζικον,
1185 4940 1280 4992 κοιλ⁵
1307 4941 1398 4992 τοῦ
1430 4940 1686 5004 Εύδοξίου
1714 4941 1831 4994 δια-

259 5032 516 5100 ζυγῆναι,
560 5030 618 5093 ὃς
666 5029 854 5082 τοῦτον
890 5031 1235 5100 ἐχειροτόνει,
1296 5034 1387 5084 ἐπὶ
1434 5034 1703 5104 προφάσει
1745 5033 1828 5088 ὅτι

256 5193 488 5249 steriutn
546 5191 647 5245 hoc
676 5191 756 5245 vel
784 5201 1018 5258 cxtictat,
1063 5191 1144 5244 vel
1200 5206 1257 5243 se
1299 5191 1366 5243 ab
1413 5206 1478 5245 eo
1530 5191 1822 5256 abstineat,

251 5261 590 5319 conscientia
635 5263 839 5328 optima
872 5261 978 5314 dux
1023 5269 1126 5312 est.
1159 5258 1593 5314 Fundamentum
1640 5271 1822 5316 autem

253 5338 473 5386 tirntnm
511 5329 670 5398 hujus
701 5341 784 5383 est
821 5333 925 5384 vita
961 5339 1101 5382 recta
1129 5346 1251 5383 cum
1291 5330 1576 5398 disciplina
1613 5331 1820 5385 debita.

250 5403 332 5456 Te
356 5408 536 5452 autem
571 5400 815 5454 homines
848 5402 984 5452 alios
1003 5410 1271 5466 Spectatus
1290 5400 1397 5468 jam
1423 5409 1476 5454 et
1510 5401 1823 5469 exploratos

250 5469 502 5525 litoribus
523 5470 824 5523 emendatis
869 5471 1065 5523 imitari
1116 5471 1555 5523 commodissima
1605 5480 1707 5530 est,
1766 5483 1821 5524 ct

249 5541 319 5593 ad
351 5537 595 5590 veritatis
644 5540 1026 5606 cognitionem,
1055 5549 1108 5592 ct
1151 5540 1212 5591 ad
1257 5550 1643 5606 przt-ccptorum
1675 5543 1815 5592 divi-

251 5623 454 5664 norum
499 5611 941 5673 exsecutionem,
1009 5612 1116 5662 via.
1190 5611 1456 5674 Quocirca
1500 5611 1814 5676 quiettttqne

1937 4391 2234 4456 Christum,
2278 4406 2374 4460 pro
2413 4391 2677 4460 cujusque
2720 4401 2906 4459 captu,
2938 4394 3144 4447 sentire
3181 4405 3342 4462 atque
3385 4398 3506 4464 opi-

1939 4487 2052 4538 nari
2113 4495 2320 4553 posset.
2380 4484 2641 4552 Reliquas
2695 4484 2918 4552 quidem
2978 4485 3254 4552 haereses,
3309 4500 3504 4555 prntltl‘

1935 4577 2302 4640 Novatianos,
2344 4586 2498 4630 extra
2550 4577 2716 4630 urbes
2763 4587 3067 4630 conventus
3107 4578 3406 4638 Ct‘lcltrztrc‘,
3450 4591 3503 4632 «ιι

1935 4669 2197 4722 ecclesias
2228 4678 2514 4722 exstruere
2542 4669 2726 4736 jussit.
2759 4668 3090 4722 Novatianos
3117 4681 3320 4730 autem,
3355 4673 3498 4738 quod

1934 4777 2116 4836 secum
2151 4762 2218 4816 de
2251 4761 2560 4827 ὁμοουσίου,
2596 4761 2700 4815 hoc
2729 4771 2810 4815 est
2846 4762 3350 4825 eonsubstantiaiis,
3396 4766 3499 4817 title

1933 4856 2329 4918 consentirent,
2373 4854 2517 4907 intra
2569 4853 2732 4908 urbes
2779 4853 2950 4907 libere
2994 4855 3259 4910 ecclesias
3294 4857 3499 4912 habere

1931 4956 2018 5000 est
2067 4961 2288 5014 passus,
2340 4945 2502 5000 sicuti
2549 4954 2708 4998 antea
2758 4960 2978 5014 quoque
3023 4946 3156 4999 dixi.
3205 4947 3270 5001 Et
3320 4951 3496 5002 solum

1931 5035 2050 5104 ipse
2086 5036 2416 5090 Eunomium
2456 5037 2652 5092 exsilio
2693 5037 3000 5092 mulctavit.
3035 5036 3131 5092 Hic
3165 5038 3308 5092 enim
3352 5050 3500 5108 post-

1929 5189 2341 5246 manducaverit
2395 5208 2588 5263 panem
2629 5204 2684 5248 et
2735 5195 2937 5250 biberit
2998 5198 3222 5250 calicem
3280 5197 3490 5250 Domini

1932 5263 2173 5336 indigne,
2235 5277 2360 5316 reus
2412 5268 2512 5317 erit
2564 5268 2810 5333 corporis
2850 5278 2902 5320 et
2945 5273 3220 5336 sattgntnts
3257 5268 3487 5320 Domini.

1927 5330 2185 5404 Exploret
2215 5347 2344 5384 vero
2372 5337 2612 5403 seipsntn
2646 5330 2831 5400 homo,
2864 5349 3024 5404 atque
3048 5330 3140 5388 ἠδ
3165 5341 3381 5390 demum
3425 5342 3492 5391 tle

1930 5416 2066 5475 pane
2096 5401 2242 5475 edat,
2275 5413 2331 5456 et
2372 5401 2638 5459 de‘calice
2680 5407 2852 5460 bibat.
2889 5401 3179 5475 (Clemens.
3225 5407 3489 5462 Alexand.

1926 5471 2022 5522 ltb.
2057 5486 2090 5532 ι,
2121 5471 2402 5538 Stromat.)

1997 5541 2421 5617 (⁸1])(ᾀιιιιλειίιιιιὶι)
2443 5542 2731 5617 Theodosii
2755 5546 2820 5599 de
2851 5547 3170 5601 tlfacorzissis
3216 5547 3275 5602 L.
3301 5547 3488 5617 Nullo,

1922 5611 1984 5665 C.
2021 5610 2092 5664 De
2125 5613 2292 5678 episc.
2327 5625 2378 5666 et
2409 5615 2541 5668 τιον.
