3936 6206
97 647 132 690 \

140 699 162 733 ι
190 684 473 749 ὁδεύοντος
494 724 509 748 ,
544 684 572 737 δ
615 673 787 754 Κριὸς
821 688 935 750 τοῖς
960 688 1214 759 Ἕλλησιν
1249 673 1574 761 ὀνομάξεταί.
1598 709 1611 722 ·
1645 709 1769 745 τεσ-

188 382 296 446 849
1098 386 1700 451 ECCLESIASTIC/B
1744 388 1769 446 Ι

1876 389 2136 450 TORl/E
2176 391 2325 450 ΗΒ.
2379 388 2522 451 ΧΠ.
2568 443 2574 451 .
3339 386 3446 456 850

189 502 308 570 ρίαν
336 498 564 569 ἐαρινὴν
591 499 659 553 τὰ
688 498 1017 571 διαϐατήρια
1048 492 1312 574 θυόντων,
1343 507 1485 560 κατὰ
1513 506 1574 558 τδ
1600 472 1757 576 ἶπρῶ·-

1875 497 2031 560 Lcstes
2076 506 2304 560 laudans
2325 545 2340 568 ,
2378 506 2447 558 τὰ
2470 502 2801 574 διαδατὴρια
2822 543 2837 567 ,
2886 500 2993 558 hoc
3022 507 3107 556 est
3159 499 3447 557 Pascltalia

184 608 276 643 τον
307 590 786 669 δωδεκατημόριον
821 594 1015 663 τμῆμα
1045 595 1141 648 τοῦ
1175 597 1452 669 Ζωδιακοῦ
1487 597 1583 652 τοῦ
1614 598 1768 669 ἡλίου

1875 611 1972 665 pro
2024 597 2255 651 transitu
2300 595 2609 660 sacrificia,
2659 593 3056 660 sacriﬁearint,
3104 603 3231 665 post
3274 596 3449 663 a-q'ui-

1432 666 1611 753 ξεται·
1645 709 1769 745 τεσ-
1873 689 2117 744 noctium
2166 704 2434 754 vernum,
2489 689 2606 744 sole
2658 688 2892 759 primam
2941 686 3320 741 duodecimam
3371 685 3451 755 (I)

192 776 766 842 σαρεσκαιδεκαταίας
796 778 1098 848 τηνικαῦτα
1134 781 1232 850 τῆς
1277 782 1508 853 σελήνης
1540 782 1637 855 τὴν
1673 801 1772 837 πο-

1875 790 2082 851 partem
2105 824 2119 846 ,
2177 797 2298 852 qum
2343 798 2379 836 a
2429 780 2637 837 Graecis
2675 779 2837 834 Aries
2872 778 3210 848 appcilatur,
3241 776 3450 832 zodiaci

188 865 342 937 ρείαν
391 867 772 937 ποιουμένης,
827 872 920 923 καὶ
970 871 1112 924 κατὰ
1163 872 1454 942 διάμετρον
1503 876 1581 945 τῷ
1631 875 1769 946 ἡλίῳ

1875 874 2081 927 circuli
2113 876 2401 945 ingresso;
2450 874 2584 927 luna
2639 883 2820 927 autem
2872 886 2969 939 per
3008 869 3337 923 diametrum
3374 867 3450 937 (Ξ)

182 956 618 1027 καθεστηκυίας.
654 957 781 1011 Ἐπὶ
825 958 883 1012 δὲ
926 959 1139 1024 τούτοις
1183 965 1278 1016 καὶ
1322 964 1677 1034 Σαμαρεῖται,
1719 965 1773 1019 οἳ

185 1050 554 1120 διαφερόντως
587 1051 657 1104 τὰ
689 1054 882 1120 καίρια
911 1059 1008 1125 τῆς
1040 1058 1285 1122 Μωσέως
1318 1060 1640 1128 νομοθεσίας
1674 1061 1771 1131 ζη-

182 1141 393 1204 λοῦσιν,
423 1143 523 1194 οὐκ
553 1141 618 1196 ἂν
647 1143 749 1215 τὴν
778 1147 1037 1216 τοιαύτην
1067 1150 1304 1203 τελέσειν
1333 1151 1618 1221 ἀνέχονται
1650 1153 1768 1223 ἐορ-

183 1235 307 1300 τὴν,
344 1233 477 1302 πρὶν
516 1232 550 1303 ἥ
596 1235 689 1288 τὸν
729 1236 848 1289 νέον
892 1238 1334 1309 τελεσφορεῖσθαι
1378 1244 1604 1313 καρπόν.
1649 1245 1769 1297 Τῶν

186 1324 323 1377 νέων
357 1326 464 1396 γὰρ
487 1364 502 1388 ,
539 1328 739 1396 φησὶν,
777 1329 971 1401 ἑορτὴν
1019 1332 1189 1403 αὐτὴν
1223 1335 1251 1386 ὁ
1286 1335 1451 1404 νόμος
1487 1336 1670 1390 καλεῐ’
1692 1336 1769 1400 ὡς

191 1415 268 1485 μὴ
309 1414 468 1485 θέμις
511 1415 571 1469 δν
612 1419 918 1486 ἑορτάζειν,
963 1408 1177 1475 τούτων
1215 1425 1278 1494 δὴ
1327 1427 1401 1496 μὴ
1447 1428 1767 1497 φανέντων*

189 1506 264 1567 ὡς
307 1507 619 1577 ἐπάναγκες
664 1507 803 1565 εἷναι
847 1515 1173 1582 συμῦαίνειν
1210 1517 1431 1585 φθάνειν
1466 1519 1563 1587 τὴν
1599 1522 1657 1573 ὲν
1691 1520 1770 1589 τῷ

187 1593 284 1667 ἦρι
312 1599 630 1670 ἰσημερίαν.
657 1602 764 1656 Καὶ
791 1605 973 1657 τοίνυν
998 1607 1124 1669 τοὺς
1151 1611 1278 1679 περ).
1306 1607 1463 1662 τοῦτο
1497 1610 1771 1679 μιμουμέ-

188 1706 313 1752 νους
345 1689 672 1759 Ἰουδαίους,
707 1693 976 1764 θαυμάζω
1013 1698 1093 1752 δτι
1138 1699 1214 1770 μὴ
1250 1699 1349 1770 τὴν
1386 1702 1514 1772 παρ’
1541 1704 1770 1766 ἐκείνοις

191 1781 527 1854 ἀρχαιότητα
572 1784 777 1854 μᾶλλον
815 1785 1108 1859 ξπῄνεσαν.
1151 1789 1416 1859 Συνάγιιν
1458 1787 1550 1846 οὖν
1592 1794 1764 1856 ἐστιν,

186 1872 270 1935 ὠς
299 1872 426 1927 ἄνευ
454 1872 691 1939 τούτων,
727 1851 991 1943 καὶδτῶν,
1023 1877 1073 1931 οἶ
1104 1876 1766 1951 Τεσσαρεσκαιδεκαττται

191 1966 736 2034 1:;-oso~mp&§ovvat,
766 1968 964 2037 ἐπίσης
1002 1950 1297 2041 Ῥωμαίοίς
1324 1976 1419 2029 καὶ
1447 1974 1768 2043 Αἰγυπτίοις

188 2058 287 2109 καὶ
323 2058 702 2123 Παλαιστινοῖς
722 2099 737 2126 ,
772 2062 866 2114 καὶ
895 2061 946 2113 οἲ
978 2063 1086 2115 ἀπὸ
1117 2063 1226 2115 τῶν
1259 2064 1436 2118 ἄλλων
1466 2066 1763 2136 αἱρέσεων,

193 2152 401 2220 ταύτην
427 2151 737 2205 ἐπιτελοῦσι
764 2152 864 2222 τὴν
894 2155 1110 2224 ἑορτήν.
1140 2156 1204 2209 Oi
1230 2155 1276 2208 δ’
1296 2157 1360 2209 ὲκ
1389 2155 1483 2209 τοῦ
1511 2157 1766 2211 Ναυάτου

193 2246 288 2311 την
329 2244 707 2314 ἀναστάσιμον
749 2247 963 2318 ἡμέραν
1009 2248 1181 2318 μόνην
1224 2248 1603 2314 ἐπιτελοῦσιν,
1641 2250 1771 2304 ’1ου-

183 2335 360 2398 δαίοις
392 2336 487 2388 καὶ
518 2334 665 2391 οῦτοι
697 2338 975 2407 ἑπόμενοι.
1011 2341 1101 2402 Ei;
1133 2340 1298 2394 ταυτδ
1329 2341 1385 2394 δὲ
1416 2344 1525 2404 τοῖς
1557 2342 1770 2397 Τεσσα-

185 2423 703 2493 ρεσκαιδεκατίταις
737 2426 1183 2497 καταστρέφουσι
1207 2443 1222 2459 ο
1258 2428 1400 2500 πλὴν
1432 2428 1481 2482 εί
1519 2429 1594 2500 μὴ
1629 2429 1771 2485 κατὰ

186 2515 501 2586 συγκυρίαν
553 2519 618 2586 τῇ
675 2519 1244 2593 τεσσαρεσκαιδεκάτῃ
1296 2522 1396 2591 τῆς
1454 2522 1684 2593 σελήνης
1733 2523 1767 2594 ἡ

186 2608 387 2679 πρώτη
416 2608 512 2662 τοῦ
538 2610 819 2667 Σαϐϐάτου
849 2614 1032 2683 ἡμέρα
1065 2615 1420 2682 συμπεσοῦσα
1446 2616 1603 2686 τύχοι
1627 2635 1641 2649 ο
1676 2636 1773 2673 κα-

183 2703 349 2756 τέπιν
383 2703 493 2774 γὰρ
529 2703 769 2771 γίνονται
804 2705 912 2758 τῶν
935 2705 1209 2758 Ἰουδαίων
1246 2707 1403 2772 ὅσαις
1437 2707 1502 2762 ἂν
1536 2709 1773 2781 ἡμέραις

191 2795 473 2865 συμδαενῃ
520 2784 620 2866 τῆν
668 2797 937 2867 ἐχομένην
988 2798 1274 2870 Κυριακὴν
1323 2800 1629 2871 ὑπερέξειν
1673 2800 1773 2872 τῆς

185 2889 859 2958 τεσσαρεσκαιδεκαταίας
882 2891 983 2961 τῆς
1011 2892 1264 2962 σελήνης.
1293 2893 1358 2945 Οί
1385 2893 1442 2946 δέ
1469 2911 1532 2964 γε
1562 2893 1772 2948 Μοντα-

186 2980 396 3043 morai,
431 2981 523 3042 οὓς
556 2980 655 3033 καὶ⁵
686 2982 1029 3046 Πεπουζίτας
1061 2984 1154 3036 καὶ
1187 2983 1406 3055 Φρύγας
1437 2985 1626 3050 εἰωθὸς
1655 2986 1773 3038 δνο-

192 3074 427 3142 μάζειν,
477 3074 670 3141 καινήν
717 3092 842 3127 τινα
891 3076 1279 3143 ἐπινοήσαντες
1326 3076 1581 3147 μέθοδον”,
1633 3082 1773 3132 κατὰ

1872 973 1931 1022 et
1965 974 2167 1020 rectam
2196 965 2397 1020 lineam
2430 963 2533 1020 soli
2580 962 2867 1033 opposita,
2905 972 3019 1015 tum
3058 970 3265 1029 quarta:
3299 959 3454 1012 deei-

1874 1074 1976 1112 mze
2009 1056 2120 1111 diei
2156 1071 2380 1111 cursum
2416 1066 2659 1111 tenente.
2698 1055 2778 1108 Ad
2819 1055 2935 1109 haec
2966 1052 3320 1115 Samaritani,
3357 1050 3451 1119 qui

1880 1150 2155 1221 prarcipue
2204 1158 2454 1218 tempora
2505 1147 2804 1203 secundum
2861 1144 3286 1200 constitutiones
3339 1142 3453 1196 Mo-

1875 1241 2052 1296 saicas
2078 1243 2396 1305 observant,
2427 1255 2536 1294 non
2574 1239 2724 1310 prius
2754 1237 3121 1297 l‘estum,hunc
3152 1237 3296 1290 diem
3320 1251 3453 1304 per-

1872 1341 2069 1402 agunt,
2117 1347 2283 1402 quam
2362 1346 2534 1387 novos
2594 1329 2915 1399 fructus(3)
2966 1336 3278 1385 crescentes
3326 1342 3459 1382 eon-

1873 1424 2129 1494 spiciant.
2163 1422 2645 1488 Nevarumcnim,
2680 1423 2965 1491 inquiunt,
2997 1420 3216 1490 frugum
3252 1418 3452 1473 festum

1873 1516 1929 1570 in
1982 1514 2107 1586 lege
2156 1514 2405 1569 dicitur:
2439 1524 2499 1569 ut
2551 1514 2605 1569 id
2654 1515 2983 1580 celebrare,
3029 1522 3321 1582 antequam
3377 1509 3457 1564 illi

1871 1614 2204 1677 appareant,
2251 1604 2407 1661 nefas
2450 1606 2567 1661 sit:
2614 1606 2958 1677 proindeqne
3004 1619 3232 1658 vernum
3279 1601 3458 1673 atqui-

1874 1697 2123 1752 noctium
2152 1696 2318 1753 terias
2362 1712 2456 1752 eas
2502 1697 2815 1767 praecedere
2862 1696 3185 1771 necessario
3228 1694 3455 1752 debeat.
3542 1714 3547 1720 ’

1872 1787 2217 1859 Quapropter
2250 1803 2375 1843 cum
2415 1786 2653 1844 Iudaeos
2679 1787 2784 1843 sibi
2820 1787 3114 1847 imitandos
3152 1802 3456 1856 proposue-

1872 1881 2018 1943 rint,
2054 1895 2153 1935 eos
2193 1879 2459 1945 admiror,
2491 1880 2639 1951 quod
2685 1894 2793 1934 non
2830 1879 3012 1949 potius
3043 1878 3455 1948 antiquitatem,

1870 1989 1996 2043 quae
2030 1974 2172 2041 apud
2209 1987 2306 2026 eos
2345 1980 2465 2036 est,
2502 1970 2871 2027 laudaverint.
2910 1970 2977 2025 Et
3019 1970 3155 2025 satis
3199 1970 3456 2039 colligere

1868 2066 1999 2121 licet
2042 2065 2388 2121 Sabbatianis
2430 2064 2585 2129 istis,
2613 2072 2777 2134 atque
2805 2064 2887 2118 eis
2913 2063 3005 2134 qui
3043 2064 3456 2132 'l‘zampssxzi-

1868 2156 2171 2220 δεκατῖται,
2207 2155 2324 2210 sive
2358 2154 2845 2221 Quartodecimani
2869 2165 3153 2218 vocantur,
3189 2152 3456 2221 exceptis,

1870 2247 2107 2303 bareses
2140 2245 2274 2301 alias
2307 2260 2500 2300 omnes
2553 2245 2756 2301 festum
2790 2245 3012 2300 Pascha:
3036 2259 3162 2300 cum
3194 2240 3458 2299 Romanis

1870 2350 1926 2394 et
1955 2337 2228 2410 .Egyptiis
2262 2347 2319 2394 et
2348 2337 2658 2394 Palaestinis
2693 2351 2979 2409 peragere.
3020 2335 3313 2391 Novatiani
3351 2335 3454 2405 igi-

1873 2441 1962 2487 tur
1996 2432 2084 2487 isti
2113 2429 2561 2488 Resurrectionis
2593 2430 2738 2484 diem
2774 2429 2959 2483 solam
3007 2436 3313 2497 peragunt.
3358 2427 3458 2482 Ju-

1877 2526 2028 2583 deos
2052 2536 2108 2582 et
2141 2526 2245 2596 ipsi
2277 2525 2454 2581 secuti
2486 2524 2585 2594 (4).
2621 2525 2675 2578 In
2718 2524 2861 2578 idem
2895 2536 3030 2578 vero
3056 2537 3184 2579 cum
3219 2521 3457 2588 Quarto-

1871 2618 2172 2673 decimanis
2201 2627 2417 2687 tempus
2466 2616 2736 2681 incidunt,
2773 2614 2878 2670 nisi
2910 2614 3050 2670 forte
3085 2615 3143 2669 in
3171 2621 3455 2684 quat-tanto
3512 2689 3520 2698 _

1874 2710 2142 2767 decimam
2192 2709 2337 2763 diem
2388 2709 2533 2763 lunae
2571 2709 2745 2778 prima
2789 2708 2908 2763 dies
2951 2706 3176 2762 Sabbati
3215 2705 3452 2770 incidat;

1877 2808 2031 2855 tanto
2057 2801 2203 2855 enim
2227 2797 2433 2855 Iudaeis
2456 2797 2792 2869 posteriores
2814 2800 3078 2860 evadunt,
3097 2800 3455 2867 quotcunque

1874 2890 2071 2945 diebus
2098 2888 2399 2943 adveniens
2442 2888 2722 2943 Dominica
2763 2886 2883 2942 dies
2914 2886 2958 2941 a'
2979 2885 3325 2957 praecedente
3352 2885 3454 2939 de-

1874 2983 2014 3038 cima
2047 2993 2238 3051 quarta
2283 2981 2373 3035 die
2414 2981 2557 3034 luna:
2598 2979 2862 3035 abfuerit.
2908 2978 3250 3034 Montanistae
3295 2992 3451 3041 vero,

1876 3089 2014 3144 quos
2042 3075 2204 3129 etiam
2235 3073 2530 3143 Pepuzitas
2556 3081 2614 3155 et
2641 3070 3187 3144 Phryges.appellare
3214 3083 3454 3125 consue-

184 3166 401 3238 ταύτην
440 3167 537 3220 καὶ
574 3165 636 3220 τὸ
673 3167 865 3237 Πάσχα
908 3166 1142 3221 τελοῦσι.
1189 3169 1298 3222 Καὶ
1337 3171 1772 3241 προηγουμένως

1881 3165 2014 3220 tudo
2070 3177 2189 3232 est,
2244 3165 2479 3234 quadam
2535 3164 2754 3219 ratione
2809 3164 3067 3227 inventa,
3122 3163 3278 3233 juxta
3328 3174 3452 3215 eam

194 3258 296 3324 μὲν
323 3259 383 3311 ἰν
413 3257 619 3329 μέμψει
650 3260 966 3322 ποιοῦνται,
994 3260 1109 3312 ὅσοι
1140 3259 1228 3313 διὰ
1252 3259 1315 3312 τδ
1345 3261 1534 3332 Πάσχα
1564 3263 1657 3317 τὸν
1685 3280 1773 3317 σς-

187 3353 413 3422 ὶηναῖον
440 3351 640 3422 δρόμον
673 3351 1100 3417 κατεξετάζουσι
1121 3368 1136 3382 ·
1173 3352 1374 3423 χρῆναι
1406 3358 1516 3425 γὰρ
1550 3355 1774 3425 λέγουσι

191 3443 275 3514 μὴ
307 3442 533 3507 τοῦτον,
568 3443 707 3497 ἀλλὰ
740 3444 831 3496 τὸν
867 3444 1093 3515 ἡλιακὸν
1128 3445 1328 3498 κύκλον
1362 3444 1582 3518 ζητεῖν,
1620 3448 1673 3500 εί
1707 3465 1773 3517 γε

184 3534 376 3604 ὀρθῶς
417 3533 693 3601 ἐξετάζειν
725 3535 786 3587 τὸ
828 3535 1023 3603 Πάσχα
1062 3534 1356 3603 βούλοιντο.
1396 3536 1504 3590 Καὶ
1537 3537 1773 3592 τίθενται

197 3625 301 3693 μὲν
335 3626 563 3679 ἕκαστον
599 3626 745 3697 μῆνα
781 3626 1007 3697 ἡμερῶν
1043 3621 1186 3680 εῖναι
1222 3630 1520 3697 τριάκοντα
1544 3645 1559 3660 ·
1599 3631 1774 3701 ἀρχὴν

185 3721 251 3770 «δὲ
283 3717 489 3771 τούτων
518 3716 741 3788 πρώτην
769 3719 867 3785 τὴν
895 3720 1118 3791 ἐαρινὴν
1148 3722 1444 3789 ἰσημερίαν
1469 3738 1485 3755 ο
1515 3721 1549 3792 ἡ
1583 3722 1772 3793 ῥηθείη

192 3812 264 3875 ᾷν
295 3810 470 3880 ὀρθῶς
504 3804 645 3863 εἶναι
674 3809 817 3864 κατὰ
846 3809 1147 3876 Ῥωμαίους
1179 3811 1284 3881 πρὸ
1314 3809 1470 3866 ἐννέα
1498 3813 1774 3868 καλανδῶν

206 3903 558 3974 Ἀπριλλίων.
584 3902 707 3957 ὐτι
733 3920 820 3972 γε,
846 3905 1002 3973 φασὶ,
1030 3904 1335 3975 τηνικαῦτα
1360 3906 1457 3959 καὶ
1480 3907 1529 3959 οἱ
1554 3905 1646 3960 δύο
1673 3924 1775 3977 με-

190 3994 358 4064 γάλοι
390 3993 678 4063 φωστῆρες
704 3993 803 4065 τὴν
832 3995 1004 4065 ἀρχὴν
1031 3995 1212 4065 ἔσχον,
1231 3996 1299 4050 δι’
1327 3991 1401 4050 ὧν
1428 3997 1482 4051 οἵ
1503 4015 1562 4051 τε
1595 4002 1775 4068 χρόνοι
1802 4018 1807 4022 ·

194 4084 294 4144 καὶ
328 4083 380 4137 ei
413 4082 655 4136 ἐνιαυτοὶ
693 4084 1044 4154 μετροῦνται.
1083 4086 1193 4139 Καὶ
1226 4084 1390 4154 δῆλον
1421 4086 1481 4150 ἐξ
1511 4081 1586 4141 ὧν
1616 4089 1650 4157 ἡ
1687 4104 1776 4140 σε-

193 4178 334 4247 λήνη
365 4175 456 4229 διὰ
485 4174 871 4246 ὀκταετηρίδος
904 4176 981 4247 τῷ
1016 4176 1151 4246 ἡλίῳ
1184 4178 1264 4241 είς
1293 4179 1495 4232 ταυτὸν
1529 4178 1775 4242 ὲνὼσεως

194 4265 424 4334 ἔρχεται
446 4305 462 4330 ,
493 4264 790 4336 νουμηνίας
822 4266 1028 4335 ἀμφοῖν
1057 4267 1470 4338 συμϐαινούσης
1495 4281 1510 4298 ⁸
1541 4270 1775 4340 ἐπείπερ

198 4354 229 4426 ἡ
262 4351 594 4422 όκταετηρὶς
624 4350 725 4405 τοῦ
747 4352 847 4421 τῆς
882 4352 1111 4424 σελήνης
1141 4353 1347 4424 δρόμου
1378 4355 1535 4409 ὲννέα
1566 4357 1658 4410 καὶ
1689 4359 1773 4411 tv-

193 4444 498 4512 νενὴκοντα
536 4441 675 4513 μησὶ
709 4441 1041 4511 περαιοῦται
1065 4459 1080 4475 ’
1120 4445 1361 4514 ἡμέραις
1393 4444 1450 4499 δὲ
1483 4446 1774 4518 δισχιλίαις

1874 3255 2083 3311 Pascha
2129 3256 2432 3311 celebrant.
2479 3254 2661 3327 Atque
2702 3254 2757 3310 in
2801 3254 2995 3325 primis
3031 3269 3129 3310 eos
3158 3252 3456 3323 reprehen-

1875 3349 2050 3414 dunt,
2102 3351 2198 3419 qui
2242 3356 2466 3419 propter
2513 3347 2716 3403 festum
2763 3346 2986 3403 Pascha:
3030 3347 3452 3401 lunae‘c‘ursum

1873 3440 2194 3495 observant.
2246 3441 2366 3494 Non
2412 3439 2567 3494 illum
2598 3439 2781 3503 enim,
2815 3438 2910 3491 sed
2954 3437 3089 3493 solis
3121 3436 3310 3491 orbem
3331 3475 3345 3499 ,
3372 3435 3455 3490 eis

1875 3533 1966 3601 qui
2010 3532 2113 3586 rite
2152 3532 2372 3587 Pascha:
2411 3530 2560 3585 diem
2595 3530 2875 3599 inquirere
2911 3530 3112 3594 velint,
3147 3528 3451 3597 inspicien-

1876 3624 2006 3678 dum
2054 3637 2174 3678 esse
2223 3632 2471 3677 censent.
2523 3621 2688 3692 29o
2735 3621 2801 3676 Et
2852 3635 3094 3677 mensem
3143 3620 3454 3690 quemlibet

1877 3711 2089 3765 dierum
2138 3711 2398 3781 triginta,
2445 3720 2610 3780 atque
2664 3710 2994 3781 principium
3041 3725 3232 3764 earum
3282 3712 3454 3779 arqui-

1876 3802 2122 3856 noctium
2155 3818 2387 3855 vernum
2418 3802 2494 3871 (5)
2530 3801 2742 3857 faciunt
2770 3818 2785 3856 ι
2816 3816 2939 3872 quas
2970 3800 3111 3868 dies,
3148 3802 3452 3858 secundum

1878 3893 2177 3955 Romanos,
2215 3893 2316 3946 tite
2353 3902 2481 3947 ante
2516 3894 2585 3947 lx
2627 3894 2862 3948 Kalend.
2897 3894 3073 3963 April.
3106 3893 3345 3949 dicatur.
3382 3894 3453 3949 Ea

1876 3998 2115 4053 namque
2158 3985 2323 4038 ctiam
2362 3999 2555 4055 magna
2599 3985 2716 4038 lure
2747 3984 2857 4038 duo
2900 3984 3194 4039 luminaria
3236 3984 3453 4038 ini-tium

1876 4092 2035 4131 suum
2078 4076 2338 4131 habuisse
2374 4077 2631 4146 allegant,
2674 4092 2772 4144 per
2804 4091 2927 4145 quae
2961 4085 3206 4146 tempora
3234 4086 3289 4131 et
3321 4077 3453 4132 anni

1878 4167 2283 4236 signiﬁcantur.
2330 4166 2500 4236 quue
2533 4183 2599 4220 ex
2631 4182 2701 4223 eo
2735 4166 2948 4236 liquere
2982 4177 3269 4233 asserunt,
3304 4167 3455 4237 quod

1877 4258 2003 4313 luna
2036 4274 2132 4329 per
2165 4258 2485 4313 octennium
2527 4273 2650 4313 cum
2694 4259 2813 4313 sole
2854 4259 3169 4323 conveniat,
3209 4268 3267 4314 et
3294 4262 3456 4314 ambo
3548 4329 3555 4337 _

1878 4350 2097 4405 initium
2134 4366 2337 4405 novum
2375 4358 2617 4406 sumant.
2650 4351 3115 4422 Quandoquidem
3143 4353 3457 4409 octettualis

1877 4441 2019 4499 luna:
2048 4457 2246 4498 cursus
2284 4445 2578 4512 nonaginta
2626 4453 2687 4498 et
2733 4459 2928 4499 novem
2971 4446 3253 4503 mensibus
3296 4448 3459 4516 perli-

193 4534 544 4597 ὲννακοσίαις
573 4533 750 4591 εἰκοσι
776 4534 892 4599 δύο,
921 4529 1080 4591 δι’ὦν
1104 4535 1134 4588 ό
1162 4535 1313 4606 ἡλιος
1337 4538 1464 4599 τοὺς
1492 4536 1638 4591 ὀκτὼ
1666 4540 1772 4592 δια-

1882 4534 2102 4591 ciatur:
2135 4534 2330 4591 diebus
2370 4547 2552 4591 autem
2599 4537 2684 4592 bis
2724 4538 2883 4593 mille
2924 4540 3217 4615 nongentis
3256 4539 3454 4610 viginti

194 4627 314 4680 νύει
353 4627 590 4699 δρόμους
611 4642 627 4658 ο
662 4626 737 4691 ὡς
780 4626 1103 4699 συμδαίνειν
1136 4628 1368 4689 ἕκαστον
1402 4628 1522 4695 ἔτος
1562 4630 1777 4700 λογίζε-

192 4722 326 4774 σθαι
352 4720 461 4774 ἀνὰ
491 4721 711 4791 ἡμερῶν
740 4721 1072 4792 τριακοσίων
1099 4720 1363 4793 ἑξήκοντα
1395 4720 1562 4776 πέντε
1588 4738 1606 4761 ν
1640 4722 1777 4794 πρὸς

190 4813 249 4864 δὲ
296 4812 395 4864 καὶ
436 4811 866 4882 τεταρτημορίου
902 4813 1124 4884 ἡμέρας
1166 4814 1315 4884 μιᾶς.
1353 4812 1490 4867 Ἀπὸ
1528 4813 1640 4885 γὰρ
1676 4813 1776 4884 τῆς

192 4904 309 4973 πρὸ
343 4903 499 4957 ἐννέα
536 4904 813 4958 καλανδῶν
850 4905 1178 4975 Ἀπριλλίων
1198 4947 1214 4973 ,
1246 4905 1340 4960 ἁτε
1370 4905 1436 4976 δὴ
1454 4905 1646 4976 ’ἀρχῆς
1675 4906 1774 4975 τῆς

190 4996 433 5057 κτίσεως
460 4994 664 5062 ταύτης
692 4995 1220 5068 καταλογιζομένης,
1251 4996 1545 5066 συνάγουσι
1572 4995 1670 5068 τὴν
1699 4997 1776 5051 εί-

191 5104 268 5156 ρη
276 5087 449 5157 μένην
469 5087 585 5149 ταῖς
608 5087 779 5150 θείαις
799 5086 1047 5157 Γραφαίς
1071 5087 1737 5158 τεσσαρεσκαιδεκαταίαν
1757 5104 1774 5119 ο

190 5183 262 5246 ἧν
298 5178 364 5248 δὴ
399 5176 493 5230 καὶ
524 5176 744 5245 λέγουσι
773 5177 980 5249 ταύτην
1010 5174 1146 5239 εἶναι
1174 5184 1275 5251 τὴν
1303 5180 1412 5252 πρὸ
1441 5180 1590 5234 ὀκτὼ
1617 5180 1773 5234 είδῶν

200 5268 579 5340 Ἀπριλλίων,
614 5269 739 5323 καθ’
764 5271 830 5340 ἡν
864 5272 952 5325 ἀεὶ
984 5272 1046 5324 τὸ
1084 5272 1274 5340 Πάσχα
1308 5271 1576 5325 τελοῦσιν.
1613 5271 1677 5325 Ei
1714 5271 1772 5324 δὲ

188 5362 461 5426 πολλάκις
502 5361 745 5433 συμϐαίη
787 5362 884 5418 καὶ
922 5363 1022 5433 τὴν
1061 5364 1432 5434 άναστάσιμον
1470 5364 1608 5436 αὐτῇ
1653 5380 1774 5417 συν-

184 5456 469 5526 ίραμεϊν,
503 5456 570 5524 τῇ
606 5456 839 5527 ἐχομένῃ
879 5457 1129 5527 Κυριακὴ
1169 5456 1487 5524 ἑορτάζουσι
1510 5470 1526 5486 ο
1564 5456 1771 5526 γέγρα-

182 5563 333 5600 πται
376 5544 487 5617 γάρ
529 5546 638 5600 ἀπὸ
678 5547 1094 5618 δεκατεσσάρων
1139 5547 1328 5619 μέχρις
1369 5549 1537 5602 κα’τὺ
1579 5550 1772 5621 Πάσχα

263 5682 346 5753 (Ι)
376 5679 450 5753 To
484 5678 704 5753 πρῶτον
734 5681 1227 5753 δωδεκατημόριον.
1259 5682 1479 5739 Sozam.

264 5750 349 5821 (Ξ)
396 5750 485 5803 Ἐν
516 5750 811 5820 διαμέτρῳ,
847 5750 1064 5808 Sozotn.

265 5824 348 5897 (5)
385 5823 518 5891 Πρὶν
550 5822 641 5875 τὸν
677 5838 795 5876 νεον
820 5822 1258 5892 τελεσφορεῖσθαι
1298 5826 1529 5897 καρπόν.
1551 5824 1768 5883 Sozom.

1882 4627 2126 4692 duobus,
2162 4628 2364 4699 quibus
2394 4631 2556 4683 etiam
2585 4631 2666 4684 sol
2695 4640 2927 4686 octonos
2951 4630 3204 4687 absolvat
3230 4648 3453 4699 cursus,

1884 4717 1957 4773 ita
1980 4727 2041 4773 ut
2065 4733 2243 4774 annus
2264 4721 2495 4790 quilibet
2530 4733 2822 4776 censeatur
2845 4737 2966 4778 esse
2994 4722 3209 4778 dierum
3242 4735 3457 4779 trecen-

1885 4815 2066 4863 torum
2116 4810 2399 4879 sexaginta
2443 4809 2725 4879 quinque,
2770 4821 2828 4866 et
2876 4822 3086 4881 quarta:
3133 4814 3296 4867 unius
3345 4815 3455 4868 dici

1886 4900 2078 4972 partis.
2106 4901 2184 4965 Ex
2208 4917 2269 4957 ea
2297 4917 2530 4976 namque
2562 4905 2674 4971 die,
2702 4920 2822 4974 qua:
2845 4915 2929 4962 est
2959 4916 3088 4962 ante
3119 4905 3191 4961 IX
3214 4906 3451 4963 Kalend.

1880 4996 2080 5065 Δίῃ-Η..
2110 4998 2313 5067 quippe
2357 5013 2476 5067 quae
2498 4996 2832 5068 principium
2880 5000 3183 5056 creationis
3221 5001 3355 5058 solis
3400 5013 3457 5056 et

1882 5088 2044 5157 primi
2096 5088 2299 5142 mensis
2353 5090 2703 5145 existimetur
2748 5106 2912 5156 esse.
2967 5093 3234 5162 colligunt
3288 5104 3455 5162 atque

1879 5187 2205 5249 computant
2226 5193 2352 5236 eam
2388 5197 2509 5251 quae
2548 5184 2602 5237 iu
2638 5185 2813 5240 sacris
2845 5184 3070 5240 Litteris
3096 5186 3326 5251 dicitur;
3356 5186 3456 5241 de-

1880 5269 2083 5325 cimam
2125 5282 2377 5343 quartam
2410 5273 2555 5328 diem
2585 5290 2750 5344 quam
2793 5291 2919 5332 esse
2953 5278 3144 5333 dicunt
3175 5288 3303 5334 ante
3338 5276 3453 5335 Vill

1880 5358 1957 5414 Id.
2006 5361 2177 5431 April.
2229 5363 2286 5419 iu
2336 5380 2442 5434 qua
2487 5380 2705 5436 semper
2750 5367 2951 5424 festum
3000 5370 3225 5425 Pascha:
3257 5384 3449 5443 agunt.

1878 5452 2035 5525 Quod
2080 5456 2126 5510 si
2167 5456 2239 5511 ita
2264 5499 2279 5524 ,
2314 5466 2375 5514 ut
2414 5472 2558 5528 saepe
2609 5458 2701 5521 ﬁt.
2743 5459 2799 5514 in
2844 5475 2964 5515 eam
3012 5461 3455 5521 Resurrectionis
3495 5461 3498 5464 ’

1879 5563 2098 5621 quoque
2137 5549 2256 5607 dies
2299 5563 2628 5618 concurrat,
2668 5552 2911 5623 proxima
2957 5554 3241 5610 Dominica
3274 5556 3365 5613 die
3399 5559 3455 5615 id

1952 5683 2028 5757 (ᾗ)
2075 5683 2288 5757 δριοιη.
2314 5686 2409 5741 lib.
2444 5701 2541 5752 vu,
2569 5702 2689 5757 cap.
2728 5687 2817 5742 18.

1879 5754 2029 5897 Α
2083 5754 2495 5826 Αῧηιιίιιοοιίυω
2582 5754 2811 5814 vernum
2887 5769 3014 5816 ante
3098 5777 3153 5815 ιι
3225 5762 3453 5823 Caicnd.
