3936 6206
202 383 313 446 853

1132 377 1736 440 ECCLESIASTICE
1775 376 2167 440 HISTORIA!
2210 379 2358 443 LIB.
2394 379 2533 442 XII.

3353 382 3460 444 SSI

199 493 426 546 videtur
447 496 469 554 ,‘
506 487 971 557 quemadmodum
1003 485 1105 540 alia
1140 487 1376 557 plurima
1414 486 1697 558 plerisque
1757 486 1814 542 in
1853 487 1992 544 locis
2024 503 2179 544 suam
2212 489 2505 545 obtinuere
2534 488 3018 554 consuetudinem,
3051 488 3127 545 ita
3156 491 3209 545 id
3240 506 3461 561 quoque

197 588 271 643 de
304 584 528 640 Pascha:
559 582 700 638 festo
736 581 1035 648 accidisse;
1066 582 1213 651 quod
1243 598 1309 638 ex
1346 598 1500 639 more
1540 584 1773 654 quodam
1813 584 1957 655 apud
2022 594 2232 655 gentes,
2295 601 2528 657 quaeque
2562 600 2715 641 suam
2744 584 2945 641 habuit
2971 584 3414 643 observationem
3446 605 3458 640 :

198 688 260 734 ut
310 678 447 734 satis
500 677 851 732 manilestum
909 677 1013 742 sit,
1065 676 1340 732 neminem
1392 677 1770 748 apostolorum
1809 678 2108 750 quidquam
2162 678 2232 735 de
2319 678 2460 735 festo
2549 678 2653 734 hoc
2711 679 2802 736 die
2852 679 2987 750 legis
3033 679 3274 736 factione
3325 694 3453 735 con-

194 773 465 826 stiluisse.

787 890 1038 945 ΚΕΦΑΛ.
1074 890 1198 946 AI".

196 981 327 1033 Ὀτι
362 979 489 1044 τοῖς
532 980 812 1046 παλαιοῖς
850 980 970 1034 ἔδει
1006 980 1233 1048 ἀρχαίῳ
1265 977 1505 1048 μᾶλλον
1537 980 1575 1047 ἢ
1618 977 1779 1047 νόμῳ

266 1049 528 1103 ἐτελεῖτο
549 1050 619 1103 ἐκ
641 1050 1027 1117 παραδόσεως
1054 1050 1091 1117 ή
1123 1050 1229 1104 τοῦ
1262 1049 1475 1119 Πάσχα
1507 1048 1707 1118 ἑορτή.

268 1233 393 1287 Ὅτι
428 1233 476 1286 δ’
501 1233 562 1298 ἐξ
601 1233 778 1303 ἀρχῆς
806 1233 932 1287 ἑθει
974 1233 1180 1303 μᾶλλον
1223 1234 1255 1306 ἢ
1296 1234 1447 1305 νόμῳ
1486 1234 1547 1286 es
1587 1232 1780 1304 Πάσχα

194 1328 297 1397 τὴν
328 1328 718 1397 παρατήρησιν
749 1326 907 1394 ἔσχεν
929 1369 943 1393 ,
975 1328 1039 1381 ὲκ
1074 1328 1182 1380 τῶν
1214 1329 1559 1396 πραγμάτων
1590 1324 1779 1393 σαφῶς

195 1419 651 1488 παραστήσομεν.
703 1417 812 1470 Καὶ
863 1417 974 1489 γὰρ
1021 1419 1162 1471 κατὰ
1210 1419 1311 1489 τὴν
1361 1421 1566 1489 μικράν
1594 1418 1779 1472 Ἀσίαν

197 1508 309 1560 ἀπὸ
348 1509 460 1560 τῶν
501 1509 821 1561 ἀποστόλων
862 1509 922 1561 τὸ
965 1509 1241 1562 adesum.
1283 1510 1639 1579 παριδόντες.
1680 1512 1781 1581 τὴν

194 1600 806 1667 τεσσαρεσκαιδεκάτην
851 1601 948 1668 τῆς
998 1599 1229 1670 σελήνης
1278 1601 1575 1671 ἐτήρησαν.
1623 1599 1783 1653 Οὕτω

194 1688 255 1741 δὲ
283 1690 637 1760 πράττοντες,
666 1689 918 1758 οὐδαμῶς
948 1691 1260 1759 διεφέροντο
1287 1691 1425 1761 πρὸς
1451 1691 1576 1755 τοὺς
1603 1691 1779 1755 άλλως

196 1780 335 1833 αὐτὸ
388 1782 763 1852 πράττοντας·
816 1782 921 1844 ἔως
970 1777 1030 1836 οὗ
1084 1783 1299 1854 Βίκτωρ
1347 1785 1375 1836 ό
1421 1783 1522 1853 τῆς
1563 1783 1782 1855 Ῥώμης

198 1871 524 1935 ἐπίσκοπος,
575 1873 800 1925 πλεῖστα
844 1873 1289 1945 διαθερμανθεὶς,
1333 1875 1627 1946 γράμματι
1668 1877 1781 1939 τοῖς

200 1962 351 2016 κατὰ
392 1965 491 2034 τὴν
520 1964 707 2018 Ἀσίαν
751 1966 853 2036 τὴν
899 1969 1500 2038 τεσσαρεσκαιδεκάτην
1546 1971 1782 2037 τιμῖισιν

197 2057 604 2127 ἀκοινωνησίαν
640 2061 1021 2125 κατεδίκαζεν.
1055 2062 1174 2131 Ἐφ’
1205 2056 1250 2131 ᾧ
1292 2063 1458 2116 πάλιν
1493 2063 1782 2134 Ιεῗίρηναῖον

195 2147 291 2201 τὸν
334 2150 395 2202 ὲν
438 2150 759 2223 Λουγδοῦνῳ
802 2153 912 2206 τῶν
954 2153 1195 2208 Γαλλιῶν
1240 2154 1645 2209 ἐπισκοποῦντα
1694 2156 1782 2207 Βία
1826 2144 1835 2154 ’

1810 892 1857 951 Α

2313 883 2476 955 292
2516 882 2743 942 CAPUT
2797 881 3037 940 XXXIII.

1886 980 2037 1046 Quod
2067 986 2262 1034 veteres
2291 979 2666 1047 consuetudine
2698 979 2865 1047 magis
2884 979 3126 1047 antiqua,
3167 992 3325 1047 quam
3350 974 3465 1047 lege

1956 1049 2092 1112 ulla,
2113 1049 2276 1118 juxta
2311 1045 2536 1101 Patrum
2584 1044 2945 1111 traditionem,
2982 1044 3186 1103 Pascha
3231 1044 3464 1099 celebra-

1954 1122 2086 1175 rint.

1953 1235 2130 1293 Porro
2180 1235 2327 1306 quod
2383 1233 2452 1290 ab
2502 1233 2665 1289 initio
2719 1231 2928 1288 Pascha
2986 1230 3234 1285 moribus
3288 1229 3463 1299 magis

1881 1340 2047 1395 quam
2071 1324 2286 1394 legibus
2313 1323 2664 1379 observatum
2691 1324 2783 1388 sit,
2813 1337 2873 1375 re
2896 1321 3011 1392 ipsa
3038 1320 3463 1376 declarablmus.

1880 1415 1984 1482 Qui
2017 1430 2252 1485 namque
2281 1416 2550 1470 minorem
2580 1413 2763 1469 Asiam
2793 1412 3098 1476 incoluere,
3135 1412 3359 1482 plurimi
3394 1413 3465 1466 ab

1882 1507 2256 1576 apostolormn
2306 1506 2651 1578 temporibus
2692 1504 2936 1562 Sabbato
2978 1504 3280 1575 despecto,
3310 1502 3462 1557 deci-

1882 1614 2024 1654 mam
2061 1609 2312 1670 quartam
2359 1601 2504 1655 lunze
2530 1597 2678 1653 diem
2712 1597 3100 1653 observarunt.
3142 1594 3297 1663 Qubd
3334 1609 3459 1649 cum

1883 1688 2150 1757 facerent,
2185 1704 2535 1761 nequaquam
2566 1688 2637 1744 ab
2668 1687 2812 1754 aliis,
2844 1687 2937 1759 qui
2979 1687 3084 1742 hoc
3127 1701 3236 1740 non
3268 1684 3461 1740 itidem

1883 1782 2165 1849 facerent,
2197 1782 2582 1839 dissidebant:
2614 1781 2797 1853 quoad
2832 1779 3024 1836 Victor
3051 1779 3128 1852 (1)
3165 1777 3323 1834 urbis
3358 1778 3467 1832 Ro-

1884 1892 2059 1931 mana:
2122 1878 2447 1948 episcopus,
2494 1876 2799 1948 plurimum
2865 1883 3214 1941 commotus,
3262 1870 3469 1927 litteris

1884 1968 2116 2023 Asianos
2142 1979 2397 2040 quartam
2430 1967 2703 2022 decimam
2738 1966 2885 2022 diem
2916 1965 3163 2021 colentes
3187 1964 3468 2020 damnavit

1882 2073 2050 2132 atque
2074 2059 2594 2116 excommunicavit.
2622 2059 2798 2126 Quam
2828 2057 2900 2112 ob
2933 2072 3155 2112 causam
3182 2071 3215 2111 e
3246 2056 3470 2111 diverso

1886 2153 2125 2209 Irenueus
2157 2151 2548 2224 Lugdunensis
2589 2152 2644 2207 in
2683 2150 2879 2207 Galliis
2905 2150 3238 2221 episcopus,
3273 2149 3339 2204 ad
3375 2147 3466 2203 Vi-

198 2256 376 2311 κτωρι
407 2242 674 2299 τάναντία
715 2244 785 2297 δι’
809 2244 1100 2314 ἐπιστολῆς
1138 2249 1401 2315 σημῆναι.
1440 2247 1785 2317 Κατατρὲχει

1892 2255 2099 2300 ctorem
2142 2244 2355 2299 litteras
2397 2243 2587 2311 dedit,
2627 2242 2833 2314 quibus
2873 2241 3025 2296 illum
3073 2240 3366 2313 objurgat,
3411 2248 3471 2297 et

198 2331 302 2398 μὲν
336 2335 448 2403 γὰρ
486 2335 650 2388 αὑτοῦ
678 2375 697 2401 ,
728 2337 785 2389 ὲν
823 2337 1029 2406 μέμδζει
1068 2337 1122 2391 δὲ
1156 2339 1215 2392 τι
1258 2338 1461 2409 θερμὸν
1500 2341 1597 2411 τῆς
1641 2341 1781 2410 πρά-

194 2422 338 2489 ξεως
371 2424 577 2479 τῖθεται
604 2442 619 2458 ο
654 2426 871 2493 διεξιών
902 2445 960 2481 τε
991 2429 1519 2501 διδασκαλικώτερον
1539 2473 1552 2498 ,
1583 2432 1657 2494 ὡς
1690 2431 1782 2485 καὶ

192 2516 247 2568 cl
281 2517 639 2589 ἀρχαιότεροι
672 2520 1057 2585 κοινωνοῦντες
1090 2526 1232 2576 κατὰ
1264 2524 1371 2576 πᾶν
1402 2524 1654 2593 ἀλλήλοις
1681 2522 1779 2578 τοῦ

193 2608 664 2680 Χριστιανισμοῦ,
700 2614 829 2682 περὶ
858 2612 952 2666 τὸν
980 2612 1073 2667 τοῦ
1107 2614 1299 2686 Πάσχα
1329 2617 1625 2687 διεφώνουν
1658 2635 1785 2670 και-

195 2701 320 2770 ρον,
363 2701 531 2772 μηδὲν
565 2702 727 2756 τοῦτο
767 2705 1060 2774 ἡγούμενοι
1101 2705 1388 2777 πρόκριμα
1414 2723 1428 2738 °
1467 2709 1783 2779 προστιθεὶς

193 2794 278 2857 ὦς
307 2794 405 2847 καὶ
435 2791 793 2865 Πολῦκαρπος
819 2795 920 2861 τῆς
947 2796 1274 2868 Σμυρναίων
1301 2799 1597 2864 ἐπίσκοπος
1624 2817 1787 2869 γεγο-

194 2886 349 2951 νὼς,
384 2887 443 2950 ὃς
481 2886 574 2940 ἐπὶ
613 2887 913 2957 Γορδιανοῦ
947 2887 1039 2941 τὸν
1071 2889 1164 2944 τοῦ
1207 2891 1516 2962 μαρτυρίου
1557 2890 1784 2963 ὕστερον

194 2978 511 3049 ἀνεδήσατο
545 2979 846 3050 στέφανον,
881 2984 950 3052 τῇ
994 2979 1184 3056 Ῥώμῃ
1216 2984 1567 3055 ἐπιδημήσας
1587 3026 1604 3052 ,
1634 2984 1783 3040 ’AVt-

197 3069 360 3139 κήτφ
392 3068 471 3139 τῷ
505 3070 793 3141 Ῥωμαέων
826 3073 1113 3145 ὲπισκόπῳ
1153 3074 1454 3130 καθίστατο
1494 3080 1783 3145 κοινωνὸς,

200 3162 347 3231 μήτι
388 3161 803 3234 διακρινόμενος
853 3168 983 3237 περὶ
1028 3165 1120 3220 τοῦ
1172 3168 1406 3239 Πάσχα·
1454 3170 1646 3241 ὅτιπερ
1695 3173 1789 3224 καὶ

198 3254 371 3316 αὐτὸς
422 3256 451 3307 ὁ
504 3255 863 3328 Πολύκαρπος
916 3258 1168 3332 ἐγχωρίῳ
1218 3260 1325 3314 τινὶ
1379 3262 1641 3334 συνηθείᾳ
1691 3263 1788 3334 τῆς

200 3346 539 3415 Σμυρναίων
568 3349 711 3402 κατὰ
738 3348 837 3420 τὴν
867 3351 1479 3423 τεσσαρεσκαιδεκάτην
1504 3352 1565 3407 τδ
1596 3355 1789 3427 Πάσχα

198 3436 469 3490 διατελῶν
492 3432 561 3509 ἦν
583 3454 600 3472 ο
629 3438 706 3503 ὡς
732 3440 830 3495 καὶ
857 3440 885 3494 ὀ
912 3441 1205 3513 Παμφίλου
1233 3443 1488 3513 Εὐσέβιος
1519 3426 1790 3517 μαρτυρεῖ

198 3530 354 3584 κατὰ
384 3531 483 3603 τὴν
519 3532 780 3604 πέμπτην
812 3535 909 3605 τῆς
944 3537 1409 3609 ἐκκλησιαστικῆς
1431 3539 1596 3593 αὐτοῦ
1624 3541 1789 3597 ἰστο-

203 3622 355 3694 ρίας.
386 3624 668 3680 Δείκνυται
694 3626 900 3690 τοίνυν.
928 3628 1003 3690 ὡς
1032 3628 1191 3699 ἔφην,
1219 3631 1302 3684 ὅτι
1330 3630 1474 3696 τινὲς
1505 3634 1562 3687 ὲν
1590 3638 1655 3705 τῇ
1691 3655 1786 3705 μι-

202 3713 323 3785 κρᾷ
344 3712 498 3783 Ἀσίᾳ
521 3713 621 3786 τὴν
645 3716 1253 3789 τεσσαρεσκαιδεκάτην
1277 3719 1378 3790 τῆς
1406 3720 1635 3790 σελήνης
1665 3724 1791 3792 lsi,—

204 3821 341 3872 ρουν
366 3819 382 3835 ⁸
414 3804 565 3859 ἄλλοι
597 3804 653 3859 δὲ
682 3805 791 3861 τῶν
823 3810 880 3860 ὲν
908 3810 1022 3871 τοῖς
1056 3809 1317 3880 ἀνωτέρω
1347 3811 1448 3881 τῆς
1482 3812 1556 3866 ἔω
1593 3814 1652 3866 τὸ
1690 3815 1788 3884 μὲν

200 3898 489 3952 Σάόὗατον
526 3898 729 3969 μᾶλλον
760 3900 993 3971 ἐτήρουν
1028 3901 1124 3971 τῆς
1165 3902 1361 3974 ἑορτῆς
1388 3920 1402 3935 ·
1441 3906 1568 3973 περὶ
1608 3905 1665 3959 δὲ
1698 3907 1788 3959 τὸν

204 3991 359 4063 μῆνα
392 3991 709 4062 διεφέροντο
747 3992 951 4062 μᾶλλον
979 4008 995 4022 ⁸
1031 3989 1108 4047 ὦν
1139 3993 1199 4047 οί,
1229 3995 1339 4064 μὲν
1363 3998 1477 4059 τοῖς
1508 3995 1797 4064 Ἰουδαίοις

198 4082 441 4137 ιπεσθαι
472 4082 687 4154 ἤθελον,
714 4087 812 4139 καὶ
836 4083 1011 4139 ταῦτα
1036 4087 1135 4157 τῆς
1162 4086 1446 4157 ἀκριϐείας
1480 4090 1650 4143 πάλαι
1677 4091 1790 4144 διο-

198 4177 533 4247 λισθησασιν
554 4193 568 4208 ·
598 4178 653 4229 el.
671 4176 729 4231 δὲ
755 4176 915 4231 τοῦτο
945 4177 1150 4248 μᾶλλον
1174 4179 1264 4233 διά
1296 4179 1490 4251 μίσους
1510 4182 1790 4252 τιθέμενοι

204 4273 353 4343 μετὰ
384 4271 485 4343 τὴν
518 4271 746 4344 ἰαρινὴν
783 4272 1079 4344 ἰσημερίαν
1112 4273 1291 4329 τελεῖν
1322 4275 1481 4329 τοῦτο
1513 4276 1788 4350 ᾑροῦντο)

196 4367 319 4419 δεῖν
340 4365 595 4433 λέγοντες
619 4368 710 4420 ἀεὶ
733 4367 795 4420 τὸ
822 4367 1012 4437 Πάσχα
1034 4369 1243 4434 ποιεῖν..
1259 4370 1314 4422 ὲν
1342 4368 1498 4441 Κριῷ
1518 4370 1613 4424 τοῦ
1636 4369 1795 4441 ἡλίου

200 4457 385 4522 ὄντος,
426 4458 507 4530 τῷ
551 4458 674 4513 κατ’
699 4460 1014 4531 Ἀντιοχέας
1060 4459 1334 4532 Ξανθικῷ,
1382 4463 1524 4518 κατὰ
1564 4463 1620 4517 δὲ
1662 4464 1789 4528 τοὺς

216 4549 527 4621 Ῥωμαίους
545 4552 845 4623 Ἀπριλλίῳ
873 4551 1039 4624 μηνί·
1068 4553 1427 4623 πειθομένους
1455 4557 1531 4626 μὴ
1557 4558 1670 4620 τοῖς
1695 4556 1790 4610 νῦν

202 4644 587 4714 πλανωμένοις
611 4643 890 4706 Ἰουδαίοις
907 4685 934 4709 ,,
955 4643 1094 4698 ἀλλὰ
1121 4647 1234 4708 τοῖς
1267 4646 1651 4717 ἀρχαιοτέροις
1685 4648 1791 4716 μά·-

198 4736 365 4789 λιστα
392 4737 487 4788 καὶ
509 4735 761 4807 Ἰωσήπῳ
787 4735 862 4806 τῷ
891 4738 1031 4790 πάνυ
1054 4752 1069 4769 ·
1097 4735 1172 4800 ώς
1200 4738 1406 4800 ἐκεῖνος
1432 4739 1493 4790 ιν
1516 4737 1594 4808 τῷ
1618 4740 1789 4810 τρίτῳ

198 4830 310 4897 τῆς
334 4825 681 4895 Ἰουδαὶὸιῆς
705 4826 1151 4897 Ἀρχιιιολογίας
1185 4828 1456 4894 διέξεισιν.
1481 4833 1545 4883 Oi
1574 4831 1674 4901 μὲν
1694 4828 1788 4886 οὖν

1887 2336 2102 2391 facinus
2141 2343 2248 2389 tam
2282 2333 2525 2390 calidum
2557 2331 2963 2405 reprehendit:
2999 2329 3266 2403 perdocte
3298 2344 3471 2400 expo-

1883 2444 2059 2492 nens,
2091 2425 2239 2499 quod
2277 2442 2402 2481 cum
2434 2426 2780 2497 antiquiores
2818 2423 2983 2480 etiam
3016 2422 3466 2481 communionem

1883 2535 2071 2576 rerum
2118 2519 2369 2575 omnium
2413 2517 2561 2573 inter
2599 2533 2660 2573 se
2697 2518 2755 2573 in
2786 2515 3220 2573 Christianismo
3262 2515 3470 2570 retine-

1885 2621 2028 2677 rent,
2055 2622 2113 2668 et
2140 2611 2209 2668 de
2237 2610 2460 2667 Pascha:
2483 2609 2610 2666 festi
2640 2620 2891 2679 tempore
2910 2606 3217 2674 variarent,
3247 2605 3469 2685 nullum

1884 2703 1939 2761 id
1992 2705 2309 2775 putaverint
2352 2720 2475 2762 esse
2524 2702 2958 2777 prmjudlcium;
2996 2699 3275 2773 adjiciens
3331 2713 3471 2769 prae-

1888 2806 2075 2865 terea,
2121 2795 2486 2869 Polycarpu‘m
2518 2794 2768 2868 Smyrna
2795 2794 3161 2866 episcopum,
3214 2789 3312 2863 qui
3361 2791 3470 2847 sub

1885 2886 2168 2944 Gordiano
2196 2897 2382 2960 postea
2412 2903 2674 2944 coronam
2698 2886 2946 2960 martyrii
2976 2883 3209 2957 recepit,
3236 2882 3467 2940 Romam

1887 2981 2142 3046 venisse,
2179 2991 2235 3037 et
2267 2995 2390 3036 cum
2428 2979 2659 3036 Aniceto
2687 2979 2811 3050 ejus
2837 2976 2992 3035 urbis
3025 2970 3289 3049 episcopo
3317 2990 3473 3030 com-

1888 3074 2229 3139 municasse,
2263 3071 2403 3128 nihil
2445 3071 2515 3129 de
2545 3070 2685 3127 festo
2727 3068 2951 3126 Pascha:
2997 3084 3123 3125 cum
3163 3084 3232 3124 eo
3282 3064 3468 3122 disce-

1888 3174 2163 3234 ptantem.
2208 3164 2440 3221 Namet
2482 3163 2602 3235 ipse
2646 3161 2984 3237 Polycarpus
3021 3160 3198 3233 patria
3234 3158 3474 3232 quadam

1892 3256 2314 3331 Smyrnensium
2367 3254 2812 3320 consuetudine,
2863 3254 3082 3311 decima
3137 3262 3335 3325 quarta
3382 3251 3473 3309 die

1892 3347 2103 3404 Pascha
2136 3346 2492 3406 celebrabat:
2526 3346 2694 3404 sicuti
2730 3347 3007 3403 Eusebius
3044 3362 3269 3417 quoque
3308 3346 3476 3400 Pam-

1894 3441 2030 3511 phili
2082 3441 2136 3496 in
2183 3441 2380 3512 quinto
2425 3430 2817 3497 ecclesiastica:
2870 3438 3124 3495 llistoria:
3168 3451 3283 3493 sua:
3332 3435 3476 3492 libro

1897 3540 2151 3588 testatur.
2181 3531 2426 3590 “Constat
2473 3532 2660 3604 igitur,
2704 3531 2870 3589 sicuti
2913 3531 3056 3599 dixi,
3106 3528 3379 3602 quosdam
3413 3530 3472 3585 in

1893 3629 2107 3684 minore
2140 3628 2270 3686 Asia
2310 3629 2581 3686 decimam
2614 3637 2870 3701 quartam
2910 3629 3058 3685 luna:
3091 3628 3238 3683 diem
3274 3626 3472 3711 obser-

1891 3736 2072 3778 vasse.
2102 3721 2210 3777 Alii
2242 3737 2405 3787 vero,
2437 3722 2531 3793 qui
2565 3721 2620 3777 in
2650 3719 3038 3792 superioribus
3067 3718 3314 3778 Orientis
3348 3734 3475 3791 ροτ-

1894 3814 2044 3871 tibus
2077 3813 2352 3881 habitant,
2388 3814 2688 3870 Sabbatum
2719 3814 2862 3870 festo
2892 3828 2967 3870 eo.
2989 3811 3327 3870 celebrando
3357 3828 3473 3867 ma-

1891 3908 1974 3979 gis
2021 3908 2267 3965 coluere.
2318 3907 2589 3964 Calenum
2638 3906 2707 3962 de
2764 3921 2955 3962 mense
3000 3907 3095 3962 eis
3133 3906 3310 3974 major
3370 3907 3476 3960 fuit

1891 4000 2201 4056 contentio.
2250 3999 2495 4068 Quidam.
2533 4013 2774 4070 namque
2822 3997 3045 4054 Iudaeos
3088 4002 3244 4069 sequi
3284 3998 3475 4053 volue-

1892 4103 2058 4158 runt,
2105 4108 2230 4149 cum
2265 4091 2490 4164 quidem
2533 4090 2862 4163 jamdudum
2914 4092 3155 4147 certiore
3185 4091 3473 4147 observa-

1894 4182 2044 4238 tione
2088 4184 2166 4239 illi
2209 4183 2569 4241 excidissent.
2613 4184 2753 4246 Aliis
2776 4198 2912 4241 vero
2956 4180 3026 4241 ab
3056 4197 3125 4240 eo
3161 4184 3473 4241 abhorren-

1894 4272 2064 4336 tibus,
2099 4284 2225 4344 post
2250 4275 2659 4346 aequinoctium.
2680 4291 2914 4332 vernum
2947 4275 3160 4332 Pascha
3199 4278 3473 4349 agendum

1893 4364 2082 4434 potius
2128 4364 2304 4420 visum
2354 4375 2485 4422 est:
2530 4365 2927 4422 celebrandum
2977 4365 3036 4422 id
3082 4381 3306 4438 semper
3351 4382 3477 4422 esse

1892 4453 2231 4524 dicentibus,
2267 4472 2398 4513 cum
2441 4457 2523 4514 sol
2566 4455 2627 4513 in
2670 4457 2860 4515 Ariete
2894 4457 2991 4526 sit,
3031 4463 3336 4515 secundum
3364 4457 3481 4513 An-

1894 4548 2183 4605 tiochenos
2232 4548 2543 4619 Xanthico,
2592 4551 2907 4608 secundum
2956 4550 3239 4608 Romanos
3288 4562 3476 4608 autem

1891 4642 2066 4713 Aprili
2095 4658 2315 4700 mense.
2339 4642 2444 4710 Qui
2469 4644 2694 4715 quidem
2725 4660 2837 4701 non
2874 4659 2971 4701 eos
2999 4644 3095 4716 qui
3127 4652 3244 4700 tum
3273 4645 3474 4701 delira-

1894 4740 2050 4801 hant,
2074 4739 2318 4804 Judaeos,
2356 4738 2452 4794 sed
2478 4739 2918 4809 antiquissimos,
2949 4748 3011 4794 et
3031 4753 3290 4808 magnum
3318 4740 3474 4795 illum

1896 4831 1953 4885 in
1986 4831 2180 4902 primis
2209 4831 2535 4901 Josephutn,
2569 4830 2730 4902 293
2777 4831 2941 4888 sicuti
2989 4834 3035 4887 is
3069 4833 3174 4889 hac
3216 4832 3285 4887 de
3321 4848 3380 4889 re
3417 4834 3472 4888 in

197 4921 349 4975 κατὰ
382 4922 482 4990 τὴν
521 4920 724 4991 μικρὰν
753 4920 940 4975 Ἀσίαν
981 4924 1076 4975 καὶ
1115 4921 1186 4975 τὰ
1226 4921 1477 4992 ἀνώτερα
1509 4924 1608 4993 τῆς
1647 4924 1786 4996 ἑῴας

1897 4926 2059 4979 tertio
2088 4924 2479 4995 Antiquitalum
2508 4925 2865 4979 Iudaicarum
2894 4925 3039 4981 libro
3067 4925 3262 4992 refert,
3299 4932 3476 4984 secuti

198 5014 351 5067 οὕτω
387 5013 523 5085 πρὸς
557 5013 784 5077 ἑαυτοὺς
820 5012 911 5068 διὰ
938 5013 1038 5084 τὴν
1067 5015 1267 5085 ἑορτὴν
1292 5015 1587 5083 διεφώνουν
1607 5032 1621 5046 ο
1653 5019 1699 5070 οἱ
1731 5018 1791 5071 δὲ

199 5108 392 5160 λοιποὶ
428 5107 631 5169 πάντες
666 5106 782 5160 ὅσοι
811 5107 903 5161 τὸν
934 5107 1358 5180 Χριστιανισμὺν
1388 5109 1788 5180 παρεδέξαντο,

199 5202 306 5254 καὶ
330 5199 379 5252 oi
404 5199 548 5253 κατά
570 5200 671 5271 τὴν
696 5199 938 5270 ἑσπέραν
966 5201 1152 5254 πᾶσαν
1175 5201 1330 5271 ἄχρις
1353 5199 1625 5269 ὠκεανοῦ,
1651 5202 1793 5272 μετὰ

203 5292 511 5360 ίσημερίαν
538 5292 763 5363 ξαρινὴν
790 5294 854 5346 τὸ
883 5292 1078 5363 Πάσχα
1105 5293 1390 5357 τελοῦντες
1417 5294 1787 5364 εὑρίσκονται,

201 5382 548 5454 ἀρχαιοτέρα
584 5383 849 5457 συνηθείᾳ
879 5385 1139 5455 ἑπόμενοι
1168 5401 1189 5419 α
1228 5386 1278 5439 οἳ
1312 5386 1376 5458 δὴ
1411 5385 1614 5449 πάντες
1648 5386 1794 5440 οὕτω

202 5473 496 5537 ποιοῦντες
530 5477 592 5528 τὸ
630 5476 821 5547 Πάσχα
842 5520 857 5541 ,
891 5478 1145 5548 οὐδαμῶς
1180 5497 1310 5534 ποτε
1344 5482 1480 5551 πρὸς
1517 5482 1658 5550 σφᾶς
1692 5482 1792 5534 αὑ-

199 5568 338 5629 τοὺς
385 5567 781 5637 δλαφωνοῦντες
829 5571 1153 5641 ἐφάνησαν·
1203 5573 1303 5625 καὶ
1344 5573 1442 5642 οὐχ
1488 5572 1564 5636 ώς
1610 5575 1638 5627 ὁ
1682 5575 1792 5626 τῶν

201 5659 426 5713 πολλῶν
458 5660 680 5728 θρύλλος
712 5662 843 5733 ἔχει,
874 5666 906 5732 ἡ
938 5665 1029 5715 ἐπὶ
1060 5664 1473 5719 Κωνσταντίνου
1500 5668 1558 5718 ὲν
1584 5666 1789 5736 Νικαίᾳ

1896 5028 2047 5072 sunt.
2080 5020 2157 5074 Ac
2191 5019 2269 5073 illi
2306 5018 2528 5088 quidem
2573 5020 2668 5089 qui
2706 5021 2978 5076 minorem
3006 5021 3198 5077 Asiam
3230 5031 3284 5078 et
3314 5039 3482 5094 supc-

1898 5114 2072 5166 riores
2113 5112 2358 5171 Orientis
2401 5124 2584 5182 partes
2625 5123 2839 5181 tenent,
2865 5115 3122 5173 adhunc
3148 5118 3373 5172 modum
3407 5118 3474 5172 de

1897 5204 2039 5260 festo
2081 5204 2187 5260 hoe
2231 5205 2321 5261 die
2348 5207 2750 5262 dissenserunt.
2788 5208 2896 5263 Alii
2935 5224 3070 5265 vero
3112 5224 3342 5277 omnes,
3379 5213 3471 5282 qui

1896 5296 2380 5353 Christianismum
2401 5306 2792 5368 susceperunt,
2813 5312 2872 5356 et
2887 5300 3271 5358 Occidentales
3288 5306 3476 5358 cuncti

1901 5390 1971 5446 ad
1993 5391 2277 5446 Oceanum
2306 5406 2499 5462 usque,
2535 5402 2661 5463 post
2691 5408 2921 5448 vernum
2954 5395 3348 5465 mquinoctium
3381 5397 3480 5450 Pa-

1899 5486 2033 5541 scha
2066 5500 2330 5555 peragere
2369 5488 2751 5552 inveniuntur,
2785 5491 3144 5545 vetustioretn
3183 5502 3482 5545 consuetu-

1899 5578 2084 5634 dinem
2135 5587 2454 5648 sequentes.
2498 5580 2600 5646 Qui
2662 5595 2795 5635 sane
2854 5582 3098 5637 universi
3153 5583 3227 5638 ita
3274 5584 3477 5639 festum

1900 5666 2122 5721 Pascha:
2159 5667 2523 5733 celebrantes,
2554 5656 2833 5742 nunquam
2880 5673 3025 5730 inter
3055 5689 3115 5729 se
3157 5676 3478 5731 discordare

283 5806 364 5873 (1)
397 5804 557 5859 Juxta
586 5819 794 5863 morem
825 5807 958 5863 citra
988 5805 1258 5878 judicium
1286 5808 1649 5864 Sozomcnum
1677 5807 1956 5864 exscribit».
1988 5806 2133 5879 Lege
2158 5809 2418 5864 Anicetus.
2454 5808 2600 5865 Eutr.
