3936 6206
333 267 439 331 857

1283 273 1890 339 ECCLESIASTi‘CJz‘.
1930 285 2320 346 HISTORle
2365 290 2514 351 LIB.
2561 292 2698 354 ΧΠ.

3498 311 3602 372 858

333 391 476 443 κατὰ
509 392 608 454 τὰς
637 390 942 464 ἐκκλησίας
971 395 1361 462 φυλάττουσινε
1391 402 1454 454 Οί
1487 404 1597 474 γὰρ
1625 409 1724 474 τῆς
1755 408 1888 476 αζτῆ

2031 406 2211 461 nionis
2245 419 2450 471 essent,
2485 411 2707 467 easdem
2759 413 3083 472 traditiones
3123 417 3175 472 in
3208 421 3454 478 ecclesiis
3483 442 3600 481 ser-

331 483 572 545 ττῖστεως
615 485 876 550 πολλάκις
918 489 1060 542 κατὰ
1097 492 1165 544 τὶ
1213 491 1308 561 ἔθη
1353 493 1602 568 διάφοροι
1644 497 1914 565 καθεστή-

329 594 461 628 κασι
485 593 503 609 ο
538 578 634 631 καὶ
666 578 822 630 οὐδὲν
852 581 1010 635 τοῦτο
1039 584 1105 652 τῇ
1140 584 1392 656 εὐσεϐείᾳ
1422 588 1762 656 λυμαίνεται.
1800 593 1915 646 Ἐν·

327 667 508 722 ταῦθα
553 669 609 722 δὲ
654 671 954 741 γενομένῳ,
995 673 1208 728 δίκαιον
1253 681 1426 746 μικρά
1466 697 1588 733 τινα
1637 684 1764 750 περὶ
1804 685 1916 738 τῶν

327 764 472 816 κατὰ
497 763 599 826 τὰς
631 764 930 831 ἐκκλησίας
960 760 1242 837 διαφόρων
1270 772 1410 824 ἐθῶν
1437 774 1680 843 ἡγοῦμαι
1715 777 1915 842 διεξελο

327 858 444 909 θεῖν
472 874 486 887 ·
520 857 556 912 ἃ.
592 859 862 929 πρότερον
898 861 996 930 μὲν
1027 861 1202 933 εἶχον,
1237 863 1332 918 νῦν
1362 867 1417 920 δὲ
1452 868 1588 922 Θεοῦ
1621 871 1807 939 χάριτι
1836 873 1915 941 τῷ

325 949 506 1020 χρόνῳ
556 951 1036 1019 μεταϐληθέντων.
1081 957 1161 1015 είς
1207 956 1267 1010 ἓν
1305 959 1686 1028 ὁμοφρονῆσαι
1735 964 1912 1024 πάσας

325 1029 568 1107 ἐγένετο.
604 1044 714 1096 Καὶ
745 1045 964 1113 πρῶτόν
993 1065 1058 1114 γε
1090 1051 1222 1118 περὶ
1252 1051 1417 1104 αὐτοῦ
1448 1052 1544 1106 τοῦ
1574 1056 1761 1125 Πάσχα
1793 1057 1910 1110 δια-

323 1135 565 1204 ληπτέον
587 1151 602 1166 ·
631 1136 730 1199 τὰς
761 1137 871 1206 γὰρ
901 1139 1008 1207 πρὸ
1037 1140 1230 1194 τούτου
1259 1145 1516 1210 νηστείας
1546 1147 1824 1216 διαφόρως
1857 1150 1912 1200 ἐν

323 1231 579 1284 ἑκάστοις
600 1232 662 1284 τὸ
684 1233 744 1296 ἐξ
769 1234 947 1301 ἀρχῆς
974 1235 1378 1305 φυλαττομένας
1405 1241 1749 1309 εὑρίσκομεν,
1779 1243 1912 1297 Ῥω.

326 1323 480 1385 μαῐοι
509 1325 608 1392 μέν
635 1323 745 1395 γὰρ
773 1328 924 1396 τρεῖς
950 1327 1076 1396 ἐξῆς
1108 1333 1468 1398 συνημμένας
1494 1334 1801 1402 ἑϐδομάδας
1825 1356 1910 1406 νη-

327 1417 614 1470 στεύουσιν
641 1418 1065 1490 ὑφαιρουμένων
1091 1423 1200 1476 τῶν
1228 1425 1524 1482 Σασὸάτων
1545 1431 1641 1484 καὶ
1667 1431 1777 1484 τῶν
1806 1433 1910 1486 Κυ-

326 1509 538 1574 ριακῶν
554 1525 567 1538 ⁸
593 1511 825 1582 Ἰλλυρὶς
845 1513 900 1565 δὲ
927 1515 1076 1567 πᾶσα
1101 1519 1194 1569 καῖ
1219 1519 1250 1586 ἡ
1278 1517 1486 1584 Ἑλλὰς,
1513 1522 1648 1592 προς
1671 1522 1728 1576 δέ
1751 1525 1848 1578 καὶ
1873 1526 1905 1594 ἡ

333 1603 737 1672 Ἀλεξάνδρεια,
761 1606 853 1658 καὶ
877 1606 1052 1677 Λιϐύη
1082 1609 1232 1661 πᾶσα
1257 1611 1351 1662 καὶ
1375 1612 1650 1678 Αἴγυπτος
1676 1615 1771 1668 καὶ
1792 1616 1906 1668 Πα-

318 1692 570 1764 λαιστίνη
586 1737 600 1758 ,
624 1697 685 1749 ἐν
704 1696 765 1761 ἐξ
785 1697 1048 1766 ἐσδομάσι
1069 1699 1168 1768 τὴν
1191 1702 1296 1768 πρὸ
1315 1702 1409 1756 τοῦ
1434 1704 1625 1774 Πάσχα
1648 1708 1906 1775 νηστείαν

319 1787 661 1852 περαίνουσι.
682 1789 861 1844 Τεσσα
873 1792 1146 1863 ρακοστὴν
1161 1793 1338 1861 αὐτὴν
1349 1796 1728 1864 ὀνομάζοντες.
1747 1801 1902 1854 Ἔτε-

323 1896 407 1941 po:
425 1879 481 1932 δὲ
501 1879 604 1949 πρὸ
619 1881 758 1935 ἑπτὰ
775 1881 1090 1951 ἑϐδομάδων
1108 1887 1208 1953 τῆς
1224 1889 1480 1949 νηστείας
1498 1891 1863 1962 κατάρχονται
1885 1934 1900 1958 ,

317 1969 396 2031 ὡς
423 1973 481 2022 ἐν
510 1973 1081 2031 Κωνσταντινουπόλει
1115 1979 1210 2032 καὶ
1241 1979 1404 2050 πέριξ
1429 1981 1560 2052 ἄχρι
1590 1984 1857 2039 Φοινίκων
1881 2001 1897 2017 ⁶

315 2061 472 2128 τρεῖς
505 2059 552 2112 δ’
580 2061 640 2114 ἐν
663 2062 856 2126 αὑταῖς
880 2065 1031 2118 ἄλλοι
1066 2066 1448 2138 πενθημέρους
1475 2072 1539 2122 ἐκ
1565 2071 1900 2142 διαλειμμά-

314 2168 430 2203 των
457 2153 837 2220 νηστεύοντες,
877 2158 1077 2228 ἐπίσης
1113 2161 1206 2213 καὶ
1246 2161 1405 2216 αὐτοὶ
1436 2165 1900 2236 Τεσσαρακοστὴν

310 2243 411 2296 τὸν
457 2245 654 2314 χρόνον
699 2247 894 2302 τοῦτον
926 2250 1213 2304 καλοῦσιν’
1248 2255 1296 2306 oi
1329 2254 1386 2306 δὲ
1436 2255 1528 2307 δύο
1560 2257 1606 2308 oi
1639 2257 1706 2308 τὰ
1751 2258 1898 2311 Μον-

309 2335 506 2389 τανοῦ.
542 2338 632 2390 Ἐν
661 2330 744 2400 οἷς
783 2342 880 2394 καὶ
917 2341 1106 2413 θαῦμά
1140 2362 1231 2412 μοι
1266 2345 1468 2412 ἔπεισι,
1501 2348 1620 2410 πῶς
1655 2349 1898 2412 ἅπαντες

307 2418 464 2481 ὁῦτοι
515 2430 978 2503 τεσσαρακοστὴν
1032 2435 1208 2503 αὐτὴν
1262 2437 1611 2506 ὀνομάζουσι,
1649 2443 1788 2495 κατὰ
1835 2443 1897 2495 τὸ

313 2520 522 2590 μέτρον
555 2521 665 2575 τῶν
696 2524 922 2595 ἡμερῶν
965 2527 1117 2580 οὐδὲν
1150 2523 1315 2601 ἦττον
1350 2518 1754 2602 διαφερόμενοι⁹
1794 2534 1896 2590 κᾶν

307 2612 475 2674 ἄλλος
521 2614 684 2668 ἄλλον
717 2615 878 2683 λόγον
920 2620 1355 2690 συρράπτοντες,
1395 2623 1632 2694 τοῦνομα
1679 2627 1896 2696 σεμνῶς

308 2705 690 2772 ἐγκαλύπτειν
723 2709 1048 2779 πειρῶνται.
1085 2715 1160 2766 Οὐ
1209 2715 1372 2784 μόνον
1405 2718 1461 2771 δὲ
1510 2721 1640 2788 περὶ
1682 2721 1742 2774 τὸ
1784 2723 1896 2776 τῶν

305 2798 544 2867 ἡμερῶν
589 2799 926 2870 διαφωνοῦσι
975 2804 1162 2867 ποσὸν,
1202 2809 1340 2861 ἀλλὰ
1369 2811 1462 2863 καὶ
1503 2811 1581 2880 τῷ
1616 2813 1758 2883 ποιῷ
1783 2815 1894 2868 τῶν

305 2888 651 2957 ἐδεσμάτων,
683 2891 782 2946 καὶ
807 2894 873 2963 τῇ
909 2899 1248 2969 προσαγωγῇ
1283 2917 1344 2952 τε
1375 2902 1470 2954 καὶ
1501 2902 1680 2972 ἀποχῇ
1711 2905 1894 2976 πολλῷ

302 2980 684 3052 διεστήκασιψ
747 2987 796 3038 oi
855 2986 956 3054 μὲν
1007 2988 1118 3057 γὰρ
1180 2991 1423 3060 πάμπαν
1480 2993 1744 3063 ἐμψύχων
1791 2997 1891 3067 οὐχ

2022 506 2240 551 varunt.
2299 500 2359 553 Et
2421 503 2513 570 qui
2577 495 2828 560 eamdem
2885 509 3142 566 colebant
3199 512 3400 579 fidem,
3458 534 3602 587 saepe

2021 592 2484 648 consuetudinum
2547 598 2940 656 observatione
2992 603 3140 660 inter
3187 622 3247 662 se
3294 612 3598 668 vriarunt.

2019 679 2207 752 Neque
2241 685 2296 739 id
2343 702 2484 741 vene
2516 690 2704 756 pietati
2743 693 3082 753 detrimento
3110 699 3234 754 fuit.
3274 702 3448 757 Porro
3471 721 3598 759 cum

2020 773 2086 826 ad
2138 773 2284 830 hunc
2317 777 2502 831 locum
2534 783 2982 849 pervenerimus,
3027 804 3246 857 aaquum
3281 792 3456 846 visum
3492 807 3596 861 est,

2020 880 2194 932 pauca
2245 872 2492 936 quaedam
2546 873 2615 928 de
2654 873 2896 933 diversis
2944 881 3302 959 ecclesiarum
3351 887 3600 943 moribus

2018 972 2502 1019 commemorare:
2549 966 2642 1034 qui
2687 977 2848 1023 antea
2888 972 3106 1040 quidem
3141 975 3222 1030 sic
3256 977 3408 1032 varie
3455 980 3600 1035 obti-

2015 1061 2277 1117 nuerunt,
2313 1071 2459 1110 nunc
2507 1068 2692 1112 autem
2739 1076 2838 1128 per
2877 1064 3105 1131 gratiam
3152 1067 3246 1121 Dei
3293 1085 3416 1124 cum
3465 1080 3601 1126 tem-

2016 1159 2148 1211 pore
2197 1148 2410 1209 mutati,
2459 1149 2526 1202 ad
2575 1153 3016 1208 consentientem
3058 1161 3408 1214 concordiam
3452 1166 3594 1230 apud

2012 1225 2204 1308 omnes
2250 1252 2638 1303 pervenerunt.
2689 1243 2751 1296 Et
2804 1246 3043 1314 primum
3094 1249 3161 1304 de.
3208 1250 3597 1309 observatione

2012 1328 2290 1383 Paschalis
2345 1330 2468 1386 festi
2517 1333 2836 1391 dicendum.
2882 1337 3014 1404 Quae
3061 1341 3209 1395 enim
3259 1357 3352 1398 eas
3397 1361 3599 1414 praece-

2012 1419 2152 1473 dunt
2183 1420 2353 1476 ferias
2389 1424 2624 1493 jejuuia,
2666 1429 2818 1484 varie
2855 1431 3000 1500 apud
3041 1449 3294 1505 quosque
3327 1436 3397 1490 ab
3437 1437 3595 1493 initio

2011 1523 2229 1567 servata
2267 1517 2660 1585 comperimus.
2705 1521 2937 1577 Romani
2974 1539 3210 1594 namque
3253 1537 3364 1582 tres
3413 1531 3594 1585 conti-

2009 1621 2148 1658 nuas
2194 1606 2591 1674 hebdomadas,
2645 1611 2902 1670 Sabbatis
2951 1625 3007 1669 et
3056 1617 3356 1674 Dominicis
3397 1621 3607 1677 diebus'

2007 1697 2270 1767 exceptis,
2299 1700 2638 1768 iejunarunt.
2668 1704 2871 1771 lllvrici
2905 1715 3112 1769 autem.
3140 1719 3197 1764 et
3219 1721 3418 1767 cuncta
3443 1713 3594 1769 Gras-

2010 1789 2115 1854 cia,
2165 1800 2430 1860 przetcrca
2476 1791 2812 1850 Alexandria
2859 1807 2907 1851 et
2945 1798 3114 1871 Libya
3167 1805 3382 1867 omnis,
3427 1805 3593 1876 Egy-

2006 1887 2132 1946 ptus
2165 1889 2219 1933 ct
2249 1877 2565 1946 Palaestina,
2605 1900 2700 1938 sex
2743 1885 3184 1944 hebdomadibus
3223 1903 3352 1948 ante
3389 1895 3588 1951 festum

2005 1970 2230 2027 Pascha:
2277 1973 2553 2044 jejunium
2609 1978 3042 2047 continuarunt,
3099 1984 3587 2057 Quadragesimam

2007 2066 2223 2127 tempus
2273 2059 2327 2114 id
2379 2062 2752 2123 nominantes.
2807 2067 2910 2122 Alii
2967 2085 3159 2126 rursus
3205 2085 3330 2129 ante
3376 2087 3585 2146 septem

2005 2147 2386 2206 bebdomades
2409 2151 2664 2222 jejunare
2695 2157 3026 2228 inceperunt
3064 2181 3078 2217 :
3121 2166 3284 2222 sicuti
3315 2167 3590 2224 Constan-

2005 2241 2277 2311 tiuopoli,
2331 2253 2387 2299 et
2430 2246 2798 2305 circumcirca
2852 2253 2919 2306 ad
2986 2255 3325 2314 Pbcenieiam
3383 2277 3583 2332 usque,

2002 2333 2164 2404 295
2195 2336 2371 2392 tribus
2398 2346 2606 2392 tantum
2643 2341 3088 2402 hebdomadibus
3122 2351 3327 2417 quinos
3367 2353 3489 2410 dies
3517 2372 3584 2410 ex

2002 2425 2294 2480 intervallo
2317 2428 2419 2496 (l),
2448 2429 2599 2486 binis
2631 2434 2960 2502 septimanis
2995 2437 3351 2504 intermissis,
3386 2459 3414 2497 a
3442 2445 3585 2500 cibis

1999 2531 2058 2570 se
2093 2518 2460 2584 abstinentes,
2493 2522 2683 2577 itidem
2710 2527 3198 2597 Quadragcsimam
3231 2542 3448 2604 tempus
3476 2540 3583 2594 tale

1999 2619 2269 2663 vocarunt
2319 2629 2333 2664 :
2384 2611 2734 2671 Montanistze
2774 2634 2907 2674 vero
2958 2622 3194 2679 duabus.
3243 2626 3394 2692 Quos
3447 2631 3580 2685 mibi

1999 2702 2260 2759 demirari
2301 2707 2355 2761 in
2389 2719 2630 2765 mentem
2669 2712 2840 2776 venit,
2873 2717 3154 2784 quomodo
3184 2734 3378 2774 omnes
3403 2723 3490 2777 isti
3525 2724 3580 2776 in

1999 2793 2214 2849 dierum
2252 2813 2483 2853 numero
2514 2801 2597 2856 sic
2632 2793 2936 2869 variantes,
2965 2807 3454 2879 Quadragesimam
3491 2823 3575 2867 ta-

1998 2902 2124 2941 men
2152 2888 2346 2959 jejunii
2379 2900 2594 2962 tempus
2626 2906 2849 2950 vocent.
2879 2898 3142 2964 Quamvis
3173 2903 3265 2957 alii
3297 2904 3458 2958 aliam
3498 2921 3581 2959 ra-

2000 2981 2205 3036 tionem
2245 2992 2515 3049 texentes,
2552 2990 2765 3044 nomini
2805 2991 2856 3044 ei
2908 2993 3204 3049 honestum
3254 3009 3580 3063 praetextum

303 3069 602 3125 ἅπτονται⁸
625 3073 778 3128 ἄλλοι
804 3075 862 3130 δὲ
885 3079 980 3130 καὶ
1009 3077 1303 3145 ἅπτονται,
1330 3082 1446 3136 ἀλλ’
1473 3084 1674 3153 ἰχθύων
1703 3086 1887 3156 μόνον.

1998 3072 2326 3129 obtendant.
2380 3075 2496 3132 Non
2532 3079 2725 3158 solun.
2773 3096 2904 3136 vero
2951 3085 3020 3139 de
3055 3086 3274 3141 die-rum
3327 3106 3581 3157 numero,

307 3161 434 3215 Εἰσὶ
465 3163 522 3216 δὲ
553 3164 602 3218 οἳ
626 3164 737 3218 τῶν
768 3167 1032 3238 ἐμψύχων
1057 3173 1153 3224 καὶ
1183 3174 1281 3226 σὺν
1304 3176 1416 3236 τοῖς
1445 3175 1624 3246 ίχθύσι
1660 3180 1887 3233 καὶτῶν

1998 3179 2187 3220 verum
2219 3168 2385 3223 etiam
2419 3171 2486 3225 de
2512 3173 2656 3228 cibis
2687 3174 2844 3242 ipsis,
2881 3177 2949 3232 de
2981 3179 3134 3234 aditu
3171 3181 3238 3236 ad
3271 3198 3428 3238 saera
3465 3202 3584 3256 my-

304 3250 535 3320 πτηνῶν
569 3251 963 3323 ἀπογεύονται,
991 3258 1246 3326 λέγοντες
1282 3261 1342 3326 ἐξ
1373 3261 1567 3326 ὓδατος
1597 3265 1888 3320 καὶταῦτα

303 3339 608 3408 ἐσχηκέναι
658 3343 758 3413 τὴν
813 3346 1050 3412 γένεσιν,
1083 3347 1161 3410 ὥς
1212 3365 1347 3416 φησι
1401 3353 1668 3422 Μωῦσῆς.
1720 3356 1785 3408 Ol
1831 3355 1889 3408 δὲ
1944 3344 1948 3348 λ

303 3432 436 3484 ὠῶν
468 3434 788 3502 ἀπέχονται·
823 3437 974 3491 ἄλλοι
1008 3439 1065 3492 δέ
1103 3440 1379 3510 ἀκρόδρυα
1411 3445 1617 3512 τροφὴν
1649 3444 1883 3514 ἔχουσιν.

305 3524 432 3576 Εἰσὶ
456 3525 511 3578 δέ
541 3527 592 3580 οῖ
627 3529 722 3580 καὶ
751 3528 924 3600 ξηροῦ
955 3529 1126 3598 ἄρτου
1161 3534 1328 3601 μόνου
1372 3535 1717 3605 μετέχουσιν
1753 3537 1803 3589 οί
1829 3537 1886 3590 δὲ

302 3615 429 3670 οὐδὲ
461 3619 673 3672 τούτου.
702 3620 971 3692 Διάφορος
1001 3621 1059 3675 δὲ
1095 3623 1189 3678 καὶ
1222 3626 1254 3694 ἡ
1285 3624 1404 3694 ὥρα
1430 3627 1528 3696 τῆς
1558 3629 1885 3690 ἑστιάσεων

303 3709 359 3760 oi
395 3709 494 3776 μὲν
528 3714 638 3780 γὰρ
669 3711 829 3784 ἄχρις
871 3715 1090 3787 ἐνάτης,
1124 3719 1174 3770 οἱ
1223 3719 1280 3771 δὲ
1330 3721 1471 3788 μετὰ
1508 3721 1664 3775 δύσιν
1705 3723 1882 3793 ἡλίου,

302 3801 457 3855 ἄλλοι
488 3802 545 3856 δὲ
575 3805 717 3874 μετὰ
746 3805 877 3874 μίαν
908 3809 1126 3879 ἡμέραν
1154 3811 1400 3866 ἐσθίουσι
1424 3813 1526 3884 τὴν
1559 3814 1710 3885 ἐξῆς·
1732 3815 1884 3870 ἄλλοι

301 3892 360 3944 δὲ
391 3894 485 3946 καὶ
519 3894 612 3948 ἐπὶ
638 3899 788 3966 τρεῖς
815 3900 906 3951 καὶ
931 3900 1208 3970 τέσσαρας
1236 3905 1334 3956 καὶ
1365 3905 1547 3971 πέντε,
1581 3909 1679 3961 καὶ
1717 3909 1883 3979 μέχρι

299 3985 416 4038 τῶν
443 3987 588 4042 ἑπτὰ
618 3991 902 4060 προΐασιν,
931 3991 1006 4055 ὡς
1041 3996 1259 4067 ἑκάστῳ
1292 3999 1525 4069 δύναμίς
1559 4018 1616 4054 τε
1643 4003 1737 4056 καὶ
1762 4003 1885 4070 βού-

299 4075 482 4145 λησις.
515 4079 624 4132 Καὶ
665 4080 804 4135 ἄλλα
835 4086 965 4155 παρ’
997 4085 1180 4151 ἄλλοις
1211 4091 1396 4157 γένεσι
1442 4092 1538 4144 καὶ
1587 4095 1794 4162 φύλοιςο
1825 4097 1885 4151 ἐν

299 4165 383 4231 οἷς
431 4172 526 4224 καὶ
577 4175 774 4242 μυρίαι
806 4177 978 4230 αἰτίαι
1029 4179 1140 4233 τῶν
1185 4183 1445 4236 τοιούτων
1490 4186 1651 4238 είσίνο
1685 4189 1770 4254 ἐφ’
1802 4183 1884 4253 οἷς

300 4261 517 4316 ἅπασιν
549 4264 709 4317 οὐδέν
745 4284 797 4319 τι
841 4269 1124 4339 ἔγγραφον
1175 4274 1550 4344 παράγγελμα
1583 4279 1758 4346 δεῖξαί
1801 4298 1883 4344 τις

300 4349 440 4418 ἔχει.
473 4350 564 4414 Ὠς
591 4351 752 4422 δῆλον
781 4350 944 4419 εἶναι,
977 4356 1054 4420 ὡς
1084 4359 1151 4412 τὰ
1183 4360 1389 4432 ἑκάστῃ
1435 4363 1699 4418 δοκοῦντα
1743 4387 1882 4438 προ-

299 4441 542 4552 ἔτρεψαν
575 4444 1267 4552 οίίἀπῖράρχῆῖύπηρέται
1311 4453 1633 4552 τιοῦιΛογους
1685 4459 1759 4552 ίνῖ
1781 4463 1877 4530 ἐξῇ
1913 4491 1960 4552 D

299 4533 538 4603 ἑκάστῳ,
574 4534 651 4605 μὴ
677 4535 828 4606 φόϐῳ
855 4537 980 4608 μηδ’
1010 4539 1224 4611 ἀνάγκη
1252 4544 1357 4596 τινὶ
1383 4543 1443 4596 τὸ
1469 4546 1675 4612 ἀγαθὸν
1702 4549 1879 4617 αἱρετ-

298 4625 450 4681 σθαι.
481 4627 645 4682 Ἀλλὰ
669 4632 800 4697 περὶ
835 4631 935 4701 μὲν
975 4636 1244 4702 νηστειῶν
1283 4637 1375 4690 τοῦ
1424 4639 1619 4710 Πάσχα
1651 4643 1744 4694 καὶ
1777 4641 1878 4711 τῆς

295 4720 506 4788 τροφῆς
537 4720 798 4775 τοσαῦται
845 4723 1143 4792 διαφωνίαι
1174 4727 1235 4780 τὸ
1280 4730 1340 4794 ἐξ
1387 4732 1564 4802 ἀρχῆς
1595 4734 1737 4786 κατὰ
1781 4735 1878 4798 τὰς

294 4811 595 4881 ἐκκλησίας
622 4807 785 4883 ἦσαν.
825 4816 984 4872 Ἀλλά
1009 4819 1124 4889 ,μὴν
1153 4821 1246 4872 καὶ
1277 4824 1404 4892 περὶ
1435 4823 1712 4889 συνάξεων
1741 4825 1876 4879 ἄλλα

296 4904 533 4958 πλεῖστα
562 4907 655 4958 καὶ
683 4907 954 4978 ἀδιάφορα
1001 4912 1150 4964 ἐστιν
1182 4913 1385 4980 εὑρεῖν·
1419 4915 1530 4968 τῶν
1566 4917 1674 4986 γὰρ
1703 4917 1878 4970 ἁπαν-

292 4997 466 5067 ταχοῦ
489 5001 589 5069 τῆς
615 5001 766 5053 οίκου
779 5003 949 5072 μένης
976 5005 1290 5074 ἐκκλησιῶν
1315 5008 1370 5058 ἐν
1395 5009 1515 5070 ταῖς
1538 5008 1644 5059 τῶν
1671 5009 1878 5062 2266:1-

289 5107 404 5143 των
433 5089 672 5162 ἡμέραις
699 5092 758 5157 ἐξ
785 5092 940 5156 ἔθους
969 5097 1212 5164 ἐχουσῶν
1240 5097 1362 5149 καθ’
1393 5099 1690 5167 ἑϐδομάδος
1718 5119 1877 5167 περι-

290 5184 506 5252 τροπὴν
539 5187 609 5239 τὰ
634 5186 756 5239 θεῖα
795 5190 1072 5257 μυστήρια
1110 5191 1654 5262 ἐκτελεῖν,⁹Ρωνμαῖοί
1689 5211 1746 5246 τε
1779 5196 1875 5248 καὶ

304 5277 683 5350 Ἀλεξανδρεῖς
734 5279 832 5333 καὶ
888 5280 1005 5334 ὅσοι
1059 5281 1160 5353 τὴν
1215 5282 1466 5352 ’Θηϐαΐδα
1527 5287 1872 5356 περιοικοῦσι

292 5371 551 5439 συνάξεις
595 5373 695 5442 μὲν
740 5373 883 5426 κατὰ
922 5374 1204 5427 Σάϐϐατον
1247 5377 1616 5432 ἐπιτελοῦσινο
1651 5380 1712 5432 οὐ
1765 5379 1873 5449 μὴν

287 5464 480 5532 ὥσπερ
507 5460 573 5529 ἦν
601 5465 723 5528 ἔθος
746 5468 870 5519 τότε
899 5467 1034 5519 πᾶσι
1061 5468 1429 5536 Χριστιανοῖς,
1455 5472 1550 5524 καὶ
1579 5472 1686 5524 τῶν
1711 5472 1873 5526 θείων

289 5558 656 5626 ἁγιασμάτων
683 5561 951 5628 μετεῖχον.
991 5558 1152 5613 Ἀλλὰ
1186 5563 1324 5631 μετὰ
1355 5564 1414 5616 τὸ
1441 5565 1642 5627 ἱκανῶς
1664 5565 1876 5635 εὐωχη-

1991 3258 2180 3321 steria,
2219 3269 2276 3314 et
2321 3262 2679 3326 abstinentia,
2724 3269 2959 3322 multum
3005 3271 3154 3326 inter
3180 3287 3239 3327 se
3274 3275 3576 3332 dissident.

1991 3349 2225 3417 Quidam
2259 3357 2409 3408 enim
2447 3357 2687 3413 animata
2717 3375 2946 3428 prorsus
2973 3378 3083 3416 non
3113 3366 3394 3435 attingunt
3428 3388 3442 3423 :
3479 3371 3574 3424 alii

1991 3453 2177 3499 autem
2227 3447 2529 3516 attingunt,
2565 3449 2662 3503 sed
2713 3450 2896 3517 pisces
2942 3454 3112 3508 solos.
3148 3455 3288 3509 Sunt
3330 3458 3423 3526 qui
3460 3463 3580 3513 ani-

1990 3547 2134 3591 mata
2167 3553 2390 3607 quoque
2412 3554 2538 3594 cum
2576 3539 2822 3608 piscibus
2855 3542 3094 3598 volatilia
3124 3545 3422 3614 degustant
3458 3567 3470 3602 :
3508 3567 3576 3606 ex

1991 3627 2153 3697 aquis
2189 3644 2253 3683 ea
2287 3645 2510 3699 quoque
2553 3632 2840 3700 progenita
2875 3650 3020 3699 esse,
3059 3647 3118 3690 ut
3164 3637 3340 3694 Moses
3373 3641 3573 3710 in1uit.

1992 3720 2258 3776 dicentes.
2290 3723 2552 3777 Nonnulli
2585 3725 2654 3779 ab
2685 3726 2806 3779 ovis
2845 3735 2901 3781 et
2943 3729 3188 3783 nucibus
3235 3731 3353 3786 sive
3387 3733 3576 3786 baccis

1991 3813 2291 3868 abstinent.
2351 3815 2609 3870 Nonnulli
2661 3832 2794 3872 vero
2844 3819 3105 3873 arborum
3163 3821 3440 3878 fruetibus
3477 3841 3574 3879 ve-

1991 3916 2244 3959 scuntur.
2269 3905 2502 3972 Quidam
2531 3923 2726 3978 panem
2756 3909 2964 3964 siccum
2993 3919 3203 3966 tantum
3231 3915 3528 3969 comedunt
3556 3935 3571 3970 :

1991 3996 2212 4065 quidam
2249 4012 2380 4052 vero
2412 4014 2480 4052 ne
2521 3998 2669 4054 hunc
2695 4000 2914 4069 quidem
2951 4001 3252 4072 attingunt.
3281 4005 3571 4059 Diversum

1991 4091 2163 4144 etiam
2217 4099 2304 4145 est
2351 4091 2459 4145 cibi
2510 4094 2768 4162 capiendi
2815 4104 3052 4164 tempus.
3103 4095 3286 4164 Aliqui
3337 4111 3574 4166 namque

1992 4183 2126 4237 bora
2173 4199 2337 4249 nona,
2385 4185 2556 4254 aliqui
2605 4196 2730 4255 post
2789 4202 3047 4242 occasum
3095 4189 3300 4250 solum,
3347 4189 3572 4259 quidam

1992 4287 2114 4346 post
2139 4277 2286 4331 diem
2321 4293 2485 4332 unam
2512 4281 2769 4348 sequenti
2801 4280 2890 4334 die
2921 4281 3108 4354 cibum
3129 4284 3357 4352 capiunt
3388 4303 3401 4336 :
3435 4299 3577 4338 non-

1993 4369 2129 4423 nulli
2169 4386 2301 4424 vero
2341 4369 2408 4424 ad
2447 4379 2582 4437 tres,
2615 4372 2679 4424 ad
2712 4382 2972 4440 quatuor,
3009 4375 3075 4428 ad
3113 4376 3384 4444 quinque,
3417 4386 3473 4430 et
3505 4376 3572 4429 ad

1990 4471 2200 4528 septem
2235 4479 2414 4533 usque
2438 4463 2555 4518 dies
2577 4463 2816 4534 dapibus
2847 4466 3194 4521 abstinentes
3221 4469 3529 4536 procedunt
3557 4487 3571 4522 :

1989 4567 2090 4620 pro
2140 4568 2206 4605 co
2257 4563 2425 4621 atque
2474 4555 2713 4624 quisque
2759 4555 2884 4610 cibo
2930 4570 3120 4610 carere
3173 4557 3259 4610 vel
3312 4558 3450 4619 vult,
3486 4559 3572 4612 vcl

1989 4653 2189 4714 potest.
2212 4645 2288 4699 rEt
2323 4647 2424 4699 alia
2455 4647 2600 4715 apud
2642 4646 2780 4700 alias
2814 4657 3005 4717 gentes
3045 4655 3105 4701 et
3139 4649 3372 4716 populos
3413 4650 3570 4714 lium,

1985 4735 2131 4804 apud
2157 4751 2298 4804 quos
2322 4752 2510 4791 rerum
2540 4737 2729 4790 talium
2767 4738 3070 4792 innumera!
3099 4748 3316 4793 exstant
3337 4755 3517 4794 causa:
3553 4761 3566 4795 :

1984 4830 2052 4885 dc
2088 4830 2294 4899 quibus
2341 4830 2606 4884 omnibus
2646 4831 2863 4884 nullum
2915 4840 3276 4901 praeceptum,
3321 4834 3467 4902 quod
3515 4835 3568 4887 in

1983 4923 2251 4989 scriptum
2289 4921 2521 4976 relatum
2556 4921 2667 4984 sit,
2697 4921 2913 4975 ostendi
2948 4931 3151 4990 potest.
3178 4923 3246 4978 Ut
3273 4925 3406 4978 satis
3435 4939 3570 4978 con-

1985 5022 2112 5071 stet.
2156 5015 2364 5082 primos
2407 5014 2531 5068 illos
2561 5014 2719 5069 verbi
2755 5015 3060 5081 ministros,
3089 5019 3158 5071 ab
3191 5018 3351 5073 initio
3375 5019 3568 5074 obser-

1985 5105 2238 5158 vationes
2271 5106 2541 5176 ejusmodi
2587 5107 2824 5162 arbitrio
2858 5125 3210 5181 quorumque
3249 5113 3564 5182 reliquisse,

1985 5208 2043 5250 ut
2073 5198 2309 5267 quisque
2347 5215 2457 5254 non
2499 5212 2648 5256 metu
2685 5210 2782 5256 aut
2815 5204 3148 5259 necessitate
3173 5205 3427 5274 quapiam
3473 5206 3568 5259 ad-

1982 5287 2206 5353 ductus,
2238 5290 2387 5358 quod
2424 5291 2628 5346 bonum
2658 5304 2760 5356 est,
2801 5293 3044 5362 deligere
3074 5303 3127 5349 et
3162 5295 3317 5362 sequi
3357 5305 3562 5363 posset.

1982 5383 2153 5437 Porro
2199 5383 2252 5436 in
2287 5384 2511 5454 jejuniis
2543 5385 2709 5440 ferias
2760 5387 3051 5442 Paschales
3089 5385 3563 5458 praecedentibus,

1981 5489 2038 5532 et
2082 5477 2135 5531 in
2170 5478 2540 5549 jejunantium
2592 5480 2754 5544 cibis,
2795 5496 2825 5535 a
2873 5481 3150 5552 principio
3203 5482 3260 5536 in
3291 5483 3566 5538 ecclesiis

1985 5566 2303 5636 bujusmodi
2338 5568 2634 5624 diversitas
2667 5567 2792 5625 fuit.
2827 5571 3027 5627 Verum
3065 5574 3116 5627 iu
3150 5573 3350 5645 Synaxi
3386 5575 3562 5645 pluri-

363 5745 442 5814 (l)
484 5747 645 5816 Τρεῖς
702 5751 871 5818 μόνας
923 5753 1304 5827 πενθημέρους
1365 5757 1428 5808 ἐκ
1479 5753 1868 5828 διαλειμμάτων
1905 5757 2279 5830 νηστεύονῖῖςῖ
2315 5762 2524 5817 Socr-at.
