3936 6206
468 312 574 374 85⁸)

1691 321 2109 384 NICEPIlOBl
2147 329 2485 392 CALLISTI
3574 347 3658 407 860

471 444 616 481 mam
651 429 966 485 varietatem
1009 431 1180 487 fuisse
1217 434 1550 491 invenimus.
1589 438 1721 492 Cum
1756 442 1901 494 enim
1927 443 2041 509 ple-

2156 446 2306 516 lﬁvat
2332 449 2424 502 καὶ
2457 449 2731 513 παντοίοις
2763 451 3116 520 ἐντβυνθῆναι
3150 454 3445 523 ἐδέσμασιν,
3471 459 3660 532 ἠρισῑη-

474 534 655 587 neque
691 535 884 577 omnes
922 539 1020 592 per
1071 525 1258 579 orbem
1300 529 1550 585 ecclesiae
1581 530 1778 587 diebus
1823 532 2045 590 Sabbati

473 617 932 672 consuetudinem
980 619 1249 674 haberent
1289 623 1652 682 hebdomadis
1697 629 1862 685 unius
1909 639 2048 686 tem-

473 719 608 774 pore
639 708 840 760 divinis
887 713 1164 780 mysteriis
1195 716 1435 782 operari.
1471 718 1699 773 Romani
1729 731 1784 775 et
1814 721 2049 778 Alexan-

479 793 621 847 drini
654 812 717 848 ex
745 798 970 866 antiqua
1006 803 1242 869 quadam
1275 806 1573 862 traditione
1599 809 1703 863 hoe
1734 827 1838 864 non
1878 813 2048 868 facie-

482 886 630 940 bant.
675 887 916 959 Aigypti-i
967 909 1099 948 vero
1145 895 1538 953 Alexandrinis
1589 904 1793 968 vicini,
1849 915 1904 958 et
1955 907 2047 976 qui

476 976 687 1029 circum
731 977 1072 1036 Thebaidem
1121 985 1395 1052 habitant,
1433 1007 1666 1061 synaxes
1708 995 1929 1064 quidem
1960 999 2048 1054 die

481 1066 708 1122 Sabbati
760 1077 1094 1142 peragebant
1145 1095 1158 1130 :
1212 1080 1305 1132 sed
1356 1097 1464 1134 non
1514 1085 1725 1148 eadem,
1783 1103 1888 1155 qua
1938 1098 2048 1142 lum

476 1163 776 1220 Christiani
830 1171 1129 1222 utebantur
1179 1174 1597 1234 consuetudine.
1647 1176 1886 1232 divinam
1929 1179 2051 1234 san;

478 1254 870 1311 ctiﬁcationem
944 1261 1343 1330 percipiebant.
1417 1265 1622 1320 Verum
1692 1269 1856 1339 296
1925 1287 2048 1326 cum

480 1348 702 1402 abunde
755 1351 1027 1405 convivati
1075 1364 1279 1418 essent,
1334 1365 1388 1409 et
1438 1359 1620 1412 omnis
1667 1363 1884 1430 generis
1915 1363 2052 1420 cibis

477 1441 768 1497 delicatius
797 1459 856 1496 se
883 1446 1269 1514 replevissent.
1307 1464 1335 1502 a
1369 1451 1598 1517 prandio
1625 1455 1856 1518 scilicet,
1891 1457 2054 1511 circi-

480 1539 562 1584 ter
592 1548 882 1600 vesperam
927 1537 1177 1600 multam,
1212 1541 1471 1609 mysteria
1516 1544 1792 1600 oblatione
1833 1557 2050 1616 peracta

478 1625 874 1693 percipiebant.
926 1628 1128 1693 Quarta
1171 1630 1534 1688 hebdomadis
1566 1636 1656 1691 die
1681 1679 1694 1700 ,
1731 1649 1787 1692 et
1827 1656 1890 1694 ea
1931 1658 2052 1710 qua

479 1713 778 1769 Parasccve
801 1719 1023 1778 dicitur,
1047 1721 1403 1777 Alexandrini
1429 1726 1745 1796 Scripturas
1769 1732 2048 1802 legebant,

479 1803 798 1859 ductoribus
846 1824 940 1862 eas
993 1811 1490 1878 interpretantibus
1540 1821 1883 1892 :omniaque
1929 1839 2050 1893 qua:

481 1895 548 1948 ad
607 1897 862 1966 Synaxim
936 1901 1240 1968 pertinent,
1290 1908 1654 1973 peragebant,
1705 1924 1919 1980 prieter-
1966 1915 2052 1970 di-

478 1988 734 2041 vinorum
800 1995 1184 2060 mysteriorum
1252 2001 1685 2067 perceptionem.
1717 2005 1895 2075 Atque
1931 2023 2047 2061 eam

481 2077 560 2132 illi
623 2081 932 2149 antiquitus
997 2085 1242 2141 habuere
1301 2094 1786 2150 Consuetudinem.
1850 2098 2053 2153 Dicunt

477 2171 706 2233 etenim,
738 2183 793 2226 et
821 2173 1113 2244 Origenem
1150 2179 1445 2247 plurimum
1496 2170 1691 2240 d'iebus
1727 2188 1842 2242 istis
1875 2189 1926 2242 in
1969 2207 2061 2245 oc-

479 2262 641 2316 clcsia
664 2263 938 2328 docuisse,
969 2278 1133 2337 atque
1160 2287 1389 2340 synaxes
1413 2290 1506 2329 seu
1528 2291 1832 2333 conventus
1855 2281 2050 2351 egisse.

479 2353 580 2417 Qui
612 2371 734 2408 cum
769 2359 1040 2426 sapientia
1075 2371 1127 2415 et
1165 2363 1416 2419 doctrina
1458 2369 1639 2422 multis
1668 2384 1970 2439 perstaret,
2001 2388 2055 2428 et

482 2457 834 2513 perspectum
886 2450 1131 2515 haberet,
1187 2454 1542 2510 inﬁrmiorem
1597 2477 1716 2513 esse
1765 2464 2054 2519 Mosaicam

479 2536 681 2604 legem,
708 2555 869 2606 qualn
912 2549 971 2593 ut
1011 2543 1164 2596 nullo
1202 2546 1364 2599 tnodo
1397 2548 1462 2600 ad
1501 2549 1736 2604 litteram
1776 2557 1928 2608 rcildi
1970 2568 2050 2610 at-

480 2640 588 2692 que
617 2630 848 2695 exprimi
878 2644 1082 2700 posset,
1117 2636 1382 2690 rationem
1423 2639 1545 2693 festi
1582 2642 1799 2697 Pasclnze
1834 2649 1896 2698 al
1932 2661 2057 2715 spe-

481 2715 775 2769 culativam
803 2723 1326 2790 contemplationem
1357 2733 1651 2792 revocavit,
1679 2749 1844 2786 unum
1879 2738 2053 2791 solum

479 2820 603 2861 esse
631 2823 814 2862 verum
846 2812 1054 2867 Pascha
1091 2815 1282 2870 dicens
1314 2860 1326 2880 ,
1359 2825 1506 2886 quod
1543 2823 1794 2879 Christus
1821 2832 2054 2900 peregit,

482 2902 747 2969 preeclare
772 2904 1038 2962 adversus
1065 2909 1292 2964 hostiles
1316 2922 1612 2980 potestates
1647 2934 1702 2973 re
1735 2931 1908 2988 gesta,
1931 2939 2054 2976 cum

487 2994 543 3046 in
595 3010 815 3050 crucem
863 2999 1232 3068 suﬂigeretur,
1293 3003 1450 3072 longe
1503 3009 1711 3072 optime
1756 3028 1822 3066 eo
1864 3025 2052 3069 contra

2153 536 2310 601 κίτες
2364 539 2488 609 ἠδη,
2544 541 2669 610 περὶ
2729 540 2952 610 βαθεῖαν
3013 543 3252 614 ἑσπέραν
3307 547 3370 597 τά
3425 554 3654 622 μυστήρια

2151 629 2557 695 προσφέροντες
2609 627 3039 699 μετελάμϐανον.
3067 632 3194 683 -Καὶ
3244 632 3301 682 ἐν
3347 634 3556 703 Τετράδι
3583 641 3659 691 καὶ

2150 717 2183 786 ἣ
2218 718 2548 787 Παρασκευὴ
2576 718 2815 787 λέγεται,
2858 721 3223 790 Ἀλεξανδρεῖς
3253 723 3466 791 Γραφάς
3489 742 3540 778 τε
3565 729 3658 780 ἀνε-

2151 807 2441 875 γίνωσκον,
2493 811 2604 863 τῶν
2649 811 2984 865 διδασκάλων
3027 816 3230 874 ταύτας
3276 815 3657 886 ἑρμηνευόντων·

2154 902 2249 953 καὶ
2297 903 2476 957 πάντα
2523 904 2590 956 τὰ
2639 905 2738 974 τῆς
2780 906 3052 969 συνάξεως
3100 906 3388 975 ἔπραττον,
3428 909 3553 979 πλὴν
3583 913 3662 975 τῆς

2155 992 2308 1056 Θείας
2331 994 2441 1046 τῶν
2472 995 2789 1066 μυστηρίων
2823 998 3100 1066 μυήσεως.
3119 997 3214 1062 Ἐξ
3238 999 3454 1068 ἀρχαίου
3475 1000 3524 1052 δὲ
3546 1003 3667 1055 τοῦτ’

2154 1081 2223 1154 ἦν
2253 1085 2374 1148 έθος
2417 1086 2851 1156 ’Δλεξανδρεῦσι.
2887 1089 3020 1141 Φασὶ
3059 1091 3151 1142 καὶ
3188 1088 3297 1158 γὰρ
3341 1091 3590 1160 Ὦριγένην
3619 1095 3664 1144 ἓν

2152 1177 2380 1240 ταύταις
2415 1180 2609 1247 μόναις
2651 1181 2749 1242 τὰς
2789 1182 3036 1247 συνάξεις
3080 1185 3254 1235 ποιεῖν
3285 1184 3370 1263 ἐπ’
3399 1184 3662 1255 ἐκκλησίας·

2153 1267 2212 1331 δς
2238 1270 2403 1340 σοφίᾳ
2428 1274 2523 1324 καὶ
2547 1271 2872 1344 διδασκαλίᾳ
2895 1273 3002 1325 τῶν
3026 1274 3239 1326 πολλῶν
3264 1274 3532 1346 διαφέρων,
3551 1294 3664 1330 συνι-

2153 1363 2260 1417 δών
2287 1381 2346 1417 τε
2373 1365 2446 1427 ὡς
2477 1365 2538 1418 τὸ
2563 1365 2825 1420 ἀδύνατον
2855 1366 2950 1420 τοῦ
2985 1367 3280 1421 Μωσαῖκοΰ
3309 1369 3463 1437 νόμον
3489 1370 3666 1425 ἀσθενεῖ
3719 1365 3722 1368 ’

2157 1455 2294 1524 πρὸς
2327 1455 2386 1508 τὸ
2425 1457 2661 1527 γράμμα
2710 1459 3043 1535 ἀποδοθῆναι
3075 1461 3174 1513 τὸν
3217 1461 3344 1529 περὶ
3389 1461 3475 1514 τοῦ
3509 1463 3662 1529 Πάσχα

2157 1541 2336 1609 λόγον,
2389 1545 2470 1605 εἰς
2511 1544 2749 1608 θεωρίαν
2807 1548 3114 1616 ἀνήγαγεν,
3171 1548 3229 1601 ἓν
3286 1549 3439 1617 μόνον
3482 1550 3663 1619 φάσκων

2157 1634 2354 1703 ἀληθὲς
2405 1637 2659 1704 γενέσθαι
2697 1638 2908 1709 Πάσχα,
2957 1641 3094 1710 ὅπερ
3135 1641 3364 1708 Χριστὸς
3398 1643 3662 1695 ἐπετέλεσεν

2159 1727 2464 1796 ἐνεργήσας
2493 1731 2634 1783 κατά
2665 1731 2775 1784 τῶν
2805 1731 3206 1800 ἀντικειμένων
3228 1731 3510 1801 δυνάμεων,
3534 1734 3660 1802 ἀναρο

2155 1819 2341 1888 τηθεὶς
2367 1821 2446 1888 τῷ
2477 1823 2718 1893 σταυρῶ·
2743 1817 2787 1890 ᾧ
2812 1823 2876 1893 δὴ
2910 1825 3122 1894 ἀρίστῳ
3160 1825 3402 1893 τροπαίῳ
3437 1827 3558 1878 κατὰ
3589 1825 3662 1876 τοῦ

2152 1914 2452 1966 ἀντιπάλου
2487 1915 2778 1984 ἐχρήσατο.
2825 1916 2913 1969 Ἑν
2941 1916 2998 1969 δὲ
3046 1919 3116 1987 τῇ
3166 1917 3302 1989 αὐτῇ
3343 1917 3659 1989 Ἀλεξανδρεία

2151 2009 2210 2062 τὸ
2252 2010 2362 2061 τῶν
2407 2010 2768 2077 άναγνωστῶν
2815 2014 2908 2065 καὶ
2962 2011 3481 2082 συμϐολαιογράφων
3514 2015 3656 2080 τάγμα

2154 2104 2211 2155 ὲν
2244 2103 2525 2172 ἀδιαφόρῳ
2553 2103 2723 2166 ἐστὶν,
2747 2103 2857 2155 εἴτε
2887 2103 3069 2156 πιστοί
3099 2105 3267 2168 εἰσιν,
3293 2102 3396 2155 εἴτε
3425 2103 3505 2156 καὶ
3524 2118 3654 2167 κατη-

2155 2193 2430 2263 χούμενοι.
2465 2193 2571 2244 τῶν
2598 2193 2915 2263 ἁπανταχοῦ
2953 2193 3139 2248 ἄλλων
3168 2193 3459 2262 ἐκκλησιῶν
3484 2191 3661 2251 πιστοὺς

2155 2288 2235 2348 είς
2260 2285 2318 2338 τὸ
2353 2287 2538 2353 τάγμα
2566 2285 2725 2338 τοῦτο
2751 2285 3244 2356 προϐεϐλημένων.
3281 2286 3366 2339 Ἐν
3397 2286 3446 2338 δὲ
3476 2287 3530 2356 τῇ
3562 2285 3662 2337 Θετ-

2155 2378 2334 2430 ταλῶν
2360 2379 2454 2431 καὶ
2476 2380 2632 2430 τοῦτο
2659 2378 2915 2446 γενέσθαι
2938 2379 3092 2447 φασί.
3121 2379 3393 2450 Κληρικδς
3410 2379 3505 2448 γάρ
3525 2381 3661 2430 ἐκεῖσε

2156 2469 2315 2539 ἀνὴρ,
2337 2470 2468 2540 πρὶν
2491 2471 2521 2538 ἢ
2557 2471 2784 2540 γένηται
2815 2470 2993 2535 τοῦτο,
3018 2472 3178 2542 νόμῳ
3199 2473 3425 2540 γυναῖκα
3449 2471 3661 2541 ἠγάγετο.

2156 2561 2268 2630 Τὴν
2298 2560 2354 2613 δὲ
2385 2564 2646 2630 γυναῖκα,
2677 2563 2753 2624 ὡς
2779 2561 2923 2626 ἔθος,
2953 2562 3146 2630 γνοὺς,
3172 2563 3474 2634 ἀπόκληρος
3493 2559 3566 2634 ἦν,
3587 2563 3667 2614 τῶν

2156 2651 2260 2704 ἀνά
2304 2653 2402 2720 τὴν
2449 2652 2523 2705 ἕω
2568 2655 2788 2706 πάντων
2837 2653 3030 2723 γνώμῃ
3065 2653 3440 2724 ἀπεχομένων·
3474 2656 3552 2706 καὶ
3585 2655 3670 2705 τῶν

2159 2741 2497 2803 ἐπισκόπων,
2534 2743 2581 2794 εί
2618 2744 2712 2794 καὶ
2747 2741 3041 2811 βούλοιντο,
3077 2743 3148 2795 οὐ
3187 2743 3294 2814 μὴν
3325 2742 3518 2815 ἀνάγκῃ
3539 2745 3666 2811 νόμον

2157 2825 2320 2879 τοῦτο
2344 2827 2667 2882 ποιούντων.
2696 2829 2886 2882 Πολλοὶ
2912 2829 3022 2900 γὰρ
3047 2830 3237 2885 αὐτῶν
3259 2831 3336 2898 τῷ
3355 2829 3670 2891 ὲπισκοπικῶς

2161 2918 2466 2986 ἱερατεύειν
2496 2921 2591 2970 καὶ
2622 2918 2853 2983 πολλοὺς
2883 2923 2940 2972 ὲν
2971 2925 3089 2985 τοῖς
3130 2922 3489 2986 ὲπισκοπείοις
3514 2923 3672 2980 παῖδας

2159 3010 2427 3064 ἀπέτεκον
2473 3011 2536 3062 ἐκ
2583 3011 2693 3063 τῶν
2730 3013 2990 3079 γαμετῶν
3033 3013 3105 3074 ἃς
3158 3014 3406 3084 νομίμως
3449 3013 3673 3081 ἠγάγοντο

483 3087 856 3140 adversarium
901 3105 1034 3143 usus
1083 3101 1310 3163 tropaeo.
1361 3098 1420 3148 In
1470 3100 1658 3152 eadem
1700 3102 2051 3169 Alexandria,

2157 3083 2450 3172 πρότερον.
2492 3102 2606 3154 Νῦν
2636 3103 2692 3155 δὲ
2727 3103 2837 3155 οὐδ’
2863 3104 2922 3156 ἐν
2951 3104 3153 3176 ὀνείρῳ
3181 3083 3464 3167 ἐπίσκοπος
3492 3105 3673 3173 γυναικὶ

487 3176 544 3229 in
580 3177 851 3232 lectorum
886 3188 941 3234 et
975 3183 1318 3238 notariorum
1359 3185 1554 3241 ordine
1597 3188 1893 3245 discrimen
1930 3195 2054 3248 nul-

483 3267 596 3319 lum
643 3268 762 3332 tuit,
801 3272 916 3324 sive
965 3271 1041 3324 illi
1080 3274 1190 3343 jam
1241 3275 1451 3343 ﬁdeles,
1497 3279 1610 3334 sive
1653 3284 2052 3352 catechumeni,

482 3357 590 3412 hoc
615 3370 720 3426 est,
751 3363 843 3430 qui
882 3377 1037 3418 sacra
1071 3365 1330 3422 doctrina
1362 3369 1803 3442 instituerentur,
1847 3388 2050 3442 essent,

483 3465 608 3504 cum
646 3454 897 3508 ecclesia:
931 3456 984 3510 in
1023 3457 1162 3513 locis
1190 3462 1447 3518 onmibus
1472 3464 1593 3518 aliae
1627 3465 1814 3522 ﬁdeles
1845 3477 2053 3526 tantum

483 3542 538 3595 in
566 3544 814 3598 ordinem
861 3547 1007 3602 hunc
1044 3549 1312 3620 legerent.
1348 3553 1405 3606 lu
1440 3555 1721 3613 Thessalia
1753 3570 1808 3614 et
1841 3562 1944 3617 hoc
1973 3564 2054 3618 fa-

483 3637 734 3690 (litatum
771 3655 896 3694 esse
925 3642 1118 3711 liquet.
1157 3643 1382 3700 Licebat
1415 3648 1618 3703 clerico
1644 3655 1839 3718 cuivis,
1875 3656 2055 3723 prius-

483 3739 644 3792 quam
668 3727 720 3780 in
746 3732 996 3784 ordinem
1019 3748 1146 3786 eum
1171 3745 1541 3804 cooptaretur,
1563 3741 1804 3809 legitime
1829 3760 2051 3800 uxorem

481 3814 730 3872 ducere:
774 3831 828 3872 at
875 3823 920 3875 si
968 3834 1178 3891 postea,
1222 3837 1284 3880 ut
1327 3832 1729 3887 consuetudine
1772 3849 2052 3906 receptum

485 3919 592 3972 est,
647 3925 875 3966 uxorem
926 3918 1294 3984 cognovisset,
1342 3921 1534 3976 ordine
1575 3939 1643 3976 eo
1681 3927 2049 3981 movebatur:

481 4015 603 4051 cum
648 4002 698 4054 in
738 4004 965 4059 Oriente
1001 4021 1232 4072 omnes,
1281 4021 1446 4076 atque
1492 4015 1657 4068 etiam
1708 4018 1973 4088 episcopi,
2007 4021 2051 4075 si

482 4087 706 4152 vellent,
737 4106 838 4158 pro
867 4093 1100 4149 arbitrio
1131 4114 1253 4163 suo,
1291 4116 1399 4154 non
1433 4102 1611 4172 aliqua
1647 4104 1781 4175 legis
1808 4109 2052 4163 necessi-

485 4187 593 4231 tate
650 4183 868 4248 coacti,
933 4201 1164 4240 uxorum
1217 4205 1572 4259 congrcssum
1641 4197 1985 4254 declinarent
2033 4215 2048 4253 :

482 4269 640 4323 multi
686 4274 849 4326 etiam
895 4277 1014 4364 imo
1044 4279 1340 4349 episcopali
1372 4299 1600 4340 munere
1632 4288 1949 4359 "fungentes,
1995 4292 2052 4347 in

479 4362 884 4431 episcopalibus
910 4362 1121 4423 idibus
1150 4371 1355 4426 liberos
1385 4377 1586 4432 multos
1613 4395 1678 4433 ex
1703 4383 2049 4453 coniugibus,

2166 3194 2609 3264 συγκαθευδήσας
2639 3195 2960 3258 ἀκόλαστος.
2991 3198 3158 3250 Ἀλλά
3183 3199 3276 3251 τοῦ
3308 3199 3402 3266 μὲν
3427 3202 3479 3252 ἐν
3501 3199 3673 3250 Θεσσα-

2161 3284 2251 3354 λίᾳ
2285 3285 2440 3349 ἔθους
2476 3286 2859 3356 προκατῆρξεν
2896 3289 3224 3361 Ἡλιόδωρος
3256 3293 3468 3354 ἐκεῖνος.
3503 3291 3674 3360 Τρίκης

2164 3377 2483 3439 ἐπίσκοπος·
2513 3373 2574 3431 οὗ
2621 3380 2914 3447 πονήματα
2962 3382 3216 3449 ἐρωτικὰ
3247 3383 3408 3436 εἰσέτι
3433 3383 3518 3435 νῦν
3549 3397 3674 3449 περι-

2163 3469 2410 3538 φέρεταιν
2439 3468 2474 3522 ἃ
2505 3471 2620 3531 νέος
2662 3469 2735 3522 ὢν
2777 3473 3133 3539 συνετάξατο,
3166 3474 3470 3529 Αἰθιοπικά
3503 3489 3674 3542 προσα·

2161 3561 2430 3629 γορεύσας
2461 3561 2620 3624 αὐτὰ,
2654 3561 2748 3614 νῦν
2777 3563 2831 3613 δὲ
2877 3563 3104 3616 καλοῦσι
3138 3566 3312 3619 ταῦτα
3348 3568 3673 3633 Χαρίκλειαν·⁸

2161 3651 2226 3704 δι’
2254 3651 2289 3704 ἀ
2318 3652 2407 3702 καὶ
2436 3651 2534 3720 τὴν
2563 3653 2872 3720 ἐπισκοπὴν
2910 3655 3189 3725 ἀφῃρέθη·
3224 3656 3409 3725 ἐπειδὴ
3449 3657 3547 3725 γὰρ
3575 3653 3677 3706 πολ-

2161 3742 2270 3805 λοῖς
2297 3742 2404 3794 τῶν
2429 3745 2562 3794 νέων
2591 3743 2919 3796 κινδυνεύειν
2949 3745 3162 3798 ἐκεῖθεν
3192 3746 3372 3817 ἐπῄει,
3395 3748 3426 3815 ἠ
3452 3745 3675 3813 ἐγχώριος

2161 3838 2494 3905 προσέταττε
2530 3835 2747 3897 σύνοδος
2780 3834 2812 3904 ἢ
2868 3836 2965 3897 τὰς
3012 3835 3236 3903 βίϐλους
3287 3837 3572 3906 ἀφανίζειν,
3602 3832 3675 3886 καὶ

2163 3930 2296 3998 πυρὶ
2329 3930 2592 3998 δαπανᾷν,
2618 3927 3039 3990 ὑπαναπτούσας
3065 3929 3160 3981 τὸν
3191 3929 3388 3998 ἔρωτα,
3421 3927 3452 3998 ἢ
3483 3925 3547 3994 μὴ
3569 3926 3676 3992 χρῆ-

2160 4038 2249 4076 ναι
2299 4020 2551 4089 ἱερᾶσθαι
2602 4019 2830 4072 τοιαῦτα
2868 4019 3221 4088 συνθέμενον·
3277 4021 3368 4072 τὸν
3410 4018 3462 4071 δὲ
3512 4014 3676 4086 μάλλον

2161 4111 2382 4165 ἑλέσθαι
2423 4110 2523 4180 τὴν
2572 4110 2876 4180 ἱερωσύνην
2908 4109 3110 4173 λιπεῖν,
3142 4110 3175 4182 ἢ
3213 4112 3276 4162 ἐκ
3326 4109 3481 4178 μέσου
3508 4105 3675 4157 τιθέναι

2158 4203 2221 4256 τδ
2268 4202 2632 4272 σύγγραμμα.
2662 4204 2727 4254 'U
2775 4203 2868 4255 καὶ
2918 4203 3158 4270 ἐγένετο.
3198 4203 3501 4272 Διετηρεῐτο
3541 4198 3589 4250 δὲ
3629 4193 3675 4247 τὸ

2159 4295 2282 4359 ἔθος
2312 4295 2469 4348 τοῦτο
2494 4295 2552 4347 ἐν
2582 4311 2640 4346 τε
2670 4293 3063 4367 Θεσσαλονίκῃ,
3095 4297 3237 4366 αὐτῇ
3273 4312 3330 4348 τε
3360 4295 3498 4364 πάσῃ
3525 4292 3675 4345 Μακε-

2157 4388 2308 4459 δονία
2335 4387 2428 4440 και
2472 4386 2705 4440 Ἑλλάδι.
2749 4385 2861 4438 και
2901 4387 3030 4441 ἀλλο
3068 4367 3125 4438 δὲ
3169 4386 3293 4450 ἔθος
3341 4387 3395 4438 ιν
3436 4379 3672 4444 Θεσσαλίᾳ

479 4469 618 4522 quas
644 4456 746 4510 sibi
777 4458 1024 4526 legitimo
1053 4466 1404 4520 matrimonio
1426 4478 1588 4524 antea
1613 4474 2051 4543 coniunxissent,

2156 4477 2245 4552 ἦν’
2273 4456 2414 4533 iam
2445 4480 2550 4550 γὰρ
2579 4479 2677 4541 τὰς
2703 4480 2920 4550 ἡμέρας
2951 4480 3046 4533 τοῦ
3075 4480 3264 4549 Πάσχα
3295 4477 3451 4547 μόνον
3482 4474 3673 4527 ἐσάπτι·

479 4548 845 4617 susciperent.
874 4553 1033 4608 Nune
1067 4566 1250 4610 autem
1284 4560 1365 4613 vel
1405 4561 1571 4615 etiam
1608 4563 1662 4616 in
1694 4568 1903 4622 somnis
1932 4571 2053 4636 epi-

481 4652 681 4708 scOpns
741 4657 865 4697 cum
923 4662 1090 4699 uxore
1132 4665 1227 4704 sua
1272 4655 1680 4719 concutnbens,
1740 4657 2050 4727 impudicus

481 4730 734 4787 habetur.
774 4735 878 4790 Sed
924 4741 1070 4793 enim
1109 4745 1454 4799 consuetudo
1483 4763 1544 4800 ea
1575 4765 1696 4818 quin
1731 4750 1783 4804 in
1813 4751 2049 4808 Thessa-

477 4821 550 4875 lia
583 4837 851 4891 servatur,
875 4831 943 4883 ab
971 4830 1262 4888 lleliodoro
1287 4838 1360 4904 (l)
1393 4839 1483 4891 illo
1508 4839 1755 4895 Tricensi
1786 4844 2047 4914 episcOpo

481 4924 662 4969 ortum
714 4920 903 4975 habuit
939 4941 951 4976 :
985 4925 1142 4994 cujus
1176 4931 1428 4984 amatorii
1475 4932 1642 4986 libelli
1685 4935 1787 4989 hoc
1827 4951 2049 5005 quoque

486 5017 730 5075 tempore
767 5013 1256 5075 circumferuntur.
1292 5036 1412 5087 qme
1443 5023 1618 5076 adhuc
1649 5026 1869 5091 juvenis
1897 5043 2048 5080 com-

479 5102 683 5166 posuit,
729 5112 785 5155 et
832 5104 1144 5174 {EthiOpica
1197 5111 1500 5182 inscripsit.
1549 5117 1704 5172 Nunc
1750 5131 1932 5173 autem
1985 5136 2048 5174 ea

478 5191 818 5246 Charicleam
856 5199 1146 5252 nominant
1214 5202 1334 5265 Quo
1379 5209 1601 5261 nomine
1643 5211 1805 5262 etiam
1839 5212 2053 5280 episco-

481 5295 640 5351 patus
678 5285 728 5340 ei
762 5289 1055 5358 ademptus
1079 5302 1162 5346 est
1201 5311 1212 5346 :
1249 5311 1370 5347 nam
1415 5314 1539 5350 cum
1583 5301 1822 5355 lectione
1857 5318 2050 5356 eorum

479 5378 870 5443 OpIhCUIOI‘UIIl
900 5381 1134 5448 juvenes
1180 5387 1334 5440 multi
1378 5389 1430 5442 in
1468 5392 1775 5458 periculum
1812 5395 2053 5464 conjice-

483 5480 697 5536 rentur,
729 5474 974 5544 synodus
1016 5480 1378 5545 provincialis
1418 5483 1633 5549 statuit,
1669 5486 1831 5556 297
1873 5489 1954 5542 Vel
1989 5488 2053 5541 li-

485 5559 655 5617 bellos
683 5565 831 5633 ipsos
861 5569 952 5637 qui
989 5585 1206 5627 amores
1237 5575 1628 5650 accenderent,
1660 5577 1770 5648 igni
1796 5594 2051 5635 consum-

2158 4575 2270 4639 ζον·
2295 4573 2375 4625 διὸ
2401 4572 2497 4626 καὶ
2538 4570 2725 4624 πολλοὶ
2768 4571 3021 4625 ἐντεῦθεν
3046 4570 3285 4639 ἀμύητοι
3316 4568 3577 4637 ἔθνησκον.
3603 4563 3670 4613 Ἐν

2155 4667 2212 4720 δὲ
2243 4669 2310 4736 τῇ
2345 4663 2469 4717 κατ’
2511 4664 2850 4733 Ἀντιόχειαν
2885 4665 2980 4733 τῆς
3019 4663 3222 4732 Συρίας
3257 4662 3324 4715 τά
3343 4658 3671 4762 ’θυσιαστήρια

2153 4761 2252 4828 τὴν
2311 4758 2462 4810 θέσιν
2512 4761 2626 4820 τοῖς
2678 4758 2864 4820 ἄλλοις
2893 4757 3267 4826 ἀντιστρόφως
3316 4750 3478 4822 εἶχον·
3505 4750 3557 4802 οὗ
3587 4750 3671 4813 γὰρ

2153 4855 2288 4922 πρὸς
2335 4853 2430 4907 ἕω.
2473 4851 2609 4903 ἀλλά
2651 4851 2789 4919 πρὸς
2833 4848 2986 4902 δύσιν
3021 4851 3166 4919 ἐώρα
3201 4849 3264 4902 τὸ
3310 4845 3669 4910 θυσιαστήριον.

2156 4946 2254 4996 Ἕν
2281 4961 2343 5011 γε
2391 4944 2498 5012 μὴν
2531 4944 2691 5013 Alli;
2719 4943 2816 4995 καὶ
2860 4941 3131 5012 Θεσσαλίᾳ
3153 4942 3252 4994 καὶ
3293 4937 3496 4993 Ἐλλάδι
3519 4933 3601 4993 τὰς
3626 4932 3670 4981 ὲν

2153 5038 2273 5097 ταῖς
2319 5035 2664 5104 λυχνοκαῖαις
2714 5035 2878 5104 εύχάς
2908 5037 3103 5103 ἐπίσης
3143 5035 3254 5094 τοῖς
3291 5035 3346 5084 ἐν
3377 5032 3672 5123 Κωλνσταντιι-

2153 5126 2403 5178 νουπόλει
2435 5126 2792 5185 Ναυατια-ίοῖς
2841 5125 3079 5176 ἐποίουν.
3115 5121 3388 5181 Ὡσαύτως
3429 5118 3481 5170 δὲ
3511 5115 3592 5167 καὶ
3631 5124 3672 5160 εν

2158 5213 2367 5283 Κύπρῳ
2397 5217 2488 5266 καὶ
2526 5215 2836 5284 Καισαρείᾳ⁵
2873 5213 2970 5282 τῆς
3009 5212 3407 5272 Καππαδοκίας
3435 5209 3489 5258 ὲν
3524 5201 3671 5273 ἡμέρᾳ

2156 5305 2439 5358 Σαϐϐάτου
2482 5322 2540 5357 τε
2574 5307 2668 5356 καὶ
2713 5304 2998 5374 Κυριακῆς
3023 5305 3148 5372 περὶ
3183 5303 3422 5392 ἑσπέραν
3447 5297 3571 5368 μετά
3596 5292 3668 5392 τῂν

2153 5395 2458 5466 λυχναψίαν
2488 5397 2540 5449 οἵ
2567 5413 2625 5448 τε
2669 5398 2962 5448 ἐπίσκοποι
3008 5399 3102 5450 καὶ
3137 5396 3186 5447 oi
3222 5391 3668 5486 πρεσϐύτερο-ιιξᾱς

2155 5487 2308 5558 ιεράς
2329 5487 2554 5558 Γραφάς
2579 5489 2659 5558 τῷ
2683 5487 2796 5556 λαῷ
2828 5488 3245 5557 ἑρμηνεύουσιν.
3281 5485 3344 5536 0i
3438 5483 3493 5582 iv

2158 5582 2371 5650 σπόντῳ
2396 5582 2463 5634 τὰ
2493 5581 2746 5634 Ναυάτου
2778 5577 3103 5650 ᾧρονοῦντες
3127 5579 3189 5633 ού
3215 5579 3312 5640 τὰς
3335 5575 3488 5644 εὐχὰς
3512 5571 3671 5630 ἐπίσης

555 5675 818 5766 (t)_!llunc
871 5680 1222 5740 Heliodorum
1283 5702 1389 5743 non
1453 5689 1638 5747 dilutae
1701 5693 2040 5751 auctoritatis
2073 5694 2395 5763 scriptorem
2440 5709 2563 5751 esse
2612 5697 2832 5766 scripsit
2875 5695 3112 5766 Angelus
3190 5692 3352 5748 Polit.
3417 5681 3667 5742 Ηῐεεεηαη·

478 5762 600 5816 cap.
631 5747 683 5798 '5.
