3936 6206
311 316 413 380 861

1264 313 1867 375 ECCLESIASTICIE
1912 317 2296 379 IiISTORl/E
2326 319 2473 383 LIB.
2516 319 2655 382 XII.

3462 328 3570 389 862

309 428 553 481 είσὰπαν
606 421 829 478 ἐποίουν
851 426 960 488 τοῖς
994 424 1050 478 ἐν
1084 425 1653 482 Κωνσταντινουπόλει
1681 427 1750 481 τὰ
1806 426 1891 481 ίσα

2004 438 2128 500 ptos
2164 431 2485 498 abolendos,
2523 434 2609 489 vel
2645 433 2738 504 qui
2787 449 2884 491 eos
2911 438 3312 508 composuisset
3357 442 3568 496 auctori

308 516 634 583 στέργουσι·
668 514 737 566 τὰ
787 512 960 567 πολλὰ
992 514 1051 566 δὲ
1102 515 1460 585 παραπλήσια
1511 516 1782 587 ἔπραττον
1824 518 1890 586 τῇ

310 606 598 678 κρατούσῃ
643 605 965 675 Ἐκκλησία,
998 605 1249 659 Καθόλου
1294 606 1338 660 δ’
1373 607 1447 671 ὡς
1483 610 1659 662 ειπετν
1698 611 1757 662 έν
1790 609 1895 662 πάι

311 714 435 759 σαις
469 699 584 758 ταῖς
612 695 794 762 δόξαις
821 696 1079 765 οὐδαμῶς
1110 696 1259 750 ἔστιν
1286 700 1470 766 εὑρεῖν
1503 699 1634 767 μίαν
1660 715 1894 767 συμφω-

307 785 433 837 νίαν
474 788 531 836 ἐν
573 785 763 853 εὐχαῖς
811 783 979 853 ἔχειν.
1012 785 1075 837 Oi
1107 788 1234 853 περὶ
1283 785 1377 836 τὸν
1408 785 1625 855 Ἵστρον
1659 784 1889 848 Σκῦθαι,

270 914 273 915 ν
306 874 513 938 πολλὰς
543 879 637 928 καὶ
688 878 939 944 μεγάλας
969 873 1189 943 ἔχοντες
1220 875 1433 939 πόλεις.
1465 874 1557 945 ὐφ’
1584 877 1665 928 ἑνὶ
1692 876 1893 937 πάντες

305 965 598 1034 ἑπισκόπιρ
617 965 932 1018 τάττονται.
964 964 1053 1018 Ἑν
1086 963 1131 1016 δ’
1164 965 1345 1027 ἄλλοις
1376 964 1589 1018 ἔθνεσιν
1620 965 1890 1032 ἔγνωμεν,

311 1056 389 1125 μὴ
427 1056 590 1125 μόνον
620 1057 678 1108 ὲν
704 1057 884 1120 πόλει,
914 1056 1054 1109 ἀλλὰ
1080 1057 1173 1109 καὶ
1202 1056 1287 1123 ἐφ’
1315 1057 1524 1128 ἑκάστῃ
1549 1059 1712 1127 κώμη
1744 1058 1894 1127 ἱερᾶς

220 1168 225 1173 ’
308 1151 438 1203 σθαι
487 1150 815 1202 ἐπίσκοπον·
844 1149 873 1202 δ
901 1150 966 1219 δὴ
1005 1150 1245 1218 μάλιστα
1291 1149 1538 1218 ’Δράδιοι
1570 1149 1690 1211 ἔθος
1745 1146 1893 1219 εἶχον

308 1245 405 1297 καὶ
455 1243 721 1313 Κύπριοι.
752 1244 928 1329 me!
970 1244 1028 1295 ἐν
1061 1243 1273 1313 Φρυγίᾳ
1307 1243 1672 1300 Ναυατιοσνοὶ.
1708 1243 1800 1295 καὶ
1841 1243 1891 1295 oi

307 1331 420 1383 ἀπὸ
442 1330 727 1384 Μοντανοῦ
754 1331 1150 1399 καταγόμενοι.
1179 1329 1335 1397 Παρὰ
1357 1330 1414 1382 δὲ
1439 1332 1508 1400 τῇ
1546 1329 1734 1400 Ῥώμῃ
1760 1329 1889 1400 ἄχρι

306 1423 406 1476 τοῦ
441 1422 538 1476 νῦν
569 1421 792 1484 πλείους
820 1421 932 1473 τῶν
962 1422 1102 1474 ἑπτὰ
1135 1422 1377 1475 διάκονοι
1410 1422 1471 1474 οὐ
1513 1423 1781 1489 γίνονται,
1810 1423 1889 1484 εἰς

311 1517 553 1585 μίμησιν
578 1513 688 1567 τῶν
713 1531 788 1566 πα
799 1514 867 1583 ρὰ
892 1515 1002 1567 τῶν
1032 1515 1350 1569 ἀποστόλων
1376 1514 1889 1584 χειροτονηθέντων,

309 1605 387 1664 ὧν
418 1610 609 1679 ἡγεῖτο
640 1608 934 1674 Στέφανος,
960 1609 988 1660 6
1019 1608 1238 1677 πρῶτος
1268 1609 1358 1659 τὸν
1391 1609 1732 1677 μαρτυρικδν
1755 1609 1887 1660 άνα-

309 1704 619 1773 δησάμενος
652 1702 940 1770 στέφανον.
976 1702 1137 1771 Παρὰ
1179 1700 1237 1752 δὲ
1286 1701 1398 1763 τοῖς
1442 1700 1625 1762 ἄλλοις
1658 1700 1825 1751 πᾶσιν
1860 1700 1888 1750 6

1999 525 2022 578 l'
2025 525 2340 580 unctionem
2372 526 2739 596 episcopalem
2760 527 3129 600 abrogandam
3152 546 3295 586 esse.
3322 531 3417 587 Ille
3442 549 3571 587 vero

1997 616 2375 686 episcopatum
2424 619 2726 687 deponere,
2761 635 2924 690 quam
2965 622 3170 691 scripta
3205 637 3302 676 sua
3349 625 3571 692 suppri-

1996 723 2148 762 mere
2173 710 2385 764 maluit.
2417 710 2545 766 llaec
2569 724 2750 766 autem
2780 714 3123 767 consuetudo
3146 713 3570 781 Thessalonicae,

1994 807 2162 867 atque
2194 800 2249 853 in
2292 800 2630 862 Macedonia.
2665 811 2721 856 et
2755 801 2967 857 Grmcia
2998 805 3171 864 omni,
3215 817 3427 860 servata
3461 818 3564 859 est.

1994 889 2153 944 Alius
2182 889 2314 944 item
2351 891 2404 944 in
2452 891 2735 946 Thessalia
2779 908 2898 946 mos
2945 893 3068 957 fuit,
3115 904 3176 948 ut
3217 894 3570 949 Paschalibus

1939 1022 1943 1027 .
1997 989 2210 1036 tantum
2266 982 2465 1038 diebus
2518 984 2826 1052 baptismus
2868 996 3228 1054 perageretur
3270 1002 3283 1038 :
3335 1001 3574 1053 quapro-

1994 1084 2115 1143 pter
2145 1074 2302 1128 multi
2331 1074 2500 1128 etiam
2531 1090 2600 1128 eo
2633 1084 2981 1129 sacramento
3008 1090 3113 1128 non
3147 1076 3341 1129 initiati
3377 1076 3563 1129 deces

1993 1178 2136 1220 sere.
2185 1164 2241 1219 In
2284 1165 2423 1219 urbe
2453 1166 2815 1231 Antiochena,
2847 1182 2966 1234 quae
3001 1167 3053 1220 in
3101 1166 3253 1237 Syria
3289 1176 3389 1229 est,
3435 1169 3570 1219 alta-

1997 1257 2074 1310 ria
2097 1257 2175 1327 (l)
2199 1257 2480 1311 diversum
2507 1272 2737 1326 prorsus
2758 1272 2922 1325 quam
2952 1256 3082 1311 alibi
3106 1257 3273 1312 situm
3297 1256 3566 1310 habuere.

1993 1347 2161 1403 Sacra
2199 1349 2349 1403 enim
2379 1363 2472 1401 ara
2503 1362 2610 1401 non
2635 1347 2701 1402 ad
2734 1346 3037 1411 Orientem,
3073 1346 3168 1402 sed
3199 1347 3266 1401 ad
3298 1346 3568 1402 Occiden-

1995 1446 2103 1493 tem
2160 1453 2351 1493 versus
2397 1439 2661 1493 collocata
2722 1437 2923 1494 iuerat.
2960 1439 3373 1509 Hierosolymis,
3405 1448 3462 1493 et
3506 1438 3562 1491 in

1992 1527 2298 1593 Thessalia,
2330 1538 2496 1598 atque
2527 1528 2692 1584 etiam
2724 1530 2780 1584 in
2803 1528 3032 1593 Graecia,
3061 1529 3408 1583 consuetudo
3438 1528 3562 1591 fuit,

1994 1630 2056 1673 ut
2081 1636 2274 1689 preces
2299 1620 2357 1676 in
2378 1621 2688 1690 pervigiliis
2711 1621 2779 1676 ad
2811 1622 3064 1676 lucernas
3085 1634 3347 1674 accensas
3370 1619 3567 1674 eodem

1994 1728 2105 1781 quo
2134 1712 2448 1777 Novatiani,
2477 1710 2982 1781 Constantinopoli.
3016 1711 3182 1767 modo
3214 1720 3565 1780 peragerent.

316 1793 551 1863 ἀριθμὸς
579 1790 788 1845 τούτων
818 1791 892 1853 ὡς
922 1790 1111 1860 ἔτυχεν
1144 1791 1236 1843 ἐπὶ
1267 1789 1485 1860 Ῥώμης
1515 1788 1635 1841 καθ’
1656 1788 1890 1841 ἕκαστον

1994 1803 2367 1858 Consimiliter
2395 1803 2451 1857 in
2477 1802 2662 1874 Cypro
2687 1814 2744 1858 et
2770 1804 3035 1858 Caesareae
3069 1803 3486 1871 Cappadocum,
3508 1799 3567 1853 in

313 1885 436 1946 ἔτος
465 1883 614 1948 ἅπαξ
634 1883 696 1937 τὸ
730 1882 1051 1951 ’Λλληλούῖα
1071 1882 1356 1953 ψάλλουσι,
1384 1881 1655 1950 κατὰ-την
1684 1880 1888 1949 κυριώ-

313 1994 487 2049 νυμον
514 1979 612 2044 τῆς
648 1977 962 2046 [ιασχαλίας
994 1978 1231 2047 ἡμέραν⁸
1266 1976 1294 2029 δ
1325 1976 1391 2047 δὴ
1421 1974 1516 2028 καὶ
1559 1974 1775 2034 πολλοῖς
1809 1974 1888 2034 εἰς

311 2072 481 2141 ὅρκον
505 2073 684 2123 κεῖται
712 2069 899 2139 εὐχῆς,
927 2066 1055 2121 ὥστ’
1089 2068 1387 2137 ἀξιωθῆναι
1420 2066 1655 2141 άκοῦσασι
1679 2065 1739 2118 τὸ
1772 2065 1888 2118 Ἀλ-

313 2161 547 2229 ληλούῖα
592 2162 686 2214 καὶ
738 2160 859 2230 μεθ’
888 2160 1082 2230 ἡδονῆς
1127 2159 1323 2228 ψᾶλαι.
1378 2158 1516 2212 Οὔτε
1567 2158 1624 2211 δέ
1655 2174 1737 2220 τις
1780 2157 1889 2209 τῶν

322 2254 552 2324 Ῥώμης
586 2253 929 2318 ἐπισκόπων,
978 2250 1090 2305 οὐτ’
1139 2252 1297 2313 ἄλλος
1349 2269 1435 2315 τις
1484 2251 1572 2304 ἐπ’
1619 2248 1890 2320 ἐκκλησίᾳ

312 2345 645 2417 προσομιλεῖ
675 2343 754 2415 τῷ
784 2344 920 2415 λαῷ⁶
957 2346 1015 2396 έν
1047 2344 1094 2395 δ’
1134 2343 1516 2415 Ἀλεξανδρείᾳ
1547 2343 1709 2413 μόνος
1731 2341 1889 2395 τοῦτο

305 2434 552 2506 ἔπραττε
574 2437 674 2505 τῆς
703 2434 908 2499 πόλεως
933 2434 962 2487 6
1004 2433 1319 2497 ἐπίσκοπος.
1349 2434 1524 2501 Λόγος
1548 2449 1614 2502 γε
1643 2432 1752 2504 μὴν
1776 2433 1890 2504 ἔχει

308 2528 543 2598 ὕστερον
589 2525 959 2593 ἐπιγενέσθαι,
1017 2524 1093 2595 μὴ
1137 2526 1194 2590 ἐξ
1238 2523 1398 2587 ἔθους
1463 2523 1531 2577 ὃν
1599 2523 1889 2596 πρότερον.

305 2618 495 2680 Almo;
526 2616 570 2669 δ’
605 2616 833 2684 ἐγένετο
866 2615 1108 2684 Ἄρειος·
1150 2612 1210 2675 δς
1240 2611 1615 2683 πρεσϐύτερος
1658 2611 1759 2677 ὢν,
1796 2613 1891 2666 καὶ

309 2709 589 2763 διδάσκειν
617 2706 1088 2779 προδεὸλημένος,
1122 2703 1267 2757 κατὰ
1309 2704 1405 2757 τοῦ
1454 2704 1691 2775 ἀληθοῦς
1731 2706 1894 2759 ἐνεω-

309 2804 500 2872 τέρισε
523 2801 821 2870 δόγματος,
843 2801 942 2855 καὶ
968 2800 1067 2867 τὴν
1096 2798 1426 2869 Ἐκκλησίαν
1451 2797 1703 2869 ἐτάραξε.
1727 2796 1892 2851 Ξένον

310 2893 370 2946 δὲ
407 2894 503 2946 καί
532 2892 879 2946 παντάπασιν
935 2891 1103 2958 ἄηθες
1126 2893 1194 2960 τῇ
1232 2889 1527 2960 Ἐκκλησία
1556 2890 1710 2957 παρᾶ
1745 2889 1894 2943 Ἀλε-

316 2984 642 3055 ξανδρεῦσιν
686 2984 864 3053 ἔγνων
909 2983 1083 3043 πάλαι
1131 2981 1443 3053 γινόμενονο
1492 2981 1750 3050 οὐδαμῶς
1784 2979 1893 3048 γάρ

1990 1895 2250 1957 Sabbato,
2280 1906 2335 1950 et
2366 1895 2658 1949 Dominico
2679 1895 2770 1950 die
2800 1895 3035 1964 vesperi,
3068 1903 3190 1963 post
3215 1893 3567 1946 lucernarum

1990 1988 2408 2050 accensionem,
2444 1989 2689 2058 episcopi
2737 1998 2794 2043 et
2846 1986 3151 2057 presbyteri
3203 1997 3388 2038 sacras
3424 1981 3571 2037 Scri-

1993 2091 2185 2149 pturas
2219 2080 2424 2150 popqu
2456 2088 2765 2150 exponunt.
2806 2077 3096 2133 Novatiani
3136 2083 3341 2135 autem,
3382 2072 3476 2142 qui
3511 2071 3566 2124 in

1992 2173 2344 2242 Hellesponto
2387 2182 2547 2237 sunt,
2600 2188 2709 2226 non
2754 2172 3011 2231 eumdem
3058 2168 3330 2224 orationis
3377 2167 3566 2229 ritum,

1990 2284 2155 2337 quem
2195 2266 2452 2321 [actionis
2487 2281 2681 2320 eorum
2736 2263 3030 2334 populares
3063 2258 3565 2328 Constantinopoli,

1989 2366 2236 2419 servant.
2264 2355 2622 2409 caeremonias
2649 2353 2955 2408 obtinentis
2983 2352 3057 2406 ibi
3088 2351 3346 2406 Ecclesiae
3374 2349 3570 2405 catho-

1991 2447 2111 2502 lica
2144 2448 2445 2517 plurimum
2488 2456 2806 2515 sequentes.
2835 2444 2902 2498 Et
2937 2453 2998 2498 ut
3030 2445 3084 2496 in
3115 2456 3331 2496 summa
3361 2439 3568 2507 dicam,

1991 2539 2048 2593 in
2069 2538 2431 2608 Opinionibus
2452 2545 2510 2592 et
2537 2537 2706 2591 sectis
2732 2535 3012 2596 omnibus.
3047 2533 3476 2602 haudquaquam
3510 2532 3568 2584 in

1992 2630 2408 2701 precationibus
2457 2644 2628 2683 unum
2687 2636 2783 2683 aut
2840 2626 3076 2682 alterum
3127 2622 3566 2680 consentientem
3670 2640 3687 2653 -

1992 2720 2161 2783 ritum
2189 2736 2466 2783 servatum
2512 2741 2654 2788 esse,
2687 2726 2936 2778 invenire
2966 2730 3070 2777 est.
3117 2719 3334 2790 Scythae
3361 2719 3458 2788 qui
3491 2714 3563 2770 ad

1993 2822 2194 2877 lstrum
2228 2820 2439 2883 colunt,
2474 2819 2672 2872 multas
2706 2827 2762 2871 et
2797 2829 3022 2885 magnas
3049 2812 3257 2866 habent
3286 2809 3565 2871 civitates,

1992 2923 2050 2970 et
2075 2929 2268 2968 omnes
2287 2914 2382 2967 uni
2409 2912 2674 2979 subjectae
2693 2918 2823 2965 sunt
2848 2907 3133 2977 episcopo.
3153 2905 3209 2958 In
3234 2904 3355 2958 aliis
3383 2913 3568 2956 autem

1998 3008 2236 3077 populis,
2278 3022 2387 3059 non
2434 3005 2615 3059 solum
2663 3004 2719 3057 in
2755 3001 3026 3063 urbibus,
3066 3011 3260 3052 verum
3300 2997 3467 3050 etiam
3509 2995 3569 3047 in

315 3077 653 3131 ἐπανίστατο
705 3079 735 3130 6
793 3075 1091 3139 ἐπίσκοπος
1149 3076 1260 3128 τῶν
1323 3073 1487 3145 ιερῶν
1542 3072 1890 3140 Εὐαγγελίων

1994 3098 2307 3167 quibusque
2334 3096 2491 3156 vicis.
2527 3094 2818 3163 episcopos
2850 3106 2973 3146 esse
3007 3090 3238 3145 scimus.
3273 3086 3408 3153 Quae
3435 3101 3572 3141 con-

314 3168 872 3238 ἀναγινωσκομένωνσ
917 3167 946 3220 δ
993 3168 1053 3220 ἑν
1090 3167 1317 3238 οὐδεμιᾷ
1346 3166 1456 3219 τῶν
1503 3164 1818 3236 ἐκκλησιῶν
1852 3164 1884 3232 ἢ

1994 3164 2228 3242 snennlo
2263 3187 2406 3254 apud
2457 3186 2670 3241 Arabes
2704 3184 3080 3254 potissimum,
3120 3190 3176 3235 et
3218 3179 3468 3250 Cyprios,
3513 3186 3572 3232 et

315 3262 522 3333 ἐγνωῆ
549 3261 755 3332 ἢκουσέ
783 3279 868 3324 τις
915 3260 1085 3315 πάλαι
1132 3261 1527 3331 γεγενημένον.
1571 3261 1789 3330 Ταύτην
1832 3260 1890 3313 δὲ

315 3355 419 3423 τὴν
474 3353 629 3424 ἱερὰν
676 3352 863 3424 βίϐλον
906 3354 1087 3407 ἐκεῖσε
1132 3354 1293 3421 μόνος
1337 3353 1425 3406 ἀεὶ
1460 3351 1835 3421 ἀναγινώσκει
1861 3354 1889 3405 6

315 3447 722 3517 ὀρχιδιάκονος·
750 3448 808 3500 έν
844 3445 1035 3509 ἄλλαις
1066 3444 1125 3499 δὲ
1171 3443 1490 3513 ἐκκλησίαις
1536 3443 1800 3497 διάκονοι·
1831 3442 1890 3493 δν

317 3537 543 3600 πολλαῖς
582 3536 639 3590 δὲ
685 3536 878 3599 ἄλλαις
926 3536 1084 3605 μόνοι
1127 3536 1177 3588 oi
1220 3535 1406 3605 ἱερεῖς’
1436 3534 1497 3587 ἐν
1525 3550 1637 3587 τισι
1676 3533 1737 3586 δὲ
1781 3532 1891 3586 τῶν

314 3627 610 3698 δπισήμων
655 3625 884 3697 ἡμερῶν
923 3628 1023 3679 καὶ
1066 3625 1380 3678 ἐπίσκοπον
1420 3622 1612 3694 ὥσπερ
1648 3623 1707 3676 ὲν
1739 3622 1893 3675 Κων-

318 3719 770 3775 σταντινευπόλει
789 3721 921 3789 ἄχρι
948 3719 1039 3772 τοῦ
1065 3717 1161 3771 νῦν
1187 3718 1510 3788 πράττεται,
1530 3717 1627 3771 καὶ
1655 3715 1892 3784 μάλιστα

313 3811 464 3865 κατὰ
495 3811 595 3882 τὴν
641 3809 870 3881 πρώτην
910 3810 1131 3880 ἡμέραν
1180 3809 1282 3877 τῆς
1329 3808 1641 3878 Πασχαλίου
1673 3808 1893 3877 ἑορτῆς,

314 3905 412 3958 καὶ
438 3905 497 3956 ἐν
521 3905 588 3973 τῇ
615 3905 812 3973 πρώτη
833 3901 1028 3970 εἰσόδῳ
1049 3900 1144 3954 τοῦ
1172 3898 1444 3954 ἐνιαυτοῦ.
1472 3900 1539 3951 Ἀ
1564 3901 1660 3952 καὶ
1683 3897 1889 3961 διπλῶς

314 3994 716 4063 ικφωνούνταισ
746 3995 873 4048 ὅσον
908 3994 1019 4064 γὰρ
1054 3995 1261 4055 lascivo;
1306 3993 1480 4061 λέγει,
1518 3992 1714 4044 ἔπειτα
1745 3991 1894 4059 λέγει

314 4087 482 4140 τοῦτο
511 4090 605 4140 καὶ
634 4088 664 4139 6
710 4088 982 4151 διάκονοςο
1014 4086 1090 4150 ὣς
1124 4104 1189 4155 γε
1219 4086 1426 4156 οἴομαι,
1460 4084 1547 4137 ἵνα
1579 4085 1713 4153 δοκῇ
1745 4086 1840 4137 καὶ⁵
1867 4085 1896 4136 6

314 4182 624 4246 ἐπίσκοπος
666 4179 967 4253 κηρύττειν
1015 4178 1170 4246 αὐτὸ,
1204 4179 1298 4232 καὶ
1341 4177 1418 4249 μὴ
1467 4176 1627 4246 μόνον
1660 4177 1711 4229 oi
1737 4176 1898 4229 τοῦτο

315 4276 578 4346 λαχόντες
621 4275 914 4328 διακονεῖν.
939 4273 1101 4337 Ἴσως
1139 4273 1196 4325 δὲ
1233 4271 1328 4324 καὶ
1369 4271 1444 4333 ὡς
1476 4270 1707 4340 βροντῆς
1740 4268 1898 4337 δίκην

317 4364 614 4434 οὐρανόθεν
653 4362 967 4426 ἀκούοντες,
998 4360 1433 4429 ἀπαραποιήτως
1468 4356 1614 4412 οὕτω
1641 4358 1895 4426 διαγγέλ-

1967 3274 2046 3335 ﬁn
2082 3278 2314 3350 Phrygia
2343 3278 2485 3346 apud
2515 3277 2872 3339 Noratianos,
2904 3284 3071 3344 atque
3104 3272 3246 3343 apud
3289 3286 3386 3325 eos
3417 3268 3511 3339 qui
3539 3286 3573 3323 a

1992 3374 2250 3427 Montano
2275 3372 2494 3425 deducti
2530 3380 2681 3435 sunt,
2716 3369 2838 3423 fuit.
2886 3368 3075 3422 Romae
3119 3366 3186 3419 ad
3232 3364 3570 3418 hodiernum

1993 3477 2168 3530 usque
2195 3462 2343 3514 diem
2372 3474 2482 3512 non
2519 3459 2707 3528 plures
2727 3472 2893 3528 quam
2916 3466 3127 3525 septem
3154 3454 3373 3509 diaconi
3407 3453 3567 3517 fiunt,

1991 3553 2056 3606 ad
2091 3567 2287 3606 eorum
2321 3552 2496 3604 instar
2519 3548 2613 3617 qui
2654 3549 2723 3602 ab
2750 3547 3019 3618 apostolis
3050 3545 3226 3601 creati
3264 3553 3416 3607 sunt,
3444 3544 3573 3612 qui.

1993 3643 2098 3698 bus
2135 3642 2453 3711 Stephanus
2499 3642 2591 3696 ille
2632 3640 2891 3710 praefuit,
2921 3639 3015 3708 qui
3064 3639 3276 3708 primus
3320 3635 3572 3705 martyrii

1994 3735 2296 3805 reportavit
2346 3748 2633 3788 coronam.
2678 3732 2839 3802 Apud
2888 3733 3028 3786 alios
3074 3731 3308 3801 populos
3352 3742 3569 3790 omnes,

1993 3840 2158 3895 quem
2193 3839 2318 3879 sors
2350 3824 2499 3884 tulit.
2536 3837 2730 3878 eorum
2773 3836 3041 3877 numerus
3077 3834 3187 3876 est.
3229 3821 3287 3875 ln
3312 3821 3571 3874 Romana

1998 3919 2133 3971 urbe
2160 3917 2348 3972 itidem
2380 3915 2679 3985 quotannis
2702 3914 2870 3969 semel
2901 3913 3153 3979 Alleluia,
3192 3911 3434 3982 paschali
3466 3912 3571 3965 Do-

1997 4009 2204 4063 minieo
2233 4009 2321 4062 die
2346 4007 2670 4062 concinunt.
2701 4005 2941 4060 Proinde
2968 4004 3048 4074 (2)
3088 4019 3117 4057 a
3148 4004 3341 4057 multis
3358 4003 3571 4073 jureju-

1998 4101 2173 4155 rando
2193 4097 2581 4169 concipiendo.
2609 4098 2865 4167 votisque
2889 4095 3300 4163 nuncupandis,
3337 4108 3571 4163 usurpa—

2001 4202 2114 4245 tum
2147 4202 2255 4255 est,
2299 4200 2362 4245 ut
2389 4190 2473 4246 eis
2498 4189 2729 4245 Alleluia
2756 4189 2972 4256 audire,
2999 4196 3058 4242 et
3098 4203 3227 4242 cum
3256 4187 3444 4241 laetitia
3479 4200 3570 4241 ca-

2002 4298 2133 4336 nere
2164 4282 2414 4336 daretur.
2447 4280 2616 4351 298
2646 4279 2837 4350 Neque
2868 4279 3189 4349 episcopus,
3222 4290 3399 4347 neque
3428 4276 3575 4330 alius

2001 4375 2290 4445 quisquam
2344 4374 2398 4428 in
2441 4372 2679 4429 ecclesia
2728 4372 2915 4437 Romae
2959 4371 3027 4425 ad
3073 4370 3334 4441 populum
3363 4369 3573 4423 docens

316 4456 506 4525 λομεν.
537 4451 934 4520 Ἀναγινώσκει
955 4450 1012 4504 δὲ
1040 4451 1136 4503 καὶ
1168 4449 1230 4502 τὺ
1259 4447 1478 4525 πρῶτον
1504 4448 1604 4515 τῆς
1626 4447 1887 4518 διαθήκης

1999 4464 2163 4517 verba
2203 4464 2353 4518 facit.
2401 4462 2748 4518 Alexandriae
2778 4470 2962 4516 autem
2994 4462 3148 4516 solus
3191 4460 3297 4517 hoc
3340 4475 3571 4514 munere

318 4521 676 4615 εὐαγγέλιον,
709 4543 785 4606 ὡς
820 4540 1006 4611 ἐντελῆ
1045 4540 1139 4593 τὸν
1188 4538 1359 4591 τύπον
1396 4521 1579 4608 (δέρων
1626 4537 1891 4608 Χριστοῦ.

318 4638 505 4708 Εὐχὰς
530 4638 588 4691 δι
620 4638 715 4691 καὶ
741 4634 1063 4706 ψαλμῳδίας
1097 4634 1160 4686 οὐ
1193 4632 1291 4695 τὰς
1323 4632 1513 4696 αὐτὰς,
1546 4631 1622 4694 ὼς
1651 4631 1894 4702 εἴρηται,

317 4734 380 4791 αἱ
421 4731 713 4803 ἐκκλησίαι
754 4729 968 4784 ἅπασαι
998 4728 1239 4797 ἔχουσιν,
1272 4725 1391 4779 ἀλλ’
1420 4724 1544 4778 οὐδὲ
1582 4724 1681 4785 τὰς
1721 4722 1892 4785 αὐτὰς

318 4825 539 4896 βίϐλους
586 4823 681 4876 καὶ
729 4819 1161 4889 άναγνὼσ-ματα.
1211 4815 1324 4887 Τὴν
1369 4814 1501 4885 γοῦν
1546 4813 1894 4884 καλουμένην

328 4915 704 4984 ’Δποκάλυψιν
748 4915 983 4984 Πέτρου,
1019 4912 1095 4974 ὡς
1129 4910 1283 4964 νόθον
1314 4908 1469 4979 παρὰ
1508 4908 1617 4961 τῶν
1649 4905 1892 4977 ἀρχαίων

316 5010 766 5081 δοκιμασθεῖσαν,
822 5006 974 5076 παρὰ
1019 5004 1401 5065 Ιιαλαιστινοῖς
1456 5003 1515 5055 ὲν
1569 5001 1894 5069 ἐκκλησίαις

319 5105 466 5157 τισὶν
494 5101 644 5167 ἅπαξ
691 5101 925 5153 ἑκάστου
973 5098 1126 5159 ἔτους
1178 5098 1342 5164 μέχρι
1378 5092 1576 5146 πολλοῦ
1623 5093 1894 5161 ἀναγινω-

322 5196 599 5266 σκομένην
619 5193 854 5262 εὕρομεν
872 5191 1012 5243 κατὰ
1036 5190 1127 5259 τὴν
1149 5190 1365 5259 ἡμέραν
1381 5188 1480 5256 τῆς
1509 5185 1891 5266 Παρασκευῆςο

319 5263 445 5361 ἣνό
481 5263 609 5349 λαθς
655 5284 774 5356 μετ’
806 5284 1095 5345 εὐλαϐείας
1134 5283 1226 5333 καὶ
1260 5282 1601 5352 συντριμμοῦ
1639 5263 1892 5352 νηστεύει

318 5380 418 5433 ἐπὶ
447 5382 756 5449 ἀναμνήσει
796 5376 891 5430 τοῦ
942 5375 1211 5445 σωτηρίου
1243 5375 1471 5436 πάθους·
1511 5375 1615 5444 τὴν
1653 5373 1706 5426 δὲ
1740 5373 1887 5441 λεγο-

321 5474 495 5544 μένην
522 5469 891 5538 ’Δποκάλυψιν
917 5469 1132 5521 Παύλου
1154 5466 1248 5519 τοῦ
1272 5466 1596 5528 ἀποστόλου,
1626 5469 1692 5535 ἦν
1717 5465 1891 5528 οὐδεὶς

319 5568 431 5619 τῶν
482 5564 653 5616 πάλαι
705 5560 1010 5634 ἀνθρώπων
1042 5557 1174 5625 εἶδε,
1207 5559 1278 5614 δι’
1308 5559 1489 5622 αίδοῦς
1538 5559 1804 5629 πρότερον
1836 5559 1893 5610 ἐν

396 5752 474 5826 (l)
504 5754 567 5809 Et
593 5751 710 5821 ipsa
738 5764 951 5822 quoque
985 5746 1238 5803 ecclesia.
1270 5746 1433 5800 Socr.

1995 4552 2241 4623 fungitur
2270 4552 2563 4623 episcopus
2592 4568 2607 4605 :
2639 4545 2789 4621 quod
2813 4549 3038 4619 quidem
3070 4557 3280 4619 postea,
3309 4562 3435 4602 cum
3474 4561 3575 4599 an-

1998 4655 2082 4701 tea
2111 4659 2228 4699 mos
2250 4644 2298 4698 is
2323 4659 2433 4698 non
2460 4643 2650 4709 fuerit,
2671 4653 2758 4696 est
2780 4641 3149 4696 observatum.
3178 4639 3413 4695 Causam
3439 4652 3572 4692 con-

1995 4736 2276 4792 suetudini
2308 4751 2469 4791 novae
2490 4735 2725 4806 praebuit
2756 4732 2944 4798 Arius,
2980 4733 3076 4801 qui
3107 4733 3254 4802 quod
3285 4731 3569 4802 presbyter

1995 4839 2164 4888 esset.
2217 4836 2275 4882 et
2319 4826 2558 4882 docendi
2606 4825 2942 4896 provinciam
2990 4824 3330 4893 accepisset,
3374 4832 3571 4877 contra

1997 4921 2249 4976 veritatis
2273 4920 2578 4974 doctrinam
2613 4933 2701 4971 res
2736 4932 2907 4972 novas
2945 4919 3232 4978 inducens,
3265 4916 3569 4971 Ecclesiam

1998 5014 2255 5070 turbavit.
2304 5015 2362 5068 In
2394 5013 2588 5069 eadem
2620 5012 2989 5068 Alexandrina
3041 5012 3299 5072 ecclesia.
3334 5010 3481 5081 quod
3514 5012 3569 5064 in

1995 5106 2133 5160 locis
2158 5103 2284 5159 aliis
2309 5104 2567 5157 omnibus
2592 5117 2795 5157 novum
2828 5111 2992 5171 atque
3022 5100 3269 5155 insolens
3299 5107 3404 5158 est.
3436 5098 3569 5152 olim

1995 5197 2304 5252 obtinuisse
2363 5195 2501 5250 scio.
2566 5193 2872 5265 Episcopus
2925 5209 3165 5263 namque
3227 5207 3356 5246 cum
3412 5206 3569 5245 sacra

1995 5290 2291 5361 Evangelia
2325 5290 2661 5359 legerentur.
2709 5303 2817 5344 non
2838 5288 3185 5359 assurgebat.
3236 5286 3294 5341 ιιι
3337 5300 3468 5340 vero
3512 5285 3569 5338 in

1995 5383 2105 5436 ulia
2155 5382 2315 5449 plane
2349 5380 2584 5437 ecclesia
2633 5379 2942 5449 antiquitus
2986 5379 3190 5432 factum
3221 5392 3361 5441 esse,
3406 5391 3571 5429 nemo

1995 5475 2083 5529 vel
2118 5474 2276 5537 vidit,
2323 5474 2409 5528 vel
2450 5472 2682 5527 audivit.
2720 5470 2949 5525 Sacrum
2976 5483 3106 5525 eum
3136 5468 3337 5523 librum
3368 5467 3439 5521 ibi
3479 5481 3557 5521 εισι

1999 5567 2083 5620 lus
2132 5567 2262 5637 legit
2306 5565 2729 5621 archidiaconus
2768 5580 2781 5616 :
2818 5562 2870 5617 in
2919 5562 3044 5616 aliis
3086 5570 3269 5616 autem
3319 5560 3570 5617 ecclesiis

2070 5748 2147 5813 (9)
2174 5747 2388 5801 Sozom.
2428 5745 2523 5803 lib.
2561 5759 2660 5807 vn.
2685 5758 2805 5804 can.
2845 5745 2926 5799 ιι).
