3936 6206
248 266 360 328 873

1181 259 1782 322 ECCLESIASTICXE
1826 258 2213 320 nmmum:
2244 260 2387 319 LIB.
2422 259 2563 322 xu.

3384 264 3485 329 8’15

249 395 355 431 στα
383 375 440 429 δὲ
463 376 492 429 ὁ
524 376 823 437 ἐπίσκοπος
869 374 1112 437 Ἀττικὸς
1148 376 1235 428 διὰ
1270 375 1473 445 πολλῆς
1507 369 1611 445 ἦγε
1637 372 1824 426 τοῦτον

1948 372 2292 426 :oncionandi
2349 387 2549 426 munus
2595 370 2898 427 molestiam
2952 381 3007 427 et
3044 372 3290 429 dolorem
3332 378 3495 444 parit,

249 471 439 539 τιμῆς.
484 468 626 522 Ἀλλ’
661 462 773 530 οἷος
807 466 908 536 μὲν
934 468 994 519 τὸ
1040 463 1168 537 ἦθος
1219 470 1246 522 ὁ
1294 467 1435 537 ἀνὴρ
1484 462 1663 529 οὗτος,
1696 469 1828 517 ἁπο-

248 559 507 631 χρὼντως
540 556 697 628 οἶμαι
730 542 1054 629 εἰρήκαμεν,
1085 563 1148 612 ἐκ
1190 559 1298 612 τῶν
1327 559 1419 612 τοῦ
1447 559 1830 627 ἐκκλησιαστι-

241 651 343 706 κοῦ
363 650 691 720 Σωκράτους
719 652 1150 722 παρειληφότες.
1176 652 1285 704 Καὶ
1317 652 1486 704 ταῦτα
1515 650 1826 720 διήλθομεν,

240 741 420 806 δεῖξαι
474 743 828 813 θελήσαντες,
862 742 937 805 ὡς
979 742 1070 795 διὰ
1121 742 1222 812 τὴν
1268 743 1471 811 ἀρετὴν
1517 740 1626 794 τῶν
1677 742 1828 809 σφίσι

244 835 693 903 προϊσταμένων,
726 832 997 901 ’Δγελίου,
1023 833 1344 901 Μαρκιανοῦ
1365 849 1423 884 τε
1451 831 1543 884 καὶ
1564 831 1827 893 Σισινίου,

192 924 212 975 '.
244 925 347 980 καὶ
388 924 465 988 ὡς
507 923 586 993 τῷ
617 922 892 993 ὁμοουσίῳ
929 924 1372 993 προσκειμένων,
1407 923 1695 990 ἀπείρατοι
1724 924 1833 973 τῶν

243 1013 454 1066 λοιπῶν
484 1015 753 1083 αἱρέσεων
780 1013 831 1065 οἱ
859 1012 1192 1066 Ναυατιανοὶ
1221 1012 1307 1064 δια
1317 1014 1662 1082 μεμενήκασι
1686 1026 1703 1044 ο
1735 1011 1833 1063 καὶ

244 1106 340 1157 ἐπὶ
369 1105 469 1173 τῆς
500 1104 710 1158 ἑαυτῶν
744 1103 1045 1173 ἐκκλησίας
1088 1105 1134 1154 οι
1165 1102 1385 1165 πλείους
1425 1104 1613 1172 ἠρέμα
1661 1097 1830 1170 εἶχον,

246 1197 393 1266 πλὴν
414 1198 521 1249 τῶν
536 1198 652 1249 ὅσοι
674 1196 763 1249 διὰ
786 1197 887 1267 τὴν
912 1195 1006 1248 τοῦ
1027 1196 1218 1265 Πάσχα
1243 1195 1476 1263 ζήτησιν
1493 1194 1828 1264 διεφέροντο⁸

246 1288 316 1355 ἦν
347 1283 668 1347 Σαϐϐάτιος,
692 1283 769 1346 ὡς
822 1283 981 1352 ἔφην,
1025 1283 1367 1352 ἑνεωτέρισε.
1416 1281 1623 1333 Πολλαὶ
1652 1281 1709 1332 δὲ
1740 1280 1833 1334 καὶ

246 1377 412 1432 ἄλλαι
452 1377 769 1446 διαιρέσεις,
796 1376 871 1439 ὡς
902 1377 1141 1446 εῐρηται,
1184 1376 1243 1426 έν
1292 1392 1352 1426 τε
1404 1376 1707 1444 Ἀρειανοίς
1741 1374 1854 1426 καὶ·

247 1471 681 1532 Μακεδονιανοῖς
737 1469 832 1521 καὶ
887 1468 1065 1522 ἄλλων
1123 1468 1426 1537 αἱρέσεων,
1483 1466 1836 1519 ὲπιπλεῖστον

246 1562 560 1631 τηνικαῦτα
594 1562 863 1630 ἐγένοντο.
899 1559 1118 1612 Τούτων
1143 1559 1189 1611 δ’
1231 1560 1375 1612 οὕτω
1412 1557 1833 1628 διασπωμένων,

250 1656 332 1709 ἔτι
372 1655 572 1722 μᾶλλον
598 1656 631 1724 ἡ
659 1653 895 1708 καθόλου
932 1653 1229 1723 Ἐκκλησία
1252 1652 1531 1717 ἐπεδίδου,
1562 1650 1836 1720 ὁσημέραι

248 1754 319 1820 τῇ
354 1714 492 1819 πρὸς
525 1714 781 1819 ἀλλήλοις
818 1748 958 1817 ἔριδι
995 1714 1444 1817 προστιθεμένων
1491 1714 1838 1815 αὑτῇ-Παλ·
1869 1714 1910 1768 Β

249 1842 347 1896 λον
374 1843 433 1895 δὲ
457 1842 519 1895 τὸ
560 1841 879 1910 Ἑλληνικὸν
912 1842 988 1904 ὡς
1016 1841 1270 1892 πλεῖστον
1301 1839 1563 1910 εἰσέρῤει.
1611 1837 1701 1900 Ὠς
1728 1837 1837 1905 γὰρ

251 1934 396 1989 εἶδεν
432 1937 459 1989 ὀ
511 1934 766 2007 βασιλεὺς
808 1934 906 2005 τὴν
957 1932 1251 2001 συνήθειαν
1300 1930 1393 1984 τοῦ
1440 1929 1838 2000 προειληφότος

251 2030 451 2100 χρόνον
482 2029 621 2098 πρὸς
653 2028 715 2081 τὸ
745 2028 1004 2096 πατρῷον
1037 2025 1225 2088 σέὸας,
1261 2024 1354 2077 καὶ
1390 2025 1518 2086 τοὺς
1543 2026 1841 2094 θρησκευο-

254 2124 459 2192 μένους
513 2120 643 2190 παρ’
695 2118 878 2173 αὐτῶν
914 2119 1116 2181 τόπους
1166 2115 1437 2168 ἕλκουσαν
1468 2114 1530 2166 τὸ
1571 2113 1838 2180 ὑπήκοον,

249 2211 357 2280 ἤδη
390 2207 697 2278 βασιλεύειν
748 2204 1079 2276 ἀρξάμενος,
1113 2202 1330 2272 πρῶτον
1381 2202 1481 2271 μὲν
1529 2200 1834 2252 ἐπιϐαίνειν

246 2304 370 2364 τοῖς
398 2301 604 2370 βωμοῖς
640 2300 874 2369 πάμπαν
902 2296 1176 2349 ἐκώλυεν
1228 2294 1422 2346 ἔπειτα
1448 2293 1504 2345 δὲ
1545 2293 1638 2345 καὶ
1678 2293 1832 2360 νόμῳ

249 2392 489 2454 πολλοὺς
519 2393 601 2454 εἰς
643 2389 841 2457 ἔδαφος
866 2392 1138 2452 κατέσπα,
1184 2385 1377 2456 ὥσπερ
1410 2386 1733 2455 εἰρήκαμεν.
1769 2384 1832 2436 Oi

244 2485 313 2538 δὲ
349 2485 550 2537 σπάνει
579 2482 688 2534 τῶν
734 2480 1046 2549 εὐκτηρίων
1078 2477 1202 2534 κατ’
1234 2478 1421 2546 ὀλίγον
1459 2478 1579 2539 ταῖς
1628 2475 1830 2545 ἐκκλη-

250 2578 405 2642 σίαις
446 2576 555 2629 τῶν
596 2574 945 2646 Χριστιανῶν
975 2573 1170 2644 φοιτᾷν
1201 2571 1692 2642 προσειθίσθησαν.
1724 2570 1837 2624 Λά-

248 2670 366 2742 θρα
395 2670 505 2739 γὰρ
554 2668 886 2737 Ἑλληνικῶς
908 2667 1068 2720 θύειν
1097 2665 1156 2718 ὲν
1199 2664 1433 2734 κινδύνῳ
1467 2667 1712 2736 μεγίστῳ
1741 2659 1834 2734 ἦν,

248 2761 309 2813 εἰ
335 2777 418 2823 τις
444 2759 739 2830 πεφώρατο
762 2777 775 2791 ·
808 2759 1100 2828 ἀφαίρεσις
1125 2757 1231 2827 τὰρ
1254 2757 1502 2825 κεφαλῆς
1527 2758 1622 2810 καί¹
1648 2758 1833 2819 οὐσίας

1935 464 2155 517 minime
2190 464 2323 525 tibi.
2370 463 2592 532 quando
2642 462 2694 516 id
2746 463 2889 517 Deus
2948 464 3107 527 fecit.
3144 466 3502 521 concionibus

1933 554 2258 609 interdicam
2301 553 2399 624 (l).
2429 555 2589 609 Multa
2641 569 2772 609 vero
2817 556 2921 609 alia
2960 572 3180 626 quoque
3227 556 3328 610 viri
3382 559 3501 626 ejus

1934 646 2142 700 urbane
2185 657 2236 699 et
2279 648 2411 700 scite
2446 647 2588 701 dicta
2616 659 3138 703 commemorantur.
3169 650 3328 720 305
3358 650 3499 716 Quin

1932 746 1987 791 et
2017 738 2232 791 libellos
2268 738 2468 791 multos
2508 754 2613 793 non
2655 740 2975 794 invenustos
3009 744 3385 811 composuisse
3421 742 3503 796 di-

1934 832 2099 886 citur.
2147 832 2315 901 Magis
2344 847 2472 885 vero
2500 832 2555 886 in
2595 833 2830 887 dicendo
2871 849 3033 903 quam
3067 834 3360 889 scribendo
3390 837 3505 889 lau-

1935 922 2096 976 datus
2124 931 2230 976 est.
2266 922 2322 975 In
2354 922 2568 977 actione
2597 924 2726 977 felix
2762 923 2884 985 fuit,
2912 932 2967 978 et
2995 925 3502 991 pronuntiationem

1936 1014 2133 1068 sedulo
2186 1015 2378 1071 coluit.
2412 1014 2598 1070 Labiis
2627 1015 2772 1070 enim
2801 1015 2920 1086 ejus
2948 1015 3228 1069 blanditiae
3257 1016 3505 1086 quaedam

1933 1105 2287 1161 insideiant:
2333 1107 2474 1160 etin
2520 1122 2677 1169 voce.
2734 1107 2920 1172 vultu,
2967 1108 3179 1171 oculis,
3214 1118 3271 1161 et
3316 1107 3504 1162 habitu

1938 1207 2201 1266 motuque
2250 1199 2499 1267 corporis
2536 1198 2723 1260 omni,
2768 1200 2941 1268 gratia
2971 1199 3264 1268 singularis
3306 1200 3505 1261 inerat,

1938 1288 2002 1340 ad
2053 1288 2369 1341 auditorum
2414 1289 2631 1344 animos
2677 1289 2999 1345 alliciendos
3041 1291 3366 1360 composita.
3410 1290 3509 1344 Ju-

1939 1378 2153 1431 rnndus
2188 1379 2372 1448 itaque
2403 1389 2458 1433 et
2491 1381 2690 1433 ebarus
2736 1396 2854 1435 eam
2888 1382 2957 1436 ob
3003 1396 3222 1436 causam
3264 1382 3510 1437 celeber-

1940 1472 2096 1525 rimis
2120 1473 2434 1543 quibusque
2467 1489 2533 1528 ex
2568 1484 2760 1528 senatu
2802 1474 2957 1539 viris,
2994 1483 3047 1527 et
3082 1475 3263 1530 omnis
3293 1477 3510 1545 generis

1942 1563 2302 1632 religionibus
2345 1566 2397 1617 in
2431 1565 2795 1620 admiratione
2826 1567 2948 1620 fuit.
2991 1567 3344 1622 Potissimum
3380 1583 3510 1621 vero

1939 1656 2236 1724 episcopus
2267 1656 2487 1709 Atticus
2518 1672 2716 1726 magno
2745 1674 2870 1711 eum
2898 1668 2984 1713 est
3013 1654 3231 1714 bonore'
3252 1674 3480 1729 prosecta
3499 1691 3512 1700 ο

1943 1753 2051 1797 tus.
2084 1744 2189 1798 Sed
2226 1745 2403 1813 qualis
2441 1746 2533 1799 hic
2567 1746 2653 1800 vir
2682 1747 2871 1813 fuerit,
2906 1750 3063 1815 satis,
3103 1761 3165 1805 ut
3200 1760 3353 1819 puto,
3390 1752 3512 1805 loco

1941 1834 2047 1889 hoc
2083 1850 2150 1889 ex
2182 1835 2425 1890 Socratis
2454 1839 2813 1894 ecclesiastici
2851 1842 3135 1911 scriptoris
3181 1843 3339 1898 libris
3364 1860 3515 1898 sun:-

1941 1935 2063 1996 pto;
2107 1926 2242 1982 dixi.
2286 1928 2467 1997 Atque
2512 1929 2628 1984 haec
2669 1931 2892 1999 quidem
2935 1941 3225 2002 propterea
3269 1950 3510 1988 comme-

1946 2019 2177 2082 moravi,
2211 2030 2264 2072 ut
2309 2019 2688 2086 ostenderem,
2738 2036 2862 2097 curn
2894 2034 3122 2093 prepter
3169 2040 3363 2080 eorum
3408 2032 3517 2080 vir-

1942 2120 2117 2165 tutem
2186 2112 2280 2182 qui
2350 2112 2431 2166 eis
2496 2113 2807 2182 praefuere,
2872 2115 3080 2187 Agelli,
3138 2117 3398 2172 Marciani
3459 2127 3516 2172 et

1942 2205 2156 2270 Sisinii,
2191 2218 2305 2260 tum
2333 2205 2482 2276 quod
2507 2207 2821 2275 ὀμοουσίου,
2845 2201 3358 2276 consubstantialis,
3386 2228 3515 2279 pro-

1941 2298 2167 2354 fessioni
2198 2299 2578 2365 adliaarerent,
2610 2298 2949 2356 Novatianos
2972 2301 3204 2356 aliarum
3237 2314 3512 2358 sectaren-

1942 2388 2065 2442 labe
2107 2389 2343 2444 infectos
2382 2407 2489 2443 non
2537 2390 2728 2455 fuisse,
2773 2393 3145 2462 majoremque
3173 2410 3363 2449 eorum
3395 2412 3494 2464 par

1944 2488 2052 2534 tem
2096 2482 2148 2533 in
2181 2482 2413 2535 ecclesia
2454 2496 2552 2535 sua
2592 2483 2838 2550 quietam
2878 2484 3146 2540 mansisse
3176 2502 3192 2540 :
3225 2486 3306 2540 eis
3354 2502 3517 2542 exce-

1942 2571 2074 2643 ptis.
2097 2572 2192 2642 qui
2220 2556 2442 2641 propter
2464 2573 2826 2641 quaestionem
2855 2573 2922 2629 de
2949 2573 3104 2630 feriis
3135 2577 3516 2644 Paschalibus,

1946 2679 2110 2732 quam
2138 2663 2416 2726 Sabatius,
2452 2663 2614 2717 sicuti
2650 2663 2788 2729 dixi,
2823 2680 2920 2734 per
2952 2681 3041 2720 res
3076 2683 3247 2722 novas
3272 2670 3515 2728 induxit.

1946 2753 2314 2808 dissidebant.
2346 2752 2531 2806 Multae
2562 2767 2694 2807 vero
2718 2761 2774 2807 et
2804 2753 2923 2807 aliae
2957 2754 3339 2816 dissectiones.
3370 2758 3519 2827 quod

251 2855 423 2924 νόμος
457 2854 635 2908 ἔκειτο
663 2853 738 2924 τῷ
758 2854 1028 2923 τολμητῇ.

1948 2858 2003 2903 et
2032 2850 2210 2917 ipsum
2246 2846 2455 2901 dictum
2494 2855 2599 2908 est,
2630 2861 2697 2900 eo
2732 2859 2978 2917 tempore
3014 2849 3156 2919 apud
3195 2850 3432 2906 Arianos
3464 2861 3522 2907 et

258 2946 692 3001 hlacedonianos
729 2955 783 3001 et
815 2946 952 2999 alias
981 2954 1160 3001 sectas
1189 2945 1366 3000 fuere.
1398 2944 1512 3000 lllis
1546 2953 1730 2999 autem
1761 2944 1834 2997 ita
1876 2941 2162 2996 distractis
2183 2980 2198 3004 ,
2267 2938 2444 3007 magis
2504 2946 2670 3006 atque
2708 2943 2883 3008 magis
2907 2940 3151 2995 Ecclesia
3190 2943 3522 2999 universalis

257 3044 460 3109 crevit,
496 3041 742 3111 quotidie
780 3056 840 3096 se
872 3041 1152 3111 aliquibus
1190 3050 1423 3111 propter
1457 3049 1678 3095 mutuas
1752 3039 1972 3094 illorum
1996 3035 2424 3090 rcontentiones
2473 3034 2539 3087 ad
2573 3050 2694 3088 eam
2726 3036 3173 3105 aggregantibus.
3241 3039 3522 3109 I’raaeipue

253 3149 396 3190 vero
435 3136 526 3203 qui
573 3133 817 3187 Gra2cam
854 3133 1220 3187 idololatrian:
1252 3132 1427 3189 secuti
1472 3133 1718 3195 fuerant,
1763 3131 1831 3184 ad
1875 3144 1996 3183 eam
2065 3127 2405 3183 conﬂuxere.
2489 3125 2623 3180 Nam
2674 3126 2975 3195 imperator
3026 3129 3117 3184 ubi
3162 3133 3525 3187 consuetudi-

254 3244 393 3283 nem
421 3225 686 3298 praeteriti
719 3229 1002 3297 temporis,
1032 3237 1089 3282 et
1112 3227 1234 3282 loca
1287 3242 1410 3296 quae
1475 3223 1617 3295 apud
1688 3239 1784 3298 eos
1853 3223 2105 3292 religiose
2131 3219 2588 3285 observabantur,
2623 3220 2772 3275 cives
2799 3231 2854 3276 et
2884 3222 3136 3277 subditos
3166 3240 3301 3279 suos
3334 3228 3402 3281 ad
3431 3242 3529 3297 pa-

255 3325 435 3405 trium
473 3325 683 3379 cultum
723 3325 1047 3393 pertrahere
1088 3322 1261 3385 vidit,
1296 3323 1481 3377 statim
1524 3336 1554 3374 a
1616 3297 1876 3389 sns'cepto
1917 3317 2187 3388 imperio,
2255 3316 2494 3387 primum
2531 3317 2758 3401 quidem
2788 3334 2910 3372 aras
2941 3334 3171 3388 prorsus
3205 3322 3367 3377 adire
3398 3339 3527 3392 pro-

256 3420 491 3473 hibuit:
535 3417 739 3472 deinde
778 3432 915 3472 vero
955 3418 1076 3487 lege
1098 3416 1177 3487 (2)
1241 3415 1408 3471 etiam
1443 3414 1575 3477 lata,
1646 3411 2110 3482 quemadmodum
2176 3409 2455 3475 diximus,
2492 3410 2613 3464 solo
2658 3426 2755 3465 eas
2819 3418 3081 3481 aequavit.
3118 3418 3295 3485 Atque
3330 3419 3405 3473 ita
3448 3421 3525 3476 iiii

257 3524 553 3567 sacrarum
596 3509 798 3564 aedium
845 3510 1056 3573 inopia.
1101 3508 1547 3564 Christianorum
1579 3507 1844 3561 ecclesias
1883 3504 2242 3574 frequentare
2306 3514 2618 3572 coeperunt.
2662 3503 2813 3557 Clam
2885 3522 3123 3576 namque
3152 3508 3339 3566 Graeca
3369 3528 3529 3582 pera-

257 3623 400 3679 gere
451 3622 641 3671 sacra,
688 3606 913 3660 maximi
960 3616 1079 3660 erat
1126 3606 1393 3677 periculi.
1431 3605 1475 3660 si
1514 3604 1640 3674 quis
1673 3604 1726 3656 in
1763 3603 1845 3657 eis
1882 3601 2262 3672 deprehensus
2285 3610 2451 3654 esset.
2518 3601 2579 3655 Et
2619 3602 2713 3670 qui
2741 3602 2822 3657 eis
2848 3607 3062 3673 operari
3106 3622 3279 3663 ausus
3306 3608 3524 3670 fuisset.

264 3702 526 3774 capitalis
551 3702 602 3756 ei
631 3716 793 3772 pinna
813 3710 871 3756 et
898 3701 1168 3756 bonorum
1193 3702 1420 3756 amissio
1449 3698 1851 3755 constitutione
1889 3696 2161 3768 imperiali
2194 3697 2477 3766 proposita
2508 3696 2635 3750 fuit.

852 3820 1106 3875 ΚΕΦΔΛ.
1144 3822 1262 3876 ΛΖ’.

258 3934 409 4003 Περὶ
441 3933 549 3987 τοῦ
574 3950 656 4000 συ

654 3934 919 4003 μϐἀντος
942 3932 1020 3999 τῷ
1046 3935 1348 4002 Αἰγυπτίῳ
1367 3933 1610 4002 ποταμῷ
1626 3935 1840 3997 Νει’λῳ’

337 4005 439 4059 καί
470 4006 601 4072 περὶ
630 4005 736 4058 τοῦ
768 4004 1110 4071 ξιφοειδοῦς
1129 4004 1404 4073 ἀστέρος,
1449 4008 1545 4056 καὶ
1576 4003 1695 4057 τῶν
1736 4004 1845 4073 δύο

338 4075 866 4143 ἀνθρωπομόρφων
892 4074 1151 4143 τεράτων
1180 4091 1192 4103 ·
1220 4072 1317 4126 καί
1349 4075 1481 4142 περὶ
1513 4073 1618 4141 τῆς
1647 4072 1819 4125 ἐπιδό
1836 4106 1847 4113 ς

341 4161 500 4209 σεως
525 4142 638 4211 τῆς
661 4142 1033 4212 Χριστιανῶν
1055 4145 1402 4212 θρησκείας.

337 4263 382 4315 Τ
387 4263 476 4315 ότε
496 4262 559 4330 δή
594 4279 728 4330 φασι
759 4262 850 4314 καί
877 4259 1069 4316 Νεῖλον
1097 4263 1189 4314 τὸν
1216 4262 1303 4313 ἐπ’
1344 4260 1622 4328 Αἴγυπτον
1655 4259 1846 4329 ῥέοντα

262 4355 574 4425 ὑστερῆσαι
605 4358 733 4423 περὶ
767 4356 869 4424 τὴν
900 4355 1126 4423 πρώτην
1160 4354 1265 4404 τῶν
1301 4354 1512 4406 ὑδάτων
1553 4352 1842 4406 ἀνάϐασιν.

267 4449 515 4516 Ἐφερον
546 4446 604 4500 δὲ
646 4446 707 4497 οὐ
759 4445 1000 4516 μετρίως
1031 4445 1092 4496 τὸ
1134 4445 1380 4515 πραχθὲν
1426 4446 1476 4496 οἱ
1511 4444 1803 4511 Αἰγύπτιοι
1828 4459 1841 4473 ο

264 4539 715 4607 χαλεπαίνοντες,
741 4538 823 4590 ὃτι
856 4536 930 4606 μὴ
959 4539 1045 4588 ἐπ’
1076 4535 1263 4599 ἀδείας
1296 4533 1364 4605 ἦν
1402 4536 1586 4598 αὐτοῖς
1614 4536 1757 4589 κατά
1785 4535 1847 4587 τὸ

266 4636 505 4705 πάτριον
531 4632 652 4693 ἔθος
677 4634 827 4685 θύειν
868 4631 945 4699 τῷ
988 4628 1256 4697 ποταμιῖν
1301 4631 1362 4680 τὸ
1416 4630 1523 4697 γὰρ
1553 4628 1646 4680 τοῦ
1691 4629 1848 4695 βασι⁸

264 4729 411 4791 λέως
440 4727 563 4789 δέος
594 4723 834 4791 οὐδαμοῦ
867 4723 1185 4793 ξυνεχώρει.
1233 4723 1293 4775 ὐ
1329 4723 1388 4775 δὲ
1420 4721 1516 4791 τὴν
1539 4721 1848 4791 ἐπιτροπὴν

264 4822 369 4889 τῆς
417 4818 698 4884 Αἰγύπτου
727 4817 950 4879 διέπων,
984 4819 1065 4879 είς
1096 4817 1289 4868 στάσιν
1333 4814 1651 4885 χωροῦντας
1684 4816 1847 4879 Αἰγυ-

266 4914 463 4974 πτίους
501 4911 669 4981 ὁρῶν,
702 4909 781 4979 τῷ
812 4908 1026 4977 βασιλεῖ
1055 4907 1192 4972 δῆλα
1224 4908 1422 4960 ἐποίει.
1463 4906 1523 4957 '0
1556 4905 1612 4958 δὲ
1657 4904 1848 4972 μαθὼν

264 5007 495 5073 ἄμεινον
541 4988 966 5064 ἁνταπέστελλε,
1000 5001 1197 5066 λέγων,
1256 5001 1390 5067 πρὸς
1439 4997 1574 5051 Θεὸν
1620 4998 1759 5048 σῶον
1790 4997 1848 5048 τὸ

265 5095 438 5157 σέϐας
469 5094 770 5162 διατηρεῖν,
799 5093 830 5162 ἢ
861 5094 928 5145 τὰ
963 5091 1180 5161 Νειλῷα
1217 5089 1411 5161 ῥεῖθρα
1449 5094 1542 5143 καὶ
1574 5090 1674 5159 τὴν
1703 5092 1847 5141 ἐκεί-

2378 3817 2543 3888 306
2575 3816 2799 3874 CAPUT
2837 3818 3101 3875 xxxvu.

1948 3932 2021 3986 De
2059 3933 2408 4004 diminutione
2449 3950 2567 4003 qua:
2594 3933 2753 4004 ﬂuvio
2778 3933 2994 4003 zEgypti
3045 3936 3165 3990 Nito
3189 3940 3379 3993 accidit
3415 3958 3433 3993 :
3477 3952 3525 3992 rt

2015 4006 2080 4057 de
2131 4003 2285 4058 stella
2323 4005 2494 4073 giadii
2542 4003 2765 4071 speciem
2818 4006 3094 4071 referente,
3122 4016 3181 4058 -et
3226 4008 3291 4060 de
3328 4011 3525 4063 duobus

2014 4075 2250 4127 Immana
2282 4075 2451 4143 specie
2498 4076 2743 4127 monstris
2766 4114 2781 4136 ,
2817 4085 2864 4126 et
2905 4075 2969 4127 de
3016 4079 3336 4132 incremento
3372 4082 3526 4133 (λιτὶ.

2014 4146 2205 4197 etiame
2238 4144 2525 4214 religionis.

2021 4256 2096 4310 Eo
2144 4268 2389 4325 tempore
2418 4256 2598 4309 Nilum
2642 4255 2959 4328 Egyptian:
2997 4274 3217 4314 amnem
3245 4300 3262 4326 ,
3297 4263 3523 4319 circiter
3584 4304 3589 4316 ι

1949 4351 2187 4418 primum
2230 4364 2501 4418 aquarum
2547 4360 2772 4403 auctum
2823 4359 2880 4405 et
2931 4354 3370 4419 incrementum,
3411 4365 3526 4412 tar-
3613 4360 3616 4363 ’

1948 4443 2108 4497 dasse
2143 4443 2362 4513 longius
2398 4443 2590 4497 dicunt
2621 4444 2721 4510 (5).
2757 4444 2930 4509 Quam
2972 4462 3087 4501 rem
3124 4445 3364 4520 Egyptii
3399 4466 3527 4521 gra-
3617 4451 3620 4454 ’

1949 4538 2090 4590 viter
2124 4537 2299 4591 tulere
2321 4576 2335 4596 .
2372 4537 2675 4605 indignati,
2711 4539 2860 4605 quod
2893 4539 3077 4595 minus
3107 4541 3190 4595 eis
3212 4550 3357 4596 esset
3388 4542 3530 4598 libe-

1955 4644 2099 4689 rum,
2133 4629 2310 4697 patrio
2340 4644 2494 4683 more
2518 4628 2730 4682 ﬂumini
2760 4632 3072 4687 sacriﬁcare
3102 4651 3117 4687 :
3149 4633 3201 4688 id
3233 4636 3381 4690 enim
3419 4637 3525 4691 im-

1949 4720 2224 4787 peratoris
2284 4730 2463 4773 metus
2526 4721 2951 4791 haudquaquam
3019 4727 3397 4795 permittebat.
3457 4730 3526 4784 Et

1952 4813 2168 4882 Aigypti
2200 4813 2488 4882 praefectus
2516 4815 2885 4882 provinciales
2911 4816 2977 4870 ad
3007 4817 3338 4872 seditionem
3395 4836 3525 4890 spe-

1951 4918 2101 4958 ctare
2133 4920 2388 4966 cernens,
2424 4906 2656 4973 principi
2674 4921 2795 4960 eam
2830 4923 2942 4960 rem
2965 4909 3246 4964 indicavit.
3283 4909 3398 4978 Qua
3433 4913 3527 4968 ille

1951 4997 2202 5065 cognita,
2256 4997 2667 5051 conducibilius
2708 5015 2833 5054 esse
2878 5004 2929 5056 ei
2980 5004 3301 5073 rescripsit,
3339 5021 3526 5061 veram

1952 5103 2081 5156 erga
2117 5088 2283 5140 Deum
2317 5089 2636 5158 religionem
2672 5091 2942 5161 integram
2973 5108 3326 5159 conservare,
3361 5110 3523 5164 quam

264 5187 365 5239 θεν
406 5185 698 5256 εὐετηρίαν
736 5184 1056 5254 προτιθέναι
1086 5184 1185 5250 τῆς
1240 5183 1496 5242 πίστεως.
1553 5180 1702 5249 Μηδὲ
1738 5180 1838 5247 γὰρ

1952 5176 2196 5233 ﬂuminis
2234 5183 2358 5244 ejus
2390 5180 2593 5244 undas,
2626 5191 2681 5236 et
2711 5198 2834 5252 quae
2867 5201 2936 5238 ex.
2968 5186 3049 5238 eis
3084 5187 3394 5255 proveniat,
3423 5203 3526 5241 an-

264 5283 337 5337 ἇν
368 5281 489 5336 ποτ’
511 5284 574 5334 ἐκ
603 5279 709 5349 γῆς
732 5278 1018 5339 ύετίσειεν,
1058 5275 1112 5327 εἴ
1146 5292 1231 5344 γε,
1268 5275 1420 5342 φησὶ.
1452 5273 1695 5333 τοιοῦτος
1728 5274 1838 5340 εἴη,

262 5376 413 5431 ὥστε
444 5373 809 5445 μαγγανείαις
829 5372 940 5423 τισὶ
962 5370 1058 5422 καὶ
1085 5368 1363 5439 γοητείαις
1392 5366 1651 5436 εὐπειθὴς
1676 5361 1839 5418 εἶναι·

343 5553 608 5624 (ll'Apud
660 5550 873 5625 Socrau
920 5557 1038 5625 est:
1089 5549 1156 5600 At
1193 5562 1285 5615 ego
1306 5545 1713 5625 tibi-colloquiis
1742 5545 1846 5597 sive

269 5616 605 5682 concioitibtts
639 5637 743 5673 non
776 5619 1107 5683 inici-dicam,
1135 5619 1345 5687 quando
1377 5616 1469 5667 tibi
1496 5618 1645 5668 verba
1678 5616 1851 5683 [arere

270 5696 548 5750 molestum
587 5702 684 5745 est.

594 5791 866 5850 PATROL.
911 5786 1026 5844 Gn.
1069 5783 1171 5842 (ΣΧ
1187 5784 1311 5844 Ll'l

1953 5269 2313 5323 niversariatn
2368 5271 2706 5328 fertilitatem
2770 5275 2893 5330 fidei
2958 5278 3240 5348 praeferre.
3294 5297 3313 5329 ι
3368 5278 3525 5333 Nun-

1942 5375 2120 5435 .(]lllllﬂ
2168 5362 2316 5438 enim
2360 5379 2579 5418 amnem
2629 5382 2754 5422 eum
2804 5384 2833 5423 8
2874 5379 3016 5424 terra
3069 5381 3527 5439 promanaturum

2028 5543 2105 5618 ig)
2137 5544 2217 5618 Ne
2252 5547 2389 5618 quis.
2422 5546 2480 5601 C.
2510 5548 2584 5601 De
2612 5548 2797 5602 sacrif.
2823 5524 3033 5618 .pagan.

2030 5615 2105 5683 (5)
2135 5615 2273 5671 Plin.
2304 5617 2401 5669 lib.
2432 5633 2484 5679 ν,
2516 5633 2636 5685 cap.
2674 5618 2726 5671 9.

3105 5779 3181 5842 28
