3936 6206
481 274 585 336 875

1706 262 2127 323 NiCEi‘IlORI
2172 263 2515 325 CALHSTI
2699 221 2719 238 ’
3570 271 3649 335 ετδ

483 388 655 441 fuisse
688 381 858 444 dixit,
903 380 945 434 si
985 380 1109 434 talis
1156 389 1337 445 esset,
1383 388 1441 432 ut
1484 385 1953 439 incantationibus
1999 395 2055 439 et

2179 387 2414 447 ινίσσαις
2450 400 2504 436 τε
2542 380 2757 451 χαίρειν
2790 380 2881 433 καὶ
2906 379 3155 448 αἱμάτων
3188 381 3349 450 ῥοαῖς,
3383 382 3468 447 τὰς
3496 389 3549 440 ὲκ
3577 394 3648 446 τοῦ

482 475 805 548 imposturis
861 483 1219 537 moveretur,
1284 470 1593 542 nidoreque
1648 475 1952 544 gauderet,
2006 485 2062 530 et

479 570 764 640 sanguinis
790 568 951 622 undis
986 564 1328 635 proﬂuentes
1357 580 1390 621 e
1418 566 1611 620 divino
1642 569 1900 636 paradiso
1928 585 2061 625 con-

482 669 772 721 taminaret
818 678 1008 732 aquas.
1049 681 1065 711 ι
1104 658 1224 714 Non
1269 661 1430 731 longo
1458 671 1581 731 post
1610 670 1874 730 tempore,
1904 660 2061 714 derc-

483 766 644 825 pente
674 756 746 809 ita
789 753 881 807 ille
924 752 1192 806 adauctus
1242 763 1362 815 cst,
1410 761 1471 805 ut
1500 752 1697 806 altiora
1741 751 1905 805 etiam
1943 752 2060 804 loca

483 846 800 899 iuuudaret.
837 842 940 897 Ubi
973 852 1153 895 autem
1189 843 1255 895 ad
1300 843 1511 909 justum
1548 843 1768 895 modum
1791 881 1803 902 ,
1850 850 1907 895 et
1937 857 2063 895 raro

479 939 815 1008 completum
857 936 1235 999 excrevisset,
1273 946 1330 990 et
1365 944 1479 989 tum
1516 934 1879 988 nihilominus
1916 934 2060 988 unda

480 1033 708 1098 insuper
757 1028 878 1099 ejus
927 1028 1419 1092 aceumularelur,
1473 1027 1726 1082 diversus
1774 1018 2062 1096 Egyplios

480 1122 626 1190 cepit
658 1121 846 1175 timur.
892 1121 1240 1175 Verebamur
1274 1135 1536 1189 namque,
1566 1136 1631 1172 ne
1671 1119 2061 1173 Alexandriam

480 1214 671 1268 urbem
706 1224 761 1266 et
791 1213 973 1284 Libym
1010 1214 1283 1282 potiorem
1317 1221 1529 1282 partem
1557 1211 1929 1264 exundatione
1963 1225 2060 1262 sua

479 1307 745 1359 obrueret
776 1320 793 1359 :
832 1313 940 1357 tam
974 1304 1213 1357 ubertim
1249 1305 1410 1357 undae
1448 1303 1571 1372 ejus
1606 1300 1942 1371 proﬂuentes
1970 1316 2064 1355 cx-

480 1410 729 1449 eurrere.
774 1393 895 1462 Quo
940 1404 1189 1463 tempore
1231 1394 1373 1448 fama
1414 1404 1520 1457 est,
1551 1392 1755 1448 Graeca:
1788 1394 2062 1462 supersti-

483 1489 651 1542 tionis
684 1488 939 1541 homines
966 1486 1312 1541 Alexandriaa
1346 1500 1477 1541 casu
1510 1495 1617 1539 tam
1653 1486 1938 1555 inopinato
1968 1486 2062 1540 ad-

483 1583 702 1641 ductos,
743 1580 818 1631 ita
862 1579 1010 1632 amni
1054 1577 1324 1640 illusisse,
1361 1587 1421 1631 ut
1454 1577 1507 1631 in
1544 1576 1779 1633 theatris
1806 1579 1973 1633 etiam
2006 1589 2063 1633 et

483 1667 816 1737 spectaculis
846 1662 1211 1722 exclamarint
1233 1707 1248 1731 ,
1281 1660 1511 1721 fluvium
1541 1684 1667 1722 cum
1716 1676 1775 1721 ut
1810 1668 2061 1737 decrepi-

2165 475 2312 528 θείου
2370 472 2708 543 παραδείσου
2756 471 2997 540 μιαίνειν
3056 470 3328 542 ὲιτιρῥοάς,
3381 470 3652 547 »Βραχεῖδὲ

2166 568 2342 637 καιρῷ
2364 567 2533 627 πολὺς
2565 564 2763 632 ἁθρόον
2797 562 3100 632 ἐπιχυθεὶς,
3125 567 3216 614 καί
3241 565 3344 625 τοῖς
3365 565 3653 639 ὑψηλοτέροις

2166 660 2275 712 τῶν
2297 658 2479 711 τόπων
2502 658 2561 708 τὸ
2592 654 2809 725 ῥεῖθρον
2836 654 3015 724 ἠφίει.
3057 652 3146 715 Ὠς
3186 652 3240 705 δὲ
3268 656 3357 706 καὶ
3392 657 3471 708 τὸν
3497 659 3652 713 τέλειον

2166 751 2261 803 καὶ
2288 748 2531 810 σπανίως
2575 746 2960 816 πληρούμενον
3008 745 3256 813 ἔφθανεν,
3289 747 3429 801 οὐδὲν
3462 750 3511 803 δὲ
3534 747 3654 822 ἦττον

2168 844 2262 896 καὶ
2295 844 2388 895 ἐπὶ
2411 845 2471 895 τὸ
2501 842 2691 911 πρόσω
2719 840 2778 892 τὸ
2824 839 2970 908 ὕδωρ
3002 839 3348 908 ἑκορυφοῦτο,
3382 843 3453 905 είς
3486 847 3656 900 τούναν-

2165 936 2281 989 τίον
2309 937 2337 988 ό
2366 933 2529 1004 φόϐος
2554 934 2879 1006 περιίστατο
2916 931 3257 999 Δίγυπτίοις.
3297 934 3556 990 Ἐδεδίεσαν
3580 944 3659 1009 γὰρ

2172 1027 2249 1096 μὴ
2290 1028 2382 1079 καὶ
2407 1025 2507 1094 τὴν
2533 1022 2908 1094 Ἃλεξᾶνδρου
2947 1026 3104 1078 πόλιν
3165 1025 3256 1078 καὶ
3281 1027 3468 1095 Λιϐύης
3490 1029 3541 1081 τὸ
3565 1031 3665 1099 κρά-

2164 1136 2351 1171 τιστον
2378 1117 2680 1187 ἑπικλύση.
2712 1117 2948 1184 ἄφθονον
2971 1116 3116 1168 οὕτω
3137 1116 3196 1168 τδ
3216 1118 3415 1187 ῥεῖθρον
3435 1119 3661 1183 ἐπιδιδούς

2166 1212 2328 1265 ὁπότε
2362 1212 2429 1280 δὴ
2452 1212 2611 1278 λόγος
2646 1210 2787 1279 πρὸς
2816 1210 2876 1262 τὸ
2904 1209 3058 1278 παρά
3083 1209 3305 1279 γνώμην
3334 1209 3460 1263 οὕτω
3488 1213 3665 1281 συμϐαῖ-

2167 1322 2257 1357 νον
2286 1304 2416 1367 τοὺς
2463 1305 2521 1355 ὲν
2577 1300 2959 1372 Ἀλεξανδρείᾳ
2985 1299 3257 1371 Ἕλληνας
3296 1301 3664 1372 λοιδορονμέ·.ονς

2165 1396 2244 1466 τῷ
2275 1397 2508 1465 ποταμῷ
2534 1395 2709 1458 οὕτως
2743 1393 3138 1459 ὲπιτωθάζειν,
3172 1394 3246 1457 ὡς
3275 1398 3364 1450 καὶ
3392 1398 3442 1447 ἐν
3466 1400 3557 1459 τοῖς
3581 1399 3669 1451 θεά-

2165 1506 2318 1560 τροις
2341 1491 2602 1560 ἀναϐοᾷν,
2633 1490 2707 1553 ὣς
2737 1486 2826 1542 οἷα
2856 1489 3037 1557 γέρων
3061 1491 3159 1542 καὶ
3178 1488 3355 1558 λῆρος,
3387 1488 3667 1559 ὲξούρησινὸ

2168 1583 2448 1653 ποταμόςο
2478 1582 2547 1636 δι’
2578 1582 2639 1636 οὖ
2675 1582 2922 1637 πλεῖστοι
2952 1582 3062 1636 τῶν
3089 1581 3395 1652 Αἰγυπτίων
3415 1584 3468 1635 τὸ
3492 1585 3669 1652 πάτριον

2169 1675 2500 1745 ἀποθέμενοι
2536 1678 2721 1760 σέϐας,
2753 1676 2848 1729 καὶ
2890 1674 2988 1746 τὴν
3032 1676 3171 1743 παρ’
3215 1675 3429 1728 ἐκείνοις
3468 1675 3664 1727 amau-

487 1772 601 1814 tmn
634 1767 689 1812 et
717 1760 955 1813 delirum
979 1799 995 1823 ,
1028 1768 1370 1829 postremum
1413 1759 1523 1829 jam
1567 1759 1888 1814 eminxisse.
1933 1760 2064 1813 Eam

2179 1744 2368 1834 μονίαν
2405 1746 2842 1831 κατεγνωκότες,
2878 1744 3180 1833 μετέθεντο
3202 1764 3332 1831 πρὸς
3354 1763 3570 1831 Χριστόν.
3592 1765 3671 1815 Καὶ

487 1867 619 1906 sane
650 1852 721 1907 ob
755 1867 977 1906 causam
1012 1850 1407 1921 quamplurimi
1441 1849 1680 1922 Egyptii
1724 1853 1918 1922 patriis
1964 1868 2068 1908 ca!-

488 1942 753 1997 remoniis
806 1937 1003 1995 nuntio
1062 1941 1331 2006 remisso,
1376 1951 1434 1995 et
1494 1942 1892 2011 superstitione
1958 1959 2068 2007 sua

488 2028 767 2087 damnata,
804 2030 870 2083 ad
902 2022 1185 2084 Christum
1221 2046 1281 2084 se
1310 2030 1689 2085 contulerunt.
1726 2031 1851 2087 Hmc
1885 2034 2068 2088 hacte-

489 2134 615 2173 nus.
650 2118 787 2172 Tmn
834 2129 963 2175 vero
992 2131 1049 2175 et
1079 2121 1325 2191 prodigia
1367 2124 1592 2177 insolita
1624 2123 1740 2177 visa
1770 2126 1920 2190 stmt,
1948 2140 2070 2193 quae

491 2211 675 2265 futura
722 2211 842 2265 orhi
888 2206 1031 2266 mala
1083 2213 1505 2280 portenderunt.
1551 2214 1797 2269 Primum
1837 2232 2072 2287 namque

492 2301 777 2370 iimpinata
834 2310 889 2355 et
938 2298 1189 2355 insolens
1218 2302 1377 2356 stella
1410 2304 1466 2358 in
1498 2305 1640 2359 coelo
1671 2306 1865 2360 media:
1895 2308 2072 2362 noctis

494 2406 739 2461 tempore
766 2406 935 2462 prope
964 2390 1281 2447 Luciferum
1310 2395 1593 2466 refulgens
1619 2391 1897 2467 apparuit,
1927 2398 2072 2453 circa

493 2494 617 2537 tum
670 2484 847 2553 ipsum
900 2485 993 2554 qui
1044 2482 1318 2541 Zodiacus
1363 2486 1598 2552 dicitur,
1646 2489 1941 2543 circulum.
1997 2491 2074 2545 Ea

494 2577 640 2645 quod
672 2585 902 2645 propter
943 2578 1299 2631 coruscanles
1331 2579 1515 2633 radios
1559 2578 1754 2648 ingens
1784 2591 1840 2634 et
1890 2580 2075 2635 lucida

492 2678 661 2732 esset,
694 2683 805 2722 non
842 2664 1143 2723 admodum
1177 2666 1438 2725 Lucifero
1470 2672 1656 2727 cessit.
1689 2660 1851 2743 307
1882 2673 2077 2729 Paula-

497 2762 593 2814 tim
630 2777 760 2815 vero
793 2760 858 2815 ad
905 2777 1026 2819 eam
1074 2763 1269 2833 ingens
1311 2764 1481 2817 etiam
1523 2764 1759 2820 aliarum
1793 2766 2076 2822 stellarum

498 2854 581 2909 vis
644 2853 1064 2925 aggregahatur.
1135 2855 1524 2924 Spectaculutn
1590 2857 1641 2912 id
1710 2858 1753 2914 si
1820 2861 2077 2926 vidisses,

497 2961 661 3016 apum
707 2946 985 3010 examini,
1021 2963 1143 3016 quae
1181 2948 1328 3001 circa
1364 2950 1561 3002 ducem
1603 2965 1764 3003 suum
1799 2951 1850 3004 in
1888 2953 2076 3007 orbem

498 3039 806 3094 nbvolitant
827 3077 841 3100 ,
869 3038 1224 3094 contulisses.
1262 3039 1328 3094 Et
1358 3056 1482 3110 quae
1515 3041 1679 3096 veluti
1711 3059 1773 3097 ex
1809 3057 1996 3099 mutua
2024 3055 2080 3102 et

499 3133 741 3188 violenta
780 3132 1150 3187 concussione
1189 3130 1259 3187 ab
1291 3133 1552 3189 omnibus
1581 3135 1663 3189 eis
1698 3137 1929 3190 emicuit
1959 3138 2074 3206 lux,

501 3228 555 3280 in
588 3234 755 3279 unam
790 3225 1088 3295 quamdam
1134 3226 1422 3281 commista
1463 3225 1739 3282 flammam
1772 3229 2075 3286 evadebat:

498 3327 555 3371 et
600 3312 765 3388 gladii
815 3332 1041 3387 prorsus
1089 3317 1387 3386 ancipitis,
1438 3319 1622 3390 magni
1672 3330 1729 3376 et
1785 3322 2075 3389 horrendi,

498 3427 624 3465 eum
676 3416 883 3465 terrore
927 3408 1165 3480 quodam
1218 3414 1507 3477 relucens,
1544 3412 1741 3469 faciem
1790 3414 2076 3470 reddebat.

501 3504 655 3572 Quod
714 3504 861 3559 enim
925 3502 1148 3573 reliquae
1212 3504 1383 3558 stellae
1444 3505 1499 3557 in
1566 3501 1711 3558 idem
1767 3506 2081 3561 reciderent

503 3599 701 3661 risum,
734 3606 792 3651 et
821 3611 952 3661 una,
987 3608 1161 3665 caque
1192 3594 1329 3659 sola,
1362 3606 1485 3665 quae
1519 3596 1757 3665 primum
1784 3606 2079 3665 censpecta

501 3691 682 3744 fuerat
705 3730 717 3752 ,
752 3690 941 3743 habitu
978 3698 1129 3750 toto,
1163 3688 1333 3741 veluti
1373 3688 1528 3740 radix
1561 3698 1656 3743 aut
1690 3689 1949 3757 capulum
1980 3687 2081 3741 ali-

501 3782 648 3850 quod
693 3788 1018 3851 apparerct.
1062 3789 1120 3834 et
1157 3780 1569 3848 quodammodo
1612 3781 1882 3850 litigorem
1926 3780 2081 3833 exhi-

501 3877 629 3930 bita:
666 3876 815 3929 illius
848 3873 1017 3927 stella:
1048 3888 1268 3928 omnem
1305 3873 1618 3942 proferret,
1657 3872 1886 3942 perinde
1916 3882 2081 3941 atque

412 4002 425 4011 ε
501 3984 568 4021 ex
619 3968 844 4021 lucerna
898 3966 1179 4021 funiculus
1223 3964 1463 4031 ardens,
1510 3964 1590 4020 sic
1639 3963 1859 4018 flamma
1899 3965 1955 4017 in
1986 3981 2081 4019 su-

502 4061 669 4113 hlime
717 4059 1040 4114 tollebatur.
1090 4058 1207 4112 lloc
1254 4057 1480 4126 quidem
1530 4058 1705 4111 visum
1751 4057 1831 4111 sit:
1861 4072 2078 4129 parum

500 4151 777 4221 quoddam
818 4152 1055 4220 praebuit
1086 4152 1485 4220 spectaculum.
1524 4148 1703 4204 Motus
1747 4160 1929 4204 autem
1962 4151 2081 4220 ejus

500 4255 730 4310 prorsus
756 4256 784 4293 a
818 4241 1099 4294 stellarum
1133 4242 1377 4294 omnium
1414 4258 1579 4295 cursu
1611 4242 1927 4297 diderebat.
1965 4241 2082 4296 Pri-

503 4348 653 4387 niuin
705 4334 912 4388 etenim
960 4346 1028 4388 ex
1071 4349 1140 4388 eo
1195 4336 1341 4388 unde
1395 4334 1640 4388 diximus
1693 4336 1815 4389 loc'o
1868 4335 2079 4391 moveri

2170 1858 2302 1929 περὶ
2343 1859 2442 1926 μὲν
2471 1856 2665 1910 τούτου
2699 1856 2827 1909 τάδε
2848 1872 2862 1886 ·
2908 1855 3217 1925 τηνικαῦτα
3243 1856 3298 1908 δὲ
3320 1857 3406 1908 xui.
3429 1855 3547 1923 ἕτερ’
3572 1857 3671 1907 dtu

2171 1951 2299 2016 ξένα
2324 1948 2504 2020 ὤφθη,
2537 1949 2573 2004 ἀ
2613 1950 2889 2019 ἐσομένων
2937 1948 3197 2018 μεγάλων
3245 1948 3420 2002 κακῶν
3459 1951 3513 2017 τῇ
3539 1950 3671 1999 οἰκον-

2175 2044 2314 2114 μέλιῃ
2345 2042 2580 2111 ἄγγελος
2620 2037 2787 2111 ἦσαν.
2821 2041 2930 2095 Καὶ
2972 2040 3197 2109 πρῶτον
3247 2039 3409 2108 ἀστὴρ
3438 2038 3670 2106 παράδνξος

2174 2135 2271 2188 καὶ
2303 2134 2481 2204 ἀήθης
2516 2134 2637 2187 κατ’
2680 2132 2915 2205 οὐρανὸν
2966 2126 3142 2198 ὧπτο,
3175 2133 3312 2185 κατὰ
3352 2132 3500 2201 μέσας
3526 2134 3673 2192 νύκτας

2173 2230 2479 2297 ὲκλάμπων
2508 2228 2604 2281 τοῦ
2631 2228 2915 2297 ἑωσφόρον
2950 2227 3148 2295 ἐγγὺς,
3191 2224 3309 2280 κατ’
3338 2226 3483 2277 αὑτὸν
3519 2227 3675 2277 ἐκεῖνον

2174 2321 2234 2384 ὃς
2264 2320 2512 2374 καλεῖται
2544 2318 2744 2382 κύκλος
2788 2318 3064 2381 Ζωδιακός
3089 2357 3104 2372 .
3144 2317 3275 2381 Ταῖς
3308 2318 3351 2370 δ’
3378 2317 3555 2370 ἐκεῖθεν
3576 2322 3675 2369 .110-

2178 2414 2546 2481 παλλομέναις
2580 2413 2981 2481 μαρμαρυγαῖς
3025 2410 3208 2481 μέγας
3238 2428 3317 2473 τις
3350 2414 3430 2462 καὶ
3461 2414 3676 2477 iaceam;

2175 2504 2273 2569 ὢν,
2301 2507 2361 2557 ού
2393 2506 2536 2557 κατὰ
2558 2504 2694 2558 πολὺ
2723 2502 2819 2556 τοῦ
2863 2505 3151 2573 ὲωσφὸρου
3185 2502 3440 2556 ἐλείπετο.
3470 2504 3579 2556 Κατ’
3602 2502 3681 2554 tbi.

2178 2616 2273 2665 γον
2302 2597 2345 2649 δ’
2377 2597 2464 2648 ἐπ’
2491 2596 2659 2649 αὐτὸν
2692 2596 2786 2650 καὶ
2833 2594 2969 2649 πολύ
3008 2612 3059 2648 τι
3104 2595 3235 2648 ἄλλο
3269 2595 3453 2663 πλῆθος
3495 2595 3682 2660 ἀστέρων

2178 2689 2487 2761 ἡθροίζετο.
2519 2689 2787 2752 Εἱκάσαις
2816 2688 2885 2742 ἂν
2915 2687 3037 2741 ἰδὼν
3061 2688 3273 2758 σμῆνος
3294 2684 3424 2740 εἶναι
3452 2685 3681 2756 μελιττῶν,

2180 2783 2334 2853 παρά
2362 2784 2454 2836 τὸν
2485 2785 2791 2853 ἡγούμενον
2825 2782 3255 2850 σφαιρουμὲνων
3285 2783 3341 2833 τὸ
3369 2780 3542 2849 θέαμα.
3576 2780 3683 2829 Κάν-

2180 2877 2369 2932 τεῦθεν
2397 2877 2562 2931 οἱονεὶ
2591 2876 2691 2945 τῆς
2723 2875 2864 2943 πρὸς
2897 2873 3166 2945 ἀλλήλους
3202 2864 3516 2941 συνθλίψεως
3541 2871 3689 2939 βιασσ-

2185 2970 2373 3040 μένης,
2406 2971 2465 3023 τὸ
2496 2970 2605 3022 τῶν
2655 2971 2915 3023 ἁπάντων
2949 2968 3065 3038 φῶς
3097 2972 3180 3031 είς
3212 2969 3337 3035 μίαν
3366 2967 3477 3020 τινὰ
3503 2981 3691 3033 συγκρα-

2183 3062 2273 3114 θὲν
2329 3062 2617 3131 ἀνέλαμπε
2683 3060 2893 3131 φλόγα·
2973 3060 3071 3113 καὶ
3152 3060 3421 3131 μαχαίρας
3491 3060 3691 3126 ἄντικρυς

2180 3156 2473 3227 ἀμφήκους
2510 3156 2759 3227 μεγάλης
2815 3156 2912 3210 καὶ
2946 3156 3193 3225 φοϐερᾶς
3251 3154 3551 3207 ἀπετέλεσεν
3589 3145 3693 3210 εἶδος

2181 3245 2497 3316 πληκτικῶς
2526 3244 2978 3313 ἑξαυγαζομένης
2999 3260 3013 3274 ·
3041 3245 3153 3297 τῶν
3180 3246 3276 3311 μὲν
3303 3243 3465 3294 ἄλλων
3489 3241 3688 3308 ἁττέρων

2183 3338 2263 3399 είς
2293 3335 2455 3390 τοῦτο
2485 3335 2912 3406 μεταπεσόντων
2949 3336 3051 3404 τῆς
3095 3334 3252 3395 θέας,
3285 3335 3399 3396 ένος
3440 3334 3489 3386 δὲ
3522 3332 3600 3383 καὶ
3624 3330 3697 3397 μό-

2181 3445 2271 3480 νου
2306 3427 2399 3480 τοῦ
2443 3426 2663 3496 πρώτου
2702 3414 3074 3495 θεωρηθέντος
3106 3426 3165 3479 ὲν
3194 3426 3344 3489 τάξει
3368 3425 3508 3495 ῥίζης
3532 3419 3695 3486 τινὶςῆ

2181 3522 2352 3590 λαϐῆς
2381 3521 2459 3591 τῷ
2488 3523 2650 3575 παντὶ
2682 3522 2923 3591 σχήματι
2962 3520 3416 3590 ὑποφαινομένου,
3444 3518 3526 3571 καὶ
3546 3511 3635 3568 οἷον
3656 3512 3700 3564 τὸ

2183 3616 2291 3667 πᾶν
2322 3613 2414 3666 τοῦ
2443 3611 2748 3681 δειχθέντος
2775 3612 3004 3683 ἀστέρος
3061 3612 3438 3669 ἀποτίκτοντος
3470 3609 3624 3666 σέλας,
3642 3604 3698 3664 ὡς

2183 3708 2251 3761 ἂν
2293 3710 2355 3759 ἐκ
2411 3705 2610 3776 λύχνου
2670 3708 2814 3767 τινος
2864 3696 3190 3774 θρυαλλίδος
3242 3700 3341 3773 τῆς
3393 3702 3567 3768 φλογός
3596 3695 3699 3765 πρὸς

2183 3793 2316 3864 ὕψος
2348 3793 2766 3863 ἐξαιρουμένης.
2815 3786 3076 3846 Τοιοῦτον
3113 3794 3216 3866 μὲν
3255 3791 3316 3845 τὸ
3344 3792 3516 3858 φανὲν.
3548 3786 3699 3852 καινήν

2182 3902 2303 3939 τινα
2332 3884 2463 3937 θέαν
2494 3885 2755 3953 παρέχον.
2793 3884 2861 3937 Ἦ
2895 3883 2951 3939 δέ
2975 3901 3039 3947 γε
3068 3885 3287 3955 κίνησις
3313 3881 3701 3953 παραλλαττουσα

2184 3979 2360 4048 πάντη
2389 3979 2526 4047 πρὸς
2563 3979 2777 4031 ἅπαντα
2826 3977 3029 4047 δρόμον
3084 3978 3350 4048 ἀστέροςο
3397 3978 3489 4043 την
3511 3974 3605 4041 γὰρ
3633 3970 3703 4033 ἀρα

2184 4071 2306 4139 χὴν,
2364 4068 2491 4123 ὅθεν
2543 4069 2781 4139 εἴρηται,
2828 4067 3099 4122 κινεῖσθαι
3156 4069 3480 4141 ἀρξάμενος,
3530 4062 3699 4117 συνπνί-

2188 4176 2345 4229 σχετο
2374 4160 2451 4229 τῷ
2479 4161 2747 4230 ἑωσφόρῳ
2796 4160 2914 4229 ἅμα
2947 4159 3043 4212 καὶ
3082 4159 3408 4213 κατεδύετο·
3456 4151 3562 4207 εἶτα
3599 4152 3703 4205 κατὰ
3732 4218 3738 4233 τ

2188 4252 2360 4322 βραχῦ
2404 4254 2613 4304 ἐκείνου
2663 4251 3011 4321 διιστάμενος
3044 4253 3211 4324 σχολῇ
3248 4254 3345 4305 καὶ
3374 4251 3528 4321 βάδην
3567 4242 3737 4319 κινού·⁴

2190 4356 2370 4407 μενος,
2399 4337 2474 4402 ὡς
2502 4339 2637 4409 πρὸς
2660 4338 2757 4403 τὰς
2790 4340 3027 4401 ἄρκτους
3054 4341 3155 4411 τὴν
3190 4341 3415 4410 πορείαν
3450 4336 3617 4395 ἐποίει,
3636 4330 3705 4382 καὶ
3730 4342 3743 4403 ξ

504 4426 804 4495 incipiens,
839 4442 945 4480 una
980 4440 1104 4480 cum
1139 4424 1394 4480 Lucifero
1437 4436 1492 4481 et
1523 4426 1807 4481 oriebatur
1848 4438 1900 4481 et
1932 4429 2075 4481 occi-

2186 4432 2259 4494 ὼς
2294 4431 2431 4501 πρὸς
2465 4433 2592 4495 τοὺς
2627 4432 2936 4500 θεωμένους
2978 4433 3281 4517 ὲγκσάρσιον
3332 4433 3417 4485 ἐπ’
3464 4423 3704 4499 ἁριστξρὶς
3730 4426 3741 4499 ἶη

502 4516 685 4570 debat.
724 4514 929 4570 Deinde
962 4515 1225 4586 paulatim
1260 4517 1331 4570 ab
1364 4516 1457 4570 illo
1485 4516 1784 4581 absistens,
1840 4518 2085 4586 segniter

502 4619 557 4663 et
587 4609 924 4678 pedetentim
965 4611 1122 4680 quasi
1154 4612 1220 4665 ad
1252 4624 1411 4664 ursas
1455 4622 1791 4665 conversum
1811 4648 1826 4674 ,
1859 4624 2084 4664 cursum

504 4704 761 4762 tenebat.
788 4713 845 4758 et
881 4704 1049 4759 veluti
1096 4704 1163 4758 ad
1212 4712 1528 4773 spectantes
1568 4701 1795 4772 oblique
1836 4703 1902 4757 ad
1952 4704 2089 4758 sini-

503 4807 673 4850 stram
706 4811 803 4850 sua
836 4796 1196 4866 gradiebatur
1223 4797 1331 4850 via.
1360 4796 1643 4850 Ambituni
1672 4794 1897 4864 quidem
1932 4810 2088 4848 eum-

504 4888 627 4941 dem
655 4903 779 4941 cum
817 4888 991 4942 stellis
1018 4886 1144 4944 aliis
1187 4888 1255 4941 ad
1290 4902 1428 4956 quas
1462 4896 1805 4951 accesserat,
1839 4902 2088 4940 commu-

504 4994 628 5033 nem
692 4978 1054 5048 perficiebat:
1109 4980 1336 5049 proprio
1389 4988 1571 5033 autem
1624 4988 1811 5043 motu,
1868 4978 1961 5047 qui
2018 4978 2085 5030 ad

504 5069 988 5139 quadragesimum
1040 5073 1346 5140 productus
1389 5079 1475 5126 est
1517 5072 1701 5134 diem,
1741 5071 1829 5126 vix
1867 5069 2085 5125 tandem

505 5166 572 5216 ad
602 5179 785 5217 ursam
822 5164 1085 5233 majorem
1121 5166 1393 5231 pervenit.
1442 5165 1621 5233 Atque
1657 5165 1711 5218 in
1743 5163 1922 5218 media
1954 5162 2087 5216 astri

504 5258 626 5325 ejus
675 5265 865 5325 parte,
915 5255 1009 5309 ubi
1060 5269 1402 5324 postremum
1454 5257 1789 5317 rcfulsisset,
1836 5261 2085 5311 evanuit.

505 5353 627 5415 Quo
670 5358 920 5419 tempore
968 5349 1229 5413 cnsifera,
1279 5363 1376 5403 seu
1423 5351 1609 5418 potius
1658 5350 1808 5404 ensis
1851 5348 2085 5403 formam

509 5444 756 5498 referens
803 5444 919 5496 [nec
966 5442 1124 5496 stella
1173 5443 1452 5511 apparuit.
1507 5441 1713 5496 Eodem
1761 5443 1927 5495 etiam
1978 5441 2089 5494 duo

510 5534 795 5587 hominum
830 5548 1061 5602 corpora
1106 5532 1221 5585 visa
1267 5540 1435 5586 sunt:
1483 5532 1718 5586 alterum
1765 5532 1986 5602 quidem
2035 5536 2087 5585 in

510 5623 665 5690 Syria
689 5662 703 5688 ,
738 5639 904 5692 supra
950 5624 1249 5678 humanam
1286 5635 1541 5678 naturam
1587 5624 1967 5693 niagtiitudine
1998 5641 2093 5679 ex-

511 5714 712 5768 cedens
740 5732 753 5767 :
798 5716 1032 5770 alterum
1062 5730 1197 5770 vero
1228 5716 1285 5771 in
1313 5715 1570 5787 1Egypto,
1605 5716 1742 5770 infra
1790 5716 2087 5771 incredibi-

2186 4523 2284 4594 τὴν
2321 4523 2459 4577 ίδίαν
2501 4524 2743 4576 ἐποιεῖτο
2772 4523 2917 4577 όδόν.
2957 4521 3069 4593 Τήν
3099 4541 3163 4591 γε
3211 4526 3319 4593 μὴν
3348 4521 3523 4591 κοινὴν
3560 4517 3705 4582 περίτι·

2185 4614 2278 4669 δον
2307 4614 2406 4685 τὴν
2435 4615 2607 4681 αὐτὴν
2636 4611 2751 4685 εἶχε
2794 4618 2904 4677 τοῖς
2935 4615 3137 4680 ἀλλοις,
3176 4615 3301 4668 καθ’
3346 4614 3437 4676 οὓς
3466 4613 3526 4667 ἂν
3553 4614 3707 4681 γίνοιτο

2191 4710 2583 4778 πορευόμενος.
2612 4708 2722 4778 Τῆς
2746 4706 2792 4761 δ’
2821 4707 2956 4770 ἰδίας
2984 4710 3214 4777 πορείας
3242 4709 3335 4761 ἐπὶ
3359 4708 3709 4774 τεσσαράκοντα

2189 4802 2481 4868 γινομένης
2530 4801 2767 4870 ἡμέρας,
2818 4802 2972 4869 μόλις
3016 4802 3107 4853 ἐπὶ
3140 4801 3241 4868 τὴν
3275 4800 3511 4867 μεγάλην
3556 4795 3708 4865 ἄρκτον

2190 4890 2410 4942 ἐνέϐαλε
2436 4906 2449 4919 ·
2480 4879 2585 4943 κάν
2619 4890 2698 4960 τῷ
2731 4892 3049 4959 μεσαιτάτῳ
3081 4891 3256 4961 αὐτῆς
3284 4893 3350 4944 τὰ
3390 4890 3576 4942 ῢσ;στα
3604 4885 3709 4949 λάμ·

2190 4981 2319 5051 ψας,
2370 4982 2610 5054 ἀπέσϐη.
2645 4985 2787 5036 Καθ’
2824 4985 2883 5036 ὃν
2933 4985 2989 5036 δὲ
3021 4984 3215 5055 χρόνον
3256 4987 3284 5036 ὀ
3339 4977 3708 5053 μαχαιροςόροςν

2194 5075 2399 5143 μᾶλλον
2428 5076 2484 5130 δὲ
2512 5078 2783 5147 ξιφοειδὴς
2810 5076 2973 5141 οὗτος
3012 5078 3256 5147 ἀνεφάνη
3293 5078 3485 5147 ἀστὴρ,
3518 5072 3598 5126 καί
3622 5082 3708 5120 τινα

2190 5166 2283 5219 δύο
2316 5167 2550 5235 σώματα
2578 5165 2735 5237 ὤφθη
2770 5168 3080 5238 ἀνθρώπων
3101 5186 3114 5201 ·
3151 5167 3214 5219 ἒν
3248 5168 3347 5237 μὲν
3391 5170 3446 5219 ὲν
3473 5166 3623 5234 Συρίᾳ
3643 5159 3710 5226 τὴν

2193 5255 2547 5329 ἀνθρωπίνην
2576 5256 2717 5311 κείτά
2762 5260 2995 5329 μέγεθος
3030 5260 3283 5313 ἐκϐαῖνον
3314 5259 3493 5328 φύσιν,
3534 5257 3710 5318 θάτερον

2192 5346 2236 5402 δ’
2269 5352 2328 5402 έν
2360 5350 2649 5419 Αἰγύπτῳ,
2683 5351 2763 5413 είς
2810 5352 3046 5404 ἄπιστον
3085 5351 3409 5422 βραχύτητα
3440 5345 3710 5413 καταλῆγνινο

2204 5442 2347 5494 Ἀλλ’
2386 5444 2414 5494 ὀ
2458 5442 2558 5511 μὲν
2607 5443 2778 5512 Σύρος
2810 5442 2873 5495 τὸ
2903 5444 3134 5512 μέγεθος
3188 5446 3271 5506 είς
3321 5444 3474 5496 πέντε
3519 5436 3710 5490 ἐπεδίδου

2194 5535 2416 5603 πήχεις,
2450 5534 2889 5605 προστιθεμένης
2935 5540 3031 5589 καὶ
3073 5535 3375 5603 σπιθαμῆς,
3411 5532 3595 5599 καὶπερ
3634 5524 3713 5579 τῶν

2194 5625 2371 5678 ποδῶν
2407 5625 2571 5679 αὑτοῦ
2618 5628 2753 5697 πρὸς
2785 5630 2843 5680 τὸ
2891 5627 3081 5682 λοιπὸν
3113 5628 3211 5680 τοῦ
3260 5630 3504 5697 σώματος
3533 5616 3713 5692 μέγεθος

2197 5718 2453 5789 μηδαμοῦ
2509 5720 2570 5773 τὸ
2632 5719 2900 5788 ἀνάλογον
2958 5721 3311 5792 ἐσχηκότων
3363 5721 3488 5773 εἴσω
3520 5715 3615 5782 γὰρ
3649 5706 3714 5758 καὶ
