3936 6206
362 238 464 299 877

1286 231 1880 293 EtZCLESIASTIC‘E
1924 232 2311 293 HISTORIA?
2352 232 2492 294 LIB.
2544 233 2678 294 XII.

3493 242 3596 305 878

360 351 497 419 πρὸς
548 348 612 401 τὸ
654 346 875 416 βλαισὺν
924 346 1377 414 ὖπεκέμπτοντο·
1442 346 1720 405 Ἀντώνιος
1754 341 1821 414 ἦν
1852 345 1904 412 τᾷ

2033 346 2136 399 lem
2178 336 2399 399 staturae.
2447 346 2766 402 brevitatem
2805 351 3131 409 consistens.
3168 356 3337 429 Syrus
3380 361 3434 414 in
3477 364 3594 414 lun-

358 441 634 513 ἀνθρώπῳ
661 440 721 491 τὸ
757 438 951 507 ὄνομα.
984 438 1239 490 Τοιοῦτον
1274 438 1337 507 δή
1368 455 1486 490 τινα
1518 438 1612 490 καὶ
1651 437 1812 501 αὐτὸς
1848 432 1927 491 εῖ-

356 533 445 586 δον
477 534 589 593 τοῖς
621 530 746 584 καθ’
772 531 920 599 ἡμᾶς
957 529 1167 599 χρόνοις
1218 529 1585 597 ἁναφανέντα,
1626 530 1789 599 τέρας
1815 524 1926 581 οἷον

356 623 658 690 δρώμενον,
685 619 744 672 ὃν
766 619 907 690 γυνὴ
945 617 1179 689 βραχεῖα
1212 618 1357 688 μάλα
1391 621 1634 686 προῆγεν
1667 620 1746 680 el;
1788 618 1924 686 φῶς.

361 712 523 767 Οὕτω
546 713 603 765 δὲ
634 711 1077 780 κατεὸραχὺνετο
1117 712 1144 762 6
1177 710 1496 777 Αἰγύπτιος,
1528 709 1604 771 ὡς
1637 708 1928 778 παραπλή-

358 821 474 857 σιον
497 801 636 856 εἶναι
666 803 906 871 πέρδικι,
956 802 1053 853 καὶ
1089 801 1214 871 μηδ’
1256 802 1550 872 ἀχάριστον
1613 803 1671 853 ὲν
1727 798 1925 865 xamen

353 896 455 965 τὴν
475 896 685 947 ἐκείνου
721 892 863 947 εἶναι
905 893 1295 963 προσομιλέαν,
1342 894 1477 963 πρὸς
1519 892 1632 962 ἔριν
1664 891 1923 959 κινούμε-

352 1005 442 1048 νος
479 988 575 1039 καὶ
605 986 925 1057 συναθύρων
957 988 1173 1056 ἐκείνῳ.
1207 985 1279 1036 Τὸ
1317 984 1373 1036 δὲ
1419 985 1571 1051 ξένον
1615 985 1695 1045 εἰς
1728 981 1921 1052 ἀκοὴν,

352 1077 437 1129 ὅτι
486 1077 584 1129 καὶ
633 1076 897 1146 φρόνησις
943 1075 1094 1143 ὲνῆν,
1143 1072 1416 1144 ἀνθρώπῳ
1455 1073 1606 1142 καλῷ
1650 1072 1926 1142 ἐφαρμότ-

350 1186 542 1234 τουσα,
571 1168 722 1221 οὐδὲν
754 1169 860 1221 ὑπὸ
888 1167 988 1238 τῆς
1027 1168 1366 1239 βραχύτητος
1399 1165 1918 1234 καταϐλαπτομένη.

350 1258 464 1315 Ἦν
507 1262 564 1314 δὲ
612 1260 800 1314 καὶτὸ
851 1260 1072 1328 φθέγμα
1106 1259 1206 1311 οὐκ
1253 1258 1532 1327 ἄμουσος·
1573 1257 1627 1309 οἵ
1664 1272 1724 1307 τε
1775 1255 1923 1323 λόγοι

350 1350 445 1403 τοῦ
492 1349 585 1403 νοῦ
623 1353 887 1420 παρεῖχον
936 1349 1174 1419 ὁρᾶσθαι
1231 1347 1332 1418 τὴν
1373 1347 1756 1417 γενναιότητα.
1811 1346 1922 1399 Καὶ

350 1442 519 1508 ἄμφω
540 1440 599 1493 δὲ
638 1440 717 1508 τῷ
756 1441 932 1510 χρόνῳ
959 1439 1333 1508 ἀκμάσαντες,
1369 1439 1429 1490 οὐ
1482 1436 1677 1490 θᾶττον
1727 1435 1924 1505 μετῆλ-

350 1531 446 1584 θον
480 1530 570 1582 τὸν
612 1529 762 1599 βίονο
798 1532 827 1585 6
853 1529 979 1598 ’μὲν
1022 1529 1133 1598 γὰρ
1180 1527 1438 1597 μέγιστος
1467 1528 1536 1579 τὰ
1583 1524 1920 1578 εἰκοσιπέντε

347 1621 568 1689 διεξιὼν
610 1624 732 1691 ἐτη,
762 1620 976 1675 ἀπεὸίω
996 1637 1010 1651 °
1059 1623 1088 1674 6
1118 1619 1163 1672 δ’
1197 1619 1499 1689 ἐλάχιστος,
1538 1617 1605 1670 οὐ
1630 1613 1919 1686 παραπολὺ

2027 436 2330 505 gitudinem
2391 439 2704 492 cubitorum
2768 441 3012 512 quinque
3078 457 3133 505 et
3201 449 3361 505 unius
3422 453 3590 522 palmi

2029 539 2382 588 exereverat.
2423 534 2676 601 quamvis
2719 534 2889 602 pedes
2934 538 3055 605 ejus
3090 540 3313 609 reliquae
3345 547 3593 613 corporis

2030 623 2393 692 magnitudini
2439 626 2794 694 pr0portione
2849 645 2957 683 nou
3008 633 3452 701 responderent:
3504 638 3592 691 iu-

2026 719 2269 765 trorsum
2301 713 2444 766 enim
2473 714 2659 769 intorti
2691 726 2743 772 et
2775 718 2886 772 vari
2916 731 3074 776 erant
3101 739 3115 775 :
3149 722 3353 779 homini
3395 743 3589 782 nomen

2027 808 2147 855 erat
2194 802 2453 857 Antonio.
2508 805 2691 859 Talem
2742 818 2901 864 aetate
2959 826 3179 880 quoque
3232 824 3417 869 nostra
3473 818 3590 886 ipse

2025 891 2162 957 vidi,
2207 909 2306 961 pro
2352 904 2604 950 monstro
2643 896 2927 982 habitum.
2961 917 3124 971 quem
3174 903 3358 960 brevis
3401 907 3591 963 admo-

2026 982 2155 1038 dum
2201 994 2427 1040 statura:
2460 988 2658 1043 mulier
2692 992 2744 1046 in
2791 991 2970 1048 lueem
3011 996 3258 1064 protulit.
3303 997 3589 1069 [Egyptius

2024 1087 2208 1130 autem
2245 1088 2351 1131 tam
2386 1078 2571 1133 brevis
2604 1081 2725 1144 fuit,
2759 1094 2818 1138 ut
2850 1087 3056 1153 perdici
3090 1091 3387 1157 persimilis
3414 1104 3586 1149 esset.

2025 1169 2212 1238 Neque
2254 1171 2525 1242 ingratum
2573 1178 2944 1243 spectaculum
2976 1189 3123 1243 erat,
3160 1185 3204 1237 si
3236 1202 3358 1240 cum
3404 1187 3496 1241 illo
3530 1190 3586 1243 iu

2024 1261 2187 1331 globo
2232 1262 2541 1331 (hominum
2596 1266 2827 1336 scilicet)
2886 1284 3352 1336 conversaretur.
3406 1287 3464 1332 et
3518 1282 3582 1333 ad

2024 1350 2430 1406 contentionem
2480 1355 2753 1411 excitatus
2803 1359 3127 1416 colluderet.
3196 1364 3363 1441 308
3415 1369 3582 1423 Porro

2023 1441 2170 1511 quod
2240 1442 2495 1499 mirabile
2554 1445 2707 1500 dictu
2756 1459 2880 1515 est,
2941 1452 3228 1521 prudentia
3276 1458 3326 1511 ei
3381 1459 3580 1526 iuerat.

2021 1530 2199 1599 qualis
2263 1532 2471 1587 homini
2534 1535 2775 1592 formoso
2838 1544 3099 1611 competit
3149 1561 3163 1600 :
3226 1550 3429 1623 quippe
3486 1555 3580 1607 cui

2023 1623 2273 1692 corporis
2319 1624 2537 1687 exilitas
2577 1642 2641 1680 ea
2693 1629 2760 1682 de
2811 1646 2867 1685 re
2911 1632 3048 1687 nihil
3095 1636 3410 1696 ademisset.
3465 1643 3579 1698 Vox

346 1718 553 1768 τούτων
587 1714 936 1783 λειπόμενος.
986 1712 1161 1766 Πολλὰ
1212 1711 1269 1764 δὲ
1300 1711 1398 1764 καὶ
1422 1709 1587 1778 ἕτερα
1614 1705 1904 1804 τηνικαῦτα

2020 1725 2053 1765 a
2101 1712 2269 1804 hiusis
2326 1730 2434 1768 nou
2500 1717 2850 1774 abhorrebat.
2905 1721 3098 1778 Sermo
3157 1729 3359 1784 mentis
3417 1747 3582 1804 gene-

350 1806 653 1876 συνέδραμε
697 1806 902 1874 τέρατα
926 1819 942 1834 '
985 1802 1021 1856 ἃ
1052 1803 1194 1855 κατὰ
1238 1802 1401 1871 μέρος
1432 1799 1690 1863 διεξιέναι
1721 1799 1781 1849 οὒ
1829 1794 1918 1848 τοῦ

346 1898 616 1968 παρόντος
651 1893 793 1951 εἶναι
833 1897 1039 1966 νομίζω
1069 1895 1284 1964 καιροῦ.

2022 1800 2303 1857 rositatem
2345 1807 2696 1875 spectandam
2742 1812 3054 1872 exhibebat.
3096 1817 3339 1889 Uterque
3381 1800 3576 1881 eodem

2018 1889 2114 1944 illo
2170 1899 2416 1960 tempore
2471 1896 2701 1965 vigens,
2758 1918 2868 1957 non
2925 1906 3114 1963 statim
3178 1911 3348 1967 vitam
3407 1915 3571 1970 ﬁniit.

343 1992 612 2049 Maximus
672 1993 823 2049 enim
864 1992 1057 2062 viginti
1113 1992 1362 2059 quinque
1403 1987 1646 2058 explevit
1705 2000 1901 2047 annos.
1942 1986 2208 2042 minimus
2251 2000 2435 2045 autem
2505 1997 2882 2053 nonmultum
2951 2004 3021 2056 ab
3048 2004 3130 2060 eis
3168 2007 3373 2065 abfuit.
3409 2012 3577 2069 Multa

341 2097 612 2158 prmterea
646 2087 756 2141 alia
791 2097 905 2140 tum
937 2100 1272 2140 concurrere
1301 2082 1573 2154 prodigia,
1609 2095 1733 2151 qua:
1766 2079 2047 2150 sigillatitn
2082 2081 2296 2137 referre
2324 2099 2434 2139 non
2466 2086 2630 2158 hujus
2660 2088 2766 2149 loci
2804 2107 2924 2149 esse
2960 2108 3114 2165 pulo.

902 2217 1152 2273 ΚΕΦΑΔ.
1195 2216 1334 2271 AM'.

339 2346 478 2414 Περὶ
530 2332 1450 2414 τῆς-διξάγχόνῃςἀναιρέσεως
1490 2332 1907 2414 υὺειλεξντινια-

405 2403 520 2471 ἰδοῦ
574 2403 679 2464 τοῦ
708 2403 995 2461 νέοτῖὗπὸ
1026 2403 1468 2473 Ἀρουαγὰστου
1493 2403 1600 2455 τοῦ
1647 2413 1906 2468 στρατηο

405 2502 540 2554 του.

410 2620 697 2680 Θεοδόσιος
732 2616 831 2685 μὲν
870 2613 964 2667 οὖν
991 2611 1134 2664 οὕτω
1161 2608 1259 2679 τὴν
1288 2609 1427 2678 πρὸς
1460 2607 1579 2660 ’Ἕω
1602 2606 1909 2677 ἀρχομένην

334 2713 557 2772 ἰθύνων,
587 2708 855 2777 λαμπρῶς
881 2722 940 2756 τε
963 2703 1080 2773 ἅμα
1100 2702 1195 2755 καὶ
1237 2699 1512 2769 ἐπιμελῶς
1554 2699 1779 2752 διετέλει
1823 2699 1911 2752 θε-

337 2803 596 2875 ραπεύων
622 2801 682 2853 τὸ
722 2799 902 2861 Θεῖον,
936 2798 1057 2858 ταῖς
1107 2793 1427 2864 καθημέραν
1458 2792 1802 2863 προσθήκαις
1829 2793 1908 2855 εἰς

333 2897 576 2950 ἐπίδοσιν
634 2893 786 2961 ἄγων
849 2892 940 2942 τὸν
1005 2888 1433 2958 Χριστιανισμόν
1467 2904 1483 2917 ⁸
1537 2887 1641 2939 ἀνὰ
1686 2887 1743 2938 δὲ
1809 2884 1907 2954 τὴν

345 2986 620 3055 Ἑσπέραν
648 2986 715 3038 τὰ
739 2982 977 3053 δημόσια
1010 2980 1173 3033 πάλιν
1203 2980 1458 3049 πονήρως
1487 2973 1631 3048 εἶχεν
1660 2995 1675 3009 ο
1709 2978 1906 3049 ἠγγέλ-

331 3083 457 3134 λετο
484 3081 593 3150 γὰρ
620 3079 712 3131 τὸν
741 3080 799 3131 ὲν
830 3076 1041 3144 ἑσπέρᾳ
1085 3073 1329 3144 βασιλέα,
1371 3073 1462 3124 τὸν
1509 3074 1629 3123 νέον
1664 3072 1900 3124 Οὐαλεν-

332 3174 591 3235 τινιανὺν,
625 3173 830 3240 ἀγχόνῃ
863 3166 1252 3237 διαφθαρῆναι.
1307 3164 1556 3232 Ἐλέγετο
1593 3163 1651 3216 δὲ
1694 3163 1899 3233 ταύτην

330 3265 482 3334 αὐτῷ
511 3264 608 3334 τὴν
634 3261 933 3331 ἐπιϐουλὴν
954 3259 1221 3313 καττῦσαι
1248 3259 1337 3311 διὰ
1366 3257 1474 3310 τῶν
1505 3255 1899 3325 θαλαμοπόλων

329 3355 601 3424 εὐνούχων
635 3352 829 3416 ἄλλους
859 3369 919 3404 τε
951 3350 1128 3412 τινὰς,
1169 3350 1266 3401 καὶ
1310 3348 1723 3417 Ἀρουαγάστην
1754 3349 1899 3399 ἐκεῖ·

324 3464 441 3510 νον,
480 3446 539 3506 ὃς
570 3446 666 3514 τῆς
691 3445 782 3496 ὑπ’
812 3443 963 3511 αὖτῷ
1012 3444 1195 3511 πάσης
1244 3443 1507 3510 στρατιᾶς
1557 3440 1657 3507 τὴν
1706 3440 1898 3508 ἑπιμέυ

325 3537 479 3590 λειαν
506 3529 673 3604 εἶχεν.
709 3534 864 3588 Ἐπεὶ
892 3535 1001 3603 γὰρ
1050 3527 1187 3584 εἶδον
1218 3534 1310 3583 τὸν
1341 3532 1461 3583 νέον
1505 3531 1582 3593 ὡς
1622 3531 1691 3582 τὰ
1728 3529 1897 3581 πολλᾶ

322 3629 449 3683 κατ’
482 3628 633 3681 οὐδὲν
666 3626 991 3694 λειπόμενον
1032 3623 1127 3675 τοῦ
1171 3625 1382 3692 πατρὸς
1439 3625 1504 3693 τῇ
1534 3625 1703 3693 ἀρχῇ,
1733 3621 1899 3692 χαλε-

324 3720 448 3782 πῶς
474 3735 533 3770 τε
576 3716 918 3785 διακείμενον
971 3711 1050 3769 οἷς
1082 3713 1310 3770 ἐκείνοις
1361 3715 1555 3778 ἐδόκει,
1612 3715 1675 3765 ὲκ
1727 3714 1895 3780 μέσου

322 3814 501 3867 θεῖναι
543 3810 864 3865 διενοοῦντο.
914 3808 1186 3878 ’Λκρατὴς
1224 3807 1271 3858 δ’
1312 3801 1380 3875 ἦν
1426 3804 1571 3873 μάλα
1613 3801 1787 3870 θυμοῦ
1821 3818 1835 3833 ο
1868 3801 1896 3854 ὃ

318 3908 421 3960 καὶ
448 3905 546 3957 τοῦ
572 3906 671 3975 ζῇν
702 3903 864 3956 αὐτὸν
891 3899 1207 3970 περιφανῶς
1241 3897 1637 3963 ἐξεδὶσκευσεν.
1671 3893 1760 3964 Τῷ
1788 3896 1896 3963 γὰρ

334 3996 717 4064 Ἀρουαγάστῃ
748 3994 826 4051 εἰς
868 3992 1058 4059 λόγους
1102 3989 1274 4043 ἐλθὼν
1308 3988 1450 4042 κατὰ
1491 3990 1559 4040 τὰ
1596 3988 1892 4057 ἀνάκτορα,

319 4088 448 4141 ἐπεὶ
471 4090 498 4141 6
521 4086 762 4153 διάλογος
785 4087 865 4148 εἰς
894 4084 1063 4154 ὀργὴν
1092 4083 1344 4152 ἐξέμηνε,
1374 4080 1525 4147 ξίφος
1543 4078 1765 4149 ὥρμησε
1791 4097 1893 4130 κα·-

316 4183 390 4233 ea
413 4180 503 4233 τοῦ
538 4176 848 4247 στρατηγοῦ
897 4175 1205 4229 σπάσασθαι
1237 4189 1252 4203 ·
1290 4172 1553 4234 κωλυθεῖς
1584 4171 1640 4223 δὲ
1668 4170 1749 4239 (οὐ
1782 4170 1892 4239 γὰρ

315 4258 507 4325 εἷοίῖξεν
532 4273 560 4323 6
588 4271 893 4339 δορυφόρος
915 4263 980 4321 οὗ
1013 4267 1071 4320 τὸ
1123 4266 1274 4335 ξίφος
1322 4265 1619 4318 ἐπεϐάλετο
1668 4264 1890 4332 ἕλκειν),

1927 3035 1975 3099 C

2532 2222 2763 2280 CAPUT
2790 2226 3082 2286 XXXVIII.

2006 2326 2273 2394 Quomodo
2302 2333 2704 2427 Valeg‘ti‘uignrus
2726 2340 2915 2427 λυκιου-
2931 2346 2998 2427 ob
3023 2348 3312 2421 Arbagacto
3335 2355 3461 2412 duce
3475 2377 3575 2427 per

2358 2406 2755 2475 suﬁ'ocarioneru
2775 2413 2841 2464 sit
2865 2406 3227 2486 interempta}.

2080 2605 2147 2659 Et
2190 2602 2530 2662 Theodosius
2559 2609 2781 2678 quidem
2824 2611 2926 2670 hoc
2961 2616 3123 2673 modo
3151 2617 3426 2679 Orientale
3467 2641 3574 2698 gu-

2009 2696 2277 2752 bernabat
2311 2698 2620 2782 imperium,
2665 2719 2856 2775 magna
2901 2722 3034 2763 cura
3086 2714 3369 2782 magniﬁce
3401 2696 3571 2773 Deum

2010 2789 2218 2855 colens,
2244 2798 2300 2844 et
2348 2779 2597 2860 quotidie
2656 2798 2811 2851 novis
2865 2779 3276 2861 accessionibus
3307 2806 3572 2865 Christia-

2008 2881 2246 2935 nismum
2278 2882 2575 2953 adaugens.
2640 2887 2699 2941 In
2743 2888 3039 2947 Occidente
3082 2911 3212 2951 vero
3264 2902 3570 2969 respublica

2009 2973 2149 3027 male
2183 2973 2394 3030 habuit.
2455 2976 2737 3046 Siquidem
2796 2982 3072 3052 juniorem
3128 2988 3569 3052 Valentinianum

2008 3065 2389 3135 imperatorem
2441 3070 2566 3140 gula
2636 3072 2806 3128 fracta
2853 3076 3156 3146 interiisse,
3192 3088 3567 3145 renuntiatum

2000 3166 2101 3211 est.
2130 3156 2343 3214 Caedem
2376 3176 2495 3215 eam
2522 3178 2616 3231 per
2649 3165 2877 3223 insidias
2905 3169 2955 3223 ei
2991 3171 3208 3228 molitos
3235 3192 3355 3231 esse
3383 3178 3570 3236 ierunt

1999 3248 2368 3307 cubicularios
2423 3256 2729 3323 eunuchos,
2793 3270 2958 3333 atque
3030 3266 3168 3321 alios
3223 3270 3487 3339 quosdam
3547 3291 3564 3329 :

1998 3342 2472 3416 Arbogastemque
2512 3353 2745 3405 maxime
2778 3353 2950 3418 illum,
2974 3358 3067 3427 qui
3101 3344 3417 3418 militarium
3448 3368 3568 3435 ejus

1999 3438 2281 3503 copiarum
2310 3440 2556 3494 omnimn
2599 3444 2792 3498 habuit
2831 3462 3017 3502 curam
3057 3452 3565 3511 etadministratio-

1998 3540 2137 3579 nem.
2173 3526 2306 3581 Cum
2334 3529 2480 3584 enim
2506 3532 2759 3607 juvenem
2794 3535 3024 3604 imperio
3038 3539 3393 3607 gubernando
3418 3547 3565 3601 nulla

1995 3630 2167 3685 prope
2197 3633 2254 3672 re
2278 3622 2417 3689 patri
2443 3606 2754 3677 inferiorem
2787 3642 2929 3692 esse,
2958 3636 3015 3682 et
3045 3633 3281 3699 graviter
3302 3635 3563 3707 pleraque

1996 3724 2116 3776 quae
2166 3709 2272 3765 illis
2327 3712 2681 3781 placuissent,
2750 3717 2891 3773 ferre
2947 3722 3216 3786 viderent,
3267 3728 3561 3785 consilium

1995 3802 2114 3872 ejus
2139 3806 2483 3873 opprimendi
2511 3822 2731 3875 cepere.
2768 3809 2896 3864 Erat
2925 3821 3106 3868 autem
3141 3814 3233 3871 ira:
3263 3817 3559 3874 admodum

1996 3894 2304 3963 impatiens.
2361 3895 2490 3962 Quae
2553 3914 2641 3955 res
2668 3901 2834 3955 etiam
2876 3914 3064 3971 aperte
3123 3907 3287 3962 caedis
3313 3908 3365 3962 ei
3396 3925 3561 3964 causa

1995 3986 2116 4041 fuit.
2149 3987 2285 4041 Cum
2316 3989 2611 4061 Arbogaste
2660 3994 2805 4048 enim
2830 3995 2882 4049 in
2920 4001 3068 4067 regia
3098 3999 3422 4067 collocutus,
3465 4002 3556 4056 ubi

1993 4080 2158 4134 verba
2196 4080 2249 4134 in
2286 4081 2419 4136 iram
2451 4086 2690 4139 insanam
2746 4102 2992 4153 evasere,
3058 4106 3188 4146 ense
3239 4093 3559 4161 magistrum

1992 4171 2229 4226 militum
2276 4175 2570 4229 confodere
2600 4193 2883 4251 aggressus
2915 4190 3019 4236 est.
3074 4182 3178 4237 Sed
3237 4199 3267 4237 a
3301 4185 3557 4252 satellite,
3596 4180 3604 4189 ’

1992 4262 2079 4316 cui
2106 4263 2309 4318 ferrum
2341 4267 2627 4322 extrahere
2676 4269 2831 4323 nisus
2862 4269 3065 4337 fuerat,
3099 4272 3387 4341 inhibitus,
3443 4282 3558 4333 tum

316 4365 442 4418 τότε
479 4365 578 4432 μὲν
607 4360 788 4428 λόγοις
838 4359 1083 4429 προσῆγε
1144 4359 1223 4428 τῷ
1267 4357 1649 4429 ’Δρουαγάστῃ
1676 4358 1773 4427 τὴν
1805 4357 1894 4410 Θε-

2006 4356 2217 4425 quidem
2249 4359 2428 4413 verbis
2450 4359 2808 4430 Arhogaslem
2863 4363 3043 4418 acrius
3072 4364 3414 4435 objurgatum
3444 4368 3563 4436 pla-

322 4455 558 4526 ραπειαν
598 4468 615 4486 ⁸
650 4455 679 4506 6
727 4451 783 4505 δὲ
832 4453 943 4512 τοῖς
977 4449 1158 4518 λόγοις
1224 4448 1428 4519 μᾶλλον
1481 4450 1580 4519 τὴν
1618 4450 1890 4519 σφετέραν

317 4546 555 4617 ἠκρίϐου
598 4545 874 4607 ὖπόνοιαν,
907 4544 988 4605 εἰς
1016 4544 1223 4610 γνῶσιν
1273 4542 1677 4613 μεθισταμένην
1719 4558 1734 4575 ·
1766 4543 1893 4594 ἐπε-

320 4638 537 4707 ρομένῳ
552 4636 660 4705 γὰρ
702 4635 803 4702 τῆς
841 4634 1109 4702 τοσαύτης
1132 4634 1312 4705 ὁρμῆς
1340 4633 1439 4702 τὴν
1473 4634 1673 4694 αἰτίαν,
1701 4633 1893 4687 ἑαυτὸν

314 4724 718 4796 διαχρήσασθαι
748 4727 776 4777 6
800 4727 930 4785 παῖς
958 4723 1311 4793 ἁπεκρίνατο,
1346 4724 1537 4791 ὅτιπερ
1590 4720 1892 4791 βασιλεύων

313 4819 380 4871 οὐ
412 4818 744 4886 ξυγχωροῖτο
777 4817 1039 4881 πράττειν
1073 4815 1110 4869 ἃ
1131 4815 1407 4884 βούλεται,
1455 4818 1550 4867 καὶ
1580 4816 1666 4867 διὰ
1711 4816 1893 4869 τοῦτο.

319 4912 428 4964 Καὶ
459 4913 487 4962 ὁ
515 4912 613 4979 μὲν
652 4911 772 4961 τότε
812 4908 977 4978 μηδέν
1007 4925 1057 4959 τι
1122 4907 1282 4959 πλέον
1336 4907 1888 4976 πολυπραγμονήσας,

320 5004 398 5072 μὴ
428 5000 787 5068 καταξιοῧατα
811 5002 985 5064 οὕτως
1014 5001 1208 5069 ἔχοντα
1234 5001 1356 5070 ζῇν,
1387 4999 1609 5068 ὕστερον
1641 5003 1720 5071 ἐν,
1739 4998 1889 5049 Βιέν-

316 5110 387 5165 vn
416 5096 515 5162 τῆς
539 5095 774 5157 Γαλλίας
804 5096 992 5147 τοῦτον
1023 5095 1388 5165 ἠριστηκότα,
1426 5094 1517 5144 καὶ¹
1546 5086 1683 5160 πρὸς
1717 5091 1890 5155 τάφα-

314 5189 381 5256 νῆ
415 5188 525 5239 τῶν
555 5186 846 5256 βασιλείων
878 5190 1010 5256 περὶ
1037 5187 1096 5237 τὺ
1126 5185 1222 5238 τοῦ
1280 5183 1526 5253 ποταμοῦ
1562 5184 1735 5250 χεῖλος
1785 5199 1886 5247 με-

313 5278 520 5347 σούσης
551 5278 763 5347 ἡμέρας
800 5280 1075 5344 παιγνξοις
1122 5278 1233 5328 τισὶ
1265 5276 1595 5344 σχολάζοντα
1618 5272 1889 5341 θεασάμε-

313 5387 428 5434 νος,
461 5370 672 5436 πέμπει
705 5368 813 5420 τῶν
838 5384 990 5429 τινας
1022 5367 1111 5419 ὑπ’
1147 5365 1316 5435 αὐτῷ,
1360 5364 1564 5434 ἀγχόνῃ
1599 5363 1658 5415 τὸ
1694 5363 1888 5432 μειρά-

309 5478 432 5514 κιον
447 5460 787 5531 διαφθεῖραι,
819 5461 1031 5525 οὐδενὸς
1061 5463 1168 5513 τῶν
1190 5459 1646 5528 ὑπηρετουμένων
1667 5474 1732 5509 συ
1740 5472 1889 5524 μπαο

313 5553 497 5623 ρόντος
525 5553 673 5624 αὑτῴ
701 5571 714 5585 ·
735 5553 888 5624 ὁγὰρ
911 5553 1099 5626 καιρὸς
1113 5553 1344 5625 ἁριστᾷν
1376 5550 1575 5613 αὐτοὺς
1604 5548 1890 5617 μετεστέλ-

307 5644 456 5697 λετο.
479 5644 586 5700 Καὶ
601 5647 630 5698 6
648 5645 746 5717 μὲν
766 5643 908 5699 οὕτω
922 5644 1121 5716 χειρῶν
1144 5644 1431 5714 ἀγριότητι
1448 5641 1779 5708 ἁπεπνίγετο
1799 5656 1814 5671 θ
1836 5642 1888 5692 οἰ

1997 4449 2158 4503 cavit.
2200 4449 2294 4504 Ille
2319 4462 2503 4505 autem
2530 4468 2596 4506 ex
2628 4454 2812 4507 verbis
2838 4455 2960 4523 ejus
2984 4456 3302 4526 opinionem
3331 4459 3478 4512 illius
3502 4459 3559 4513 in

1994 4552 2245 4603 apertum
2272 4544 2593 4613 productam
2628 4547 2940 4600 accuratius
2994 4547 3419 4613 considerandi},
3475 4564 3562 4602 se-

1994 4647 2118 4685 cum
2149 4632 2266 4702 ipse
2304 4634 2608 4702 perpendit.
2645 4634 2950 4703 Inquirenti
2982 4637 3127 4689 enim
3148 4638 3280 4690 tanti
3316 4639 3559 4706 impetus

1993 4740 2255 4781 causam:
2296 4727 2601 4781 Allaturum
2636 4726 2740 4783 sibi
2774 4727 2874 4794 ipsi
2922 4742 3117 4783 manus
3171 4743 3311 4791 esse,
3369 4730 3556 4784 adole-

1993 4834 2150 4871 scens
2178 4821 2472 4887 respondit,
2507 4820 2653 4887 quod
2684 4834 2808 4873 cum
2849 4822 3147 4888 imperator
3169 4833 3334 4882 esst-t,
3378 4821 3558 4876 facere

1991 4910 2138 4977 quod
2164 4910 2343 4971 vellet,
2405 4926 2510 4962 non
2546 4912 3003 4978 permitteretur:
3062 4919 3397 4980 quapropter
3452 4912 3553 4965 sibi

1992 5003 2101 5054 vita
2134 5001 2254 5054 talis
2283 5000 2491 5069 ingrata
2543 4999 2704 5054 etiam
2737 5011 2901 5055 caset.
2939 5003 3114 5070 Atque
3170 5002 3257 5055 ille
3290 5011 3403 5056 tum
3433 5004 3556 5070 qni-

1991 5093 2113 5147 dcm
2192 5091 2327 5146 nihil
2401 5092 2636 5163 amplius
2699 5093 2915 5147 curiose
2969 5102 3339 5161 percontatus.
3393 5092 3556 5163 309

1992 5184 2185 5238 Postea
2217 5194 2399 5239 autem
2422 5185 2641 5240 Vienna:
2681 5184 2733 5238 in
2768 5184 2960 5248 Gallia,
2988 5202 3109 5239 cum
3138 5201 3262 5239 eum
3292 5202 3554 5254 pransum

1990 5277 2041 5328 in
2076 5276 2346 5329 abditiore
2390 5275 2548 5345 regia:
2592 5275 2713 5330 loco
2753 5276 2819 5329 ad
2872 5276 3110 5330 (luminis
3169 5276 3338 5344 ripam
3393 5277 3553 5327 meri-

1989 5364 2155 5418 diano
2186 5377 2430 5433 tempore
2477 5365 2688 5419 ludicro
2738 5366 2949 5429 cuidam
2992 5377 3268 5419 vacantem
3305 5367 3550 5431 vidisset,

1986 5472 2341 5526 percussores
2369 5456 2630 5524 quosdam
2664 5472 2728 5511 ex
2752 5458 2865 5510 suis
2894 5459 2942 5511 ei
2968 5457 3214 5520 immisit.
3269 5458 3359 5526 qui
3424 5456 3551 5511 ado-

1986 5547 2347 5601 lescentulum
2366 5546 2723 5601 suITocatione
2744 5557 3022 5610 necarent,
3050 5564 3171 5601 cum
3192 5563 3257 5603 ex
3287 5548 3550 5604 ministris

1985 5638 2033 5693 ei
2070 5652 2230 5692 nemo
2248 5639 2465 5693 adesset
2492 5654 2505 5691 :
2527 5645 2740 5705 tempus
2765 5638 2909 5692 enim
2935 5638 3057 5694 illos
3081 5614 3546 5707 anrandendum
