3936 6206
434 277 539 341 879

1665 276 2079 337 NlCEPlIORI
2119 278 2463 339 CALLISTI

3534 290 3635 351 ΒΧ)

434 373 777 445 evocaverat.
806 389 994 459 Itaque
1030 391 1120 445 ille
1152 391 1230 445 sic
1257 391 1570 446 crudelibus
1634 394 1995 464 strangulatus

2110 394 2164 446 δέ
2191 412 2254 461 γε
2280 395 2340 447 τὸ
2369 395 2530 463 ἔργον
2562 393 3017 464 διαπραξάμενοι,
3057 395 3141 448 ἵνα
3172 396 3245 467 μὴ
3266 400 3325 450 ἐκ
3366 400 3452 452 τοῦ
3482 407 3636 472 σχεδὸν

435 489 517 533 est
544 479 821 533 manibus.
878 482 945 531 At
968 480 1133 535 caedis
1179 481 1299 550 ejus
1350 490 1677 549 patratores,
1741 498 1808 535 ne
1846 482 1891 536 si
1951 498 2015 535 ex

440 578 690 637 tempore
742 567 926 620 statim
959 584 1315 637 percussores
1370 570 1806 639 inquirerentur,
1858 569 2015 625 facile

436 658 779 727 deprehendi
832 667 1076 725 possent,
1108 658 1329 712 sudario
1354 659 1475 728 ejus
1510 671 1765 729 tanquam
1822 660 2018 730 laqueo

438 750 647 804 circum
679 751 881 805 collum
912 749 1102 819 ligato,
1164 750 1452 803 sublimem
1487 766 1611 805 eum
1651 752 2015 819 suspendere,

443 851 501 894 ut
534 857 626 895 sua
662 850 856 909 sponte
887 840 991 894 sibi
1051 841 1167 910 ipse
1205 842 1385 911 gulam
1448 840 1673 910 fregisse
1710 843 2014 896 videretur.

441 933 918 986 Adolescentulum
971 933 1164 1003 istum.
1219 932 1447 987 miriﬁce
1503 932 1733 1000 imperio
1786 932 2011 996 dignum

440 1024 614 1077 visum
643 1040 762 1078 esse
802 1026 977 1088 aiunt,
1011 1033 1233 1093 propter
1273 1025 1469 1077 bonam
1510 1025 1760 1093 corporis
1793 1024 2015 1077 habitu-

442 1113 650 1176 dinem,
683 1123 741 1168 et
765 1115 1028 1168 virtutum
1075 1114 1366 1167 multarum
1423 1127 1779 1174 concursum,
1813 1112 2016 1180 quibus

442 1205 741 1272 imperator
808 1205 985 1256 bonus
1057 1212 1375 1256 exornatur.
1452 1202 1822 1272 Magnitudine
1886 1216 2015 1254 vero

438 1292 632 1355 animi,
693 1302 748 1347 et
790 1293 1003 1363 justitia
1080 1308 1312 1357 summa,
1367 1304 1575 1361 patrem
1637 1296 1800 1346 etiam
1853 1308 2012 1347 suum

441 1392 896 1452 exsuperaturum
932 1386 1119 1444 fuisse,
1141 1384 1409 1453 siquidem
1431 1384 1478 1437 ei
1504 1385 1554 1436 in
1580 1385 1755 1436 virum
1779 1388 2013 1438 evadere

441 1475 706 1530 licuisset.
744 1476 856 1529 Tali
890 1476 980 1530 ille
1002 1487 1200 1539 morte,
1229 1490 1351 1529 cum
1376 1475 1498 1529 talis
1514 1485 1677 1538 esset,
1696 1475 2010 1529 vicesimum

436 1568 613 1623 aetatis
640 1582 809 1637 agens
833 1582 1058 1631 annum,
1090 1567 1255 1621 vitam
1289 1566 1451 1620 ﬁniit.

997 1681 1222 1737 CAPUT
1254 1679 1498 1734 XXXIX.

441 1767 521 1821 De
575 1769 856 1839 tyrannide
908 1766 1130 1839 Eugenii
1170 1771 1225 1823 in
1288 1767 1608 1822 Occidente:
1658 1779 1704 1822 et
1767 1780 1822 1821 ut
1870 1775 2007 1822 hunc

508 1854 714 1907 quoque
767 1838 874 1891 Deo
912 1838 1139 1907 dilectus
1172 1841 1459 1906 imperator
1510 1839 1720 1905 vicerit,
1747 1855 1865 1891 cum
1892 1855 2006 1892 eam

486 1946 487 1949 η
511 1906 787 1961 uicturiam
812 1906 977 1960 divini
1003 1908 1103 1959 viri
1142 1908 1531 1976 prtedixissent.

487 2021 791 2090 Eugenius
821 2030 1029 2082 autem,
1090 2019 1289 2074 Grazca:
1339 2020 1748 2089 superstitionis
1802 2020 2004 2086 cultor,

440 2126 713 2165 summam
745 2126 927 2165 rerum
960 2110 1206 2176 involat,
1251 2120 1300 2164 et
1356 2112 1661 2179 imperialia
1706 2112 1808 2165 sibi
1838 2112 2007 2164 sumit

433 2200 692 2269 insignia,
721 2201 1013 2271 adjuvante
1042 2200 1346 2270 Arbogaste
1382 2219 1395 2253 :
1433 2201 1525 2269 qui
1551 2201 1693 2270 quod
1742 2202 2004 2255 barbarus

370 2330 374 2337 -
432 2306 633 2359 genere
662 2300 825 2353 esset,
873 2291 1104 2360 imperio
1162 2307 1387 2345 manum
1443 2293 1672 2362 injicere
1719 2308 2003 2362 aggressus

432 2398 545 2438 non
577 2392 681 2438 est.
731 2384 1008 2454 Eugenius
1037 2394 1220 2438 autem
1281 2385 1499 2438 Latinas
1528 2385 1759 2451 primum
1792 2385 2002 2437 litteras

429 2475 620 2531 docuit
654 2492 667 2529 :
703 2475 901 2531 deinde
930 2476 1061 2530 ludo
1093 2477 1359 2531 litterario
1389 2477 1603 2535 relicto,
1653 2475 1705 2528 in
1735 2475 2000 2544 imperiali

428 2568 555 2621 aula
583 2566 856 2621 militavit.
887 2568 1064 2637 Atque
1087 2567 1160 2621 ibi
1193 2568 1245 2620 in
1265 2566 1514 2621 ordinem
1540 2568 2001 2636 antigrapliiariu-

428 2676 552 2715 rum
582 2670 638 2714 et
661 2659 965 2724 imperialis
986 2646 1236 2728 pecuniae
1267 2659 1557 2713 custodum
1595 2669 1871 2726 receptus,
1904 2674 1995 2713 ee-

422 2751 599 2806 tebris
647 2750 880 2805 maxime
912 2759 968 2803 et
1014 2750 1158 2819 apud
1211 2751 1601 2818 imperatorem
1654 2750 1707 2803 in
1740 2765 1997 2819 magnum

427 2841 691 2895 honorem
722 2839 848 2906 fuit,
886 2842 1268 2911 magistrorum
1294 2842 1457 2895 etiam
1490 2841 1812 2910 dignitatem
1867 2857 1997 2894 con—

425 2943 669 2988 secutus.
716 2931 850 2989 Cum
894 2942 1077 2989 autem
1134 2945 1459 3003 praesentem
1522 2933 1799 2987 fortunam
1852 2934 1995 2988 ferre

418 3040 539 3078 non
568 3035 773 3093 posset,
794 3024 863 3078 ad
889 3025 1235 3096 tyrannidem
1271 3026 1573 3094 Spectavit:
1633 3026 1890 3079 inductus
1929 3027 1993 3080 ad

431 3118 484 3171 id
510 3135 538 3170 a
579 3117 933 3183 quibuSdam,
988 3117 1084 3185 qui
1112 3130 1171 3170 se
1201 3131 1267 3170 ex
1320 3115 1577 3180 victimis,
1633 3116 1997 3169 extorumin—

426 3210 710 3278 spectione
743 3219 801 3262 et
846 3219 1119 3262 astrorum
1169 3204 1627 3270 scientiaJutura
1658 3216 1817 3260 certo
1854 3207 1997 3262 scire

432 3298 1018 3353 conlirmabaut.’Cum
1076 3297 1230 3352 multi
1287 3297 1434 3352 enim
1487 3297 1579 3351 alii
1636 3312 1704 3353 eo
1748 3306 1996 3367 tempore

429 3389 597 3444 rebus
626 3389 775 3444 hisce
794 3398 1093 3454 vacarunt,
1114 3399 1228 3443 tum
1260 3388 1490 3443 maxime
1524 3388 1816 3443 Flavianus
1840 3390 1994 3444 urbis

429 3483 615 3537 [tenue
644 3481 955 3551 praefectus,
994 3480 1077 3534 vir
1128 3479 1185 3532 in
1220 3478 1527 3550 disciplinis
1564 3480 1876 3548 praeclarus,
1907 3489 1990 3533 at-

425 3587 533 3642 que
564 3573 610 3626 si
671 3571 812 3626 alius
871 3571 1188 3641 quisquam,
1240 3580 1295 3625 et
1345 3570 1464 3639 ipse
1517 3569 1759 3625 civilium
1806 3585 1991 3626 rerum

424 3664 583 3718 valde
608 3663 840 3734 peritus,
897 3678 1192 3732 rerumque
1223 3661 1526 3716 futurarum
1579 3661 1597 3731 (
1625 3670 1684 3715 ut
1711 3663 1808 3731 ipsi
1843 3664 1993 3717 vide-

422 3753 604 3822 batur)
637 3763 788 3807 vates
817 3751 1146 3822 praecipuus,
1183 3751 1414 3804 multum
1444 3752 1498 3803 in
1538 3752 1620 3806 eis
1640 3766 1821 3819 opera:
1850 3754 1994 3807 loca-

421 3848 539 3900 vit:
569 3845 734 3916 310
759 3859 865 3913 qua
899 3852 1018 3897 arte
1043 3841 1345 3912 Eugenium
1378 3858 1618 3911 quoque,
1681 3852 1740 3897 ut
1783 3843 1990 3899 bellum

422 3939 745 4007 susciperet,
780 3934 1076 4006 permovit,
1098 3942 1258 3989 certo
1288 3934 1438 3989 illum
1471 3934 1738 4005 quidquid
1771 3952 1993 4005 aggres-

421 4043 516 4082 sus
541 4038 707 4093 esset,
738 4025 1112 4096 perfecturum
1149 4024 1447 4094 pollicitus.
1474 4024 1608 4078 Nam
1658 4036 1806 4081 sorte
1838 4027 1988 4082 fatali

426 4120 801 4172 Romanorum
837 4115 1130 4185 imperium
1159 4116 1224 4169 ad
1263 4129 1391 4170 eum
1421 4116 1717 4184 pertinere,
1753 4133 1990 4189 eumque

426 4210 560 4264 belli
611 4210 874 4263 victorem
943 4207 1080 4271 fore,
1143 4214 1200 4261 et
1253 4206 1568 4276 religionem
1624 4209 1988 4267 Christianam

424 4310 762 4354 mutaturum
792 4314 913 4355 esse
940 4299 1096 4354 dixit.
1120 4298 1234 4364 Qua
1264 4313 1361 4369 spe
1400 4299 1666 4357 adductus
1692 4303 1987 4373 Eugenius,

2120 484 2402 554 ζητήσεως
2447 487 2747 555 γενομένης
2774 486 3092 556 κατάφωροι
3122 487 3403 556 γένωνται,
3424 492 3479 544 το
3520 497 3636 550 ὲκεί-

2119 595 2208 629 νου
2241 576 2577 645 ἡμιτύμϐιον
2604 577 2802 630 ὡσανεὶ
2825 579 3019 648 βρόχον
3046 579 3126 648 τῷ
3159 582 3408 651 τραχήλῳ
3448 588 3637 653 περιδα.

2119 668 2323 731 λόντες,
2359 672 2436 729 είς
2465 669 2595 737 ὕψος
2620 670 2879 737 ἀρτῶσιν,
2907 673 2983 732 ὡς
3008 670 3073 722 ἄν
3106 687 3169 738 γε
3204 672 3328 745 δόξῃ
3358 678 3421 742 τῇ
3441 681 3639 750 σφετέρᾳ

2118 762 2308 830 γνώμῃ
2337 760 2530 812 ἑαυτὸν
2560 762 2625 830 τῇ
2658 760 2866 830 ἀγχόνῃ
2892 760 3197 815 ἐπιϐαλεῖν.
3224 763 3357 814 Φασί
3386 781 3445 831 γε
3476 768 3569 835 μὴν
3592 773 3641 821 τὺ

2121 852 2410 921 μειράκιον
2481 840 2642 902 τοῦτο
2699 850 2996 918 ὑπερςρυῶς
3058 850 3205 916 δόξαι
3255 853 3350 921 τῆς
3404 855 3640 923 βασιλείας

2117 941 2290 1007 ἄξιον,
2314 943 2387 1009 τῷ
2418 959 2475 993 τε
2498 945 2590 994 τοῦ
2625 945 2878 1008 σώματος
2911 937 2969 993 εὖ
2999 942 3167 1011 ἔχειν,
3198 945 3290 994 καὶ
3320 944 3517 996 πολλῶν
3539 949 3641 1016 ἀρε-

2116 1034 2225 1086 τῶν
2257 1035 2549 1103 συνδρομῇ,
2575 1030 2656 1095 οἷς
2683 1035 2710 1085 ὀ
2735 1032 3013 1101 βασιλικὸς
3059 1035 3231 1097 τύπος
3280 1042 3641 1108 χαρακτηρίζε-

2114 1145 2226 1180 ται.
2267 1128 2356 1194 Τῷ
2390 1127 2447 1179 δὲ
2507 1126 2876 1195 μεγαλοψύχῳ
2930 1128 3022 1179 καὶ
3064 1126 3141 1196 τῷ
3194 1128 3293 1197 τῆς
3339 1129 3640 1200 δικαιοσύνης

2114 1219 2270 1288 ἄκρῳ
2300 1220 2395 1271 καὶ
2428 1220 2520 1272 τὸν
2548 1220 2757 1271 ἐκείνου
2813 1219 3217 1286 ὑπερϐαλέσθαι
3269 1222 3490 1291 πατέρα,
3511 1225 3557 1276 εί
3590 1241 3641 1290 γε

2110 1312 2470 1378 συνεχωρεῖτο
2518 1311 2654 1380 πρὸς
2708 1310 2905 1380 ἄνδρας
2944 1310 3181 1367 τελέσαι.
3224 1311 3281 1365 ’0
3320 1313 3416 1382 μὲν
3444 1312 3527 1367 οὖν
3557 1332 3641 1367 τοι·

2111 1400 2269 1464 οὗτος
2299 1401 2394 1463 ὢν,
2425 1399 2569 1453 οὕτω
2592 1400 2874 1467 τέθνηκεν,
2902 1399 3146 1453 εἰκοστὸν
3180 1400 3287 1453 ἀπὸ
3303 1401 3397 1470 τῆς
3411 1402 3640 1469 γενέσεως

2110 1491 2229 1556 ἔτος
2261 1494 2429 1562 ἄγων.

2675 1697 2931 1751 ΚΕΦΔΛ.
2992 1698 3118 1751 Λθ’.

2112 1790 2251 1854 Περὶ
2292 1787 2404 1853 τῆς
2453 1789 2522 1840 ἐν
2565 1788 2822 1855 Ἐσπέρᾳ
2865 1791 3158 1857 Εὐγενίου
3182 1791 3639 1857 τυραννίδος-ὡς

2177 1860 2273 1910 καὶ
2306 1859 2518 1927 τοῦτον
2550 1862 2581 1910 ὀ
2612 1858 2895 1927 θεοφιλὴς
2928 1858 3310 1925 ἑτροπώσατο
3357 1862 3636 1926 βασιλεὺς,

2178 1929 2351 1980 θείων
2381 1926 2617 1993 ἀνδρῶν
2638 1926 3276 1996 προκαταγγειλὰντων
3298 1930 3411 1995 τὴν
3437 1932 3607 1998 νίκην.

2188 2039 2352 2110 Ἀνὴρ
2375 2041 2429 2092 δέ
2455 2057 2538 2101 τις
2565 2040 2844 2105 Εὑγένιος,
2896 2040 3096 2110 Ἕλλην
3124 2043 3183 2093 τὸ
3206 2041 3394 2105 σέϐας,
3435 2042 3634 2113 ἐπιπηδᾷ

2104 2132 2168 2198 τῇ
2206 2130 2370 2197 ἀρχῇ,
2400 2131 2491 2180 καὶ
2520 2130 2588 2179 τὰ
2616 2130 2710 2195 τῆς
2751 2127 3031 2195 βασιλείας
3062 2128 3428 2197 ἀμφιέννυται
3466 2128 3639 2197 σύμϐο-

2104 2221 2189 2285 λα,
2231 2219 2622 2289 συνεργοῦντος
2670 2221 3101 2290 Ἀρουαγάστου,
3122 2220 3180 2284 ὃς
3213 2221 3485 2291 βάρϐαρος
3509 2220 3638 2273 time

2102 2315 2280 2380 γένος,
2314 2313 2423 2365 οὐδ’
2480 2312 2761 2365 ἐπιϐαλεῖν
2790 2315 2855 2381 τῇ
2898 2316 3039 2382 ἀρχῇ
3082 2313 3460 2383 ἐπεχείρησεν.
3497 2314 3636 2381 Εὑγέο

2101 2423 2214 2468 νιος
2247 2406 2301 2457 δὲ
2347 2404 2687 2472 ’ῐνωμαῖκοὺς
2739 2405 2931 2478 λόγους
2991 2403 3305 2456 παιδεύσων
3335 2406 3402 2457 τὰ
3452 2406 3635 2474 πρῶτα,

2101 2500 2294 2550 ἔπειτα
2321 2497 2612 2567 διαρρίψας
2640 2497 2710 2549 τὰ
2738 2497 3121 2566 παιδευτήρια,
3148 2499 3298 2549 κατὰ
3329 2498 3394 2549 τὰ
3424 2497 3638 2566 βασίλεια

2100 2590 2474 2658 ἐστρατεύετο,
2503 2591 2595 2641 καὶ
2630 2591 2687 2639 ὲν
2718 2590 3257 2657 τοῖ;’ἁντιγραιρεῦσι
3283 2591 3375 2642 τοῦ
3409 2590 3637 2659 βασιλέως

2099 2677 2355 2730 ἐτέτακτο
2377 2693 2393 2709 ο
2431 2678 2714 2746 ἐλλόγιμος
2743 2679 2799 2731 δὲ
2826 2680 2894 2731 τὰ
2948 2679 3187 2748 μάλιστα
3218 2680 3319 2745 ὢν,
3372 2682 3453 2734 διὰ
3497 2681 3637 2750 τιμῆς

2100 2767 2360 2835 πλείστης
2383 2767 2462 2835 τῷ
2493 2767 2708 2836 βασιλεῖ
2727 2764 2812 2838 ἦν,
2853 2770 2946 2821 καὶ
2969 2771 3027 2831 ἐς
3056 2770 3156 2836 τὴν
3199 2772 3314 2823 τῶν
3356 2773 3637 2842 μαγίστρων

2098 2861 2256 2925 ἀξίαν
2281 2860 2534 2912 διέϐαινε.
2577 2860 2689 2930 Τὴν
2721 2860 2773 2912 δὲ
2808 2863 3092 2929 παροῦσαν
3121 2863 3297 2933 τύχην
3337 2865 3409 2935 μὴ
3439 2867 3639 2933 δυναμε-

2098 2969 2183 3014 νος
2214 2954 2476 3019 ἐνεγκεῖν,
2501 2953 2592 3005 ἐπὶ
2621 2952 2681 3003 τὸ
2709 2954 2992 3021 τυραννεῖν
3027 2952 3259 3006 ἔϐλεπεν
3300 2973 3315 2987 ι
3349 2959 3504 3026 ἤγετο
3549 2958 3637 3025 γὰρ

2101 3042 2354 3107 σφαγίοις
2389 3042 2497 3092 τισὶ
2534 3046 2628 3092 καὶ
2648 3040 3081 3106 ἠπατοσκοπίαις
3109 3042 3203 3093 καὶ
3236 3043 3475 3112 ἀστέρων
3501 3045 3638 3095 τινῶν

2100 3134 2439 3201 καταλήψεσι
2479 3133 2666 3198 σαφῶς
2697 3133 2901 3185 εἰδέναι
2934 3134 2995 3186 τὸ
3031 3133 3230 3201 μέλλον
3267 3136 3640 3207 διισχυριζομέ-

2098 3240 2212 3285 νοις
2240 3223 2371 3278 τισί.
2400 3224 2588 3277 Πολλοί
2618 3240 2677 3275 τε
2708 3224 2816 3293 γὰρ
2864 3224 2959 3276 καὶ
3016 3225 3167 3279 ἄλλοι
3197 3231 3495 3297 τηνικαῦτα
3537 3229 3641 3282 τοὺ-

2097 3333 2210 3379 τοις
2236 3312 2376 3384 ἦσαν
2406 3317 2755 3385 σχολάζοντες
2790 3333 2802 3348 ·
2840 3320 2932 3369 καὶ
2959 3318 3022 3389 δὴ
3077 3322 3169 3372 καὶ
3197 3322 3494 3385 Φλαϐιανὸς
3520 3324 3640 3374 ἐκεῖ-

2096 3424 2185 3470 νος
2222 3409 2249 3459 ὁ
2275 3408 2372 3477 τῆς
2402 3408 2621 3478 Ῥώμης
2653 3407 2917 3478 ὓπαρχος,
2948 3413 3280 3482 περιϐόητος
3298 3414 3472 3481 λόγοις
3500 3415 3636 3482 ἀνὴρ,

2096 3500 2191 3551 καὶ
2220 3500 2379 3567 εἵπερ
2408 3515 2495 3561 τις
2516 3500 2646 3567 περὶ
2666 3500 2734 3551 τὰ.
2765 3502 3021 3553 πολιτικὰ
3055 3507 3301 3567 συνετὸς,
3333 3509 3423 3556 καὶ
3454 3505 3507 3556 τὸ
3534 3506 3639 3574 μὲλ-

2094 3589 2184 3643 λον
2214 3589 2287 3650 ὼς
2316 3590 2453 3659 ᾤετο
2479 3591 2757 3658 μαντείαις
2786 3590 3211 3662 ἐξεπιστάμενος
3253 3611 3268 3625 ·
3297 3590 3413 3667 ᾖδὴ
3464 3597 3639 3664 μᾶλλον

2094 3676 2302 3729 καὶτὸν
2332 3676 2587 3741 Εὐγένιον
2632 3676 2968 3744 ὑπηγάγετο,
3006 3681 3101 3731 καὶ
3133 3683 3272 3750 πρὸς
3326 3702 3364 3752 μ
3404 3702 3502 3753 χην
3546 3685 3643 3735 ἐκί-

2094 3783 2221 3820 νει·
2294 3767 2550 3832 ἀσφαλῶς
2611 3767 2719 3837 γὰρ
2771 3769 3070 3836 κρατήσειν
3121 3770 3215 3823 τοῦ
3268 3776 3640 3845 ἐγχειρήματος

2092 3858 2399 3921 διετείνετο,
2435 3859 2528 3910 καί
2570 3875 2634 3925 γε
2692 3859 2841 3929 αὐτῷ
2886 3863 3153 3931 μοιρίδιον
3182 3858 3326 3919 εἶναι
3358 3867 3454 3936 τὴν
3489 3868 3639 3937 ἀρχὴν

2102 3950 2391 4017 Ῥωμαίων
2426 3950 2701 4016 εἰσηγεῖτο
2739 3964 2753 3978 ·
2790 3954 3033 4018 νικήσειν
3086 3969 3144 4005 τε
3181 3954 3281 4023 τὴν
3315 3957 3511 4027 μάχην,
3560 3960 3640 4009 καὶ

2091 4044 2157 4111 τῇ
2183 4041 2522 4110 Χριστιανῶν
2553 4041 2823 4111 Θρησκείᾳ
2852 4044 3152 4112 μεταϐολήν
3187 4063 3312 4100 τινα
3347 4049 3558 4101 ἔσεσθαι
3584 4048 3640 4101 δι’

2092 4125 2263 4180 αὐτοῦ
2295 4127 2561 4182 ὑπετίθει.
2591 4122 2687 4189 Δίς
2711 4129 3058 4198 δῆτίλπίσιν
3086 4133 3345 4199 Εὐγένιος
3380 4137 3640 4205 βουκολού·

2093 4234 2275 4287 μενος,
2302 4216 2550 4286 μεγάλην
2599 4217 2862 4288 ἀθροίσας
2889 4220 3144 4291 δύναμιν,
3176 4223 3278 4287 τὰς
3342 4228 3399 4278 ἐν
3458 4229 3640 4299 Ἰταλία

2093 4308 2303 4373 πύλας,
2370 4308 2437 4371 ἃς
2494 4309 2758 4379 Ῥωμαῖοι
2821 4312 3046 4373 Ἰουλίας
3108 4315 3345 4382 ’Ἄλπεις
3395 4320 3636 4383 καλοῦσι,

424 4392 777 4447 multitudine
802 4391 1008 4460 ingenti
1040 4402 1248 4457 coacta,
1280 4394 1562 4461 angustias
1593 4395 1646 4446 in
1683 4395 1833 4449 italia
1848 4413 1984 4466 quas

2097 4399 2523 4469 προκαταλαϐὼν
2590 4402 2867 4472 ἐφρούρει.
2926 4405 3071 4458 Μίαν
3137 4409 3248 4479 γὰρ
3319 4416 3636 4481 στενωτατην

418 4484 654 4540 Romani
691 4484 856 4550 Alpes
918 4483 1092 4538 Julias
1144 4478 1363 4551 voeant,
1428 4488 1740 4556 occupavit,
1793 4489 1983 4557 eisque

365 4607 379 4617 -
421 4576 733 4645 praesidium
761 4577 1040 4646 imposuit.
1072 4575 1302 4631 Unicum
1335 4576 1501 4638 enim.
1526 4592 1762 4648 eumque
1792 4582 1985 4635 arctis-

414 4670 616 4722 simum
646 4667 961 4732 transitum,
1015 4667 1315 4735 praefractis
1353 4668 1657 4739 ingentium
1716 4672 1981 4725 montium

415 4756 664 4825 rupibus,
703 4764 931 4825 utraque
961 4770 1026 4810 ex
1050 4764 1202 4824 parte
1234 4754 1468 4810 ﬁrmiter
1498 4757 1724 4811 munita:
1751 4759 1977 4816 habent.

412 4848 482 4901 Et
515 4848 788 4917 Eugenius
839 4846 904 4900 ad
934 4847 1277 4918 tyrannidem
1336 4857 1578 4911 evectus,
1625 4865 1688 4904 ea
1731 4851 1783 4904 in
1827 4851 1983 4907 Occi-

409 4939 719 4993 dentalibus
755 4939 998 5008 partibus
1024 4946 1236 5008 agebat,
1268 4956 1388 5010 quas
1408 4955 1534 4995 eum
1563 4940 1742 4997 facere
1763 4958 1978 5012 azquum
2032 4938 2038 4944 ’

416 5040 558 5089 erat,
622 5029 716 5099 qui
767 5030 846 5083 sic
891 5030 1180 5097 imperium
1237 5031 1579 5100 arripuisset.
1637 5032 1978 5087 Theodosius

412 5135 582 5192 porro
625 5119 942 5186 imperator.
996 5135 1059 5172 ea
1117 5136 1176 5173 re
1236 5121 1444 5185 audita,
1498 5138 1609 5176 non
1672 5123 1994 5179 minoribus'

407 5227 628 5266 rursum
659 5226 817 5281 quam
849 5219 1032 5274 antea,
1068 5225 1190 5263 cum
1218 5221 1412 5265 contra
1440 5211 1732 5266 Maximum
1760 5215 1965 5268 bellum

407 5310 674 5367 moveret,
707 5300 856 5356 curis
893 5311 976 5354 est
1007 5300 1259 5355 obrutus.
1292 5301 1394 5356 Ubi
1434 5318 1563 5357 vero
1599 5314 1654 5358 et
1690 5306 1807 5373 ipse
1857 5323 1941 5360 ma

406 5410 568 5462 gnum
595 5394 922 5461 conscripsit
960 5394 1280 5457 exercitum,
1314 5408 1499 5447 secum
1534 5396 1649 5463 ipse
1715 5413 1828 5451 rem
1888 5401 1974 5452 di-

409 5486 672 5551 spiciens,
713 5498 898 5539 utrum
959 5486 1221 5539 adversus
1266 5475 1551 5556 tyrannum
1579 5487 1679 5548 ire.
1713 5507 1779 5542 an
1828 5492 1973 5546 illius

408 5576 703 5629 adventum
732 5586 1048 5646 exspectare
1088 5577 1332 5642 deberet,
1385 5579 1763 5635 addubitabat.
1812 5583 1863 5636 ln
1908 5600 1971 5638 ea

409 5664 797 5729 sollicitudine,
824 5668 1052 5721 consilio
1070 5668 1291 5722 .ltiannis
1321 5669 1585 5723 enitentis
1611 5672 1665 5723 in
1685 5672 1967 5727 Thebaide

2089 4491 2207 4544 λίαν
2228 4492 2412 4562 ἔχουσι
2445 4492 2638 4560 δίοδον,
2663 4495 2945 4565 ἀπορρῶξι
2979 4499 3237 4566 μεγάλοις
3260 4502 3436 4571 ὀρέων
3466 4506 3637 4556 ἐκατὲ·

2089 4583 2261 4652 ρωθεν
2284 4583 2537 4650 ἀσφαλῶς
2570 4587 2978 4654 πεφραγμέναι.
3028 4591 3137 4642 Καὶ
3184 4593 3210 4643 ὁ
3246 4594 3352 4661 μὲν
3400 4596 3634 4662 Εὐγένιος

2088 4668 2271 4737 ἀρθεὶς
2310 4671 2569 4737 τύραννος
2597 4676 2736 4723 κατὰ
2764 4674 2828 4724 τὰ
2851 4674 3101 4744 ἑσπέρια,
3134 4680 3365 4733 τοταῦτα
3388 4683 3633 4753 ἔπραττεν

2083 4761 2181 4811 ὃσα
2211 4756 2277 4828 ἦν
2310 4761 2454 4823 είκὸς
2482 4761 2572 4812 τον
2602 4762 2776 4825 οὕτως
2798 4764 2896 4832 τὴν
2929 4767 3101 4835 ἀρχὴν
3149 4770 3486 4840 δραξάμενον
3531 4776 3633 4825 δια-

2084 4851 2418 4920 πράττεσθαι
2454 4870 2466 4883 ·
2504 4853 2782 4918 Θεοδόσιος
2827 4858 2882 4911 δὲ
2922 4860 3161 4923 ἀκούσας
3205 4866 3232 4915 ὁ
3290 4865 3559 4929 βασιλεὺς.
3586 4871 3635 4918 ἐν

2084 4944 2367 5011 φροντίσιν
2390 4944 2545 5009 αὖθις
2567 4948 2919 5019 καθειστήκει
2940 4954 3161 5017 πολλαῖς
3189 4973 3204 4989 ο
3241 4960 3299 5009 οὐ
3334 4962 3516 5026 μείους
3540 4962 3634 5029 γὰρ

2079 5030 2241 5123 ἦσαν,
2275 5037 2305 5103 ἢ
2339 5038 2428 5089 ὅτε
2462 5039 2601 5090 κατᾶ
2632 5032 2889 5110 Μαξίμου
2915 5047 3193 5114 κεκίνητο.
3229 5051 3443 5123 Πολλὴν
3471 5054 3524 5106 δὲ
3552 5054 3634 5105 καὶ

2079 5119 2233 5189 οὗτος
2269 5128 2567 5197 ἀξιόμαχον
2606 5135 2862 5200 στρατιὰν
2888 5138 3134 5208 ἀγείρας,
3167 5142 3360 5205 διττῶς
3394 5119 3630 5212 ἐμερίζε-

2079 5235 2139 5270 το
2176 5235 2189 5248 ⁰
2232 5220 2461 5289 πότερον
2495 5224 2585 5273 ἐπὶ
2617 5224 2709 5275 τὸν
2738 5226 3002 5289 τύραννον
3039 5232 3202 5300 ὁμόσε
3233 5236 3452 5303 χωρεῖν,
3483 5235 3514 5304 ἢ
3548 5251 3633 5287 πε·

2080 5309 2319 5378 ριμένειν
2354 5313 2576 5362 ἐπιόντα
2602 5316 2827 5370 ἐκεῖνον.
2865 5318 3021 5372 Οὕτω
3048 5321 3094 5372 δ’
3145 5324 3282 5391 ἔχων
3340 5326 3628 5394 φροντίδος,

2078 5400 2217 5466 ἔγνω
2237 5401 2342 5452 δεῖν
2364 5403 2656 5472 συμϐούλῳ
2686 5409 2813 5475 περὶ
2860 5410 3051 5464 τούτου
3076 5416 3383 5484 χρήσασθαι
3426 5417 3631 5485 Ἰωάννῃ

2076 5491 2152 5557 τῷ
2176 5494 2232 5543 ἐν
2255 5494 2480 5561 Θηϐαΐδι
2520 5495 2883 5563 διαλάμποντι
2926 5506 3146 5575 μοναχῴ
3174 5525 3187 5537 ·
3211 5508 3266 5558 ὃν
3298 5510 3359 5559 ἐν
3410 5508 3486 5575 τῷ
3534 5513 3627 5574 πρὸ

2068 5581 2307 5665 ,βραχέος
2344 5586 2632 5655 καταλόγῳ
2654 5591 2764 5642 τῶν
2789 5592 2948 5657 ὁσίως
2986 5595 3243 5661 βιούντων
3272 5601 3624 5667 ἐπιφανέστα-

2074 5692 2166 5727 τον
2189 5678 2474 5743 γεγονέναι
2500 5686 2594 5731 καὶ
2633 5683 2689 5734 ἐν
2722 5683 2905 5749 ἄλλοις
2929 5689 3027 5756 μὲν
3060 5691 3399 5761 περιϐοήτοις
3435 5691 3621 5757 ἔργοις,
