3936 6206
314 345 416 408 881

1169 334 1183 348 ’
1275 340 1883 401 ECCLESIASTlCz‘E
1924 341 2315 402 Ηιετοιιιίιι
2352 342 2499 402 LIB.
2545 337 2680 402 XII.

3485 340 3590 401 882

318 456 564 525 μάλιστα
619 454 679 508 δὲ
718 457 784 525 τῇ
834 455 1037 522 γνώσει
1084 453 1192 507 τῶν
1245 454 1525 524 ἐσομένων
1579 458 1903 525 εἰρήκαμεν.

2020 457 2294 519 monachi,
2333 457 2598 512 utendum
2660 454 2766 510 sibi
2802 469 2922 510 esse
2954 454 3171 517 statuit,
3206 467 3369 523 quem
3428 470 3591 523 supra

314 551 359 602 Τ
366 552 426 613 ἧς
458 550 567 617 γάρ
608 547 763 610 Θείας
799 547 1123 618 μεταλαχών
1168 548 1394 617 χάριτος
1446 551 1474 601 ὁ
1522 548 1683 618 ἀνὴρ,
1735 547 1906 601 πολλὰ

322 644 438 703 ταῖς
490 640 928 708 πυνθανομένοις
961 638 1266 710 προύλεγεν
1295 632 1395 692 ὀὗ
1444 640 1512 709 δὴ
1558 644 1755 706 πεῖραν
1813 642 1909 691 καὶ

314 736 413 787 ἐπὶ
448 735 543 802 τῷ·
577 733 773 805 πρώην
818 734 942 803 ἔσχε
966 735 1238 804 τυράννῳ,
1291 735 1566 803 ἀναιμωτὶ
1606 735 1707 804 τὴν
1754 736 1909 803 νίκην

315 827 537 894 ἐκείνην
561 825 982 894 προαγορεύσας
1033 826 1279 879 ἔσεσθαι.
1324 826 1439 879 Καὶ
1491 827 1555 897 δὴ
1607 827 1909 897 Εὑτρόπιον

320 919 417 971 τὸν
442 918 721 989 εὐνοῦχον,
747 917 803 981 ὃς
831 913 898 988 ἦν
920 918 1112 989 ἐκείνῳ
1149 919 1493 982 πιστότατος,
1545 920 1646 972 άνὰ
1685 919 1784 990 τὴν
1818 921 1911 973 Δί-

317 1027 531 1077 γυπτον
567 1011 942 1076 ἐπεμπενέί
1008 1010 1111 1079 μὲν
1173 1011 1397 1080 εὐχερὲς
1453 1012 1684 1078 γένοιτο,
1748 1012 1911 1065 αὐτὸν

321 1100 530 1151 ἐκεῖνον
558 1099 648 1150 τὸν
680 1098 830 1150 ὅσιον
865 1097 986 1166 μεθ’
1018 1097 1215 1151 ἑαυτοῦ
1248 1098 1449 1163 ἄξοντα
1484 1116 1499 1129 ·
1548 1099 1596 1150 εί
1656 1099 1704 1152 δ’
1761 1094 1910 1169 ἰσχυ-

326 1191 437 1259 ρῶς
467 1191 811 1258 ἀπαγορεύοι
837 1190 936 1261 τὴν
968 1190 1175 1258 ἄφιξιν.
1204 1191 1264 1245 τὸ
1300 1191 1552 1260 ποιητέον
1587 1194 1679 1245 ἐπὶ
1707 1196 1776 1263 τῇ
1807 1193 1913 1260 μά-

321 1302 393 1354 χῃ
419 1284 614 1352 μαθεῖν
649 1284 968 1353 βιάσασθαι.
1001 1285 1110 1337 Καὶ
1155 1287 1183 1338 ὁ
1211 1283 1311 1353 μὲν
1359 1266 1666 1354 Εύτρνεπιος
1708 1287 1789 1348 εἰς
1820 1286 1913 1339 At.

320 1391 531 1440 γυπτον
569 1374 746 1445 ἥκων,
777 1375 1031 1444 οὐδαμῶς
1057 1373 1277 1428 ἔπειθεν
1316 1375 1574 1446 Ἰωάννην
1599 1378 1655 1437 ἐς
1685 1376 1914 1447 βασιλέα

323 1465 501 1518 ὲλοεῖν
535 1483 548 1498 ο
582 1467 882 1537 παρηγγύα
905 1467 965 1520 δὲ
988 1466 1170 1534 λέγειν
1209 1468 1440 1525 ἐκεῖνος.
1477 1467 1552 1530 ὠς
1578 1470 1720 1537 μετά
1746 1470 1912 1523 πολὺν

322 1560 485 1626 φόνον
533 1562 749 1628 νικήσει
781 1561 882 1629 μὲν
922 1559 1014 1612 τὸν
1047 1558 1319 1628 τύραννον
1344 1576 1357 1591 ·
1398 1560 1535 1627 μετὰ
1566 1560 1619 1612 δὲ
1672 1561 1770 1630 τὴν
1834 1561 1913 1615 νί-

322 1669 451 1721 κην,
472 1652 536 1704 οὐ
568 1651 751 1719 πολλῷ
786 1650 1014 1720 ὕστερον
1046 1651 1189 1705 κατᾶ
1218 1653 1318 1720 τὴν
1358 1649 1592 1703 Ἰταλίαν
1616 1652 1712 1705 καὶ
1749 1652 1913 1715 αὐτὸς

328 1742 744 1811 μετολλάξειτὸ
777 1742 899 1812 ζῇν.
945 1742 1260 1811 ’Ᾱμφὸτερα
1317 1743 1372 1794 δὲ
1416 1744 1465 1794 εί
1515 1743 1666 1807 τέλος
1729 1744 1907 1814 ἔσχον,

325 1835 360 1902 ἡ
395 1833 605 1903 ἱστορία
630 1832 886 1903 δηλώσει.
937 1833 1094 1885 Ἐπεὶ
1122 1838 1230 1903 γὰρ
1290 1834 1607 1903 ἀρκούντως
1642 1835 1791 1903 αύτῴ
1842 1836 1911 1888 τά

327 1923 466 1990 πρὸς
496 1925 588 1975 τὸν
616 1925 854 1993 πόλεμον
880 1925 1314 1993 παρεσκεύαστο,
1342 1925 1907 1996 άναγορεύειβασιλέα

327 2012 423 2063 καὶ
460 2010 552 2062 τὸν
593 2011 707 2063 υἱὸν
733 2010 943 2065 ἐκείνου
975 2011 1235 2081 Ὀνώριον
1265 2026 1281 2042 ’
1326 2013 1611 2083 ’Λρκάδιον
1639 2015 1748 2084 γάρ
1771 1996 1910 2086 ἔφθη

328 2102 596 2172 πρότερον
649 2105 729 2166 είς
760 2103 859 2172 τὴν
914 2102 1194 2172 βασιλείαν
1247 2103 1561 2173 ἀναγαγών.
1602 2106 1838 2171 Τούτους
1866 2105 1911 2159 δ’

322 2195 496 2263 ἄμφω
527 2198 591 2264 τῇ
629 2196 1044 2250 Κωνσταντίνου
1090 2195 1286 2259 λιπὼν,
1353 2198 1512 2259 αὐτὸς
1574 2200 1755 2252 πᾶσαν
1812 2197 1911 2269 τὴν

323 2287 467 2355 πρὸς
482 2287 599 2338 Ἐω
622 2287 1084 2358 περιϐαλλόμενος
1103 2289 1353 2358 δύναμιν,
1372 2289 1509 2367 πρὸς
1529 2290 1625 2360 τὴν
1640 2291 1912 2362 Ἑσπέραν

322 2379 615 2449 ἠπείγετο.
652 2380 794 2436 Πολὺ
826 2381 881 2434 δέ
908 2400 961 2433 τι
1000 2381 1207 2447 πλῆθος
1261 2383 1358 2435 καὶ
1405 2382 1515 2436 τῶν
1574 2386 1912 2452 παριστρίων

327 2469 629 2541 βαρϐάρων
666 2472 950 2541 ἐφείπετο,
992 2474 1212 2536 ἑκόντες
1236 2478 1547 2544 συμμαχεῖν
1585 2475 1734 2546 αὐτῷ
1778 2478 1916 2548 ᾑρη-

333 2565 515 2634 μένοι.
544 2565 665 2617 Τῶν
687 2564 747 2617 δὲ
772 2567 1099 2634 στρατηγόν
1131 2566 1348 2634 ὀλίγους
1388 2563 1667 2631 εἶναιτοὺς
1695 2570 1912 2640 συμμά-

326 2674 457 2727 χους
486 2658 800 2728 φησάντων,
830 2661 922 2711 καὶ
954 2652 1147 2727 ἀργεῖν
1187 2660 1287 2727 τὴν
1321 2660 1536 2728 κίνησιν
1593 2660 1917 2731 βουλευομέ-

328 2766 459 2810 νων,
483 2745 558 2810 ώς
595 2748 659 2800 ἂν
684 2745 819 2817 ἦρος
843 2748 1148 2818 ἀρχομένου
1196 2749 1293 2800 καὶ
1332 2747 1502 2817 ἄλλην
1554 2748 1913 2815 ὲπιλέξωνται

330 2839 619 2907 στρατιὰν,
660 2840 844 2910 ῖνέἷη
870 2842 948 2911 τῷ
1003 2841 1204 2911 πλήθει
1266 2841 1575 2912 ἁνακράτος
1630 2842 1915 2911 περιγενέ·

328 2932 595 2985 σῦαιτῶν
627 2935 934 3001 δυσμενῶν,
1002 2935 1207 3003 ἣκιστα
1260 2937 1380 2997 ταῖς
1420 2933 1530 2987 τῶν
1590 2934 1912 3005 στρατηγῶν

328 3027 653 3097 εἰσηγήσεσι
686 3028 1043 3098 προσέσχενό
1101 3027 1377 3089 οειότατος
1423 3026 1678 3096 βασιλεύς
1707 3044 1723 3058 ⁸
1777 3028 1912 3098 μηδὲ

2016 550 2073 603 in
2124 565 2320 605 eorum
2376 551 2471 620 qui
2534 561 2779 605 sanctam
2823 547 2992 601 vitam
3035 556 3286 617 egerunt,
3349 545 3594 615 catalogo

2015 641 2408 705 clarissimum,
2465 651 2520 695 et
2560 656 2685 696 cum
2745 639 2870 694 aliis
2916 638 3261 694 admirandis
3311 637 3592 707 operibus,

2015 743 2128 788 tum
2168 735 2405 788 maxime
2445 734 2758 788 futurorum
2813 733 3044 789 scientia
3096 731 3371 787 celebrem
3426 731 3592 784 fuisse

2013 826 2271 882 diximus.
2310 826 2447 881 Cum
2484 827 2628 880 enim
2687 826 2735 881 is
2787 825 3017 896 gratiam
3069 825 3311 879 divinam
3366 825 3595 878 sortitus

2012 928 2181 980 esset,
2210 916 2382 972 multa
2409 934 2534 972 eum
2567 917 2984 973 consulentibus
3021 916 3295 987 praedixit.
3325 915 3496 983 Cujus
3518 918 3594 969 rei

2012 1008 2317 1079 periculum
2348 1018 2404 1064 et
2426 1010 2706 1079 specimen
2736 1010 2791 1063 in
2811 1009 3062 1077 proximo
3087 1018 3317 1079 tyranno
3343 1008 3595 1076 prtebue-

2014 1117 2119 1164 rat,
2168 1102 2512 1157 incruentam
2569 1101 2715 1155 illam
2758 1102 3047 1157 victoriam
3104 1101 3473 1156 Theodosium
3512 1116 3596 1154 rc-

2013 1200 2362 1261 portaturum
2427 1207 2553 1247 esse
2613 1191 2970 1248 vaticinatus.
3029 1192 3215 1262 Itaque
3270 1191 3591 1246 ﬁdissimum

2014 1285 2118 1339 sibi
2160 1285 2477 1339 eunuchum
2512 1283 2839 1355 Eutropium
2886 1284 2941 1338 in
2970 1283 3265 1356 Egyptum
3327 1285 3497 1349 misit,
3537 1294 3595 1337 ut

2000 1386 2108 1431 .aut
2159 1376 2341 1430 virum
2399 1388 2677 1457 sanctum,
2727 1378 2774 1433 si
2829 1377 2989 1433 facile
3038 1379 3093 1432 id
3138 1377 3255 1432 ﬁeri
3291 1386 3495 1446 posset,
3524 1376 3593 1430 ad

2014 1483 2072 1523 se
2095 1467 2400 1524 adduceret
2442 1488 2455 1524 :
2484 1480 2579 1523 aut
2608 1470 2676 1524 ab
2716 1470 2827 1537 illo,
2871 1470 2917 1524 si
2947 1477 3269 1524 constanter
3296 1469 3593 1523 adventum

2014 1557 2369 1623 detrectaret,
2400 1561 2531 1629 quid
2560 1561 2627 1615 de
2661 1562 2805 1615 bello
2853 1560 3163 1616 faciendum
3196 1569 3363 1623 esset,
3397 1576 3596 1630 cogno-

2015 1665 2170 1706 scere
2219 1662 2540 1707 conaretur.
2582 1653 2880 1722 Eutropius
2931 1670 2999 1709 eo
3051 1656 3349 1724 profectus,
3390 1668 3597 1723 nequa-

2015 1760 2178 1813 quam
2213 1745 2409 1800 Joanni
2450 1755 2508 1799 ut
2538 1744 2605 1798 ad
2648 1740 3317 1815 imperatorem'veniret,
3365 1759 3595 1810 persua-

2015 1833 2108 1888 sit.
2143 1833 2489 1904 Quapmpter
2516 1834 2688 1896 illum,
2724 1846 2782 1890 ut
2804 1844 3067 1891 eventum
3094 1835 3218 1890 belli
3249 1836 3592 1904 praediceret.

2014 1928 2248 1997 rogavit.
2281 1928 2457 1996 Atque
2486 1927 2600 1993 ille,
2630 1926 3004 1983 Theodosium
3054 1927 3276 1997 quidem
3335 1937 3459 1997 post
3490 1944 3595 1981 ca:-

2014 2018 2137 2073 dent
2180 2019 2432 2083 multam,
2467 2020 2754 2073 victoriam
2783 2019 2855 2074 de
2884 2027 3590 2091 tyranno~consecuturnm=

2015 2124 2126 2163 non
2187 2110 2360 2165 multo
2410 2119 2594 2164 autem
2648 2120 2773 2180 post
2826 2110 3003 2181 ipsum
3065 2126 3286 2181 quoque
3342 2110 3397 2164 in
3444 2109 3594 2165 ltalia

2016 2202 2348 2258 moriturum
2386 2218 2507 2258 esse
2538 2203 2839 2273 respondit.
2878 2201 3182 2272 Utrumque
3206 2204 3310 2259 hoc
3337 2219 3403 2258 an
3431 2218 3597 2258 even-

2014 2303 2133 2351 tum
2160 2294 2324 2350 talem
2369 2295 2645 2358 habuerit,
2672 2294 2904 2350 historia
2932 2294 3259 2350 declarabit.
3299 2295 3594 2365 Postquam

2014 2387 2161 2442 enim
2198 2402 2263 2441 ea
2291 2386 2489 2455 quibus
2515 2385 2571 2440 in
2616 2386 2761 2441 bello
2787 2400 2928 2455 opus
2980 2397 3087 2450 est,
3123 2386 3343 2441 abunde
3374 2402 3595 2457 compa-

2017 2476 2197 2536 ravit,
2243 2474 2546 2529 Honorium
2600 2475 2765 2529 etiam
2823 2473 2995 2527 lilium
3066 2475 3452 2543 imperatorem
3512 2489 3601 2528 re.

2015 2567 2650 2624 nuntiavitzArcadium
2709 2583 2948 2637 namque
3007 2577 3168 2623 antea
3199 2569 3267 2623 ad
3306 2568 3597 2637 imperium

2012 2669 2291 2717 evexerat.
2354 2660 2516 2731 311
2571 2658 2860 2714 Ambobus
2942 2660 3067 2715 ﬁliis
3119 2659 3597 2730 Constantinopoli

2013 2753 2243 2817 relictis,
2307 2752 2423 2823 ipse
2479 2767 2601 2806 cum
2646 2750 2821 2822 copiis
2900 2750 3278 2808 Orientalibus
3341 2755 3600 2810 omnibus

2014 2846 2070 2901 in
2094 2844 2443 2901 Occidentem
2474 2853 2559 2899 est
2586 2843 2887 2913 profectus.
2924 2841 3117 2913 Ingens
3152 2854 3336 2899 autem
3397 2845 3575 2902 Barba

2014 2954 2224 3001 rerum,
2247 2937 2339 3007 qui
2370 2936 2435 2990 ad
2476 2936 2674 2992 Istrum
2717 2937 2928 3000 colunt,
2963 2935 3278 3001 multitudo,
3314 2936 3599 2992 voluntate

2014 3047 2112 3085 sua
2153 3031 2420 3086 auvilium
2455 3033 2662 3094 l'erens,
2718 3045 2844 3085 cum
2908 3039 3095 3083 secuta
3130 3039 3233 3084 est.
3267 3029 3439 3083 Porro
3467 3045 3594 3084 cum

328 3117 442 3184 γὰρ
470 3119 669 3184 χρῆναι
715 3117 987 3184 τοσαύτην
1024 3122 1127 3184 μέν
1198 3114 1484 3167 ἀσθένειαν
1518 3115 1597 3183 τῷ
1654 3117 1916 3167 παντοδυ-

2020 3123 2275 3176 ordinum
2306 3123 2474 3178 duces
2505 3122 2841 3192 paucitatem
2900 3120 3179 3175 sociorum
3211 3130 3597 3186 causarentur,

331 3205 496 3272 νάμῳ
535 3202 687 3272 ὅπλῳ
749 3202 844 3255 τοῦ
898 3201 1135 3272 σταυροῦ
1182 3204 1488 3271 μαρτυρεῖν
1518 3218 1532 3234 ο
1587 3203 1915 3273 ἀντίρροπον

327 3293 375 3347 δ’
408 3296 473 3346 ὲκ
509 3294 601 3344 τοῦ
631 3293 877 3345 ἐναντίου
906 3293 1139 3362 δύναμιν
1162 3294 1227 3361 τῇ
1252 3289 1344 3343 τοῦ
1394 3291 1691 3362 Ἡρακλέος
1721 3293 1912 3345 είκόνι.

336 3404 360 3438 c
386 3385 495 3438 Τοῦ
526 3386 633 3456 γὰρ
659 3384 793 3454 ἐμοῦ
820 3388 848 3437 ὁ
879 3383 1134 3455 σταυρὸς,
1170 3385 1384 3437 ἐκείνου
1416 3384 1471 3437 δὲ
1503 3387 1717 3453 ἡγεῖται
1748 3384 1776 3435 ὁ
1824 3383 1916 3436 Ἦ-

334 3459 569 3549 ρακλῆς.
602 3497 620 3530 ι
651 3479 840 3541 Ούτως
882 3476 1076 3542 εἰπὼν,
1124 3477 1429 3548 ἀπεχώρει.
1472 3478 1625 3530 Ἐπεὶ
1662 3476 1708 3531 δ’
1759 3474 1919 3541 ἐξ.ὼν

330 3573 436 3640 τῆς
470 3571 885 3625 Κωνσταντίνου
940 3571 1077 3640 πρὸς
1130 3570 1212 3641 τῷ
1277 3570 1527 3640 Ἑϐδόμῳ
1568 3570 1811 3636 ἐγένετο,
1851 3571 1918 3639 τῇ

333 3663 527 3717 ἐνθάδε
562 3662 851 3733 ὲκκλησῖᾳ,
882 3664 949 3734 ἥν
1003 3664 1191 3727 αὐτὸς,
1228 3662 1596 3731 διαφερόντως
1666 3662 1919 3731 Ἰωάννην

333 3757 430 3809 τὸν
452 3756 762 3825 Βαπτιστὴν
805 3755 1004 3823 τιμῶν,
1032 3754 1380 3824 ἀνεδείματο,
1439 3753 1619 3825 εἰσῄει
1683 3755 1922 3825 προσεύ-

334 3848 533 3914 ξασθαι
569 3848 667 3915 μὲν
719 3846 837 3917 θεῷ
869 3865 882 3879 ·
915 3848 998 3909 είς
1054 3848 1280 3918 ἀρωγὴν
1332 3846 1388 3899 δὲ
1445 3847 1919 3917 μετακαλέσασθαι

333 3941 557 3994 καὶτὸν
599 3939 934 4009 Βαπτιστὴν,
970 3938 1101 3993 ὥστ’
1157 3942 1343 3993 αἰσίαν
1380 3939 1529 4009 αὐτῷ
1580 3956 1641 3992 τε
1710 3942 1805 3992 καὶ
1851 3942 1918 4010 τῇ

336 4035 573 4105 στρατιᾷ
611 4033 898 4100 Ῥωμαίων
914 4033 1012 4102 τὴν
1044 4032 1271 4086 ἔκϐασιν
1300 4033 1398 4101 τῆς
1427 4033 1613 4104 μάχης
1639 4031 1919 4101 γενέσθαιο

336 4126 513 4193 καὶδὴ
548 4126 609 4177 τὸ
637 4125 783 4185 εἰκὸς
830 4125 1307 4193 ἀφοσιωσάμενος,
1342 4126 1422 4189 είς
1476 4126 1706 4179 Ἰταλίαν
1742 4126 1926 4193 ἐγένε-

337 4237 424 4275 το.
479 4216 773 4287 Ἑξαπίνης
830 4217 890 4269 δὲ
948 4219 1068 4281 ταῖς
1120 4217 1355 4270 ’Ἄλπεσι
1420 4218 1773 4289 προσϐαλὼν,
1823 4220 1923 4284 τὰς

342 4315 571 4384 πρώτας
602 4311 768 4365 ἐσύλα
786 4312 1033 4381 φυλακὰς
1065 4311 1160 4365 τοῦ
1204 4312 1498 4381 τυράννου.
1526 4312 1599 4366 Τὸ
1651 4313 1707 4366 δὲ
1755 4312 1925 4384 ἄκρον

340 4407 444 4474 τῆς
480 4406 717 4474 παρόδου
745 4404 1121 4474 παραμείψας,
1160 4404 1285 4457 ἐπεὶ
1311 4407 1370 4467 ἐς
1409 4405 1470 4458 τὺ
1503 4406 1765 4468 κάταντες
1796 4408 1928 4476 ἥγε-

2020 3222 2077 3267 ct
2108 3213 2516 3283 expeditionem
2549 3212 2911 3267 diﬂ‘erendam
2943 3212 3264 3279 suaderent,
3292 3222 3351 3267 ut
3384 3212 3600 3268 scilicet

2021 3305 2199 3374 primo
2230 3320 2359 3359 vere
2401 3303 2682 3359 exercitus
2715 3303 2860 3357 alius
2914 3304 3365 3367 contraheretur,
3403 3313 3461 3359 et
3497 3303 3584 3357 mi-

2020 3396 2176 3449 litum
2226 3410 2460 3449 numero
2506 3395 2695 3450 hostes
2720 3395 3103 3461 vincerentur,
3165 3411 3511 3465 nequaquam
3543 3396 3597 3449 in

2020 3488 2314 3542 ductorum
2352 3486 2585 3541 consilio
2639 3485 3089 3554 religiosissimus
3122 3486 3396 3554 acquievit
3428 3486 3574 3555 impe

2020 3590 2189 3632 rator.
2220 3577 2443 3632 Minime
2488 3592 2728 3646 namque
2790 3582 3000 3630 tantam
3067 3575 3420 3630 tribuendam
3477 3589 3600 3632 esse

2022 3669 2458 3724 imbecillitatem
2489 3667 2632 3722 dixit
2677 3664 3043 3736 omnipotenti
3075 3668 3254 3721 crucis
3281 3675 3595 3732 armaturae,

2021 3775 2141 3829 quze
2185 3774 2252 3812 ex
2273 3757 2505 3812 adverso
2570 3756 2821 3812 Herculis
2868 3756 3091 3827 imagini
3147 3759 3396 3827 opposita
3429 3768 3599 3813 esset.

2030 3868 2048 3901 ‹
2098 3849 2370 3903 Exercitui
2418 3847 2563 3902 enim
2605 3862 2750 3912 meo,
2814 3846 3014 3916 inquit,
3051 3863 3188 3902 crux
3224 3848 3413 3917 praeit;
3452 3848 3601 3903 illius

2023 3952 2210 3998 autem
2242 3943 2430 4012 copias
2466 3938 2734 3996 Hercules
2767 3938 2942 3995 ducit.
2977 3958 2995 3991 ι
3038 3939 3163 3995 llaec
3203 3940 3369 3994 verba
3418 3939 3602 4011 prolo~

2024 4045 2208 4100 cutus,
2241 4034 2347 4088 iter
2379 4033 2662 4103 ingressus
2719 4041 2825 4087 est.
2880 4031 3367 4101 Constantinopoli
3416 4042 3600 4087 autem

2024 4127 2327 4197 profectus,
2358 4126 2451 4180 ubi
2484 4127 2539 4180 in
2605 4124 2854 4194 Septimo
2896 4127 2972 4193 (ι)
3001 4124 3068 4178 ad
3099 4123 3391 4179 ecclesiam
3426 4124 3599 4192 venit,

2025 4235 2189 4290 quam
2224 4221 2342 4290 ipse
2383 4218 2579 4274 Joanni
2647 4217 3077 4288 Baptistae(eum
3129 4217 3277 4272 enim
3329 4218 3603 4286 praecipue

2026 4312 2364 4381 honorabat)
2415 4319 2822 4374 construxerat,
2867 4324 2988 4364 eam
3039 4318 3125 4364 est
3177 4312 3478 4378 ingressus,
3547 4321 3605 4364 ut.

2027 4404 2191 4458 simul
2218 4412 2274 4458 et
2303 4404 2682 4470 precationem
2717 4400 2784 4456 ad
2826 4401 2999 4456 Deum
3051 4400 3282 4465 faceret,
3325 4413 3382 4457 et
3413 4402 3600 4473 Bapti-

339 4522 427 4566 το,
453 4502 558 4570 ὁρᾷ.
591 4500 653 4552 τὸ
692 4498 875 4552 πεδίον
907 4497 1132 4567 σύμπαν
1177 4497 1450 4568 ἀμυθήτῳ
1497 4497 1689 4569 πλήθει
1736 4499 1920 4562 πεζῶν

2025 4506 2161 4548 stam
2241 4495 2307 4548 ad
2380 4494 2666 4549 ferendum
2711 4493 2815 4547 sibi
2866 4493 3126 4547 auxilium
3176 4487 3457 4550 invocaret
3503 4494 3601 4567 (2),

344 4590 444 4643 καὶ
480 4589 693 4642 ἱππέων
727 4588 1164 4656 πεπυκνωμένον
1197 4605 1210 4617 ·
1238 4589 1297 4640 ού
1332 4588 1475 4641 πάνυ
1515 4587 1560 4639 δ’
1600 4589 1764 4641 αὑτοῦ
1794 4589 1928 4661 πόρο

344 4687 429 4752 ῥω
461 4684 606 4735 κατά
636 4681 810 4734 νώτου
836 4681 931 4734 καὶ
961 4681 1157 4742 ἄλλους
1183 4681 1294 4734 τῶν
1349 4680 1627 4750 πολεμίων
1660 4683 1796 4735 κατὰ
1828 4684 1927 4751 τὴν

345 4775 598 4846 κορυφὴν
635 4774 934 4843 ἑστηκότας
967 4772 1063 4826 τοῦ
1091 4772 1280 4845 ὅρους.
1327 4774 1422 4826 καὶ
1442 4773 1505 4826 τό
1535 4790 1598 4841 γε
1627 4773 1719 4826 νύν
1742 4775 1926 4844 ἠρέμα

345 4870 485 4930 τέως
510 4869 733 4938 ἔχοντας
773 4883 787 4897 ο
820 4866 897 4928 ὡς
941 4865 986 4917 δ’
1047 4867 1080 4932 ἡ
1133 4864 1326 4936 πρώτη
1392 4864 1610 4933 φάλαγξ
1662 4866 1927 4919 κατιοῦσα

346 4964 463 5023 τοῖς
498 4963 556 5013 ὲν
575 4960 653 5031 τῷ
677 4958 847 5028 πεδίῳ
869 4958 1198 5029 προσέϐαλε,
1240 4960 1386 5027 μάχη
1413 4956 1662 5027 κρατερὰ
1690 4957 1787 5011 καὶ
1824 4960 1930 5025 άμ-

348 5055 612 5122 φήριστος
645 5053 1042 5124 ἀνερρήγνυτο.
1086 5051 1239 5103 Ἐπεὶ
1268 5049 1312 5103 δ’
1346 5052 1469 5102 ὅσον
1525 5052 1594 5103 τὰ
1624 5051 1683 5114 ἐς
1714 5051 1926 5121 ἀνθρω.

350 5146 517 5210 πινην
538 5138 771 5209 δύναμιν
804 5141 879 5208 μὴ
937 5137 1138 5208 εὐχερῆ
1177 5137 1278 5207 τὴν
1325 5138 1604 5207 σωτηρίαν
1657 5132 1798 5191 εἶναι
1851 5137 1928 5205 τῷ

349 5231 571 5301 στρατῷ
600 5230 1008 5299 κατελάμϐανε,
1037 5229 1200 5298 μέσον
1233 5228 1343 5281 τῶν
1373 5228 1468 5282 δύο
1496 5229 1927 5299 στρατευμάτων

324 5320 748 5389 ,ἐπειλημμένῳ
773 5335 787 5349 ·
811 5318 913 5388 ήδη
945 5319 1055 5386 γὰρ
1089 5319 1182 5371 καὶ
1216 5320 1265 5371 oi
1291 5318 1435 5371 κατά
1482 5318 1580 5389 τὴν
1611 5317 1928 5389 ἀκρώρειαν

346 5411 691 5481 ἠρεμοῦντες
726 5411 868 5464 κατὰ
900 5410 1071 5463 νώτου
1131 5411 1503 5481 προσέϐαλλον
1533 5426 1547 5441 ο
1597 5412 1691 5463 καὶ
1735 5409 1856 5464 καθ’
1900 5410 1929 5463 ὃ

353 5503 457 5571 μὲν
482 5505 651 5576 μέρος
683 5502 948 5573 Ῥωμαῖοι
1003 5503 1298 5574 Ῥωμαίοις
1351 5503 1639 5574 ἐμάχοντο,
1694 5502 1929 5573 ἰσοπαλῆ

426 5641 503 5712 (l)
555 5640 847 5710 Ἕϐδομον,
894 5642 1000 5696 hoc
1036 5648 1154 5712 est.
1190 5640 1493 5710 Septimum
1539 5655 1606 5694 ex
1650 5638 1969 5712 snburbiis.

348 5710 970 5780 ConStantinopolitanm
1016 5711 1257 5765 civitatis
1290 5726 1454 5764 unum
1494 5720 1597 5765 est.
1644 5710 1926 5780 (Procop.)

299 5846 309 5854 ,
355 5780 531 5835 Sicuti
548 5778 865 5851 etalia‘cjus
890 5781 1048 5838 urbis
1068 5781 1217 5853 regio
1248 5790 1331 5838 est
1360 5780 1503 5851 apud
1524 5781 1778 5838 eumdem
1802 5778 1927 5831 626'-

2030 4603 2139 4657 quo
2201 4595 2447 4656 optatum
2495 4587 2601 4641 sibi
2661 4596 2716 4641 et
2772 4585 3025 4639 Romano
3077 4586 3346 4640 exercitui
3396 4588 3603 4642 exitum

2030 4694 2213 4749 pugna
2263 4680 2510 4733 haberet.
2552 4677 2629 4732 Re
2683 4678 2758 4731 ibi
2812 4677 3024 4742 divina,
3088 4679 3161 4732 ita
3213 4688 3273 4731 ut
3331 4694 3430 4748 par
3464 4689 3604 4748 erat,

2030 4781 2275 4842 peracta,
2313 4783 2499 4839 postea
2549 4772 2603 4825 in
2649 4771 2860 4825 Italiam
2896 4771 3149 4840 pervenit
3186 4787 3199 4824 :
3230 4780 3286 4826 et
3310 4771 3603 4827 confestim

2029 4865 2098 4919 ad
2141 4864 2309 4933 Alpes
2332 4865 2698 4926 contendens,
2734 4865 2912 4932 prima
2961 4865 3180 4932 tyranni
3223 4864 3481 4934 praesidia
3510 4881 3604 4920 ce-

2031 4958 2131 5027 pit.
2162 4955 2342 5026 Atque
2367 4956 2459 5010 ubi
2486 4955 2719 5008 transitu
2775 4953 3043 5021 praecipiti
3074 4956 3377 5023 praeterito,
3410 4955 3604 5009 acclivi

2031 5050 2229 5105 itinere
2266 5049 2321 5101 in
2356 5047 2551 5101 collem
2587 5045 2879 5116 quemdam
2933 5045 3277 5105 conscendit;
3320 5046 3603 5113 planitiem

2031 5153 2250 5193 omnem
2288 5136 2677 5191 innumerabili
2719 5135 2970 5205 peditum
3032 5144 3091 5190 et
3120 5137 3370 5206 equitum
3424 5136 3608 5191 multi-

2033 5229 2223 5283 tudine
2264 5228 2462 5290 teneri,
2507 5243 2608 5282 nec
2646 5228 2718 5281 ita
2754 5228 2911 5296 longe
2950 5244 2979 5281 a
3017 5238 3171 5298 tergo
3200 5228 3335 5282 alias
3364 5228 3604 5283 hostium

2032 5330 2244 5373 turmas
2280 5318 2334 5372 in
2367 5319 2575 5373 vertice
2606 5319 2831 5384 montis,
2867 5322 2961 5388 qui
2998 5330 3128 5372 tunc
3163 5319 3384 5382 quidem
3434 5322 3607 5387 quieti

1994 5411 2001 5421 ’
2031 5418 2211 5474 erant,
2240 5410 2347 5465 sibi
2375 5410 2669 5465 imminere
2696 5410 2853 5464 vidit.
2885 5409 3181 5479 Postquam
3215 5418 3400 5463 autem
3429 5410 3606 5475 prima

2032 5502 2180 5558 acies
2233 5518 2294 5558 se
2322 5503 2391 5558 de
2453 5503 2596 5558 colle
2654 5502 2974 5566 demittens,
3033 5515 3132 5555 eos
3176 5500 3271 5569 qui
3323 5500 3605 5570 planitiem

2030 5657 2209 5710 τερον,
2241 5641 2346 5710 hoc
2373 5648 2477 5705 est,
2508 5639 2838 5710 Secundum.

2104 5709 2182 5779 (2)
2218 5709 2525 5780 Σύμμαχον
2560 5709 2712 5779 αὐτῷ
2769 5710 3202 5765 ἐπικαλέσασθαι
3253 5711 3371 5766 τδν.
3403 5711 3606 5765 Banti-

2037 5780 2189 5850 στὴν.
2220 5782 2437 5837 Sozom.
2472 5780 2566 5835 lib.
2602 5795 2695 5848 vn,
2728 5797 2849 5851 cap.
2884 5783 2977 5835 24.
