3936 6206
437 339 545 403 883

1654 349 2077 420 NICEPHORI
2110 362 2462 425 CALLlSTI
3528 376 3613 441 884

432 467 858 528 occupaverant,
927 476 1175 534 aggressa
1231 476 1334 527 est,
1396 459 1588 538 ingens
1644 480 1700 525 ct
1765 470 1993 526 dubium

2108 473 2167 526 τὰ
2187 474 2280 526 τοῦ
2313 475 2553 544 πολέμου
2576 469 2719 546 ἦσαν
2753 474 2894 543 ζυγά
2918 493 2933 507 ·
2988 475 3110 538 καθῗ
3132 476 3161 530 δ
3209 479 3265 533 δὲ
3292 481 3341 533 οἱ
3376 483 3611 558 σύμμαχοι

432 551 679 621 praelium
715 552 790 623 (ll
817 552 1165 610 commissum
1200 565 1305 611 est.
1359 556 1426 613 Et
1480 558 1579 624 ibi,
1615 570 1880 630 quantum
1939 562 1993 617 in

434 640 691 695 humanis
714 642 925 696 viribus
946 644 1106 698 situm
1134 654 1238 707 est,
1269 660 1380 703 non
1410 649 1572 705 facile
1596 652 1803 706 servari
1834 666 1995 721 posse

433 732 622 798 copias
648 746 791 795 suas,
823 748 850 785 a
881 732 1100 791 duobus
1134 735 1377 792 hostium
1407 740 1744 796 exercitibus
1761 743 2000 798 cireum-

431 833 648 887 ventas,
682 823 971 881 intellexit.
995 825 1114 882 Jam
1148 829 1296 884 enim
1325 839 1381 885 et
1418 830 1518 893 illi.
1557 833 1649 900 qui
1676 834 1733 888 in
1783 850 2000 892 summo

435 924 622 969 monte
651 914 821 984 quieti
854 918 1239 986 constiterant,
1288 937 1317 975 a
1359 931 1514 993 tergo
1552 939 1683 979 suos
1715 926 2003 994 aggredie-

433 1004 685 1061 bantur:
718 1015 775 1063 et
828 1022 934 1078 qua
982 1011 1037 1064 in
1070 1022 1226 1080 parte
1287 1013 1519 1069 Romani
1552 1030 1677 1071 cum
1740 1015 2003 1071 Romanis

434 1097 769 1168 pugnabant,
796 1101 968 1171 aequis
989 1101 1199 1160 viribus
1219 1104 1629 1162 decertabatnr.
1663 1106 1768 1163 Ubi
1815 1119 2000 1163 autem

431 1188 727 1246 auxiliares
756 1190 983 1248 Barbari
1010 1195 1423 1264 praeliabantur,
1451 1200 1624 1254 multo
1657 1199 1768 1254 illis
1821 1199 2003 1268 Euge-

431 1281 511 1337 nii
544 1282 745 1339 milites
771 1286 1086 1354 superiores
1110 1297 1290 1344 erant.
1341 1290 1644 1361 Imperator
1678 1292 1770 1346 ubi
1801 1291 2001 1346 auxilia

430 1388 530 1427 sua
561 1374 641 1429 sic
666 1375 901 1444 concidi,
926 1385 985 1433 ut
1015 1376 1150 1443 dixi,
1187 1380 1348 1447 vidit,
1379 1381 1534 1435 humi
1561 1392 1884 1452 prostratus,
1925 1383 2006 1438 la-

432 1466 640 1536 crymis
694 1469 872 1523 solum
948 1470 1169 1541 rigavit,
1252 1471 1365 1527 Deo
1419 1474 1752 1543 supplicans.
1807 1491 1876 1529 ne
1922 1476 2004 1529 sic

433 1555 804 1612 Romanorum
889 1561 1179 1630 imperium
1230 1564 1283 1617 in
1343 1579 1558 1617 summo
1614 1565 2006 1621 internecionis

432 1649 682 1719 periculo
709 1651 1037 1720 despiceret.
1063 1652 1200 1710 Eum
1236 1671 1365 1710 vero
1401 1658 1545 1712 Deus
1598 1660 2002 1728 quamprimum

432 1742 658 1797 exaudit
693 1761 709 1798 :
742 1744 903 1815 312
924 1748 975 1801 id
1012 1748 1159 1817 quod
1188 1749 1316 1803 belli
1346 1761 1579 1806 eventus
1598 1754 1998 1822 comprobavit.

433 1835 742 1891 Intervenit
775 1852 904 1905 uox,
935 1850 993 1894 et
1017 1841 1293 1896 exercitus
1325 1843 1566 1896 animum
1598 1843 1997 1912 despondebat,

434 1925 742 1997 Imperator
789 1936 967 1983 autem
1000 1929 1171 1985 animi
1203 1930 1398 1986 anxius
1444 1939 1500 1986 et
1550 1934 1764 1987 consilii
1818 1932 1997 2003 inops,

435 2019 494 2073 in
518 2033 733 2074 summo
753 2021 977 2089 montis,
1006 2020 1061 2076 in
1090 2037 1200 2091 quo
1232 2033 1410 2077 castra
1445 2032 1500 2077 et
1547 2025 1847 2078 exercitum
1904 2025 2005 2077 lia-

438 2110 628 2174 bcbat,
659 2114 895 2176 vertice,
921 2113 1289 2183 precatoriam
1331 2115 1556 2169 domum
1591 2115 1819 2170 invenit.
1854 2115 1913 2169 ln
1940 2129 2004 2170 ea

441 2213 657 2258 noctem
693 2213 884 2269 totam.
912 2217 1136 2259 rursum
1170 2216 1356 2260 rerum
1403 2208 1784 2261 universarum
1814 2206 2005 2262 Domi-

439 2306 573 2347 num
604 2292 929 2362 suppliciter
949 2307 1135 2357 orans,
1194 2293 1554 2363 consumpsit.
1605 2292 1840 2348 Circiter
1873 2306 2005 2346 vero

440 2384 569 2455 galli
636 2391 880 2451 cantum,
951 2395 1145 2441 contra
1210 2386 1378 2441 animi
1434 2386 1763 2441 sententiam
1812 2396 2006 2440 somno

442 2486 761 2545 oppressus,
793 2482 847 2531 et
900 2473 956 2530 in
996 2477 1144 2530 nudo
1173 2478 1288 2531 solo
1319 2476 1663 2546 provolutus,
1690 2477 1840 2530 viros
1869 2476 2007 2530 duos

438 2568 631 2623 videre
650 2568 805 2624 visus
831 2578 934 2632 est,
956 2569 1188 2623 candida
1209 2579 1369 2624 veste
1400 2568 1645 2630 indutos.
1674 2577 1730 2622 et
1758 2566 2008 2622 candidis

439 2662 610 2716 etiam
641 2660 802 2730 equis
843 2671 1049 2716 vectos.
1092 2660 1195 2726 Qui
1231 2660 1297 2713 ad
1329 2672 1454 2713 eum
1496 2657 1845 2717 accedentes.
1876 2657 2005 2712 forti

438 2767 562 2808 esse
593 2752 803 2815 animo,
840 2762 896 2807 et
933 2761 1140 2807 metum
1181 2753 1440 2822 abjicere,
1496 2762 1661 2821 atque
1702 2766 1828 2805 cum
1860 2750 2007 2804 dilu-

439 2847 564 2903 cuin
588 2847 761 2901 aciem
795 2846 898 2901 rite
922 2845 1213 2908 instruere,
1243 2857 1295 2899 et
1317 2845 1580 2899 adversus
1622 2845 1809 2898 hostes
1836 2840 2009 2897 conii-

439 2943 635 2995 deuter
674 2940 877 2995 ducere
922 2939 1252 3010 jusserunt:
1309 2937 1557 2992 subsidio
1610 2950 1668 2989 se
1723 2950 1752 2989 a
1809 2935 1920 2988 Deo
1957 2933 2009 2989 ei

448 3036 666 3089 missos.
700 3045 756 3087 et
784 3034 838 3085 in
873 3033 1053 3101 prima
1095 3031 1215 3086 acie
1242 3038 1586 3100 pugnaturos
1623 3042 1768 3087 esse.
1799 3025 2008 3079 adden-

2102 564 2392 638 βάρϐαροι,
2420 568 2758 638 ὑπερτέρουν
2795 570 3046 623 πλεῖστον
3083 573 3133 623 οἱ
3164 572 3435 639 Εὐγενίου.
3470 577 3520 630 ’0
3539 580 3616 649 βα-

2101 657 2286 721 σιλεὺς
2351 659 2412 712 τὸ
2474 662 2822 732 συμμαχικὸν
2885 661 3061 725 οὕτως
3115 664 3254 733 όρῶν
3304 666 3617 739 διολλύμενον,

2100 750 2313 821 πρηνὴς
2342 751 2548 815 πεσὼν,
2592 753 2826 822 δάκρυσι
2877 752 2939 806 τὸ
3000 753 3225 807 δάπεδον
3272 755 3472 829 ἐϐρεχε,
3513 764 3618 816 Θεὸν

2100 841 2346 911 λιπαρῶν
2379 841 2453 912 μὴ
2484 840 2629 896 οὕτω
2672 842 2770 914 τὴν
2808 843 3101 913 Ῥωμαίων
3150 845 3320 917 ἀρχὴν
3364 849 3623 919 ἀπολλυμέ-

2100 951 2200 1003 νην
2238 934 2520 1004 περιιδεῖν.
2561 933 2693 997 Θεδς
2719 932 2762 989 δ’
2795 936 2996 991 αὐτίκα
3029 938 3313 1008 ἐπήκουεν,
3347 939 3416 1002 ὡς
3465 943 3548 994 καὶ
3575 943 3623 995 τὸ

2102 1023 2315 1078 ἀποϐὰν
2354 1025 2547 1092 ἔδειξε.
2591 1026 2804 1089 Νυκτὸς
2845 1028 2955 1096 γὰρ
3004 1028 3411 1099 ἐπιγενομένης,
3458 1032 3623 1102 ἠθύμει

2107 1115 2206 1187 μὲν
2230 1116 2260 1168 ό
2294 1117 2522 1187 στρατός
2544 1132 2558 1148 ⁸
2588 1119 2646 1170 ὲν
2677 1120 2870 1190 ἀπόρῳ
2889 1120 2935 1172 δ’
2953 1118 3030 1173 ὢν
3056 1124 3085 1175 ὁ
3108 1121 3346 1192 κρατῶν,
3371 1127 3498 1176 κατᾶ
3544 1126 3623 1191 τὴν

2104 1208 2454 1278 ἀκρωνυχίαν
2484 1206 2577 1261 τοῦ
2605 1208 2765 1279 ὅρους
2798 1214 2857 1265 ἐν
2884 1203 2929 1279 ᾧ
2958 1212 3133 1265 καὶτὸ
3170 1213 3509 1283 στρατόπεδον
3551 1233 3626 1267 πε-

2109 1300 2441 1371 ριήθροιστο,
2479 1301 2770 1371 εὐκτήριον
2806 1298 2955 1354 οἷκον
2984 1302 3183 1372 εὑρὼν.
3217 1303 3468 1372 πάννυχος
3489 1304 3628 1357 διετέ-

2104 1392 2186 1445 λει
2214 1392 2307 1444 τὸν
2334 1391 2442 1445 τῶν
2461 1393 2601 1446 ὅλων
2628 1393 2910 1462 Δεσπότην
2959 1393 3117 1458 αὖθις
3170 1394 3471 1450 ἀντιϐολῶν.
3520 1397 3628 1464 Περὶ

2104 1482 2161 1538 δὲ
2191 1482 2567 1555 ἀλεκτρυόνων
2590 1483 2752 1554 ᾠδὰς,
2790 1487 2945 1552 παρᾶ
2997 1486 3224 1555 γνώμην
3254 1486 3397 1555 ῦπνῳ
3438 1487 3627 1547 κλαπεὶς

2107 1576 2201 1628 ἐπὶ
2218 1574 2374 1645 ψιλοῦ
2409 1577 2661 1644 κείμενος
2684 1574 2777 1629 τοῦ
2813 1577 3063 1645 ἐδάφους,
3119 1578 3293 1630 ἐδόκει
3328 1577 3414 1630 δύο
3466 1579 3628 1646 ἄνδρας

2108 1668 2264 1738 ὁρᾷν,
2310 1666 2478 1720 λευκὰ
2510 1666 2611 1736 μὲν
2651 1668 3153 1738 ἀναϐεϐλημένους,
3217 1669 3418 1732 λευκοῖς
3458 1670 3508 1723 δὲ
3554 1673 3628 1721 καὶ

2110 1761 2222 1820 τοῖς
2260 1758 2446 1818 ἵπποις
2494 1757 2811 1827 χρωμένους
2841 1773 2857 1790 ·
2900 1758 2951 1811 οἵ
2985 1760 3325 1827 προσιόντες,
3367 1760 3560 1829 θαρρεῖν
3583 1777 3628 1811 τε

2103 1846 2373 1912 ἐκέλευον,
2400 1846 2494 1898 καὶ
2531 1846 2592 1898 τδ
2621 1845 2738 1908 δέος
2762 1844 3005 1897 ἐλαύνειν
3029 1863 3042 1875 ·
3078 1845 3201 1913 ἅμα
3221 1846 3264 1898 δ’
3296 1846 3368 1915 ἕῳ
3392 1847 3444 1897 ὲν
3471 1848 3627 1914 κόσμῳ

2103 1936 2432 1990 καθοπλίσαι
2452 1937 2549 2007 τὴν
2572 1938 2848 2007 στρατιὰν,
2871 1938 3098 1999 καὶτοῖς
3121 1937 3392 2007 πολεμίοις
3415 1938 3627 2004 ἀντεπεξ-

2109 2028 2244 2080 ιέναι
2295 2027 2667 2099 θαρρούντως.
2709 2026 3106 2097 Προσετίθεντό
3158 2044 3218 2095 γε
3265 2014 3388 2098 μὴν,
3448 2028 3514 2090 ὠς
3554 2029 3626 2079 καὶ

2106 2110 2253 2170 οῦτοι
2282 2117 2570 2186 ἐπίκουροι
2628 2117 2932 2186 πεμφθεῖεν
2991 2115 3147 2187 αὐτῷ
3187 2117 3321 2187 πρὸς
3374 2114 3515 2179 Θεοῦ,
3553 2124 3625 2168 καί

2107 2208 2386 2279 πρόμαχοι
2438 2207 2816 2278 συνεσόμενοι.
2871 2208 3037 2264 Καὶὸ
3082 2208 3185 2278 μὲν
3232 2207 3471 2278 Ἰωάννην
3518 2203 3628 2259 εἶναι

2105 2302 2195 2355 τὸν
2226 2298 2618 2371 εὐαγγελιστὴν
2668 2300 2850 2368 ἔλεγεν
2884 2315 2900 2331 ·
2950 2297 3150 2371 ἅτερος
3213 2300 3259 2354 δ’
3300 2295 3431 2353 εἶναι
3470 2299 3627 2352 Φίλιπ-

2107 2410 2207 2454 πος
2248 2395 2275 2445 ό
2303 2392 2622 2455 ἀπόστολος.
2653 2390 2739 2445 Τὰ
2758 2392 2851 2447 lca
2880 2391 2938 2445 6%
2964 2394 3057 2446 καί
3085 2409 3175 2455 τις
3202 2392 3386 2446 ἐθεᾶτο
3411 2390 3631 2461 στρατιάν·

2105 2502 2205 2557 της
2234 2502 2251 2518 ’
2277 2485 2336 2547 ὃς
2372 2485 2451 2555 τῷ
2484 2483 2701 2554 λοχαγῷ
2726 2485 2826 2552 τὴν
2856 2485 2982 2554 ὄψιν
3020 2484 3295 2556 δηλώσας,
3326 2484 3400 2553 τῷ
3450 2482 3631 2553 χιλιάρ-

2107 2595 2187 2648 χῳ
2217 2577 2476 2647 ἐμήνυεν,
2505 2580 2534 2629 ό
2564 2575 2610 2628 δ’
2637 2575 2794 2639 αὖθις
2846 2574 2927 2646 τῷ
2982 2577 3301 2646 στρατηγῷ.
3351 2576 3559 2635 Ἐκεῖνος
3587 2573 3632 2624 δι

2108 2668 2294 2724 καινόν
2321 2684 2375 2720 τι
2406 2666 2769 2736 ἀπαγγέλλειν
2791 2669 2935 2737 ἔχειν
2992 2668 3381 2738 ὑπεμίμνησκε
3419 2664 3629 2735 βασιλεῖ’

2110 2762 2199 2815 καὶ
2221 2759 2278 2822 ὃς
2313 2758 2522 2830 μαθὼν,
2563 2778 2581 2810 ι
2610 2760 2722 2813 Οὐκ
2750 2760 2886 2829 ἐμοῦ
2940 2761 3126 2832 χάριν,
3182 2761 3305 2830 ἔφη,
3345 2759 3527 2826 ταύτην
3546 2753 3632 2808 εἶδε

2108 2852 2206 2922 τὴν
2232 2850 2354 2915 δψιν
2387 2867 2400 2881 ·
2436 2850 2545 2919 ἐγὼ
2572 2851 2680 2920 γὰρ
2714 2853 2809 2905 καὶ⁵
2841 2854 3198 2923 προεώρακα,
3252 2853 3347 2905 καὶ
3386 2849 3633 2903 πεπίστευ-

2111 2961 2182 2997 κα
2211 2944 2323 3005 τοῖς
2369 2942 2773 3012 ὕπεσχημένοις
2808 2941 2907 3011 τὴν
2941 2942 3123 3013 νίκην.
3173 2942 3310 2996 Ἀλλ’
3348 2941 3428 2994 ἵνα
3473 2940 3536 3008 μή
3569 2954 3633 2997 τις

2115 3046 2183 3099 με
2208 3030 2423 3100 οἰηθείη
2467 3030 2657 3090 ἁπλῶς
2698 3027 2843 3083 οὕτω
2888 3029 2988 3096 τῆς
3036 3030 3221 3099 μάχης
3268 3028 3516 3097 ἐφίεσθαι,
3561 3027 3635 3075 καὶ

444 3134 529 3181 tes
574 3123 719 3195 (2).
765 3123 834 3175 Et
895 3125 1034 3177 alter
1069 3122 1334 3175 Joannem
1390 3119 1805 3185 evangelistam,
1872 3117 2007 3170 alter

2112 3122 2367 3174 πλάττειν
2397 3123 2487 3174 τὸν
2515 3122 2744 3188 ὄνειρον,
2785 3121 2847 3173 τὸ
2908 3120 3026 3173 ἴσον
3079 3122 3212 3174 ίδετν
3267 3120 3355 3172 καὶ
3402 3118 3480 3170 τὸν
3531 3113 3636 3181 ὲμδν

444 3227 629 3272 autem
691 3214 1003 3284 Philippum
1035 3215 1342 3283 apostolatui
1405 3227 1463 3267 se
1495 3226 1617 3267 esse
1667 3211 1827 3264 dixit.
1860 3209 2010 3264 Idem

444 3324 575 3363 vero
600 3321 668 3363 ex
723 3306 992 3361 militibus
1022 3305 1187 3359 etiam
1240 3304 1461 3374 quidam
1493 3302 1652 3364 vidit,
1681 3300 1773 3370 qui
1803 3298 2012 3353 ordinis

443 3402 528 3458 sui
578 3400 781 3455 dictori
816 3399 1085 3453 visionem
1120 3412 1241 3453 eam
1302 3394 1587 3450 indicavit.
1643 3393 1738 3448 Ille
1774 3408 1893 3448 eam
1944 3391 2011 3445 ad

444 3495 755 3554 tribunum.
787 3500 952 3561 atque
982 3492 1028 3546 is
1057 3491 1123 3546 ad
1155 3489 1637 3546 exercitusducem
1671 3488 1880 3542 retulit.
1913 3484 2014 3542 Hic

443 3602 611 3657 porro
646 3601 761 3641 rem
792 3586 975 3647 talem,
1010 3594 1068 3638 ut
1099 3599 1301 3639 novum
1333 3582 1578 3652 quidem,
1607 3578 1750 3649 apud
1776 3580 2012 3664 impera—

446 3686 619 3735 torem
640 3679 913 3749 exposuit.
949 3675 1062 3744 Qua
1097 3676 1186 3732 ille
1209 3676 1394 3731 auditu
1424 3694 1437 3729 ε
1468 3693 1487 3726 ι
1532 3675 1648 3728 Non
1678 3689 1796 3728 mea
1823 3686 2010 3733 causa.

446 3775 645 3843 inquit,
713 3770 868 3825 miles
919 3784 1015 3825 eos
1045 3771 1201 3824 vidit.
1269 3767 1378 3840 Ego
1404 3768 1551 3822 enim
1611 3768 1763 3837 prior
1788 3765 1924 3829 vidi,
1958 3772 2013 3817 et

445 3862 737 3918 victoriam
773 3860 907 3914 mihi
950 3859 1210 3929 pollicitis
1258 3859 1489 3913 credidi.
1541 3857 1746 3912 Verum
1799 3857 2015 3924 nequis

448 3970 535 4010 me
572 3956 650 4008 sic
688 3963 895 4008 temere
927 3963 983 4006 et
1021 3951 1223 4021 cupide
1253 3951 1319 4005 ad
1352 3963 1588 4019 pugnam
1627 3947 1877 4018 progredi
1919 3954 2015 4000 aut

448 4047 726 4102 somnium
762 4046 964 4115 lingere
991 4053 1169 4115 putet,
1205 4028 1585 4097 universitatis
1629 4040 1797 4110 hujus
1828 4039 2016 4093 Domi-

445 4150 552 4192 nus
584 4138 688 4191 hoc
710 4136 781 4190 ita
818 4135 1160 4204 procuravit,
1196 4143 1257 4187 ut
1307 4133 1465 4187 miles
1505 4146 1660 4186 meus
1684 4130 1827 4184 idem
1866 4128 2016 4183 video

448 4237 553 4291 ret,
584 4238 641 4283 et
676 4228 830 4282 testis
855 4227 1103 4295 locuples
1130 4227 1399 4281 sermonis
1434 4226 1537 4279 mei
1571 4234 1735 4279 esset.
1775 4220 2014 4278 Proinde

449 4320 647 4374 timore
725 4333 888 4387 quam
946 4316 1265 4387 longissime
1340 4317 1574 4385 abiecto,
1625 4316 2019 4385 antesignanos

446 4410 607 4470 iStos,
644 4409 739 4477 qui
791 4408 845 4462 in
902 4408 1078 4478 prima
1118 4407 1236 4462 acie
1291 4406 1652 4480 dimicabunt.
1691 4420 2009 4476 sequamur.

444 4502 525 4557 Ne
573 4501 700 4572 quis
745 4517 875 4555 vero
916 4513 1169 4555 nostrum
1234 4514 1298 4553 es
1366 4498 1609 4552 hostium
1661 4497 2016 4551 multitudine

444 4595 731 4650 victoriam
784 4593 1040 4655 aestimet,
1098 4592 1194 4647 sed
1250 4592 1433 4662 potius
1488 4590 1655 4644 alacri
1696 4587 1904 4643 ﬁducia
1954 4591 2009 4643 in

441 4687 620 4742 Deum
666 4684 793 4749 nm,
826 4690 1134 4752 praeeuntes
1164 4680 1334 4735 duces
1362 4686 1759 4748 consequatur.
1794 4695 1811 4727 ι
1853 4673 2011 4746 Ejus-

447 4775 662 4833 ‘cemodi
707 4773 893 4828 Verbis
926 4773 1023 4827 ubi
1083 4771 1352 4826 militibus
1384 4770 1635 4824 animum
1676 4767 1913 4830 addidit,
1945 4781 2014 4821 ex

447 4870 607 4925 collis
625 4869 835 4923 vertice
867 4868 1041 4921 aciem
1092 4875 1357 4921 structam
1391 4866 1566 4920 duxit.
1610 4864 1887 4934 Eugenius
1918 4863 2013 4918 ubi

444 4956 747 5015 Theodosii
782 4958 1082 5014 exercitum
1115 4957 1393 5028 pugnandi
1426 4969 1613 5010 amore
1645 4956 1822 5010 teneri
1842 4956 2011 5021 vidit,

520 5118 599 5182 (ι)
632 5114 744 5168 Hoc
779 5115 1028 5184 praelium
1078 5114 1414 5169 (Ilattdianus
1461 5122 1620 5181 poeta
1663 5114 1721 5167 in
1765 5112 2010 5180 Panegy-

447 5188 566 5242 rico
621 5186 687 5240 ad
741 5186 1039 5238 Honorium
1075 5198 1267 5236 recens
1302 5184 1683 5251 imperatorem
1729 5184 2015 5236 renuntia-

450 5265 588 5324 tum,
626 5255 1013 5325 pulcherrimis
1042 5251 1379 5307 carminibus
1399 5260 1484 5305 est
1510 5252 1825 5321 complexus
1855 5269 1871 5303 :

710 5374 835 5383 -α-
872 5342 1102 5396 Victoria
1125 5341 1271 5394 velox

561 5414 814 5481 Auspiciis
849 5414 1027 5482 effecta
1055 5413 1154 5469 tuis
1178 5428 1197 5464 :
1224 5414 1494 5479 pugnastis
1520 5420 1753 5479 uterque.

559 5483 637 5535 Tu
659 5479 805 5551 falis,
824 5479 1125 5551 genitorque
1146 5497 1306 5534 manu
1329 5491 1414 5534 :te
1440 5490 1652 5549 prapter
1671 5490 1721 5532 et
1754 5479 1909 5548 Alpes

561 5552 773 5606 Invadit
798 5552 1171 5621 faciles,cauto
1205 5567 1295 5605 nec
1321 5553 1519 5621 profuit
1548 5552 1683 5621 hosti

560 5621 772 5671 Munitis
794 5624 1000 5674 haesisse
1024 5622 1148 5672 locis
1174 5637 1192 5673 :
1217 5620 1334 5687 spes
1358 5624 1513 5674 irrita
1535 5620 1667 5673 valli

560 5687 871 5757 Concidit,“
885 5690 1108 5752 scapulis
1125 5699 1403 5757 patuerunt
1422 5691 1653 5743 claustra
1675 5689 1884 5742 remlsis
1896 5728 1907 5741 .

564 5755 631 5809 Te
654 5763 867 5824 prapter
890 5758 1073 5826 gelidis
1113 5755 1300 5828 Aquilo
1335 5761 1397 5812 de
1430 5768 1605 5813 monte
1630 5758 1873 5827 procellis

2116 3218 2460 3284 στρατιώτην
2477 3213 2831 3284 ᾠκονόμησεν
2860 3215 2887 3264 ὁ
2927 3212 3041 3264 τῶν
3081 3212 3221 3266 ὅλων
3272 3210 3544 3276 Δεσπότης,
3576 3204 3637 3263 ὡς

2112 3304 2180 3359 ἄν
2206 3322 2268 3373 γε
2295 3304 2391 3358 καὶ
2443 3306 2653 3376 μάρτυς
2703 3304 3001 3373 ἀξιόχρεως
3049 3304 3155 3373 τῆς
3209 3301 3342 3373 ἐμῆς
3383 3299 3638 3369 διηγήσεως

2114 3399 2347 3466 γένοιτο.
2375 3394 2485 3448 Καὶ
2516 3396 2580 3464 δὴ
2616 3396 2676 3448 τδ
2714 3395 2831 3458 δέος
2872 3393 3265 3466 διαρρίψαντες
3316 3388 3634 3462 πορρωτέρω,

2113 3493 2229 3552 τοῖς
2266 3488 2576 3558 προμάχοις
2607 3485 2890 3557 ἑπώμεθα.
2926 3488 3018 3556 Μή
3052 3503 3139 3543 τις
3170 3486 3229 3540 δὲ
3255 3486 3329 3555 τῷ
3350 3482 3527 3553 πλήθει
3550 3478 3638 3530 τῶν

2113 3581 2392 3650 πολεμίων
2413 3578 2511 3649 τὴν
2562 3577 2720 3647 νίκην
2754 3577 3090 3646 σταθμάσθω
3126 3596 3141 3608 ·
3204 3576 3322 3645 Θεῷ
3370 3576 3423 3628 δὲ
3472 3571 3639 3640 μᾶλλον

2116 3673 2387 3743 θαρρείτω
2412 3671 2509 3741 ὅλῃ
2549 3669 2834 3740 προθυμίᾳ
2856 3670 2969 3731 τοῖς
2992 3669 3322 3739 ἡγουμένοις
3347 3666 3597 3736 ἑπόμενος.
3619 3680 3633 3713 t

2115 3762 2272 3816 Οῦτω
2297 3762 2354 3815 δδ
2385 3761 2445 3815 τὸ
2468 3761 2788 3831 στράτευμα
2812 3760 3125 3829 προθυμίας
3154 3760 3458 3830 ἐμπλήσας,
3484 3758 3539 3807 ὲκ
3560 3753 3640 3820 τῆς

2114 3849 2210 3905 τοῦ
2243 3850 2403 3921 ὅρους
2436 3853 2680 3919 κορυφῆς
2709 3848 2959 3913 συντάξει
2985 3847 3146 3901 τοῦτο
3205 3847 3453 3918 κατῆγεν.
3500 3844 3639 3911 Εὐγέ-

2115 3961 2226 4007 νιος
2252 3944 2300 3995 δ’
2327 3941 2539 3995 ἐκεῖθεν
2571 3940 2747 4004 οὕτως
2780 3940 2905 3993 ἰδὼν
2936 3940 3372 4011 πολεμησείοντα
3391 3938 3476 3989 τὸν
3508 3949 3643 4002 στρα-

2115 4036 2226 4099 τὸν,
2251 4034 2346 4087 καὶ
2384 4032 2548 4096 αὐτὸς
2575 4032 2674 4102 τὴν
2699 4031 2904 4085 οἰκείαν
2934 4030 3167 4101 δύναμιν
3198 4029 3533 4090 καθοπλίσας,
3579 4024 3643 4084 εἰς

2117 4125 2426 4197 παράταξιν
2466 4123 2715 4194 ἔστησεν.
2757 4123 2990 4186 Ἐκεῖνος
3015 4123 3059 4175 δ’
3084 4123 3185 4176 ἐπί
3212 4140 3355 4184 τινος
3402 4120 3537 4189 ἀνῄει
3559 4130 3641 4181 γη-

2115 4221 2300 4287 λόφου,
2359 4219 2595 4287 θανατᾷν
2641 4216 2731 4268 τὸν
2780 4214 3007 4285 βασιλέα
3054 4216 3302 4284 φάσκων,
3351 4210 3439 4264 καὶ
3480 4207 3641 4261 ἑκόντα

2116 4313 2214 4381 τῆς
2241 4310 2525 4379 παρούσης
2548 4305 2994 4362 ἀπαλλάττεσθαι
3019 4305 3167 4376 ζωῆς
3222 4303 3506 4376 ᾑρημένον.
3534 4298 3641 4355 Tui;

2119 4419 2182 4470 γε
2213 4402 2320 4472 μὴν
2360 4401 2688 4472 στρατηγοῖς
2716 4396 2883 4450 αὐτοῦ
2918 4396 3211 4458 ἐπέταττε,
3263 4394 3395 4465 μηδὲ
3425 4390 3637 4450 κτείνειν,

2048 4472 2093 4526 9
2122 4494 2260 4547 ἀλλὰ
2282 4493 2461 4558 ζῶντα
2498 4493 2634 4563 πρὸς
2668 4491 2832 4546 αὒτδν
2862 4492 3039 4559 ἄγειν.
3073 4489 3170 4551 Ὣς
3205 4490 3252 4542 δ’
3300 4489 3355 4541 al
3404 4485 3641 4555 φάλαγγες

2116 4589 2257 4640 κατὰ
2288 4586 2539 4655 μέτωπον
2582 4584 2841 4652 ἔστησαν,
2880 4584 2940 4635 τὸ
2994 4583 3092 4650 μὲν
3132 4580 3338 4649 πλῆθος
3390 4571 3640 4645 ὑπερφυῶς

2117 4677 2519 4730 πολλαπλάσιον
2574 4675 2685 4728 τῶν
2729 4676 3003 4744 πολεμίων
3048 4670 3119 4746 ἦν
3152 4690 3168 4705 ·
3222 4671 3565 4742 εὐαρίθμητον
3596 4661 3640 4713 δὲ

2116 4773 2210 4826 καὶ
2235 4769 2434 4839 κομιδῆ
2490 4768 2666 4839 βραχὺ
2713 4770 2774 4823 τὸ
2822 4771 3440 4837 ἀντιπαραταττόμενον.
3490 4762 3547 4812 Ἦ
3596 4756 3641 4807 δὲ

2119 4862 2363 4931 συμϐολὴ
2416 4862 2539 4929 περὶ
2570 4861 2661 4912 τὸν
2706 4861 2975 4929 ποταμὶν,
3031 4859 3089 4922 ὃς
3139 4859 3382 4911 καλεῖται
3437 4850 3639 4923 sphin.

2117 4954 2345 5019 ἐγίνετυ.
2376 4952 2486 5006 Καὶ
2519 4951 2584 5018 δὴ
2613 4951 2807 5021 πρῶτα
2852 4951 2960 5019 μὲν
2989 4952 3016 5003 ὁ
3045 4949 3423 5021 στρατηλάπις
3471 4938 3641 4996 83x06-

2222 5112 2404 5167 Obruit
2432 5112 2678 5167 adversus
2704 5118 2867 5176 acies,
2901 5112 3237 5180 revolutaque
3269 5110 3371 5163 tela

2232 5184 2393 5236 Vertit
2413 5185 2464 5235 in
2490 5193 2752 5241 attctnres.
2780 5195 2828 5235 et
2854 5183 3057 5235 turbine
3084 5182 3309 5247 reppulit
3338 5180 3523 5232 hastas.

2223 5252 2266 5306 0
2296 5253 2515 5305 nimium
2544 5252 2728 5305 dilecte
2768 5252 2896 5314 Deo,
2936 5253 3019 5305 cui
3049 5251 3221 5320 fundit
3255 5251 3318 5302 ab
3348 5248 3504 5320 antris

2219 5323 2404 5376 .rbolus
2437 5331 2674 5375 annales
2704 5322 2896 5374 hiemes
2918 5360 2931 5379 .
2963 5319 3056 5375 cui
3077 5321 3268 5373 militat
3290 5319 3460 5377 (et/ter,

2226 5393 2294 5443 lit
2326 5393 2588 5461 conjurati
2618 5392 2832 5444 veniunt
2858 5390 2932 5443 ad
2961 5390 3181 5461 classica
3198 5391 3368 5440 renti.

2222 5457 2429 5525 Alpina?
2448 5463 2665 5512 rubuere
2685 5463 2846 5515 nives.
2876 5468 2923 5511 ct
2961 5457 3209 5527 Frigidus
3235 5458 3401 5511 omnis

2224 5530 2275 5583 Μ
2286 5533 2440 5583 ululis
2464 5532 2679 5596 fumavit
2711 5532 2897 5596 aquis:
2935 5530 3185 5591 turbaque
3222 5528 3484 5596 cadentum

2225 5600 2422 5661 Staret,
2454 5594 2509 5652 iii
2534 5594 2991 5668 rapidus‘jucisset
3015 5598 3234 5667 [lumina
3264 5594 3489 5665 sanguis.

2191 5692 2493 5760 (2)1‘lrcod.
2526 5694 2622 5745 lib.
2648 5708 2698 5752 ν,
2727 5707 2845 5760 cap.
2879 5692 2968 5744 2i.
