3936 6206
428 294 532 359 837

1673 298 2087 358 NICEPIIORI
2134 299 2476 361 CtLusTt
3536 315 3617 377 333

430 414 619 469 dosius
648 415 1043 484 adduceretur,
1096 415 1478 486 interrogavit.
1549 414 1713 487 315
1763 413 1865 470 Cui
1931 413 2007 468 illi

2129 416 2364 479 Γοιοῦτος
2394 418 2601 480 ἐκεῖνος
2620 410 2687 487 ἦν
2717 419 2744 469 ὁ
2768 417 3091 482 πιστότατος
3112 420 3371 490 βασιλεὺς,
3393 426 3468 480 ἀεὶ
3480 429 3556 480 καὶ
3573 430 3618 482 ὲν

431 508 842 576 responderunt
875 530 887 562 :
924 528 942 559 ι
979 508 1095 563 Non
1126 509 1280 562 illum
1314 508 1379 560 ad
1418 515 1492 569 te.
1522 508 1614 561 sed
1655 507 1834 574 potius
1857 515 1908 560 te
1940 505 2005 559 ad

432 602 587 655 illum
621 612 682 656 ut
709 601 1066 665 adducamus,
1098 600 1249 655 missi
1278 600 1713 655 sumus.Victori
1739 640 1743 645 .
1773 613 2007 668 namque

433 702 725 764 tyrannum
740 692 1031 754 detestata.
1049 693 1355 761 legitimum
1379 692 1673 763 imperium
1692 702 1777 746 est
1795 701 2008 746 secuta.

434 786 527 840 Sic
561 785 771 841 scilicet
797 785 901 838 hoc
934 800 1117 839 rerum
1145 787 1394 839 omnium
1437 785 1778 854 gubernator
1810 800 2011 853 procu-

434 877 596 930 ravit.
640 874 820 931 »ϐυηι
869 876 957 930 his
1004 876 1190 941 dictis,
1241 888 1296 931 et
1364 892 1534 931 curru
1595 876 1902 931 detractum
1957 883 2013 928 et

432 969 677 1023 vinctum
706 984 856 1031 eum,
887 968 980 1037 qui
1034 969 1201 1039 paulo
1229 978 1355 1023 ante
1429 984 1653 1035 magnas
1703 969 2011 1036 spiraverat

433 1060 657 1127 glorias,
689 1063 965 1131 captivum
987 1061 1055 1115 ad
1084 1062 1471 1131 imperatorem
1500 1062 1803 1115 adducunt.
1832 1059 2015 1113 Theo-

434 1151 624 1207 dosius
655 1168 719 1206 ea
755 1152 857 1219 illi,
884 1169 1007 1224 qua:
1031 1155 1086 1207 in
1133 1154 1581 1209 Valentinianum
1610 1152 2009 1214 commisisset,

432 1254 489 1298 et
526 1244 871 1313 illegitimum
904 1258 1067 1316 atque
1106 1246 1363 1316 iniquum
1426 1246 1745 1316 imperium,
1796 1259 2010 1299 necnon

433 1336 618 1389 civilia
645 1337 861 1392 bellain
898 1337 1139 1392 medium
1177 1338 1489 1407 proferens,
1519 1337 1743 1407 obiecit.
1784 1338 2015 1405 Insuper

433 1441 569 1482 vero
604 1427 773 1481 etiam
810 1427 1137 1481 auxiliarem
1196 1429 1600 1496 tutelaremque
1636 1429 1756 1482 risit
1808 1428 2016 1482 Hercu-

432 1517 566 1573 lem.
594 1515 726 1583 Qum
754 1525 1020 1589 tyrannus
1054 1518 1306 1585 audiens,
1339 1518 1405 1572 ad
1440 1518 1609 1589 pedes
1630 1534 1686 1573 se
1719 1519 2015 1587 imperato-

436 1606 517 1661 ris
542 1607 932 1663 miserabiliter
958 1608 1180 1675 abiecit,
1213 1616 1267 1661 et
1298 1616 1358 1662 ut
1421 1609 1589 1662 vitam
1644 1607 1746 1662 sibi
1784 1607 2017 1662 donaret

440 1699 639 1753 oravit.
675 1701 809 1754 Cum
842 1716 973 1755 vero
996 1701 1067 1754 ita
1098 1701 1173 1754 illi
1204 1701 1433 1770 supplex
1466 1711 1632 1763 esset,
1655 1716 1719 1754 ex
1747 1699 2016 1754 militibus

437 1790 661 1859 quidam
691 1808 825 1846 ense
852 1795 1045 1848 stricto
1074 1802 1243 1863 caput
1276 1793 1352 1846 illi
1388 1779 1713 1861 amputavit.
1771 1788 2016 1862 Arboga-

436 1891 552 1936 stes
579 1891 765 1938 autem
814 1885 1005 1939 talium
1061 1894 1455 1955 tantorumque
1489 1885 1758 1938 malorum
1794 1894 2012 1951 auctor,

436 1973 531 2026 ubi
569 1973 801 2028 biduum
841 1974 897 2028 in
972 1974 1096 2045 fuga
1127 1976 1490 2045 consumpsit,
1538 1983 1593 2029 et
1624 1975 1746 2028 vita:
1793 1974 2014 2029 taedium

437 2081 564 2120 eum
592 2066 760 2135 cepit,
790 2082 986 2122 manus
1022 2067 1139 2138 ipse
1170 2068 1275 2123 sibi
1307 2083 1407 2121 suo
1437 2083 1571 2121 usus
1600 2067 1780 2137 gladio
1810 2068 2014 2122 attulit.

2113 507 2335 572 πολέμῳ
2363 507 2455 558 καὶ
2489 507 2637 576 μάχῃ
2666 506 2732 559 τὰ
2756 508 2935 561 πάντα
2964 509 3064 577 τῆς
3093 510 3235 572 θείας
3261 516 3540 585 ἐπικουρίας
3560 518 3619 580 ὡς

2074 616 2079 621 τ
2114 598 2292 669 χρεὼν
2324 598 2725 667 ὲξαρτώμενος,
2762 600 2861 654 καὶ
2889 601 3145 656 οὐδέποτε
3188 605 3379 675 ταύτης
3426 609 3622 676 ἀποτυγι

2116 693 2314 762 χάνων.
2352 694 2587 761 Λέγεται
2620 696 2808 764 μέντοι
2845 696 2942 747 καὶ
2971 695 3147 762 τοῦτο,
3201 698 3273 762 ὡς
3300 700 3414 752 καθ’
3453 700 3502 753 ὃν
3532 720 3622 755 και-

2118 785 2211 851 ρὸν
2232 784 2257 834 ὁ
2286 784 2425 851 πρὸς
2466 783 2741 854 Ἑσπέραν
2770 778 2926 848 οὗτος
2979 789 3373 857 συνερρήγνυτο
3414 790 3623 861 πόλεμος,

2113 873 2193 940 τῷ
2222 873 2316 925 τοῦ
2351 874 2619 942 Ἐΰδὸμου
2648 873 2777 942 νεῷ,
2803 874 2887 941 ἐφ’
2923 873 2983 927 οὗ
3020 875 3109 928 τὸν
3138 876 3353 947 βασιλέα
3378 881 3627 949 προσεύξα-

2117 962 2241 1015 σθαι
2275 963 2618 1033 διελάόομεν,
2646 964 2857 1031 ἐξιόντα
2888 966 2986 1034 τῆς
3014 967 3431 1031 Κωνσταντίνου,
3461 970 3629 1038 άνθρω·

2118 1057 2218 1118 πός
2245 1072 2332 1118 τις
2369 1056 2590 1124 δαίμονι
2640 1056 3099 1125 μαστιγούμενος,
3155 1062 3430 1127 μετάρσιος
3486 1063 3630 1132 ἁρπα-

2116 1150 2257 1216 γεὶς,
2309 1150 2509 1201 ὡσανεὶ
2577 1148 2716 1218 πρὸς
2748 1149 2843 1201 τὸν
2889 1150 3203 1218 Βαπτιστὴν
3263 1152 3477 1206 ὲτείνετο
3515 1155 3631 1225 αὐτῷ

2115 1238 2633 1308 διαλοιδορούμενος,
2662 1239 2739 1301 ὡς
2768 1241 3101 1294 ἁποκοπέντι
3140 1244 3237 1312 τὴν
3277 1246 3499 1314 κεφαλήν
3523 1261 3535 1275 ·
3569 1242 3631 1299 εἷ-

2119 1348 2185 1383 τα
2217 1332 2311 1383 καὶ
2336 1333 2528 1401 ἄγριον
2548 1332 2750 1384 οὑτωσὶ
2776 1332 2977 1385 ἀνεϐόα
3002 1353 3015 1364 ·
3054 1351 3074 1381 ε
3103 1334 3175 1387 Σύ
3198 1353 3260 1404 με
3290 1338 3452 1407 νικᾷς,
3475 1339 3553 1389 καὶ
3576 1340 3634 1406 τῷ

2118 1420 2235 1490 ὲμῷ
2261 1420 2589 1492 ἐπιϐουλεύει
2608 1421 2847 1492 στρατῷ.
2882 1441 2901 1472 ι
2951 1423 3020 1475 Οἵ
3067 1439 3133 1491 γε
3175 1424 3278 1494 μὴν
3311 1428 3633 1494 περιτυχόντες

2117 1514 2204 1566 διὰ
2227 1513 2432 1582 πολλῆς
2494 1513 2734 1582 σπουδῆς
2780 1514 2947 1584 οῦσης
2994 1516 3291 1583 τηνικαῦτα
3333 1516 3404 1585 τῷ
3455 1517 3636 1587 πολέμῳ

2118 1606 2319 1676 τούτῳ,
2348 1601 2439 1658 οἷα
2466 1605 2534 1677 δὴ
2564 1607 2832 1676 νεώτερόν
2881 1625 2935 1660 τι
2990 1608 3175 1676 λέγειν
3228 1609 3314 1661 τὸν
3353 1610 3635 1675 δαιμονῶντα

2120 1700 2377 1767 οἰόμενοι,
2410 1698 2509 1771 τὴν
2562 1702 2780 1771 ἡμέραν
2841 1701 3017 1774 χάρτῃ
3064 1701 3372 1773 ἀνέγραψαν
3405 1717 3417 1729 ’
3467 1704 3544 1753 καὶ
3587 1702 3635 1771 δὴ

2123 1790 2374 1859 ἔγνωσαν
2398 1794 2468 1845 τὰ
2497 1795 2626 1863 περὶ
2677 1794 2769 1846 τδν
2798 1794 3033 1864 πόλεμον
3067 1793 3147 1863 τῷ
3197 1795 3313 1846 τότε
3357 1792 3636 1862 πεπρᾶχθαι,

2123 1884 2339 1937 πολλῶν
2375 1884 2485 1938 τῶν
2514 1888 2582 1956 τῇ
2635 1887 2790 1959 μάχῃ
2842 1887 3320 1956 κεκοινωνηκότων
3352 1885 3639 1953 διαγγειλάν-

2124 1994 2249 2030 των.
2283 1977 2394 2030 Καὶ
2420 1978 2487 2031 τὰ
2527 1980 2626 2046 μὲν
2654 1981 2783 2047 περὶ
2818 1981 2914 2049 τῆς
2945 1980 3206 2048 Εὖγενίου
3230 1980 3513 2050 τυραννίδος
3546 1977 3637 2029 τοῦθ

2125 2084 2219 2120 τον
2249 2068 2546 2140 ξυνηνέχθη
2588 2072 2677 2122 τὶν
2705 2072 2929 2142 τρόπον.

438 2158 589 2213 Talis
623 2158 712 2213 ille
738 2158 1088 2215 fidelissimus
1121 2161 1422 2231 imperator
1448 2159 1572 2223 fuit,
1620 2169 1677 2214 ut
1712 2176 1930 2229 semper
1995 2160 2050 2214 in
2092 2159 2254 2215 bellis
2314 2170 2478 2231 atque
2509 2163 2733 2231 pra'liis,
2769 2180 2869 2234 pro
2913 2181 2979 2220 eo
3025 2175 3198 2236 atque
3253 2164 3364 2219 fieri
3412 2162 3640 2225 debet,“

438 2253 629 2311 divino
650 2256 918 2325 penderet
945 2257 1223 2329 prazsidio,
1251 2273 1361 2328 quo
1392 2259 1559 2313 etiam
1593 2272 1873 2327 nunquam
1924 2265 2010 2312 est
2050 2256 2372 2312 frustratus.
2439 2255 2637 2312 Fertur
2710 2275 2843 2335 sane
2874 2269 2931 2315 et
2964 2261 3131 2325 illud,
3163 2276 3272 2331 quo
3297 2272 3641 2328 temporeprzn-

437 2349 574 2404 lium
608 2349 715 2404 hoc
762 2350 816 2405 in
847 2350 1148 2407 Occidente
1182 2361 1265 2405 est
1298 2352 1673 2416 commissum,
1709 2352 1762 2405 in
1809 2350 2013 2419 templo
2054 2350 2286 2420 Septimi
2330 2352 2348 2421 (
2369 2368 2491 2421 qua:
2518 2353 2836 2408 suburbana
2893 2354 3505 2424 Constantinopolitanae
3524 2349 3642 2403 urbis

440 2441 591 2514 regio
648 2450 757 2506 est,
821 2446 877 2497 in
934 2459 1047 2512 quo
1099 2454 1384 2514 precatum
1430 2459 1551 2498 esse
1614 2444 2006 2513 imperatorem
2048 2443 2309 2510 diximus,
2366 2460 2492 2499 cum
2522 2461 2586 2499 ex
2620 2462 2684 2500 ea
2743 2449 2878 2503 urbe
2910 2448 2964 2502 in
2988 2428 3198 2502 bellum
3236 2447 3382 2516 iret),
3413 2444 3641 2498 hominem

438 2536 760 2604 quemdam,
785 2537 878 2608 qui
917 2537 1183 2593 damonis
1215 2538 1561 2607 iutemperiis
1588 2535 1922 2604 agitabatur,
1990 2537 2042 2590 in
2084 2537 2321 2591 sublime
2384 2547 2629 2607 raptum,
2651 2539 2821 2594 veluti
2855 2556 2981 2594 cum
3006 2541 3253 2611 Baptista
3271 2539 3633 2594 contendentem

440 2629 710 2687 conviciis
745 2629 898 2684 illutn
926 2629 1283 2699 proscidisse.
1313 2628 1460 2697 quod
1486 2631 1534 2683 ei
1581 2636 1745 2697 caput
1780 2638 2053 2680 resectum
2096 2637 2261 2689 esset,
2302 2626 2503 2681 deinde
2574 2630 2741 2683 etiam
2783 2630 2958 2684 ferum
3000 2632 3265 2700 quiddam
3328 2632 3467 2685 hisce
3499 2628 3643 2684 verbis

442 2725 781 2780 exclamasse
822 2740 885 2777 ιι
951 2723 1031 2778 Tu
1075 2738 1162 2779 me
1194 2725 1390 2787 vincis,
1423 2732 1478 2778 et
1537 2725 1677 2778 meis
1730 2721 2014 2777 iusidiaris
2054 2722 2249 2791 copiis.
2290 2742 2309 2773 ι
2360 2722 2463 2788 Qui
2532 2739 2663 2777 vero
2737 2733 2851 2779 tum
2891 2725 2946 2779 iu
2999 2740 3128 2779 eum
3181 2725 3447 2780 hominem
3482 2722 3646 2778 incide-

444 2826 908 2889 rant,propterea
938 2819 1083 2887 quod
1105 2816 1307 2872 bellum
1351 2817 1404 2873 id
1446 2818 1559 2869 t’um
1629 2816 1819 2870 multis
1887 2830 2097 2883 magnas
2136 2830 2283 2869 curae
2342 2824 2515 2879 esset,
2566 2817 2695 2871 novi
2735 2816 2997 2887 quiddam
3051 2819 3441 2874 daemoniacum
3501 2815 3646 2869 dicere

445 2908 680 2978 Opinati.
713 2908 855 2960 diem
899 2907 952 2959 in
991 2908 1185 2960 charta
1220 2905 1566 2975 excipientes
1642 2915 1909 2959 notarunt
1960 2922 1973 2960 :
2042 2913 2100 2959 et
2138 2905 2340 2959 deinde
2406 2923 2473 2960 eo
2533 2908 2655 2977 ipso
2707 2918 2954 2978 tempore
3009 2910 3263 2978 pralium
3311 2909 3495 2963 factum
3536 2920 3647 2969 esse,

451 3001 752 3054 multorum
789 2998 1165 3060 sermonibus,
1199 2997 1291 3067 qui
1324 2997 1373 3051 ci
1412 3012 1604 3066 pugna:
1675 2996 2067 3056 interfuerant.
2110 3009 2509 3065 cognoverunt.
2569 3000 2675 3054 Res
2732 3001 2963 3072 Eugenii
3035 3001 3255 3072 tyranni
3307 3000 3406 3055 hoc
3445 2999 3649 3055 accidere

449 3092 636 3148 modo.

944 3180 1105 3255 315
1154 3180 1378 3236 CAPUT
1410 3180 1522 3235 XL.

450 3279 531 3332 De
582 3280 839 3335 seditione
885 3288 932 3331 et
981 3274 1209 3329 tumultu
1258 3274 1639 3329 Thessalonij
1694 3285 1851 3337 orto,
1909 3289 2031 3343 pro-

520 3358 641 3419 pter
677 3365 833 3420 quam
872 3346 1186 3402 Theodosius
1228 3354 1424 3415 septem
1473 3346 1642 3399 millia
1688 3346 1919 3399 virorum
1946 3360 2032 3398 oc-

520 3420 669 3474 cidit.

525 3532 1015 3592 Verumenimvero
1079 3548 1185 3587 non
1217 3532 1459 3602 proclive
1495 3530 1659 3587 alicui
1695 3536 1803 3592 est,
1835 3544 2031 3584 omnes

449 3627 682 3684 omnino
698 3626 1006 3682 communis
1031 3624 1330 3680 adversarii
1352 3622 1525 3677 nostri
1547 3623 1731 3692 plagas
1764 3620 2027 3691 ellugerc.

454 3719 515 3775 Si
544 3720 670 3791 quis
689 3719 837 3773 enim
864 3717 1005 3772 forte
1036 3717 1266 3787 impura:
1319 3715 1567 3770 libidinis
1594 3715 1852 3769 affectum
1884 3722 2032 3766 tran-

453 3811 628 3885 sil’iat,
656 3810 708 3863 in
739 3807 1027 3864 avaritiam
1061 3808 1284 3862 incidat.
1315 3806 1465 3862 Hanc
1494 3821 1625 3860 vero
1657 3807 1699 3860 si
1732 3806 1896 3859 etiam
1938 3819 2027 3857 su-

458 3910 636 3972 peret,
660 3900 882 3956 invidiae
903 3900 1118 3955 lubrtco
1136 3901 1641 3954 circumveniatur:
1676 3896 1817 3949 hanc
1844 3905 2028 3948 autem

455 3995 502 4049 si
557 4010 780 4067 quoque
837 3994 1147 4057 conculcet,
1207 3992 1435 4047 fortasse
1494 3992 1631 4046 iram
1665 4006 1772 4043 non
1825 3990 2029 4043 vincat.

459 4087 652 4141 Plures
687 4102 925 4155 namque
946 4085 1294 4155 perniciosus
1324 4084 1500 4138 hostis
1556 4084 1795 4137 humano
1846 4081 2031 4152 generi

456 4179 620 4232 struit
648 4179 889 4247 pedicas,
912 4177 1282 4246 qualicunque
1313 4174 1597 4229 vitiosiore
1622 4174 1912 4229 affectione
1941 4188 2034 4240 per

455 4280 631 4321 artem
661 4268 956 4336 quamdam
1008 4282 1205 4335 capere
1233 4283 1507 4336 quemque
1562 4278 1833 4338 satagens,
1890 4276 1945 4321 et
1979 4266 2032 4319 in

459 4357 656 4425 primis
694 4371 805 4425 qua
857 4355 1095 4424 aliquem
1131 4371 1198 4410 ex
1236 4365 1448 4410 natura:
1478 4355 1836 4410 inclinatione
1872 4355 2032 4409 facile

457 4449 577 4517 capi
611 4462 773 4517 posse
800 4445 1104 4501 existimet.
1143 4446 1316 4513 Quam
1347 4447 1436 4499 ille
1467 4446 1932 4501 machinationem
1963 4449 2031 4501 ita

2724 3183 2979 3240 ΚΕΦΑΛ.
3013 3186 3111 3240 Μ’.

2134 3276 2277 3350 ΠερὶΔ
2317 3271 3003 3350 ’ςῆςῌὲνᾼᾷεσσαλονίκῃ
3047 3281 3374 3349 γενομένης
3407 3280 3653 3345 στάσεως.

2202 3347 2281 3470 ξι*
2311 3342 2391 3413 ἣν
2421 3343 2743 3413 Θεοδόσιος
2771 3342 3275 3417 ἐπτακὶο-κιλίὸυς
3299 3342 3501 3420 ἇιίδρας
3528 3342 3654 3405 dre?-

2246 3435 2332 3470 εν.

2216 3531 2382 3583 Ἀλλὰ
2415 3531 2523 3601 γὰρ
2547 3533 2605 3586 οὑ
2642 3532 2825 3603 ῥᾴδιόν
2855 3550 2978 3587 τινα
3001 3532 3187 3596 πάσας
3212 3533 3374 3601 ἄρδην
3397 3532 3481 3585 τοῦ
3510 3528 3656 3615 κοινξῦ

2136 3623 2403 3693 πολεμίου
2463 3626 2563 3689 τὰς
2600 3624 2781 3694 ἄρκυς
2832 3624 3142 3693 διαφυγεῖν.
3183 3627 3345 3689 Ἴσως
3392 3626 3492 3693 γάρ
3518 3640 3586 3683 τις
3611 3621 3658 3671 τὸ

2132 3712 2234 3782 τῆς
2257 3713 2549 3782 ἀσελγείας
2589 3715 2763 3776 πάθος
2824 3716 3248 3785 ὑπερπηδήσας,
3297 3720 3362 3787 τῇ
3422 3711 3658 3781 πλεονεξία

2135 3804 2297 3858 ἑάλω.
2342 3806 2404 3857 Et
2434 3805 2490 3857 δὲ
2519 3806 2611 3858 καὶ
2636 3806 2841 3875 ταύτης
2870 3808 3299 3877 ὑπερτερήσειε,
3348 3805 3422 3874 τῷ
3449 3805 3532 3857 τοῦ
3558 3801 3658 3871 φθό-

2135 3915 2228 3951 νου
2260 3897 2326 3950 ἂν
2350 3892 2548 3967 ὀλίσϐιρ
2584 3901 2941 3969 περιπαρείη.
2989 3900 3052 3952 El
3087 3901 3147 3953 δὲ
3189 3901 3284 3953 καὶ
3311 3899 3487 3955 τοῦτον
3521 3898 3660 3962 rari;-

2138 4006 2244 4052 σοι,
2277 3991 2377 4042 οὐκ
2406 3990 2471 4043 ἂν
2500 3990 2644 4060 τάχα
2673 3991 2769 4044 καὶ
2794 3990 2971 4060 θυμοῦ
3000 3992 3275 4060 κρείττων
3303 3992 3522 4059 γένοιτο.
3557 3989 3661 4041 Πολ-

2134 4081 2231 4144 λὰς
2257 4083 2352 4136 καὶ
2381 4082 2489 4151 γάρ
2522 4084 2550 4134 ὁ
2578 4082 2926 4152 παλαμναῖος
2968 4083 3227 4149 πολέμιος
3277 4085 3353 4153 τῷ
3380 4079 3660 4145 ἀνθρωπίνῳ

2135 4173 2284 4240 γένει
2309 4173 2493 4243 τίθησι
2536 4173 2681 4239 μάλα
2730 4174 2830 4235 τὰς
2865 4174 3263 4242 ποδοστράὸας,
3313 4174 3416 4242 ὅτῳ
3474 4170 3660 4240 δήποτε

2134 4267 2245 4320 τῶν
2309 4266 2498 4320 παθῶν
2558 4267 2792 4320 ἕκαστον
2834 4268 3106 4337 άγρεῦσαι
3166 4268 3531 4338 τεχνώμενος’
3588 4261 3661 4312 καὶ

2139 4354 2341 4423 μᾶλλον
2371 4348 2415 4422 ᾧ
2449 4357 2509 4408 ἐκ
2538 4356 2754 4423 φύσεως
2784 4353 3066 4426 ἁλώσιμον
3097 4350 3245 4407 εἶναι
3288 4351 3659 4411 ὖποτοπάσειεν,

2137 4448 2450 4517 ἀποχρῆσαι
2474 4451 2585 4511 τοῖς
2613 4447 2705 4499 τοῦ
2740 4446 2990 4517 σώματος
3019 4447 3220 4500 πάθεσι
3244 4447 3341 4508 τὰς
3368 4444 3499 4497 κατᾶ
3519 4440 3664 4511 ψυχὴν

414 4606 421 4611 _
461 4540 707 4602 molitur,
737 4547 797 4593 ut
822 4538 1072 4609 corporis
1124 4538 1576 4608 perpessionihus
1609 4538 1676 4590 ad
1719 4537 2024 4591 animarum

2142 4541 2315 4610 ῥοπὰς
2348 4538 2769 4608 μηχανώμενος.
2814 4539 2873 4591 Ὀ
2925 4539 2982 4592 δέ
3006 4555 3070 4606 γε
3116 4537 3268 4604 νοῦς,
3296 4537 3450 4604 εἰπερ
3472 4531 3664 4602 ἐγρηγὸ-

460 4641 738 4688 momenta
764 4632 1047 4687 abutatur.
1079 4630 1232 4686 Mens
1267 4639 1449 4684 autem
1478 4628 1721 4683 hominis
1756 4629 1803 4683 si
1840 4628 2034 4684 sedulo

414 4722 423 4759 ~'
457 4724 720 4784 excubet.
749 4724 937 4779 divino
969 4723 1265 4795 adiuvante
1306 4723 1555 4786 numine,
1582 4722 1779 4776 victrix
1809 4721 1944 4783 abit.
1980 4730 2037 4776 et

461 4815 749 4871 machinas
782 4815 1113 4885 fraudesque
1143 4816 1294 4870 illius
1322 4814 1529 4869 evadit.
1565 4813 1641 4868 De
1670 4814 1909 4867 humana
1935 4829 2034 4866 na-

458 4921 583 4961 tura
614 4922 741 4962 cum
794 4920 1005 4977 partem
1036 4923 1255 4977 quoque
1317 4923 1470 4961 suam
1536 4905 1897 4960 admirandus
1931 4906 2035 4959 iste

457 4998 765 5066 imperator
796 4998 1125 5068 accepisset,
1146 4998 1464 5053 atl‘ectioncs
1485 5013 1707 5067 quoque.
1731 4998 1853 5067 ejus
1882 5010 2034 5049 com-

460 5106 657 5146 ntuues
686 5090 897 5145 habuit.
928 5092 1023 5145 lrze
1063 5091 1385 5166 enimjusta:
1420 5105 1528 5145 non
1549 5090 1890 5151 moderatus,
1920 5086 2033 5140 olli-

458 5182 547 5234 cio
572 5188 736 5249 atque
760 5178 967 5234 decoro
989 5181 1212 5243 excidit,
1238 5191 1293 5235 et
1319 5180 1534 5235 facinus
1550 5179 1777 5234 crudele
1803 5187 1859 5233 et
1877 5179 2040 5232 inhu-

461 5287 685 5327 manum
716 5272 1012 5329 commisit.
1037 5273 1193 5340 Quod
1228 5289 1356 5327 sane
1376 5283 1432 5327 et
1452 5274 1630 5342 ipsum
1661 5286 1758 5339 pro
1781 5287 1848 5327 eo
1873 5282 2038 5339 atque

459 5374 679 5431 potero,
705 5365 967 5429 referam,
1005 5380 1115 5418 non
1153 5374 1365 5418 tantum
1395 5364 1539 5434 quod
1571 5366 1763 5419 lectori
1812 5365 1864 5418 id
1895 5366 2037 5420 scire

462 5455 812 5510 conducibile
843 5455 936 5519 sit,
961 5472 1152 5510 verum
1176 5456 1338 5509 etiam
1368 5456 1422 5509 in
1456 5455 1649 5510 eodem
1688 5454 1836 5509 facto
1868 5455 2031 5509 simul

461 5551 518 5597 et
547 5548 755 5599 crimen
787 5557 843 5602 et
867 5547 1084 5602 laudem
1117 5548 1317 5603 habeat
1348 5549 1613 5616 principis
1646 5548 1873 5612 tanti,id
1901 5549 2030 5617 quid

463 5636 558 5699 sit,
588 5636 789 5691 dicam.
821 5637 964 5693 Urbs
993 5641 1524 5706 Thessalonicensis,
1562 5641 1780 5695 Achaiae
1800 5648 2033 5699 cunctte,

466 5735 523 5780 et
550 5724 867 5795 Thessaliae,
889 5729 1106 5802 Illyrico
1137 5737 1233 5788 toti
1269 5747 1508 5801 quoque,
1549 5741 1603 5787 et
1629 5731 1751 5787 aliis
1787 5730 2034 5787 Macedo-

2143 4648 2253 4702 ρως
2283 4630 2419 4700 ἔχοι,
2448 4629 2549 4698 τῆς
2574 4630 2721 4693 θείας
2756 4629 3075 4700 ἀρηγούσης
3135 4629 3315 4698 ῥοπῆς
3348 4627 3663 4695 περιγίνεται,

2139 4724 2248 4776 τῶν
2272 4722 2480 4775 ἐκείνου
2519 4724 2935 4792 μηχανημάτων
2986 4721 3453 4791 ὑπεριπτάμενος,
3486 4714 3665 4773 Φύσεως

2138 4815 2231 4869 οὖν
2258 4816 2607 4884 ἀνθρωπίνης
2663 4815 2757 4866 καὶ
2787 4814 2815 4865 ὁ
2867 4813 3173 4883 θαυμάσιος
3212 4812 3397 4865 οὑτοσὶ
3456 4805 3666 4880 βασιλεὺς

2144 4905 2453 4977 μετασχὼν,
2485 4907 2581 4958 καὶ
2610 4907 2718 4958 τῶν
2752 4904 2953 4972 ταύτης
2984 4904 3319 4972 ἐκοινώνησε
3355 4900 3668 4971 παθημάτων.

2155 4995 2244 5061 {liv
2264 4994 2420 5064 θυμῷ
2452 4994 2547 5047 καὶ
2581 4993 2688 5062 γὰρ
2717 4993 2912 5065 δικαίῳ
2947 4996 3015 5063 τῇ
3054 4992 3296 5062 ἀμετρία
3345 4991 3668 5061 χρησάμενος.

2143 5088 2338 5157 ἐξέστη
2371 5088 2471 5157 μὲν
2498 5085 2591 5138 τοῦ
2619 5087 2851 5148 εἰκότος,
2881 5086 3032 5155 ὠμὸν
3054 5085 3187 5137 δέτι
3217 5085 3313 5136 καὶ
3346 5080 3669 5149 ἀπάνθρωπον

2141 5180 2477 5249 διεπράξατο
2508 5180 2672 5249 ἔργον
2693 5197 2708 5210 ·
2739 5178 2767 5231 ὃ
2793 5179 2860 5249 δὴ
2888 5181 2981 5232 καὶ
3017 5177 3167 5231 τοῦθ’
3197 5178 3275 5240 ὡς
3313 5179 3427 5229 ἕνον
3453 5173 3669 5242 διηγήσο·

2146 5289 2269 5339 μαι,
2294 5273 2355 5323 οὐ
2385 5272 2547 5339 μόνον
2609 5272 2691 5323 ὅτι
2725 5270 3076 5339 λυσιτελήσει
3124 5272 3238 5332 τοῖς
3269 5266 3666 5336 ἐντυγχάνουσιν.

2142 5358 2259 5412 ἀλλ’
2286 5360 2480 5427 ὅτιπερ
2509 5360 2565 5409 ὲν
2586 5358 2766 5427 ταυτῷ
2790 5360 3127 5429 κατηγορίαν
3163 5375 3223 5410 τε
3258 5356 3391 5426 ὁμοῦ
3418 5355 3504 5408 καὶ
3529 5354 3668 5418 εὐφη-

2149 5454 2275 5519 μίαν
2326 5452 2439 5520 ἐχει
2496 5449 2589 5503 τοῦ
2635 5450 2953 5518 θαυμαστοῦ
3022 5450 3327 5520 βασιλέως*
3376 5447 3459 5509 τίς
3485 5445 3536 5498 δέ
3560 5445 3667 5503 ἐστι.

2127 5545 2316 5609 ’λέξων
2341 5545 2598 5613 ἔρχομαι.
2625 5542 2979 5611 Προκάθηται
3026 5544 3123 5612 μὲν
3158 5544 3191 5610 ἡ
3243 5538 3513 5595 Θετταλῶν
3542 5534 3667 5593 πόλις

2159 5639 2386 5708 Ἀχαΐας
2428 5638 2610 5702 πάσης
2651 5638 2746 5687 καὶ
2785 5636 3108 5698 Θεσσαλίας,
3161 5636 3384 5701 καὶτῆς
3418 5625 3666 5696 Ἰλλυρίδος

2147 5736 2331 5800 πάσης
2368 5730 2557 5798 αὐτῆς,
2593 5729 2681 5780 καὶ
2716 5727 2892 5780 ἄλλων
2929 5729 3093 5781 ξυνὼν
3122 5727 3222 5778 ὅσα
3257 5725 3319 5792 δὴ
3369 5715 3666 5777 Μακεδονίας
