3936 6206
185 306 297 370 889

1089 320 1681 389 ECCLESI:\S'I°[C.E
1720 331 2105 393 lllSTi)..l.'E
2144 338 2282 396 LIB.
2330 337 2465 401 ΧΗ.

3340 343 3449 408 89.)

185 424 346 526 ἐντός
370 441 382 455 ·
413 426 628 496 μεγάλη
655 428 710 480 δὲ
751 430 869 483 λίαν
909 434 939 502 ἡ
986 434 1136 497 πόλις
1183 439 1277 490 καὶ
1311 440 1759 511 πολυάνθρωπος.

1877 448 1969 502 nire
2000 451 2217 520 pnpuiis
2282 462 2499 521 praeest,
2565 454 2759 522 ingens
2806 466 2862 509 ct
2897 458 3203 526 populosa:
3254 459 3308 513 in
3343 463 3447 516 hac

198 512 291 603 Ϊεν
313 515 380 585 δὴ
401 517 575 590 ταύτῃ
600 522 789 585 στάσις
846 525 1081 598 μεγίστη
1108 529 1348 596 ἐγένετο.
1369 533 1548 585 αἰτίαν
1568 536 1769 603 σχοῦσα

181 598 426 663 τοιάνδε.
506 612 758 685 Ἡνίοχος
803 617 1135 691 Βουθερίχου
1185 622 1244 687 ὃς
1306 598 1633 694 τηνικαῦτα*
1661 631 1769 681 τῶν

185 700 325 772 παρ’
369 704 653 775 Ἰλλυριοῖς
706 711 894 780 ἠγεῖτο
951 717 1327 784 στρατιωτῶν,
1390 719 1483 771 τὸν
1530 723 1769 792 οἰνοχόον

183 794 440 864 αἰσχρῶς
493 795 640 863 ἰδὼν,
702 802 982 872 ἐπείρασε.
1040 807 1338 876 Συσχεθεὶς
1390 810 1446 864 δὲ
1470 811 1560 864 διὰ
1587 814 1766 877 τοῦτο,

183 886 299 939 ὑπὸ
334 893 587 960 φρουρὰν
631 895 870 961 ἐγένετο.
921 895 1079 953 Ἐπεὶ
1122 900 1169 954 δ’
1198 903 1472 973 ἐπίσημος
1504 907 1768 976 ἱπποδρο-

187 980 595 1057 μίαὰτελεῑσθαι
624 985 764 1039 κατά
794 988 889 1057 τὴν
916 991 1075 1043 πόλιν
1099 991 1346 1060 ἔμελλεν,
1377 998 1405 1047 ὀ
1455 996 1630 1067 δῆμος
1657 998 1770 1052 ἐλι-

186 1074 359 1143 πάρει
418 1076 752 1149 συγγνώμης
814 1084 907 1137 τὸν
966 1086 1184 1155 ἡνίοχον
1243 1088 1531 1153 ἀξιοῦσθαι
1578 1091 1767 1156 δεξιῶς

185 1166 388 1235 ἔχοντα
423 1171 558 1237 πρὸς
581 1172 639 1223 τὸ
661 1173 846 1242 ἔργον,
874 1177 975 1228 -καὶ
1008 1178 1269 1246 ἀφίεσθαι
1298 1180 1376 1248 τῷ
1417 1181 1615 1244 ἀγῶνι.
1679 1184 1767 1247 Ὠς

182 1261 245 1312 δὲ
279 1264 453 1316 πολλὰ
480 1266 762 1336 δεηθέντες
806 1272 957 1325 οὐδὲν
987 1273 1174 1342 ἤνυον,
1215 1279 1295 1339 εἰς
1353 1278 1623 1349 μεγίστην
1657 1280 1770 1331 ἐκι-

182 1355 380 1408 νοῦντο
417 1359 641 1411 στάσιν*
674 1365 769 1415 καὶ
801 1365 1238 1434 χαλεπήναντες.
1288 1369 1522 1433 πολλούς
1570 1389 1630 1423 τε
1658 1374 1766 1426 τῶν

188 1441 495 1507 βασιλικῶν
520 1448 729 1502 ἀνεῖλον
759 1451 1056 1520 ἀρχόντων,
1094 1455 1189 1505 καὶ
1223 1455 1548 1527 Βουθερίχον
1576 1459 1763 1513 αὐτόν.

188 1535 431 1600 Ἀλλους
462 1539 518 1592 δέ
561 1539 731 1602 λίθοις
784 1543 1124 1612 κατέχωσαν,
1174 1546 1369 1599 ἔπειτα
1401 1550 1495 1601 καὶ
1530 1550 1765 1620 δημοσία

186 1629 524 1698 κατέσυρον.
571 1633 725 1687 Ἐπεὶ
782 1637 913 1701 γοῦν
945 1638 1086 1705 ἔγνω
1114 1640 1288 1693 ταῦτα
1321 1645 1347 1693 ὁ
1379 1642 1657 1711 βασιλεὺς,
1688 1647 1768 1707 είς

183 1722 434 1792 ἄμετρον
477 1724 692 1794 ἀνήφθη
750 1729 962 1797 ὀργήν*
1002 1733 1097 1784 καὶ⁵
1125 1732 1223 1783 τοῦ
1257 1733 1430 1802 θυμοῦ
1458 1734 1555 1803 τὴν
1588 1735 1768 1804 ῥύμην

188 1815 269 1881 μὴ
300 1814 559 1881 ἐνεγκὼν,
593 1816 807 1885 παρῆκε
831 1818 934 1881 τὰς
953 1819 1113 1886 ἡνίας
1143 1821 1237 1872 τοῦ
1269 1820 1551 1890 λογισμοῦ,
1580 1824 1676 1876 καὶ
1698 1829 1766 1894 τῇ

184 1910 390 1980 ἀλογίᾳ
430 1911 530 1980 τὴν
558 1910 737 1980 ψῆφον
767 1912 1109 1982 ἐπήνεγκεν·
1167 1913 1202 1984 ἢ
1234 1914 1298 1984 δὴ
1351 1917 1452 1984 τῆς
1498 1918 1769 1986 τοσαύτης

185 2004 379 2065 ἁδείας
425 2005 836 2075 ἐπειλημμένη,
889 2002 1088 2074 οίάπερ
1129 2007 1430 2079 αὐτόνομος
1482 2009 1764 2077 τύραννος,

184 2095 353 2148 ἄδικα
384 2098 517 2166 ξίφη
551 2098 691 2151 κατά
742 2098 962 2151 πάντων
1020 2099 1306 2167 ἐγύμνωσε
1334 2116 1349 2130 ο
1400 2103 1492 2153 καὶ
1541 2103 1769 2170 ἀπηνῶς

183 2185 368 2250 οὕτως
397 2187 461 2241 οὐ
490 2189 615 2250 τοὺς
649 2186 1008 2255 ὑπευθύνους,
1064 2190 1199 2242 ἀλλὰ
1230 2193 1325 2242 καὶ
1377 2195 1502 2252 τοὺς
1557 2191 1768 2255 ἀθώους

183 2280 539 2333 ἀποκτείνειν
568 2280 809 2334 ἐκέλευε.
840 2283 953 2334 Καὶ
980 2284 1060 2345 εἰς
1090 2282 1255 2345 ἑπτὰ,
1288 2282 1363 2345 ὦς
1401 2299 1557 2349 φασι,
1591 2283 1770 2352 χιλιά-

179 2373 284 2433 δας
317 2371 623 2441 ἀνθρώπων
670 2374 698 2425 ὁ
734 2374 894 2441 φόνος
951 2372 1287 2444 προύχώρει,
1338 2374 1552 2442 ἀμήτου
1609 2375 1767 2443 δίκην

183 2464 301 2516 τῶν
336 2465 756 2535 προστυχόντων
793 2464 1180 2535 θεριζομένων,
1231 2463 1308 2533 μὴ
1358 2464 1594 2530 κρίσεως
1628 2467 1767 2533 μήτε

191 2557 308 2624 μὴν
330 2557 633 2620 ἐξετάσεως
685 2556 1020 2627 ἡγουμένης.
1057 2556 1176 2609 Είσὶ
1220 2556 1278 2608 δὲ
1332 2556 1387 2608 οἵ
1438 2571 1571 2624 φασι
1605 2555 1768 2625 ῥητὸν

183 2643 501 2712 προστάξαι
526 2643 728 2714 πλῆθος
752 2645 846 2696 τὸν
880 2643 1111 2713 βασιλέα
1141 2642 1519 2713 ἀναιρεθῆναι.
1556 2642 1770 2695 Ἐντεῦ-

184 2738 285 2789 θεν
311 2738 392 2800 δὲ,
425 2733 511 2790 οἵα
534 2738 703 2806 φιλεῖ,
728 2737 825 2790 καὶ
872 2737 1040 2807 μηδὲν
1096 2736 1488 2807 προσηκόντων
1529 2736 1705 2803 φόνων
1732 2734 1767 2806 ἡ

185 2831 355 2894 πόλις
389 2831 740 2899 ἐπίμπλατο*
794 2830 853 2882 οὐ
891 2830 999 2901 γὰρ
1027 2829 1193 2897 μόνον
1235 2828 1284 2880 οἱ
1321 2828 1603 2897 ἐγχώριοι,
1632 2828 1769 2880 ἀλλὰ

181 2918 287 2970 καὶ
314 2917 460 2982 ξένοι
487 2918 628 2980 τινὲς
661 2918 1168 2982 καταπλεύσαντες,
1203 2917 1334 2986 παρ’
1359 2916 1552 2969 ἐλπίδα
1589 2919 1768 2968 πᾶσαν

184 3011 465 3063 ἑάλωσαν.
498 3011 607 3063 Καὶ
633 3011 846 3080 θρήνων
872 3009 997 3073 ἄξια
1031 3010 1322 3077 ἐπεγένετο
1364 3010 1535 3078 πάθη,
1568 3004 1680 3061 οἷον
1703 3009 1767 3077 δη

1873 542 2072 596 seditio
2106 545 2337 599 maxima
2363 556 2447 600 est
2468 554 2590 601 orta
2626 548 2727 601 hac
2758 549 2827 602 de
2881 564 3065 605 causa.
3100 550 3158 604 ln
3192 551 3450 608 Butherio

1872 632 1984 693 chi,
2011 635 2103 703 qui
2140 643 2253 688 tum
2299 638 2631 694 militaribus
2671 640 2723 693 in
2786 641 3001 712 Illyrico
3049 645 3222 712 copiis
3257 646 3451 714 praefe—

1872 738 1993 781 ctus
2014 730 2210 793 fuerat,
2228 732 2545 800 pincernam
2564 734 2751 800 auriga
2769 737 2955 789 oculos
2977 736 3275 806 adjcccrat.
3297 741 3445 810 ejus-

1873 836 1979 888 que
2014 822 2334 889 pudicitiam
2386 834 2639 879 Ientarat.
2675 823 2741 879 Et
2770 843 2831 880 ea
2868 828 2934 879 de
2983 844 3145 881 causa
3193 845 3446 898 compre-

1872 911 2100 975 hensus,
2135 913 2187 967 in
2216 916 2466 968 custodia
2502 915 2876 971 detinebatur.
2910 918 3072 990 316
3098 919 3233 975 Cum
3262 933 3445 975 autem

1875 1003 2087 1073 insigne
2139 1006 2328 1060 curule
2354 1016 2631 1061 certamen
2684 1008 2736 1061 in
2779 1025 2841 1063 ea
2876 1012 3009 1064 urbe
3071 1013 3441 1082 peragendum

1871 1106 2037 1155 esset.
2071 1096 2398 1164 supplicavit
2438 1098 2615 1166 plebs,
2679 1109 2736 1151 ut
2763 1100 2988 1168 aurigae,
3043 1101 3136 1169 qui
3176 1103 3439 1171 singulari

1872 1185 1926 1237 in
1956 1187 2260 1240 certamine
2293 1203 2359 1241 eo
2387 1199 2507 1242 erat
2530 1189 2821 1254 industria,
2854 1191 3038 1245 delicti
3063 1193 3235 1261 gratia
3268 1195 3444 1261 fieret,

1870 1286 1928 1330 et
1962 1277 2009 1330 is
2032 1278 2252 1333 ludicro
2287 1279 2336 1333 ei
2370 1280 2639 1335 interesse
2669 1293 2875 1350 pos<et.
2905 1282 3011 1337 Ubi
3045 1299 3178 1338 vero
3203 1295 3308 1338 tam
3365 1301 3452 1340 se-

1872 1367 1998 1422 dula
2022 1370 2410 1438 deprecatione
2437 1371 2488 1426 id
2517 1389 2621 1425 non
2653 1372 3040 1440 impetrarunt,
3061 1375 3126 1429 ad
3150 1378 3445 1431 maximum

1874 1461 2085 1515 incitati
2120 1472 2248 1516 sunt
2292 1464 2610 1518 tumultum.
2665 1463 2771 1519 Pcr
2823 1466 3164 1520 iracundiam
3209 1484 3447 1537 namque

1871 1553 2162 1620 plerosque
2216 1556 2573 1624 impcratoris’
2619 1559 2899 1627 principes
2950 1542 3100 1613 viros
3152 1568 3209 1614 et
3267 1561 3446 1628 ipsum
3506 1602 3516 1619 .

1869 1640 2258 1696 Butherichum
2281 1656 2568 1700 necarunt.
2588 1648 2735 1700 Alios
2751 1657 2933 1701 autem
2955 1648 3233 1717 lapidibus
3250 1649 3450 1703 obrue-

1872 1738 2021 1793 runt,
2079 1739 2132 1783 et
2171 1741 2356 1799 postea
2392 1735 2555 1786 etiam
2613 1750 2712 1803 per
2739 1735 2984 1803 publicas
3015 1735 3133 1791 vias
3170 1747 3449 1806 raptantes

1873 1829 2177 1874 traxerunt.
2205 1820 2377 1887 Quam
2410 1825 2487 1878 rei
2522 1825 2900 1894 indignitatem
2931 1835 3218 1895 postquam
3269 1828 3448 1896 impe-

1872 1915 2022 1959 rator
2050 1909 2340 1975 intellexit,
2372 1912 2596 1966 immani
2633 1913 2709 1966 ira
2742 1929 3010 1968 accensus
3049 1925 3132 1969 est
3162 1932 3176 1968 :
3218 1924 3274 1970 et
3297 1916 3449 1969 furo-

1873 2000 1948 2052 ris
1976 2002 2242 2068 impctum
2288 2018 2397 2055 non
2424 2003 2632 2067 ferens,
2658 2004 2890 2058 rationis
2922 2004 3170 2059 habenas
3218 2005 3444 2075 abjecit,

1872 2101 1927 2146 et
1978 2096 2283 2161 appetitum
2339 2097 2550 2150 calculo
2575 2109 2630 2151 et
2661 2098 2935 2151 sententia
2988 2113 3085 2151 sua
3116 2098 3448 2166 comproba-

1838 2186 1839 2191 “
1873 2186 1969 2238 vit.
1994 2186 2097 2249 Qui
2121 2186 2342 2241 licentia
2375 2198 2520 2242 tanta
2551 2200 2789 2258 recepta.
2814 2189 2983 2243 veluti
3016 2201 3280 2260 tyrannus
3299 2189 3449 2243 arbi-

1872 2277 1977 2329 trio
2025 2291 2127 2330 suo
2165 2276 2378 2347 legibus
2415 2279 2631 2333 solutus
2691 2281 2904 2340 vivens.
2962 2281 3180 2349 gladios
3226 2280 3448 2350 iniquos

1871 2367 2139 2422 adversus
2160 2386 2355 2425 omnes
2385 2370 2629 2436 strinxit,
2669 2384 2724 2426 et
2745 2373 3049 2427 crudeliter
3093 2389 3204 2427 non
3260 2382 3447 2427 sontes

1875 2465 2085 2512 tantum
2126 2461 2294 2528 ipsos,
2324 2478 2514 2516 verum
2562 2463 2814 2518 insontes
2854 2481 3075 2534 quoque
3105 2475 3161 2519 et
3195 2466 3447 2519 innoxios

1871 2552 2056 2606 necari
2085 2553 2271 2623 jussit.
2309 2555 2387 2608 Ad
2416 2566 2627 2624 septem
2659 2557 2829 2610 millia
2854 2558 3142 2611 hominum
3168 2557 3346 2612 caades
3382 2572 3447 2611 ea

1873 2659 2163 2714 progressa
2200 2662 2321 2700 esse
2359 2647 2583 2712 dicitur,
2622 2665 2728 2701 non
2763 2665 2922 2703 secus
2956 2659 3124 2719 atque
3179 2650 3235 2703 in
3270 2664 3448 2705 messe

1872 2740 2129 2806 quadam,
2161 2739 2310 2794 I'crro
2338 2755 2476 2807 quos
2495 2756 2615 2795 sors
2638 2741 2926 2797 obtulisset
2953 2742 3145 2797 obvios
3163 2753 3445 2812 carpente,

1874 2846 1975 2885 nec
1996 2832 2228 2902 judicio,
2255 2849 2357 2887 nec
2373 2834 2674 2901 quaestione
2703 2835 2907 2888 habita.
2939 2834 3082 2889 Sunt
3130 2837 3220 2905 qui
3255 2838 3450 2892 dicunt.

1877 2921 2264 2989 imperatorem
2295 2934 2505 2978 certum
2536 2926 2820 2979 hominum
2866 2929 2959 2995 qui
2996 2927 3449 2983 interﬁcerentur

1874 3027 2167 3066 numerum
2198 3015 2477 3070 statuisse.
2535 3017 2777 3072 Proinde
2836 3019 2998 3073 sicuti
3051 3019 3171 3073 ﬁeri
3224 3021 3449 3080 assolet.

184 3107 283 3156 καὶ
322 3104 444 3157 τόδε
466 3119 481 3135 ·
524 3103 785 3174 Ἐμπόρῳ
812 3104 918 3155 τινί
969 3102 1154 3165 παῖδες
1186 3100 1608 3171 συνελήφθησαν
1640 3101 1732 3154 δύο
1752 3116 1767 3132 ο

1879 3103 2083 3159 factum
2123 3115 2184 3159 ut
2230 3107 2396 3161 etiam
2438 3124 2630 3162 eorum
2659 3110 2751 3178 qui
2780 3125 2809 3163 a
2838 3125 3001 3165 causa
3032 3119 3219 3165 essent
3261 3108 3447 3174 alieni,

185 3196 340 3264 ὑπὲρ
370 3189 447 3248 ὧν
476 3194 801 3265 παραδιδοὺς
834 3194 1049 3257 ἑαυτὸν,
1101 3193 1347 3257 ἐκείνους
1399 3195 1568 3247 ἐδεῖτο
1599 3194 1768 3258 σώζε-

188 3289 325 3341 σθαι
350 3305 363 3319 ·
399 3289 591 3352 μισθὸν
614 3289 691 3353 δὲ,
746 3287 840 3340 καὶ
886 3288 1008 3340 ὅσον
1034 3281 1102 3355 ἦν
1145 3287 1338 3356 ἐκείνῳ
1378 3288 1601 3355 χρυσίον
1632 3303 1769 3353 προ-

186 3385 383 3452 ίσχετο
412 3382 521 3441 τοῖς
560 3378 946 3450 στρατιώταις.
1006 3381 1068 3433 Οἱ
1101 3378 1146 3432 δ’
1177 3379 1539 3449 ἀπάνθρωποι
1572 3379 1767 3431 ἐκεῖνοι

183 3479 292 3546 τῆς
324 3477 613 3546 συμφορᾶς
644 3474 984 3544 ἐλεήσαντες,
1015 3471 1241 3541 θάτερον
1266 3471 1324 3522 ὃν
1349 3470 1414 3523 ἂν
1438 3472 1627 3539 ἕληται
1660 3470 1769 3522 τῶν

185 3568 363 3621 υἱέων
386 3566 535 3619 λύειν
566 3565 838 3631 ἐκέλευον,
862 3564 960 3633 τὴν
993 3564 1206 3616 ἱκεσίαν
1236 3562 1536 3631 δεχόμενοι.
1568 3562 1769 3629 ’Ἄμφω

187 3664 306 3731 γὰρ
358 3660 596 3727 ἀφιέναι,
650 3660 753 3711 οὐκ
813 3656 1092 3708 ἀκίνδυνον
1149 3656 1334 3722 σφίσιν
1386 3653 1649 3718 ἐτίθεντο,
1694 3653 1769 3717 ὡς

184 3753 409 3814 ἐνδεοῦς
436 3749 837 3819 καθισταμένου
861 3748 955 3801 τοῦ
981 3747 1242 3817 ἀριθμοῦ.
1268 3746 1379 3814 Τῆς
1405 3747 1461 3800 δε
1494 3746 1769 3815 πατρικῆς

185 3846 418 3913 φύσεως
473 3844 566 3897 καὶ
624 3844 704 3904 είς
749 3842 1093 3912 ἀμφοτέρους
1148 3838 1387 3910 ὁρώσης,
1440 3839 1643 3891 κλαίων
1677 3841 1772 3895 καὶ

184 3937 550 4009 ὀδυρόμενος,
581 3935 689 3988 οὐδ’
722 3936 913 4003 ἐτέρου
945 3933 1218 4003 διέκρινεν
1252 3932 1486 4001 αἰρεσιν.
1540 3930 1696 3983 Οὕτω
1724 3931 1769 3984 δ’

185 4030 254 4080 ἐν
284 4026 477 4095 ἀπόρῳ
507 4026 933 4091 καθεστηκότος.
965 4021 1159 4090 ἐπίσης
1188 4022 1297 4092 γὰρ
1326 4023 1531 4089 ἀμφοῖν
1552 4023 1772 4075 ἐνικᾶτο

178 4118 272 4188 τῷ
304 4119 539 4188 φίλτρῳ,
573 4118 667 4169 καὶ
702 4116 869 4183 ἄμφω
889 4113 1015 4175 τοὺς
1051 4113 1246 4176 παῖδας
1286 4114 1560 4177 ἀπώλεσε,
1592 4114 1770 4184 ξίφεσι

181 4214 306 4265 τῶν
348 4208 700 4280 στρατιωτῶδ
731 4206 1192 4276 διαχρησαμένων
1218 4207 1441 4269 αὐτούς.
1489 4206 1651 4260 Ἀλλὰ
1675 4211 1771 4260 καὶ

182 4304 417 4372 οἰκέτης
454 4301 688 4370 δεσπότῃ
711 4300 899 4369 ἀγαθῴ
925 4298 1185 4369 τιμωρῶν
1221 4298 1476 4369 ἀγομένῳ
1504 4300 1643 4368 πρὸς
1672 4302 1770 4368 τὴν

188 4394 442 4464 σφαγὴν,
478 4391 674 4446 ἑαυτὸν
702 4392 779 4451 είς
806 4390 1089 4458 ἀναίρεσιν
1133 4388 1434 4457 προθύμως
1465 4388 1658 4441 ἐδίδου.

1872 3196 2020 3251 caede
2043 3198 2238 3252 civitas
2261 3199 2333 3253 sit
2362 3201 2654 3270 completa.
2681 3202 2796 3256 Non
2824 3202 2974 3257 cives
3000 3203 3148 3256 enim
3179 3211 3234 3256 et
3255 3201 3451 3256 incola:

1873 3296 2111 3351 tantum,
2149 3290 2244 3344 sed
2279 3291 2523 3360 hospites
2550 3292 2739 3357 etiam,
2774 3294 2868 3362 qui
2911 3295 3145 3348 navibus
3166 3308 3234 3347 eo
3275 3308 3450 3362 appu-

1871 3379 2077 3445 lerant,
2106 3391 2305 3451 praeter
2328 3385 2793 3453 exspectationem
2824 3400 3041 3439 omnem
3060 3384 3450 3453 comprehensi

1872 3479 2021 3525 sunt.
2052 3473 2121 3526 Et
2152 3473 2395 3542 profecto
2424 3475 2635 3543 ploratu
2662 3474 2822 3544 digna
2882 3475 2957 3528 ibi
2996 3476 3293 3530 commissa
3318 3486 3452 3529 sunt

1871 3559 2137 3625 facinora,
2174 3564 2335 3632 quale
2361 3572 2446 3618 est
2471 3573 2525 3618 et
2550 3564 2681 3617 illud
2718 3582 2731 3617 :
2797 3565 3120 3619 Mercatoris
3162 3567 3447 3635 cujusdam

1874 3653 1969 3707 ﬁlii
2003 3652 2115 3707 duo
2146 3663 2275 3707 sunt
2302 3655 2466 3724 capti.
2497 3653 2601 3708 Pro
2634 3656 2858 3725 quibus,
2907 3667 2967 3709 ut
3015 3657 3320 3711 incolumes
3372 3659 3451 3712 illi

1873 3754 2225 3800 servarentur
2273 3757 2544 3815 precatus,
2584 3748 2826 3818 seipsum
2882 3753 2947 3802 ad
2983 3764 3174 3804 necem
3217 3751 3450 3806 obtulit:

1872 3838 2224 3907 pretiumque
2260 3850 2523 3907 prmterea
2551 3849 2818 3909 quantum
2859 3842 2975 3895 auri
3020 3842 3268 3907 haberet,
3304 3843 3450 3896 mili-

1876 3928 2025 3983 tibus
2053 3944 2112 3984 se
2140 3929 2395 3985 daturum
2426 3931 2700 4000 pollicitus
2736 3940 2839 3987 est.
2874 3932 3000 3986 Feri
3035 3948 3166 3987 vero
3199 3944 3254 3988 et
3286 3935 3447 3989 inhu-

1874 4026 2021 4079 mani
2044 4026 2140 4093 illi,
2164 4040 2349 4080 casum
2380 4026 2479 4080 viri
2509 4028 2775 4091 miserati,
2827 4028 3058 4081 alterum
3090 4043 3252 4096 quem
3280 4028 3447 4082 vellet

1872 4131 1939 4171 ex
1966 4116 2112 4181 ﬁliis,
2149 4117 2408 4186 precibus
2438 4117 2542 4171 hoc
2573 4118 2691 4187 ejus
2723 4117 2939 4181 dantes,
2968 4119 3244 4171 redimere
3278 4119 3455 4189 jusse-

1875 4215 2024 4261 runt.
2091 4206 2146 4262 Si
2176 4207 2324 4262 enim
2362 4216 2664 4277 utrumque
2726 4208 3091 4271 dimitterent,
3148 4209 3451 4277 periculum

1874 4300 1979 4353 sibi
2018 4300 2150 4370 ipsis
2182 4312 2468 4355 creaturos
2496 4317 2639 4367 esse,
2675 4317 2910 4357 numero
2934 4317 3199 4357 caesorum
3245 4302 3452 4372 aliquid

1875 4392 2199 4458 decedente,
2229 4394 2517 4450 dixerunt.
2542 4392 2678 4451 Cum
2712 4410 2892 4449 autem
2919 4404 3146 4464 paterna
3177 4404 3374 4448 natura
3399 4404 3457 4447 cl.

187 4492 376 4561 pietas
426 4488 479 4541 in
538 4495 832 4552 utrumque
876 4492 1226 4552 respectaret,
1299 4482 1436 4536 [lens
1505 4482 1596 4537 ille
1630 4492 1686 4536 et
1719 4482 2048 4553 lamentans,
2106 4502 2398 4557 quemnam
2465 4506 2534 4545 ex
2569 4500 2801 4560 utroque
2862 4499 3097 4571 optaret,
3160 4491 3456 4547 decernere

184 4600 308 4639 non
348 4582 543 4652 potuit.
580 4582 755 4646 Atque
799 4578 868 4631 ita
901 4576 1071 4641 animi
1119 4575 1407 4646 ambiguus
1451 4574 1762 4645 (utriusque
1799 4579 1945 4632 enim
2013 4596 2079 4634 ex
2139 4597 2297 4651 raquo
2359 4598 2548 4637 amore
2604 4583 2947 4640 vincebatur)
2980 4591 3279 4650 utrumque
3334 4599 3455 4653 per-

186 4676 360 4737 didit,
397 4673 620 4729 militari
646 4672 790 4726 l'erro
818 4685 1042 4724 caesum.
1079 4668 1185 4724 Sed
1219 4678 1274 4724 et
1324 4683 1516 4723 servus
1546 4670 1768 4738 quidam
1811 4671 1942 4726 hero
1965 4688 2085 4732 suo.
2111 4690 2221 4743 quo
2254 4674 2489 4747 benigno
2519 4691 2652 4730 usus
2678 4677 2875 4740 fuerat,
2899 4690 3023 4731 cum
3065 4677 3113 4730 is
3140 4677 3208 4729 ad
3248 4677 3450 4732 caadem

186 4770 517 4829 duceretur,
551 4779 710 4834 opem
745 4764 949 4823 ferens.
985 4762 1226 4832 seipsum
1281 4762 1347 4816 ad
1378 4777 1567 4816 necem
1600 4763 1766 4817 alacri
1807 4764 1994 4818 animo
2024 4765 2248 4821 obtulit.

771 4883 1022 4938 ΚΕΦΑΛ.
1068 4880 1203 4935 MA'.

189 4980 343 5046 Περὶ
370 4978 481 5047 τῆς
510 4978 615 5031 τοῦ
638 4976 983 5047 ἐπισκόπου
1020 4975 1374 5044 Ἀμόροσιόυ
1408 4978 1769 5047 παρῤησίας·

268 5045 352 5115 ὥς
381 5045 495 5102 οὐκ
538 5046 730 5112 ἀνῆκε
789 5045 1085 5108 Θεοδοσίῳ
1113 5047 1226 5112 τὴν
1254 5050 1334 5111 εὶς
1385 5046 1456 5099 τὰ
1484 5048 1611 5101 θεῖα
1635 5051 1779 5102 ἀνά-

268 5136 455 5187 κτορα
501 5118 747 5187 εἴσοδον
770 5133 783 5147 ·
816 5115 923 5187 ,καὶ
956 5115 1085 5181 περὶ
1124 5115 1232 5187 τοᾷ
1263 5117 1450 5184 νόμου
1481 5116 1554 5170 ὃν
1588 5118 1775 5181 ἔθετο,

268 5184 389 5244 καὶ*
431 5189 563 5256 περὶ
623 5185 744 5240 τῶν
798 5184 1005 5240 ἄλλων
1051 5185 1238 5239 αὑτοῦ
1272 5187 1684 5253 παιαινέσεών
1714 5204 1778 5242 τε

266 5259 370 5313 καὶ
390 5257 601 5327 ἔργων.

268 5370 387 5442 Τὴν
412 5371 545 5440 γοῦν
578 5369 870 5440 συμφορὰν
901 5367 1107 5437 ταύτην
1164 5367 1494 5438 Ἀμϐρὸσιος
1553 5371 1580 5422 ὁ
1636 5367 1778 5433 θεῖος

196 5463 422 5537 μαθὼν,
449 5463 572 5516 ἐπεὶ
607 5463 747 5534 μετά
774 5466 873 5533 τὴν
903 5462 1168 5531 Εὑγενίου
1197 5461 1355 5531 νίκην
1388 5456 1525 5533 ἦκεν
1553 5465 1631 5525 si;
1667 5465 1780 5516 Με·

2365 4885 2527 4955 317
2557 4882 2784 4941 CAPUT
2821 4882 2959 4939 XLI.

1883 4971 1961 5025 De
1992 4972 2216 5042 episcopi
2243 4973 2501 5028 Ambrosii
2528 4976 2737 5028 dicendi
2761 4985 2811 5028 et
2836 4974 3093 5042 arguendi
3117 4973 3376 5037 libertate,
3397 4986 3455 5029 ut

1954 5043 2293 5114 Theodosium
2321 5044 2385 5096 nb
2406 5046 2645 5114 ingressu
2682 5045 2863 5114 templi
2902 5043 2996 5098 Dei
3019 5046 3338 5110 prohibuerit
3362 5061 3380 5098 :
3403 5058 3452 5099 et

1952 5114 2014 5164 de
2040 5113 2168 5185 lege,
2198 5130 2358 5185 quam
2391 5113 2586 5185 poSuit.
2614 5124 2662 5167 et
2691 5116 2755 5168 de
2783 5115 2904 5169 aliis
2937 5115 3171 5184 ejusdem
3192 5116 3453 5170 Ambrosii

1952 5184 2171 5252 egregiis
2199 5183 2348 5236 dictis
2389 5183 2434 5236 et
2462 5185 2636 5252 factis.

1954 5367 2105 5422 lianc
2144 5378 2348 5424 tantam
2387 5384 2688 5424 aerumnam
2713 5369 2874 5424 divus
2904 5368 3232 5424 Ambrosius
3259 5370 3452 5427 audie-

1881 5467 1983 5513 rat.
2018 5459 2229 5514 Etcum
2262 5469 2384 5529 post
2416 5461 2711 5516 Maximum
2743 5461 2819 5530 (Ι)
2866 5460 3158 5515 devictum
3192 5459 3452 5518 Theodo-

276 5628 357 5694 (Ι)
391 5627 447 5680 1η
467 5627 756 5694 Nicephori
783 5623 1283 5690 Graacoexemplari
1321 5622 1545 5685 [ingenii
1574 5636 1775 5694 nomen
1877 5624 2407 5692 ConstantinOpolim
2459 5639 2737 5678 reversum
2783 5636 2920 5677 esse.
2973 5620 3298 5694 Ambrosius
3327 5624 3453 5694 epi-

195 5692 449 5769 positum
494 5692 623 5751 esti:
674 5696 768 5749 sed
815 5711 916 5762 ego
952 5709 1140 5773 proco
1167 5695 1472 5773 ‘Maxim'l’y.’
1535 5692 1775 5773 τεξνυβιιῖο

202 5763 435 5845 propter
504 5777 932 5841 consequentia,
1000 5767 1091 5819 ubi
1148 5766 1352 5820 dicitur
1407 5763 1777 5822 Theodosium

1882 5710 2079 5761 scopns
2126 5689 2492 5747 Theodosium
2554 5695 2624 5746 ob
2676 5703 2782 5746 tam
2839 5691 3183 5763 tyrannicum
3233 5689 3453 5748 facilius

1882 5764 2081 5837 templo
2120 5763 2407 5820 Mediolani
2441 5764 2701 5819 excludit.
