3936 6206
567 303 673 367 891

1798 285 2219 347 NlCEl‘llORI
2266 286 2351 344 CA
2367 284 2607 346 LLISTI
2926 322 2929 323 ν
3652 287 3725 349 892

567 419 688 473 sius
748 414 1116 472 Mediolanum
1154 410 1416 473 venisset,
1466 408 1609 464 etin
1642 407 1930 461 ecclesiam
1994 403 2155 457 sicuti

2281 404 2522 466 ῖιόλανον,
2560 401 2657 454 καὶ
2693 401 2775 464 εἰς
2814 399 2912 471 τὴν
2965 399 3258 468 ἐκκλησίαν
3292 400 3362 463 ὡς
3397 400 3503 466 ἔθος
3539 403 3725 474 εἰσήγετη

569 524 691 567 mos
709 515 813 568 cst,
830 511 1113 575 precatum
1138 504 1266 564 iret,
1293 509 1348 554 et
1368 499 1479 569 jam
1508 498 1575 554 ad
1604 497 1752 552 fores
1773 496 1894 564 ejus
1914 496 2152 560 adesset,

571 613 869 658 occurrens
886 596 934 649 ei
957 593 1300 658 Ambrosius,
1323 599 1379 647 et
1399 607 1640 662 purpura
1658 592 1778 665 ejus
1790 590 2155 661 apprehensa,

571 696 631 747 in
667 688 1019 746 multitudine
1052 686 1257 749 media,
1282 700 1351 739 ne
1376 699 1656 740 sacrarum
1689 683 1886 738 aedium
1912 682 2159 736 vestibu-

571 787 684 842 lum
712 787 978 851 tangeret,
1003 777 1283 848 prohibet.
1321 775 1568 831 «Resiste
1594 776 1696 846 (1),
1726 774 1943 844 inquit:
1974 775 2154 827 virum

571 877 719 932 enim
785 873 1087 940 impurum,
1143 880 1199 924 et
1268 884 1468 924 manus
1538 867 1804 938 sanguine
1879 865 2155 921 innocenti

569 969 688 1024 fere
765 965 946 1019 adhuc
982 962 1273 1032 perinique
1323 960 1598 1015 stillantes
1655 958 2153 1019 circumferentem,

572 1060 659 1112 fas
687 1071 795 1110 non
826 1064 929 1119 est,
972 1062 1099 1107 ante
1132 1052 1437 1123 legitimam
1491 1049 1846 1119 debitamque
1883 1049 2157 1119 paeniten-

575 1150 736 1209 tiam,
769 1159 982 1200 sacram
1013 1142 1224 1214 ingredi
1261 1140 1460 1205 aedem,
1491 1140 1920 1194 autdivinorum
1952 1147 2158 1209 myste-

572 1241 786 1295 riorum
821 1236 1143 1308 participem
1172 1235 1313 1289 ﬁeri.
1347 1233 1564 1290 Videris
1590 1234 1737 1289 enim
1775 1233 1936 1298 mihi,
1960 1248 1993 1286 ο
2056 1232 2158 1285 im-

574 1342 815 1401 perator,
844 1345 954 1383 non
979 1328 1329 1382 considerare
1349 1327 1534 1380 animo
1566 1333 1778 1380 tantum
1810 1334 1891 1379 tot
1923 1323 2157 1379 caedium

584 1423 792 1478 scelus.
823 1421 1013 1491 Neque
1051 1427 1344 1491 postquam
1380 1418 1475 1473 ira:
1510 1416 1665 1471 furor
1697 1415 1996 1476 deferbuit.
2019 1415 2160 1469 ratio

577 1514 696 1584 ipsa
740 1521 951 1567 tantum
1000 1509 1512 1583 agnoscitfacinus.
1546 1508 1799 1564 Fortasse
1858 1506 2160 1577 imperialis

577 1615 829 1678 potestas
859 1604 1258 1675 impedimento
1293 1602 1390 1656 tibi
1415 1613 1520 1668 est,
1555 1601 1851 1669 quominus
1873 1608 2159 1670 peccatum

581 1698 925 1769 perspicias:
958 1705 1016 1751 et
1044 1696 1214 1751 veluti
1242 1696 1421 1755 nubes
1449 1694 1701 1765 quaedam
1732 1693 1978 1764 potentia
2010 1702 2159 1747 tanta

578 1791 781 1848 rationi
807 1791 1023 1860 objecta
1052 1797 1160 1845 est.
1214 1788 1323 1843 Sed
1378 1804 1617 1857 peropus
1655 1796 1762 1851 est,
1819 1797 2072 1843 naturam
2107 1794 2160 1840 te

578 1892 726 1940 tuam
778 1882 906 1940 fatis
944 1881 1261 1944 obnoxiam,
1294 1889 1356 1934 ut
1409 1880 1625 1936 scilicet
1671 1880 1878 1935 caduca
1910 1878 2071 1933 simul
2104 1886 2161 1932 et

581 1976 726 2033 ﬂuxa
754 1978 844 2035 sit.
870 1983 927 2035 et
946 1975 1156 2033 avitum
1180 1982 1347 2046 atque
1370 1989 1400 2031 a
1416 1973 1599 2049 primo
1629 1983 1855 2043 parente
1872 1984 2157 2041 acceptum

581 2066 889 2136 pulverem,
924 2082 991 2121 ex
1021 2081 1131 2135 quo
1155 2064 1528 2128 constitimus,
1572 2073 1629 2121 et
1662 2065 1721 2121 in
1775 2079 1942 2135 quem
2001 2064 2159 2118 brevi

582 2159 899 2217 diffluentes
923 2168 1294 2226 revertemur,
1331 2158 1724 2214 considerare:
1763 2172 1865 2212 nec
1904 2171 2163 2226 purpurae

582 2251 742 2310 ﬂore.
774 2252 867 2321 qui
911 2250 1221 2309 luminibus
1262 2250 1465 2306 mentis
1494 2250 1683 2319 allicit,
1740 2250 1796 2304 in
1828 2248 2162 2305 oblivionem

583 2345 706 2415 ejus
737 2361 899 2414 quam
931 2344 1027 2401 illa
1062 2343 1273 2411 obtegit
1333 2343 1590 2413 corporis
1637 2342 2034 2401 imbecillitatis
2068 2342 2167 2396 ad-

585 2435 738 2493 duci.
769 2436 1021 2506 Agncsce
1057 2435 1249 2507 igitur,
1282 2444 1334 2489 te
1367 2434 1613 2507 ejusdem
1652 2448 1866 2494 naturae
1891 2444 1948 2490 et
1976 2432 2168 2489 condi-

587 2529 756 2586 tionis
825 2527 1170 2594 hominibus,
1253 2536 1421 2598 atque
1489 2527 1627 2581 adeo
1696 2527 1982 2581 conservis
2057 2526 2168 2583 tuis

585 2617 880 2687 imperare.
904 2615 1228 2673 Communis
1248 2616 1398 2671 enim
1421 2615 1668 2671 omnium
1694 2600 1957 2671 dominus
1985 2627 2040 2671 et
2066 2617 2170 2671 im-

586 2720 811 2780 perator
836 2716 921 2767 est
954 2724 1138 2763 rerum
1170 2707 1441 2763 Conditor
1511 2708 1921 2765 universarum.
1957 2711 2168 2775 Quibus

586 2801 983 2857 verodivinum
1012 2799 1322 2855 intueberis
1346 2799 1525 2854 oculis
1555 2799 1818 2867 templum
1844 2799 1867 2853 ?
1896 2798 2164 2866 Qualibus

588 2889 824 2960 pedibus
874 2900 1128 2947 sanctum
1173 2888 1309 2944 illud
1340 2887 1581 2944 calcabis
1629 2886 1850 2944 solum?
1881 2888 2168 2955 Quomodo

590 2996 787 3035 manus
824 2978 1076 3045 extolles,
1108 2994 1230 3050 quae
1276 2978 1426 3034 aede
1468 2978 1653 3047 iniqua
1695 2977 1994 3038 diﬂluunt?
2026 2977 2175 3045 Quo-

2259 494 2545 561 εὖξασθαι,
2577 491 2675 548 καὶ
2702 491 2839 562 πρὸς
2863 494 2985 553 ταῖς
3014 489 3206 562 θύραις
3238 491 3457 559 ἐγένετο,
3488 493 3726 566 ὑπαντήσας

2270 587 2621 657 ’Δμϐρόσιος,
2642 587 2740 639 καὶ
2765 585 2865 654 τῆς
2890 584 3211 654 ἁλουργίδας
3228 583 3503 655 λαϐόμενος
3525 587 3598 640 ἐπὶ
3621 591 3727 662 μέσῳ

2257 673 2334 747 τῷ
2364 679 2580 750 πλήθει,
2602 677 2712 732 τῶν
2742 677 2905 748 ἱερῶν
2924 676 3225 730 ἐπιϐαίνειν
3254 675 3521 747 προθύρων
3537 679 3725 737 ἐκώλυεν

2266 794 2285 825 ι
2338 772 2618 842 Ἐπίσχες,
2643 771 2869 836 φάσκων
2892 784 2908 799 ·
2935 769 3155 843 άνάγνῳ
3178 767 3286 839 γὰρ
3310 768 3482 837 χεῖρας
3511 768 3649 839 ἀνδρὶ,
3666 773 3727 824 iui

2260 866 2493 935 αἵματος
2525 863 2853 927 σταζούσας,
2902 860 3089 931 σχεδὸν
3139 859 3297 913 ἄδικα
3341 860 3654 931 περιφέροντι,
3681 865 3728 933 μὴ

2260 955 2482 1024 θεμιτὸν
2509 948 2651 1006 εἶναι
2686 952 2794 1020 πρὸ
2845 951 2946 1020 τῆς
3007 949 3314 1021 ἀνηκούσης
3374 949 3621 1017 μετανοίας
3657 952 3728 1004 τῶν

2262 1044 2427 1113 ίερῶν
2451 1041 2756 1095 ἐπιϐαίνειν
2778 1039 2972 1103 ούδῶν,
2997 1038 3032 1111 ἢ
3089 1039 3399 1108 μυστηρίων
3441 1036 3577 1091 θείων
3594 1048 3730 1092 κτοιωο

2262 1135 2351 1188 νδν
2382 1132 2634 1205 ὁρᾶσθαι.
2672 1132 2901 1194 Ἔοικας
2940 1132 3051 1201 γάρ
3105 1146 3220 1199 μοι,
3247 1123 3292 1182 ὧ
3345 1128 3560 1198 βασιλεῦ,
3587 1131 3731 1199 μηδ’ίν

2260 1226 2337 1295 νῷ
2373 1224 2555 1293 βαλεῖν
2582 1221 2645 1276 τδ
2686 1220 2943 1274 τοσοῦτον
2992 1222 3090 1291 τῆς
3125 1218 3431 1289 μιαιφονίας
3465 1218 3616 1288 ἔργον,
3642 1218 3731 1288 μηδὲ

2261 1315 2338 1386 τῷ
2370 1310 2796 1387 θυμῷ-λήγοντι,
2833 1312 2928 1366 τὸν
2958 1309 3225 1380 λογισμὸν
3273 1308 3546 1377 ἐπιγνῶναι
3570 1309 3618 1361 rb
3655 1308 3733 1359 rdi-

2266 1427 2339 1480 μη
2350 1427 2443 1477 μα.
2485 1409 2649 1469 Ἴσως
2676 1404 2787 1473 γὰρ
2813 1406 2845 1474 ἡ
2881 1401 3138 1474 βασιλικὴ
3163 1399 3444 1456 δυναστεία
3464 1400 3666 1468 ἐμποδὼν
3680 1418 3732 1453 τοι

2263 1502 2495 1554 καθίστα
2507 1516 2588 1552 ται
2615 1498 2679 1553 τὸ
2706 1497 3020 1567 ἁμάρτημα
3059 1494 3289 1548 συνιδεῖν
3314 1508 3330 1526 ·
3356 1490 3436 1547 οἷα
3461 1494 3555 1562 γάρ
3577 1510 3641 1555 τις
3677 1510 3734 1544 νε-

2263 1593 2401 1660 φέλη
2432 1593 2468 1656 ὴ
2515 1590 2736 1657 ἐξουσία
2766 1587 2843 1658 τῷ
2899 1587 2981 1659 σῷ
3033 1587 3311 1640 ἐπίκειται
3352 1584 3587 1655 λογισμῷ.
3628 1585 3734 1636 um

2264 1683 2445 1754 χρεὼν
2486 1685 2543 1735 ἐν
2593 1682 2668 1751 νῷ
2722 1681 2909 1735 λαϐεῖν
2937 1680 2998 1733 τὸ
3032 1681 3132 1749 τῆς
3176 1682 3276 1749 σῆς
3310 1680 3548 1749 ἐπίκηρον
3567 1678 3733 1747 φύσεως,

2267 1778 2362 1829 καὶ
2393 1776 2467 1839 ὡς
2499 1774 2667 1844 θνητή
2722 1790 2778 1825 τε
2809 1772 2928 1842 ἄμα
2968 1772 3064 1823 καὶ
3119 1771 3335 1843 ῥέουσα,
3377 1770 3462 1822 καὶ
3488 1769 3562 1823 τὸν
3584 1770 3733 1838 προπὼ

2270 1884 2404 1938 top:
2437 1864 2588 1936 χοῦν,
2632 1865 2691 1930 ἐξ
2723 1858 2784 1938 οὗ
2818 1862 3261 1933 συνεστήκαμεν,
3297 1863 3386 1915 καὶ
3411 1865 3482 1924 είς
3502 1861 3550 1913 ὃν
3576 1861 3625 1913 οὐ
3647 1862 3734 1929 μετᾶ

2270 1937 2406 2011 πολὺ
2470 1937 2911 2027 διαρῤεύσομεν’
2969 1954 3064 2005 καὶ
3120 1952 3197 2021 μὴ
3249 1951 3324 2021 τῷ
3371 1951 3461 2019 τῆς
3507 1948 3733 2019 ἁλουργίδας

2270 2052 2423 2107 ἄνθει
2454 2036 2646 2119 ὥσπερ
2680 2045 3111 2117 ἐπιπροσθοῦντι
3137 2047 3220 2109 είς
3259 2045 3421 2114 λήθην
3440 2044 3587 2113 ἣκειν,
3611 2035 3656 2095 οὗ
3673 2058 3735 2092 κα·
3771 2095 3785 2114 ⁸

2270 2144 2466 2198 λύπτει
2503 2143 2755 2213 σώματος
2786 2141 2887 2211 τὴν
2917 2139 3233 2193 ἀσθένειαν.
3258 2135 3425 2192 Γνῶθι
3443 2135 3592 2189 τοίνυν
3609 2133 3735 2196 duis

2273 2236 2510 2302 θρώπων
2530 2234 2722 2304 ἄρχεις
2753 2231 3009 2302 ὁμοφυῶν
3038 2248 3103 2285 τε
3154 2229 3251 2284 καὶ
3295 2228 3595 2298 ὁμοδούλων
3618 2225 3735 2286 κοινὸς

2275 2327 2383 2397 γὰρ
2415 2327 2672 2380 ἁπάντων
2720 2324 2988 2396 δεσπότης
3036 2325 3135 2377 καὶ
3189 2323 3434 2394 βασιλεὺς
3462 2325 3487 2376 ὁ
3525 2320 3614 2373 τῶν
3651 2317 3741 2373 ὅλων

2276 2419 2645 2492 Δημιουργός.
2676 2418 2868 2471 τοίνυν
2895 2418 3073 2480 ποίοις
3107 2417 3402 2486 ὀφθαλμοῖς
3425 2416 3507 2468 τὸν
3532 2414 3644 2467 θεῖον
3663 2412 3743 2481 bis:

2277 2514 2453 2579 νεώνς
2506 2513 2641 2565 [loci
2692 2511 2751 2564 δέ
2780 2510 2958 2575 ποίοις
3012 2511 3075 2564 τὸ
3112 2511 3342 2565 δάπεδον
3371 2510 3529 2563 ἐκεῖνο
3556 2507 3744 2576 πατήσεις

2276 2605 2340 2658 τὸ
2363 2604 2555 2673 ἆγιον;
2588 2603 2711 2666 Πῶς
2739 2604 2795 2657 δὲ
2818 2604 2911 2659 καὶ
2937 2605 3131 2674 χεῖρας
3159 2605 3333 2672 ἀρεῖς,
3362 2603 3443 2655 τὸν
3468 2602 3616 2655 ἄδικον
3636 2600 3746 2667 φόνον

2280 2695 2695 2769 ἀποῤῥεούσαςς
2741 2695 2864 2758 Πῶς
2910 2694 2969 2749 δὲ
3012 2696 3112 2749 καὶ
3152 2695 3212 2749 τὸ
3252 2695 3387 2748 θεῖον
3433 2693 3515 2747 τοῦ
3552 2694 3750 2746 Δεσπὺτον

2283 2792 2444 2862 σῶμα
2478 2789 2706 2849 ταύταις
2737 2787 3026 2858 ἐνθήσεις-ς
3055 2786 3184 2849 Πῶς
3209 2786 3265 2840 δὲ
3299 2788 3385 2841 καὶ
3411 2786 3466 2839 τὸ
3490 2784 3636 2854 τίμιον
3655 2776 3749 2849 αἷμα

2285 2883 2599 2956 προσοίσεις
2623 2882 2702 2952 τῷ
2736 2880 2988 2951 στόματι,
3020 2878 3094 2933 δι’
3122 2870 3184 2933 οὗ
3216 2877 3369 2950 θυμῷ
3400 2876 3752 2948 βουκολούμενος.

2287 2975 2547 3031 τοσοῦτον
2571 2969 2711 3045 αἷμα
2728 2973 2954 3043 ἐξέχεας
2974 2989 2991 3037 ς
3012 2971 3184 3042 Στῆθι
3199 2972 3375 3025 τοίνυν
3397 2970 3467 3033 ὡς
3488 2967 3752 3040 πορρωτέρω,

590 3067 757 3123 modo
780 3069 946 3127 etiam
981 3067 1231 3122 divinum
1264 3065 1482 3120 Domini
1537 3081 1742 3136 corpus
1767 3067 1850 3122 eis
1876 3067 2168 3137 excipies?

2282 3071 2382 3124 καὶ
2415 3068 2490 3138 μὴ
2524 3066 2725 3133 διπλῆν
2754 3066 2902 3119 ποίει
2933 3063 3123 3134 σαυτῷ
3149 3064 3243 3118 καὶ
3270 3061 3581 3133 μακροτέραν
3598 3061 3671 3123 τὴν
3687 3073 3755 3106 ιτα-

593 3156 880 3224 Quomodo
897 3155 1224 3226 sanguinem
1245 3155 1549 3226 pretiosum
1582 3156 1650 3210 ad
1685 3171 1749 3211 os
1804 3155 2026 3224 aﬂ'eres,
2074 3172 2173 3226 per

594 3250 744 3320 quod
777 3248 855 3303 ira
879 3248 1233 3303 transversim
1261 3257 1437 3315 actus,
1497 3257 1711 3303 tantum
1755 3248 2001 3305 eﬂudisti
2052 3266 2179 3304 san—

596 3343 813 3413 guinis?
846 3342 1021 3409 Qcam
1052 3341 1381 3413 longissime
1417 3342 1585 3414 igitur
1613 3340 1841 3410 absiste,
1868 3358 2049 3413 neque
2081 3342 2180 3399 tibi

597 3432 703 3502 ipsi
778 3441 1068 3503 peccatum
1137 3432 1465 3503 adaugendo
1544 3432 1890 3501 iniquitatem
1962 3433 2182 3495 condu-

596 3524 743 3596 plica
764 3524 865 3594 (2).
905 3524 1199 3581 Vinculum
1228 3533 1414 3583 autem
1446 3524 1593 3595 quod
1626 3524 1771 3579 Deus
1823 3524 2041 3581 coalitus
2069 3525 2182 3580 cal-

599 3618 728 3673 culo
790 3633 891 3672 suo
921 3617 1328 3686 comprobavit.
1370 3617 1611 3687 suscipe,
1648 3616 1795 3687 quod
1822 3617 1921 3671 tibi
1971 3617 2183 3672 incolu-

600 3710 849 3765 mitatem
909 3724 1100 3762 veram
1193 3707 1578 3765 conciliabit.»
1635 3706 1938 3777 Imperator
1996 3715 2182 3760 autem

597 3802 865 3859 antistitis
895 3800 1117 3856 dicendi
1149 3801 1467 3856 libertatem
1491 3799 1822 3865 admiratus,
1858 3797 2046 3854 verbis
2064 3799 2185 3867 ejus

598 3895 791 3960 cessit;
812 3910 937 3947 nam
955 3895 1010 3948 in
1030 3893 1238 3951 divinis
1266 3893 1481 3964 legibus
1504 3891 1775 3948 educatus
1787 3891 1986 3958 fuerat,
2006 3902 2187 3948 certo-

596 4003 705 4058 que
736 3987 965 4051 sciebat,
997 4001 1247 4057 quamam
1302 3984 1731 4057 imperatorum,
1756 3984 1936 4059 διε
1963 3991 2021 4039 et
2062 4000 2185 4053 quae

597 4084 765 4133 etiam
794 4080 1184 4148 episcoporum
1217 4087 1413 4133 essent
1434 4076 1644 4131 munia.
1679 4076 1746 4132 Et
1774 4074 2184 4147 cogitabundus

598 4169 948 4238 aliquandiu,
980 4184 1105 4223 cum
1136 4169 1415 4240 lacrymis.
1439 4168 1783 4238 paenitentia:
1799 4167 2182 4231 aculeisictus,

600 4262 657 4314 in
686 4261 891 4327 regiam
919 4268 1002 4314 est
1027 4274 1305 4315 reversus.
1341 4259 1412 4313 Et
1433 4270 1557 4315 octo
1587 4259 1867 4316 continuis
1896 4257 2186 4313 mensibus

600 4352 829 4423 elapsis,
885 4352 1119 4411 illustris
1185 4354 1463 4415 Natalium
1507 4352 1713 4410 Christi
1768 4353 1992 4413 advenit
2041 4352 2184 4416 dies,

2278 3158 2570 3233 ρανομίαν.
2605 3157 2775 3227 Δέχου
2802 3155 2860 3210 δὲ
2886 3156 2977 3209 τὸν
3004 3155 3235 3224 δεσμὸν,
3265 3150 3308 3224 ᾧ
3338 3154 3462 3217 Θεὸς
3487 3151 3654 3208 ἄνωθεν
3690 3148 3755 3214 τὴν

2279 3253 2460 3324 ψῆφον
2497 3251 2804 3321 ἐπήνεγκεν
2827 3264 2842 3280 ·
2900 3247 3143 3318 ἀληθοῦς
3177 3247 3222 3302 δ’
3255 3248 3455 3315 ὑγιείας
3498 3243 3649 3298 οὐτοσὶ
3668 3243 3755 3309 x96-

2284 3344 2454 3411 ξενος.
2501 3362 2521 3395 ι
2570 3342 2630 3396 Ὀ
2657 3342 2716 3395 δὲ
2774 3339 3035 3411 βασιλεὺς
3083 3340 3181 3394 τὸν
3244 3341 3393 3409 ίερέα
3419 3337 3661 3406 θαυμάσας
3690 3332 3754 3399 τῆς

2284 3437 2624 3508 παρρησίας,
2650 3438 2745 3490 καὶ
2768 3437 2884 3497 τοῖς
2912 3433 3098 3501 λόγοις
3129 3433 3279 3501 εἴξας
3302 3432 3316 3466 ί
3349 3434 3498 3495 θείοις
3520 3433 3609 3499 γὰρ
3630 3427 3757 3496 νόμοις

2284 3528 2613 3598 ἐτέθραπτο,
2646 3528 2743 3581 καὶ
2778 3525 2968 3595 σαφῶς
2988 3524 3114 3597 ᾔδει
3153 3524 3272 3580 τίνα
3302 3526 3397 3595 μὲν
3418 3522 3657 3594 βασιλέων,
3679 3518 3757 3570 τίνα

2283 3624 2341 3678 δὲ
2376 3623 2571 3694 ἱερέων
2600 3622 2668 3674 τὰ
2698 3620 2807 3675 ἴδια
2827 3633 2842 3649 ⁶
2884 3617 3118 3681 σύννους
3146 3616 3374 3671 ἐπιπολὺ
3399 3615 3486 3668 καὶ
3513 3606 3759 3680 δεδακρυμέ-

2285 3728 2375 3777 νος
2398 3715 2512 3777 τοῖς
2544 3712 2642 3779 τῆς
2669 3709 2962 3780 μετανοίας
2986 3706 3243 3777 κέντροις
3281 3707 3594 3774 νυττόμενος,
3621 3702 3680 3760 είς
3715 3696 3757 3746 τὰ

2286 3801 2538 3874 βασίλεια
2571 3791 3051 3868 καθυπέστρεφεν.
3101 3796 3279 3853 Ὀκτὼ
3304 3794 3349 3845 δ’
3374 3791 3551 3863 ἐφεξῆς
3578 3799 3755 3874 παρφχπς

2286 3870 2461 3947 κότων
2493 3891 2704 3962 μηνῶν,
2734 3892 2768 3961 ἠ
2802 3890 3114 3962 περιφανὴς
3147 3889 3257 3943 τῶν
3286 3884 3559 3941 Γενεθλίων
3597 3870 3755 3947 Χριστῡῦ

2287 3985 2589 4038 κατέλαϐεν
2623 3984 2808 4055 ἑορτή.
2867 3982 2927 4035 '0
2960 3982 3019 4055 δέ
3050 3982 3295 4051 κρατῶν,
3319 3981 3376 4035 ἐν
3422 3980 3522 4040 τοῖς
3548 3967 3753 4044 βασιλείας

2286 4078 2550 4147 καθῆστο,
2574 4074 2974 4147 ὀλοφυρόμενός
3017 4090 3079 4127 τε
3114 4078 3211 4128 καὶ
3243 4070 3480 4142 δακρύων
3509 4065 3655 4121 λιϐάσι
3678 4071 3755 4112 κατ·

2288 4169 2540 4240 αρδεύων
2580 4169 2641 4222 τὸ
2674 4169 2988 4238 πρόσωπον.
3037 4167 3198 4221 Οὕτω
3237 4166 3283 4220 δ’
3313 4165 3492 4234 ἔχοντα
3516 4154 3753 4224 θεασάμιντις

2299 4259 2586 4328 Ῥουφῖνος
2606 4259 2633 4312 6
2663 4259 2992 4329 μάγιστρος,
3023 4257 3168 4328 ὑπὲρ
3187 4256 3428 4317 ἃπαντας
3453 4248 3700 4321 τιμώμενος
3717 4242 3752 4290 ἐκ

2291 4348 2587 4419 συνηθείας
2615 4349 2693 4419 τῷ
2730 4349 2967 4419 βασιλεῖ,
3003 4349 3194 4419 ἠρέμα
3226 4346 3460 4418 προσιὼν
3487 4344 3541 4396 τὸ
3575 4337 3661 4391 τῶν
3697 4333 3749 4383 δι’

602 4452 766 4514 atque
785 4445 1083 4514 imperator
1108 4446 1165 4500 in
1196 4446 1579 4515 imperialibus
1598 4446 1812 4501 aedibus
1844 4445 2075 4529 sedebat
2100 4444 2172 4498 la-

2287 4443 2472 4514 κρύων
2511 4442 2918 4496 ἀνεπυνθάνετο
2946 4442 3145 4496 αἵτιον.
3178 4442 3240 4494 '0
3279 4440 3323 4493 δ’
3353 4440 3414 4491 ἐκ
3452 4433 3615 4507 βάθους
3644 4422 3751 4529 ﬁnit-tt.“

603 4548 880 4601 mentans.
912 4547 967 4593 et
1000 4538 1369 4610 lacrymarum
1418 4539 1655 4595 humore
1708 4538 1902 4593 faciem
1971 4538 2182 4608 rigans.

604 4631 777 4697 Quem
834 4632 894 4686 in
929 4642 1085 4688 tanto
1118 4633 1269 4690 luctu
1312 4633 1499 4690 vivere
1527 4631 1622 4689 ubi
1669 4631 1901 4688 Ruﬁnus
1926 4632 2188 4702 magister

605 4728 781 4790 (hunc
825 4735 1007 4783 autem
1034 4741 1201 4796 supra
1234 4727 1374 4781 alios
1405 4741 1601 4782 omnes
1639 4726 1731 4780 ille
1758 4736 1990 4797 propter
2019 4725 2187 4779 lami-

2283 4554 2337 4590 τι
2363 4538 2458 4589 καὶ
2485 4536 2846 4607 σφοδρότερον
2875 4533 3214 4603 ἀνοιμώξας,
3253 4532 3553 4601 συχνότερον
3578 4515 3751 4607 κατέρρει

2285 4628 2346 4683 τὸ
2373 4605 2613 4698 δάκρυον
2632 4644 2647 4657 ο
2691 4630 2788 4680 καὶ
2815 4626 2955 4697 πρὸς
3009 4627 3221 4678 ἐκεῖνον
3258 4620 3527 4693 στραφεὶς,
3557 4633 3573 4667 ι
3605 4611 3661 4665 Σὺ
3680 4605 3751 4698 tibi

2283 4719 2411 4788 ἔφη’
2455 4693 2724 4786 Ῥουφῖνεο
2751 4693 2969 4780 παίζεις
2990 4729 3006 4746 ⁹
3035 4712 3295 4783 αἴσθησις
3324 4712 3428 4779 γάρ
3457 4724 3531 4760 σοι
3557 4701 3643 4754 τῶν
3659 4693 3752 4788 iit-93"

601 4825 799 4879 liarem
859 4822 1319 4879 consuetudinem
1379 4819 1706 4888 honorabat)
1766 4783 1926 4883 vidit,
1965 4817 2172 4889 placide

2283 4783 2477 4863 δεινῶν
2506 4783 2761 4876 οὐδαμῶς
2787 4821 2802 4835 ’
2834 4806 2961 4871 ἐμοὶ
3005 4804 3064 4858 δέ
3120 4803 3328 4857 στένειν
3357 4801 3445 4854 καὶ
3487 4783 3751 4889 ὀλοφύρεσθαι

604 4917 672 4972 ad
702 4931 829 4971 eum
861 4915 1116 4980 accessit,
1142 4925 1200 4969 et
1226 4914 1592 4985 lacrymarum
1611 4926 1833 4967 causam
1862 4910 2183 4980 inquisivit.

604 5010 671 5065 Et
702 5009 815 5075 ille,
834 5007 1326 5065 altiusvehementi
1348 5015 1402 5062 et
1423 5005 1536 5061 acri
1567 5006 1735 5061 ducto
1755 5004 2021 5075 suspirio,
2050 5018 2186 5070 pro-

606 5102 770 5157 lixius
798 5100 971 5157 ﬂevit.
1004 5100 1215 5159 Deinde
1244 5098 1312 5159 ad
1336 5098 1490 5155 illum
1515 5112 1857 5155 conversus:
1901 5115 1921 5149 ι
1948 5094 2029 5149 Tu
2058 5094 2186 5163 qui-

606 5193 755 5255 dem,
811 5190 1011 5260 inquit,
1085 5189 1307 5252 Ruline,
1361 5186 1508 5242 ludis
1561 5205 1576 5242 :
1646 5200 1991 5255 nequaquam
2042 5183 2189 5237 enim

608 5286 878 5340 malorum
911 5296 1161 5337 meorum
1188 5295 1386 5335 sensus
1410 5279 1480 5335 ad
1505 5288 1559 5333 te
1610 5276 1883 5348 pervenit.
1933 5275 2063 5329 Mihi
2091 5286 2192 5328 au-

608 5388 719 5433 tem
781 5391 882 5429 cur
912 5389 1124 5446 gemam
1174 5382 1235 5427 et
1282 5371 1519 5441 lugeam,
1582 5384 1763 5424 causa:
1810 5374 2050 5432 exstant,
2099 5365 2193 5434 qui

613 5476 824 5522 tantam
854 5480 981 5536 quae
1016 5463 1150 5519 mihi
1172 5462 1394 5526 accidit,
1430 5474 1735 5515 arumnam
1758 5446 2015 5514 sentiam.
2048 5457 2195 5523 Quo-

615 5560 778 5615 modo
808 5573 941 5613 vero
973 5571 1074 5627 ego
1105 5570 1213 5610 non
1246 5553 1477 5624 amigar,
1502 5567 1626 5608 cum
1666 5549 1843 5607 servis
1873 5559 1928 5604 et
1978 5547 2191 5603 mendi-

688 5670 927 5794 (οηῶιωο
975 5668 1143 5724 verba
1189 5666 1557 5724 Theodoritus
1599 5679 1709 5721 non
1765 5663 1949 5729 habet,
2008 5663 2100 5717 lib.
2133 5678 2183 5726 v,

688 5757 740 5794 υ.
840 5777 855 5793 .

617 5756 855 5810 οσρ.ιυ.

2295 4901 2584 4972 πάρεστιν,
2625 4899 3080 4968 ἐπαισθανομένῳ
3109 4897 3318 4967 σφόδρα
3359 4894 3454 4963 τὴν
3481 4882 3751 4972 “sum”.

2299 4969 2400 5045 σαν
2429 4988 2738 5060 συμφοράν.
2775 4988 2886 5041 Καὶ
2919 4986 3039 5049 πῶς
3089 4990 3200 5055 γὰρ
3225 4986 3323 5037 οὑκ
3360 4985 3416 5034 ἐν
3436 4976 3599 5036 δεινοῖς
3625 4969 3747 5060 ipsi“.

2296 5083 2495 5151 ὅτιπερ
2526 5082 2643 5143 τοῖς
2670 5080 2771 5149 μὲν
2801 5078 3044 5141 οἰκέταις
3076 5076 3173 5130 καὶ
3204 5074 3516 5146 προσαίταις
3546 5061 3640 5119 κατ’
3660 5056 3772 5151 ἐξοίίί

2300 5174 2421 5227 σίαν
2475 5172 2684 5240 ἐφεῖται
2738 5172 2921 5225 πᾶσαν
2969 5172 3052 5234 είς
3102 5169 3192 5222 τὸν
3246 5167 3387 5220 θεῖον
3429 5159 3580 5220 ἀδεῶς
3604 5148 3749 5247 eloti“:

2298 5266 2435 5320 νεών
2455 5282 2471 5298 ⁸
2503 5268 2630 5336 ἐμοὶ
2662 5266 2708 5319 δ’
2736 5266 2797 5319 ού
2833 5265 2999 5335 μόνον
3031 5257 3187 5325 οὗτος
3215 5264 3276 5316 ού
3307 5262 3538 5331 βάσιμος,
3566 5247 3669 5306 ἀλλά
3694 5254 3751 5291 καί

2298 5358 2532 5428 οὐρανὸς
2582 5358 2746 5419 αὐτὸς
2802 5356 3262 5420 ἀποκέκλεισται;
3295 5351 3428 5407 Οὐδὲ
3472 5346 3566 5416 γὰρ
3591 5336 3751 5429 ἀμύητῆ

2296 5452 2397 5520 τῆς
2430 5451 2576 5514 θείας
2604 5451 2824 5521 ἐκείνης
2858 5450 3073 5518 φωνῆς,
3094 5448 3132 5518 ἢ
3154 5444 3445 5517 διαρῤήδην
3469 5433 3755 5521 ψηφίζετνυ

2303 5517 2393 5597 “il-
2424 5543 2530 5613 γῆς
2556 5517 2818 5614 δεδεμένά
2839 5544 2953 5606 τοῖς
2981 5517 3191 5612 ἱερεῦσι
3221 5537 3356 5591 Θεοῦ
3385 5532 3511 5588 κάπὶ
3541 5528 3634 5586 τοῖς
3651 5517 3756 5584 οὔρια

2370 5661 2445 5730 (2)
2482 5660 2817 5723 Ambrosius,
2849 5659 2946 5715 lib.
2987 5657 3151 5729 Epist.
3196 5672 3248 5720 ν,
3279 5668 3364 5723 ep.
3397 5648 3480 5704 εδ.
