3936 6206
143 317 245 380 $93

1063 315 1649 376 ECCLESIASTICAZ
1689 316 2066 375 iliS'FOllHi
2107 315 2248 374 LIB.
2293 315 2432 374 Xli.

3277 310 3391 376 896

142 432 255 494 νοῖς
307 432 368 483 ὲν
423 429 502 499 τῷ
548 430 786 497 ἀσφαλεῖ
839 429 1197 485 καθεστάναι.
1236 449 1254 481 ι
1326 430 1384 483 '0
1435 431 1482 483 δ’
1532 431 1717 493 εὐθὺς,

1833 433 1905 485 uis
1935 430 2124 494 etiam,
2167 430 2375 498 absque
2416 436 2564 482 metu
2608 425 2781 488 omni,
2845 423 3088 479 divinum
3128 422 3388 491 templum

146 541 165 574 ι
212 520 359 575 Ἀλλ’
392 523 441 574 εί
471 520 549 591 τῷ
580 521 680 589 σῷ,
719 522 876 590 φησὶ,
924 522 1118 591 κράτει
1176 523 1344 582 δοκεῖ.
1401 521 1719 592 δραμοῦμαι

137 614 202 679 δὴ
237 613 378 682 πρὸς
401 614 492 665 τὸν
524 612 696 681 ἱερέα,
721 612 817 665 καὶ
850 611 1028 664 πάντα
1058 612 1239 665 κάλων
1287 613 1497 682 κινήσω
1531 614 1720 683 δεόμε-

136 723 234 769 νος
262 704 409 758 ὥστε
437 721 519 757 σοι
538 703 694 757 λύσιν
725 703 1007 758 ἐπιϐαλεῖν
1029 708 1144 768 τοῖς
1164 704 1400 772 δεσμοῖς.
1417 724 1435 756 ι
1458 734 1527 746 -
1550 701 1721 759 «Ἀλλ’

139 798 203 851 ού
233 797 483 853 πείσεταί
508 814 612 858 σοι,
632 792 691 849 εὖ
721 793 859 857 οἶδα,
898 797 1063 864 φησὶν
1088 797 1116 848 6
1150 798 1385 866 κρατῶν.
1424 797 1539 850 Ἐπ’
1567 802 1723 868 ἀκρι-

143 889 241 949 εές
272 889 382 959 γὰρ
434 889 738 953 ἐπίσταμαι
782 888 882 954 τῆς
928 887 1262 958 ’Δμϐροσίου
1316 887 1502 959 ψήφου
1555 890 1615 943 τὸ
1644 890 1723 943 δε.

144 997 331 1033 καιον.
353 978 491 1033 Οὐδὲ
523 979 632 1049 γάρ
659 995 790 1031 ποτε
824 979 916 1031 τὸν
949 982 1047 1049 τῆς
1104 978 1386 1048 βασιλείας
1429 964 1721 1045 ὄγκοντῆς

145 1068 303 1131 θείας
342 1069 677 1139 προτιμήσει
706 1068 897 1137 τιμῆς.
925 1086 950 1139 Δι
1009 1068 1101 1130 Ὦς
1125 1053 1186 1122 δέ
1212 1069 1385 1123 πολλὰ
1414 1070 1588 1138 λέγων
1618 1072 1724 1124 ὑπ-

150 1163 391 1230 ισχνεῖτο
441 1161 655 1215 πείθειν
679 1162 708 1214 6
748 1162 1031 1229 Ῥουφῖνος
1078 1159 1426 1231 Ἀμϐρόσιον,
1460 1161 1722 1232 πράττειν

147 1252 214 1304 τδ
248 1253 658 1322 παριστάμενον
689 1252 843 1323 ἠφίει
875 1255 901 1304 6
927 1251 1204 1322 βασιλεύς.
1232 1254 1386 1305 Καὶό
1406 1253 1506 1322 μὲν
1530 1252 1718 1325 ἁπῄεν

146 1348 271 1408 ταῖς
304 1344 360 1398 δὲ
390 1345 647 1414 σφοδραῖς
678 1345 789 1398 τῶν
819 1344 1170 1414 ὑποσχέσεων
1220 1344 1569 1414 βουκοληθεδς
1592 1345 1723 1398 Θεο-

147 1436 351 1500 δόσιος,
390 1435 528 1504 μετὰ
579 1435 754 1505 βραχὺ
806 1435 1038 1488 κατόπιν
1086 1435 1180 1487 καὶ
1211 1435 1375 1497 αὐτὸς
1407 1434 1718 1504 ἠκολούθει.

161 1527 253 1591 Ὧς
306 1528 352 1581 δ’
400 1528 480 1587 είς
535 1526 728 1595 λόγους
787 1526 1099 1597 Ἀμὸροσίῳ
1161 1525 1439 1594 Ῥουφῖνος
1483 1527 1719 1595 ἐγένετο,

150 1618 446 1671 ύπολαῆὼν
494 1608 530 1670 δ’
556 1619 700 1683 θεῖος
738 1620 900 1689 ἀνὴρ,
929 1638 946 1671 t
990 1617 1136 1671 Ἀλλ’
1191 1618 1376 1677 ἔοικάς
1415 1635 1526 1688 μοι,
1572 1617 1723 1671 Ῥου-

148 1713 300 1780 φϊνε,
332 1710 509 1778 ἔλεγε,
535 1712 596 1764 τὸ
629 1712 738 1765 τῶν
767 1713 944 1764 κυνῶν
965 1712 1182 1773 ἀναιδὲς
1211 1709 1287 1774 ὠς
1316 1711 1564 1764 πλεῖστον
1592 1709 1723 1779 ἐζη-

1827 524 2171 594 ingrediendi
2228 523 2401 576 libera
2435 521 2507 575 sit
2536 528 2815 589 potestas:
2882 517 3015 572 mihi
3068 529 3230 585 porro
3280 529 3389 567 non

1829 618 1993 670 modo
2026 617 2079 669 id
2142 625 2367 686 tangere
2405 629 2516 667 non
2560 612 2711 674 licet,
2751 624 2940 665 verum
2976 608 3139 660 etiam
3192 606 3391 660 coelum

1827 710 2005 779 ipsum
2037 709 2283 764 clausum
2341 706 2470 761 est?
2497 704 2685 773 Neque
2702 702 2848 756 enim
2886 699 3055 754 divini
3093 698 3239 751 illius
3269 713 3393 750 ora-

1828 801 1938 855 culi
1966 816 2074 854 non
2138 797 2389 863 memini,
2443 796 2589 865 quod
2643 791 2867 847 disertis
2924 789 3110 843 verbis
3167 787 3390 843 statuit:

1827 894 2178 961 Quzrcunque
2226 906 2255 943 a
2289 886 2667 945 sacerdotibus
2715 882 2812 937 Dei
2852 879 3014 951 ligata
3066 879 3273 934 fuerint
3339 878 3394 930 in

1830 988 2012 1045 terris,
2049 999 2114 1039 ea
2140 981 2306 1038 ctiam
2348 980 2403 1034 in
2455 978 2611 1046 caelis
2657 985 2810 1031 certo
2846 989 2966 1030 esse
3023 973 3209 1042 ligata.
3253 967 3394 1023 Tum

1827 1076 2116 1132 confestim
2142 1074 2232 1129 ille
2263 1091 2277 1127 :
2316 1072 2431 1128 «At
2482 1071 2551 1137 ai,
2588 1069 2686 1131 ait,
2745 1066 2975 1135 imperio
3029 1075 3123 1118 tuo
3160 1062 3394 1119 videtur,

1828 1168 2155 1222 conveniam
2202 1163 2613 1235 quamprimum
2637 1158 2976 1218 antistitem,
3003 1161 3058 1208 et
3118 1151 3249 1205 nihil
3289 1164 3399 1203 non

1829 1257 2075 1321 tentabo,
2107 1264 2168 1311 ut
2195 1256 2415 1311 vincula
2466 1261 2558 1311 tua
2613 1251 2807 1307 solvat.
2833 1267 2853 1300 ι
2882 1275 2953 1287 --
2989 1264 3007 1297 ι
3035 1243 3238 1299 Verum
3286 1254 3399 1294 non

1828 1349 2184 1416 obsequetur,
2243 1345 2543 1414 imperator
2575 1339 2776 1409 inquit,
2835 1336 2926 1390 ille
2956 1333 3077 1397 tibi,
3119 1338 3202 1386 sat
3256 1329 3394 1383 scio.

1829 1438 2177 1507 Perspectam
2204 1436 2357 1490 enim
2386 1432 2618 1488 maxime
2652 1430 2831 1484 habeo
2860 1423 3139 1483 Ambrosii
3168 1430 3390 1476 senten-

1832 1531 1919 1585 tiae
1945 1529 2279 1599 aequitatem.
2311 1526 2599 1594 Nunquam
2618 1523 2711 1577 ille
2730 1518 2947 1590 imperii
2974 1511 3396 1585 amplitudinem

1830 1622 2018 1677 divino
2039 1621 2291 1691 praeferet
2315 1617 2579 1673 honori.»
2641 1615 2938 1684 Postquam
2991 1617 3174 1663 autem
3227 1603 3398 1657 multa

1829 1716 2150 1782 prolocutus
2177 1711 2430 1773 Ruﬁnus,
2474 1706 2754 1779 pollicitus
2806 1711 2896 1758 est
2948 1715 3012 1756 se
3044 1694 3396 1753 Ambrosium

149 1801 396 1854 λωκέναι
422 1818 435 1831 ο
467 1803 683 1872 σφαγῆς
703 1803 812 1873 γὰρ
840 1802 1111 1871 τοσαύτης
1141 1803 1290 1872 παρὰ
1310 1802 1469 1871 δίκην
1502 1795 1582 1865 (ὦ
1610 1800 1727 1854 θεία

1836 1808 1894 1861 in
1920 1804 2247 1861 sententiam
2282 1816 2437 1857 suam
2470 1800 2838 1853 adducturum
2863 1833 2880 1859 ,
2910 1794 3213 1859 imperator
3244 1801 3399 1849 eum,

151 1893 358 1962 δίκηῑ)
390 1897 790 1965 γεγενημένης,
850 1899 946 1949 καὶ
1000 1898 1090 1949 ἐπὶ
1132 1895 1386 1948 τοσοῦτον
1411 1894 1555 1963 ὑμᾶς
1587 1892 1729 1945 κατὰ

151 1987 262 2056 τῆς
296 1987 446 2047 θείας
483 1988 689 2050 εἰκόνος
749 1988 1161 2056 λυττησαντας,“
1192 1985 1316 2038 οὔτε
1361 1985 1477 2046 δέος
1518 1983 1727 2053 εἰστρέ-

82 2079 102 2095 ⁹
152 2095 271 2148 χει,
301 2077 413 2131 οὔτ’
442 2079 603 2143 αἰδὼς
637 2081 861 2133 ἐπανθεῖ
915 2082 1026 2143 τοῖς
1083 2078 1432 2148 προσώποις·
1482 2077 1620 2132 ἀλλὰ
1667 2074 1729 2129 τὸ

150 2166 261 2233 τῆς
282 2167 546 2238 αἰσχύνης
573 2169 938 2232 ἀποξέσαντες
970 2169 1259 2237 κάλυμμα,
1289 2166 1495 2220 τοιαῦτ’
1518 2164 1730 2218 αἰτούν-

148 2270 250 2313 τες
284 2253 533 2324 πρόσιτε.
565 2274 585 2307 ι
642 2256 730 2319 Ὠς
755 2256 802 2308 δ’
834 2257 914 2309 ετι
956 2257 1236 2321 Ῥουφῖνος
1267 2256 1526 2309 ἐπέκειτο
1563 2254 1729 2307 λιπα-

153 2343 294 2411 ρῶν,
348 2347 443 2398 καὶ
471 2346 595 2398 ὅσον
644 2345 800 2400 οὔπω
826 2347 988 2417 ἥκειν
1041 2347 1194 2415 ἔλεγε
1229 2347 1440 2399 καὶτὸν
1477 2344 1725 2414 βασιλέα,

150 2434 310 2506 ζήλῳ
334 2438 465 2508 θείῳ
491 2438 864 2509 πυρποληθεὶς
905 2437 1256 2509 Ἀμϐρόσιος,
1313 2456 1333 2490 ε
1381 2436 1548 2506 Ἐγὼ,
1584 2437 1729 2508 μέγα

150 2528 452 2599 ἅνὲκραξε,
483 2529 755 2598 Ῥουφῖνε,
779 2531 1056 2601 προλέγω,
1075 2529 1148 2593 ὡς
1168 2529 1418 2600 ἀπείρξω
1450 2529 1544 2582 καὶ
1571 2523 1729 2592 αὖθις

149 2621 460 2690 προσιόντα
495 2622 602 2675 τῶν
633 2623 796 2693 ἱερῶν
825 2622 1159 2692 περιϐόλων.
1201 2622 1263 2675 ΕΞ
1307 2622 1354 2674 δ’
1384 2622 1576 2692 ἐκείνῳ
1598 2638 1727 2674 σκο-

149 2713 260 2773 πδς
286 2717 569 2783 τυραννεῖν
621 2714 976 2785 μεταθεμένῳ
1035 2717 1138 2785 τὴν
1183 2714 1486 2784 βασιλείαν,
1538 2714 1649 2783 ἐγὼ
1673 2715 1729 2767 δὲ

148 2803 300 2855 ἀλλὰ
326 2803 446 2872 μεθ’
471 2804 664 2873 ἡδονῆς
687 2806 783 2858 τὸν
831 2806 920 2859 διὰ
944 2805 1104 2858 τοῦτο
1164 2806 1532 2876 προσοίσομαι
1562 2805 1730 2858 θάνα-

147 2910 271 2947 τον.
308 2915 327 2945 ι
347 2893 512 2947 Ταῦτ’
541 2896 782 2959 ἀκούσας
819 2896 1120 2964 Ῥουφῖνος,
1152 2897 1229 2967 τῷ
1261 2896 1478 2965 βασιλεῖ
1500 2896 1731 2963 διεπέμ-

148 3003 299 3038 πετο
331 2987 618 3057 παραινῶν
651 2988 761 3041 τῶν
793 2991 1112 3060 ἀνακτόρων
1141 2989 1219 3058 μὴ
1257 2992 1528 3059 προϊέναι.
1582 2987 1642 3041 Ὀ
1674 2987 1731 3039 δὲ

148 3079 292 3131 καθ’
319 3078 438 3132 ὁδοῦ
494 3082 561 3133 τὰ
611 3081 929 3150 ἠγγελμένα
997 3083 1208 3150 μαθὼν,
1250 3099 1268 3132 ι
1313 3082 1566 3150 ’Ᾱπειμι,
1601 3081 1728 3149 ἔφη,

151 3169 400 3232 ἐκδίκως
452 3171 551 3233 τὰς
588 3171 876 3240 παροινίας
941 3172 1377 3241 είσδεδεγμένος.
1416 3190 1435 3223 ι
1499 3173 1652 3225 Ἐπεὶ
1685 3170 1729 3225 6'

151 3263 400 3330 ἔγγιστα
431 3261 526 3314 τοῦ
556 3261 661 3314 νεὼ
681 3263 950 3330 ἐγεγόνει,
972 3264 1103 3317 εῐσω
1131 3265 1231 3332 μὲν
1258 3263 1436 3316 ἐλθεῖν
1458 3264 1559 3315 οὐκ
1582 3263 1734 3316 ὲτόλ-

153 3372 240 3425 μα
260 3371 278 3385 ·
313 3356 448 3425 πρὸς
478 3356 523 3409 δ’
546 3355 880 3425 Ἂμὸρόσιον
912 3356 1270 3424 ἀφικόμενος,
1300 3355 1380 3424 τῷ
1412 3355 1523 3423 γὰρ
1551 3355 1731 3408 ἀσπα-

150 3445 339 3515 στικῷ
398 3447 532 3516 οίκῳ
584 3446 847 3514 καθῆστο,
902 3447 1013 3499 τῶν
1068 3446 1283 3500 αλύτων
1343 3446 1462 3517 ᾔτει
1501 3445 1732 3517 λυθῆναι

151 3540 407 3608 δεσμῶν.
445 3540 503 3591 Ὀ
533 3539 589 3591 δὲ
621 3539 759 3592 ἀλλὰ
808 3540 936 3602 τοὺς
992 3538 1171 3601 θείους
1232 3539 1475 3608 θεσμοὺς
1534 3539 1732 3591 πατεῖν

153 3636 377 3689 ἐκεῖνον
408 3633 684 3701 διήλεγχε,
715 3633 1047 3702 τυραννικήν
1095 3647 1156 3684 τε
1183 3631 1370 3686 ἐκάλει
1398 3632 1499 3700 τὴν
1528 3646 1734 3699 παρου-

155 3727 299 3780 σίαν
327 3727 421 3780 καὶ
475 3727 597 3796 Θεῷ
651 3728 738 3781 διὰ
787 3727 964 3798 μάχης
1008 3727 1170 3781 ίέναι.
1229 3725 1288 3779 Ὀ
1323 3724 1400 3788 δὲ,
1436 3742 1455 3775 ε
1501 3721 1642 3777 Ἀλλ’
1670 3725 1733 3777 οὔ

147 3819 319 3876 ταῦτ’
352 3821 497 3890 ἐμοὶ,
530 3819 604 3883 ὡς
629 3821 756 3891 φῂς,
809 3818 1279 3889 περισπούδαστα,
1317 3817 1455 3885 μετὰ
1498 3814 1736 3885 θράσους

146 3909 275 3961 τῶν
312 3906 476 3977 ἱερῶν
525 3907 787 3974 ὲπιύῆναι
840 3903 1152 3975 προθύρων.
1200 3903 1269 3956 Σὲ
1297 3903 1354 3957 δὲ
1408 3903 1569 3972 μόνον
1600 3901 1735 3955 αῖτῶ

148 4000 325 4054 λῦσαί
352 4017 454 4068 μου
485 4002 583 4060 τὰς
618 3997 805 4062 πέδας,
854 3999 948 4050 καὶ
978 3997 1076 4064 τὴν
1104 3996 1290 4061 κοινὴν
1324 3994 1420 4046 τοῦ
1462 3994 1736 4048 «δεσπότου

153 4091 592 4163 φιλανθρωπίαν
644 4089 990 4160 μιμήσασθαι
1016 4104 1031 4119 ·
1084 4087 1178 4139 καὶ
1205 4085 1280 4156 μὴ
1307 4070 1430 4157 ἐμοὶ
1462 4087 1610 4156 μόνῳ
1636 4085 1738 4153 τὴν

153 4182 558 4252 φιλάνθρωπον
611 4178 952 4246 ὲπιζυγῶσαι
1002 4176 1148 4229 κατὰ
1177 4175 1275 4228 τοῦ
1325 4174 1620 4245 προσώπου
1642 4173 1739 4226 θύ-

151 4290 293 4345 ραν,
327 4274 395 4343 ῆν
434 4274 585 4340 κοινῇ
620 4270 757 4324 πᾶσι
791 4271 1072 4338 μετανοεῖν
1106 4265 1404 4338 ᾑρημένοις
1438 4265 1535 4318 καὶ
1559 4262 1739 4333 πολλῷ

148 4365 478 4438 χρωμένοις
523 4362 600 4432 τῷ
657 4361 949 4432 μεταμέλῳ
998 4363 1026 4412 6
1075 4358 1171 4412 τοῦ
1230 4359 1414 4420 ἐλέους
1467 4357 1739 4424 δεσπότης

1834 1896 1978 1966 quod
2011 1892 2408 1951 constituisset,
2439 1889 2625 1944 facere
2656 1883 2931 1953 permisit.
2975 1880 3125 1935 Abiit
3174 1877 3290 1938 ille,
3344 1884 3401 1928 et

1831 1965 2181 2040 Theodosius
2212 1979 2526 2049 ingentibus
2580 1976 2725 2031 illius
2770 1969 3058 2043 promissis
3104 1965 3397 2027 adductus,

1828 2080 1993 2147 paulo
2013 2084 2141 2144 post
2164 2089 2292 2130 eum
2321 2082 2405 2127 est
2436 2070 2789 2143 subsecutus.
2825 2063 3093 2120 Caeterum
3123 2058 3217 2112 ubi
3249 2055 3403 2110 Ruﬁ-

1827 2182 1933 2222 nus
1963 2179 2086 2220 cum
2116 2163 2407 2219 Ambrosio
2423 2169 2507 2216 est
2530 2159 2856 2221 collocutus,
2895 2152 3062 2209 verba
3080 2150 3201 2221 ejus
3230 2148 3402 2202 inter-

1829 2258 2041 2330 pellans
2088 2256 2176 2309 vir
2204 2254 2464 2309 divinus:
2528 2249 2658 2305 «Tu
2715 2261 2874 2309 vero,
2928 2243 3130 2313 inquit,
3180 2238 3399 2299 Ruﬁne,

1829 2365 2029 2406 canum
2084 2345 2476 2417 impudentiam
2536 2338 2835 2411 plurimum
2873 2333 3118 2390 mmulari
3174 2329 3398 2384 videris.

1829 2440 1966 2497 Cum
1996 2444 2449 2507 namquepraeter
2475 2432 2588 2502 jus,
2607 2445 2641 2485 ο
2667 2428 2851 2482 divina
2876 2421 3157 2480 vindicta!
3193 2427 3399 2473 tantam

1790 2577 1795 2581 .
1832 2532 2037 2589 caedem
2068 2524 2539 2601 perpetraveritis,
2565 2528 2622 2577 et
2654 2529 2801 2576 tanta
2828 2516 2981 2572 rabie
3006 2514 3062 2570 in
3106 2509 3400 2580 imaginem

1831 2624 1931 2679 Dei
1960 2620 2273 2685 saevieritis,
2317 2630 2495 2686 neque
2523 2623 2705 2669 metus
2732 2609 2891 2665 vobis
2938 2604 3187 2670 incessit,
3218 2615 3402 2669 neque

1831 2716 2003 2771 ruber
2020 2713 2076 2768 in
2102 2727 2200 2768 ore
2226 2717 2413 2766 vestro
2442 2703 2771 2762 etilorescit:
2809 2699 2904 2757 sed
2920 2694 3273 2753 verecundiae
3296 2706 3398 2760 pu-

1830 2808 1966 2863 dore
1995 2806 2236 2871 deterso,
2276 2817 2401 2859 cum
2425 2799 2692 2871 petitione
2717 2795 2812 2851 tali
2834 2790 3125 2848 advertitis.
3142 2785 3307 2857 319
3326 2783 3399 2840 Ut

1832 2915 1966 2955 vero
1990 2899 2230 2954 Ruﬁnus
2253 2896 2330 2951 illi
2360 2894 2535 2963 magis
2556 2905 2620 2945 ac
2656 2886 2829 2958 magis
2859 2879 3219 2953 supplicando
3238 2877 3398 2934 insti-

1835 2992 1919 3057 tit,
1955 2998 2012 3046 et
2046 2990 2432 3058 imperatorem
2459 2996 2681 3053 quoque
2701 2977 2925 3050 jamjam
2957 2972 3217 3027 advenire
3238 2967 3398 3027 dixit,

1833 3084 2020 3140 divino
2068 3080 2285 3136 ardore
2336 3079 2598 3132 incensus
2685 3066 3033 3127 Ambrosius,
3098 3077 3224 3118 cum
3292 3059 3402 3114 cla-

1834 3191 1990 3231 more
2081 3184 2314 3240 magno:
2402 3185 2422 3218 ι
2461 3164 2572 3235 Ego
2665 3160 2765 3216 tibi
2850 3155 3112 3228 praedico,
3181 3149 3401 3240 Ruﬁne,

1836 3266 2041 3336 inquit,
2074 3277 2161 3318 me
2181 3239 2394 3316 iterum
2415 3253 2798 3312 advenientem
2824 3249 2977 3303 illum
3004 3242 3176 3300 sacris
3193 3239 3406 3295 aedibus

1836 3354 2241 3427 prohibiturum
2277 3363 2419 3405 esse.
2452 3348 2523 3400 At
2573 3342 2621 3400 si
2653 3342 2746 3398 ille
2776 3338 3009 3409 imperio
3026 3348 3188 3404 atque
3251 3341 3403 3399 post-

1834 3423 2047 3511 habito,
2077 3441 2425 3517 tyrannidem
2483 3448 2746 3492 exercere
2799 3429 3011 3487 statuit.
3067 3423 3403 3495 perlibenter

1835 3556 1938 3610 ego
1969 3540 2074 3594 bac
2102 3514 2175 3591 de
2208 3547 2372 3590 causa
2399 3538 2630 3584 mortem
2664 3524 2851 3579 adibo.
2877 3541 2895 3571 ι
2949 3518 3048 3573 llis
3093 3514 3279 3571 verbis
3301 3528 3402 3564 au-

1836 3606 1987 3699 ditis,
2019 3628 2377 3693 Ruﬁnusper
2406 3617 2835 3676 internuntium,
2862 3626 2932 3666 ne
2990 3608 3201 3664 edibus
3234 3606 3406 3671 impe-

1836 3696 2067 3778 ratoriis
2098 3714 2549 3789 progrederetur,
2574 3705 2895 3778 imperatori
2924 3698 3277 3770 signiﬁcavit.
3303 3696 3402 3747 At-

1834 3827 1944 3884 que
1982 3784 2384 3873 ille,—ubi_inter
2413 3798 2657 3855 enmdum
2679 3795 2941 3850 ninnium
2994 3804 3122 3851 eum
3148 3784 3402 3853 accepit:

1840 3922 1861 3958 ι
1885 3905 1988 3969 Εο,
2016 3902 2217 3971 inquit,
2240 3896 2443 3952 merito
2465 3908 2588 3949 meo
2617 3886 3050 3960 obiurgationem
3096 3890 3155 3935 et
3204 3884 3404 3933 contu-

1834 3994 2054 4052 meliam
2079 3970 2430 4061 excepturus.
2457 4005 2475 4039 ι
2498 3985 2568 4040 Ει
2614 3981 2709 4037 ubi
2738 3976 2993 4049 proxime
3034 3971 3103 4025 ad
3133 3970 3398 4035 tetupium

1836 4086 2092 4149 accessit,
2115 4058 2327 4154 ingredi
2383 4080 2437 4135 id
2458 4076 2685 4148 quidem
2740 4084 2907 4126 ausus
2966 4081 3074 4120 non
3124 4062 3261 4117 'i'uit.
3295 4058 3400 4116 Ubi

1838 4189 2021 4236 autem
2048 4176 2117 4232 ad
2156 4173 2525 4229 Ambrosium,
2549 4169 2643 4237 qui
2682 4167 2737 4219 in
2759 4164 2875 4218 inde
2896 4156 3224 4215 {salutatoris
3258 4167 3398 4205 cou-

1838 4268 2077 4334 sederat,
2112 4263 2284 4329 venit,
2312 4268 2378 4316 ut
2411 4255 2730 4314 inselubilia
2759 4251 2979 4307 vincuia
3000 4261 3108 4301 sua
3140 4243 3402 4299 solveret,

1841 4376 1967 4417 eum
1991 4358 2221 4429 rogavit.
2256 4352 2579 4411 Ambrosius
2596 4365 2733 4404 vero
2762 4346 2916 4400 illum
2968 4339 3286 4397 sanctiones
3316 4335 3403 4387 di-

151 4426 433 4524 ἓνέιρξεν.
464 4426 495 4504 ν»
528 4426 856 4522 ’Ᾰμθρόσιος
892 4426 973 4512 δέ.
1008 4470 1026 4502 ι
1076 4450 1240 4504 Vim
1272 4453 1449 4514 ποῖος,
1488 4449 1672 4517 φησὶν,
1708 4450 1730 4499 ό

1834 4454 1999 4507 vinas
2024 4426 2345 4521 proculcare
2382 4443 2585 4512 arguit,
2610 4449 2667 4495 et
2712 4438 3013 4493 adventum
3043 4432 3184 4500 eius,
3207 4427 3300 4495 qui
3324 4426 3405 4479 ita

155 4548 482 4622 μετάμελος
542 4546 680 4616 μετὰ
710 4544 987 4614 τοσαύτην
1035 4541 1386 4612 παρανομίαν
1437 4545 1531 4593 καὶ
1562 4539 1735 4609 θυμοῦ

151 4643 411 4711 ἀκράτου
443 4640 771 4707 ἁσέλγειαν;
828 4631 981 4703 Ἀρα
1010 4634 1069 4686 δὲ
1101 4633 1277 4694 ποίοις
1325 4632 1641 4703 φαρμάκοις
1670 4631 1738 4683 τὰ

149 4730 396 4786 δυσίατα
423 4729 608 4779 ἐκεῖνα
636 4724 1009 4794 ὲθεράπευσας
1039 4721 1228 4790 πάθης
1258 4743 1277 4772 r
1319 4719 1380 4774 '0
1400 4720 1461 4773 δὲ
1485 4719 1738 4791 βασιλεὺς

153 4824 379 4896 ἡρέμα,
410 4838 430 4871 ε
470 4817 632 4872 Ἀλλὰ
664 4819 755 4870 σὺν
777 4815 964 4886 ἔργον,
987 4808 1030 4867 ὦ
1051 4814 1158 4868 θεῖε
1183 4814 1331 4884 ἄνερ,
1364 4814 1536 4866 ταῦτα
1567 4812 1738 4878 δεῖξαι

152 4918 264 4972 καὶ
297 4915 533 4980 κεράσαι
590 4928 682 4980 μοι
710 4910 807 4979 τῆς
858 4910 1010 4972 θείας
1043 4908 1291 4977 ἰατρείας
1331 4908 1401 4959 τὰ
1428 4906 1735 4976 φάρμακα.

151 5010 304 5081 ἐμὸν
335 5008 391 5060 δὲ
417 5006 475 5059 τὸ
502 5003 760 5068 δέξασθαι
793 5001 990 5067 ταῦτα,
1019 5001 1120 5054 κᾶν
1146 5002 1243 5054 καὶ
1272 4998 1409 5052 πολῦ
1441 5000 1501 5051 τὸ
1535 4999 1739 5067 στύφον

150 5100 482 5172 δριμμύσον
527 5099 862 5164 ὲπίγωνται.
928 5113 947 5146 ι
1011 5095 1147 5146 Τότε
1212 5092 1360 5145 θείου
1419 5091 1739 5163 Πνεύματος

149 5192 439 5261 πλησθεὶς
468 5192 496 5244 6
520 5189 868 5259 Ἀμϐρόσιος,
897 5205 916 5239 ι
964 5187 1138 5248 Ἐπεὶ,
1172 5184 1327 5254 φησὶ,
1355 5184 1428 5252 τῷ
1461 5182 1619 5253 θυμῷ
1636 5183 1737 5249 τὴν

149 5288 333 5354 δίκην
359 5283 578 5350 ἐκείνην
600 5280 933 5351 ἐπέτρεψας,
962 5278 1058 5331 καὶ
1086 5276 1184 5346 τὴν
1213 5276 1393 5346 ψῆφον
1414 5277 1513 5343 οὐχ
1534 5276 1562 5327 6
1591 5275 1740 5340 λογι-

153 5379 309 5449 σμὸς
364 5377 420 5428 ὲν
460 5373 535 5443 τῷ
575 5368 902 5425 καθεστῶτι’
951 5369 1130 5439 μένων
1183 5368 1520 5449 έξήνεγκεν,
1574 5366 1740 5419 ἀλλ’ὁ

152 5439 346 5538 θυμὸς
404 5439 674 5533 ἀλογίστῳ
727 5463 921 5533 θράσει
975 5439 1315 5530 ᾡερόμενος·
1362 5459 1639 5528 ἐγγράψαι
1681 5475 1737 5509 σε

148 5564 387 5616 κελεύω
420 5560 607 5627 νόμον,
642 5555 1157 5625 καταψηφιζόμενον
1188 5552 1281 5605 τοῦ
1310 5552 1487 5621 θυμοῦ
1512 5550 1606 5609 τὰς
1634 5550 1740 5619 ψήρ

151 5669 333 5722 (ρους,
361 5652 454 5705 καὶ
476 5652 604 5712 τοὺς
627 5652 741 5712 τοῖς
770 5650 881 5710 σοῖς
898 5646 1352 5711 διακονουμένους
1376 5643 1737 5712 προστάγμαο

154 5764 259 5797 σιν
284 5745 641 5799 ἐπιτάττοντα
666 5744 721 5804 ἐς
748 5740 1078 5811 τριακοστὴν
1109 5740 1317 5808 ἡμέραν
1339 5736 1736 5792 ἀναϐάλλεσθαι

1834 4546 1957 4599 Deo
1980 4519 2329 4613 rettuguaret,
2366 4533 2716 4608 tyrannidem
2750 4524 3064 4598 appellavit.
3100 4521 3195 4613 ibi
3222 4519 3406 4572 Theon

1840 4611 2062 4693 dosiusi
2107 4611 2204 4688 «At
2232 4646 2352 4700 ego,
2383 4627 2583 4697 inquit,
2618 4638 2727 4677 non
2763 4621 2815 4674 id
2865 4616 3049 4671 studio
3095 4611 3293 4666 habeo.

1839 4742 1964 4782 cum
1986 4723 2284 4783 temeraria
2306 4714 2636 4775 conﬁdentia
2665 4724 2883 4766 sacrum
2910 4702 3189 4772 ingrediar
3235 4697 3406 4753 vesti—

1839 4819 2051 4875 bulum.
2095 4815 2173 4869 Te
2190 4821 2372 4867 autem
2422 4821 2544 4870 oro,
2582 4812 2645 4857 ut
2667 4797 2885 4855 vincula
2924 4808 3044 4849 mea
3087 4792 3289 4851 solatas,
3350 4794 3408 4841 et

1839 4921 2189 4968 communem
2249 4898 2462 4957 Domini
2534 4893 2927 4963 benignitatem
2976 4885 3241 4943 imitatus,
3290 4895 3404 4935 neu

1837 5003 1941 5058 εοίί
1989 4998 2120 5053 mihi
2151 4998 2204 5049 in
2234 4992 2431 5047 faciem
2489 4982 2886 5041 misericordia:
2949 4979 3098 5032 iores
3154 4972 3404 5032 claudas,

1840 5107 1977 5164 quas
2002 5085 2370 5145 communiter
2403 5077 2659 5135 omnibus
2693 5069 3168 5141 resipiscentibua,
3198 5071 3257 5119 et
3287 5077 3408 5132 pm-

1843 5154 2075 5239 niteutia
2132 5177 2306 5232 multa
2349 5170 2655 5229 utentibus,
2705 5159 3094 5220 misericordiae
3146 5154 3409 5212 Dominus

1841 5274 2078 5346 aperuit.
2104 5292 2122 5323 ι
2159 5266 2485 5325 Ambrosius
2516 5276 2680 5325 vero,
2728 5278 2746 5310 ι
2776 5257 2982 5312 Verum
3014 5254 3100 5308 dic
3145 5265 3266 5320 age,
3324 5250 3404 5300 in-

1841 5341 1982 5436 quit,
2011 5378 2133 5433 quae
2158 5371 2246 5436 tua
2296 5357 2483 5419 fuerit,
2529 5361 2652 5422 post
2704 5357 2913 5403 tantam
2961 5341 3305 5411 iniquitatem
3351 5344 3407 5389 et

1840 5424 2056 5512 (ξανθοῖο
2086 5453 2180 5506 ἰηε
2201 5433 2577 5522 petulantiam.
2606 5437 2946 5513 poenitentia.
2978 5431 3166 5500 Qualia
3188 5424 3421 5483 tandem‘

1843 5518 2243 5603 incurabilibus
2304 5534 2693 5596 aﬂectionibus
2723 5525 3020 5584 adhibuisti
3078 5518 3403 5576 remedia?»

1841 5640 2091 5696 Subharc
2123 5633 2337 5707 placide
2373 5632 2668 5699 imperator
2705 5621 2843 5676 dixit
2877 5634 2891 5672 :
2938 5636 2956 5669 ι
2988 5619 3115 5670 Tuae
3167 5627 3320 5673 vero,
3371 5625 3407 5663 ο

1840 5734 1924 5789 vir
1956 5730 2161 5792 divine,
2192 5728 2243 5782 id
2280 5733 2359 5779 est
2383 5735 2579 5793 Operm,
2614 5715 2861 5770 indicare
2895 5708 3052 5775 mihi,
3109 5713 3167 5764 et
3190 5712 3399 5777 tenipo-
