3936 6206
600 318 709 384 895

1830 304 2172 366 NlCEPllfll

2279 301 2613 361 CALLISTI
3653 309 3730 371 896

605 449 729 488 rare
750 445 918 487 sacrm
953 426 1236 480 nit-dicina:
1267 422 1528 476 remedia.
1566 420 1745 475 Meum
1763 431 1947 474 autem
1978 418 2166 480 fuerit,

2270 416 2367 483 τὰς
2392 412 2700 481 δημοτικὰς
2733 411 2827 465 καὶ
2857 412 2967 464 τῶν
3019 414 3112 467 ἐπὶ
3139 411 3348 482 θανάτῳ
3397 415 3730 485 καταδικαζομέ-

605 540 669 580 ea
701 523 1003 590 suscipere,
1034 515 1247 571 etiamsi
1285 514 1517 567 multum
1575 512 1809 567 habeant
1857 511 2168 566 acrimonia:

606 622 660 668 et
690 610 1025 677 asperitatis.
1068 625 1086 656 ι
1118 605 1195 658 lbi
1225 614 1338 658 tum
1374 604 1698 657 Ambrosius
1744 602 1930 656 divino
1960 601 2165 670 Spiritu

606 706 801 775 plenus
844 718 859 753 :
901 719 919 750 ι
953 697 1437 766 Quandoquidem,
1472 697 1570 760 ait,
1602 697 1683 750 ira
1715 695 2024 749 concitatus
2046 694 2169 747 vin-

608 796 805 847 dictam
848 792 1008 843 aliam
1061 789 1392 857 pra-cepiSti,
1441 797 1497 842 et
1529 788 1853 841 sententiam
1884 787 2026 840 illam
2060 802 2167 838 non

607 885 744 938 ratio
768 886 821 937 in
853 882 1155 951 tranquillo
1189 891 1335 935 statu
1366 895 1465 933 suo
1519 880 1850 942 consistens,
1894 878 1987 931 sed
2019 876 2172 930 furor

605 975 794 1029 insana
821 983 878 1027 et
906 973 1125 1027 vecordi
1161 972 1387 1025 audacia
1416 971 1717 1040 productus
1749 970 1893 1031 tulit,
1921 982 1973 1021 ιιι
1996 969 2171 1037 legent

605 1071 659 1114 et
690 1062 1140 1115 constitutionem
1181 1061 1255 1128 (l)
1293 1060 1606 1130 promulges
1649 1060 1881 1129 impero,
1925 1074 2047 1127 qua:
2077 1060 2174 1112 ira:

607 1153 845 1206 calculus
868 1152 1214 1217 condemnet,
1250 1150 1628 1220 etjussiontttn
1667 1158 1886 1204 tuarum
1936 1149 2173 1203 admini-

608 1244 740 1298 stris
782 1245 1048 1313 injungat.
1106 1253 1164 1297 ut
1215 1245 1430 1313 publica
1483 1242 1689 1311 judicia
1747 1255 1804 1298 et
1849 1242 2170 1311 capitalium

610 1349 899 1388 causarum
932 1349 1121 1403 pmnas
1164 1336 1228 1388 ad
1264 1334 1596 1390 tricesimam
1630 1350 1800 1401 usque
1839 1333 1981 1386 diem
2017 1331 2175 1385 dill‘e-

612 1437 736 1479 rant
767 1428 866 1495 (2).
902 1428 970 1481 Et
1001 1436 1060 1481 ttt
1103 1427 1393 1480 sententia:
1423 1426 1686 1494 capitales
1709 1424 1762 1477 in
1798 1424 2059 1492 scriptum
2090 1438 2174 1475 re-

612 1518 749 1584 latae,
791 1527 998 1572 rectum
1023 1530 1077 1571 et
1105 1530 1357 1585 pacatum
1417 1516 1934 1586 rationisjudicium
1979 1531 2176 1583 exspe-

612 1618 785 1662 ctent.
856 1609 1019 1679 320
1074 1610 1247 1663 Porro
1301 1609 1497 1663 diebus
1560 1609 1647 1661 his
1687 1608 1921 1675 elapsis,
1977 1605 2176 1675 quibus

609 1700 1082 1770 judiciurumrura
1110 1701 1401 1754 commissa
1430 1708 1535 1760 est.
1564 1700 1830 1766 scriptum
1869 1698 2173 1767 proferant,
2205 1740 2248 1799 Β

616 1801 675 1844 ιιι
703 1791 917 1845 scilicet
973 1808 1095 1845 cum
1143 1792 1254 1860 jam
1288 1792 1367 1843 ira
1403 1790 1758 1854 tleferbuerit,
1786 1798 1839 1842 ct
1880 1788 2017 1841 ratio
2067 1786 2173 1841 sibi

618 1877 719 1946 ipsi
762 1879 1013 1933 restituta
1044 1879 1232 1939 fuerit,
1273 1880 1600 1934 sententiam
1643 1879 1804 1932 latam
1838 1893 1936 1945 per
1966 1877 2178 1945 disqui-

618 1969 869 2022 sitionem
911 1970 1270 2039 perpendant,
1330 1970 1544 2039 jnstane
1603 1972 1693 2030 sit,
1729 1986 1794 2023 an
1853 1969 2062 2038 iniqua.
2102 1970 2177 2022 Ac

616 2059 889 2128 siquidem
917 2069 1105 2113 contra
1133 2059 1221 2128 jus
1244 2074 1307 2113 ea
1334 2069 1595 2128 concepta
1619 2060 1805 2124 fuerit,
1825 2062 2006 2113 statim
2052 2072 2174 2111 eam

616 2152 971 2205 conscindet:
1003 2153 1086 2206 sin
1121 2164 1330 2213 contra,
1363 2152 1532 2204 multo
1585 2152 1748 2206 etiam
1780 2153 1947 2220 magis
1976 2149 2178 2203 confir-

617 2242 809 2295 mabit.
862 2242 929 2296 Et
963 2243 1176 2295 dierum
1220 2244 1449 2295 istorum
1490 2258 1749 2295 numerus
1802 2242 1867 2294 ad
1925 2241 1976 2294 id
2028 2243 2173 2309 quod

617 2332 890 2387 conducat
933 2332 1164 2385 maxime
1196 2332 1630 2400 cognoscendum
1665 2333 1925 2399 proderit.
1994 2335 2175 2388 Perte-

615 2438 788 2493 quum
818 2423 966 2476 enim
1000 2436 1104 2485 est,
1151 2433 1361 2491 tempus
1389 2424 1440 2475 id
1479 2423 1839 2482 intercedere.
1872 2424 2015 2492 quod
2048 2439 2171 2478 eum

615 2515 968 2583 imperatoris
994 2514 1129 2567 iram
1161 2515 1358 2582 placet,
1410 2523 1528 2567 tum
1564 2515 1748 2567 furore
1792 2516 2174 2580 languescente

616 2606 937 2660 humanitati
966 2615 1019 2659 et
1050 2606 1439 2659 misericordiae
1462 2607 1641 2659 locum
1670 2606 1787 2660 det.
1824 2625 1840 2656 ι
1871 2604 2175 2673 Imperator
2236 2668 2243 2675 ,

616 2698 782 2767 igitur
844 2698 1010 2752 divini
1064 2697 1324 2752 antistitis
1373 2697 1746 2766 prmSt'riptutn
1802 2698 2064 2766 suscepit,
2119 2706 2175 2751 et

613 2792 883 2857 optimum
915 2789 968 2843 id
999 2805 1118 2843 esse
1142 2789 1298 2842 dixit.
1328 2788 1630 2844 Confestim
1667 2790 1829 2844 etiam
1864 2790 1941 2859 (5)
1969 2789 2177 2845 consti-

614 2881 881 2933 tutionem
914 2880 1260 2948 conscripsit,
1288 2891 1344 2935 et
1370 2890 1431 2934 ut
1459 2883 1510 2933 in
1539 2883 1932 2949 sempiternum
2003 2882 2174 2936 robur

613 2986 770 3023 suum
790 2970 1081 3031 obtineret,
1106 2986 1300 3022 manus
1327 2986 1437 3023 sum.
1462 2972 1863 3039 subscriptione
1897 2988 2016 3025 eam
2045 2988 2174 3027 con-

616 3061 867 3115 firmavit.
895 3063 1014 3126 Quo
1043 3061 1210 3126 facto,
1229 3062 1509 3115 vinculum
1534 3078 1751 3130 quoque
1770 3064 1917 3117 illius
1935 3065 2171 3117 solutum

613 3161 717 3214 est,
754 3166 876 3204 cum
899 3151 1118 3219 quidem
1142 3152 1358 3219 publice
1388 3152 1540 3220 prius
1575 3154 1869 3221 imperator
1889 3162 2171 3221 peccatum

612 3259 775 3297 suum
818 3244 873 3297 in
906 3243 1138 3297 ecclesia
1156 3243 1440 3296 confessus
1468 3242 1682 3308 fuisset,
1711 3253 1766 3297 et
1797 3244 2032 3297 libenter
2077 3245 2172 3298 ad-

615 3332 836 3387 modum
859 3333 1213 3388 constitntnm
1233 3332 1564 3401 paenitentiae
1585 3344 1799 3401 tempus
1820 3337 2168 3403 suscepisset.

612 3425 731 3488 Quo
760 3432 1006 3493 tempore
1039 3423 1092 3476 in
1127 3423 1275 3477 luctu
1315 3426 1538 3493 degens,
1597 3424 1976 3493 imperialibus
2003 3441 2173 3481 orna.

613 3515 812 3569 mentis
841 3529 972 3567 usus
1004 3529 1110 3567 non
1141 3522 1244 3568 est.
1287 3515 1495 3570 Deinde
1535 3515 1590 3569 in
1628 3516 1765 3571 sacri
1806 3518 1989 3585 templi
2023 3520 2172 3574 aedes

611 3603 906 3667 admissus,
939 3619 1046 3658 non
1075 3614 1226 3659 stans
1250 3604 1364 3671 ille,
1409 3619 1586 3675 neque
1620 3608 1849 3674 genibus
1876 3608 2050 3674 ﬂexis,
2089 3625 2174 3663 re-

615 3709 738 3747 rum
804 3695 1188 3749 universarum
1261 3696 1546 3750 Dominum
1601 3698 1855 3765 precibus
1896 3700 2168 3768 placavit:

609 3784 706 3839 sed
729 3799 932 3853 pronus
972 3785 1025 3838 in
1073 3786 1248 3839 solum
1278 3787 1542 3855 abjectus,
1598 3789 1966 3843 miserabilem
2026 3791 2168 3846 illam

610 3873 835 3928 Davidis
860 3873 1045 3927 emisit
1074 3889 1264 3928 vocem
1296 3891 1311 3929 :
1356 3877 1586 3930 Adhwst't
1630 3880 1948 3947 pavimento.
1989 3881 2170 3934 animo

607 3980 748 4028 mea,
773 3965 973 4030 viviﬁca
989 3982 1069 4019 me
1083 3966 1365 4019 secundum
1390 3968 1597 4020 verbum
1615 3968 1810 4021 tuum‘.
1838 3987 1856 4019 ›
1880 3969 2169 4025 Etcomam

607 4054 836 4122 insuper
867 4057 1092 4120 vellens,
1122 4056 1468 4126 frontemque
1495 4058 1872 4122 diverberatis,
1904 4070 1961 4115 et
1993 4061 2168 4116 solum

606 4145 865 4215 lacrymis
899 4147 1290 4212 madefaciens,
1323 4149 1506 4203 delicti
1548 4153 1764 4205 veniam
1799 4152 1866 4205 ad
1896 4168 2021 4206 eum
2052 4169 2168 4209 mo-

608 4236 737 4288 dum
768 4237 945 4304 petiit.
989 4238 1281 4308 Postquam
1310 4257 1441 4296 vero
1477 4251 1691 4312 tempus
1748 4245 1988 4307 advenit,
2042 4260 2166 4300 cum

2270 521 2379 556 νων
2424 508 2523 565 τὰς
2558 502 2868 572 ’τιμωρίας⁸
2937 506 3035 558 καὶ
3086 505 3454 573 γεγραμμέναι
3504 508 3730 573 μενέτωσαν

2269 596 2367 664 τὴν
2400 591 2571 661 ὀρθὴν
2602 592 2697 644 καὶ
2724 591 3005 662 ἀτάραχον
3033 594 3138 645 τῶν
3168 595 3432 662 λογισμῶν
3463 596 3732 664 ἐκδεχόμεναι

2271 682 2474 751 κρίσιν.
2501 680 2623 733 Τῶν
2653 679 2698 732 δ’
2729 682 2951 750 ἡμερῶν
2980 682 3187 736 τούτων
3206 683 3524 749 διελθουσῶν,
3544 681 3609 748 οἷς
3626 687 3732 740 τοῦ-ιι

2275 774 2456 843 μέλον.
2517 775 2585 826 τὰ
2636 775 3010 843 γεγραμμένα
3056 775 3447 831 δεικνύτωσαν·
3483 777 3546 841 ὡς
3591 780 3640 832 ἂν
3673 785 3732 835 mi

2272 863 2448 933 θυμοῦ
2478 866 2762 934 λήξαντος.
2794 865 2917 917 καθ’
2946 867 3137 919 ἑαυτὸν
3182 870 3209 920 ὁ
3237 869 3480 937 λογισμὸς
3505 871 3733 939 γενόμενος,

2271 956 2519 1020 ἐξετάσει
2545 955 2663 1024 δοίη
2693 956 2759 1008 τὰ
2796 959 3142 1024 ἐγνωσμένα.
3196 950 3301 1010 εἷθ’
3321 962 3374 1011 ὲν
3418 960 3528 1030 δίκῃ
3557 963 3639 1028 εἴη,
3665 965 3733 1015 εἴτε

2272 1044 2367 1097 καὶ
2393 1044 2553 1097 ἄδικα
2574 1060 2590 1074 ·
2637 1046 2742 1098 κᾶν
2800 1047 2898 1115 μὲν
2927 1050 3079 1116 παρὰ
3121 1049 3298 1119 δίκην,
3331 1050 3478 1111 εὐθὺς
3502 1052 3733 1120 διαρῤήξει’

2273 1137 2322 1188 εἰ
2376 1137 2419 1189 δ’
2451 1137 2520 1190 αὖ
2551 1139 2890 1204 τούναντίον,
2950 1140 3247 1208 βεὸαιὼσει
3277 1142 3480 1209 μᾶλλον.
3525 1143 3735 1195 Καὶότῶν

2273 1228 2497 1297 ἡμερῶν
2530 1229 2764 1298 ἀριθμὸς
2790 1230 3139 1299 λυσιτελήσει
3200 1233 3334 1303 πρδς
3361 1232 3432 1301 τῷ
3456 1234 3509 1285 τὸ
3540 1239 3736 1306 συμφέρον

2276 1319 2512 1387 μάλιστα
2566 1320 2887 1388 διαγνῶναι.
2943 1323 3106 1385 Εἰκὸς
3164 1323 3272 1392 γὰρ
3320 1321 3558 1377 εἷναιτδν
3581 1328 3736 1396 ἐνμέσῳ

2273 1407 2461 1460 τοῦτον
2501 1408 2715 1478 χρόνον,
2740 1410 2841 1479 τήν
2872 1427 2933 1462 τε
2978 1410 3245 1482 βασιλέως
3301 1415 3571 1481 μαλάσσειν
3609 1417 3733 1487 ὀργὴν,

2275 1499 2369 1551 καὶ
2394 1497 2489 1550 τοῦ
2524 1499 2700 1568 θυμοῦ
2732 1503 3221 1569 παρακμάζοντος,
3255 1504 3384 1570 suo
3411 1506 3496 1557 καὶ
3522 1505 3736 1575 φιλανθρω-

2277 1590 2376 1661 πίᾳ
2404 1590 2657 1657 γενέσθαι
2688 1585 2896 1661 χώραν.
2930 1611 2948 1643 ι
2999 1593 3058 1645 Ὀ
3095 1594 3351 1662 βασιλεὺς
3392 1595 3549 1647 τοίνυν
3590 1599 3662 1669 τὴν
3680 1598 3736 1649 ui

2277 1681 2422 1734 θείου
2459 1683 2648 1751 ίερέως
2707 1686 2997 1754 εἰσήγησιν
3029 1687 3206 1754 ἡδέως
3255 1688 3542 1754 δεξάμενος,
3564 1692 3635 1741 καὶ
3657 1692 3728 1758 ἀρξ-

2279 1789 2408 1841 στην
2437 1767 2580 1825 εἶναι
2612 1775 2814 1842 φήσας,
2854 1775 3020 1835 εὐθὺς
3053 1778 3150 1829 καὶ
3182 1778 3277 1829 τὸν
3297 1777 3447 1846 νόμον
3466 1780 3737 1847 ἔγραφεοκιί

2278 1865 2334 1925 ἐς
2366 1864 2425 1914 τὺ
2477 1865 2726 1933 διηνεκὲς
2785 1867 2844 1916 τὸ
2901 1865 3116 1934 βὲὄαιον
3169 1868 3334 1935 ἔχειν,
3360 1873 3443 1920 καὶ
3469 1873 3561 1931 τοῖς
3586 1874 3736 1931 οἰκείοις

2276 1953 2557 2016 δακτύλοις
2583 1955 3046 2024 κατησφαλίζετο.
3091 1952 3171 2010 OE
3202 1960 3265 2025 δὴ
3299 1962 3581 2028 γενδμένου,
3620 1962 3686 2013 καὶ
3720 1963 3736 2012 6

2276 2043 2475 2111 δεσμὸς
2524 2033 2800 2098 διελύετοο
2858 2041 3370 2117 δημοσίᾳίπρῶτον
3417 2054 3503 2118 τὴν
3545 2053 3738 2120 ἁμαρτίαν

2277 2136 2363 2187 ἐπ’
2424 2136 2729 2205 ἐκκλησίας
2802 2139 3251 2210 ὁμολογήσαντος
3321 2142 3409 2193 τοῦ
3469 2144 3738 2211 κρατηῡντος,

2274 2227 2452 2296 ἠπίως
2480 2229 2525 2277 δ’
2552 2227 2612 2281 εὖ
2644 2229 2793 2296 μάλα
2819 2230 2915 2281 καὶ
2948 2231 3039 2283 τίιν
3066 2231 3356 2300 ὁρισθέντα
3376 2233 3529 2301 τούτῳ
3548 2234 3610 2293 si;
3630 2233 3740 2300 μετίο

2275 2335 2425 2370 νοιαν
2462 2317 2651 2386 χρόνον
2686 2319 2902 2382 εἰσδεξα
2913 2322 3075 2387 μένου
3102 2337 3116 2351 ⁸
3165 2323 3224 2373 ὲν
3252 2316 3293 2386 ᾧ
3326 2316 3469 2389 οἶάγε
3495 2323 3674 2387 πενθῶν,
3692 2324 3740 2389 τῷ

2277 2409 2546 2478 βασιλικῷ
2581 2410 2680 2460 οὐκ
2709 2411 2985 2480 ἐχρήσατο
3031 2412 3250 2481 κόσμῳ.
3296 2414 3504 2464 Ἔπειτα
3532 2415 3616 2464 τῶν
3636 2417 3743 2465 θείων

2275 2501 2585 2567 περιὸόλων
2633 2502 2909 2568 ἀξιωθεὶς,
2948 2502 3046 2571 οὐχ
3104 2502 3304 2565 ἑστὼς,
3339 2503 3452 2555 οὔτε
3494 2504 3581 2573 μὴν
3606 2506 3745 2566 τόκατα

2275 2594 2497 2659 κλίνων,
2527 2597 2619 2647 τὸν
2641 2596 2751 2648 τῶν
2775 2596 2912 2649 ὅλων
2940 2597 3080 2649 ἰλέου
3106 2597 3385 2667 Δεσπότην
3405 2615 3418 2629 ·
3446 2600 3620 2667 πρηνὴς
3640 2598 3673 2650 δ’
3690 2598 3748 2648 ἐπ’

2273 2685 2500 2750 ἐδάφους
2526 2688 2882 2756 ἐρριμμένος,
2912 2691 3013 2757 τὴν
3037 2690 3339 2757 Δαυῖτικὴν
3364 2692 3748 2758 ἑκείνηνὲλεεινῶς

2274 2778 2453 2846 ἀφῆκε
2480 2781 2664 2849 φωνήν
2690 2795 2703 2809 ·
2742 2781 3076 2848 Ἐκυλλήθη
3104 2780 3189 2846 τῷ
3218 2783 3413 2850 ἐδάφει
3445 2784 3479 2847 ἠ
3499 2783 3635 2849 ψυχή
3650 2799 3747 2849 pov'

2275 2867 2461 2935 ζῆσόν
2482 2887 2561 2938 με
2599 2869 2751 2924 κατὰ
2804 2871 2914 2924 τὸν
2961 2875 3154 2941 λόγον
3206 2888 3345 2927 σου.
3403 2872 3581 2926 Τίλλων
3620 2873 3663 2925 δὲ
3684 2874 3751 2933 τὸς

2234 2986 2241 3027 β
2273 2960 2468 3029 τρίχας
2495 2962 2592 3014 καὶ
2617 2962 2677 3014 τὸ
2705 2962 2957 3031 μέτωπον
2987 2963 3238 3027 τύπτων,
3275 2966 3494 3032 δάκρυσί
3522 2982 3569 3016 τε
3597 2964 3748 3032 βρέχων

2274 3052 2333 3102 τὸ
2376 3051 2591 3117 ἔδαφος,
2657 3056 2754 3105 καὶ
2801 3054 2898 3122 τὴν
2947 3055 3166 3106 ἐκεῖθεν
3216 3055 3335 3125 ᾔτει
3382 3054 3664 3123 συγγνώμην
3696 3052 3750 3120 τῷ

2275 3144 2601 3210 πταίσματι.
2646 3144 2734 3206 Ὧς
2763 3144 2819 3197 δὲ
2854 3145 2946 3197 καὶ
2971 3146 3166 3213 καιρὸς
3196 3149 3385 3215 ἐνέστη
3420 3148 3527 3199 καθ’
3556 3146 3603 3195 ὃν
3621 3144 3750 3211 ἐχρῆν.

2273 3232 2463 3302 ὥσπερ
2492 3229 2560 3302 ἦν
2582 3233 2704 3294 ἔθος
2732 3237 2796 3305 τῇ
2833 3235 2955 3304 ἰερᾷ
2984 3238 3242 3306 τραπέζῃ
3268 3239 3333 3289 τὰ
3366 3236 3502 3305 δῶρα
3529 3250 3755 3303 προσενεγ-

2274 3327 2413 3388 κεῖν,
2475 3327 2783 3395 συνδακρυς
2849 3327 3061 3380 ἐκεῖθεν
3129 3329 3462 3398 ἀνεγερθεὶς,
3512 3329 3601 3380 τῶν
3642 3325 3754 3376 θείων

2272 3417 2590 3486 ἀνακτόρων
2613 3417 2784 3485 ἐπέϐη
2812 3434 2827 3448 ο
2852 3421 2947 3471 καὶ
2975 3421 3044 3472 τὰ.
3094 3421 3327 3473 εἰωθότα
3360 3420 3498 3485 δῶρα
3528 3432 3755 3484 προσενεγ-

2272 3506 2403 3569 κὼν,
2428 3507 2573 3559 ἔνδον
2620 3509 2730 3560 τῶν
2786 3509 2949 3580 ἱερῶν
2985 3509 3285 3576 κιγκλίδων
3311 3511 3536 3576 ἐγένετο,
3563 3508 3624 3576 τῷ
3652 3508 3756 3573 ἱερα-

2272 3602 2401 3670 τείῳ
2428 3602 2562 3653 ὅπου
2585 3600 2648 3670 δὴ
2676 3603 2740 3654 ὲκ
2771 3601 3008 3654 παλαιοῦ
3033 3602 3154 3666 ἔθος
3183 3599 3252 3674 ἦν
3280 3604 3399 3664 τοϋς
3426 3601 3631 3670 βασιλεῖς
3652 3600 3755 3649 ἵστα·

2275 3691 2419 3753 σθαι,
2454 3691 2575 3744 κατ’
2604 3691 2799 3763 ἐξοχὴν
2828 3693 2922 3745 τοῦ
2958 3692 3090 3746 λαοῦ
3149 3693 3594 3764 κεχωρισμένους.
3623 3692 3674 3741 Ὃ
3694 3706 3756 3740 κο-

2272 3782 2496 3845 λακείας
2524 3784 2727 3850 μᾶλλον
2758 3783 2792 3852 ἢ
2824 3784 3082 3851 εὐταξίας
3112 3782 3257 3838 εῖναι
3288 3782 3588 3849 ὑπειλησὼς
3613 3783 3635 3833 ὁ
3666 3781 3755 3847 ’Δμ-

2272 3875 2508 3945 6ρόσιος,
2562 3877 2658 3928 καὶ
2714 3874 2807 3926 τὸν
2869 3875 3151 3945 βασιλικὸν
3198 3876 3277 3940 ὡς
3330 3878 3498 3948 χρεὼν
3531 3874 3754 3945 τηνικαῦτα

2271 3964 2436 4018 τόπον
2464 3964 2795 4036 ὲρῤύθμιζε,
2821 3967 2913 4018 τὸν
2935 3967 3044 4035 πρὸ
3072 3967 3184 4020 τῶν
3213 3967 3529 4038 δρυφάκτων
3566 3968 3663 4036 ἦτοι
3684 3962 3753 4012 τῶν

2269 4048 2365 4103 τοῦ
2396 4050 2661 4120 ἰερατείου
2698 4051 2993 4118 κιγκλίδων
3018 4067 3034 4083 ⁸
3100 4052 3246 4107 ὥστε
3292 4056 3386 4107 τοῦ
3431 4057 3522 4125 μὲν
3544 4052 3652 4107 λαοῦ
3692 4053 3753 4116 τὴν

2272 4142 2565 4213 προεδρίαν
2602 4143 2696 4195 τὸν
2730 4142 3038 4213 κρατοῦντα
3070 4143 3238 4213 ἔχειν,
3265 4146 3432 4199 αὐτοῦ
3467 4147 3520 4199 δὲ
3548 4142 3753 4212 πρωὰθῆ·

2274 4232 2400 4285 σθαι
2431 4233 2558 4294 τοὺς
2590 4234 2800 4304 ἱερέας.
2831 4236 2935 4288 Ἦν
2958 4235 3022 4305 δὴ
3054 4238 3150 4288 καὶ
3192 4237 3319 4290 τότε
3373 4238 3468 4308 μὲν
3494 4237 3562 4299 ὡς
3592 4234 3755 4303 ἀρίστην

606 4341 733 4379 eum
764 4342 915 4382 more
945 4339 1190 4398 recepto,
1222 4348 1423 4387 munus
1459 4335 1527 4389 ad
1555 4351 1765 4390 sacram
1800 4353 2046 4392 mensam
2093 4338 2171 4392 af-

2274 4324 2507 4394 ὲπῄνεσε
2570 4326 2883 4391 Θεοδόσιοςο
2951 4329 3265 4398 ὲκρὰτυναν
3304 4330 3365 4383 δὲ
3395 4330 3445 4382 οἰ
3494 4320 3751 4391 καθεξῆς“ἦ

605 4416 753 4471 ferre
782 4428 1082 4486 oporteret,
1133 4422 1442 4492 lacrymans
1495 4428 1760 4491 surrexit,
1818 4439 1874 4484 et
1921 4429 2167 4484 divinum

604 4509 905 4564 sacrarium
937 4512 1218 4583 ingressus
1244 4526 1365 4570 est:
1399 4527 1455 4571 et
1483 4518 1630 4573 dono
1662 4535 1729 4575 ex
1769 4523 2172 4579 consuetudine

602 4602 809 4669 oblato,
844 4603 987 4659 intra
1043 4620 1231 4661 sacros
1253 4609 1529 4663 cancellos
1591 4613 1915 4678 permansit.
1954 4613 2008 4665 in
2042 4629 2173 4667 sane

603 4695 778 4750 ctiore
802 4697 1149 4753 sacerdotum
1173 4700 1316 4766 loco,
1355 4702 1449 4756 ubi
1473 4703 1780 4771 antiquitus
1806 4704 2171 4773 imperatores

603 4789 909 4843 consistere
953 4805 1074 4845 mos
1105 4800 1242 4857 erat,
1271 4802 1499 4862 propter
1523 4794 1807 4864 dignitatis
1858 4798 2169 4852 sublimita-

602 4887 709 4932 tem
737 4895 767 4932 a
798 4879 956 4948 plebe
980 4892 1315 4953 segregatos.
1335 4883 1507 4948 Quam
1533 4900 1648 4939 rem
1670 4888 1816 4955 quod
1841 4887 2168 4944 Ambrosius

598 4969 930 5023 adulationis
963 4976 1135 5042 magis
1161 4989 1327 5042 quam
1349 4974 1562 5031 ordinis
1588 4978 1721 5033 recti
1752 4993 1874 5033 esse
1912 4981 2159 5048 putabat,

706 5058 724 5091 ¹
759 5062 906 5117 Psal.
947 5079 1138 5128 cum,
1164 5066 1258 5120 25.

670 5202 746 5272 (l)
774 5200 1118 5276 Constitutio
1142 5202 1441 5259 Theodosii
1472 5203 1541 5260 de
1577 5204 1802 5276 judiciis
1837 5203 2165 5274 capitalibus

598 5271 708 5328 non
748 5271 1173 5339 praeeipitandis.

671 5346 748 5410 (2)
777 5342 1119 5395 Theodosius
1150 5352 1310 5396 antea
1335 5344 1451 5411 lege
1487 5352 1742 5397 sanxerat
1765 5381 1780 5405 ,
1817 5353 1874 5396 nt
1911 5353 2007 5399 aut
2033 5359 2162 5397 con-

598 5413 803 5467 victum
861 5411 1013 5480 velox
1043 5426 1201 5480 paena
1257 5412 1766 5480 subduceretpaut
1817 5412 2157 5466 liberandum

597 5481 846 5534 custodia
871 5478 1129 5534 diuturna
1150 5496 1259 5534 non
1289 5489 1612 5535 macetaret.
1644 5479 1708 5534 L.
1740 5481 1812 5535 De
1840 5492 1956 5537 test.
1993 5482 2053 5537 C.
2088 5484 2163 5537 De

600 5550 823 5602 custod.
848 5563 993 5601 reor.

675 5616 751 5689 (ἦ)
777 5616 1111 5689 _Cunstitut_io
1154 5618 1451 5689 Theodosii
1494 5618 1617 5689 talis
1651 5619 1790 5674 fuit:
1830 5619 2002 5689 Impp.
2062 5619 2167 5672 Va-

521 5686 527 5693 '
606 5682 924 5739 leutiuianus
957 5695 1006 5738 et
1038 5686 1348 5742 Theodosius
1381 5690 1548 5758 Augg.
1573 5686 1618 5739 F
1623 5688 1833 5743 Ioviano
1868 5682 1927 5746 ιιζ
1948 5682 2016 5745 Ῥ.
2043 5690 2168 5761 Illy-

2277 4416 2373 4466 καὶ
2391 4417 2449 4478 ἐς
2484 4415 2645 4486 δεῦρο
2676 4416 2734 4481 ἐξ
2781 4417 2992 4470 ἐκείνου
3048 4419 3411 4486 φυλάσσεται.
3464 4416 3590 4486 Ἐγὼ
3626 4415 3670 4469 δὲ
3696 4412 3754 4465 καὶ

2276 4504 2424 4570 ἅπαξ
2455 4507 2549 4557 τοῦ
2583 4505 2737 4568 ἔτους
2765 4502 2905 4560 εἶδον
2937 4511 3064 4571 τοὺς
3088 4510 3212 4563 καθ’
3242 4512 3390 4581 ἡμᾶς
3418 4507 3650 4576 θεοφιλῶς
3666 4519 3755 4571 κρπ·
3852 4554 3853 4575 ξ

2268 4597 2503 4660 τοῦντας
2535 4601 2682 4653 κατὰ
2702 4601 2795 4652 τὸν
2827 4602 2919 4654 τοῦ
2947 4604 3192 4671 μεγάλου
3231 4605 3503 4657 Σαῦὅάτου
3529 4599 3684 4669 καιρδν
3707 4593 3755 4660 τῷ

2273 4688 2517 4757 μεγίστῳ
2546 4689 2696 4757 δόμῳ
2726 4691 2824 4760 τῆς
2858 4690 2951 4743 τοῦ
2980 4692 3116 4745 Θεοῦ
3146 4694 3349 4761 Σοφίας
3405 4694 3544 4746 ἔνδον
3568 4691 3656 4741 τῶν
3673 4685 3755 4738 ἁδύ-

2266 4796 2375 4831 των
2411 4781 2713 4846 εἰσιόντας,
2741 4783 2835 4834 καὶ
2864 4786 3227 4852 σταυροειδὼς
3258 4785 3358 4856 τὴν
3385 4785 3528 4837 θείαν
3552 4776 3756 4851 τράπεζαν

2269 4870 2530 4939 ἀρώμασι
2557 4871 2873 4941 θυμιῶντας
2910 4878 3141 4939 καινοῖς,
3176 4879 3272 4928 καὶ
3298 4877 3449 4946 δῶρα
3470 4874 3625 4941 ταύτῃ
3646 4880 3754 4934 πρ⁰⁰’

2271 4963 2529 5029 ἀγονταςο
2593 4965 2736 5029 Ἀλλ’
2768 4967 2863 5018 ἐπὶ
2912 4968 2972 5019 τὸ
3026 4968 3391 5036 προκείμενον
3450 4966 3617 5033 ἴωμεν.
3654 4955 3751 5012 Ἐπεὶ

2263 5206 2380 5258 rici.
2419 5204 2479 5260 Si
2518 5208 2776 5279 vindicari
2800 5211 2853 5262 iu
2882 5209 3087 5279 aliquos
3113 5213 3363 5275 severius,
3396 5222 3565 5264 contra
3587 5219 3751 5262 nostum

2266 5277 2716 5346 consuetudinem,
2775 5293 2870 5344 pro
2918 5277 3094 5334 «tum
3143 5282 3339 5333 intuitu
3382 5282 3751 5346 inuetitum,“-

2265 5344 2438 5396 fumus
2486 5348 2669 5418 statim
2715 5363 2799 5418 eos
2853 5360 2946 5401 aut
2975 5352 3149 5403 subire
3187 5344 3415 5418 ρωηαηι.
3445 5357 3534 5401 aut
3587 5345 3754 5409 acip!“

2268 5416 2605 5489 sententiam,
2645 5415 2735 5467 sed
2767 5434 2859 5480 per
2896 5418 3002 5471 dies
3033 5415 3252 5489 triginta
3299 5435 3451 5487 super
3481 5428 3611 5489 stata
3634 5425 3756 5488 tergm

2269 5498 2383 5556 sors
2417 5493 2468 5534 et
2497 5484 2991 5556 fortunaauspeusu
3029 5484 3122 5541 sit:
3150 5488 3283 5541 Reos
3315 5484 3439 5540 sane
3466 5488 3656 5556 accipiet
3680 5484 3756 5531 vil-

2271 5552 2499 5673 czatquel
2539 5555 2801 5621 custodia,
2830 5552 2905 5609 ἐι
2953 5557 3178 5611 excubiis
3240 5557 3512 5612 solertibus
3549 5552 3759 5625 vigilanter

2271 5636 2301 5673 ο
2336 5637 2476 5673 serve
2506 5661 2520 5673 .

2271 5630 2520 5675 observet.
