3936 6206
194 298 294 361 897

1111 298 1705 365 ECCI.ESIASTIC:E
1747 312 2133 374 IIlSTORl/E
2174 314 2303 373 LIB
2365 311 2500 370 XII.

3320 314 3421 377 893

194 413 294 480 γὰρ
323 408 491 479 είιῄει
545 410 573 460 6
622 408 923 470 Θεοδόσιος.
970 410 1175 480 ἠρέμα,
1216 415 1269 465 εί
1316 431 1457 478 τινος
1500 415 1692 482 δέοιτο,
1719 420 1746 469 ό

1851 421 2148 490 imperialis
2172 439 2389 492 quoque
2421 424 2674 478 stationis
2714 425 2916 489 locum,
2961 427 3031 481 ita
3059 437 3119 481 ut
3147 443 3245 497 par
3278 442 3418 496 erat,

204 503 514 573 Ἀμὸρόσιος
543 502 729 571 ἤρετο.
791 501 898 554 Τοὖ
926 502 970 554 δ’
1022 504 1267 566 είπόντος
1320 507 1419 574 τὴν
1448 508 1557 557 τῶν
1589 508 1750 561 θείων

197 593 504 664 μυστηρίων
556 591 853 660 ἀναμένειν
903 593 1231 661 μετάληψιν,
1283 596 1499 665 ἐδήλου,
1533 598 1608 666 τῷ
1644 600 1751 651 τῶν

192 686 442 737 διακόνων
476 681 679 751 πρώτῳ
705 683 967 753 ὑπουργῷ
998 685 1369 754 χρησάμενος,
1424 689 1644 757 μηνύων
1672 691 1749 753 ὡς

199 797 215 828 ι
246 776 320 827 Τὰ
343 774 511 837 ἔνδον,
536 769 582 827 ὦ
604 774 847 843 βασιλεῦ,
876 777 1055 844 μόνοις
1084 779 1191 829 είσὶ
1214 779 1325 838 τοῖς
1360 779 1566 847 ἱερεῦσι
1590 781 1746 845 βατὰ,

191 872 294 931 τοῖς
323 868 378 918 δὲ
408 867 589 929 ἄλλοις
628 868 797 919 πᾶσιν
849 867 1273 937 ἀπρόσψαυστα.
1319 870 1500 936 Ἐξιθι
1544 873 1745 936 τοίνυν,

192 965 276 1016 καὶ
335 963 446 1021 τοῖς
486 959 669 1022 ἀλλοις
715 960 965 1011 κοινώνει
1016 962 1115 1028 τῆς
1150 960 1412 1025 στάσεως.
1460 962 1749 1031 Ἀλουργὶς

190 1055 292 1125 γὰρ
329 1053 587 1121 βασιλέας
643 1053 742 1120 οὐχ
779 1052 963 1121 ἱερέας
1005 1054 1171 1107 ποιεῖ.
1212 1071 1230 1102 ι
1290 1053 1399 1105 Καὶ
1426 1052 1603 1115 ταῦτα
1633 1054 1687 1106 δὲ
1719 1054 1749 1104 6

190 1146 420 1216 θεοειδὴς
479 1144 777 1214 δεξάμενος
826 1143 1101 1211 βασιλεὺς,
1158 1145 1471 1214 ἀντεδήλου,
1516 1145 1589 1205 ὡς
1628 1165 1645 1195 ι
1673 1146 1745 1198 Οὐ

192 1238 374 1306 θράσει
410 1237 735 1306 φερόμενος,
771 1236 911 1289 ἀλλὰ
941 1238 1016 1306 τῷ
1056 1238 1114 1288 εν
1177 1237 1749 1290 Κωνσταντινουπόλει

189 1329 294 1381 ἔθει
320 1328 608 1398 ἑπόμενος,
637 1331 747 1380 τῶν
771 1327 1069 1393 κιγκλίδων
1093 1329 1225 1381 εἴσω
1255 1330 1581 1398 γεγένημαι.
1604 1328 1750 1394 Ἐγὼ

187 1418 240 1470 δὲ
274 1420 367 1468 καὶ
415 1417 578 1485 τῆσδε
630 1418 796 1486 χάριν
847 1419 949 1485 τῆς
996 1416 1238 1485 Ιατρείας
1273 1418 1505 1485 χάριτάς
1531 1433 1613 1469 σοι
1640 1416 1749 1485 ἔχω

194 1510 449 1579 μεγάλας.
486 1528 504 1560 ι
556 1507 714 1562 Οῢτω
743 1508 836 1560 καὶ⁵
884 1510 913 1561 6
949 1506 1202 1576 βασιλεὺς
1251 1509 1345 1560 καὶ
1390 1511 1417 1561 6
1459 1510 1748 1578 ἀρχιερεὺς

192 1602 460 1668 ὑπερψυεί
485 1599 786 1668 διέλαμπον
812 1600 1004 1669 ἀρετῇ,
1038 1600 1113 1661 ὡς
1145 1599 1244 1669 ἐμὲ
1275 1601 1350 1668 μὴ
1376 1601 1574 1671 ρᾲδῗως
1602 1601 1749 1667 ἔχειν

190 1693 401 1759 ποτέρῳ
432 1691 638 1743 τούτων
676 1690 736 1742 τὸ
780 1692 1045 1755 πρωτεῖον
1094 1690 1380 1759 παρέχειν.
1416 1693 1659 1759 Ἀγαμαι
1692 1692 1745 1741 es

190 1786 425 1855 μάλιστα
473 1782 567 1836 τοῦ
620 1784 722 1851 μὲν
768 1782 868 1852 τὴν
923 1783 1260 1853 παρρησίαν,
1289 1781 1382 1833 τοῦ
1414 1781 1589 1850 δὲτὴν
1618 1781 1745 1848 περὶ
1783 1763 1820 1814 Β

185 1878 253 1928 τὰ
274 1876 394 1928 θεῖα
430 1875 716 1928 εὐλάϐειαν
738 1890 752 1905 ·
813 1874 907 1928 καὶ
945 1874 1037 1926 τοῦ
1073 1873 1171 1943 μὲν
1203 1874 1294 1924 τὸν
1321 1871 1501 1941 ζῆλον,
1534 1872 1745 1924 ἐκείνου

184 1971 319 2023 δὲτὸ
352 1970 489 2038 πρδς
516 1969 650 2021 Θεὸν
676 1968 1003 2038 ἀκραιφνές.
1035 1966 1270 2030 Τούτους
1299 1968 1356 2020 δὲ
1390 1968 1515 2029 τοὺς
1549 1968 1749 2036 νόμους

183 2062 271 2124 οὓς
291 2061 347 2126 ἐξ
378 2060 707 2127 ’Δμεροσίου
734 2058 1089 2123 πεπαίδευτο,
1123 2061 1219 2111 καὶ
1247 2061 1303 2120 ἐς
1326 2058 1424 2126 τὴν
1458 2060 1750 2111 Κωνσταν-

184 2153 325 2205 τίνου
349 2150 541 2213 ἀνιὼν,
596 2150 841 2220 ἀκριὸὦς
873 2149 1249 2218 διεφύλαττεν.
1324 2148 1476 2201 Ἐπεὶ
1508 2150 1611 2218 γὰρ
1645 2150 1747 2202 κά-

181 2246 327 2296 κεῖσε
383 2243 579 2311 ἑορτῆς
629 2243 904 2311 ἀγομένης
936 2244 1013 2303 είς
1044 2242 1136 2293 τὸν
1179 2241 1321 2293 θεῖον
1357 2240 1559 2309 ἀνῆκτο
1588 2241 1744 2303 νεὼν,

179 2335 243 2387 τὰ
274 2333 430 2404 δῶρα
463 2335 528 2402 τῇ
562 2335 800 2403 μυστικῇ
838 2331 1085 2401 τραπέζῃ
1127 2330 1540 2400 προσενεγκὼν,
1570 2331 1748 2384 ὀπίσω

179 2427 398 2497 χωρῶν.
431 2424 593 2487 εὐθὺς
620 2425 961 2494 ἐξελήλυθεν.
1007 2424 1114 2477 Τοῦ
1140 2423 1186 2477 δ’
1235 2424 1537 2494 ἀρχιερέως
1596 2423 1749 2493 (Νε-

180 2521 404 2587 κτάριος
431 2519 490 2570 δὲ
526 2518 828 2588 τηνικαῦτα
877 2512 981 2586 ἦν)
1013 2516 1468 2587 δυσχεράναντος,
1493 2515 1585 2568 καί
1620 2517 1743 2567 ὅτου

179 2611 336 2677 χάριν
382 2608 561 2660 ὀπίσω
593 2608 887 2677 ἀνέδραμε,
931 2608 1368 2677 διαμηνύσαντος
1396 2646 1410 2670 ,
1437 2605 1744 2676 ἀχθεσθεὶς,

182 2720 200 2751 ι
232 2702 431 2763 Μόλις,
457 2701 585 2769 ἔφη,
616 2700 880 2769 βασιλέως
904 2702 996 2751 καὶ
1022 2701 1215 2769 ίερέως
1243 2698 1416 2766 ἔγνων
1445 2700 1508 2751 τὸ
1539 2699 1702 2767 μέσον
1726 2714 1741 2729 ·

180 2794 332 2859 μόλις
388 2786 545 2861 εὗρον
591 2792 690 2858 τῆς
746 2790 1002 2859 ἀληθείας
1054 2791 1399 2844 διδάσκαλον.
1433 2790 1609 2843 Μόνον
1638 2789 1747 2857 γὰρ

177 2884 344 2949 ἀξίως
394 2883 724 2953 Ἀμόρόσιον
780 2878 920 2934 εἶδον
959 2881 1052 2934 τοῦ
1110 2879 1475 2934 ὲπισκοπικοῦ
1522 2898 1749 2950 τετυχη-

174 2973 308 3025 κότα
336 2972 628 3038 ὀνόματος.
674 2991 694 3023 ι
732 2964 904 3025 Πόσον
937 2969 1141 3037 ἀγαθόν
1176 2971 1320 3021 ἐστιν
1344 2969 1566 3037 ἔλεγχος
1597 2972 1743 3022 ἀπα-

1856 514 1907 566 in
1940 515 2187 568 ordinem
2214 532 2371 568 suum
2404 516 2631 585 redegit,
2669 531 2767 584 pro
2795 517 3052 572 tabulatis
3083 534 3180 573 seu
3209 522 3420 575 eanec]-

1852 603 1918 657 Ιῐς
1960 607 2187 659 sacrarii
2221 607 2348 659 sede
2378 606 2453 659 illi
2487 608 2791 674 designata,
2828 616 2885 659 ut
2913 609 3212 676 imperator
3244 614 3420 664 hono-

1853 695 2112 747 ratiorem
2147 696 2368 764 quidem
2406 713 2515 765 pra'
2550 698 2749 765 popqu
2811 699 3101 751 stationem
3169 700 3416 761 haberet,

1851 800 1963 853 pra:
1994 787 2084 839 illo
2115 800 2296 839 autem
2328 788 2644 841 sacerdotes
2678 790 2728 841 lo
2750 805 2855 841 ~um
2909 790 3283 844 sublimiorem
3323 792 3422 841 oli-

1853 876 2109 930 tinerent.
2141 877 2299 945 321
2334 878 2467 931 Eum
2503 879 2750 931 ordinem
2780 889 2837 931 ttt
2865 880 3131 947 optimum
3167 880 3420 933 Theodo-

1852 967 1966 1021 sius
2003 979 2113 1021 tum
2167 969 2433 1031 laudavit,
2477 970 2679 1037 posteri
2727 986 2947 1039 quoque
2985 973 3417 1025 conﬁrmarunt:

1852 1062 1943 1127 qui
1975 1061 2101 1113 in'le
2129 1061 2194 1114 ad
2233 1063 2345 1113 llJ’C
2371 1076 2542 1129 usque
2564 1074 2808 1130 tempora
2839 1074 3114 1115 servatur.
3143 1063 3253 1132 Ego
3284 1080 3417 1117 veto

1850 1152 2016 1204 semel
2050 1167 2232 1205 annuo
2270 1163 2512 1220 tempore
2574 1164 2772 1205 nostrze
2827 1154 3003 1206 aetatis
3038 1154 3129 1207 Dei
3161 1159 3422 1207 amantis-

1850 1242 2019 1295 simos
2052 1242 2347 1311 principes.
2411 1246 2587 1313 magni
2646 1243 2867 1297 Sabbati
2901 1245 3011 1307 die,
3053 1260 3207 1297 sacra
3261 1246 3419 1315 adyta

1853 1332 2069 1384 maximi
2098 1332 2191 1385 Dei
2220 1333 2514 1400 Sapientiae
2540 1334 2721 1401 templi
2753 1334 2962 1401 ingredi
3006 1334 3138 1395 vidi,
3172 1350 3295 1386 cum
3318 1337 3419 1388 Sub

1849 1423 2034 1477 Cl‘UCiS
2081 1422 2282 1482 forma.
2316 1428 2367 1477 ἱιι
2398 1442 2472 1477 sat
2494 1442 2548 1477 ra
2586 1440 2770 1477 mensa
2805 1442 2941 1478 ηονιι
2985 1440 3015 1478 a
3040 1426 3268 1478 Tolerent
3293 1441 3419 1477 εἴναι·-

1853 1522 2015 1573 mata.
2043 1514 2256 1568 etdoua
2283 1515 2330 1566 ei
2361 1514 2645 1568 inferrent.
2672 1514 2775 1568 Sed
2809 1516 2872 1565 ad
2896 1515 3207 1568 iustituwm
3235 1531 3419 1568 rever-.-

1853 1614 2050 1658 tamur.
2080 1606 2368 1674 Postquam
2401 1608 2453 1659 in
2484 1606 2783 1662 sacrarium
2823 1608 3100 1675 ingressus
3120 1615 3203 1659 est
3232 1605 3413 1659 Theo-

1851 1693 2062 1756 dosius,
2125 1694 2322 1747 blande
2382 1710 2531 1757 eum,
2593 1696 2795 1762 siquid
2857 1696 3037 1756 vellet,
3095 1695 3420 1748 Ambrosius

1852 1784 2227 1852 interrogavit.
2269 1782 2359 1837 Ille
2399 1800 2530 1837 vero
2554 1799 2611 1837 se
2666 1785 2737 1837 ibi
2771 1785 3082 1839 divinorum
3129 1788 3420 1855 mysterio-

1852 1891 1969 1927 rum
2001 1874 2406 1944 perceptionem
2440 1883 2882 1941 exspectaturum
2934 1893 3053 1930 esse
3104 1878 3412 1946 respondit.

1850 1966 2097 2021 Antistes
2166 1966 2703 2035 primario'diacono
2758 1967 3097 2021 internuntio
3155 1984 3306 2031 usus,
3363 1970 3414 2022 ei

1848 2057 2176 2128 signiﬁcavit
2240 2058 2541 2111 sacrarium
2577 2057 2809 2111 interius
2838 2075 2866 2111 a
2899 2061 3030 2112 solis
3062 2059 3200 2113 adiri
3230 2075 3415 2114 sacer-

1849 2149 2089 2212 dotibus,
2129 2150 2369 2217 reliquos
2396 2157 2575 2202 autem
2611 2164 2802 2202 omnes
2835 2165 2891 2203 se
2925 2150 3074 2204 aditu
3136 2153 3254 2220 ejus
3287 2152 3414 2205 abs-

1852 2242 2046 2294 tinere.
2082 2258 2100 2290 ι
2132 2240 2637 2308 Exeundumigitur
2657 2240 2758 2292 sibi
2790 2255 2931 2301 esse,
2962 2250 3018 2294 et
3053 2242 3104 2293 in
3137 2241 3413 2295 Communi

1848 2348 1972 2385 cum
2034 2332 2159 2387 aliis
2216 2333 2339 2387 loco
2367 2333 2625 2385 standum
2654 2348 2809 2385 esse:
2851 2347 3147 2400 purpuram
3181 2334 3418 2401 impera-

1853 2435 2022 2485 tores,
2085 2439 2192 2475 non
2254 2424 2567 2476 sacerdotes
2626 2423 2826 2486 fatere,
2878 2423 3086 2477 dicens.
3118 2424 3417 2492 Imperator

1852 2512 2076 2565 divinus
2103 2512 2177 2565 illi
2210 2526 2432 2565 rursum
2483 2513 2788 2565 renuntiari
2810 2513 2997 2581 jussit,
3051 2529 3158 2566 non
3191 2517 3413 2568 temeri-

1854 2612 1961 2658 tate
1989 2619 2046 2657 se
2070 2603 2389 2667 adductum,
2412 2602 2504 2656 sed
2535 2603 2989 2657 consuetudinem
3016 2619 3135 2672 qua:
3152 2603 3416 2657 Constan-

1855 2695 2086 2759 tinOpoli
2119 2703 2455 2756 servaretur,
2496 2702 2768 2754 secutum,
2811 2693 2951 2746 intra
3002 2695 3226 2748 sacrarii
3286 2712 3415 2747 can-

1852 2787 2017 2841 cellos
2050 2785 2282 2839 venisse.
2315 2783 2530 2850 .‘llagnas
2563 2798 2692 2836 vero
2718 2798 2784 2837 eo
2810 2784 2975 2838 etiam
3000 2786 3219 2839 nomine
3237 2787 3411 2840 detali

1851 2880 2260 2933 institutionese
2283 2877 2356 2929 illi
2376 2878 2575 2943 gratias
2590 2891 2768 2944 agere.
2804 2896 2821 2926 ι
2852 2878 2930 2931 Ad
2953 2878 3096 2931 hunc
3120 2879 3330 2933 scilicet
3359 2888 3415 2932 et

1857 2971 2076 3025 modum
2111 2969 2407 3038 imperator
2437 2977 2493 3021 et
2527 2969 2819 3037 episcopus
2876 2970 3106 3024 mirifica
3166 2973 3415 3026 enituere

174 3065 292 3133 θὴς,
363 3064 641 3131 ἑγκαίρως
673 3061 807 3130 παρ’
857 3057 1052 3129 ἀνδρὸς
1082 3060 1254 3128 ἀρετῇ
1295 3059 1387 3110 καὶ
1424 3059 1740 3130 δικαιοσύνῃ

1852 3067 2075 3126 virtute,
2112 3070 2171 3115 ut
2203 3062 2334 3114 mihi
2370 3060 2669 3115 decernere
2713 3061 2869 3115 facile
2930 3077 3038 3114 nou
3096 3064 3187 3125 sit,
3233 3073 3415 3117 utrum

172 3157 581 3224 διαλάμποντος
602 3153 1022 3222 εἰσφερόμενοςς
1048 3151 1138 3221 Τῷ
1163 3150 1206 3202 δ’
1238 3150 1547 3221 Ἀμόροσίῳ
1571 3152 1747 3220 τούτῳ

174 3248 350 3301 πολλὰ
407 3245 508 3316 μὲν
544 3246 637 3298 καὶ
664 3244 795 3297 ἄλλα
821 3240 1180 3311 κατώρθωται
1233 3243 1557 3312 ίεραρχικῆς
1591 3245 1747 3313 ἐνερ-

173 3340 329 3408 γείας
374 3337 597 3402 ἐπάξια,
653 3335 689 3390 ἃ
719 3339 845 3399 τοῖς
880 3337 1056 3387 ἐκεῖσε
1112 3335 1220 3387 τῶν
1251 3335 1560 3405 ἐπιχωρίων
1600 3335 1746 3396 είκδς

174 3434 477 3504 ἐγνῶσθαι,
511 3430 649 3497 Ἐγὼ
667 3430 722 3482 δὲ
756 3430 852 3481 καὶ
880 3427 1034 3480 τοῦτο
1066 3427 1175 3479 τῶν
1205 3429 1416 3480 ἐκείνου
1444 3427 1746 3495 πυθόμενος

171 3527 327 3591 ἀξιον
380 3525 597 3590 μνήμης
633 3518 714 3582 ὃν,
767 3522 832 3587 τῇ
875 3521 1168 3587 συγγραφῇ
1201 3517 1507 3580 καταλέξω.
1537 3518 1657 3568 Τῶν
1688 3519 1745 3568 ἐν

170 3617 319 3667 τέλει
344 3629 433 3672 τις
462 3611 725 3678 Ἑλλήνων
741 3609 1009 3678 θρησκείᾳ
1031 3608 1429 3675 πεπεδημένος,
1452 3606 1745 3674 καθύόριζε

170 3705 532 3776 τὸνβασιλέα
590 3702 911 3771 Γρατιανὸν,
970 3698 1151 3768 πολλῷ
1203 3694 1345 3751 εἶναι
1394 3701 1485 3753 τὸν
1533 3700 1744 3752 ἐκείνου

169 3799 401 3866 πατέρα
430 3794 716 3863 κρείττονα
754 3793 998 3860 φάσκων.
1049 3791 1087 3842 Γ
1094 3792 1423 3859 ραψαμένων
1449 3789 1493 3842 δ’
1533 3791 1744 3842 ἐκείνου

163 3889 364 3954 τινῶν,
398 3888 627 3940 θάνατον
677 3886 802 3954 ἔσχε
853 3886 913 3936 τὸ
956 3885 1249 3952 ἐπιτίμιον.
1318 3884 1406 3944 Ὦς
1434 3883 1479 3936 δ’
1514 3884 1745 3952 ἄγεσθαι

162 3985 269 4052 τὴν
300 3983 408 4035 ἐπὶ
438 3982 672 4034 θάνατον
729 3978 943 4047 ἔμελλε,
985 3978 1189 4045 σπουδῇ
1234 3976 1561 4045 ’Δμὸρόσιος
1615 3993 1747 4027 κατ-

165 4076 460 4145 ελάμϐανε
483 4074 552 4126 τὰ
588 4071 836 4141 βασίλεια
862 4070 1074 4122 ἱκεσίαν
1098 4071 1338 4139 κινήσων
1384 4069 1524 4139 ὑπὲρ
1552 4068 1744 4122 αὑτοῦ.

162 4169 313 4235 Περὶ
329 4166 393 4218 δὲ
415 4164 548 4217 θέαν
568 4162 908 4230 κυνηγεσίων
934 4160 1234 4228 Γρατιανοῦ
1258 4159 1548 4229 ὲνασχολου
1558 4158 1746 4227 μένου,

158 4262 235 4331 ἢν
270 4257 525 4318 ἀνέσεως
552 4255 687 4316 ίδίας
718 4255 884 4322 χάριν
910 4255 957 4305 οἱ
991 4251 1229 4320 βασιλεῖς
1264 4252 1526 4322 πράττειν
1553 4252 1745 4305 εἰώθα-

162 4370 278 4411 σιν,
313 4348 499 4408 οὐδεὶς
541 4346 651 4398 τῶν
684 4343 915 4398 ἐπὶτῶν
949 4344 1212 4395 πυλώνων
1262 4343 1613 4412 τεταγμένων
1644 4342 1747 4411 τὴν

1856 3149 2012 3203 alteri
2043 3148 2348 3217 praeferam.
2377 3147 2679 3202 Plurimum
2735 3164 2866 3203 sane
2896 3150 3041 3203 illius
3098 3152 3154 3205 in
3185 3152 3416 3206 dicendo

1855 3240 2185 3301 libertatem,
2221 3238 2381 3309 hujus
2429 3248 2611 3292 autem
2664 3240 2717 3293 in
2752 3245 2918 3293 rebus
2952 3242 3151 3295 divtnis
3183 3243 3415 3311 religio-

1855 3346 2013 3384 nem:
2046 3338 2102 3383 et
2151 3331 2279 3400 item
2313 3330 2461 3384 illius
2508 3330 2782 3388 ardorem.
2825 3332 2989 3402 hujus
3044 3336 3315 3388 sinceram
3357 3337 3412 3397 in

1858 3422 2025 3473 Deum
2062 3421 2219 3475 [idem
2239 3420 2503 3475 admiror.
2537 3421 2709 3488 Leges
2738 3438 2833 3475 eas
2859 3439 2997 3491 quas
3022 3425 3088 3476 ab
3122 3426 3412 3481 Ambrosio

1854 3513 2135 3576 didicerat,
2156 3514 2319 3566 etiam
2347 3512 2874 3580 Constantinopolim
2908 3529 3163 3568 reversus
3181 3517 3413 3585 diligen-

1856 3616 1941 3659 ter
1974 3608 2228 3660 servavit.
2262 3607 2398 3658 Cum
2433 3606 2575 3659 enim
2627 3616 2684 3659 et
2720 3607 2793 3659 ibi
2845 3607 2934 3660 die
2985 3608 3125 3661 festo
3167 3610 3410 3665 divinam

1856 3699 2130 3767 ingressus
2162 3697 2355 3760 aedem,
2385 3697 2591 3751 donum
2618 3713 2776 3750 suum
2814 3698 3052 3768 mystica:
3106 3716 3306 3758 mensa:
3334 3704 3415 3757 iu-

1853 3790 2041 3851 ferret,
2072 3789 2253 3841 statim
2286 3789 2634 3842 retrocedens
2677 3789 2804 3842 inde
2829 3791 2983 3845 exiit.
3016 3792 3282 3861 EpiSCopo
3310 3812 3413 3848 auo

1855 3888 1961 3933 tem
1996 3877 2303 3945 (Nectarius
2325 3879 2371 3930 is
2402 3886 2513 3929 tum
2529 3882 2664 3942 erat)
2694 3878 2892 3933 factum
2926 3880 2976 3932 id
3007 3897 3147 3951 ρει-ε
3176 3882 3410 3949 ferente,

1852 3981 1905 4023 et
1936 3985 2173 4039 quanam
2202 3968 2270 4023 de
2314 3985 2476 4023 causa
2500 3987 2567 4025 ex
2596 3972 2836 4025 sacrario
2861 3972 3041 4028 abiret
3074 3976 3410 4041 inquirente,

1852 4075 1977 4115 cum
2033 4061 2266 4129 quadam
2303 4061 2549 4116 molestia
2582 4080 2594 4115 :
2638 4079 2654 4111 ι
2694 4063 2792 4118 Vix
2841 4064 3134 4134 aliquando
3168 4069 3407 4131 tandem.

1853 4151 2049 4222 inquit,
2086 4153 2229 4222 quod
2262 4152 2558 4207 discrimen
2598 4154 2669 4209 sit
2723 4156 2867 4210 inter
2917 4158 3302 4227 imperatorem
3353 4175 3410 4217 et

1853 4257 2133 4296 sacrorum
2184 4244 2481 4298 antistitem
2511 4246 2762 4315 cognovi.
2807 4246 2906 4301 Vix
2939 4250 3184 4304 veritatis
3215 4255 3408 4307 docto-

1852 4350 1965 4389 rem
2001 4335 2204 4389 inveni.
2239 4336 2415 4391 Uunm
2450 4352 2703 4405 namque,
2734 4338 2827 4406 qui
2861 4353 2959 4406 pro
3015 4340 3280 4409 dignitate
3312 4361 3408 4398 sua

158 4437 487 4505 παρουσίαν
506 4433 603 4485 τοῦ
629 4433 930 4483 ἐπισκόπου
957 4432 1217 4499 ἐμήνυσε,
1240 4432 1313 4498 μὴ
1342 4430 1560 4481 εὐθέτου
1584 4428 1745 4498 δῆθεν

1851 4426 2385 4494 episcopalinmnine
2405 4437 2552 4480 recte
2571 4440 2776 4492 utatur,
2798 4430 3143 4484 Ambrosium
3175 4438 3370 4503 reperi.
3387 4458 3405 4487 ι

159 4532 331 4590 ὖντος
390 4522 606 4594 καιροῦ.
672 4523 731 4574 Ὀ
755 4521 800 4573 δ’
832 4520 1108 4589 ὑπεχώρει
1158 4522 1260 4588 μὲν
1320 4520 1566 4573 ἐκεῖθενο
1615 4521 1749 4589 πρὸς

156 4616 219 4665 δὲ
247 4616 326 4683 τῇ
362 4612 511 4680 πύλῃ
531 4603 873 4681 γενόμενοςῇ
902 4611 1026 4668 τοὺς
1053 4607 1222 4676 θῆρας
1252 4609 1496 4677 εἰσῆγον,
1522 4608 1748 4670 καὶτοῖς

157 4701 515 4771 κυνηγέταις
554 4700 746 4751 ἑαυτὸν
802 4699 1149 4765 παραμίξας,
1204 4697 1381 4749 λαθὼν
1415 4698 1609 4769 εἰσῄει.
1642 4700 1750 4750 Καὶ

154 4796 224 4846 οὗ
263 4793 548 4862 πρότερον
596 4789 805 4841 ἐκεῖθεν
855 4788 1067 4856 ἐξῆλθε,
1102 4788 1273 4839 πολλὰ
1303 4789 1604 4857 Γρατιανοῦ
1653 4790 1750 4842 καὶ

154 4885 277 4936 τῶν
306 4887 446 4951 περὶ
480 4884 686 4933 ἐκεῖνον
710 4879 1163 4943 ἀντιϐολούντων,
1196 4878 1301 4939 ἕως
1330 4880 1429 4949 τὴν
1459 4880 1558 4946 τῆς
1585 4897 1750 4933 κατα-

149 4978 335 5043 δίκης
398 4973 579 5041 ψῆφον
630 4971 936 5040 τάνθρώπῳ
962 4970 1238 5039 διέρρηξε,
1294 4972 1383 5023 καὶ
1417 4970 1587 5039 ἄλλην
1625 4971 1749 5040 ἐξή-

153 5082 368 5135 νεγκε,
402 5063 796 5133 συγχωροῦσαν
842 5064 904 5114 τὸ
932 5062 1185 5130 ἔγκλημα
1217 5064 1291 5130 τῷ
1327 5064 1581 5129 ἀγομένῳ
1612 5063 1747 5128 πρὸς

148 5158 436 5209 θάνατον.
468 5154 642 5221 Εἰπερ
662 5168 742 5213 τις
773 5151 829 5203 δὲ
854 5153 983 5219 περὶ
1006 5151 1105 5219 τὴν
1134 5152 1380 5219 φυλακὴν
1418 5152 1524 5201 τῶν
1553 5152 1748 5219 ἐκκλη-

150 5245 481 5300 σιαστικῶν
507 5245 690 5311 νόμων
714 5243 1000 5303 σπουδαῖος
1029 5243 1169 5309 ἄγαν
1202 5244 1416 5307 ἐγένετο
1446 5244 1472 5293 6
1514 5244 1566 5293 Ἀ
1579 5243 1747 5310 p.696-

147 5357 312 5402 σιος,
354 5336 700 5405 καταστῆσαί
754 5352 814 5388 τε
869 5337 1017 5396 τοὺς.
1049 5336 1107 5386 ὲν
1160 5334 1344 5403 κύκλῳ
1397 5336 1491 5387 καὶ
1533 5334 1747 5403 παιδείᾳ

147 5434 347 5485 θείων
394 5431 575 5499 νόμων
610 5430 915 5494 ὑπαγαγεῖν
963 5427 1301 5491 δεξιώτατος.
1332 5428 1474 5497 Πλὴν
1504 5429 1564 5480 ἐκ
1600 5428 1743 5481 πάνυ

140 5520 395 5574 πολλῶν
425 5520 526 5572 ὅσα
559 5518 917 5589 κατορθώσας
965 5517 1145 5586 ὤφθη,
1179 5518 1372 5570 τοσάδε
1429 5536 1519 5587 μοι
1553 5519 1742 5572 ἐνθάδε

134 5611 441 5684 είρήσθω.
489 5611 673 5665 Ἱκανὰ
701 5612 808 5680 γὰρ
839 5611 1033 5676 δεῖξαι,
1064 5614 1194 5681 ὅσης
1221 5612 1476 5681 ηὐμοίρει
1506 5611 1593 5664 διὰ
1644 5610 1744 5680 τὴν

1852 4518 2125 4583 Quantum
2163 4518 2569 4573 commoditatis
2621 4522 2948 4591 olijurgatio,
3006 4524 3295 4579 aﬂ‘ectione
3335 4534 3413 4580 vi-

1854 4609 1989 4661 tiosa
2048 4622 2265 4672 carens,
2348 4610 2391 4662 si
2448 4610 2502 4662 in
2576 4621 2818 4680 tempore
2878 4627 2907 4665 a
2966 4614 3084 4666 viro
3153 4628 3409 4683 spectata:

1853 4698 2077 4750 virtutis
2102 4709 2157 4752 et
2183 4699 2407 4768 justitim
2455 4699 2801 4763 adhibeatur,
2833 4700 3098 4755 indicans.
3133 4705 3409 4761 Ambrosii

1851 4791 2013 4860 hujus
2045 4792 2211 4843 multa
2249 4805 2465 4858 quoque
2498 4791 2601 4842 alia
2639 4799 2767 4843 sunt
2802 4801 2951 4845 recte
3004 4792 3166 4857 facta,
3195 4797 3411 4862 episco-

1849 4882 1956 4950 pali
1993 4880 2180 4932 virtuti
2200 4881 2607 4944 convenientia,
2630 4896 2751 4948 quaa
2787 4882 2892 4935 loci
2918 4886 3036 4952 ejus
3059 4885 3255 4939 incolis
3281 4898 3407 4940 nota

1847 4988 1969 5025 csse
1992 4988 2089 5039 par
2118 4982 2200 5025 est
2231 4971 2416 5039 322.
2448 4971 2560 5037 Ego
2588 4982 2767 5027 autem
2801 4989 2970 5027 unum
3003 4992 3219 5045 quoque
3250 4977 3404 5036 illml,

1848 5064 1992 5131 quod
2011 5064 2075 5115 de
2107 5078 2172 5115 eo
2198 5063 2403 5125 audivi,
2436 5064 2696 5115 memoria
2727 5066 2974 5133 dignum,
3012 5068 3253 5122 historia:
3279 5070 3406 5122 huic

1850 5157 2106 5208 inseram.
2168 5156 2245 5207 Ex
2313 5155 2719 5224 magistratibus
2777 5158 3023 5225 quidam,
3096 5160 3404 5215 Graecorum

1847 5246 2222 5314 superstitioni
2241 5247 2509 5305 addictus.
2528 5247 2912 5318 imperatorem
2934 5251 3250 5307 Gratianum
3279 5268 3406 5306 con-

1853 5338 1998 5390 vicio
2022 5338 2380 5409 prosciderat,
2417 5355 2656 5409 etuuque
2688 5358 2714 5393 a
2740 5353 2893 5410 patre
2923 5359 3023 5397 suo
3046 5344 3406 5409 degenerasse

1845 5429 2074 5481 dixerat.
2110 5430 2228 5495 Quo
2271 5430 2490 5484 nomine
2540 5447 2663 5484 cum
2697 5444 2981 5486 accusatus
3010 5449 3038 5485 a
3075 5433 3404 5502 quibusdam

1846 5522 2057 5587 fuisset,
2095 5523 2287 5591 capitis
2310 5523 2602 5578 damnatus
2631 5535 2733 5580 est.
2767 5525 2958 5596 Etjam
2987 5527 3076 5581 ille
3099 5528 3163 5580 ad
3196 5528 3406 5597 suppli-

1845 5614 1987 5667 cium
2017 5615 2139 5670 duci
2172 5616 2424 5677 debebat,
2463 5633 2584 5671 cum
2614 5617 2936 5674 Ambrosius
2971 5635 3067 5689 pro
3120 5637 3184 5671 co
3211 5622 3431 5690 ili-pre-'
