3936 6206
657 271 759 333 899

1871 252 2290 313 NlCEPHORl
2333 249 2678 309 CALLISTI
3684 258 3745 320 9m

657 386 907 445 ca'turus,
975 380 1030 433 in
1066 376 1270 446 regiam
1321 388 1378 427 se
1408 369 1693 427 celeritate
1747 384 1937 437 magna
1991 367 2223 421 confert.

2336 363 2555 415 ἐνοῦσαν
2580 358 2777 430 ἀρετὴν
2806 359 3114 427 παρρησίας
3147 356 3202 410 ἓν
3223 374 3277 410 τε
3305 356 3412 428 Θεῷ
3444 360 3524 413 καὶ
3546 364 3632 426 τοῖς
3654 381 3748 434 τηνι-

656 470 873 525 Aceidit
904 478 1039 533 tum,
1075 474 1133 520 ut
1157 461 1528 518 venerationis
1587 458 1899 528 spectaculo
1932 457 2225 512 Gratianus

2334 455 2509 509 καῦτα
2549 453 2837 523 Ῥωμαίων
2873 452 3149 518 ἄρχουσιν.

656 581 878 635 operam
909 565 1083 626 daret,
1134 575 1240 629 qua
1267 576 1324 612 se
1362 556 1581 611 laxandi
1613 554 1778 609 animi
1819 554 1992 623 gratia
2028 551 2306 621 principes
2366 549 2642 603 oblectare
2705 547 2887 600 solent
2940 559 2955 598 :
2986 560 3162 615 neque
3248 546 3509 613 quisquam
3545 561 3597 599 ex
3616 547 3675 600 eis
3691 551 3746 617 qui

656 661 725 715 ad
782 658 1038 714 vestibuli
1090 655 1398 710 custodiam
1431 652 1685 723 dispositi
1736 658 1917 712 erant,
1971 648 2213 717 episcopi
2258 643 2637 715 praesentiam,
2678 639 2827 710 quod
2862 640 2984 709 ejus
3010 640 3089 694 rei
3132 649 3241 694 tum
3267 646 3588 707 opportunum
3610 650 3747 709 tempus

657 769 767 807 non
792 761 957 815 esset,
982 747 1300 818 imperatori
1342 743 1629 798 indicaret.
1655 744 1723 794 At
1750 738 2074 792 Ambrosius
2096 735 2224 787 inde
2262 732 2573 797 discedens,
2634 731 2702 784 ad
2762 731 2910 783 fores
2942 742 3035 781 eas
3099 727 3362 796 pervenit,
3420 743 3506 797 per
3529 744 3634 796 quas
3662 732 3748 785 iens

657 843 1025 899 inducebant:
1058 849 1112 895 et
1136 836 1492 893 venatoribus
1519 835 1733 895 mistus,
1790 830 1862 883 ita
1897 839 1953 882 ut
2004 830 2370 898 ignoraretur,
2440 825 2722 892 ingressus
2778 828 2884 873 est.
2950 819 3135 889 Neque
3162 820 3283 874 inde
3314 820 3452 888 prius
3491 829 3746 887 estegressus.

657 934 826 988 multa
856 931 1173 986 Gratianum
1204 940 1260 984 et
1284 943 1381 981 eos
1414 924 1509 994 qui
1537 940 1659 977 cum
1706 938 1769 976 eo
1834 929 2012 983 erant,
2082 930 2334 989 precatus
2359 959 2373 982 ,
2434 932 2597 985 quam
2657 915 2749 968 ille
2783 911 3247 970 condemnationis
3274 914 3514 965 sententia
3538 916 3589 964 de
3609 913 3746 967 hom'me

655 1025 961 1079 eoinducta
989 1025 1151 1078 aliam
1175 1021 1363 1081 ferret,
1391 1034 1511 1088 qua:
1538 1017 1690 1071 illum
1711 1014 1939 1069 crimine
2010 1012 2340 1072 absolveret.
2402 1009 2497 1079 qui
2554 1009 2666 1079 jam
2719 1007 2788 1060 ad
2844 1016 3074 1061 mortem
3139 1014 3427 1073 raperetur.
3471 1004 3639 1058 Nemini
3676 1024 3746 1059 veni

656 1118 979 1172 Ambrosius
1036 1113 1422 1169 ecclesiasticis
1478 1105 1964 1162 constitutionibus
2019 1120 2213 1171 magno
2290 1102 2475 1157 studio
2515 1109 2572 1155 et
2625 1116 2758 1155 cura
2818 1098 3103 1154 servandis
3139 1097 3336 1161 cessit;
3392 1097 3521 1152 clero
3567 1110 3697 1151 autem
3718 1102 3745 1152 in

656 1213 836 1267 oliicio
866 1208 1223 1270 continendo,
1293 1216 1350 1259 et
1381 1202 1689 1256 divitiarum
1751 1199 1930 1267 legum
2007 1195 2293 1264 disciplina
2338 1193 2659 1259 imbuenda,
2711 1191 3065 1246 felicissimus
3107 1190 3228 1244 fuit.
3273 1190 3348 1244 Ex
3407 1189 3614 1258 plurimis
3660 1207 3746 1247 rem.
3835 1220 3837 1289 4

657 1322 780 1375 quae
808 1305 899 1357 ille
931 1311 1076 1356 recte
1098 1299 1286 1370 gessit,
1328 1295 1511 1357 rebus,
1546 1308 1717 1363 pauca
1751 1291 1865 1345 haec
1914 1302 2373 1344 commemorasse
2437 1289 2570 1344 satis
2607 1296 2710 1341 est.
2783 1285 3012 1340 Abunde
3074 1287 3220 1339 enim
3272 1284 3519 1338 declarare
3561 1286 3644 1338 hzec
3677 1303 3748 1353 ph-

657 1406 809 1460 sunt,
849 1404 1050 1464 quanta
1082 1399 1305 1460 propter
1353 1388 1570 1440 insitam
1637 1384 1743 1437 sibi
1782 1385 2062 1443 virtutem,
2094 1395 2218 1433 cum
2259 1379 2590 1435 dexteritate
2648 1378 2906 1449 quadam,
2970 1378 3025 1432 in
3057 1376 3259 1432 divinis
3284 1376 3512 1446 negotiis,
3567 1389 3651 1433 tum
3669 1381 3748 1449 apud

664 1487 944 1560 principes
959 1485 1236 1539 Romanos
1270 1494 1403 1534 usus
1434 1479 1505 1532 sit
1532 1477 1806 1531 libertate.

1124 1620 1285 1692 323
1324 1615 1552 1673 CAPUT
1591 1613 1755 1669 XLII.

660 1745 739 1799 De
772 1745 966 1814 pietate
991 1745 1041 1792 et
1068 1740 1261 1791 uirtute
1291 1729 1533 1810 Placilla;
1551 1767 1567 1791 ,
1592 1726 1925 1796 imperatoris
1953 1721 2225 1777 Theodosii

922 1878 929 1883 _
1324 1816 1581 1869 conjugis.

731 1920 1078 1979 Theodosius
1128 1918 1422 1984 imperator
1468 1910 1767 1981 plurimum
1819 1907 2038 1977 quidem
2094 1905 2225 1960 Am-

663 2016 835 2071 brosii
868 2012 1121 2067 doctrina
1154 2016 1209 2062 et
1242 2001 1733 2060 constitutionibus
1768 2008 1852 2054 est
1897 1998 2223 2053 delectatus.

662 2109 781 2163 Non
813 2120 1004 2175 parum
1036 2115 1168 2155 vero
1202 2096 1510 2152 occasionis
1538 2092 1880 2148 ctutilitatis
1910 2091 1983 2153 ei,
2016 2089 2082 2142 ad
2115 2091 2229 2158 pie-

665 2212 832 2255 tatem
864 2196 1077 2251 scilicet
1107 2194 1295 2254 etiam,
1328 2188 1512 2242 attulit
1539 2187 1659 2257 ejus
1706 2184 1923 2249 coniux.
1973 2181 2227 2247 Quotidie

664 2306 903 2360 namque
941 2288 1020 2343 illi
1058 2285 1273 2340 divinas
1316 2282 1488 2350 leges,
1518 2277 1721 2349 quibus
1760 2277 1874 2345 ipsa
1900 2287 2058 2328 antea
2094 2289 2225 2327 eru-

664 2386 781 2439 dita
820 2384 1021 2442 fuerat,
1045 2377 1102 2431 in
1131 2373 1453 2429 memoriam
1489 2368 1788 2424 revocavit.
1813 2365 1933 2420 Non
1963 2365 2107 2418 enim
2137 2362 2225 2416 illa

665 2490 722 2531 sc
774 2471 1047 2543 imperiali
1097 2464 1363 2522 ellerebat
1414 2461 1681 2532 potentia,
1726 2457 1819 2511 sed
1859 2458 2042 2525 potius
2079 2468 2227 2507 amo.

667 2581 782 2620 rem
820 2577 949 2631 erga
974 2562 1147 2614 Deum
1181 2554 1398 2623 sibiipsi
1424 2550 1593 2607 veluti
1644 2549 1959 2602 thesaurum
2002 2559 2229 2597 conser-

664 2657 848 2709 vabat.
880 2654 1097 2718 Quanto
1125 2661 1362 2714 namque
1394 2642 1482 2695 illa
1521 2641 1727 2710 majora
1755 2637 1823 2691 ab
1864 2652 1930 2690 co
1961 2634 2227 2690 beneﬁcia

665 2751 975 2813 acceperat,
1004 2747 1156 2793 tanto
1189 2736 1357 2790 etiam
1401 2730 1649 2802 quotidie
1679 2728 2005 2782 charitatcm
2040 2726 2095 2778 iu
2127 2725 2228 2779 be-

665 2837 1000 2891 nefactorem
1031 2845 1190 2886 suum
1233 2824 1542 2893 adaugebat
1592 2821 1784 2889 magis.
1812 2818 2001 2887 Itaque
2035 2833 2227 2872 eorum

668 2930 765 2998 qui
799 2925 966 2981 variis
996 2921 1382 2978 detinerentur
1408 2912 1639 2978 morbis,
1665 2922 1723 2966 et
1759 2910 2020 2965 membris
2055 2908 2228 2979 parti-

671 3022 883 3087 busque
933 3011 1188 3082 corporis
1234 3006 1473 3062 mutilati
1514 3014 1738 3064 essent,
1788 3002 1966 3055 omnis
2012 2998 2231 3069 generis

669 3125 860 3167 curam
892 3105 1081 3176 gessit,
1113 3103 1229 3172 ipsa
1266 3115 1365 3170 per
1389 3098 1626 3167 seipsam
1677 3097 1733 3148 in
1769 3094 1935 3148 rebus
1973 3091 2231 3146 omnibus

667 3199 752 3253 eis
797 3195 1123 3250 inserviens.
1162 3190 1221 3245 lu
1251 3190 1467 3242 illorum
1509 3185 1657 3240 enim
1688 3183 1965 3237 domicilia
1995 3180 2232 3235 ventita-

669 3292 785 3356 bat,
815 3301 873 3345 et
917 3302 1024 3356 qua
1051 3283 1287 3354 quisque
1323 3278 1594 3348 indigeret
1653 3291 1731 3339 re,
1759 3290 1879 3330 eam
1918 3275 1997 3328 illi
2030 3288 2231 3343 suppe-

668 3381 900 3437 ditabat.
928 3379 993 3432 Et
1018 3376 1377 3433 ecclesiarum
1430 3369 1728 3438 hospitales
1756 3367 1951 3421 domos
1994 3366 2234 3420 circum—

669 3476 811 3539 iens,
856 3485 954 3527 eos
1007 3468 1103 3538 qui
1153 3463 1416 3535 gravibus
1448 3460 1658 3514 morbis
1690 3459 1833 3513 lecto
1872 3455 2013 3510 σαὶιί
2049 3464 2229 3518 erant,

668 3566 904 3622 curavit.
926 3561 1045 3615 Non
1072 3558 1219 3613 enim
1252 3565 1461 3609 tantum
1490 3553 1714 3607 illorum
1747 3546 2230 3618 attingebatollas,

667 3670 725 3714 et
771 3654 991 3726 juscula
1027 3647 1308 3706 delibabat
1340 3663 1356 3700 :
1393 3644 1488 3700 sed
1521 3653 1577 3699 et
1616 3641 1847 3712 patellas
1879 3638 2231 3704 admovebat,

670 3764 867 3821 panem
927 3741 1261 3814 apponebat,
1308 3738 1560 3794 ciborum
1600 3734 1772 3789 frusta
1804 3731 2096 3797 aﬂ'erebat,
2132 3745 2231 3799 po—

668 3841 789 3895 cula
830 3835 1070 3898 elucbat,
1108 3832 1321 3899 aliaque
1367 3829 1554 3883 omnia
1601 3832 1852 3894 prompte
1897 3831 1954 3878 et
1995 3822 2233 3876 feliciter

668 3928 880 3990 obibat,
921 3939 1043 3992 qua:
1072 3933 1355 3975 servarum
1403 3923 1459 3970 et
1489 3914 1817 3968 ancillarum
1871 3918 2000 3965 sunt
2031 3908 2228 3964 ollicia.

666 4023 748 4076 Ad
785 4035 879 4073 ros
913 4033 1043 4071 vero
1078 4013 1172 4083 qui
1222 4010 1590 4065 ministerium
1634 4004 1950 4076 cjus,quod
1983 4019 2080 4072 per
2119 4018 2233 4055 ma-

668 4128 775 4167 nus
830 4112 945 4179 ipsa
997 4123 1127 4162 suas
1180 4103 1499 4173 peragebat.
1560 4098 1814 4154 inhibere
1863 4095 2229 4156 conabantur,

670 4205 859 4258 dicere
890 4200 1051 4255 solita
1081 4205 1198 4251 erat
1234 4213 1248 4250 :
1280 4212 1299 4246 ι
1339 4191 1575 4264 Imperio
1603 4190 1831 4261 quidem
1862 4186 2143 4252 convenit,
2171 4193 2232 4238 ut

2910 1605 3159 1659 ΚΕΦΔΛ.
3190 1606 3318 1660 MB’.

2328 1719 2466 1785 Περὶ
2497 1718 2608 1785 τῆς
2642 1718 2953 1783 εὐσεϐείας
2984 1717 3087 1770 καί
3115 1715 3325 1785 ἀρετῆς
3368 1718 3654 1781 Πλακίλλης
3690 1717 3751 1783 τῆς

2390 1788 2736 1854 βασιλίδος,
2768 1787 3030 1856 γαμετῆς
3054 1786 3373 1840 Θεοδοσίου
3393 1786 3487 1840 τοῦ
3503 1787 3731 1850 ,ϐασιλέι-ις.

2411 1900 2472 1956 ’0
2502 1901 2558 1955 δὲ
2607 1900 2860 1970 βασιλεὺς
2916 1899 3206 1961 Θεοδόσιος
3262 1899 3472 1951 πλεῖστα
3502 1899 3666 1967 ὲνήδετο
3683 1902 3749 1961 ταῖς

2341 1994 2666 2064 Ἀμὸροσίου
2708 1993 2977 2054 παιδείαις
3004 2009 3065 2045 τε
3094 1996 3191 2045 καὶ
3226 1992 3553 2060 νομοθεσίαις.
3582 1992 3663 2061 Οὐχ
3680 1993 3750 2061 ἤκι-

2329 2102 2433 2138 στα
2457 2084 2513 2137 δὲ
2559 2084 2654 2138 καὶ
2696 2086 2729 2153 ή
2754 2084 2862 2135 τῶν
2892 2085 3078 2137 αὐτῶν
3131 2084 3279 2154 αὑτῷ
3326 2082 3607 2136 κοινωνοῦσα
3627 2084 3750 2151 γάμων

2327 2175 2595 2243 ὠφελείας
2650 2176 2711 2228 οὒ
2782 2178 3024 2245 σμικρᾶς
3084 2175 3338 2238 ὑπόθεσις
3385 2176 3551 2245 ἐκείνῳ
3591 2177 3749 2242 ἐγένετο·

2326 2267 2597 2336 ὁσημέραι
2626 2267 2733 2336 γὰρ
2763 2267 2872 2319 τῶν
2903 2267 3067 2319 θείων
3095 2268 3274 2336 νόμων
3302 2267 3451 2320 αὐτὸν
3471 2267 3753 2334 ἀνεμίμνῃσκε.

2328 2360 2509 2424 καλῶς
2556 2362 2692 2432 αὑτὴ
2741 2364 3006 2433 πρότερον
3053 2361 3272 2424 τούτοις
3313 2361 3684 2415 ὲκπαιδευθεῖσι·
3721 2358 3759 2408 οὗ

2328 2450 2438 2517 γὰρ
2468 2452 2532 2521 τῇ
2567 2449 2817 2520 βασιλικῇ
2851 2450 3147 2522 δυναστείᾳ
3180 2450 3416 2520 ἐπῆρτο·
3447 2448 3562 2503 ἀλλὰ
3580 2448 3647 2500 τὸν
3672 2446 3762 2499 θεῖον

2330 2543 2496 2595 πόθον
2529 2541 2730 2612 μᾶλλον
2759 2544 2928 2613 ἑαυτῇ
2980 2543 3360 2613 ὲθησαύριζεν.
3395 2542 3526 2610 Ὅσῳ
3558 2540 3766 2608 γὰρεὺηξ-

2328 2633 2525 2703 γέτητο
2560 2633 2802 2702 μείζονα,
2840 2632 3099 2688 τοσοῦτον
3129 2635 3224 2687 καὶ
3269 2634 3329 2687 τὸ
3358 2633 3552 2702 φίλτρον
3588 2632 3681 2699 περὶ
3710 2630 3765 2680 τὸν

2332 2722 2626 2793 εὐεργέτην
2650 2722 2850 2793 ηὔξανε
2902 2724 3275 2793 καθεκάστην.
3310 2725 3411 2778 Καὶ
3436 2723 3587 2776 τοίνυν
3609 2721 3687 2774 τῶν
3715 2722 3769 2769 νέ-

2334 2808 2447 2877 ἆοις
2501 2816 2787 2878 παντοίαις
2824 2817 3221 2887 πεπεδημένων
3254 2818 3344 2871 καὶ
3386 2815 3700 2884 λελωόημένων
3727 2817 3769 2862 τὰ

2332 2906 2471 2976 μέλη
2519 2906 2723 2977 πολλὴν
2777 2909 2872 2961 καὶ
2917 2909 3270 2981 παντοδαπὴν
3318 2911 3537 2963 ἐποιεῖτο
3577 2907 3769 2980 φροντίδι.

2333 3000 2470 3066 αὐτὴ
2510 3000 2578 3054 τὰ
2616 3001 2795 3055 πάντα
2851 3002 3323 3074 καθυπουργοῦσα
3367 3002 3428 3056 δι’
3463 3003 3640 3069 ἑαυτῆς.
3672 3001 3772 3065 ’Δφιο

2332 3094 2513 3145 κνεῖτο
2542 3092 2674 3162 γὰρ,
2697 3093 2793 3146 καὶ
2819 3096 2942 3157 ταῖς
2974 3095 3214 3149 ἐκείνων
3269 3098 3581 3164 καταγωγαῖς
3609 3088 3670 3156 οἷς
3690 3094 3773 3144 Exa-

2333 3197 2458 3245 στος
2490 3178 2604 3253 εἶχε
2655 3184 2845 3253 χρείαν
2898 3187 3223 3254 πορίζουσα,
3268 3187 3499 3248 καὶτοὺς
3534 3184 3620 3236 τῶν
3645 3180 3772 3246 ὶκιὶηο

2336 3275 2470 3329 σιῶν
2503 3272 2744 3342 ξενῶνας
2783 3277 3101 3348 περιιοῦσα,
3157 3281 3269 3344 τοῖς
3316 3278 3498 3341 δεινοῖς
3536 3277 3613 3329 ἐπὶ
3643 3271 3774 3328 ιλινῦν

2335 3367 2774 3437 συνεσχημένους
2807 3372 3113 3438 νοσήμασιν
3144 3370 3484 3441 ἐθεράπευεν.
3512 3368 3575 3422 Οὐ
3615 3368 3692 3436 γὰρ
3714 3366 3773 3433 μό-

2333 3473 2423 3510 νον
2456 3458 2560 3526 τῆς
2588 3458 2816 3513 ἐκείνων
2881 3459 3092 3530 ἥπτετο
3134 3460 3339 3532 χύτρας
3368 3463 3452 3513 καὶ
3490 3456 3641 3528 ζωμοῦ
3666 3469 3773 3528 ταρι-

2333 3548 2528 3617 γεύετο
2552 3588 2568 3614 ,
2617 3540 2781 3603 ἀλλΐ
2815 3552 2913 3603 καὶ
2964 3551 3224 3620 τρυϐλίον
3270 3552 3519 3622 προσῆγε,
3564 3550 3638 3602 καὶ
3672 3548 3772 3614 ἄρεω

2333 3640 2522 3703 ἐτίθει,
2557 3640 2653 3695 καὶ
2685 3640 2877 3712 ψωμὸν
2926 3644 3201 3714 προσῆγε,
3255 3647 3345 3699 καὶ
3375 3641 3569 3708 ἀπένιζι
3617 3642 3771 3695 κύλικα’

2334 3736 2427 3787 καὶ
2454 3734 2622 3789 τᾶλλα
2649 3736 2830 3789 πάντα
2856 3735 3049 3803 δεξιῶς
3080 3737 3348 3809 ἔπραττεν
3376 3740 3468 3791 ὅσα
3501 3738 3614 3809 ἔργα
3642 3732 3771 3788 δούλων

2333 3828 2430 3880 καὶ
2484 3827 2890 3897 θεραπαινίδων
2942 3828 3073 3884 εἰσί.
3112 3831 3224 3884 Καὶ
3268 3832 3375 3895 τοῖς
3409 3831 3499 3901 τὴν
3542 3826 3770 3896 αὐτουργίαν

2334 3921 2554 3991 ἐπέχειν
2591 3922 2954 3991 πειρωμένοις
2983 3924 3285 3994 ἐπέφερεν,
3316 3926 3389 3987 ὡς
3420 3943 3437 3975 ι
3469 3920 3630 3992 Χρεὼν
3653 3919 3771 3989 phil

2336 4011 2588 4082 βασιλείᾳ
2614 4012 2817 4083 χρυσὸν
2864 4014 3148 4085 διανέμειν
3170 4033 3184 4047 ·
3216 4016 3328 4084 ἐγὼ
3377 4016 3430 4070 δὲ
3461 4018 3546 4087 τὴν
3566 4015 3620 4068 δι’
3651 4015 3772 4078 ἑαυτῆς

2337 4103 2641 4172 ὑπουργίαν
2663 4105 2803 4176 ὑπὲρ
2824 4106 2994 4176 αὐτῆς
3017 4124 3082 4173 γε
3110 4108 3212 4177 τῆς
3242 4110 3508 4180 βασιλείας
3527 4108 3591 4177 τῷ
3609 4101 3772 4161 καθάπαξ

2335 4193 2589 4248 δεδωκότι
2631 4197 2951 4266 προσφέρω.
2987 4216 3007 4250 ι
3040 4198 3132 4269 Τῷ
3168 4217 3232 4268 γε
3282 4203 3385 4272 μὴν
3409 4199 3550 4271 ἀνδρὶ
3574 4193 3771 4252 10:65le-
3836 4204 3837 4241 ξ

669 4306 869 4348 aurum
927 4290 982 4344 id
1036 4287 1332 4358 largiatur;
1366 4300 1466 4354 ego
1507 4298 1637 4337 vero
1668 4295 1929 4336 uianuum
1982 4291 2229 4333 mearum

2336 4302 2456 4353 γειν
2503 4285 2691 4362 είῴθει
2743 4290 3006 4351 πυκνῶς·
3055 4308 3076 4342 ι
3137 4293 3251 4344 ‘Aet
3301 4309 3360 4345 σε
3409 4293 3527 4362 χρὴ,
3574 4290 3771 4358 γλυκὺατε
3836 4324 3837 4329 η

669 4399 812 4454 opus
847 4398 948 4451 pro
982 4381 1215 4450 imperio
1253 4378 1396 4446 ipso,
1438 4376 1490 4430 ei
1540 4376 1634 4443 qui
1682 4374 1737 4428 id
1773 4372 1941 4426 semel
1973 4369 2231 4430 contulit.

669 4478 864 4531 θῆρε-ο.
898 4493 917 4527 ι
951 4471 1083 4528 Viro
1129 4480 1314 4525 autem
1365 4482 1470 4521 suo
1516 4466 1643 4520 talia
1693 4465 1861 4519 verba
1908 4464 2233 4532 frequenter

671 4568 998 4641 subjiciebat
1043 4583 1059 4621 :
1126 4583 1144 4616 ι
1198 4560 1563 4618 Considerare
1619 4565 1671 4611 te
1726 4570 1967 4624 semper,
2033 4554 2235 4625 conjux

669 4662 1018 4722 suavissime,
1052 4664 1293 4727 oportet,
1321 4663 1378 4708 et
1398 4651 1650 4722 quisnam
1677 4657 1837 4703 antea
1866 4647 2060 4711 fueris,
2091 4658 2147 4702 et
2173 4646 2233 4701 in

669 4767 831 4810 quem
868 4753 1053 4806 locum
1088 4757 1141 4802 te
1172 4745 1422 4802 evexerit
1452 4738 1832 4797 universitatis
1860 4740 2024 4810 hujus
2062 4739 2232 4794 Deus.

667 4844 724 4899 Si
751 4844 898 4898 enim
930 4851 1252 4911 perpetuam
1281 4837 1403 4907 ejus
1435 4835 1511 4889 rei
1543 4831 1854 4887 obtinueris
1885 4830 2229 4895 memoriam,

670 4953 778 4989 non
816 4948 1042 5003 prorsus
1080 4941 1132 4985 te
1161 4931 1234 4984 ob
1279 4937 1502 4997 accepta
1541 4924 1806 4979 bcnelicia
1832 4938 1963 4992 erga
1997 4937 2120 4976 eum
2150 4922 2235 4975 in-

666 5036 882 5096 gratum
929 5022 1252 5092 praestabis:
1287 5020 1387 5074 sed
1431 5034 1497 5073 ex
1530 5017 1849 5086 przcscripto
1898 5016 2073 5085 legum
2109 5012 2226 5078 Dei,

671 5120 819 5186 quod
846 5119 915 5171 ab
939 5132 1004 5169 eo
1034 5114 1321 5184 accepisti,
1343 5113 1679 5183 gubernahis
1703 5109 1989 5177 imperium
2027 5122 2040 5158 :
2069 5114 2126 5158 et
2156 5104 2229 5158 ita

2337 4379 2489 4451 ἆνερ,
2517 4378 2852 4448 λογίζεσθαι,
2881 4383 2935 4435 τί
2959 4383 3356 4454 μέν’πρότερον
3377 4380 3537 4455 ἦσθα,
3565 4380 3645 4435 ποῦ
3667 4373 3770 4431 “vi?
3836 4368 3837 4419 ἕ

2339 4486 2399 4522 σε
2432 4471 2771 4542 κατέστησεν
2798 4474 2825 4524 ὸ
2854 4471 2961 4524 τῶν
2986 4472 3123 4526 ὅλων
3149 4473 3308 4534 Θεός.
3332 4473 3391 4525 Εἰ
3418 4472 3518 4542 γὰρ
3553 4469 3705 4522 τούτων
3726 4477 3771 4512 ωε

2339 4562 2568 4631 συνεχὴς
2597 4563 2869 4631 ὲγγίνοιτο
2918 4566 3102 4633 μνεία,
3136 4566 3198 4620 οὐ
3249 4568 3460 4629 πάντως
3496 4557 3771 4635 ἀχαριστήσιίς

2335 4652 2412 4721 τῷ
2438 4654 2736 4724 εὐεργέτιν
2772 4654 2911 4707 ἀλλὰ
2946 4656 3086 4709 κατὰ
3138 4657 3338 4726 νόμους
3379 4655 3525 4718 Θεοῦ,
3553 4655 3608 4723 ἢν
3648 4646 3775 4701 ἐκεῖθεν

2336 4738 2602 4814 summ,
2636 4744 3084 4817 διακυδιρνήσεις
3135 4749 3349 4819 ἀρχήν·
3380 4748 3471 4802 καὶ
3507 4744 3566 4798 δι’
3586 4734 3775 4808 uitiato“

2340 4836 2636 4904 ραπεύσεις
2671 4837 2747 4905 τῷ
2778 4838 2985 4909 ταύτην
3021 4855 3104 4892 σοι
3135 4840 3215 4904 ὠς
3249 4840 3422 4910 πιστῷ
3442 4834 3770 4907 ἐγχειρίσωσιν

2339 4927 2617 4989 Τοιούτοις
2672 4927 2738 4998 δὴ
2784 4927 2964 4996 λόγοις
3019 4930 3323 5000 ἐπᾴδουσα,
3374 4931 3440 4981 τὰ
3467 4928 3627 4980 ἐνόντα
3657 4918 3773 4977 ἐκείνῳ

2337 5014 2444 5065 τῶν
2474 5015 2634 5066 θείων
2667 5017 3005 5086 σπερμάτων
3045 5018 3275 5089 ηὔξανε,
3326 5020 3401 5089 τῷ
3434 5017 3618 5085 συνεχεῖ

2338 5122 2451 5171 γων
2480 5106 2717 5176 ἄρδουσα
2749 5110 3007 5179 ῥεύματι.

667 5228 793 5266 cum
836 5215 928 5280 qui
962 5209 1016 5263 id
1055 5209 1151 5262 tibi
1197 5218 1256 5261 ut
1288 5205 1434 5260 ﬁdeli
1469 5204 1723 5258 ministro
1763 5200 2061 5262 commisit,
2121 5197 2226 5251 rite
2266 5197 2433 5253 coles.
2474 5218 2492 5250 ι
2564 5199 2916 5270 Ejuscemodi
2947 5202 3113 5260 verba
3145 5204 3422 5269 accincos,
3454 5218 3562 5273 qua
3592 5197 3638 5254 ei
3679 5189 3777 5246 inab

667 5314 824 5360 erant
850 5304 1036 5359 divina
1066 5299 1330 5355 excitavit
1360 5298 1595 5363 semina,
1627 5296 1891 5351 continuo
1915 5292 2352 5348 admonitionum
2390 5292 2538 5349 ﬂuxu
2577 5309 2641 5348 ca
2679 5295 2881 5364 rigans.
