3936 6206
171 305 272 370 901

741 414 782 465 K
797 413 995 470 ΕΦᾹΛ.
1055 414 1188 468 Ml".

168 529 305 599 Περὶ
342 528 454 594 τῆς
491 526 559 579 ἐν
603 525 929 599 Ἀντιοχείᾳ
959 528 1285 599 γενομένης
1324 526 1742 599 στάσεως-ξέναι

233 594 311 664 τῇ
340 599 530 665 ἀτίμῳ
558 594 898 661 καθαιρέσει
921 594 1040 665 τῶν
1070 596 1442 662 ἀνδριάντων
1460 611 1474 626 ·
1531 597 1631 652 καὶ
1662 597 1742 661 ὡς

232 663 362 720 die}
374 663 485 720 υσε
513 665 625 731 τὴν
657 665 762 717 τοῦ
783 663 1093 731 ,ϐασιλέως
1122 667 1330 735 ὀργὴν,
1360 668 1741 735 πρεσϐεύσας

204 782 209 787 .
235 736 574 800 Φλαόιανὸς
600 738 632 788 ο
661 736 1016 799 ἐπίσκοπος.

246 871 410 925 Ἀλλᾶ
446 868 643 938 ξυνέϐη
676 885 740 937 γε
789 869 1071 940 προτέραν
1111 869 1328 940 ἐκείνην
1362 870 1456 923 τοῦ
1503 869 1741 933 συζύγου

164 966 387 1018 θανεῖνο
421 962 492 1015 δι’
522 965 588 1031 ἣν
623 964 713 1014 καί
743 978 795 1014 τι
850 962 1245 1031 ἐπιγενόμενον
1293 963 1357 1015 τὸ
1392 962 1523 1031 περὶ
1568 961 1742 1034 αὐτὴν

166 1057 259 1108 τοῦ
307 1055 572 1124 βασιλέως
627 1056 853 1123 φίλτρον
905 1054 1144 1123 μάλιστα
1195 1054 1398 1119 ἔδειξει
1453 1055 1549 1108 καὶ
1592 1056 1741 1116 ὅπως

166 1147 384 1215 ἐκείνην
417 1147 478 1198 οὐ
507 1146 601 1198 τοῦ
637 1146 829 1215 λέχους
856 1146 1040 1215 χάριν,
1078 1146 1215 1198 ἀλλὰ
1253 1145 1329 1214 τῷ
1365 1148 1612 1214 περιόντι
1640 1146 1741 1214 τῆς

164 1241 372 1309 ἀρετῆς
411 1239 612 1309 μᾶλλον
645 1239 827 1306 ἐτίμα.
862 1238 928 1289 Τί
950 1239 1007 1291 δὲ
1045 1238 1223 1303 τοῦτο,
1261 1238 1432 1302 λέξων
1479 1238 1737 1309 ἔρχομαι.

163 1333 302 1396 Ταῖς
336 1333 556 1401 συχναῖς
592 1332 798 1401 μάχαις
826 1330 910 1392 εἰς
951 1330 1163 1384 ἔνδειαν
1209 1330 1415 1401 χρυσοῦ
1448 1332 1741 1399 γενόμενος

160 1429 189 1477 ὁ
220 1425 465 1495 κρατῶν,
492 1423 779 1493 εἴσπραξιν
807 1439 929 1475 τινα
955 1421 1113 1492 ξένην
1138 1423 1288 1491 παρὰ
1316 1425 1377 1475 τὸ
1399 1422 1591 1485 εἰωθὸς
1620 1425 1741 1486 ταῖς

161 1520 388 1571 πόλεσιν
413 1515 776 1570 ἐπιτέθεικεν.
816 1515 924 1568 Καὶ
952 1516 1001 1568 οί
1054 1515 1153 1583 μὲν
1180 1514 1505 1587 ἁπανταχοῦ
1539 1514 1739 1567 ῦπιτε-

160 1616 277 1675 λεῖς
306 1615 398 1664 τἰν
428 1612 612 1679 φόρον,
649 1608 754 1662 κᾶν
786 1608 966 1677 βίαιος
999 1604 1090 1678 ἦν,
1122 1608 1548 1677 εἰσέπραττοντο
1568 1622 1581 1635 ·
1628 1608 1657 1659 ό
1683 1606 1738 1658 δὲ

1104 300 1703 363 ῐῖίῖίῖηδῖᾹδΤιΟίΕ
1741 300 2132 361 IIISTORIJZ
2176 302 2315 361 LIB.
2365 302 2504 362 ΧΠ.

1775 418 1825 475 Α

2306 351 2315 361 .
2365 306 2504 362 ΧΠ.
3164 390 3171 396 θ
3319 306 3425 368 902

2306 414 2470 485 324
2507 413 2734 471 CAPUT
2776 415 2964 471 XLIII.

1851 524 1924 577 De
1948 524 2174 577 tumultu
2198 532 2248 577 et
2272 524 2522 595 seditione
2546 524 2887 587 Antiochena,
2927 526 2990 579 ob
3020 526 3422 595 ignominiosum

1914 605 2218 647 statuarum
2246 594 2588 663 dejectionem
2619 610 2638 647 :
2667 602 2713 646 et
2737 604 2794 646 ut
2829 598 2967 663 iram
2999 594 3052 649 ei
3086 596 3418 663 indignatio-

1917 681 2033 717 nem
2062 680 2123 717 ea
2151 665 2213 736 de
2239 662 2400 736 causa
2447 665 2783 729 imperatoris
2840 662 3129 719 Flavianus
3156 662 3422 736 cpiscopus

1918 736 2119 803 legatus
2153 733 2378 788 leuien’t.

1914 868 2131 922 Accidit
2173 879 2356 924 autem
2426 879 2485 923 ut
2518 872 2674 939 prior
2709 870 2834 924 base
2884 871 3083 941 conjux
3134 871 3257 938 ejus
3296 870 3422 923 imis

1844 961 2197 1014 concederet.
2232 963 2462 1030 Propter
2500 977 2663 1031 quam
2705 978 2830 1017 cum
2863 977 2992 1018 casu
3039 962 3280 1033 quodam
3313 963 3419 1016 ali-

1843 1053 1975 1122 quid
2033 1063 2222 1122 postea
2278 1053 2609 1118 accidisset,
2666 1064 2910 1123 quantus
2966 1056 3314 1125 imperatoris
3363 1057 3415 1108 in

1844 1146 1992 1199 illam
2044 1158 2203 1200 amor
2250 1147 2437 1210 fuerit,
2482 1148 2535 1202 id
2595 1150 2835 1203 maxime
2884 1149 3190 1203 declaravit
3224 1168 3237 1203 :
3269 1148 3414 1218 quod

1844 1240 2059 1293 scilicet
2110 1254 2220 1294 non
2252 1242 2492 1312 conjugii
2528 1250 2742 1296 tantum
2778 1243 2976 1315 gratia,
3009 1254 3215 1298 'verum
3252 1247 3414 1297 etiam
3500 1230 3515 1245 ’

1842 1340 2066 1399 pmpter
2097 1331 2464 1388 excellentem
2507 1322 2774 1388 virtutem
2812 1349 2934 1388 eam
2985 1335 3283 1403 plurimum
3317 1337 3416 1388 ho-

1841 1422 2076 1476 norarit.
2117 1423 2259 1491 Quid
2304 1424 2357 1478 id
2391 1425 2581 1489 fuerit,
2614 1440 2910 1494 exponam.
2959 1426 3125 1482 Bellis
3155 1426 3417 1499 irequen-

1840 1512 1989 1567 tibus
2037 1514 2387 1584 imperatoris
2453 1519 2586 1572 lisco
2650 1520 2945 1583 exhausto,
3003 1522 3271 1576 tributum
3331 1521 3411 1587 is,

1839 1612 2043 1674 przeter
2084 1608 2328 1673 solitum,
2378 1624 2586 1666 novum
2633 1610 2953 1667 civitatibus
3004 1614 3291 1683 imposuit.
3347 1616 3413 1668 Et

156 1707 261 1774 τῆς
300 1704 574 1773 Ἀντιόχου
605 1702 778 1772 δῆμος
809 1702 910 1770 τὴν
944 1700 1137 1770 καινὴν
1158 1701 1259 1754 οῦκ
1287 1701 1522 1772 ἤνεγκεν
1552 1701 1734 1766 εἰσφο-

1842 1695 1935 1749 alii
1967 1697 2191 1766 quidem
2234 1700 2439 1769 ubique
2464 1702 2714 1757 locorum
2754 1705 3031 1759 tributarii
3064 1707 3248 1776 populi
3281 1722 3414 1775 pen-

158 1803 285 1869 ραν.
318 1796 457 1857 Τοὺς
486 1796 534 1843 δ’
558 1796 993 1866 εἰσπράττοντας
1017 1793 1160 1864 ὁρῶν
1191 1794 1338 1848 ἄλλα·
1350 1812 1410 1847 τε
1463 1794 1734 1864 πράττον-

1841 1790 2055 1844 sionem
2116 1806 2237 1845 eam
2291 1796 2544 1863 quamvis
2614 1800 3112 1854 extraordinariam
3160 1802 3412 1855 confere-

154 1907 283 1954 τας,
315 1891 410 1942 καὶ
433 1886 525 1943 οῦς
565 1887 662 1957 μὲν
693 1887 1141 1956 ἀναρτωμένους,
1186 1886 1384 1951 ἄλλους
1429 1886 1476 1939 δ’
1510 1886 1735 1956 ἀπηνῶς

160 1980 518 2051 συρομένους,
554 1980 818 2049 φρουραῖς
845 1995 905 2030 τε
954 1978 1450 2049 καθειργομένους,
1488 1981 1570 2043 είς
1600 1979 1732 2033 στά-

157 2092 249 2125 σιν
277 2071 474 2142 ἐχώρει
500 2086 515 2102 ο
563 2072 657 2123 καὶ
705 2070 879 2124 πολλὰ
912 2067 1014 2139 μὲν
1040 2070 1232 2140 ἓδρασέ
1266 2086 1321 2123 τε
1370 2072 1467 2124 καὶ
1517 2066 1672 2124 εἷπεν
1700 2068 1736 2125 ἃ

153 2161 318 2229 δχλος
376 2162 551 2211 ποιεῖν
585 2158 765 2221 εἴωθε,
806 2161 1083 2228 πρόφασιν
1120 2160 1200 2223 είς
1251 2160 1484 2225 ἀταξίαν
1529 2160 1732 2217 λαϐών.

153 2248 327 2310 Τέλος
356 2246 414 2299 δέ
444 2247 538 2299 καὶ
569 2247 670 2313 τὴν
703 2248 802 2316 τῆς
830 2246 1101 2315 βασιλίδος
1123 2246 1336 2319 χαλκῆν
1364 2250 1549 2303 είκόνα
1584 2248 1732 2302 lna-

151 2340 352 2407 κίλλης
407 2341 585 2407 (τοῦτο
644 2339 753 2408 γὰρ
823 2337 893 2410 ἦν
948 2344 1088 2413 αὐτῇ
1147 2343 1341 2412 δνομα)
1408 2343 1737 2408 καθελόντες

148 2433 437 2503 ἀφρόνως,
467 2433 564 2484 καὶ
593 2432 793 2503 σχοίνῳ
819 2434 1224 2505 προσάψαντες,
1250 2437 1316 2488 ἐκ
1342 2434 1498 2499 ποδὸς
1526 2429 1732 2501 εἷλκον,

149 2529 251 2580 ἐπὶ
280 2524 451 2578 πολλὰ
487 2524 628 2595 μέρη
660 2524 760 2593 τῆς
813 2525 1022 2590 πόλεως
1053 2528 1313 2599 σύροντες
1337 2543 1351 2558 ·
1390 2526 1486 2580 καὶ
1524 2523 1612 2581 οἷα
1658 2528 1737 2581 εί-

150 2620 252 2682 κὺς
282 2621 453 2689 δῆμον
487 2618 770 2690 μεμηνότα
820 2620 918 2672 καὶ
961 2619 1379 2689 χαλεπαίνοντα,
1421 2619 1646 2690 ῦϐριζόν
1673 2636 1735 2673 τε

148 2716 235 2775 εἰς
272 2712 414 2781 μέγα
437 2711 473 2766 ἃ
506 2713 642 2781 μηδὲ
678 2712 861 2780 λέγειν
890 2713 1091 2782 χρεών.
1116 2713 1301 2765 Ταῦτα
1329 2713 1393 2782 δὴ
1426 2712 1613 2783 μαθὼν
1638 2713 1737 2784 βα-

150 2807 367 2871 σιλεὺς,
415 2803 671 2873 χαλεπῶς
725 2804 969 2856 ἐνεκότει
1014 2803 1090 2874 τῷ
1122 2802 1362 2874 πλήθει·
1402 2806 1496 2858 καὶ
1545 2804 1737 2876 ὥσπερ

148 2896 327 2960 εἰκὸς,
381 2894 449 2948 τά
493 2895 555 2946 ἐκ
602 2892 839 2947 παλαιοῦ
901 2894 1174 2963 προσόντα
1228 2894 1402 2966 ταύτῃ
1464 2897 1736 2966 προνόμια

145 2988 522 3057 ἀφελόμενος,
554 2987 617 3054 τῇ
677 2985 880 3053 γείτονι
914 2986 1068 3038 πόλει
1125 2986 1520 3057 ἀπεχαρίζετο.
1577 2985 1737 3041 υῦτω

144 3080 272 3149 γὰρ
299 3080 435 3150 ᾧετο
488 3078 673 3149 σφόδρ’
713 3080 964 3132 ἀνιάσειν
1014 3079 1337 3149 Ἀντιοχεῖς*
1389 3081 1626 3151 καὶγὰρ
1677 3080 1738 3145 ἐξ

147 3175 395 3244 ἀρχαίου
428 3172 753 3243 ζηλοτύπως
781 3171 816 3242 ἡ
856 3171 1149 3225 Λαοδίκεια
1173 3174 1239 3243 τῇ
1278 3173 1551 3243 Ἀντιόχου
1581 3173 1737 3227 κασία

149 3282 352 3320 στατο.
401 3265 648 3319 Ἰιπεελει
689 3263 748 3317 δέ
780 3263 915 3334 πρὸς
968 3263 1148 3332 τούτῳ
1179 3264 1280 3335 τήν
1308 3281 1368 3318 τε
1419 3266 1579 3319 πόλιν
1630 3268 1734 3335 ἐμ-

148 3359 395 3428 πρῆξαι,
429 3360 526 3410 καὶ
558 3356 888 3423 καταλῦσαι,
921 3358 1012 3409 τὸν
1046 3357 1233 3411 ἐνόντα
1265 3358 1323 3424 ἐξ
1367 3360 1597 3428 ἀρχαίου
1642 3360 1735 3413 κό-

146 3468 320 3519 σμον,
355 3452 450 3503 καὶ
478 3452 558 3513 είς
602 3451 800 3521 κώμην
840 3451 1193 3521 μεταϐαλεῖν,
1226 3453 1320 3505 καὶ
1345 3452 1578 3524 ἄροτρον
1612 3453 1734 3505 κατ’

144 3546 334 3612 αὐτῆς
364 3543 638 3613 ἐμπῆξαιο
690 3546 785 3598 καὶ
846 3546 925 3607 εἰς
968 3544 1092 3598 νοῦν
1128 3542 1308 3598 ἔκειτο
1345 3546 1575 3608 πολλοὺς
1621 3546 1732 3600 τῶν

160 3637 493 3705 Ἀντιοχέων
525 3635 856 3707 διαφθεῖραι,
889 3638 983 3689 καὶ
1009 3637 1344 3708 σωφρονίσαι
1378 3638 1453 3708 μὴ
1491 3640 1585 3692 τοῦ
1620 3639 1732 3692 λοι⁶

146 3726 266 3781 ποῦ
295 3727 517 3780 τοιαῦτα
544 3725 874 3780 διανοεῖσθαι
904 3727 1057 3797 δρᾷν.
1091 3730 1154 3781 Οἱ
1179 3724 1225 3781 δ’
1250 3730 1434 3781 ὲκεῖσε
1458 3728 1558 3798 τῆς
1581 3730 1732 3794 ἐξου-

146 3820 286 3880 σίας
307 3819 732 3888 ἐπειλημμένοι,
760 3820 856 3872 καί
889 3836 1045 3881 τινας
1093 3819 1450 3882 συλλαϐόντες
1500 3818 1730 3886 ἀνεῖλον,

140 3910 663 3981 διαπραττομένους
694 3911 755 3963 τὸ
800 3912 1081 3982 τόλμημα,
1120 3913 1250 3982 πρὶν
1299 3912 1332 3983 ἢ
1377 3912 1471 3966 τὸν
1504 3912 1732 3982 βασιλέα

141 4001 365 4067 γνῶναι
394 4001 455 4051 τὸ
486 4000 690 4070 δρᾶμα.
730 4001 788 4053 '0
838 4000 896 4053 δὲ
929 4000 1181 4070 βασιλεὺς
1232 4001 1453 4054 ἐκέλευε
1488 4004 1586 4070 μὲν
1639 4005 1731 4056 καὶ

139 4090 378 4159 ἠπείλει
426 4090 671 4157 γίνεσθαι
704 4091 771 4143 τά
821 4090 972 4144 δεινά
1001 4105 1016 4121 ο
1056 4090 1115 4143 οὐ
1170 4090 1275 4161 μὴν
1319 4091 1413 4143 καὶ
1443 4093 1521 4154 εἷς
1569 4092 1733 4161 ἔργον

136 4181 472 4246 ἐξέϐαινεν·
506 4182 535 4232 ό
574 4181 682 4250 γάρ
731 4180 1058 4251 ’Δμϐροσίου
1092 4181 1257 4251 νόμος
1307 4183 1518 4253 ἐπεῖχε.
1554 4184 1628 4236 Τὸ
1675 4183 1731 4236 δὲ

138 4274 367 4344 πλῆθος
400 4274 501 4344 τῆς
528 4274 734 4337 πόλεως
768 4274 863 4326 καὶ
896 4273 1034 4345 μόνη
1074 4276 1142 4345 τῇ
1183 4274 1293 4327 τῶν
1342 4274 1534 4329 δεινῶν
1572 4276 1729 4346 φήμῃ

133 4366 536 4433 καταπλαγὲν,
582 4366 678 4435 τὴν
715 4366 909 4435 μανίαν
940 4366 1193 4434 ἀφέντες,
1234 4367 1532 4435 μετάμελοι
1562 4363 1725 4439 ἦσαν,

1762 3134 1806 3192 C

1838 1882 1995 1937 bant.
2027 1886 2272 1949 Pupulus
2308 1896 2493 1943 autem
2525 1889 2910 1945 AntioclIenus
2941 1894 3173 1962 vectigal
3208 1910 3408 1947 novum

1837 1988 1946 2029 non
1980 1978 2127 2032 tulit.
2150 1977 2219 2032 Et
2245 1995 2370 2034 cum
2398 1990 2682 2037 exactores
2705 1994 2961 2038 cerneret
2985 2000 3109 2039 eum
3147 1985 3412 2056 pleraque

1838 2066 1941 2120 alia
1971 2067 2174 2135 facere,
2214 2079 2326 2126 tum
2370 2086 2435 2125 ex
2481 2073 2698 2128 civibus
2728 2075 2994 2143 quosdam
3049 2078 3412 2146 suspendere,

1838 2162 2138 2217 nonnullos
2200 2164 2504 2220 crudeliter
2567 2166 2807 2229 trahere.
2867 2168 3005 2222 alios
3064 2169 3119 2224 in
3191 2169 3412 2226 vincula

1838 2253 2154 2323 conjicere,
2210 2254 2543 2310 seditionem
2597 2258 2811 2323 movit;
2861 2260 3143 2329 multaque
3188 2268 3246 2315 et
3284 2260 3414 2316 fecit

1838 2351 1896 2396 et
1955 2340 2094 2398 dixit
2148 2358 2247 2412 per
2299 2346 2623 2421 tumultum,
2671 2360 2796 2415 quae
2853 2350 3049 2418 vulgus
3093 2351 3257 2415 solet,
3320 2352 3409 2405 ubi

1841 2433 2187 2488 occasionem
2221 2433 2288 2487 ad
2322 2435 2570 2489 ordinem
2613 2436 2917 2488 tollendum
2954 2445 3010 2490 et
3055 2453 3239 2492 rerum
3288 2454 3411 2492 ou:-

1839 2526 1993 2577 nium
2021 2524 2406 2579 confusionem
2433 2525 2804 2579 inducendam
2829 2527 3089 2596 arripuit.
3110 2529 3411 2583 9ostreme

1838 2630 1971 2672 vero
2002 2618 2371 2686 imperatricis
2410 2633 2630 2688 quoque
2662 2619 2899 2673 Placilla:
2931 2620 3059 2686 (hoc
3083 2620 3230 2674 enim
3265 2621 3413 2674 illius

1838 2723 2042 2764 nomen
2071 2711 2212 2781 erat)
2245 2719 2484 2765 statuam
2516 2726 2711 2765 aeream
2733 2714 2846 2767 ’δυο
2878 2713 3000 2767 loco
3032 2714 3414 2783 imprudente:-

1838 2801 2131 2871 dejeetam,
2156 2812 2210 2857 et
2260 2802 2380 2857 iuni
2424 2803 2655 2872 pedibus
2706 2804 3041 2874 adamatam,
3074 2823 3172 2877 per
3210 2809 3411 2864 multas

1839 2894 1994 2949 urbis
2023 2903 2211 2964 partes
2242 2896 2431 2956 traxit,
2473 2905 2530 2950 et
2576 2911 2678 2967 pro
2720 2913 2791 2952 eo
2829 2909 2995 2970 atque
3028 2902 3187 2970 plebs
3221 2904 3413 2956 furens

1839 2994 2007 3055 atque
2063 2986 2356 3056 indignans
2412 2990 2689 3053 assuevit,
2744 2994 3095 3048 contumeliis
3161 2994 3410 3065 magnis,

1840 3092 1980 3146 quas
2009 3076 2196 3131 dicere
2225 3094 2367 3146 opus
2399 3095 2506 3134 non
2551 3089 2655 3144 est,
2694 3080 2900 3137 aliecit.
2946 3083 3101 3150 Quod
3146 3083 3410 3156 ﬂagitium

1839 3181 2127 3240 postquam
2164 3171 2465 3240 imperator
2494 3185 2771 3242 patratum
2804 3176 3039 3241 audivit,
3068 3180 3316 3248 graviter
3352 3182 3408 3235 in

1835 3281 1962 3320 eum
1996 3265 2257 3332 populum
2288 3265 2585 3321 excanduit
2611 3283 2627 3321 :
2656 3278 2711 3321 et
2763 3267 2927 3323 sicuti
2974 3285 3073 3340 par
3105 3281 3249 3338 erat,
3283 3288 3410 3343 quae

1837 3360 2145 3430 antiquitus
2183 3361 2509 3416 obtinebant
2541 3362 2828 3432 privilegia
2857 3365 2965 3418 illis
2993 3366 3220 3431 adetnit,
3239 3377 3407 3438 atque

1836 3469 1900 3507 ea
1942 3453 2139 3506 vicina:
2171 3453 2295 3506 urbi
2328 3455 2627 3510 concessit.
2669 3456 2745 3509 Eo
2775 3458 2923 3511 enim
2980 3459 3145 3513 modo
3171 3476 3314 3529 πει-ο
3350 3477 3411 3514 se

1836 3546 2130 3599 admodum
2164 3545 2528 3598 Autiocbenis
2559 3545 2833 3600 iacturum
2881 3549 3105 3614 putabat
3137 3567 3150 3602 :
3182 3551 3406 3621 jamdu-

1837 3638 1965 3689 dum
1998 3652 2240 3704 namque
2274 3635 2542 3690 Laodicea
2594 3639 2779 3693 invida
2812 3641 3164 3696 a'mulatinne
3211 3642 3409 3696 adver-

1837 3744 1932 3782 sus
1965 3726 2315 3781 Antiochiam
2365 3728 2679 3784 tenebatur.
2725 3730 3105 3789 Comminatus
3135 3747 3402 3802 pra-terea

1836 3820 1948 3874 illis
1994 3830 2096 3882 est,
2148 3836 2204 3874 se
2260 3821 2453 3874 urbem
2495 3838 2611 3874 cam
2652 3822 3031 3887 incensurum,
3081 3839 3406 3883 ornamenta

1835 3912 2020 3966 omnia
2071 3912 2362 3987 vetustatis
2402 3912 2451 3967 ci
2504 3913 2917 3982 adempturum,
2964 3917 3018 3970 in
3068 3918 3249 3972 vicum
3282 3936 3403 3973 eam

1779 4069 1787 4076 θ
1836 4015 2210 4068 mutaturum,
2279 4014 2335 4059 et
2383 4015 2567 4059 aratro
2626 4007 3060 4074 proscissurum.
3110 4011 3167 4064 ιη
3218 4012 3406 4065 animo

1833 4099 2000 4154 etiam
2037 4098 2257 4162 babuit,
2291 4098 2495 4151 multos
2528 4114 2607 4151 'ex
2652 4099 3013 4154 Antiochenis
3043 4102 3163 4155 neci
3199 4104 3402 4161 dedere

1835 4201 1890 4246 et
1925 4190 2212 4260 castigare,
2257 4204 2327 4243 ne
2377 4197 2568 4258 postea
2607 4190 2716 4244 tale
2771 4190 3072 4261 quidquam
3109 4193 3404 4252 admittere

1837 4285 1889 4336 in
1923 4283 2170 4337 animum
2209 4280 2555 4335 indueerent.
2586 4280 2687 4347 Qui
2717 4297 2850 4336 vero
2880 4283 2953 4337 ibi
2986 4300 3109 4340 cum
3135 4298 3407 4356 potestate

1838 4374 2185 4444 magistratus
2238 4387 2352 4426 rem
2402 4373 2906 4440 administrabant,
2958 4378 3258 4434 nonnullos
3310 4384 3405 4450 qui

135 4465 247 4511 καὶ
284 4458 364 4521 ὠς
395 4458 664 4510 ἐνεστῶτα
714 4458 953 4526 δρῶντες
988 4458 1057 4510 τὰ
1087 4460 1535 4530 προσδοκώμενα,
1590 4460 1727 4531 βαθὺ

1840 4465 2050 4519 facinus
2082 4474 2289 4519 tantum
2331 4464 2448 4518 ausi
2499 4464 2736 4526 fuerant,
2768 4469 3200 4535 comprehensos
3254 4473 3404 4540 prius

138 4553 457 4612 στένοντες,
499 4549 752 4617 δακρύων
788 4549 1013 4612 λιϐάδας
1045 4552 1404 4620 κατέπεμπον
1429 4568 1442 4581 ·
1476 4554 1569 4605 καὶ
1600 4568 1733 4604 κατ-

1836 4566 2122 4619 uecarunt,
2152 4571 2315 4625 quam
2366 4556 2666 4624 imperator
2705 4555 2905 4609 factum
2954 4558 3005 4611 id
3045 4561 3294 4614 rescirct.
3337 4561 3405 4616 Et

135 4642 478 4713 ηντιϐόλουν
518 4641 670 4705 θεὸν,
699 4642 759 4695 τὸ
801 4642 1088 4711 ἀγριαῖνον
1117 4640 1211 4695 τοῦ
1242 4643 1417 4711 θυμοῦ
1448 4647 1734 4697 καταστεῖ-

1840 4650 2136 4716 imperator
2186 4647 2539 4700 mandaverat
2598 4646 2867 4715 quidem,
2932 4657 2989 4702 et
3047 4658 3154 4703 tam
3210 4668 3405 4719 graves

134 4733 240 4788 λαι
276 4733 356 4803 τῷ
391 4732 623 4804 βασιλεῖ,
657 4735 751 4786 καὶ
780 4735 877 4803 τὴν
904 4734 1077 4804 ὀργὴν
1108 4733 1192 4792 είς
1244 4735 1386 4804 μέγα
1418 4737 1730 4804 ἀναπτομέ-

132 4845 249 4896 νην
283 4824 550 4896 πραῧναι.
581 4825 904 4893 Πανδήμους
951 4825 1006 4876 δὲ
1046 4824 1327 4887 ποιοῦντες
1377 4824 1552 4887 λιτὰς,
1592 4826 1729 4893 μέλη

133 4921 275 4974 τινὰ
300 4919 620 4989 ὀλοφυρμοῦ
647 4919 831 4988 πλήρη
861 4919 955 4970 καὶ
991 4919 1334 4986 συμπαθείας
1390 4918 1732 4988 συνθέμενοι,

129 5012 273 5070 ταῖς
313 5010 604 5078 μελῳδίαις
634 5010 856 5079 ἐπῇδον,
884 5008 1089 5060 καὶτὸν
1117 5009 1264 5076 σφῶν
1294 5008 1446 5077 ἱερέα
1481 5010 1571 5061 τιν
1590 5009 1731 5063 Θεῖον

128 5101 457 5156 Φλαϐιανὸν
486 5100 730 5171 πρέσϐυν
767 5100 906 5169 ὑπὲρ
935 5100 1117 5153 αὐτῶν
1164 5099 1241 5170 τῷ
1280 5100 1574 5169 κρατοῦντι
1602 5102 1734 5154 ἀνέ-

129 5212 394 5266 πεμπον.
432 5196 527 5257 Ὃς
548 5194 613 5262 δὴ
639 5194 733 5246 καὶ
757 5192 854 5263 τὴν
879 5191 1177 5262 πρεσϐείαν
1200 5191 1343 5260 ὑπὲρ
1370 5194 1468 5262 τῆς
1496 5192 1731 5261 ποίμνης

126 5288 358 5350 ἀνύων,
392 5286 601 5356 σφόδρα
623 5286 748 5339 κατ’
777 5284 956 5337 αὐτῶν
984 5288 1291 5352 ἀνιωμένου
1318 5285 1412 5337 τοῦ
1442 5284 1728 5353 βασιλέως,

125 5383 320 5450 τέχνῃ
351 5380 414 5446 δή
445 5397 551 5430 τινι
580 5379 705 5440 τοὺς
756 5379 907 5439 νέους
942 5377 1239 5445 μετελθὼν,
1268 5373 1349 5440 οἷς
1402 5376 1522 5440 έθος
1579 5380 1729 5445 περἐι

125 5472 247 5541 τὴν
288 5470 577 5538 βασιλικὴν
618 5470 897 5538 τράπεζαν
935 5469 1103 5540 ᾅδειν,
1152 5468 1186 5522 ἀ
1242 5470 1380 5539 μέλη
1417 5469 1625 5522 ἐλεεινὰ
1674 5473 1732 5522 ὲν

122 5566 270 5622 ταῖς
315 5559 488 5623 λιταῖς
525 5556 648 5631 ᾖδον
699 5562 1016 5631 Ἀντιοχεῖς,
1048 5563 1237 5632 ἠρέμα
1267 5560 1500 5629 ψάλλειν
1530 5564 1727 5614 ἐποίει.

135 5651 291 5721 ⁹Υφ’
316 5646 391 5704 ὧν
412 5655 440 5704 ὁ
469 5653 625 5719 λόγος
649 5654 738 5707 τὸν
760 5654 1070 5724 κρατοῦντα
1098 5653 1421 5724 διαχυθέντα
1445 5656 1525 5715 εἰς
1551 5650 1731 5705 οἶκτον

129 5745 487 5815 μεταϐαλεῖ)
522 5746 617 5815 τὴν
648 5748 817 5815 ὀργήν
843 5762 856 5776 ·
894 5746 1237 5816 κρατηθέντα
1266 5748 1322 5799 δέ
1357 5745 1433 5817 τῷ
1465 5746 1617 5815 ἐλέῳ,
1652 5746 1721 5814 τῇ

1834 4755 2026 4810 pteuas
2075 4740 2316 4793 minatus
2369 4740 2569 4800 luerat,
2605 4738 2700 4792 sed
2736 4753 2829 4791 eas
2864 4739 2929 4790 ad
2965 4754 3076 4792 rem
3113 4756 3220 4795 non
3267 4758 3404 4798 cuu-

1837 4831 1981 4884 tulit.
2026 4831 2290 4883 ()bstabat
2324 4828 2472 4881 enim
2506 4827 2554 4883 ei
2588 4828 2865 4881 Ambrosii
2899 4829 3006 4883 lex.
3039 4831 3200 4900 325
3236 4833 3405 4889 Porto

1836 4922 1991 4975 urbis
2045 4918 2343 4974 multitudo
2384 4918 2499 4972 sola
2554 4918 2801 4987 gravium
2850 4914 3219 4975 rerum'fama
3273 4941 3405 4979 cun-

1832 5023 2102 5075 SIernata,
2140 5012 2325 5067 furore
2364 5012 2560 5066 relicto
2587 5012 2639 5064 in
2691 5013 3071 5080 paenitentiam
3105 5017 3317 5082 incidit,
3347 5030 3403 5075 et

1832 5105 2061 5175 perinde
2094 5113 2259 5172 atque
2305 5102 2376 5157 ob
2422 5104 2614 5157 oculos
2648 5104 2860 5157 versari
2901 5105 3136 5169 videret,
3172 5125 3293 5177 quae
3348 5113 3398 5164 in

1832 5196 2246 5268 exspectatione
2292 5205 2450 5250 erant
2494 5194 2657 5257 mala,
2691 5195 2858 5249 altius
2897 5199 3207 5267 suspirans,
3236 5211 3288 5254 ct
3320 5203 3402 5256 lac

1830 5305 2143 5360 crymarum
2201 5289 2311 5341 vim
2374 5287 2740 5358 prol‘nndens,
2783 5291 2892 5343 Deo
2937 5293 3290 5360 supplicavit,
3345 5305 3400 5347 ut

1833 5382 2188 5435 ferocientem
2225 5381 2579 5449 imperatoris
2618 5383 2862 5435 animum
2904 5399 3303 5452 Ctllllpf‘hCCICl,
3346 5395 3401 5439 ct

1835 5484 2121 5542 tantopere
2169 5475 2467 5528 excitatam
2516 5474 2652 5527 iram
2705 5476 3001 5541 mitigaret.
3049 5475 3107 5529 Et
3151 5477 3399 5542 publicas

1832 5579 2101 5634 peragens
2120 5563 2570 5632 supplicationes.
2593 5565 2834 5617 carmina
2856 5566 3100 5634 quredam
3126 5566 3397 5631 luctuosa,

1830 5665 1885 5707 et
1948 5653 2012 5706 ad
2072 5653 2611 5708 commiseratiouctn
2672 5655 2997 5707 movendam
3057 5658 3395 5725 composita.

1833 5760 2126 5801 numeroso
2178 5735 2457 5801 concetttd'
2498 5749 2758 5802 cantavit.
2814 5748 3145 5819 Episcopum
3210 5761 3393 5805 autem
