3898 6192
274 300 381 367 909
1196 297 1792 362 ECCLESMSTECJE
1834 295 2219 355 HlSTOlllE
2258 290 2403 354 LIB.
2437 288 2575 351 XII.
3413 277 3515 345 9.0

276 440 430 496 μενοι
483 421 598 485 τοῖς
642 417 881 483 Σκύθαις
924 417 1474 489 κακῶςέπραττον·
1523 417 1685 487 φύσει
1733 416 1887 485 γάρι

1991 426 2132 478 eque
2170 409 2370 478 ipsum,
2436 423 2617 479 neque
2657 407 2908 465 comites.
2962 413 3126 472 atque
3170 400 3306 456 adeo
3344 410 3516 468 equos

270 490 415 586 ἦσαν
443 509 738 582 θηριώδεις
771 508 869 563 καὶ
895 507 1203 580 βάρδαρςιο
1240 505 1404 580 τέχνῃ
1437 506 1502 578 δή
1535 522 1646 559 τινι
1667 506 1733 559 ἐκ
1753 502 1848 558 τοῦ

1991 501 2147 556 uibus
2201 499 2569 564 vehebamur,
2627 496 2977 567 conspicati,
3035 491 3404 564 prmterirent.
3452 490 3518 545 Et

275 604 415 674 ἄγαν
450 602 648 674 ἀγρίου
680 601 762 664 είς
794 599 1113 671 ἡμερότητα
1145 597 1399 662 καθίστα,
1431 596 1626 653 ἐστιῶν
1652 613 1712 652 τε
1755 598 1853 650 καὶ

275 698 472 765 δώροις
524 694 1048 763 φιλοφρονούμενος,
1100 688 1197 745 xal.
1251 689 1432 759 λόγοις
1485 688 1759 744 ἐπιεικέσι
1791 689 1852 740 τὸ

279 785 544 858 θηριῶδες
601 785 830 857 ἐκείνων
909 783 1417 854 ἐκμειλισσόμενος.
1474 781 1584 835 Kal.
1648 780 1711 849 δή
1769 798 1852 843 τις

279 877 512 932 ἐκείνων
565 871 647 939 οἷς
706 874 1003 948 ἔπραττεν,
1055 872 1295 943 εὔπορον
1341 862 1484 926 εἶναι
1537 870 1851 931 ὑπολαϐὼν,

278 968 566 1031 ἐπίϐουλος
618 965 814 1036 ἐκείνῳ
860 964 1179 1027 καθίστατο,
1222 964 1317 1018 καὶ
1369 963 1511 1017 ἐὶεῖν
1556 963 1648 1017 τὸν
1706 961 1854 1014 ὅσιον

280 1063 564 1133 ἐπειρᾶτο.
580 1061 783 1132 Βρόχον
805 1052 861 1111 δὲ
886 1052 1342 1127 παρασκευάσας,
1374 1055 1524 1119 ἐπεὶ,
1547 1048 1622 1118 ὡς
1648 1052 1853 1114 εἰώθει,

281 1153 628 1223 ἐρειδόμενος
678 1150 864 1204 ἀσπίδι
913 1151 1029 1213 τοῖς
1080 1146 1345 1211 ἐναντίοις
1372 1147 1639 1216 Θεότιμος
1685 1142 1855 1198 διελέ⁶

283 1261 438 1313 γετο,
500 1239 752 1311 ἀνασχὼν
791 1240 996 1302 ἐκεῖνος
1050 1236 1152 1308 τὴν
1194 1237 1389 1307 χεῖρα,
1440 1232 1748 1298 ἀκοντίζειν
1798 1231 1858 1285 τδ

285 1330 521 1401 σχοινίον
564 1328 821 1399 ἐμελλεψ
855 1322 932 1391 ὠς
961 1328 1095 1396 πρὸς
1127 1325 1304 1394 ἐαυτῷ
1331 1322 1429 1377 καὶ
1472 1323 1531 1375 τὸ
1574 1323 1857 1393 σύμπνουν

286 1423 481 1492 ἐκείνῳ
509 1420 754 1475 ἐλκύσων
789 1417 975 1488 φῦλον.
1004 1418 1158 1486 ’Ἅμα
1202 1414 1260 1471 δὲ
1289 1414 1363 1485 τῇΔ
1386 1414 1732 1487 ἐπιχειρήσει
1764 1414 1859 1467 καὶ

1952 611 2079 651 cum
2150 587 2252 660 illi,
2312 603 2503 664 utpote
2547 593 2643 663 qui
2708 589 2928 662 plurimi
2961 595 3167 648 essent,
3202 586 3256 640 in
3292 582 3521 654 Scythas

1950 689 2214 757 impetum
2266 687 2537 742 facientes
2571 686 2772 740 damna
2814 682 3087 737 inferrent
3118 680 3334 749 (natura
3371 677 3521 731 enim

1950 780 2053 835 feri
2109 790 2166 834 et
2217 778 2438 834 barbari
2488 778 2694 846 erant).
2740 785 2857 830 arte
2909 773 3169 845 quadam,
3210 787 3273 824 ex
3322 766 3524 840 agresti

1949 866 2247 927 admodum
2296 885 2451 926 more
2494 869 2561 924 ad
2596 868 3036 923 mansuetiorem
3080 864 3259 921 vitam‘
3289 877 3386 918 eos
3418 871 3527 916 tra-

1955 960 2137 1023 duxit,
2170 957 2428 1013 convivio
2466 958 2772 1029 excipiens,
2798 969 2854 1012 et
2879 956 3041 1011 donis
3070 953 3175 1010 sibi
3202 951 3528 1015 concilians,

1957 1048 2253 1119 verbisque
2283 1046 2713 1103 humanioribus
2764 1042 2999 1102 ferinam
3034 1045 3258 1099 illorum
3294 1040 3530 1097 crudeli-

1960 1149 2126 1195 tatem
2148 1139 2495 1197 demulcens.
2518 1139 2625 1195 Sed
2657 1139 2805 1194 enim
2828 1154 2896 1195 ex
2924 1138 3006 1194 eis
3039 1136 3254 1191 Hunnis
3282 1133 3531 1205 quidam,

1955 1233 2163 1303 quibus
2202 1232 2523 1302 benigniter
2559 1230 2827 1294 faciebat.
2879 1230 3215 1300 locupletem
3248 1242 3377 1283 eum
3412 1240 3533 1280 esse

1961 1318 2289 1388 arbitratus,
2326 1322 2557 1378 insidias
2596 1323 2805 1378 homini
2839 1330 3033 1378 sancto
3078 1319 3303 1385 struxit,
3334 1327 3390 1373 et
3438 1333 3534 1372 ca-

1962 1432 2093 1485 pere
2121 1430 2248 1470 eum
2295 1414 2607 1469 contendit.
2634 1415 2715 1469 Et
2746 1415 2944 1484 laqueo
2979 1421 3196 1484 parato,
3227 1425 3354 1465 cum
3385 1424 3537 1463 more

230 1520 241 1523 “
288 1515 324 1582 ὴ
349 1513 475 1583 χεὶρ
504 1509 647 1565 οὕτω
677 1514 757 1574 είς
789 1508 927 1581 ἀέρα
972 1511 1313 1579 ἐκτεταμένη
1347 1507 1587 1579 διέμεινε
1609 1525 1624 1539 ·
1672 1510 1766 1559 καὶ
1791 1506 1855 1560 ού

2000 1507 2200 1562 undam
2229 1520 2353 1570 suo,
2395 1507 2591 1577 clypeo
2638 1505 2861 1560 innixus
2895 1503 3213 1559 Thcotimus
3246 1502 3314 1555 ad
3350 1502 3537 1555 hostes

289 1600 559 1671 πρότερον
580 1598 689 1651 τῶν
719 1599 965 1670 ἀοράτων
996 1597 1198 1667 ἀφείθη
1240 1597 1479 1667 δεσμῶν,
1505 1596 1611 1659 ἕως
1640 1593 1700 1647 οὗ
1732 1593 1861 1647 Θεό-

1991 1599 2124 1653 ‘erba
2153 1601 2382 1661 faceret,
2422 1613 2585 1651 manu
2618 1596 2711 1651 ille
2733 1597 2948 1652 sublata
2991 1596 3269 1666 conjicere
3307 1593 3361 1647 in
3409 1607 3538 1646 cum

290 1708 453 1762 τιμον
478 1688 783 1761 λιπαρῆσαι
814 1689 873 1742 τὸ
912 1689 1088 1753 θεῖον,
1127 1688 1361 1742 πλεῖστα
1389 1688 1501 1740 τῶν
1538 1687 1714 1742 ἄλλων
1748 1687 1861 1739 bte-

1991 1706 2151 1745 unem
2189 1689 2389 1752 voluit,
2430 1700 2487 1743 ut
2524 1689 2691 1743 simul
2729 1688 2796 1743 ad
2836 1703 2895 1743 se
2935 1702 3061 1764 cum
3097 1702 3165 1741 eo
3198 1702 3320 1756 quae
3357 1686 3540 1752 :tltSpi-

292 1785 605 1838 τευσάντων
659 1781 973 1854 βαρϐάρων.
1009 1780 1184 1848 Λόγος
1213 1796 1278 1848 γε
1314 1780 1422 1849 μὴν
1456 1778 1569 1848 ἔχει
1612 1776 1863 1848 κομήτην

1991 1780 2056 1834 ria
2089 1780 2211 1850 ejus
2245 1780 2584 1849 sequebatur
2610 1786 2828 1848 gentem
2865 1778 3230 1848 pertraheret.
3264 1776 3367 1830 Sed
3410 1791 3541 1829 ecce

297 1875 358 1940 ἐξ
386 1873 562 1945 ἀρχῆς
584 1872 734 1935 ὄντα,
760 1873 851 1940 ἀφ’
877 1866 937 1925 οὗ
964 1871 1039 1942 τῷ
1065 1871 1375 1948 φιλοσοφεῖν
1407 1870 1693 1933 ἐπέϐαλεν,
1719 1867 1863 1922 οὕτω

1991 1888 2079 1926 ina
2113 1888 2234 1928 cum
2267 1882 2465 1925 conatu
2511 1885 2707 1925 manus
2740 1869 2861 1940 ejus
2906 1870 2958 1922 in
2991 1881 3119 1922 acre
3164 1876 3386 1922 extenta
3433 1864 3542 1918 hae-

296 1965 568 2035 διαμεῖναι
623 1963 718 2017 xal
782 1964 838 2025 ἐς
897 1962 1086 2025 τέλος*
1135 1956 1277 2014 εἶναι
1328 1960 1385 2013 δὲ
1434 1959 1531 2012 καὶ
1560 1960 1660 2028 τὴν
1693 1957 1864 2024 ἀλλην

1991 1963 2045 2018 ιίι
2073 1982 2085 2017 :
2120 1978 2299 2032 neque
2332 1962 2487 2032 prius
2518 1962 2609 2016 illa
2649 1961 2893 2016 vinculis
2930 1960 3137 2016 talibus
3178 1975 3299 2028 quae
3331 1956 3382 2010 in
3414 1972 3546 2009 cuu-

295 2058 506 2112 δίαιταν
557 2055 709 2127 αύτῷ
743 2055 898 2124 λιτὴν
933 2053 1095 2107 πάνυ.
1131 2044 1352 2124 Τροφῆς
1385 2054 1442 2106 δὲ
1485 2053 1583 2122 ούχ
1624 2050 1723 2106 ἕνα
1748 2051 1865 2123 ᾔδει

1991 2064 2223 2122 ινρριυιιι
2267 2071 2376 2108 non
2420 2054 2705 2120 caderent,
2738 2054 2974 2108 liberata
3017 2061 3122 2114 est,
3155 2066 3317 2124 quam
3367 2048 3547 2102 Theu-

298 2147 523 2217 καιρόνο
557 2130 817 2216 διάφορος
846 2145 892 2196 δ’
947 2140 1014 2214 ἦν
1038 2160 1053 2176 ο
1082 2143 1312 2216 ὡρίζετο
1343 2142 1452 2214 γὰρ
1498 2142 1712 2209 τοῦτον,
1738 2141 1863 2195 ὁπό⁸

1991 2147 2144 2200 ,ἰιιιιιε
2195 2145 2363 2200 Deum
2408 2161 2509 2216 pro
2551 2160 2619 2200 eo
2660 2155 2917 2201 exoraret
2961 2163 2976 2198 :
3016 2143 3165 2213 quod
3209 2142 3430 2212 quidem
3489 2148 3547 2192 ut

295 2254 397 2293 ταν
421 2238 599 2289 πεινοῖ
625 2236 658 2307 ἢ
682 2222 846 2304 διψοίῖ
880 2235 991 2289 Kal.
1009 2235 1117 2306 γὰρ
1137 2237 1257 2298 ταῖς
1285 2235 1565 2305 ἀληθείαις
1595 2234 1869 2287 καὶτοῦτο

1991 2236 2183 2292 'accret
2210 2277 2226 2301 ,
2253 2234 2550 2309 plurimum
2594 2246 2719 2293 eum
2758 2238 2957 2307 reliqui
3001 2236 3227 2290 Barbari
3264 2242 3546 2304 rogarunt.
3594 2285 3601 2291 ,

300 2329 599 2399 φιλόσοφον
618 2324 709 2399 ἦν,
734 2326 947 2389 τούτοις
972 2326 1050 2398 μὴ
1074 2326 1208 2396 πρὸς
1233 2327 1538 2397 ῥᾳστώνην,
1567 2322 1703 2378 ἀλλά
1734 2327 1869 2397 πρδς

1991 2328 2142 2383 Fama
2184 2345 2407 2399 quoque
2453 2326 2580 2395 fert,
2616 2328 3063 2399 quandoquidem
3093 2337 3367 2391 comatus,
3422 2342 3546 2380 cum

299 2417 496 2489 χρείαν
529 2419 724 2472 είκειν.
1286 2413 1292 2419 ’

1991 2435 2041 2473 sc
2082 2420 2147 2473 ad
2205 2414 2258 2474 id
2314 2437 2490 2487 genus
2545 2421 2909 2491 pltiloSOphiae
2962 2421 3306 2483 contulissrt,
3347 2417 3548 2479 fuerat.

302 2514 469 2568 talem
500 2528 625 2568 eum
677 2528 855 2584 usque
891 2512 961 2567 ad
992 2512 1113 2567 vita:
1147 2515 1308 2567 linem
1345 2514 1737 2582 permansisse.
1773 2513 2006 2583 Reliqua
2073 2532 2206 2571 vero
2272 2518 2612 2588 quotidianae
2678 2518 2803 2573 vita:
2841 2516 3182 2573 consuetudo
3218 2516 3269 2571 ei
3322 2516 3551 2586 simplex

302 2608 465 2663 valde
516 2608 640 2662 fuit.
695 2608 956 2665 Alimeuti
987 2606 1245 2678 capiendi
1296 2624 1405 2662 non
1473 2624 1667 2676 unum,
1736 2608 1835 2663 sed
1900 2610 2179 2666 diversum
2235 2614 2474 2669 habebat
2516 2624 2767 2684 tempus:
2802 2624 2916 2670 tum
2964 2615 3112 2669 enim
3160 2614 3213 2667 id
3280 2616 3553 2675 sumebat.

301 2721 431 2761 cum
464 2706 721 2769 esurirct,
751 2714 846 2760 aut
881 2704 1083 2762 sitiret.
1112 2704 1246 2760 Nam
1277 2716 1333 2761 ct
1364 2706 1470 2763 hoc
1493 2706 1655 2777 plane
1691 2705 2008 2777 philosophi
2077 2717 2184 2770 est.
2254 2711 2421 2766 rebus
2463 2712 2549 2766 his
2597 2710 2667 2764 ad
2714 2719 3098 2785 necessitatem
3127 2749 3145 2775 ,
3214 2725 3321 2763 non
3360 2710 3426 2762 ad
3455 2723 3555 2764 vo-

303 2803 571 2874 luptatem
606 2802 735 2858 frui.

878 2902 1128 2977 ιιΕΦΑΛ.
1152 2924 1303 2992 Μετ’.

304 3017 447 3084 Περι
478 3014 586 3070 τοῦ
614 3016 786 3085 glria}:
840 3017 1189 3085 Ἐπιφανίου
1214 3084 1221 3085 ί
1248 3015 1356 3069 τοῦ
1386 3013 1726 3069 ἐπισκόπου
1765 3017 1879 3071 Κύ-

383 3079 703 3167 προυιοίός
726 3083 804 3156 ἦν
828 3102 839 3115 ·
870 3079 984 3139 καῖ
1006 3087 1134 3156 περὶ
1161 3084 1281 3138 τῶν
1304 3085 1659 3153 παραδόξων
1688 3085 1879 3155 ἔργων
1905 3083 1947 3141 C

383 3158 595 3210 αὑτοῦ.

398 3271 487 3323 Ἐν
513 3268 689 3340 τούτῳ
715 3268 774 3322 δὲ
802 3269 954 3339 {ptest
984 3270 1077 3323 καὶ
1122 3269 1443 3340 Ἐπιφάνιος
1472 3273 1499 3323 ὁ
1533 3271 1633 3339 τὴν
1654 3270 1884 3341 Κύπρον

313 3360 626 3433 ἱερατεύειν
651 3358 863 3430 λαχὼν*
894 3360 953 3414 δν
979 3361 1040 3413 ού
1094 3363 1255 3430 μόνον
1284 3361 1464 3426 ζῶντα
1495 3363 1767 3432 ἐπίσημον
1806 3364 1885 3425 είς

315 3451 492 3514 ἀκρον
525 3447 698 3501 ἐποίει
722 3449 756 3517 ἡ
782 3449 958 3520 βιοτὴ,
999 3450 1137 3505 ἀλλά
1177 3453 1268 3505 καὶ
1295 3452 1425 3513 Θεὸς
1456 3452 1631 3521 τιμῶν
1674 3450 1766 3505 τδν
1797 3453 1889 3506 ἀν-

316 3542 446 3612 δρα,
477 3540 796 3613 παραδόξων
854 3541 1032 3611 ἔργων
1077 3542 1378 3613 αὐτουργὸν
1411 3543 1638 3607 ἐδείκνυ,
1680 3546 1776 3598 καὶ
1806 3543 1887 3596 ἐτι

319 3635 581 3705 περιόντα
613 3634 708 3687 καὶ
753 3630 1181 3704 τελευτήσαντα.
1228 3634 1340 3687 Καὶ
1381 3635 1490 3704 γὰρ
1531 3635 1709 3702 λόγος,
1750 3634 1778 3687 ὃ
1813 3637 1887 3703 μὴ

319 3724 571 3789 περιόντι
611 3720 891 3795 ὑπῆρξεν,
947 3723 1275 3779 ἀποθανόντι
1324 3724 1601 3793 γενέσθαι.
1655 3724 1889 3787 Πολλοὺς

325 3816 439 3887 γὰρ
471 3816 866 3888 δαιμονῶντας,
897 3816 1049 3886 παρά
1072 3816 1164 3871 τὸν
1185 3817 1356 3885 τάφον
1383 3815 1585 3883 ἰόντας,
1608 3809 1889 3869 ἀπαλλάτ-

320 3906 520 3961 τεσθαι
551 3906 651 3977 τῆς
685 3907 953 3977 μάστιγος
978 3922 992 3935 ·
1024 3908 1118 3961 καὶ
1141 3907 1316 3971 ίάσεις
1344 3906 1509 3971 ἄλλας
1535 3907 1633 3960 καὶ
1656 3909 1712 3971 ἐς
1733 3906 1891 3977 δεῦρο

318 3999 392 4070 δὴ
445 3998 807 4070 πράττεσθαι.
858 3999 1038 4055 Πολλά
1064 3999 1121 4054 δὲ
1156 3998 1251 4054 καὶ
1276 4000 1441 4063 ζῶντι
1482 4000 1660 4067 τούτῳ
1688 4000 1893 4071 πρᾶξαι

321 4089 678 4144 ἀνατιθέασιν
709 4091 759 4143 οί
805 4089 1086 4162 ἐγχώριοι.
1120 4089 1264 4160 Ἐγὼ
1305 4091 1362 4144 δὲ
1414 4090 1477 4144 τὸ
1507 4091 1586 4155 είς
1618 4090 1718 4162 ἐμὲ
1760 4087 1894 4164 ἧκον

316 4179 742 4252 ἐκδιηγήσομζαι.
771 4175 881 4234 Ἦν
905 4182 1006 4251 μὲν
1029 4181 1137 4254 γὰρ
1177 4177 1527 4253 μεταδοτικὸς
1554 4182 1698 4248 λίαν,
1719 4183 1787 4253 ἦν
1811 4199 1892 4246 τις

284 4268 500 4326 ’ἐδεῖτο
515 4270 706 4342 πένης,
738 4271 772 4341 ἢ
802 4271 1068 4342 ναυαγίῳ,
1086 4274 1120 4344 ἢ
1146 4272 1497 4344 ἀλλοτρόπως
1521 4273 1860 4344 δυστυχήσας
1880 4289 1892 4301 ·

324 4364 407 4428 ὡς
446 4362 504 4417 δέ
531 4364 630 4434 τὴν
659 4363 868 4417 οἰκείαν
896 4365 1083 4418 οὐσίαν
1128 4364 1299 4419 πάλαι
1326 4365 1608 4419 ἀνάλωσεν
1635 4367 1693 4419 ἐν
1718 4367 1896 4419 10:05.-

326 4462 446 4517 τοις
473 4455 636 4527 (πόση
672 4455 781 4525 γὰρ
807 4454 872 4510 ἂν
900 4458 997 4509 καὶ
1019 4451 1088 4527 ἦν
1105 4456 1147 4525 ς)
1169 4459 1285 4520 τοῖς
1317 4457 1415 4528 τῆς
1444 4457 1742 4528 ἐκκλησίας
1768 4461 1899 4529 χρή-

334 4561 503 4612 μασιν
533 4546 830 4616 ἀπεχρῆτο,
859 4551 953 4600 καὶ
974 4548 1051 4610 είς
1071 4544 1210 4615 δέον,
1235 4548 1297 4603 τὸ
1325 4548 1421 4602 τοῦ
1459 4548 1644 4617 λόγου,
1663 4550 1900 4605 ἐσπάθα.

332 4636 512 4690 Πολλὰ
547 4632 767 4709 δεῆσαν
801 4640 974 4711 ταύτῃ
1024 4632 1102 4694 τα
1126 4639 1391 4711 χρήματα
1416 4657 1430 4672 °
1466 4636 1549 4705 οἷς
1578 4644 1686 4713 γὰρ
1743 4644 1903 4713 μέλον

276 4796 289 4805 ο
331 4728 602 4797 θεοφιλῶς
631 4729 963 4795 ἀναλίσκειν,
998 4732 1093 4786 καὶ
1124 4732 1328 4797 ζῶντες
1357 4733 1449 4787 καὶ
1480 4735 1587 4788 τῶν
1617 4727 1719 4789 ὧδε
1742 4738 1909 4790 ἀπαί-

333 4837 548 4892 ροντες,
581 4824 646 4893 τῇ
676 4822 796 4877 κατ’
846 4823 1010 4877 αὐτὸν
1051 4825 1315 4896 ἐκκλησίᾳ
1345 4827 1579 4882 πλεῖστα
1613 4832 1897 4901 παρεῖχον.

334 4913 447 4969 Καὶ
477 4916 585 4984 γάρ
616 4917 674 4968 ἐν
707 4915 922 4971 ἐλπίσιν
946 4913 1088 4990 ἦσαν
1114 4924 1402 4991 χρησταῖς,
1433 4923 1508 4987 ὡς
1542 4923 1665 4977 λίαν
1697 4926 1907 4979 οἰκονο-

340 5006 501 5075 μικδς
530 5009 626 5062 καὶ
655 5008 910 5081 θεοφιλὴς
937 5009 1011 5063 ῶν
1036 5014 1064 5065 ὁ
1103 5015 1265 5084 ἀνὴρ,
1301 5015 1443 5069 κατὰ
1469 5014 1698 5087 γνώμην
1724 5020 1907 5081 αὐτοῖς
1936 5040 1941 5045 '

334 5097 586 5169 διαθήσει
618 5100 687 5155 τά
718 5101 994 5173 δεδομένα.
1029 5105 1138 5158 Καί
1169 5122 1298 5159 ποτε
1339 5109 1575 5175 μετρίων
1603 5113 1909 5164 καταστάν-

335 5207 449 5245 των
477 5194 588 5246 τῶν
616 5196 921 5266 χρημάτων
954 5200 1020 5267 τῇ
1050 5202 1219 5270 συχνῇ
1266 5200 1572 5269 μεταδόσει,
1604 5202 1908 5273 χαλεπῆναι

249 5294 267 5310 ί
335 5281 432 5336 τὸν
462 5284 603 5338 αὐτὰ
665 5287 1009 5357 διανέμοντα,
1043 5290 1138 5342 καὶ
1184 5291 1604 5361 ἐπιμέμψασθαι
1653 5291 1727 5357 ὡς
1771 5296 1912 5362 ἄγαν

336 5374 424 5445 εῐη
455 5376 768 5449 δαπανηρός
790 5396 804 5410 ο
828 5382 1037 5433 ἐκεῖνον
1067 5381 1124 5434 δὲ
1156 5383 1279 5453 μηδ’
1309 5384 1452 5438 οὕτω
1479 5401 1530 5438 τι
1564 5384 1909 5454 καθυφεῖναι,

340 5466 646 5538 φιλοτίμως
704 5471 1147 5542 ἐπιχορηγοῦντα
1200 5478 1311 5539 τοῖς
1363 5477 1623 5532 ἐνδεέσιν.
1671 5478 1823 5531 Ἐπεὶ
1867 5478 1911 5530 δ’

337 5556 486 5613 ἁπαν
508 5561 608 5632 ἤδη
636 5561 696 5615 τὸ
728 5567 953 5636 χρυσίον
986 5566 1250 5633 ἀνάλωτο,
1281 5570 1522 5641 προσιών
1547 5588 1631 5637 τις
1681 5572 1760 5642 τῷ
1811 5573 1914 5627 δω-

408 5693 484 5764 (ι)
523 5693 743 5752 Sozotn.
776 5698 910 5755 Eod.
945 5715 1065 5770 cap.
1110 5699 1200 5754 26.

2438 2920 2601 2994 330
2640 2919 2864 2979 CAPUT
2905 2922 3093 2979 XLVI.

1988 3013 2060 3071 De
2095 3021 2280 3069 sancto
2304 3012 2603 3083 Epiphanio
2623 3018 2863 3084 episcopo
2892 3015 3071 3087 Cypri,
3088 3016 3262 3081 qualis
3290 3014 3481 3086 fuerit:
3508 3025 3560 3072 at

2364 3088 2428 3139 de
2451 3087 2780 3140 admirandis
2792 3091 2903 3155 ejus
2916 3087 3174 3156 operibus.

2095 3198 2105 3233 l

2059 3264 2195 3321 Tum
2260 3282 2391 3323 vero
2445 3282 2668 3337 quoque
2729 3265 2920 3321 ﬂoruit
2970 3267 3339 3338 Epiphanius,
3398 3268 3559 3340 Cypri

1987 3359 2329 3429 episcopus:
2368 3360 2463 3429 qui
2518 3360 2606 3413 vir
2648 3375 2759 3414 non
2817 3360 2995 3416 solum
3047 3362 3241 3417 vivens
3272 3403 3287 3427 ,
3338 3374 3565 3432 prOplt‘r

1992 3453 2115 3505 vita:
2159 3451 2512 3506 sanctitatem
2565 3450 2913 3507 clarissimus
2940 3452 3083 3517 fuit;
3130 3453 3224 3508 sed
3255 3469 3383 3508 cum
3420 3456 3565 3509 Dens

1990 3544 2155 3599 etiam
2192 3542 2588 3607 cohonestans,
2623 3541 2986 3598 miriﬁeorum
3036 3558 3266 3613 operum
3325 3555 3568 3615 ptrato-

1993 3651 2109 3688 rem
2151 3650 2274 3689 esse
2321 3634 2586 3698 ostendit,
2634 3634 2991 3704 superstitem
3042 3635 3208 3690 simul
3262 3648 3318 3691 et
3367 3636 3567 3692 delun-

1993 3736 2137 3778 ctum
2167 3724 2265 3794 (l).
2310 3723 2372 3778 Et
2401 3725 2543 3779 fama
2582 3725 2820 3790 obtinet,
2871 3725 3023 3796 quod
3056 3727 3183 3783 vivo
3216 3742 3327 3793 non
3357 3729 3564 3792 evenit.

1996 3818 2048 3872 id
2082 3827 2300 3872 mortuo
2332 3817 2649 3872 accidisse:
2692 3828 2752 3873 ut
2792 3817 3006 3874 scilicet
3051 3819 3396 3877 daemonibus
3446 3823 3566 3890 agi-

1996 3911 2093 3965 tati
2127 3910 2283 3965 multi
2320 3909 2385 3964 ad
2416 3910 2730 3979 sepulcrum
2755 3911 2876 3983 ejus
2921 3911 3278 3988 accedentes,
3317 3913 3473 3983 plaga
3503 3931 3568 3969 ea

1994 4007 2388 4067 liberarentur,
2438 4018 2495 4062 et
2552 4007 2736 4062 multae
2786 4018 3051 4078 praeterea
3095 4008 3217 4064 alia:
3253 4011 3571 4067 sanationes

1997 4096 2164 4161 hodie
2194 4113 2416 4167 quoque
2442 4097 2510 4151 ad
2548 4097 2601 4151 id
2635 4097 2788 4153 ﬁant.
2818 4098 2987 4155 Multa
3024 4115 3157 4156 vero
3185 4102 3353 4157 etiam
3383 4103 3571 4158 viven-

2000 4201 2108 4245 tem
2145 4205 2271 4245 cum
2322 4190 2690 4246 admiratione
2722 4192 2968 4248 omnium
2996 4192 3217 4258 fecisse,
3245 4194 3435 4251 incolae
3453 4197 3574 4267 ejus

2001 4284 2197 4338 insulse
2236 4282 2442 4339 ferunt.
2496 4285 2613 4354 Ego
2660 4293 2869 4350 autem,
2926 4296 3197 4356 quantum
3233 4288 3288 4344 in
3323 4305 3444 4346 mea
3475 4306 3573 4361 po-

2005 4384 2199 4430 testate
2232 4376 2398 4430 situm
2434 4375 2622 4439 fuerit,
2660 4391 2956 4448 exponam.
2987 4377 3371 4451 Fuit,namque
3406 4384 3577 4451 perli-

2009 4468 2211 4523 beralis
2237 4468 2291 4522 in
2325 4483 2551 4538 egenos,
2582 4454 2707 4525 sive
2742 4470 3050 4541 naufragio,
3082 4472 3201 4529 sive
3244 4474 3355 4528 alio
3381 4474 3578 4530 adver-

2004 4574 2079 4613 sa:
2148 4559 2386 4615 fortuna:
2457 4561 2622 4615 modo
2686 4561 2878 4632 jactati
2945 4544 3152 4619 esscin.
3224 4561 3323 4619 Ubi
3390 4574 3574 4626 autem

2008 4652 2211 4706 virtute
2243 4668 2304 4707 ea
2338 4668 2454 4707 rem
2488 4652 2814 4708 familiarem
2839 4667 2993 4709 suam
3029 4654 3255 4723 (quanta
3295 4664 3477 4709 autem
3512 4673 3576 4711 ea

2008 4743 2158 4813 fuit?)
2192 4744 2557 4813 consmupsit,
2612 4744 2860 4801 ecclesia:
2900 4748 3159 4814 pecuniis
3214 4756 3303 4801 est
3347 4747 3574 4811 abusus,

2008 4851 2145 4905 quas
2179 4835 2588 4905 quodammodo
2634 4837 2694 4890 in
2741 4837 3038 4893 honestum
3095 4849 3152 4892 et
3203 4842 3575 4896 necessarium

2013 4944 2169 4983 usum
2207 4928 2535 4997 dilapidavit
2563 4944 2579 4983 :
2613 4930 2800 4984 multae
2829 4940 3013 4985 autem
3062 4933 3140 4985 ha:
3171 4931 3414 4989 fuerant.
3440 4935 3577 4989 Nam

2009 5021 2211 5091 quibus
2253 5036 2399 5077 curze
2445 5030 2588 5087 erat,
2636 5032 2698 5075 ut
2734 5022 3101 5079 substantiam
3152 5040 3307 5078 suam
3356 5029 3409 5080 iu
3460 5028 3577 5096 pios

2013 5128 2144 5167 usus
2179 5122 2495 5183 erogareot,
2532 5123 2588 5168 et
2622 5113 2874 5170 viventes
2905 5125 2963 5170 et
3008 5118 3309 5196 morientes
3343 5120 3578 5189 plurima

2009 5204 2264 5260 ecclesia
2293 5205 2413 5275 ejus
2453 5205 2755 5260 donarunt.
2809 5206 2867 5261 lu
2906 5208 3050 5264 bona
3083 5210 3232 5264 enim
3268 5226 3365 5280 spe
3396 5223 3577 5272 erant,

2010 5296 2189 5349 virum
2223 5296 2314 5349 Dei
2346 5308 2645 5359 amantem,
2671 5306 2727 5353 et
2765 5299 3068 5369 prudenter
3093 5303 3357 5371 pecunias
3387 5303 3573 5358 distri-

2014 5385 2293 5449 bucutcm,
2329 5402 2392 5440 et
2420 5389 2690 5442 sententia
2720 5405 2845 5455 sua,
2870 5392 3137 5462 quidquid
3172 5395 3246 5448 ita
3270 5393 3580 5457 dedissent,

2013 5494 2385 5552 cquusurum
2432 5497 2575 5534 esse.
2614 5481 2682 5535 Et
2715 5498 2837 5536 cum
2872 5483 3170 5553 aliquando
3209 5496 3437 5556 propter
3470 5486 3584 5540 fre-

2014 5580 2274 5642 quentem
2331 5572 2702 5642 largitionem,
2748 5578 2998 5642 pecuniae
3045 5578 3345 5635 admodum
3388 5579 3581 5636 decre-
