  <div class='ocr_page' id='page_1' title='image "/cluster/home/n/w/nwhite01/storage/ocr_20150623/146/hvd.32044073502601/499.png"; bbox 0 0 3898 6192; ppageno 0'>
   <div class='ocr_carea' id='block_1_1' title="bbox 457 217 552 280">
    <p class='ocr_par' dir='ltr' id='par_1_1' title="bbox 457 217 552 280">
     <span class='ocr_line' id='line_1_1' title="bbox 457 217 552 280; baseline 0 -1"><span class='ocrx_word' id='word_1_1' title='bbox 457 217 552 280; x_wconf 66' lang='grc'><strong>911</strong></span> 
     </span>
    </p>
   </div>
   <div class='ocr_carea' id='block_1_2' title="bbox 1676 207 3616 286">
    <p class='ocr_par' dir='ltr' id='par_1_2' title="bbox 1676 207 3616 286">
     <span class='ocr_line' id='line_1_2' title="bbox 1676 207 3616 286; baseline -0.007 -11"><span class='ocrx_word' id='word_1_2' title='bbox 1676 213 2097 276; x_wconf 83' lang='lat' dir='ltr'><strong>NICEPHORI</strong></span> <span class='ocrx_word' id='word_1_3' title='bbox 2140 213 2486 274; x_wconf 80' lang='lat' dir='ltr'><strong>CALLlSTl</strong></span> <span class='ocrx_word' id='word_1_4' title='bbox 2615 207 2620 211; x_wconf 85' lang='grc'>·</span> <span class='ocrx_word' id='word_1_5' title='bbox 3533 223 3616 286; x_wconf 64' lang='grc' dir='ltr'>9η</span> 
     </span>
    </p>
   </div>
   <div class='ocr_carea' id='block_1_3' title="bbox 454 321 2015 400">
    <p class='ocr_par' dir='ltr' id='par_1_3' title="bbox 454 327 2015 400">
     <span class='ocr_line' id='line_1_3' title="bbox 454 327 2015 400; baseline -0.002 -17"><span class='ocrx_word' id='word_1_6' title='bbox 454 336 682 395; x_wconf 73' lang='lat' dir='ltr'><strong>vissent,</strong></span> <span class='ocrx_word' id='word_1_7' title='bbox 721 329 987 400; x_wconf 86' lang='lat' dir='ltr'><strong>quosdam</strong></span> <span class='ocrx_word' id='word_1_8' title='bbox 1027 329 1078 382; x_wconf 98' lang='lat' dir='ltr'><strong>id</strong></span> <span class='ocrx_word' id='word_1_9' title='bbox 1115 329 1342 384; x_wconf 90' lang='lat' dir='ltr'><strong>moleste</strong></span> <span class='ocrx_word' id='word_1_10' title='bbox 1375 328 1638 393; x_wconf 88' lang='lat' dir='ltr'><strong>ferentes,</strong></span> <span class='ocrx_word' id='word_1_11' title='bbox 1689 339 1746 382; x_wconf 91' lang='lat' dir='ltr'><strong>et</strong></span> <span class='ocrx_word' id='word_1_12' title='bbox 1773 327 2015 382; x_wconf 70' lang='lat' dir='ltr'><strong>ecclesia:</strong></span> 
     </span>
    </p>
   </div>
   <div class='ocr_carea' id='block_1_4' title="bbox 2120 321 3620 400">
    <p class='ocr_par' dir='ltr' id='par_1_4' title="bbox 2133 321 3620 400">
     <span class='ocr_line' id='line_1_4' title="bbox 2133 321 3620 400; baseline 0.006 -26"><span class='ocrx_word' id='word_1_13' title='bbox 2133 325 2308 395; x_wconf 85' lang='grc' dir='ltr'>ματίῳ</span> <span class='ocrx_word' id='word_1_14' title='bbox 2333 321 2392 381; x_wconf 74' lang='grc' dir='ltr'><strong>οὗ</strong></span> <span class='ocrx_word' id='word_1_15' title='bbox 2421 325 2611 394; x_wconf 74' lang='grc' dir='ltr'>διῆγεν</span> <span class='ocrx_word' id='word_1_16' title='bbox 2639 327 2667 378; x_wconf 90' lang='grc' dir='ltr'><strong>ό</strong></span> <span class='ocrx_word' id='word_1_17' title='bbox 2699 325 3004 394; x_wconf 71' lang='grc' dir='ltr'><strong>οἰκονόμος,</strong></span> <span class='ocrx_word' id='word_1_18' title='bbox 3035 325 3176 395; x_wconf 88' lang='grc' dir='ltr'>μέγα</span> <span class='ocrx_word' id='word_1_19' title='bbox 3207 343 3256 379; x_wconf 88' lang='grc' dir='ltr'><strong>τι</strong></span> <span class='ocrx_word' id='word_1_20' title='bbox 3288 329 3372 380; x_wconf 81' lang='grc' dir='ltr'>καὶ</span> <span class='ocrx_word' id='word_1_21' title='bbox 3395 329 3620 400; x_wconf 71' lang='grc' dir='ltr'>ὑπερφυὲς</span> 
     </span>
    </p>
   </div>
   <div class='ocr_carea' id='block_1_5' title="bbox 453 416 2020 489">
    <p class='ocr_par' dir='ltr' id='par_1_5' title="bbox 453 416 2020 489">
     <span class='ocr_line' id='line_1_5' title="bbox 453 416 2020 489; baseline -0.004 -13"><span class='ocrx_word' id='word_1_22' title='bbox 453 435 801 477; x_wconf 73' lang='grc' dir='ltr'>ωοοηοηιιιηι</span> <span class='ocrx_word' id='word_1_23' title='bbox 856 418 1157 489; x_wconf 71' lang='grc' dir='ltr'>ριοιοοίρυο,</span> <span class='ocrx_word' id='word_1_24' title='bbox 1201 417 1631 487; x_wconf 84' lang='lat' dir='ltr'><strong>reprehendisse</strong></span> <span class='ocrx_word' id='word_1_25' title='bbox 1673 433 1825 479; x_wconf 90' lang='lat' dir='ltr'><strong>eum,</strong></span> <span class='ocrx_word' id='word_1_26' title='bbox 1873 416 2020 486; x_wconf 90' lang='lat' dir='ltr'><strong>quod</strong></span> 
     </span>
    </p>
   </div>
   <div class='ocr_carea' id='block_1_6' title="bbox 455 503 2022 579">
    <p class='ocr_par' dir='ltr' id='par_1_6' title="bbox 455 503 2022 579">
     <span class='ocr_line' id='line_1_6' title="bbox 455 503 2022 579; baseline -0.003 -15"><span class='ocrx_word' id='word_1_27' title='bbox 455 523 562 565; x_wconf 87' lang='lat' dir='ltr'><strong>tam</strong></span> <span class='ocrx_word' id='word_1_28' title='bbox 597 518 955 579; x_wconf 87' lang='lat' dir='ltr'><strong>sumptuosus</strong></span> <span class='ocrx_word' id='word_1_29' title='bbox 984 516 1040 562; x_wconf 91' lang='lat' dir='ltr'><strong>et</strong></span> <span class='ocrx_word' id='word_1_30' title='bbox 1080 507 1345 576; x_wconf 83' lang='lat' dir='ltr'><strong>prodigus</strong></span> <span class='ocrx_word' id='word_1_31' title='bbox 1385 516 1558 570; x_wconf 87' lang='lat' dir='ltr'><strong>esset,</strong></span> <span class='ocrx_word' id='word_1_32' title='bbox 1603 506 1806 560; x_wconf 86' lang='lat' dir='ltr'><strong>ferunt.</strong></span> <span class='ocrx_word' id='word_1_33' title='bbox 1843 503 2022 560; x_wconf 81' lang='lat' dir='ltr'><strong>Caete-</strong></span> 
     </span>
    </p>
   </div>
   <div class='ocr_carea' id='block_1_7' title="bbox 455 598 2022 668">
    <p class='ocr_par' dir='ltr' id='par_1_7' title="bbox 455 598 2022 668">
     <span class='ocr_line' id='line_1_7' title="bbox 455 598 2022 668; baseline -0.004 -12"><span class='ocrx_word' id='word_1_34' title='bbox 455 613 575 656; x_wconf 85' lang='lat' dir='ltr'><strong>rum</strong></span> <span class='ocrx_word' id='word_1_35' title='bbox 611 618 677 656; x_wconf 92' lang='lat' dir='ltr'><strong>ne</strong></span> <span class='ocrx_word' id='word_1_36' title='bbox 706 611 818 656; x_wconf 90' lang='lat' dir='ltr'><strong>tum</strong></span> <span class='ocrx_word' id='word_1_37' title='bbox 851 599 1077 668; x_wconf 91' lang='lat' dir='ltr'><strong>quidem</strong></span> <span class='ocrx_word' id='word_1_38' title='bbox 1107 599 1174 654; x_wconf 91' lang='lat' dir='ltr'><strong>de</strong></span> <span class='ocrx_word' id='word_1_39' title='bbox 1211 613 1366 653; x_wconf 89' lang='lat' dir='ltr'><strong>more</strong></span> <span class='ocrx_word' id='word_1_40' title='bbox 1398 612 1522 662; x_wconf 87' lang='lat' dir='ltr'><strong>suo,</strong></span> <span class='ocrx_word' id='word_1_41' title='bbox 1557 598 1686 666; x_wconf 88' lang='lat' dir='ltr'><strong>quin</strong></span> <span class='ocrx_word' id='word_1_42' title='bbox 1719 598 2022 652; x_wconf 90' lang='lat' dir='ltr'><strong>liberaliter</strong></span> 
     </span>
    </p>
   </div>
   <div class='ocr_carea' id='block_1_8' title="bbox 453 689 2019 762">
    <p class='ocr_par' dir='ltr' id='par_1_8' title="bbox 453 689 2019 762">
     <span class='ocr_line' id='line_1_8' title="bbox 453 689 2019 762; baseline -0.002 -17"><span class='ocrx_word' id='word_1_43' title='bbox 453 693 828 762; x_wconf 81' lang='lat' dir='ltr'><strong>indigentibus</strong></span> <span class='ocrx_word' id='word_1_44' title='bbox 874 691 1192 759; x_wconf 87' lang='lat' dir='ltr'><strong>largiretur,</strong></span> <span class='ocrx_word' id='word_1_45' title='bbox 1242 689 1544 759; x_wconf 90' lang='lat' dir='ltr'><strong>quidquam</strong></span> <span class='ocrx_word' id='word_1_46' title='bbox 1587 689 1821 743; x_wconf 75' lang='lat' dir='ltr'><strong>remisit.</strong></span> <span class='ocrx_word' id='word_1_47' title='bbox 1881 689 2019 743; x_wconf 88' lang='lat' dir='ltr'><strong>Cum</strong></span> 
     </span>
    </p>
   </div>
   <div class='ocr_carea' id='block_1_9' title="bbox 452 786 2023 852">
    <p class='ocr_par' dir='ltr' id='par_1_9' title="bbox 452 786 2023 852">
     <span class='ocr_line' id='line_1_9' title="bbox 452 786 2023 852; baseline 0.001 -16"><span class='ocrx_word' id='word_1_48' title='bbox 452 795 637 838; x_wconf 86' lang='lat' dir='ltr'><strong>autem</strong></span> <span class='ocrx_word' id='word_1_49' title='bbox 666 786 776 852; x_wconf 83' lang='lat' dir='ltr'><strong>jam</strong></span> <span class='ocrx_word' id='word_1_50' title='bbox 807 797 1006 836; x_wconf 90' lang='lat' dir='ltr'><strong>aurum</strong></span> <span class='ocrx_word' id='word_1_51' title='bbox 1049 796 1214 834; x_wconf 90' lang='lat' dir='ltr'><strong>omne</strong></span> <span class='ocrx_word' id='word_1_52' title='bbox 1243 790 1632 849; x_wconf 89' lang='lat' dir='ltr'><strong>consumptum</strong></span> <span class='ocrx_word' id='word_1_53' title='bbox 1662 790 1830 844; x_wconf 87' lang='lat' dir='ltr'><strong>esset,</strong></span> <span class='ocrx_word' id='word_1_54' title='bbox 1865 794 2023 837; x_wconf 83' lang='lat' dir='ltr'><strong>acce-</strong></span> 
     </span>
    </p>
   </div>
   <div class='ocr_carea' id='block_1_10' title="bbox 451 873 2021 945">
    <p class='ocr_par' dir='ltr' id='par_1_10' title="bbox 451 873 2021 945">
     <span class='ocr_line' id='line_1_10' title="bbox 451 873 2021 945; baseline -0.003 -14"><span class='ocrx_word' id='word_1_55' title='bbox 451 877 590 932; x_wconf 86' lang='lat' dir='ltr'><strong>dens</strong></span> <span class='ocrx_word' id='word_1_56' title='bbox 633 874 857 945; x_wconf 88' lang='lat' dir='ltr'><strong>quidam</strong></span> <span class='ocrx_word' id='word_1_57' title='bbox 891 874 960 928; x_wconf 89' lang='lat' dir='ltr'><strong>ad</strong></span> <span class='ocrx_word' id='word_1_58' title='bbox 993 890 1117 928; x_wconf 89' lang='lat' dir='ltr'><strong>eam</strong></span> <span class='ocrx_word' id='word_1_59' title='bbox 1143 875 1393 936; x_wconf 90' lang='lat' dir='ltr'><strong>domum,</strong></span> <span class='ocrx_word' id='word_1_60' title='bbox 1433 873 1488 926; x_wconf 92' lang='lat' dir='ltr'><strong>in</strong></span> <span class='ocrx_word' id='word_1_61' title='bbox 1529 889 1634 943; x_wconf 87' lang='lat' dir='ltr'><strong>qua</strong></span> <span class='ocrx_word' id='word_1_62' title='bbox 1666 873 2021 941; x_wconf 80' lang='lat' dir='ltr'><strong>dispensator</strong></span> 
     </span>
    </p>
   </div>
   <div class='ocr_carea' id='block_1_11' title="bbox 452 964 2020 1036">
    <p class='ocr_par' dir='ltr' id='par_1_11' title="bbox 452 964 2020 1036">
     <span class='ocr_line' id='line_1_11' title="bbox 452 964 2020 1036; baseline -0.001 -16"><span class='ocrx_word' id='word_1_63' title='bbox 452 967 554 1022; x_wconf 91' lang='lat' dir='ltr'><strong>iste</strong></span> <span class='ocrx_word' id='word_1_64' title='bbox 577 965 794 1036; x_wconf 81' lang='lat' dir='ltr'><strong>agebat,</strong></span> <span class='ocrx_word' id='word_1_65' title='bbox 831 965 1108 1036; x_wconf 89' lang='lat' dir='ltr'><strong>ingentem</strong></span> <span class='ocrx_word' id='word_1_66' title='bbox 1135 965 1431 1033; x_wconf 88' lang='lat' dir='ltr'><strong>quamdam</strong></span> <span class='ocrx_word' id='word_1_67' title='bbox 1461 973 1518 1018; x_wconf 92' lang='lat' dir='ltr'><strong>et</strong></span> <span class='ocrx_word' id='word_1_68' title='bbox 1564 964 1850 1017; x_wconf 82' lang='lat' dir='ltr'><strong>miriﬁcam</strong></span> <span class='ocrx_word' id='word_1_69' title='bbox 1891 979 2020 1019; x_wconf 90' lang='lat' dir='ltr'><strong>eru-</strong></span> 
     </span>
    </p>
   </div>
   <div class='ocr_carea' id='block_1_12' title="bbox 451 1056 2020 1126">
    <p class='ocr_par' dir='ltr' id='par_1_12' title="bbox 451 1056 2020 1126">
     <span class='ocr_line' id='line_1_12' title="bbox 451 1056 2020 1126; baseline 0.002 -18"><span class='ocrx_word' id='word_1_70' title='bbox 451 1071 665 1110; x_wconf 89' lang='lat' dir='ltr'><strong>menam</strong></span> <span class='ocrx_word' id='word_1_71' title='bbox 716 1071 843 1110; x_wconf 92' lang='lat' dir='ltr'><strong>cum</strong></span> <span class='ocrx_word' id='word_1_72' title='bbox 904 1071 1102 1126; x_wconf 86' lang='lat' dir='ltr'><strong>magno</strong></span> <span class='ocrx_word' id='word_1_73' title='bbox 1156 1059 1278 1110; x_wconf 89' lang='lat' dir='ltr'><strong>auri</strong></span> <span class='ocrx_word' id='word_1_74' title='bbox 1331 1056 1574 1126; x_wconf 89' lang='lat' dir='ltr'><strong>pondere</strong></span> <span class='ocrx_word' id='word_1_75' title='bbox 1615 1057 1667 1110; x_wconf 88' lang='lat' dir='ltr'><strong>ei</strong></span> <span class='ocrx_word' id='word_1_76' title='bbox 1719 1057 1772 1109; x_wconf 93' lang='lat' dir='ltr'><strong>in</strong></span> <span class='ocrx_word' id='word_1_77' title='bbox 1825 1071 2020 1111; x_wconf 87' lang='lat' dir='ltr'><strong>manus</strong></span> 
     </span>
    </p>
   </div>
   <div class='ocr_carea' id='block_1_13' title="bbox 448 1146 2017 1217">
    <p class='ocr_par' dir='ltr' id='par_1_13' title="bbox 448 1146 2017 1217">
     <span class='ocr_line' id='line_1_13' title="bbox 448 1146 2017 1217; baseline 0 -17"><span class='ocrx_word' id='word_1_78' title='bbox 448 1146 600 1201; x_wconf 90' lang='lat' dir='ltr'><strong>dedit</strong></span> <span class='ocrx_word' id='word_1_79' title='bbox 633 1164 648 1200; x_wconf 89' lang='lat'><strong>:</strong></span> <span class='ocrx_word' id='word_1_80' title='bbox 679 1156 736 1201; x_wconf 91' lang='lat' dir='ltr'><strong>et</strong></span> <span class='ocrx_word' id='word_1_81' title='bbox 764 1147 949 1202; x_wconf 85' lang='lat' dir='ltr'><strong>statim</strong></span> <span class='ocrx_word' id='word_1_82' title='bbox 991 1147 1154 1210; x_wconf 88' lang='lat' dir='ltr'><strong>abiit,</strong></span> <span class='ocrx_word' id='word_1_83' title='bbox 1192 1163 1369 1217; x_wconf 84' lang='lat' dir='ltr'><strong>neque</strong></span> <span class='ocrx_word' id='word_1_84' title='bbox 1397 1148 1522 1217; x_wconf 87' lang='lat' dir='ltr'><strong>quis</strong></span> <span class='ocrx_word' id='word_1_85' title='bbox 1553 1148 1666 1216; x_wconf 87' lang='lat' dir='ltr'><strong>ipse</strong></span> <span class='ocrx_word' id='word_1_86' title='bbox 1702 1155 1869 1213; x_wconf 88' lang='lat' dir='ltr'><strong>esset,</strong></span> <span class='ocrx_word' id='word_1_87' title='bbox 1918 1163 2017 1201; x_wconf 90' lang='lat' dir='ltr'><strong>ne-</strong></span> 
     </span>
    </p>
   </div>
   <div class='ocr_carea' id='block_1_14' title="bbox 446 1237 2014 1308">
    <p class='ocr_par' dir='ltr' id='par_1_14' title="bbox 446 1237 2014 1308">
     <span class='ocr_line' id='line_1_14' title="bbox 446 1237 2014 1308; baseline 0.001 -19"><span class='ocrx_word' id='word_1_88' title='bbox 446 1254 555 1307; x_wconf 88' lang='lat' dir='ltr'><strong>que</strong></span> <span class='ocrx_word' id='word_1_89' title='bbox 581 1239 674 1307; x_wconf 91' lang='lat' dir='ltr'><strong>qui</strong></span> <span class='ocrx_word' id='word_1_90' title='bbox 707 1238 759 1292; x_wconf 89' lang='lat' dir='ltr'><strong>id</strong></span> <span class='ocrx_word' id='word_1_91' title='bbox 792 1238 1054 1301; x_wconf 86' lang='lat' dir='ltr'><strong>misisset,</strong></span> <span class='ocrx_word' id='word_1_92' title='bbox 1078 1237 1348 1292; x_wconf 86' lang='lat' dir='ltr'><strong>indicans.</strong></span> <span class='ocrx_word' id='word_1_93' title='bbox 1369 1239 1636 1308; x_wconf 89' lang='lat' dir='ltr'><strong>Perquam</strong></span> <span class='ocrx_word' id='word_1_94' title='bbox 1661 1254 1790 1293; x_wconf 77' lang='lat' dir='ltr'><strong>vero</strong></span> <span class='ocrx_word' id='word_1_95' title='bbox 1817 1239 2014 1292; x_wconf 85' lang='lat' dir='ltr'><strong>mirum</strong></span> 
     </span>
    </p>
   </div>
   <div class='ocr_carea' id='block_1_15' title="bbox 449 1328 2017 1398">
    <p class='ocr_par' dir='ltr' id='par_1_15' title="bbox 449 1328 2017 1398">
     <span class='ocr_line' id='line_1_15' title="bbox 449 1328 2017 1398; baseline 0.003 -20"><span class='ocrx_word' id='word_1_96' title='bbox 449 1332 625 1384; x_wconf 86' lang='lat' dir='ltr'><strong>visum</strong></span> <span class='ocrx_word' id='word_1_97' title='bbox 657 1341 740 1383; x_wconf 89' lang='lat' dir='ltr'><strong>est</strong></span> <span class='ocrx_word' id='word_1_98' title='bbox 771 1329 945 1383; x_wconf 85' lang='lat' dir='ltr'><strong>latere</strong></span> <span class='ocrx_word' id='word_1_99' title='bbox 1002 1345 1155 1392; x_wconf 89' lang='lat' dir='ltr'><strong>eum,</strong></span> <span class='ocrx_word' id='word_1_100' title='bbox 1204 1328 1298 1398; x_wconf 85' lang='lat' dir='ltr'><strong>qui</strong></span> <span class='ocrx_word' id='word_1_101' title='bbox 1337 1337 1546 1382; x_wconf 82' lang='lat' dir='ltr'><strong>tantam</strong></span> <span class='ocrx_word' id='word_1_102' title='bbox 1605 1330 1715 1382; x_wconf 87' lang='lat' dir='ltr'><strong>vim</strong></span> <span class='ocrx_word' id='word_1_103' title='bbox 1768 1331 2017 1398; x_wconf 77' lang='lat' dir='ltr'><strong>pecunia:</strong></span> 
     </span>
    </p>
   </div>
   <div class='ocr_carea' id='block_1_16' title="bbox 445 1419 2018 1490">
    <p class='ocr_par' dir='ltr' id='par_1_16' title="bbox 445 1419 2018 1490">
     <span class='ocr_line' id='line_1_16' title="bbox 445 1419 2018 1490; baseline 0.003 -20"><span class='ocrx_word' id='word_1_104' title='bbox 445 1422 712 1485; x_wconf 82' lang='lat' dir='ltr'><strong>dedisset,</strong></span> <span class='ocrx_word' id='word_1_105' title='bbox 772 1421 1059 1475; x_wconf 80' lang='lat' dir='ltr'><strong>voluisse:</strong></span> <span class='ocrx_word' id='word_1_106' title='bbox 1117 1421 1434 1490; x_wconf 85' lang='lat' dir='ltr'><strong>factumque</strong></span> <span class='ocrx_word' id='word_1_107' title='bbox 1491 1419 1544 1475; x_wconf 89' lang='lat' dir='ltr'><strong>id</strong></span> <span class='ocrx_word' id='word_1_108' title='bbox 1600 1421 2018 1475; x_wconf 89' lang='lat' dir='ltr'><strong>considerantes</strong></span> 
     </span>
    </p>
   </div>
   <div class='ocr_carea' id='block_1_17' title="bbox 447 1512 2016 1579">
    <p class='ocr_par' dir='ltr' id='par_1_17' title="bbox 447 1512 2016 1579">
     <span class='ocr_line' id='line_1_17' title="bbox 447 1512 2016 1579; baseline 0 -13"><span class='ocrx_word' id='word_1_109' title='bbox 447 1515 722 1575; x_wconf 88' lang='lat' dir='ltr'><strong>homines.</strong></span> <span class='ocrx_word' id='word_1_110' title='bbox 764 1513 1006 1567; x_wconf 79' lang='lat' dir='ltr'><strong>divinant</strong></span> <span class='ocrx_word' id='word_1_111' title='bbox 1060 1528 1182 1568; x_wconf 86' lang='lat' dir='ltr'><strong>eam</strong></span> <span class='ocrx_word' id='word_1_112' title='bbox 1239 1529 1361 1567; x_wconf 85' lang='lat' dir='ltr'><strong>esse</strong></span> <span class='ocrx_word' id='word_1_113' title='bbox 1414 1512 1826 1579; x_wconf 79' lang='lat' dir='ltr'><strong>liberalitatem,</strong></span> <span class='ocrx_word' id='word_1_114' title='bbox 1880 1529 2016 1567; x_wconf 88' lang='lat' dir='ltr'><strong>eon-</strong></span> 
     </span>
    </p>
   </div>
   <div class='ocr_carea' id='block_1_18' title="bbox 443 1603 2013 1674">
    <p class='ocr_par' dir='ltr' id='par_1_18' title="bbox 443 1603 2013 1674">
     <span class='ocr_line' id='line_1_18' title="bbox 443 1603 2013 1674; baseline 0 -16"><span class='ocrx_word' id='word_1_115' title='bbox 443 1607 711 1669; x_wconf 81' lang='lat' dir='ltr'><strong>jecturam</strong></span> <span class='ocrx_word' id='word_1_116' title='bbox 760 1603 962 1658; x_wconf 91' lang='lat' dir='ltr'><strong>fecere.</strong></span> <span class='ocrx_word' id='word_1_117' title='bbox 1016 1603 1196 1674; x_wconf 88' lang='lat' dir='ltr'><strong>Atque</strong></span> <span class='ocrx_word' id='word_1_118' title='bbox 1244 1604 1346 1659; x_wconf 88' lang='lat' dir='ltr'><strong>hoc</strong></span> <span class='ocrx_word' id='word_1_119' title='bbox 1395 1605 1618 1674; x_wconf 86' lang='lat' dir='ltr'><strong>quidem</strong></span> <span class='ocrx_word' id='word_1_120' title='bbox 1674 1607 1754 1661; x_wconf 87' lang='lat' dir='ltr'><strong>sic</strong></span> <span class='ocrx_word' id='word_1_121' title='bbox 1806 1615 2013 1659; x_wconf 89' lang='lat' dir='ltr'><strong>aetum.</strong></span> 
     </span>
    </p>
   </div>
   <div class='ocr_carea' id='block_1_19' title="bbox 2125 416 3622 489">
    <p class='ocr_par' dir='ltr' id='par_1_19' title="bbox 2125 416 3622 489">
     <span class='ocr_line' id='line_1_19' title="bbox 2125 416 3622 489; baseline 0.005 -19"><span class='ocrx_word' id='word_1_122' title='bbox 2125 417 2411 486; x_wconf 63' lang='grc' dir='ltr'>βαλάντιον</span> <span class='ocrx_word' id='word_1_123' title='bbox 2455 416 2636 486; x_wconf 83' lang='grc' dir='ltr'>πολλῷ</span> <span class='ocrx_word' id='word_1_124' title='bbox 2686 419 2915 489; x_wconf 84' lang='grc' dir='ltr'>χρυσίου</span> <span class='ocrx_word' id='word_1_125' title='bbox 2980 419 3119 486; x_wconf 74' lang='grc' dir='ltr'><strong>ὁ).κῷ</strong></span> <span class='ocrx_word' id='word_1_126' title='bbox 3175 417 3508 488; x_wconf 67' lang='grc' dir='ltr'><strong>βαρυνόμενον</strong></span> <span class='ocrx_word' id='word_1_127' title='bbox 3545 424 3622 478; x_wconf 73' lang='grc' dir='ltr'><strong>ἀνὰ</strong></span> 
     </span>
    </p>
   </div>
   <div class='ocr_carea' id='block_1_20' title="bbox 2122 510 3623 582">
    <p class='ocr_par' dir='ltr' id='par_1_20' title="bbox 2122 510 3623 582">
     <span class='ocr_line' id='line_1_20' title="bbox 2122 510 3623 582; baseline 0.001 -20"><span class='ocrx_word' id='word_1_128' title='bbox 2122 512 2311 580; x_wconf 84' lang='grc' dir='ltr'>χεῖρας</span> <span class='ocrx_word' id='word_1_129' title='bbox 2340 510 2539 578; x_wconf 86' lang='grc' dir='ltr'>βαλὼν,</span> <span class='ocrx_word' id='word_1_130' title='bbox 2577 511 2756 563; x_wconf 84' lang='grc' dir='ltr'>ἀπιὼν</span> <span class='ocrx_word' id='word_1_131' title='bbox 2803 510 2996 580; x_wconf 77' lang='grc' dir='ltr'>ᾤχετο,</span> <span class='ocrx_word' id='word_1_132' title='bbox 3037 512 3176 580; x_wconf 79' lang='grc' dir='ltr'>μήτε</span> <span class='ocrx_word' id='word_1_133' title='bbox 3208 510 3290 573; x_wconf 89' lang='grc' dir='ltr'><strong>τίς</strong></span> <span class='ocrx_word' id='word_1_134' title='bbox 3316 512 3342 563; x_wconf 93' lang='lat'><strong>6</strong></span> <span class='ocrx_word' id='word_1_135' title='bbox 3369 513 3478 575; x_wconf 73' lang='grc' dir='ltr'>δοὺς</span> <span class='ocrx_word' id='word_1_136' title='bbox 3502 514 3528 582; x_wconf 77' lang='grc' dir='ltr'>ἢ</span> <span class='ocrx_word' id='word_1_137' title='bbox 3553 519 3623 569; x_wconf 73' lang='grc' dir='ltr'><strong>καὶ</strong></span> 
     </span>
    </p>
   </div>
   <div class='ocr_carea' id='block_1_21' title="bbox 2120 601 3624 673">
    <p class='ocr_par' dir='ltr' id='par_1_21' title="bbox 2120 601 3624 673">
     <span class='ocr_line' id='line_1_21' title="bbox 2120 601 3624 673; baseline 0.004 -19"><span class='ocrx_word' id='word_1_138' title='bbox 2120 601 2477 671; x_wconf 80' lang='grc' dir='ltr'>όπεπομφὼς</span> <span class='ocrx_word' id='word_1_139' title='bbox 2529 603 2689 671; x_wconf 81' lang='grc' dir='ltr'>δῆλον</span> <span class='ocrx_word' id='word_1_140' title='bbox 2745 603 3081 672; x_wconf 83' lang='grc' dir='ltr'>πεποιηκώς.</span> <span class='ocrx_word' id='word_1_141' title='bbox 3131 603 3235 654; x_wconf 83' lang='grc' dir='ltr'>Καί</span> <span class='ocrx_word' id='word_1_142' title='bbox 3269 619 3329 670; x_wconf 89' lang='grc' dir='ltr'><strong>γε</strong></span> <span class='ocrx_word' id='word_1_143' title='bbox 3374 608 3624 673; x_wconf 56' lang='grc' dir='ltr'>παράδοξον</span> 
     </span>
    </p>
   </div>
   <div class='ocr_carea' id='block_1_22' title="bbox 2119 691 3623 762">
    <p class='ocr_par' dir='ltr' id='par_1_22' title="bbox 2119 691 3623 762">
     <span class='ocr_line' id='line_1_22' title="bbox 2119 691 3623 762; baseline 0.002 -16"><span class='ocrx_word' id='word_1_144' title='bbox 2119 692 2243 746; x_wconf 91' lang='grc' dir='ltr'>λίαν</span> <span class='ocrx_word' id='word_1_145' title='bbox 2276 693 2475 755; x_wconf 77' lang='grc' dir='ltr'>ἐδόκει,</span> <span class='ocrx_word' id='word_1_146' title='bbox 2505 693 2744 746; x_wconf 80' lang='grc' dir='ltr'><strong>ἐπιδόσει</strong></span> <span class='ocrx_word' id='word_1_147' title='bbox 2773 691 3044 745; x_wconf 77' lang='grc' dir='ltr'><strong>τοσούτων</strong></span> <span class='ocrx_word' id='word_1_148' title='bbox 3073 693 3364 762; x_wconf 77' lang='grc' dir='ltr'>χρημάτων</span> <span class='ocrx_word' id='word_1_149' title='bbox 3393 696 3623 761; x_wconf 76' lang='grc' dir='ltr'><strong>ἄγνωστον</strong></span> 
     </span>
    </p>
   </div>
   <div class='ocr_carea' id='block_1_23' title="bbox 2122 779 3628 854">
    <p class='ocr_par' dir='ltr' id='par_1_23' title="bbox 2122 779 3628 854">
     <span class='ocr_line' id='line_1_23' title="bbox 2122 779 3628 854; baseline 0.003 -17"><span class='ocrx_word' id='word_1_150' title='bbox 2122 785 2312 838; x_wconf 65' lang='grc' dir='ltr'>ἑαυτὸν</span> <span class='ocrx_word' id='word_1_151' title='bbox 2361 784 2508 844; x_wconf 82' lang='grc' dir='ltr'>ὅστις</span> <span class='ocrx_word' id='word_1_152' title='bbox 2541 779 2608 854; x_wconf 79' lang='grc' dir='ltr'>ἦν</span> <span class='ocrx_word' id='word_1_153' title='bbox 2665 783 2694 836; x_wconf 93' lang='lat'><strong>6</strong></span> <span class='ocrx_word' id='word_1_154' title='bbox 2739 783 2885 846; x_wconf 71' lang='grc' dir='ltr'>δοὺς,</span> <span class='ocrx_word' id='word_1_155' title='bbox 2935 783 3296 851; x_wconf 82' lang='grc' dir='ltr'>καταστῆσαι.</span> <span class='ocrx_word' id='word_1_156' title='bbox 3337 785 3424 849; x_wconf 82' lang='grc' dir='ltr'><strong>Εἰς</strong></span> <span class='ocrx_word' id='word_1_157' title='bbox 3465 788 3566 840; x_wconf 78' lang='grc' dir='ltr'>νοῦν</span> <span class='ocrx_word' id='word_1_158' title='bbox 3586 792 3628 843; x_wconf 77' lang='grc' dir='ltr'>δὲ</span> 
     </span>
    </p>
   </div>
   <div class='ocr_carea' id='block_1_24' title="bbox 2121 867 3631 944">
    <p class='ocr_par' dir='ltr' id='par_1_24' title="bbox 2121 867 3631 944">
     <span class='ocr_line' id='line_1_24' title="bbox 2121 867 3631 944; baseline -0.001 -17"><span class='ocrx_word' id='word_1_159' title='bbox 2121 878 2362 944; x_wconf 85' lang='grc' dir='ltr'>θέμενοι,</span> <span class='ocrx_word' id='word_1_160' title='bbox 2412 872 2692 944; x_wconf 71' lang='grc' dir='ltr'><strong>θειοτέραν</strong></span> <span class='ocrx_word' id='word_1_161' title='bbox 2740 867 2882 926; x_wconf 83' lang='grc' dir='ltr'>εἶναι</span> <span class='ocrx_word' id='word_1_162' title='bbox 2915 875 3014 944; x_wconf 73' lang='grc' dir='ltr'>τὴν</span> <span class='ocrx_word' id='word_1_163' title='bbox 3047 874 3245 943; x_wconf 78' lang='grc' dir='ltr'>πρᾶξιν</span> <span class='ocrx_word' id='word_1_164' title='bbox 3279 877 3541 931; x_wconf 75' lang='grc' dir='ltr'>συνέϐαλον</span> <span class='ocrx_word' id='word_1_165' title='bbox 3585 878 3631 934; x_wconf 71' lang='grc' dir='ltr'><strong>ἃ-</strong></span> 
     </span>
    </p>
   </div>
   <div class='ocr_carea' id='block_1_25' title="bbox 2123 965 3629 1038">
    <p class='ocr_par' dir='ltr' id='par_1_25' title="bbox 2123 965 3629 1038">
     <span class='ocr_line' id='line_1_25' title="bbox 2123 965 3629 1038; baseline 0.004 -19"><span class='ocrx_word' id='word_1_166' title='bbox 2123 984 2348 1030; x_wconf 88' lang='grc' dir='ltr'>παντες.</span> <span class='ocrx_word' id='word_1_167' title='bbox 2401 966 2576 1019; x_wconf 82' lang='grc' dir='ltr'>Τοῦτο</span> <span class='ocrx_word' id='word_1_168' title='bbox 2611 967 2710 1036; x_wconf 78' lang='grc' dir='ltr'>μὲν</span> <span class='ocrx_word' id='word_1_169' title='bbox 2754 966 2820 1037; x_wconf 75' lang='grc' dir='ltr'>δὴ</span> <span class='ocrx_word' id='word_1_170' title='bbox 2854 965 3132 1020; x_wconf 57' lang='grc' dir='ltr'>τοιοῦτον</span> <span class='ocrx_word' id='word_1_171' title='bbox 3170 967 3353 1038; x_wconf 78' lang='grc' dir='ltr'>ἕτερον</span> <span class='ocrx_word' id='word_1_172' title='bbox 3403 969 3452 1022; x_wconf 78' lang='grc' dir='ltr'>δὲ</span> <span class='ocrx_word' id='word_1_173' title='bbox 3497 973 3629 1025; x_wconf 72' lang='grc' dir='ltr'>αὐτοῦ</span> 
     </span>
    </p>
   </div>
   <div class='ocr_carea' id='block_1_26' title="bbox 2120 1059 3630 1130">
    <p class='ocr_par' dir='ltr' id='par_1_26' title="bbox 2120 1059 3630 1130">
     <span class='ocr_line' id='line_1_26' title="bbox 2120 1059 3630 1130; baseline 0.003 -19"><span class='ocrx_word' id='word_1_174' title='bbox 2120 1059 2494 1128; x_wconf 78' lang='grc' dir='ltr'>πυνθάνομαι,</span> <span class='ocrx_word' id='word_1_175' title='bbox 2545 1060 2745 1130; x_wconf 75' lang='grc' dir='ltr'>ἐπίσης</span> <span class='ocrx_word' id='word_1_176' title='bbox 2777 1059 2878 1128; x_wconf 82' lang='grc' dir='ltr'>μὲν</span> <span class='ocrx_word' id='word_1_177' title='bbox 2930 1060 3216 1130; x_wconf 83' lang='grc' dir='ltr'>Γρηγορίῳ</span> <span class='ocrx_word' id='word_1_178' title='bbox 3247 1059 3380 1129; x_wconf 81' lang='grc' dir='ltr'>ἔχον,</span> <span class='ocrx_word' id='word_1_179' title='bbox 3408 1062 3460 1124; x_wconf 82' lang='grc' dir='ltr'>ὅς</span> <span class='ocrx_word' id='word_1_180' title='bbox 3501 1065 3630 1116; x_wconf 73' lang='grc' dir='ltr'>πάλαι</span> 
     </span>
    </p>
   </div>
   <div class='ocr_carea' id='block_1_27' title="bbox 2119 1135 3630 1219">
    <p class='ocr_par' dir='ltr' id='par_1_27' title="bbox 2119 1135 3630 1219">
     <span class='ocr_line' id='line_1_27' title="bbox 2119 1135 3630 1219; baseline 0.002 -18"><span class='ocrx_word' id='word_1_181' title='bbox 2119 1148 2219 1219; x_wconf 77' lang='grc' dir='ltr'>τὴν</span> <span class='ocrx_word' id='word_1_182' title='bbox 2247 1148 2545 1218; x_wconf 80' lang='grc' dir='ltr'>ἐκκλησίαν</span> <span class='ocrx_word' id='word_1_183' title='bbox 2565 1148 2900 1218; x_wconf 82' lang='grc' dir='ltr'><strong>ἐπετρόπευε</strong></span> <span class='ocrx_word' id='word_1_184' title='bbox 2927 1149 3028 1219; x_wconf 83' lang='grc' dir='ltr'>τῆς</span> <span class='ocrx_word' id='word_1_185' title='bbox 3061 1150 3204 1203; x_wconf 81' lang='grc' dir='ltr'>κατὰ</span> <span class='ocrx_word' id='word_1_186' title='bbox 3235 1135 3421 1202; x_wconf 77' lang='grc' dir='ltr'>Πόντον</span> <span class='ocrx_word' id='word_1_187' title='bbox 3441 1151 3630 1205; x_wconf 64' lang='lat' dir='ltr'><strong>Neont-</strong></span> 
     </span>
    </p>
   </div>
   <div class='ocr_carea' id='block_1_28' title="bbox 2123 1239 3627 1309">
    <p class='ocr_par' dir='ltr' id='par_1_28' title="bbox 2123 1239 3627 1309">
     <span class='ocr_line' id='line_1_28' title="bbox 2123 1239 3627 1309; baseline 0.001 -17"><span class='ocrx_word' id='word_1_188' title='bbox 2123 1239 2375 1308; x_wconf 80' lang='grc' dir='ltr'>σαρείας.</span> <span class='ocrx_word' id='word_1_189' title='bbox 2413 1240 2486 1292; x_wconf 85' lang='grc' dir='ltr'><strong>Οὐ</strong></span> <span class='ocrx_word' id='word_1_190' title='bbox 2516 1239 2624 1309; x_wconf 83' lang='grc' dir='ltr'>μήν</span> <span class='ocrx_word' id='word_1_191' title='bbox 2649 1257 2712 1306; x_wconf 90' lang='grc' dir='ltr'><strong>γε</strong></span> <span class='ocrx_word' id='word_1_192' title='bbox 2764 1241 2915 1308; x_wconf 83' lang='grc' dir='ltr'><strong>παρά</strong></span> <span class='ocrx_word' id='word_1_193' title='bbox 2967 1240 3128 1294; x_wconf 81' lang='grc' dir='ltr'>τοῦτο</span> <span class='ocrx_word' id='word_1_194' title='bbox 3182 1241 3421 1294; x_wconf 85' lang='grc' dir='ltr'>ἀπιστεῖν</span> <span class='ocrx_word' id='word_1_195' title='bbox 3448 1242 3627 1305; x_wconf 80' lang='grc' dir='ltr'>δίκαιον,</span> 
     </span>
    </p>
   </div>
   <div class='ocr_carea' id='block_1_29' title="bbox 2119 1327 3630 1401">
    <p class='ocr_par' dir='ltr' id='par_1_29' title="bbox 2119 1327 3630 1401">
     <span class='ocr_line' id='line_1_29' title="bbox 2119 1327 3630 1401; baseline 0.003 -22"><span class='ocrx_word' id='word_1_196' title='bbox 2119 1329 2212 1380; x_wconf 79' lang='grc' dir='ltr'>καὶ</span> <span class='ocrx_word' id='word_1_197' title='bbox 2259 1327 2563 1396; x_wconf 82' lang='grc' dir='ltr'>Ἐπιφανίῳ</span> <span class='ocrx_word' id='word_1_198' title='bbox 2609 1329 2675 1381; x_wconf 78' lang='grc' dir='ltr'>τὰ</span> <span class='ocrx_word' id='word_1_199' title='bbox 2714 1328 2806 1381; x_wconf 84' lang='grc' dir='ltr'>ῐσα</span> <span class='ocrx_word' id='word_1_200' title='bbox 2864 1329 3312 1400; x_wconf 73' lang='grc' dir='ltr'>διαπεπρᾶχθαιο</span> <span class='ocrx_word' id='word_1_201' title='bbox 3361 1332 3471 1384; x_wconf 80' lang='grc' dir='ltr'>ἐπεί</span> <span class='ocrx_word' id='word_1_202' title='bbox 3496 1333 3563 1386; x_wconf 82' lang='grc' dir='ltr'><strong>τοί</strong></span> <span class='ocrx_word' id='word_1_203' title='bbox 3585 1350 3630 1401; x_wconf 84' lang='grc' dir='ltr'><strong>γε</strong></span> 
     </span>
    </p>
   </div>
   <div class='ocr_carea' id='block_1_30' title="bbox 2119 1419 3632 1493">
    <p class='ocr_par' dir='ltr' id='par_1_30' title="bbox 2119 1419 3632 1493">
     <span class='ocr_line' id='line_1_30' title="bbox 2119 1419 3632 1493; baseline 0.003 -22"><span class='ocrx_word' id='word_1_204' title='bbox 2119 1419 2239 1472; x_wconf 81' lang='grc' dir='ltr'>οὐδὲ</span> <span class='ocrx_word' id='word_1_205' title='bbox 2275 1421 2482 1490; x_wconf 81' lang='grc' dir='ltr'>Πέτρος</span> <span class='ocrx_word' id='word_1_206' title='bbox 2515 1421 2676 1488; x_wconf 88' lang='grc' dir='ltr'>μόνον</span> <span class='ocrx_word' id='word_1_207' title='bbox 2708 1421 2736 1472; x_wconf 90' lang='lat'><strong>6</strong></span> <span class='ocrx_word' id='word_1_208' title='bbox 2775 1421 2883 1474; x_wconf 86' lang='grc' dir='ltr'><strong>τῶν</strong></span> <span class='ocrx_word' id='word_1_209' title='bbox 2911 1423 3230 1476; x_wconf 80' lang='grc' dir='ltr'><strong>ἀποστόλων</strong></span> <span class='ocrx_word' id='word_1_210' title='bbox 3259 1425 3543 1493; x_wconf 80' lang='grc' dir='ltr'>κορυφαῖος,</span> <span class='ocrx_word' id='word_1_211' title='bbox 3570 1443 3632 1476; x_wconf 73' lang='lat' dir='ltr'><strong>vs-</strong></span> 
     </span>
    </p>
   </div>
   <div class='ocr_carea' id='block_1_31' title="bbox 2122 1510 3630 1584">
    <p class='ocr_par' dir='ltr' id='par_1_31' title="bbox 2122 1510 3630 1584">
     <span class='ocr_line' id='line_1_31' title="bbox 2122 1510 3630 1584; baseline 0.002 -21"><span class='ocrx_word' id='word_1_212' title='bbox 2122 1510 2255 1580; x_wconf 73' lang='grc' dir='ltr'>κρὸν</span> <span class='ocrx_word' id='word_1_213' title='bbox 2276 1511 2472 1566; x_wconf 82' lang='grc' dir='ltr'>ἀνίστα</span> <span class='ocrx_word' id='word_1_214' title='bbox 2495 1527 2509 1542; x_wconf 90' lang='grc'><strong>·</strong></span> <span class='ocrx_word' id='word_1_215' title='bbox 2546 1511 2684 1564; x_wconf 87' lang='grc' dir='ltr'><strong>ἀλλά</strong></span> <span class='ocrx_word' id='word_1_216' title='bbox 2724 1512 2822 1565; x_wconf 73' lang='grc' dir='ltr'>καὶ</span> <span class='ocrx_word' id='word_1_217' title='bbox 2862 1511 3118 1582; x_wconf 78' lang='grc' dir='ltr'>Ἰωάννης</span> <span class='ocrx_word' id='word_1_218' title='bbox 3153 1515 3292 1566; x_wconf 87' lang='grc' dir='ltr'><strong>κατά</strong></span> <span class='ocrx_word' id='word_1_219' title='bbox 3314 1513 3405 1584; x_wconf 74' lang='grc' dir='ltr'>τὴν</span> <span class='ocrx_word' id='word_1_220' title='bbox 3424 1514 3630 1583; x_wconf 80' lang='grc' dir='ltr'>Ἔφεσον,</span> 
     </span>
    </p>
   </div>
   <div class='ocr_carea' id='block_1_32' title="bbox 2121 1601 3632 1678">
    <p class='ocr_par' dir='ltr' id='par_1_32' title="bbox 2121 1601 3632 1678">
     <span class='ocr_line' id='line_1_32' title="bbox 2121 1601 3632 1678; baseline 0.004 -25"><span class='ocrx_word' id='word_1_221' title='bbox 2121 1602 2217 1654; x_wconf 81' lang='grc' dir='ltr'>καὶ</span> <span class='ocrx_word' id='word_1_222' title='bbox 2244 1601 2482 1672; x_wconf 79' lang='grc' dir='ltr'>ἀλλαχοῦ</span> <span class='ocrx_word' id='word_1_223' title='bbox 2506 1602 2592 1655; x_wconf 81' lang='grc' dir='ltr'>’ἐτε</span> <span class='ocrx_word' id='word_1_224' title='bbox 2603 1619 2683 1671; x_wconf 89' lang='grc' dir='ltr'><strong>ροι</strong></span> <span class='ocrx_word' id='word_1_225' title='bbox 2708 1618 2722 1632; x_wconf 78' lang='grc' dir='ltr'><strong>ο</strong></span> <span class='ocrx_word' id='word_1_226' title='bbox 2749 1605 2808 1655; x_wconf 79' lang='grc' dir='ltr'>οὐ</span> <span class='ocrx_word' id='word_1_227' title='bbox 2832 1603 2938 1673; x_wconf 74' lang='grc' dir='ltr'><strong>μὴν</strong></span> <span class='ocrx_word' id='word_1_228' title='bbox 2957 1604 3013 1657; x_wconf 78' lang='grc' dir='ltr'>δὲ</span> <span class='ocrx_word' id='word_1_229' title='bbox 3035 1603 3175 1657; x_wconf 85' lang='grc' dir='ltr'><strong>ἀλλά</strong></span> <span class='ocrx_word' id='word_1_230' title='bbox 3195 1605 3290 1658; x_wconf 77' lang='grc' dir='ltr'>καὶ</span> <span class='ocrx_word' id='word_1_231' title='bbox 3312 1607 3363 1658; x_wconf 77' lang='grc' dir='ltr'>αἱ</span> <span class='ocrx_word' id='word_1_232' title='bbox 3387 1605 3632 1678; x_wconf 81' lang='grc' dir='ltr'>θυγατέρες</span> 
     </span>
    </p>
   </div>
   <div class='ocr_carea' id='block_1_33' title="bbox 445 1670 2015 1766">
    <p class='ocr_par' dir='ltr' id='par_1_33' title="bbox 445 1696 2015 1766">
     <span class='ocr_line' id='line_1_33' title="bbox 445 1696 2015 1766; baseline 0.001 -17"><span class='ocrx_word' id='word_1_233' title='bbox 445 1697 607 1750; x_wconf 85' lang='lat' dir='ltr'><strong>Aliud</strong></span> <span class='ocrx_word' id='word_1_234' title='bbox 656 1713 789 1751; x_wconf 82' lang='lat' dir='ltr'><strong>vero</strong></span> <span class='ocrx_word' id='word_1_235' title='bbox 825 1697 893 1750; x_wconf 89' lang='lat' dir='ltr'><strong>de</strong></span> <span class='ocrx_word' id='word_1_236' title='bbox 925 1712 992 1751; x_wconf 88' lang='lat' dir='ltr'><strong>eo</strong></span> <span class='ocrx_word' id='word_1_237' title='bbox 1022 1696 1209 1756; x_wconf 89' lang='lat' dir='ltr'><strong>audio.</strong></span> <span class='ocrx_word' id='word_1_238' title='bbox 1245 1697 1391 1766; x_wconf 89' lang='lat' dir='ltr'><strong>quod</strong></span> <span class='ocrx_word' id='word_1_239' title='bbox 1430 1696 1683 1766; x_wconf 86' lang='lat' dir='ltr'><strong>Gregorii</strong></span> <span class='ocrx_word' id='word_1_240' title='bbox 1713 1698 1860 1752; x_wconf 85' lang='lat' dir='ltr'><strong>illius</strong></span> <span class='ocrx_word' id='word_1_241' title='bbox 1911 1699 2015 1751; x_wconf 85' lang='lat' dir='ltr'><strong>mi-</strong></span> 
     </span>
    </p>
   </div>
   <div class='ocr_carea' id='block_1_34' title="bbox 2120 1670 3632 1766">
    <p class='ocr_par' dir='ltr' id='par_1_34' title="bbox 2122 1670 3632 1764">
     <span class='ocr_line' id='line_1_34' title="bbox 2122 1670 3632 1764; baseline 0.005 -20"><span class='ocrx_word' id='word_1_242' title='bbox 2122 1670 2395 1745; x_wconf 80' lang='grc' dir='ltr'>Φιλίππου</span> <span class='ocrx_word' id='word_1_243' title='bbox 2437 1696 2576 1746; x_wconf 82' lang='grc' dir='ltr'>κατὰ</span> <span class='ocrx_word' id='word_1_244' title='bbox 2604 1670 2703 1763; x_wconf 81' lang='grc' dir='ltr'>τὴν</span> <span class='ocrx_word' id='word_1_245' title='bbox 2742 1670 3063 1764; x_wconf 79' lang='grc' dir='ltr'>Ἱεραπολιν.</span> <span class='ocrx_word' id='word_1_246' title='bbox 3095 1697 3178 1748; x_wconf 60' lang='lat' dir='ltr'><strong>Ti</strong></span> <span class='ocrx_word' id='word_1_247' title='bbox 3201 1696 3245 1748; x_wconf 78' lang='grc' dir='ltr'>δ’</span> <span class='ocrx_word' id='word_1_248' title='bbox 3271 1697 3404 1750; x_wconf 83' lang='grc' dir='ltr'>αὐτὰ</span> <span class='ocrx_word' id='word_1_249' title='bbox 3427 1670 3632 1764; x_wconf 50' lang='grc' dir='ltr'>πολλάκις</span> 
     </span>
    </p>
   </div>
   <div class='ocr_carea' id='block_1_35' title="bbox 448 1788 2018 1857">
    <p class='ocr_par' dir='ltr' id='par_1_35' title="bbox 448 1788 2018 1857">
     <span class='ocr_line' id='line_1_35' title="bbox 448 1788 2018 1857; baseline 0.001 -15"><span class='ocrx_word' id='word_1_250' title='bbox 448 1791 639 1844; x_wconf 83' lang='lat' dir='ltr'><strong>racnlo</strong></span> <span class='ocrx_word' id='word_1_251' title='bbox 667 1790 848 1844; x_wconf 89' lang='lat' dir='ltr'><strong>simile</strong></span> <span class='ocrx_word' id='word_1_252' title='bbox 885 1788 1010 1852; x_wconf 90' lang='lat' dir='ltr'><strong>fuit,</strong></span> <span class='ocrx_word' id='word_1_253' title='bbox 1048 1790 1142 1857; x_wconf 78' lang='lat' dir='ltr'><strong>qui</strong></span> <span class='ocrx_word' id='word_1_254' title='bbox 1178 1789 1308 1843; x_wconf 90' lang='lat' dir='ltr'><strong>olim</strong></span> <span class='ocrx_word' id='word_1_255' title='bbox 1343 1788 1711 1844; x_wconf 64' lang='lat' dir='ltr'><strong>Ncocazsarete</strong></span> <span class='ocrx_word' id='word_1_256' title='bbox 1746 1791 1798 1842; x_wconf 94' lang='lat' dir='ltr'><strong>in</strong></span> <span class='ocrx_word' id='word_1_257' title='bbox 1842 1790 2018 1844; x_wconf 87' lang='lat' dir='ltr'><strong>Ponto</strong></span> 
     </span>
    </p>
   </div>
   <div class='ocr_carea' id='block_1_36' title="bbox 444 1880 2018 1952">
    <p class='ocr_par' dir='ltr' id='par_1_36' title="bbox 444 1880 2018 1952">
     <span class='ocr_line' id='line_1_36' title="bbox 444 1880 2018 1952; baseline -0.001 -15"><span class='ocrx_word' id='word_1_258' title='bbox 444 1883 732 1938; x_wconf 87' lang='lat' dir='ltr'><strong>ecclesiam</strong></span> <span class='ocrx_word' id='word_1_259' title='bbox 789 1883 1215 1952; x_wconf 84' lang='lat' dir='ltr'><strong>gubernaverat.</strong></span> <span class='ocrx_word' id='word_1_260' title='bbox 1277 1880 1436 1950; x_wconf 78' lang='lat'><strong>331</strong></span> <span class='ocrx_word' id='word_1_261' title='bbox 1488 1881 1675 1951; x_wconf 89' lang='lat' dir='ltr'><strong>Neque</strong></span> <span class='ocrx_word' id='word_1_262' title='bbox 1726 1891 2018 1951; x_wconf 85' lang='lat' dir='ltr'><strong>propterea</strong></span> 
     </span>
    </p>
   </div>
   <div class='ocr_carea' id='block_1_37' title="bbox 449 1972 2018 2043">
    <p class='ocr_par' dir='ltr' id='par_1_37' title="bbox 449 1972 2018 2043">
     <span class='ocr_line' id='line_1_37' title="bbox 449 1972 2018 2043; baseline -0.002 -14"><span class='ocrx_word' id='word_1_263' title='bbox 449 1975 609 2030; x_wconf 80' lang='lat' dir='ltr'><strong>iidem</strong></span> <span class='ocrx_word' id='word_1_264' title='bbox 639 1990 748 2028; x_wconf 92' lang='lat' dir='ltr'><strong>non</strong></span> <span class='ocrx_word' id='word_1_265' title='bbox 779 1973 982 2027; x_wconf 76' lang='lat' dir='ltr'><strong>habere</strong></span> <span class='ocrx_word' id='word_1_266' title='bbox 1020 1972 1255 2041; x_wconf 81' lang='lat' dir='ltr'><strong>prodigii</strong></span> <span class='ocrx_word' id='word_1_267' title='bbox 1290 1973 1412 2042; x_wconf 86' lang='lat' dir='ltr'><strong>ejus</strong></span> <span class='ocrx_word' id='word_1_268' title='bbox 1448 1972 1770 2027; x_wconf 90' lang='lat' dir='ltr'><strong>testimonio</strong></span> <span class='ocrx_word' id='word_1_269' title='bbox 1797 1987 2018 2043; x_wconf 65' lang='lat' dir='ltr'><strong>atquum</strong></span> 
     </span>
    </p>
   </div>
   <div class='ocr_carea' id='block_1_38' title="bbox 444 2063 2021 2137">
    <p class='ocr_par' dir='ltr' id='par_1_38' title="bbox 444 2063 2021 2137">
     <span class='ocr_line' id='line_1_38' title="bbox 444 2063 2021 2137; baseline -0.003 -15"><span class='ocrx_word' id='word_1_270' title='bbox 444 2077 552 2134; x_wconf 90' lang='lat' dir='ltr'><strong>est,</strong></span> <span class='ocrx_word' id='word_1_271' title='bbox 581 2065 727 2137; x_wconf 88' lang='lat' dir='ltr'><strong>quod</strong></span> <span class='ocrx_word' id='word_1_272' title='bbox 759 2066 903 2119; x_wconf 88' lang='lat' dir='ltr'><strong>idem</strong></span> <span class='ocrx_word' id='word_1_273' title='bbox 940 2063 1280 2133; x_wconf 85' lang='lat' dir='ltr'><strong>Epiphanius</strong></span> <span class='ocrx_word' id='word_1_274' title='bbox 1311 2064 1588 2133; x_wconf 81' lang='lat' dir='ltr'><strong>peregerit</strong></span> <span class='ocrx_word' id='word_1_275' title='bbox 1621 2079 1634 2116; x_wconf 96' lang='lat'>:</span> <span class='ocrx_word' id='word_1_276' title='bbox 1674 2063 2021 2134; x_wconf 87' lang='lat' dir='ltr'><strong>quandoqui-</strong></span> 
     </span>
    </p>
   </div>
   <div class='ocr_carea' id='block_1_39' title="bbox 443 2154 2020 2226">
    <p class='ocr_par' dir='ltr' id='par_1_39' title="bbox 443 2154 2020 2226">
     <span class='ocr_line' id='line_1_39' title="bbox 443 2154 2020 2226; baseline -0.002 -14"><span class='ocrx_word' id='word_1_277' title='bbox 443 2160 567 2213; x_wconf 88' lang='lat' dir='ltr'><strong>dem</strong></span> <span class='ocrx_word' id='word_1_278' title='bbox 603 2171 783 2226; x_wconf 89' lang='lat' dir='ltr'><strong>neque</strong></span> <span class='ocrx_word' id='word_1_279' title='bbox 824 2156 1023 2210; x_wconf 88' lang='lat' dir='ltr'><strong>Petrus</strong></span> <span class='ocrx_word' id='word_1_280' title='bbox 1071 2154 1224 2208; x_wconf 89' lang='lat' dir='ltr'><strong>solus</strong></span> <span class='ocrx_word' id='word_1_281' title='bbox 1279 2154 1658 2223; x_wconf 90' lang='lat' dir='ltr'><strong>apostolorum</strong></span> <span class='ocrx_word' id='word_1_282' title='bbox 1694 2155 2020 2224; x_wconf 73' lang='lat' dir='ltr'><strong>corypbzeus</strong></span> 
     </span>
    </p>
   </div>
   <div class='ocr_carea' id='block_1_40' title="bbox 442 2245 2020 2322">
    <p class='ocr_par' dir='ltr' id='par_1_40' title="bbox 442 2245 2020 2322">
     <span class='ocr_line' id='line_1_40' title="bbox 442 2245 2020 2322; baseline -0.003 -17"><span class='ocrx_word' id='word_1_283' title='bbox 442 2261 498 2306; x_wconf 83' lang='lat' dir='ltr'><strong>et</strong></span> <span class='ocrx_word' id='word_1_284' title='bbox 532 2251 814 2322; x_wconf 84' lang='lat' dir='ltr'><strong>princeps,</strong></span> <span class='ocrx_word' id='word_1_285' title='bbox 844 2257 1123 2301; x_wconf 91' lang='lat' dir='ltr'><strong>mortuum</strong></span> <span class='ocrx_word' id='word_1_286' title='bbox 1154 2246 1539 2310; x_wconf 80' lang='lat' dir='ltr'><strong>exsuscitavit,</strong></span> <span class='ocrx_word' id='word_1_287' title='bbox 1565 2245 1664 2301; x_wconf 88' lang='lat' dir='ltr'><strong>sed</strong></span> <span class='ocrx_word' id='word_1_288' title='bbox 1696 2255 1752 2300; x_wconf 88' lang='lat' dir='ltr'><strong>et</strong></span> <span class='ocrx_word' id='word_1_289' title='bbox 1776 2245 2020 2300; x_wconf 78' lang='lat' dir='ltr'><strong>Joannes</strong></span> 
     </span>
    </p>
   </div>
   <div class='ocr_carea' id='block_1_41' title="bbox 446 2336 2017 2413">
    <p class='ocr_par' dir='ltr' id='par_1_41' title="bbox 446 2336 2017 2413">
     <span class='ocr_line' id='line_1_41' title="bbox 446 2336 2017 2413; baseline -0.004 -17"><span class='ocrx_word' id='word_1_290' title='bbox 446 2341 670 2413; x_wconf 81' lang='lat' dir='ltr'><strong>Ephesi,</strong></span> <span class='ocrx_word' id='word_1_291' title='bbox 709 2350 765 2396; x_wconf 92' lang='lat' dir='ltr'><strong>et</strong></span> <span class='ocrx_word' id='word_1_292' title='bbox 804 2339 895 2394; x_wconf 84' lang='lat' dir='ltr'><strong>alii</strong></span> <span class='ocrx_word' id='word_1_293' title='bbox 931 2339 1083 2403; x_wconf 87' lang='lat' dir='ltr'><strong>alibi,</strong></span> <span class='ocrx_word' id='word_1_294' title='bbox 1122 2339 1232 2392; x_wconf 89' lang='lat' dir='ltr'><strong>imo</strong></span> <span class='ocrx_word' id='word_1_295' title='bbox 1265 2338 1432 2391; x_wconf 90' lang='lat' dir='ltr'><strong>etiam</strong></span> <span class='ocrx_word' id='word_1_296' title='bbox 1471 2336 1750 2406; x_wconf 88' lang='lat' dir='ltr'><strong>Hierapoli</strong></span> <span class='ocrx_word' id='word_1_297' title='bbox 1777 2336 2017 2406; x_wconf 85' lang='lat' dir='ltr'><strong>Philippi</strong></span> 
     </span>
    </p>
   </div>
   <div class='ocr_carea' id='block_1_42' title="bbox 445 2429 2019 2502">
    <p class='ocr_par' dir='ltr' id='par_1_42' title="bbox 445 2429 2019 2502">
     <span class='ocr_line' id='line_1_42' title="bbox 445 2429 2019 2502; baseline -0.001 -15"><span class='ocrx_word' id='word_1_298' title='bbox 445 2435 590 2489; x_wconf 63' lang='lat' dir='ltr'><strong>tiliae.</strong></span> <span class='ocrx_word' id='word_1_299' title='bbox 627 2432 784 2502; x_wconf 77' lang='lat' dir='ltr'><strong>Saepe</strong></span> <span class='ocrx_word' id='word_1_300' title='bbox 815 2446 1053 2500; x_wconf 83' lang='lat' dir='ltr'><strong>namque</strong></span> <span class='ocrx_word' id='word_1_301' title='bbox 1097 2431 1308 2493; x_wconf 83' lang='lat' dir='ltr'><strong>evenit,</strong></span> <span class='ocrx_word' id='word_1_302' title='bbox 1351 2429 1513 2482; x_wconf 90' lang='lat' dir='ltr'><strong>sicuti</strong></span> <span class='ocrx_word' id='word_1_303' title='bbox 1543 2445 1640 2498; x_wconf 88' lang='lat' dir='ltr'><strong>par</strong></span> <span class='ocrx_word' id='word_1_304' title='bbox 1669 2439 1726 2483; x_wconf 92' lang='lat' dir='ltr'><strong>et</strong></span> <span class='ocrx_word' id='word_1_305' title='bbox 1753 2429 2019 2485; x_wconf 90' lang='lat' dir='ltr'><strong>credibile</strong></span> 
     </span>
    </p>
   </div>
   <div class='ocr_carea' id='block_1_43' title="bbox 441 2521 2019 2585">
    <p class='ocr_par' dir='ltr' id='par_1_43' title="bbox 441 2521 2019 2585">
     <span class='ocr_line' id='line_1_43' title="bbox 441 2521 2019 2585; baseline -0.003 -6"><span class='ocrx_word' id='word_1_306' title='bbox 441 2534 545 2585; x_wconf 87' lang='lat' dir='ltr'><strong>est.</strong></span> <span class='ocrx_word' id='word_1_307' title='bbox 583 2536 642 2578; x_wconf 80' lang='grc' dir='ltr'><strong>ιιι</strong></span> <span class='ocrx_word' id='word_1_308' title='bbox 668 2523 861 2577; x_wconf 88' lang='lat' dir='ltr'><strong>eadem</strong></span> <span class='ocrx_word' id='word_1_309' title='bbox 905 2531 963 2576; x_wconf 91' lang='lat' dir='ltr'><strong>et</strong></span> <span class='ocrx_word' id='word_1_310' title='bbox 1011 2522 1141 2576; x_wconf 89' lang='lat' dir='ltr'><strong>olim</strong></span> <span class='ocrx_word' id='word_1_311' title='bbox 1196 2530 1436 2583; x_wconf 75' lang='lat' dir='ltr'><strong>veteres,</strong></span> <span class='ocrx_word' id='word_1_312' title='bbox 1488 2530 1543 2574; x_wconf 91' lang='lat' dir='ltr'><strong>et</strong></span> <span class='ocrx_word' id='word_1_313' title='bbox 1593 2533 1797 2574; x_wconf 67' lang='lat' dir='ltr'><strong>nostra:</strong></span> <span class='ocrx_word' id='word_1_314' title='bbox 1841 2521 2019 2575; x_wconf 63' lang='lat' dir='ltr'><strong>(etatis</strong></span> 
     </span>
    </p>
   </div>
   <div class='ocr_carea' id='block_1_44' title="bbox 443 2611 2020 2678">
    <p class='ocr_par' dir='ltr' id='par_1_44' title="bbox 443 2611 2020 2678">
     <span class='ocr_line' id='line_1_44' title="bbox 443 2611 2020 2678; baseline -0.004 -6"><span class='ocrx_word' id='word_1_315' title='bbox 443 2619 540 2672; x_wconf 86' lang='lat' dir='ltr'><strong>Dei</strong></span> <span class='ocrx_word' id='word_1_316' title='bbox 573 2626 824 2671; x_wconf 84' lang='lat' dir='ltr'><strong>amantes</strong></span> <span class='ocrx_word' id='word_1_317' title='bbox 865 2615 1144 2678; x_wconf 92' lang='lat' dir='ltr'><strong>homines,</strong></span> <span class='ocrx_word' id='word_1_318' title='bbox 1184 2612 1451 2666; x_wconf 87' lang='lat' dir='ltr'><strong>miracula</strong></span> <span class='ocrx_word' id='word_1_319' title='bbox 1482 2612 1672 2667; x_wconf 89' lang='lat' dir='ltr'><strong>edant.</strong></span> <span class='ocrx_word' id='word_1_320' title='bbox 1709 2611 1867 2678; x_wconf 84' lang='lat' dir='ltr'><strong>Quod</strong></span> <span class='ocrx_word' id='word_1_321' title='bbox 1919 2629 2020 2666; x_wconf 81' lang='lat' dir='ltr'><strong>au-</strong></span> 
     </span>
    </p>
   </div>
   <div class='ocr_carea' id='block_1_45' title="bbox 448 2688 2013 2770">
    <p class='ocr_par' dir='ltr' id='par_1_45' title="bbox 448 2688 2013 2770">
     <span class='ocr_line' id='line_1_45' title="bbox 448 2688 2013 2770; baseline -0.004 -7"><span class='ocrx_word' id='word_1_322' title='bbox 448 2719 556 2764; x_wconf 89' lang='lat' dir='ltr'><strong>tem</strong></span> <span class='ocrx_word' id='word_1_323' title='bbox 621 2707 847 2760; x_wconf 89' lang='lat' dir='ltr'><strong>historia</strong></span> <span class='ocrx_word' id='word_1_324' title='bbox 903 2688 1340 2758; x_wconf 85' lang='lat' dir='ltr'><strong>commemorare</strong></span> <span class='ocrx_word' id='word_1_325' title='bbox 1388 2701 1579 2770; x_wconf 87' lang='lat' dir='ltr'><strong>jubet,</strong></span> <span class='ocrx_word' id='word_1_326' title='bbox 1637 2701 1718 2756; x_wconf 89' lang='lat' dir='ltr'><strong>sic</strong></span> <span class='ocrx_word' id='word_1_327' title='bbox 1781 2701 1948 2756; x_wconf 86' lang='lat' dir='ltr'><strong>habet</strong></span> <span class='ocrx_word' id='word_1_328' title='bbox 1999 2719 2013 2756; x_wconf 90' lang='lat'><strong>:</strong></span> 
     </span>
    </p>
   </div>
   <div class='ocr_carea' id='block_1_46' title="bbox 443 2793 2013 2870">
    <p class='ocr_par' dir='ltr' id='par_1_46' title="bbox 443 2793 2013 2870">
     <span class='ocr_line' id='line_1_46' title="bbox 443 2793 2013 2870; baseline -0.005 -13"><span class='ocrx_word' id='word_1_329' title='bbox 443 2800 753 2870; x_wconf 79' lang='lat' dir='ltr'><strong>Aliquando</strong></span> <span class='ocrx_word' id='word_1_330' title='bbox 784 2812 1002 2852; x_wconf 84' lang='lat' dir='ltr'><strong>sacrum</strong></span> <span class='ocrx_word' id='word_1_331' title='bbox 1037 2798 1186 2850; x_wconf 90' lang='lat' dir='ltr'><strong>hune</strong></span> <span class='ocrx_word' id='word_1_332' title='bbox 1223 2795 1594 2865; x_wconf 85' lang='lat' dir='ltr'><strong>Epiphaniunt</strong></span> <span class='ocrx_word' id='word_1_333' title='bbox 1643 2793 1753 2848; x_wconf 85' lang='lat' dir='ltr'><strong>duo</strong></span> <span class='ocrx_word' id='word_1_334' title='bbox 1785 2795 2013 2865; x_wconf 87' lang='lat' dir='ltr'><strong>quidam</strong></span> 
     </span>
    </p>
   </div>
   <div class='ocr_carea' id='block_1_47' title="bbox 446 2887 2016 2957">
    <p class='ocr_par' dir='ltr' id='par_1_47' title="bbox 446 2887 2016 2957">
     <span class='ocr_line' id='line_1_47' title="bbox 446 2887 2016 2957; baseline -0.003 -12"><span class='ocrx_word' id='word_1_335' title='bbox 446 2897 497 2946; x_wconf 90' lang='lat' dir='ltr'><strong>in</strong></span> <span class='ocrx_word' id='word_1_336' title='bbox 550 2894 632 2946; x_wconf 75' lang='lat' dir='ltr'><strong>ria</strong></span> <span class='ocrx_word' id='word_1_337' title='bbox 692 2890 930 2945; x_wconf 71' lang='lat' dir='ltr'><strong>mendici</strong></span> <span class='ocrx_word' id='word_1_338' title='bbox 981 2889 1390 2943; x_wconf 74' lang='lat' dir='ltr'><strong>observarunt:</strong></span> <span class='ocrx_word' id='word_1_339' title='bbox 1425 2893 1482 2940; x_wconf 83' lang='lat' dir='ltr'><strong>et</strong></span> <span class='ocrx_word' id='word_1_340' title='bbox 1515 2901 1640 2941; x_wconf 90' lang='lat' dir='ltr'><strong>eum</strong></span> <span class='ocrx_word' id='word_1_341' title='bbox 1685 2901 1796 2940; x_wconf 90' lang='lat' dir='ltr'><strong>non</strong></span> <span class='ocrx_word' id='word_1_342' title='bbox 1841 2887 2016 2957; x_wconf 70' lang='lat' dir='ltr'><strong>poeni-</strong></span> 
     </span>
    </p>
   </div>
   <div class='ocr_carea' id='block_1_48' title="bbox 445 2979 2088 3066">
    <p class='ocr_par' dir='ltr' id='par_1_48' title="bbox 445 2979 2088 3066">
     <span class='ocr_line' id='line_1_48' title="bbox 445 2979 2088 3066; baseline -0.004 -27"><span class='ocrx_word' id='word_1_343' title='bbox 445 2986 672 3039; x_wconf 84' lang='lat' dir='ltr'><strong>tendutn</strong></span> <span class='ocrx_word' id='word_1_344' title='bbox 701 2983 910 3052; x_wconf 80' lang='lat' dir='ltr'><strong>aliqu-tl</strong></span> <span class='ocrx_word' id='word_1_345' title='bbox 948 2998 1004 3035; x_wconf 91' lang='lat' dir='ltr'><strong>sc</strong></span> <span class='ocrx_word' id='word_1_346' title='bbox 1035 2981 1104 3033; x_wconf 86' lang='lat' dir='ltr'><strong>ah</strong></span> <span class='ocrx_word' id='word_1_347' title='bbox 1148 2995 1214 3034; x_wconf 89' lang='lat' dir='ltr'><strong>eo</strong></span> <span class='ocrx_word' id='word_1_348' title='bbox 1245 2985 1576 3048; x_wconf 86' lang='lat' dir='ltr'><strong>accepturos</strong></span> <span class='ocrx_word' id='word_1_349' title='bbox 1609 2979 2012 3047; x_wconf 78' lang='lat' dir='ltr'><strong>existimarent,</strong></span> <span class='ocrx_word' id='word_1_350' title='bbox 2043 3007 2088 3066; x_wconf 68' lang='grc' dir='ltr'>ο</span> 
     </span>
    </p>
   </div>
   <div class='ocr_carea' id='block_1_49' title="bbox 445 3071 2014 3142">
    <p class='ocr_par' dir='ltr' id='par_1_49' title="bbox 445 3071 2014 3142">
     <span class='ocr_line' id='line_1_49' title="bbox 445 3071 2014 3142; baseline -0.002 -14"><span class='ocrx_word' id='word_1_351' title='bbox 445 3078 581 3130; x_wconf 71' lang='lat' dir='ltr'><strong>alter</strong></span> <span class='ocrx_word' id='word_1_352' title='bbox 624 3075 677 3128; x_wconf 93' lang='lat' dir='ltr'><strong>in</strong></span> <span class='ocrx_word' id='word_1_353' title='bbox 725 3075 864 3137; x_wconf 86' lang='lat' dir='ltr'><strong>solo,</strong></span> <span class='ocrx_word' id='word_1_354' title='bbox 931 3073 1180 3142; x_wconf 81' lang='lat' dir='ltr'><strong>spiritum</strong></span> <span class='ocrx_word' id='word_1_355' title='bbox 1235 3073 1530 3126; x_wconf 88' lang='lat' dir='ltr'><strong>continens</strong></span> <span class='ocrx_word' id='word_1_356' title='bbox 1572 3071 1800 3140; x_wconf 90' lang='lat' dir='ltr'><strong>perinde</strong></span> <span class='ocrx_word' id='word_1_357' title='bbox 1851 3081 2014 3141; x_wconf 85' lang='lat' dir='ltr'><strong>atque</strong></span> 
     </span>
    </p>
   </div>
   <div class='ocr_carea' id='block_1_50' title="bbox 446 3163 2017 3234">
    <p class='ocr_par' dir='ltr' id='par_1_50' title="bbox 446 3163 2017 3234">
     <span class='ocr_line' id='line_1_50' title="bbox 446 3163 2017 3234; baseline -0.003 -12"><span class='ocrx_word' id='word_1_358' title='bbox 446 3175 700 3222; x_wconf 84' lang='lat' dir='ltr'><strong>mottuus</strong></span> <span class='ocrx_word' id='word_1_359' title='bbox 730 3175 902 3228; x_wconf 87' lang='lat' dir='ltr'><strong>esset,</strong></span> <span class='ocrx_word' id='word_1_360' title='bbox 933 3165 1196 3234; x_wconf 87' lang='lat' dir='ltr'><strong>jacehat:</strong></span> <span class='ocrx_word' id='word_1_361' title='bbox 1242 3163 1384 3216; x_wconf 87' lang='lat' dir='ltr'><strong>alter</strong></span> <span class='ocrx_word' id='word_1_362' title='bbox 1418 3172 1602 3216; x_wconf 89' lang='lat' dir='ltr'><strong>autem</strong></span> <span class='ocrx_word' id='word_1_363' title='bbox 1654 3164 1822 3218; x_wconf 87' lang='lat' dir='ltr'><strong>veluti</strong></span> <span class='ocrx_word' id='word_1_364' title='bbox 1857 3164 2017 3219; x_wconf 83' lang='lat' dir='ltr'><strong>fami-</strong></span> 
     </span>
    </p>
   </div>
   <div class='ocr_carea' id='block_1_51' title="bbox 447 3256 2015 3328">
    <p class='ocr_par' dir='ltr' id='par_1_51' title="bbox 447 3256 2015 3328">
     <span class='ocr_line' id='line_1_51' title="bbox 447 3256 2015 3328; baseline -0.001 -16"><span class='ocrx_word' id='word_1_365' title='bbox 447 3261 600 3314; x_wconf 83' lang='lat' dir='ltr'><strong>liaris</strong></span> <span class='ocrx_word' id='word_1_366' title='bbox 642 3261 765 3328; x_wconf 88' lang='lat' dir='ltr'><strong>ejus</strong></span> <span class='ocrx_word' id='word_1_367' title='bbox 800 3259 1109 3312; x_wconf 89' lang='lat' dir='ltr'><strong>lamentans</strong></span> <span class='ocrx_word' id='word_1_368' title='bbox 1143 3265 1199 3311; x_wconf 91' lang='lat' dir='ltr'><strong>et</strong></span> <span class='ocrx_word' id='word_1_369' title='bbox 1236 3256 1395 3324; x_wconf 84' lang='lat' dir='ltr'><strong>flens,</strong></span> <span class='ocrx_word' id='word_1_370' title='bbox 1425 3256 1666 3326; x_wconf 85' lang='lat' dir='ltr'><strong>inepiam</strong></span> <span class='ocrx_word' id='word_1_371' title='bbox 1706 3271 1830 3311; x_wconf 89' lang='lat' dir='ltr'><strong>eam</strong></span> <span class='ocrx_word' id='word_1_372' title='bbox 1875 3256 2015 3310; x_wconf 81' lang='lat' dir='ltr'><strong>assi-</strong></span> 
     </span>
    </p>
   </div>
   <div class='ocr_carea' id='block_1_52' title="bbox 448 3348 2019 3419">
    <p class='ocr_par' dir='ltr' id='par_1_52' title="bbox 448 3348 2019 3419">
     <span class='ocr_line' id='line_1_52' title="bbox 448 3348 2019 3419; baseline 0.001 -18"><span class='ocrx_word' id='word_1_373' title='bbox 448 3353 710 3415; x_wconf 79' lang='lat' dir='ltr'><strong>:ttttlahal,</strong></span> <span class='ocrx_word' id='word_1_374' title='bbox 746 3362 806 3405; x_wconf 90' lang='lat' dir='ltr'><strong>ut</strong></span> <span class='ocrx_word' id='word_1_375' title='bbox 836 3351 1048 3404; x_wconf 86' lang='lat' dir='ltr'><strong>funeris</strong></span> <span class='ocrx_word' id='word_1_376' title='bbox 1082 3349 1359 3419; x_wconf 88' lang='lat' dir='ltr'><strong>impensas</strong></span> <span class='ocrx_word' id='word_1_377' title='bbox 1385 3362 1491 3401; x_wconf 92' lang='lat' dir='ltr'><strong>non</strong></span> <span class='ocrx_word' id='word_1_378' title='bbox 1543 3348 1792 3412; x_wconf 88' lang='lat' dir='ltr'><strong>haberet,</strong></span> <span class='ocrx_word' id='word_1_379' title='bbox 1827 3356 1884 3401; x_wconf 92' lang='lat' dir='ltr'><strong>et</strong></span> <span class='ocrx_word' id='word_1_380' title='bbox 1923 3363 2019 3417; x_wconf 87' lang='lat' dir='ltr'><strong>pe-</strong></span> 
     </span>
    </p>
   </div>
   <div class='ocr_carea' id='block_1_53' title="bbox 449 3439 2018 3510">
    <p class='ocr_par' dir='ltr' id='par_1_53' title="bbox 449 3439 2018 3510">
     <span class='ocr_line' id='line_1_53' title="bbox 449 3439 2018 3510; baseline -0.003 -13"><span class='ocrx_word' id='word_1_381' title='bbox 449 3444 664 3498; x_wconf 82' lang='lat' dir='ltr'><strong>nuriam</strong></span> <span class='ocrx_word' id='word_1_382' title='bbox 709 3452 916 3496; x_wconf 89' lang='lat' dir='ltr'><strong>tantam</strong></span> <span class='ocrx_word' id='word_1_383' title='bbox 962 3455 1088 3495; x_wconf 91' lang='lat' dir='ltr'><strong>cum</strong></span> <span class='ocrx_word' id='word_1_384' title='bbox 1143 3440 1581 3510; x_wconf 85' lang='lat' dir='ltr'><strong>reprehensione</strong></span> <span class='ocrx_word' id='word_1_385' title='bbox 1615 3441 1736 3508; x_wconf 90' lang='lat' dir='ltr'><strong>ejus</strong></span> <span class='ocrx_word' id='word_1_386' title='bbox 1763 3439 2018 3509; x_wconf 89' lang='lat' dir='ltr'><strong>deplora-</strong></span> 
     </span>
    </p>
   </div>
   <div class='ocr_carea' id='block_1_54' title="bbox 445 3533 2013 3604">
    <p class='ocr_par' dir='ltr' id='par_1_54' title="bbox 445 3533 2013 3604">
     <span class='ocr_line' id='line_1_54' title="bbox 445 3533 2013 3604; baseline -0.003 -12"><span class='ocrx_word' id='word_1_387' title='bbox 445 3540 558 3592; x_wconf 86' lang='lat' dir='ltr'><strong>bat.</strong></span> <span class='ocrx_word' id='word_1_388' title='bbox 609 3537 778 3591; x_wconf 87' lang='lat' dir='ltr'><strong>Porro</strong></span> <span class='ocrx_word' id='word_1_389' title='bbox 814 3533 1160 3604; x_wconf 88' lang='lat' dir='ltr'><strong>Epiphanius</strong></span> <span class='ocrx_word' id='word_1_390' title='bbox 1208 3534 1557 3602; x_wconf 72' lang='lat' dir='ltr'><strong>praeteriens,</strong></span> <span class='ocrx_word' id='word_1_391' title='bbox 1595 3533 1733 3588; x_wconf 90' lang='lat' dir='ltr'><strong>nihil</strong></span> <span class='ocrx_word' id='word_1_392' title='bbox 1785 3533 2013 3604; x_wconf 92' lang='lat' dir='ltr'><strong>quidem</strong></span> 
     </span>
    </p>
   </div>
   <div class='ocr_carea' id='block_1_55' title="bbox 443 3622 2018 3703">
    <p class='ocr_par' dir='ltr' id='par_1_55' title="bbox 443 3622 2018 3703">
     <span class='ocr_line' id='line_1_55' title="bbox 443 3622 2018 3703; baseline -0.001 -17"><span class='ocrx_word' id='word_1_393' title='bbox 443 3634 590 3687; x_wconf 86' lang='lat' dir='ltr'><strong>aliud</strong></span> <span class='ocrx_word' id='word_1_394' title='bbox 620 3651 782 3701; x_wconf 85' lang='lat' dir='ltr'><strong>quant</strong></span> <span class='ocrx_word' id='word_1_395' title='bbox 801 3632 959 3703; x_wconf 76' lang='lat' dir='ltr'><strong>quod</strong></span> <span class='ocrx_word' id='word_1_396' title='bbox 987 3631 1192 3703; x_wconf 88' lang='lat' dir='ltr'><strong>jaceuti</strong></span> <span class='ocrx_word' id='word_1_397' title='bbox 1227 3629 1305 3683; x_wconf 92' lang='lat' dir='ltr'><strong>illi</strong></span> <span class='ocrx_word' id='word_1_398' title='bbox 1336 3629 1583 3699; x_wconf 92' lang='lat' dir='ltr'><strong>requiem</strong></span> <span class='ocrx_word' id='word_1_399' title='bbox 1625 3636 1883 3699; x_wconf 88' lang='lat' dir='ltr'><strong>precatus</strong></span> <span class='ocrx_word' id='word_1_400' title='bbox 1907 3622 2018 3694; x_wconf 72' lang='lat' dir='ltr'><strong>est,</strong></span> 
     </span>
    </p>
   </div>
   <div class='ocr_carea' id='block_1_56' title="bbox 443 3721 2014 3794">
    <p class='ocr_par' dir='ltr' id='par_1_56' title="bbox 443 3721 2014 3794">
     <span class='ocr_line' id='line_1_56' title="bbox 443 3721 2014 3794; baseline -0.002 -15"><span class='ocrx_word' id='word_1_401' title='bbox 443 3727 600 3780; x_wconf 74' lang='lat' dir='ltr'><strong>dixit.</strong></span> <span class='ocrx_word' id='word_1_402' title='bbox 641 3724 910 3794; x_wconf 75' lang='lat' dir='ltr'><strong>Exiguum</strong></span> <span class='ocrx_word' id='word_1_403' title='bbox 944 3733 1126 3778; x_wconf 89' lang='lat' dir='ltr'><strong>autem</strong></span> <span class='ocrx_word' id='word_1_404' title='bbox 1157 3722 1419 3791; x_wconf 89' lang='lat' dir='ltr'><strong>quiddam</strong></span> <span class='ocrx_word' id='word_1_405' title='bbox 1457 3721 1522 3775; x_wconf 93' lang='lat' dir='ltr'><strong>ad</strong></span> <span class='ocrx_word' id='word_1_406' title='bbox 1562 3722 1713 3775; x_wconf 78' lang='lat' dir='ltr'><strong>illuni</strong></span> <span class='ocrx_word' id='word_1_407' title='bbox 1755 3723 2014 3776; x_wconf 83' lang='lat' dir='ltr'><strong>funerau-</strong></span> 
     </span>
    </p>
   </div>
   <div class='ocr_carea' id='block_1_57' title="bbox 439 3809 2014 3886">
    <p class='ocr_par' dir='ltr' id='par_1_57' title="bbox 439 3809 2014 3886">
     <span class='ocr_line' id='line_1_57' title="bbox 439 3809 2014 3886; baseline -0.003 -18"><span class='ocrx_word' id='word_1_408' title='bbox 439 3821 570 3870; x_wconf 88' lang='lat' dir='ltr'><strong>dum</strong></span> <span class='ocrx_word' id='word_1_409' title='bbox 611 3816 848 3886; x_wconf 88' lang='lat' dir='ltr'><strong>ploranti</strong></span> <span class='ocrx_word' id='word_1_410' title='bbox 883 3812 1062 3876; x_wconf 86' lang='lat' dir='ltr'><strong>dedit,</strong></span> <span class='ocrx_word' id='word_1_411' title='bbox 1092 3812 1181 3865; x_wconf 86' lang='lat' dir='ltr'><strong>illa</strong></span> <span class='ocrx_word' id='word_1_412' title='bbox 1217 3815 1379 3865; x_wconf 86' lang='lat' dir='ltr'><strong>verba</strong></span> <span class='ocrx_word' id='word_1_413' title='bbox 1417 3811 1726 3880; x_wconf 86' lang='lat' dir='ltr'><strong>adjiciens:</strong></span> <span class='ocrx_word' id='word_1_414' title='bbox 1760 3829 1778 3862; x_wconf 82' lang='grc' dir='ltr'><strong>ι</strong></span> <span class='ocrx_word' id='word_1_415' title='bbox 1815 3809 2014 3864; x_wconf 87' lang='lat' dir='ltr'><strong>Curam</strong></span> 
     </span>
    </p>
   </div>
   <div class='ocr_carea' id='block_1_58' title="bbox 442 3904 2014 3981">
    <p class='ocr_par' dir='ltr' id='par_1_58' title="bbox 442 3904 2014 3981">
     <span class='ocr_line' id='line_1_58' title="bbox 442 3904 2014 3981; baseline -0.003 -17"><span class='ocrx_word' id='word_1_416' title='bbox 442 3912 608 3981; x_wconf 84' lang='lat' dir='ltr'><strong>hujus</strong></span> <span class='ocrx_word' id='word_1_417' title='bbox 648 3907 860 3963; x_wconf 91' lang='lat' dir='ltr'><strong>funeris</strong></span> <span class='ocrx_word' id='word_1_418' title='bbox 894 3906 1054 3970; x_wconf 88' lang='lat' dir='ltr'><strong>habe,</strong></span> <span class='ocrx_word' id='word_1_419' title='bbox 1110 3914 1166 3959; x_wconf 93' lang='lat' dir='ltr'><strong>ct</strong></span> <span class='ocrx_word' id='word_1_420' title='bbox 1208 3905 1429 3958; x_wconf 88' lang='lat' dir='ltr'><strong>tandem</strong></span> <span class='ocrx_word' id='word_1_421' title='bbox 1460 3904 1593 3959; x_wconf 82' lang='lat' dir='ltr'><strong>ﬂere</strong></span> <span class='ocrx_word' id='word_1_422' title='bbox 1622 3904 1834 3959; x_wconf 90' lang='lat' dir='ltr'><strong>desine.</strong></span> <span class='ocrx_word' id='word_1_423' title='bbox 1877 3905 2014 3960; x_wconf 83' lang='lat' dir='ltr'><strong>Nam</strong></span> 
     </span>
    </p>
   </div>
   <div class='ocr_carea' id='block_1_59' title="bbox 443 3998 2014 4069">
    <p class='ocr_par' dir='ltr' id='par_1_59' title="bbox 443 3998 2014 4069">
     <span class='ocr_line' id='line_1_59' title="bbox 443 3998 2014 4069; baseline -0.003 -12"><span class='ocrx_word' id='word_1_424' title='bbox 443 4003 531 4057; x_wconf 91' lang='lat' dir='ltr'><strong>hie</strong></span> <span class='ocrx_word' id='word_1_425' title='bbox 565 4018 714 4056; x_wconf 90' lang='lat' dir='ltr'><strong>nunc</strong></span> <span class='ocrx_word' id='word_1_426' title='bbox 749 4016 857 4054; x_wconf 89' lang='lat' dir='ltr'><strong>non</strong></span> <span class='ocrx_word' id='word_1_427' title='bbox 895 4007 1170 4069; x_wconf 75' lang='lat' dir='ltr'><strong>resurget.</strong></span> <span class='ocrx_word' id='word_1_428' title='bbox 1204 3998 1433 4053; x_wconf 78' lang='lat' dir='ltr'><strong>Mortem</strong></span> <span class='ocrx_word' id='word_1_429' title='bbox 1464 4007 1673 4060; x_wconf 89' lang='lat' dir='ltr'><strong>autem,</strong></span> <span class='ocrx_word' id='word_1_430' title='bbox 1709 4014 1832 4067; x_wconf 73' lang='lat' dir='ltr'><strong>qure</strong></span> <span class='ocrx_word' id='word_1_431' title='bbox 1859 4013 2014 4053; x_wconf 80' lang='lat' dir='ltr'><strong>com-</strong></span> 
     </span>
    </p>
   </div>
   <div class='ocr_carea' id='block_1_60' title="bbox 441 4091 2012 4161">
    <p class='ocr_par' dir='ltr' id='par_1_60' title="bbox 441 4091 2012 4161">
     <span class='ocr_line' id='line_1_60' title="bbox 441 4091 2012 4161; baseline -0.001 -13"><span class='ocrx_word' id='word_1_432' title='bbox 441 4096 625 4150; x_wconf 91' lang='lat' dir='ltr'><strong>munis</strong></span> <span class='ocrx_word' id='word_1_433' title='bbox 657 4094 908 4149; x_wconf 91' lang='lat' dir='ltr'><strong>omnium</strong></span> <span class='ocrx_word' id='word_1_434' title='bbox 933 4103 990 4146; x_wconf 89' lang='lat' dir='ltr'><strong>et</strong></span> <span class='ocrx_word' id='word_1_435' title='bbox 1022 4091 1382 4154; x_wconf 79' lang='lat' dir='ltr'><strong>inevitabilis,</strong></span> <span class='ocrx_word' id='word_1_436' title='bbox 1417 4092 1751 4147; x_wconf 87' lang='lat' dir='ltr'><strong>necessitate</strong></span> <span class='ocrx_word' id='word_1_437' title='bbox 1775 4092 2012 4161; x_wconf 88' lang='lat' dir='ltr'><strong>quadam</strong></span> 
     </span>
    </p>
   </div>
   <div class='ocr_carea' id='block_1_61' title="bbox 438 4184 2016 4254">
    <p class='ocr_par' dir='ltr' id='par_1_61' title="bbox 438 4184 2016 4254">
     <span class='ocr_line' id='line_1_61' title="bbox 438 4184 2016 4254; baseline 0.003 -16"><span class='ocrx_word' id='word_1_438' title='bbox 438 4186 696 4241; x_wconf 88' lang='lat' dir='ltr'><strong>obeunda</strong></span> <span class='ocrx_word' id='word_1_439' title='bbox 722 4195 826 4251; x_wconf 89' lang='lat' dir='ltr'><strong>est,</strong></span> <span class='ocrx_word' id='word_1_440' title='bbox 859 4185 1042 4236; x_wconf 89' lang='lat' dir='ltr'><strong>animo</strong></span> <span class='ocrx_word' id='word_1_441' title='bbox 1089 4193 1140 4237; x_wconf 91' lang='lat' dir='ltr'><strong>te</strong></span> <span class='ocrx_word' id='word_1_442' title='bbox 1187 4185 1316 4236; x_wconf 83' lang='lat' dir='ltr'><strong>forti</strong></span> <span class='ocrx_word' id='word_1_443' title='bbox 1363 4184 1506 4239; x_wconf 87' lang='lat' dir='ltr'><strong>ferre</strong></span> <span class='ocrx_word' id='word_1_444' title='bbox 1543 4194 1780 4254; x_wconf 88' lang='lat' dir='ltr'><strong>oportet.</strong></span> <span class='ocrx_word' id='word_1_445' title='bbox 1822 4205 1840 4238; x_wconf 74' lang='grc' dir='ltr'><strong>ι</strong></span> <span class='ocrx_word' id='word_1_446' title='bbox 1892 4186 2016 4242; x_wconf 67' lang='lat' dir='ltr'><strong>llaec</strong></span> 
     </span>
    </p>
   </div>
   <div class='ocr_carea' id='block_1_62' title="bbox 438 4270 2014 4343">
    <p class='ocr_par' dir='ltr' id='par_1_62' title="bbox 438 4270 2014 4343">
     <span class='ocr_line' id='line_1_62' title="bbox 438 4270 2014 4343; baseline 0.004 -17"><span class='ocrx_word' id='word_1_447' title='bbox 438 4271 782 4341; x_wconf 78' lang='lat' dir='ltr'><strong>Epiphanius</strong></span> <span class='ocrx_word' id='word_1_448' title='bbox 839 4270 1014 4335; x_wconf 79' lang='lat' dir='ltr'><strong>dixit,</strong></span> <span class='ocrx_word' id='word_1_449' title='bbox 1060 4280 1116 4322; x_wconf 90' lang='lat' dir='ltr'><strong>et</strong></span> <span class='ocrx_word' id='word_1_450' title='bbox 1157 4271 1314 4334; x_wconf 81' lang='lat' dir='ltr'><strong>abiit,</strong></span> <span class='ocrx_word' id='word_1_451' title='bbox 1371 4282 1604 4342; x_wconf 70' lang='lat' dir='ltr'><strong>emptam</strong></span> <span class='ocrx_word' id='word_1_452' title='bbox 1663 4275 2014 4343; x_wconf 80' lang='lat' dir='ltr'><strong>perfecturus</strong></span> 
     </span>
    </p>
   </div>
   <div class='ocr_carea' id='block_1_63' title="bbox 2123 1777 3632 1860">
    <p class='ocr_par' dir='ltr' id='par_1_63' title="bbox 2123 1777 3632 1860">
     <span class='ocr_line' id='line_1_63' title="bbox 2123 1777 3632 1860; baseline 0.003 -22"><span class='ocrx_word' id='word_1_453' title='bbox 2123 1779 2211 1838; x_wconf 75' lang='grc' dir='ltr'>οἷα</span> <span class='ocrx_word' id='word_1_454' title='bbox 2247 1786 2396 1848; x_wconf 77' lang='grc' dir='ltr'>εἰκὸς</span> <span class='ocrx_word' id='word_1_455' title='bbox 2447 1777 2802 1854; x_wconf 72' lang='grc' dir='ltr'>ἐξειργάσθαι</span> <span class='ocrx_word' id='word_1_456' title='bbox 2834 1788 3033 1858; x_wconf 73' lang='grc' dir='ltr'>συνέϐη</span> <span class='ocrx_word' id='word_1_457' title='bbox 3073 1789 3226 1860; x_wconf 81' lang='grc' dir='ltr'>ποιρά</span> <span class='ocrx_word' id='word_1_458' title='bbox 3264 1807 3322 1843; x_wconf 85' lang='grc' dir='ltr'><strong>τε</strong></span> <span class='ocrx_word' id='word_1_459' title='bbox 3374 1791 3468 1843; x_wconf 82' lang='grc' dir='ltr'>τῶν</span> <span class='ocrx_word' id='word_1_460' title='bbox 3503 1793 3632 1844; x_wconf 79' lang='grc' dir='ltr'>πάλει</span> 
     </span>
    </p>
   </div>
   <div class='ocr_carea' id='block_1_64' title="bbox 2123 1875 3631 1952">
    <p class='ocr_par' dir='ltr' id='par_1_64' title="bbox 2123 1875 3631 1952">
     <span class='ocr_line' id='line_1_64' title="bbox 2123 1875 3631 1952; baseline 0.003 -22"><span class='ocrx_word' id='word_1_461' title='bbox 2123 1876 2219 1930; x_wconf 75' lang='grc' dir='ltr'>καὶ</span> <span class='ocrx_word' id='word_1_462' title='bbox 2251 1875 2346 1928; x_wconf 83' lang='grc' dir='ltr'><strong>νῦν</strong></span> <span class='ocrx_word' id='word_1_463' title='bbox 2400 1876 2666 1946; x_wconf 77' lang='grc' dir='ltr'>θεοφιλῶν</span> <span class='ocrx_word' id='word_1_464' title='bbox 2699 1878 2929 1948; x_wconf 82' lang='grc' dir='ltr'>ἀνδρῶν.</span> <span class='ocrx_word' id='word_1_465' title='bbox 2961 1881 3026 1932; x_wconf 88' lang='lat'><strong>‘0</strong></span> <span class='ocrx_word' id='word_1_466' title='bbox 3074 1879 3135 1933; x_wconf 79' lang='grc' dir='ltr'>δὲ</span> <span class='ocrx_word' id='word_1_467' title='bbox 3169 1879 3344 1948; x_wconf 85' lang='grc' dir='ltr'>λέγειν</span> <span class='ocrx_word' id='word_1_468' title='bbox 3393 1883 3422 1952; x_wconf 78' lang='grc' dir='ltr'>ἡ</span> <span class='ocrx_word' id='word_1_469' title='bbox 3467 1884 3631 1952; x_wconf 84' lang='grc' dir='ltr'>ίστορία</span> 
     </span>
    </p>
   </div>
   <div class='ocr_carea' id='block_1_65' title="bbox 2123 1965 3630 2041">
    <p class='ocr_par' dir='ltr' id='par_1_65' title="bbox 2123 1965 3630 2041">
     <span class='ocr_line' id='line_1_65' title="bbox 2123 1965 3630 2041; baseline 0.004 -22"><span class='ocrx_word' id='word_1_470' title='bbox 2123 1965 2402 2037; x_wconf 85' lang='grc' dir='ltr'>ὥρμηται,</span> <span class='ocrx_word' id='word_1_471' title='bbox 2457 1967 2659 2020; x_wconf 84' lang='grc' dir='ltr'>τοιόνδε</span> <span class='ocrx_word' id='word_1_472' title='bbox 2711 1971 2827 2021; x_wconf 82' lang='grc' dir='ltr'>ἐστί</span> <span class='ocrx_word' id='word_1_473' title='bbox 2858 1987 2870 1999; x_wconf 90' lang='grc'><strong>·</strong></span> <span class='ocrx_word' id='word_1_474' title='bbox 2908 1967 3050 2022; x_wconf 72' lang='grc' dir='ltr'>Ποτὲ</span> <span class='ocrx_word' id='word_1_475' title='bbox 3098 1972 3366 2040; x_wconf 78' lang='grc' dir='ltr'>παριόντα</span> <span class='ocrx_word' id='word_1_476' title='bbox 3413 1974 3493 2025; x_wconf 80' lang='grc' dir='ltr'>τὸν</span> <span class='ocrx_word' id='word_1_477' title='bbox 3521 1975 3630 2041; x_wconf 66' lang='grc' dir='ltr'>ἱερὸν</span> 
     </span>
    </p>
   </div>
   <div class='ocr_carea' id='block_1_66' title="bbox 2121 2058 3629 2138">
    <p class='ocr_par' dir='ltr' id='par_1_66' title="bbox 2121 2058 3629 2138">
     <span class='ocr_line' id='line_1_66' title="bbox 2121 2058 3629 2138; baseline 0.003 -28"><span class='ocrx_word' id='word_1_478' title='bbox 2121 2059 2335 2112; x_wconf 75' lang='grc' dir='ltr'>τουτονὶ</span> <span class='ocrx_word' id='word_1_479' title='bbox 2377 2058 2698 2127; x_wconf 81' lang='grc' dir='ltr'>Ἐπιφάνιον</span> <span class='ocrx_word' id='word_1_480' title='bbox 2718 2059 2813 2138; x_wconf 63' lang='grc' dir='ltr'><strong>δυο</strong></span> <span class='ocrx_word' id='word_1_481' title='bbox 2845 2061 2991 2125; x_wconf 74' lang='grc' dir='ltr'>τινες</span> <span class='ocrx_word' id='word_1_482' title='bbox 3024 2063 3453 2133; x_wconf 69' lang='grc' dir='ltr'>ἐπιτηρήσαντες</span> <span class='ocrx_word' id='word_1_483' title='bbox 3486 2065 3629 2116; x_wconf 78' lang='grc' dir='ltr'>ἐνόδιοι</span> 
     </span>
    </p>
   </div>
   <div class='ocr_carea' id='block_1_67' title="bbox 2123 2150 3633 2222">
    <p class='ocr_par' dir='ltr' id='par_1_67' title="bbox 2123 2150 3633 2222">
     <span class='ocr_line' id='line_1_67' title="bbox 2123 2150 3633 2222; baseline 0.004 -20"><span class='ocrx_word' id='word_1_484' title='bbox 2123 2152 2375 2221; x_wconf 84' lang='grc' dir='ltr'>πένητες,</span> <span class='ocrx_word' id='word_1_485' title='bbox 2407 2151 2502 2205; x_wconf 76' lang='grc' dir='ltr'>καὶ</span> <span class='ocrx_word' id='word_1_486' title='bbox 2535 2150 2888 2221; x_wconf 80' lang='grc' dir='ltr'>λογισάμενοι</span> <span class='ocrx_word' id='word_1_487' title='bbox 2917 2151 3106 2222; x_wconf 73' lang='grc' dir='ltr'>μεῖζόν</span> <span class='ocrx_word' id='word_1_488' title='bbox 3138 2171 3192 2208; x_wconf 67' lang='grc' dir='ltr'>τι</span> <span class='ocrx_word' id='word_1_489' title='bbox 3245 2155 3302 2220; x_wconf 74' lang='grc' dir='ltr'>ἐξ</span> <span class='ocrx_word' id='word_1_490' title='bbox 3339 2156 3523 2209; x_wconf 77' lang='grc' dir='ltr'>ἐκείνου</span> <span class='ocrx_word' id='word_1_491' title='bbox 3559 2158 3633 2208; x_wconf 80' lang='grc' dir='ltr'>λα-</span> 
     </span>
    </p>
   </div>
   <div class='ocr_carea' id='block_1_68' title="bbox 2123 2243 3635 2312">
    <p class='ocr_par' dir='ltr' id='par_1_68' title="bbox 2123 2243 3635 2312">
     <span class='ocr_line' id='line_1_68' title="bbox 2123 2243 3635 2312; baseline 0.004 -18"><span class='ocrx_word' id='word_1_492' title='bbox 2123 2243 2257 2309; x_wconf 77' lang='grc' dir='ltr'>ϐεῖν,</span> <span class='ocrx_word' id='word_1_493' title='bbox 2293 2245 2322 2297; x_wconf 92' lang='lat'><strong>6</strong></span> <span class='ocrx_word' id='word_1_494' title='bbox 2359 2243 2456 2310; x_wconf 80' lang='grc' dir='ltr'>μὲν</span> <span class='ocrx_word' id='word_1_495' title='bbox 2481 2245 2568 2296; x_wconf 81' lang='grc' dir='ltr'><strong>ἐπ’</strong></span> <span class='ocrx_word' id='word_1_496' title='bbox 2596 2244 2829 2310; x_wconf 68' lang='grc' dir='ltr'>ἐδάφους</span> <span class='ocrx_word' id='word_1_497' title='bbox 2863 2245 3144 2308; x_wconf 81' lang='grc' dir='ltr'>ἀπλωθεὶς</span> <span class='ocrx_word' id='word_1_498' title='bbox 3178 2247 3376 2312; x_wconf 78' lang='grc' dir='ltr'>ἔκειτο,</span> <span class='ocrx_word' id='word_1_499' title='bbox 3401 2249 3635 2310; x_wconf 69' lang='grc' dir='ltr'>συστείλας</span> 
     </span>
    </p>
   </div>
   <div class='ocr_carea' id='block_1_69' title="bbox 2122 2327 3634 2411">
    <p class='ocr_par' dir='ltr' id='par_1_69' title="bbox 2122 2327 3634 2411">
     <span class='ocr_line' id='line_1_69' title="bbox 2122 2327 3634 2411; baseline 0.003 -22"><span class='ocrx_word' id='word_1_500' title='bbox 2122 2338 2182 2389; x_wconf 78' lang='grc' dir='ltr'>τὸ</span> <span class='ocrx_word' id='word_1_501' title='bbox 2205 2331 2393 2405; x_wconf 83' lang='grc' dir='ltr'>ἆσθμα</span> <span class='ocrx_word' id='word_1_502' title='bbox 2423 2331 2513 2391; x_wconf 80' lang='grc' dir='ltr'>οἶα</span> <span class='ocrx_word' id='word_1_503' title='bbox 2534 2337 2697 2408; x_wconf 80' lang='grc' dir='ltr'>δῆθεν</span> <span class='ocrx_word' id='word_1_504' title='bbox 2736 2338 2930 2408; x_wconf 87' lang='grc' dir='ltr'>νεκρός</span> <span class='ocrx_word' id='word_1_505' title='bbox 2953 2353 2970 2369; x_wconf 88' lang='grc'><strong>·</strong></span> <span class='ocrx_word' id='word_1_506' title='bbox 3003 2341 3032 2392; x_wconf 94' lang='lat'><strong>6</strong></span> <span class='ocrx_word' id='word_1_507' title='bbox 3083 2340 3134 2392; x_wconf 86' lang='grc' dir='ltr'>δ’</span> <span class='ocrx_word' id='word_1_508' title='bbox 3165 2337 3254 2394; x_wconf 76' lang='grc' dir='ltr'>οἷα</span> <span class='ocrx_word' id='word_1_509' title='bbox 3305 2327 3520 2411; x_wconf 71' lang='grc' dir='ltr'>συνήθης</span> <span class='ocrx_word' id='word_1_510' title='bbox 3543 2342 3634 2394; x_wconf 74' lang='grc' dir='ltr'>ὀλο·</span> 
     </span>
    </p>
   </div>
   <div class='ocr_carea' id='block_1_70' title="bbox 2123 2427 3634 2504">
    <p class='ocr_par' dir='ltr' id='par_1_70' title="bbox 2123 2427 3634 2504">
     <span class='ocr_line' id='line_1_70' title="bbox 2123 2427 3634 2504; baseline 0.004 -25"><span class='ocrx_word' id='word_1_511' title='bbox 2123 2428 2432 2498; x_wconf 82' lang='grc' dir='ltr'>φυρόμενος</span> <span class='ocrx_word' id='word_1_512' title='bbox 2465 2427 2653 2482; x_wconf 76' lang='grc' dir='ltr'>ἔκλαιε</span> <span class='ocrx_word' id='word_1_513' title='bbox 2679 2443 2695 2460; x_wconf 81' lang='grc'><strong><em>⁸</em></strong></span> <span class='ocrx_word' id='word_1_514' title='bbox 2731 2429 2826 2482; x_wconf 77' lang='grc' dir='ltr'>καὶ</span> <span class='ocrx_word' id='word_1_515' title='bbox 2856 2431 3264 2501; x_wconf 81' lang='grc' dir='ltr'>ἐσχηματίζετο</span> <span class='ocrx_word' id='word_1_516' title='bbox 3288 2435 3345 2486; x_wconf 85' lang='grc' dir='ltr'>τὸ</span> <span class='ocrx_word' id='word_1_517' title='bbox 3379 2436 3487 2504; x_wconf 86' lang='grc' dir='ltr'>μηδ’</span> <span class='ocrx_word' id='word_1_518' title='bbox 3507 2435 3634 2487; x_wconf 77' lang='grc' dir='ltr'>εὐπό-</span> 
     </span>
    </p>
   </div>
   <div class='ocr_carea' id='block_1_71' title="bbox 2124 2519 3638 2597">
    <p class='ocr_par' dir='ltr' id='par_1_71' title="bbox 2124 2519 3638 2597">
     <span class='ocr_line' id='line_1_71' title="bbox 2124 2519 3638 2597; baseline 0.003 -23"><span class='ocrx_word' id='word_1_519' title='bbox 2124 2537 2234 2590; x_wconf 86' lang='grc' dir='ltr'><strong>ρως</strong></span> <span class='ocrx_word' id='word_1_520' title='bbox 2261 2520 2404 2591; x_wconf 77' lang='grc' dir='ltr'>ἔχειν</span> <span class='ocrx_word' id='word_1_521' title='bbox 2434 2519 2662 2575; x_wconf 85' lang='grc' dir='ltr'>θάπτειν</span> <span class='ocrx_word' id='word_1_522' title='bbox 2690 2522 2873 2587; x_wconf 74' lang='grc' dir='ltr'>αὐτὸν,</span> <span class='ocrx_word' id='word_1_523' title='bbox 2903 2527 3002 2593; x_wconf 81' lang='grc' dir='ltr'>τῆς</span> <span class='ocrx_word' id='word_1_524' title='bbox 3026 2525 3242 2590; x_wconf 75' lang='grc' dir='ltr'>ἐνδείας</span> <span class='ocrx_word' id='word_1_525' title='bbox 3261 2529 3638 2597; x_wconf 68' lang='grc' dir='ltr'>καταμεμφεμεο</span> 
     </span>
    </p>
   </div>
   <div class='ocr_carea' id='block_1_72' title="bbox 2120 2612 3636 2687">
    <p class='ocr_par' dir='ltr' id='par_1_72' title="bbox 2120 2612 3636 2687">
     <span class='ocr_line' id='line_1_72' title="bbox 2120 2612 3636 2687; baseline 0.003 -23"><span class='ocrx_word' id='word_1_526' title='bbox 2120 2629 2228 2673; x_wconf 81' lang='grc' dir='ltr'>νος.</span> <span class='ocrx_word' id='word_1_527' title='bbox 2247 2612 2306 2664; x_wconf 87' lang='lat'><strong>&#39;0</strong></span> <span class='ocrx_word' id='word_1_528' title='bbox 2337 2612 2381 2665; x_wconf 86' lang='grc' dir='ltr'>δ’</span> <span class='ocrx_word' id='word_1_529' title='bbox 2399 2612 2717 2680; x_wconf 81' lang='grc' dir='ltr'>Ἐπιφὰνιος</span> <span class='ocrx_word' id='word_1_530' title='bbox 2742 2614 2956 2685; x_wconf 88' lang='grc' dir='ltr'>παριὼν</span> <span class='ocrx_word' id='word_1_531' title='bbox 2988 2616 3148 2670; x_wconf 77' lang='grc' dir='ltr'>οὐδὲν</span> <span class='ocrx_word' id='word_1_532' title='bbox 3178 2619 3277 2686; x_wconf 87' lang='grc' dir='ltr'>μὲν</span> <span class='ocrx_word' id='word_1_533' title='bbox 3306 2619 3471 2684; x_wconf 77' lang='grc' dir='ltr'>ἔλεγε,</span> <span class='ocrx_word' id='word_1_534' title='bbox 3504 2619 3636 2687; x_wconf 77' lang='grc' dir='ltr'>μόνην</span> 
     </span>
    </p>
   </div>
   <div class='ocr_carea' id='block_1_73' title="bbox 2119 2701 3636 2781">
    <p class='ocr_par' dir='ltr' id='par_1_73' title="bbox 2119 2701 3636 2781">
     <span class='ocr_line' id='line_1_73' title="bbox 2119 2701 3636 2781; baseline 0.002 -26"><span class='ocrx_word' id='word_1_535' title='bbox 2119 2701 2168 2755; x_wconf 86' lang='grc' dir='ltr'>δ’</span> <span class='ocrx_word' id='word_1_536' title='bbox 2226 2704 2536 2758; x_wconf 79' lang='grc' dir='ltr'>ἀνάπαυσιν</span> <span class='ocrx_word' id='word_1_537' title='bbox 2584 2704 2658 2773; x_wconf 83' lang='grc' dir='ltr'><strong>τῷ</strong></span> <span class='ocrx_word' id='word_1_538' title='bbox 2718 2707 2957 2778; x_wconf 80' lang='grc' dir='ltr'>κειμένῳ</span> <span class='ocrx_word' id='word_1_539' title='bbox 2986 2708 3283 2779; x_wconf 78' lang='grc' dir='ltr'>ἐπηύχετο.</span> <span class='ocrx_word' id='word_1_540' title='bbox 3335 2709 3499 2781; x_wconf 74' lang='grc' dir='ltr'>Βραχίι</span> <span class='ocrx_word' id='word_1_541' title='bbox 3524 2711 3570 2762; x_wconf 79' lang='grc' dir='ltr'><em>δέ</em></span> <span class='ocrx_word' id='word_1_542' title='bbox 3599 2727 3636 2759; x_wconf 84' lang='grc' dir='ltr'><strong>τι</strong></span> 
     </span>
    </p>
   </div>
   <div class='ocr_carea' id='block_1_74' title="bbox 2121 2795 3638 2870">
    <p class='ocr_par' dir='ltr' id='par_1_74' title="bbox 2121 2795 3638 2870">
     <span class='ocr_line' id='line_1_74' title="bbox 2121 2795 3638 2870; baseline -0.005 -10"><span class='ocrx_word' id='word_1_543' title='bbox 2121 2797 2261 2867; x_wconf 66' lang='grc' dir='ltr'>πρὸς</span> <span class='ocrx_word' id='word_1_544' title='bbox 2286 2796 2509 2867; x_wconf 85' lang='grc' dir='ltr'>κηδείαν</span> <span class='ocrx_word' id='word_1_545' title='bbox 2541 2795 2686 2861; x_wconf 72' lang='grc' dir='ltr'>δοὺς,</span> <span class='ocrx_word' id='word_1_546' title='bbox 2726 2817 2747 2851; x_wconf 76' lang='grc' dir='ltr'><strong>ι</strong></span> <span class='ocrx_word' id='word_1_547' title='bbox 2791 2798 3084 2868; x_wconf 82' lang='grc' dir='ltr'>Ἐπιμελοῦ</span> <span class='ocrx_word' id='word_1_548' title='bbox 3117 2801 3212 2854; x_wconf 81' lang='grc' dir='ltr'>τοῦ</span> <span class='ocrx_word' id='word_1_549' title='bbox 3240 2803 3501 2870; x_wconf 76' lang='grc' dir='ltr'>κειμένου,</span> <span class='ocrx_word' id='word_1_550' title='bbox 3535 2821 3550 2853; x_wconf 80' lang='grc' dir='ltr'><strong>ι</strong></span> <span class='ocrx_word' id='word_1_551' title='bbox 3581 2803 3638 2863; x_wconf 57' lang='grc' dir='ltr'>τῷ</span> 
     </span>
    </p>
   </div>
   <div class='ocr_carea' id='block_1_75' title="bbox 2118 2889 3639 2962">
    <p class='ocr_par' dir='ltr' id='par_1_75' title="bbox 2118 2889 3639 2962">
     <span class='ocr_line' id='line_1_75' title="bbox 2118 2889 3639 2962; baseline 0.003 -20"><span class='ocrx_word' id='word_1_552' title='bbox 2118 2889 2406 2960; x_wconf 84' lang='grc' dir='ltr'>δακρύοντι</span> <span class='ocrx_word' id='word_1_553' title='bbox 2431 2891 2535 2961; x_wconf 82' lang='grc' dir='ltr'>ἔφη</span> <span class='ocrx_word' id='word_1_554' title='bbox 2558 2907 2572 2922; x_wconf 94' lang='grc'><strong>·</strong></span> <span class='ocrx_word' id='word_1_555' title='bbox 2607 2910 2626 2942; x_wconf 80' lang='grc' dir='ltr'><strong>ι</strong></span> <span class='ocrx_word' id='word_1_556' title='bbox 2686 2891 2782 2944; x_wconf 73' lang='grc' dir='ltr'>καὶ</span> <span class='ocrx_word' id='word_1_557' title='bbox 2818 2890 3032 2946; x_wconf 83' lang='grc' dir='ltr'>παῦσαι</span> <span class='ocrx_word' id='word_1_558' title='bbox 3061 2893 3268 2946; x_wconf 87' lang='grc' dir='ltr'>κλαίων</span> <span class='ocrx_word' id='word_1_559' title='bbox 3301 2895 3450 2947; x_wconf 85' lang='grc' dir='ltr'>ποτέ·</span> <span class='ocrx_word' id='word_1_560' title='bbox 3477 2895 3528 2946; x_wconf 82' lang='grc' dir='ltr'>οὐ</span> <span class='ocrx_word' id='word_1_561' title='bbox 3557 2897 3639 2962; x_wconf 78' lang='grc' dir='ltr'>γὰρ</span> 
     </span>
    </p>
   </div>
   <div class='ocr_carea' id='block_1_76' title="bbox 2120 2981 3642 3057">
    <p class='ocr_par' dir='ltr' id='par_1_76' title="bbox 2120 2981 3642 3057">
     <span class='ocr_line' id='line_1_76' title="bbox 2120 2981 3642 3057; baseline 0.002 -24"><span class='ocrx_word' id='word_1_562' title='bbox 2120 2981 2215 3034; x_wconf 82' lang='grc' dir='ltr'>νῦν</span> <span class='ocrx_word' id='word_1_563' title='bbox 2253 2983 2637 3051; x_wconf 78' lang='grc' dir='ltr'>ἀναστήσεται.</span> <span class='ocrx_word' id='word_1_564' title='bbox 2673 2983 2748 3036; x_wconf 82' lang='grc' dir='ltr'><strong>Τὸ</strong></span> <span class='ocrx_word' id='word_1_565' title='bbox 2789 2983 2847 3036; x_wconf 78' lang='grc' dir='ltr'>δὲ</span> <span class='ocrx_word' id='word_1_566' title='bbox 2878 2986 3060 3039; x_wconf 86' lang='grc' dir='ltr'>κοινόν</span> <span class='ocrx_word' id='word_1_567' title='bbox 3085 3003 3146 3039; x_wconf 86' lang='grc' dir='ltr'><strong>τε</strong></span> <span class='ocrx_word' id='word_1_568' title='bbox 3196 2987 3289 3039; x_wconf 80' lang='grc' dir='ltr'>καὶ</span> <span class='ocrx_word' id='word_1_569' title='bbox 3320 2987 3642 3057; x_wconf 82' lang='grc' dir='ltr'>ἀπαραίτητον</span> 
     </span>
    </p>
   </div>
   <div class='ocr_carea' id='block_1_77' title="bbox 2120 3074 3641 3150">
    <p class='ocr_par' dir='ltr' id='par_1_77' title="bbox 2120 3074 3641 3150">
     <span class='ocr_line' id='line_1_77' title="bbox 2120 3074 3641 3150; baseline 0.003 -25"><span class='ocrx_word' id='word_1_570' title='bbox 2120 3074 2216 3126; x_wconf 76' lang='grc' dir='ltr'>καὶ</span> <span class='ocrx_word' id='word_1_571' title='bbox 2263 3075 2633 3144; x_wconf 80' lang='grc' dir='ltr'>ἀποκείμενον</span> <span class='ocrx_word' id='word_1_572' title='bbox 2687 3075 2745 3142; x_wconf 77' lang='grc' dir='ltr'><strong>ἐξ</strong></span> <span class='ocrx_word' id='word_1_573' title='bbox 2771 3075 3020 3146; x_wconf 73' lang='grc' dir='ltr'>ἀνάγκης</span> <span class='ocrx_word' id='word_1_574' title='bbox 3068 3079 3244 3144; x_wconf 81' lang='grc' dir='ltr'>τέλος,</span> <span class='ocrx_word' id='word_1_575' title='bbox 3279 3078 3449 3150; x_wconf 84' lang='grc' dir='ltr'>χρεὼν</span> <span class='ocrx_word' id='word_1_576' title='bbox 3478 3078 3558 3132; x_wconf 82' lang='grc' dir='ltr'>καὶ</span> <span class='ocrx_word' id='word_1_577' title='bbox 3597 3078 3641 3130; x_wconf 77' lang='grc' dir='ltr'>σὲ</span> 
     </span>
    </p>
   </div>
   <div class='ocr_carea' id='block_1_78' title="bbox 2121 3166 3642 3238">
    <p class='ocr_par' dir='ltr' id='par_1_78' title="bbox 2121 3166 3642 3238">
     <span class='ocr_line' id='line_1_78' title="bbox 2121 3166 3642 3238; baseline 0.003 -19"><span class='ocrx_word' id='word_1_578' title='bbox 2121 3166 2313 3236; x_wconf 81' lang='grc' dir='ltr'>φέρειν</span> <span class='ocrx_word' id='word_1_579' title='bbox 2363 3167 2652 3235; x_wconf 87' lang='grc' dir='ltr'>γενναίως.</span> <span class='ocrx_word' id='word_1_580' title='bbox 2693 3186 2711 3218; x_wconf 78' lang='grc' dir='ltr'><strong>ι</strong></span> <span class='ocrx_word' id='word_1_581' title='bbox 2751 3167 2920 3222; x_wconf 79' lang='grc' dir='ltr'>Ταῦτ’</span> <span class='ocrx_word' id='word_1_582' title='bbox 2973 3170 3152 3222; x_wconf 82' lang='grc' dir='ltr'>είπὼν</span> <span class='ocrx_word' id='word_1_583' title='bbox 3194 3172 3512 3238; x_wconf 81' lang='grc' dir='ltr'>Ἐπιφάνιος,</span> <span class='ocrx_word' id='word_1_584' title='bbox 3563 3188 3642 3223; x_wconf 80' lang='grc' dir='ltr'>πα·</span> 
     </span>
    </p>
   </div>
   <div class='ocr_carea' id='block_1_79' title="bbox 2121 3258 3642 3330">
    <p class='ocr_par' dir='ltr' id='par_1_79' title="bbox 2121 3258 3642 3330">
     <span class='ocr_line' id='line_1_79' title="bbox 2121 3258 3642 3330; baseline 0.003 -20"><span class='ocrx_word' id='word_1_585' title='bbox 2121 3258 2287 3330; x_wconf 85' lang='grc' dir='ltr'>ρῆλθε</span> <span class='ocrx_word' id='word_1_586' title='bbox 2320 3259 2421 3329; x_wconf 78' lang='grc' dir='ltr'>τὴν</span> <span class='ocrx_word' id='word_1_587' title='bbox 2481 3260 2754 3330; x_wconf 76' lang='grc' dir='ltr'>σφετέραν</span> <span class='ocrx_word' id='word_1_588' title='bbox 2789 3260 3022 3314; x_wconf 80' lang='grc' dir='ltr'>διανύων</span> <span class='ocrx_word' id='word_1_589' title='bbox 3081 3264 3226 3318; x_wconf 82' lang='grc' dir='ltr'>ὀδόν.</span> <span class='ocrx_word' id='word_1_590' title='bbox 3269 3264 3359 3328; x_wconf 77' lang='grc' dir='ltr'>Ὠς</span> <span class='ocrx_word' id='word_1_591' title='bbox 3410 3267 3460 3319; x_wconf 74' lang='grc' dir='ltr'>δὲ</span> <span class='ocrx_word' id='word_1_592' title='bbox 3505 3264 3642 3326; x_wconf 69' lang='grc' dir='ltr'>οὐδεὶς</span> 
     </span>
    </p>
   </div>
   <div class='ocr_carea' id='block_1_80' title="bbox 2119 3351 3646 3422">
    <p class='ocr_par' dir='ltr' id='par_1_80' title="bbox 2119 3351 3646 3422">
     <span class='ocr_line' id='line_1_80' title="bbox 2119 3351 3646 3422; baseline 0.001 -18"><span class='ocrx_word' id='word_1_593' title='bbox 2119 3351 2308 3421; x_wconf 75' lang='grc' dir='ltr'>ἕτερος</span> <span class='ocrx_word' id='word_1_594' title='bbox 2371 3352 2513 3405; x_wconf 76' lang='grc' dir='ltr'>κατὰ</span> <span class='ocrx_word' id='word_1_595' title='bbox 2556 3352 2652 3422; x_wconf 85' lang='grc' dir='ltr'>τὴν</span> <span class='ocrx_word' id='word_1_596' title='bbox 2700 3353 2816 3406; x_wconf 75' lang='grc' dir='ltr'>ὁδὸν</span> <span class='ocrx_word' id='word_1_597' title='bbox 2847 3353 3182 3422; x_wconf 81' lang='grc' dir='ltr'>διεφαίνετο,</span> <span class='ocrx_word' id='word_1_598' title='bbox 3224 3359 3251 3408; x_wconf 89' lang='lat'><strong>6</strong></span> <span class='ocrx_word' id='word_1_599' title='bbox 3294 3356 3457 3418; x_wconf 79' lang='grc' dir='ltr'>ἑστώς</span> <span class='ocrx_word' id='word_1_600' title='bbox 3482 3374 3533 3407; x_wconf 87' lang='grc' dir='ltr'><strong>τε</strong></span> <span class='ocrx_word' id='word_1_601' title='bbox 3573 3358 3646 3407; x_wconf 78' lang='grc' dir='ltr'>καὶ</span> 
     </span>
    </p>
   </div>
   <div class='ocr_carea' id='block_1_81' title="bbox 2117 3441 3644 3517">
    <p class='ocr_par' dir='ltr' id='par_1_81' title="bbox 2117 3441 3644 3517">
     <span class='ocr_line' id='line_1_81' title="bbox 2117 3441 3644 3517; baseline 0.001 -23"><span class='ocrx_word' id='word_1_602' title='bbox 2117 3441 2442 3510; x_wconf 76' lang='grc' dir='ltr'>ὀδυρόμενος</span> <span class='ocrx_word' id='word_1_603' title='bbox 2469 3441 2727 3513; x_wconf 76' lang='grc' dir='ltr'>αἴσθησιν</span> <span class='ocrx_word' id='word_1_604' title='bbox 2756 3441 2920 3512; x_wconf 83' lang='grc' dir='ltr'>δῆθεν</span> <span class='ocrx_word' id='word_1_605' title='bbox 2950 3444 3026 3514; x_wconf 90' lang='grc' dir='ltr'>τῷ</span> <span class='ocrx_word' id='word_1_606' title='bbox 3073 3447 3316 3517; x_wconf 82' lang='grc' dir='ltr'>κειμένῳ</span> <span class='ocrx_word' id='word_1_607' title='bbox 3345 3446 3503 3508; x_wconf 67' lang='grc' dir='ltr'>ἐδίδου</span> <span class='ocrx_word' id='word_1_608' title='bbox 3526 3447 3644 3515; x_wconf 77' lang='grc' dir='ltr'>ἐγεί-</span> 
     </span>
    </p>
   </div>
   <div class='ocr_carea' id='block_1_82' title="bbox 2121 3532 3644 3606">
    <p class='ocr_par' dir='ltr' id='par_1_82' title="bbox 2121 3532 3644 3606">
     <span class='ocr_line' id='line_1_82' title="bbox 2121 3532 3644 3606; baseline 0.001 -21"><span class='ocrx_word' id='word_1_609' title='bbox 2121 3535 2330 3604; x_wconf 87' lang='grc' dir='ltr'>ρεσθαι.</span> <span class='ocrx_word' id='word_1_610' title='bbox 2377 3532 2597 3604; x_wconf 78' lang='grc' dir='ltr'>Ἐπῄνει</span> <span class='ocrx_word' id='word_1_611' title='bbox 2625 3535 2682 3587; x_wconf 80' lang='grc' dir='ltr'>δὲ</span> <span class='ocrx_word' id='word_1_612' title='bbox 2705 3533 2824 3603; x_wconf 72' lang='grc' dir='ltr'>ἅμα</span> <span class='ocrx_word' id='word_1_613' title='bbox 2859 3537 2926 3604; x_wconf 82' lang='grc' dir='ltr'>τῇ</span> <span class='ocrx_word' id='word_1_614' title='bbox 2954 3537 3191 3606; x_wconf 84' lang='grc' dir='ltr'>κινήσει,</span> <span class='ocrx_word' id='word_1_615' title='bbox 3224 3539 3301 3596; x_wconf 85' lang='grc' dir='ltr'><strong>ὡς</strong></span> <span class='ocrx_word' id='word_1_616' title='bbox 3327 3539 3495 3605; x_wconf 82' lang='grc' dir='ltr'>σοφῶς</span> <span class='ocrx_word' id='word_1_617' title='bbox 3524 3536 3644 3606; x_wconf 79' lang='grc' dir='ltr'>μάλα</span> 
     </span>
    </p>
   </div>
   <div class='ocr_carea' id='block_1_83' title="bbox 2119 3629 3644 3705">
    <p class='ocr_par' dir='ltr' id='par_1_83' title="bbox 2119 3629 3644 3705">
     <span class='ocr_line' id='line_1_83' title="bbox 2119 3629 3644 3705; baseline 0 -23"><span class='ocrx_word' id='word_1_618' title='bbox 2119 3630 2527 3698; x_wconf 77' lang='grc' dir='ltr'>έσχηματίσατο</span> <span class='ocrx_word' id='word_1_619' title='bbox 2572 3629 2666 3682; x_wconf 84' lang='grc' dir='ltr'>τὸν</span> <span class='ocrx_word' id='word_1_620' title='bbox 2712 3630 2906 3700; x_wconf 89' lang='grc' dir='ltr'>νεκρόν</span> <span class='ocrx_word' id='word_1_621' title='bbox 2930 3647 2944 3662; x_wconf 93' lang='grc'><strong>·</strong></span> <span class='ocrx_word' id='word_1_622' title='bbox 2979 3635 3092 3696; x_wconf 74' lang='grc' dir='ltr'>καὶ,</span> <span class='ocrx_word' id='word_1_623' title='bbox 3137 3652 3154 3684; x_wconf 82' lang='grc' dir='ltr'><strong>ι</strong></span> <span class='ocrx_word' id='word_1_624' title='bbox 3200 3635 3334 3702; x_wconf 83' lang='grc' dir='ltr'>Ἀγε</span> <span class='ocrx_word' id='word_1_625' title='bbox 3369 3634 3449 3705; x_wconf 66' lang='grc' dir='ltr'>δὴ,</span> <span class='ocrx_word' id='word_1_626' title='bbox 3475 3634 3644 3700; x_wconf 74' lang='grc' dir='ltr'>ἔλεγεν,</span> 
     </span>
    </p>
   </div>
   <div class='ocr_carea' id='block_1_84' title="bbox 2119 3721 3650 3796">
    <p class='ocr_par' dir='ltr' id='par_1_84' title="bbox 2119 3721 3650 3796">
     <span class='ocr_line' id='line_1_84' title="bbox 2119 3721 3650 3796; baseline -0.001 -20"><span class='ocrx_word' id='word_1_627' title='bbox 2119 3721 2399 3791; x_wconf 83' lang='grc' dir='ltr'>ὲξεγείρου</span> <span class='ocrx_word' id='word_1_628' title='bbox 2425 3738 2439 3752; x_wconf 78' lang='grc'><strong>⁸</strong></span> <span class='ocrx_word' id='word_1_629' title='bbox 2480 3722 2575 3773; x_wconf 79' lang='grc' dir='ltr'>καὶ</span> <span class='ocrx_word' id='word_1_630' title='bbox 2617 3722 2744 3788; x_wconf 86' lang='grc' dir='ltr'>τόγε</span> <span class='ocrx_word' id='word_1_631' title='bbox 2784 3721 2878 3775; x_wconf 78' lang='grc' dir='ltr'><strong>νῦν</strong></span> <span class='ocrx_word' id='word_1_632' title='bbox 2929 3725 2994 3794; x_wconf 77' lang='grc' dir='ltr'><strong>τῇ</strong></span> <span class='ocrx_word' id='word_1_633' title='bbox 3027 3727 3092 3795; x_wconf 83' lang='grc' dir='ltr'><strong>σῇ</strong></span> <span class='ocrx_word' id='word_1_634' title='bbox 3146 3728 3558 3796; x_wconf 70' lang='grc' dir='ltr'>ὲντρυφήσωμεν</span> <span class='ocrx_word' id='word_1_635' title='bbox 3583 3741 3650 3775; x_wconf 80' lang='grc' dir='ltr'>σο-</span> 
     </span>
    </p>
   </div>
   <div class='ocr_carea' id='block_1_85' title="bbox 2122 3814 3649 3886">
    <p class='ocr_par' dir='ltr' id='par_1_85' title="bbox 2122 3814 3649 3886">
     <span class='ocr_line' id='line_1_85' title="bbox 2122 3814 3649 3886; baseline -0.001 -20"><span class='ocrx_word' id='word_1_636' title='bbox 2122 3814 2361 3883; x_wconf 75' lang='grc' dir='ltr'>φιστείᾳ.</span> <span class='ocrx_word' id='word_1_637' title='bbox 2397 3832 2415 3864; x_wconf 75' lang='grc' dir='ltr'><strong>ι</strong></span> <span class='ocrx_word' id='word_1_638' title='bbox 2460 3814 2614 3867; x_wconf 78' lang='grc' dir='ltr'>Ἐπεὶ</span> <span class='ocrx_word' id='word_1_639' title='bbox 2673 3814 2719 3865; x_wconf 89' lang='grc' dir='ltr'>δ’</span> <span class='ocrx_word' id='word_1_640' title='bbox 2754 3815 2963 3877; x_wconf 79' lang='grc' dir='ltr'>ἐκεῖνος</span> <span class='ocrx_word' id='word_1_641' title='bbox 2997 3815 3155 3868; x_wconf 79' lang='grc' dir='ltr'>οὐδὲν</span> <span class='ocrx_word' id='word_1_642' title='bbox 3190 3817 3392 3886; x_wconf 74' lang='grc' dir='ltr'>μᾶλλον</span> <span class='ocrx_word' id='word_1_643' title='bbox 3430 3815 3540 3868; x_wconf 76' lang='grc' dir='ltr'>οὔτε</span> <span class='ocrx_word' id='word_1_644' title='bbox 3581 3815 3649 3866; x_wconf 85' lang='grc' dir='ltr'><strong>λέ-</strong></span> 
     </span>
    </p>
   </div>
   <div class='ocr_carea' id='block_1_86' title="bbox 2118 3904 3654 3978">
    <p class='ocr_par' dir='ltr' id='par_1_86' title="bbox 2118 3904 3654 3978">
     <span class='ocr_line' id='line_1_86' title="bbox 2118 3904 3654 3978; baseline 0 -20"><span class='ocrx_word' id='word_1_645' title='bbox 2118 3922 2305 3974; x_wconf 76' lang='grc' dir='ltr'>γοντος</span> <span class='ocrx_word' id='word_1_646' title='bbox 2330 3907 2551 3974; x_wconf 73' lang='grc' dir='ltr'>ἧκουεν,</span> <span class='ocrx_word' id='word_1_647' title='bbox 2578 3904 2698 3956; x_wconf 75' lang='grc' dir='ltr'>οὔτε</span> <span class='ocrx_word' id='word_1_648' title='bbox 2729 3907 2865 3957; x_wconf 76' lang='grc' dir='ltr'>πᾶσι</span> <span class='ocrx_word' id='word_1_649' title='bbox 2889 3905 3114 3976; x_wconf 83' lang='grc' dir='ltr'>τρόποις</span> <span class='ocrx_word' id='word_1_650' title='bbox 3149 3910 3470 3978; x_wconf 78' lang='grc' dir='ltr'>παρέχοντος</span> <span class='ocrx_word' id='word_1_651' title='bbox 3495 3905 3654 3972; x_wconf 73' lang='grc' dir='ltr'>αἴσθη-</span> 
     </span>
    </p>
   </div>
   <div class='ocr_carea' id='block_1_87' title="bbox 2123 3993 3649 4070">
    <p class='ocr_par' dir='ltr' id='par_1_87' title="bbox 2123 3993 3649 4070">
     <span class='ocr_line' id='line_1_87' title="bbox 2123 3993 3649 4070; baseline -0.001 -22"><span class='ocrx_word' id='word_1_652' title='bbox 2123 4015 2206 4050; x_wconf 89' lang='grc' dir='ltr'><strong>σιν</strong></span> <span class='ocrx_word' id='word_1_653' title='bbox 2228 3996 2289 4049; x_wconf 72' lang='grc' dir='ltr'>τὸ</span> <span class='ocrx_word' id='word_1_654' title='bbox 2317 3996 2424 4060; x_wconf 79' lang='grc' dir='ltr'>ζῶν</span> <span class='ocrx_word' id='word_1_655' title='bbox 2456 3993 2596 4050; x_wconf 84' lang='grc' dir='ltr'>εἶναι</span> <span class='ocrx_word' id='word_1_656' title='bbox 2622 3997 2912 4064; x_wconf 74' lang='grc' dir='ltr'>ὑπέφαινε,</span> <span class='ocrx_word' id='word_1_657' title='bbox 2946 3999 3148 4070; x_wconf 81' lang='grc' dir='ltr'>σπουδῇ</span> <span class='ocrx_word' id='word_1_658' title='bbox 3177 3999 3269 4052; x_wconf 73' lang='grc' dir='ltr'><strong>τὸν</strong></span> <span class='ocrx_word' id='word_1_659' title='bbox 3295 4001 3439 4069; x_wconf 85' lang='grc' dir='ltr'>ίερέα</span> <span class='ocrx_word' id='word_1_660' title='bbox 3460 3999 3649 4051; x_wconf 71' lang='grc' dir='ltr'>ἐδίωκεο</span> 
     </span>
    </p>
   </div>
   <div class='ocr_carea' id='block_1_88' title="bbox 2121 4089 3654 4162">
    <p class='ocr_par' dir='ltr' id='par_1_88' title="bbox 2121 4089 3654 4162">
     <span class='ocr_line' id='line_1_88' title="bbox 2121 4089 3654 4162; baseline -0.001 -19"><span class='ocrx_word' id='word_1_661' title='bbox 2121 4092 2215 4143; x_wconf 76' lang='grc' dir='ltr'>καὶ</span> <span class='ocrx_word' id='word_1_662' title='bbox 2249 4089 2486 4158; x_wconf 81' lang='grc' dir='ltr'>φθάσας,</span> <span class='ocrx_word' id='word_1_663' title='bbox 2518 4091 2617 4159; x_wconf 83' lang='grc' dir='ltr'>τὴν</span> <span class='ocrx_word' id='word_1_664' title='bbox 2646 4091 2704 4157; x_wconf 77' lang='grc' dir='ltr'><strong>ἐξ</strong></span> <span class='ocrx_word' id='word_1_665' title='bbox 2739 4091 2946 4154; x_wconf 78' lang='grc' dir='ltr'>ἐνδείας</span> <span class='ocrx_word' id='word_1_666' title='bbox 2981 4093 3135 4160; x_wconf 77' lang='grc' dir='ltr'>σφῶν</span> <span class='ocrx_word' id='word_1_667' title='bbox 3166 4094 3413 4162; x_wconf 63' lang='grc' dir='ltr'>μηχανὴν</span> <span class='ocrx_word' id='word_1_668' title='bbox 3446 4090 3654 4158; x_wconf 70' lang='grc' dir='ltr'>κατεμή-</span> 
     </span>
    </p>
   </div>
   <div class='ocr_carea' id='block_1_89' title="bbox 2120 4185 3652 4256">
    <p class='ocr_par' dir='ltr' id='par_1_89' title="bbox 2120 4185 3652 4256">
     <span class='ocr_line' id='line_1_89' title="bbox 2120 4185 3652 4256; baseline -0.002 -19"><span class='ocrx_word' id='word_1_669' title='bbox 2120 4199 2249 4237; x_wconf 86' lang='grc' dir='ltr'>νυε·</span> <span class='ocrx_word' id='word_1_670' title='bbox 2301 4185 2398 4239; x_wconf 81' lang='grc' dir='ltr'>καὶ</span> <span class='ocrx_word' id='word_1_671' title='bbox 2447 4187 2566 4246; x_wconf 84' lang='grc' dir='ltr'>ταῖς</span> <span class='ocrx_word' id='word_1_672' title='bbox 2599 4185 2884 4251; x_wconf 69' lang='grc' dir='ltr'>ἀληθείαις</span> <span class='ocrx_word' id='word_1_673' title='bbox 2941 4186 3147 4239; x_wconf 79' lang='grc' dir='ltr'>κλαίων</span> <span class='ocrx_word' id='word_1_674' title='bbox 3199 4189 3292 4238; x_wconf 79' lang='grc' dir='ltr'><strong>καὶ</strong></span> <span class='ocrx_word' id='word_1_675' title='bbox 3348 4185 3652 4256; x_wconf 75' lang='grc' dir='ltr'>ὀδυρόμενος,</span> 
     </span>
    </p>
   </div>
   <div class='ocr_carea' id='block_1_90' title="bbox 2119 4272 3654 4349">
    <p class='ocr_par' dir='ltr' id='par_1_90' title="bbox 2119 4272 3654 4349">
     <span class='ocr_line' id='line_1_90' title="bbox 2119 4272 3654 4349; baseline -0.001 -19"><span class='ocrx_word' id='word_1_676' title='bbox 2119 4279 2346 4349; x_wconf 84' lang='grc' dir='ltr'>ἀνιστᾷν</span> <span class='ocrx_word' id='word_1_677' title='bbox 2389 4279 2483 4329; x_wconf 76' lang='grc' dir='ltr'>τὸν</span> <span class='ocrx_word' id='word_1_678' title='bbox 2529 4279 2749 4348; x_wconf 77' lang='grc' dir='ltr'>ἑταῖρον</span> <span class='ocrx_word' id='word_1_679' title='bbox 2799 4278 3181 4346; x_wconf 80' lang='grc' dir='ltr'>κατελιπάρει.</span> <span class='ocrx_word' id='word_1_680' title='bbox 3228 4272 3454 4340; x_wconf 73' lang='grc' dir='ltr'>Ἐκεῖνος</span> <span class='ocrx_word' id='word_1_681' title='bbox 3500 4277 3550 4330; x_wconf 78' lang='grc' dir='ltr'>δὲ</span> <span class='ocrx_word' id='word_1_682' title='bbox 3595 4277 3654 4343; x_wconf 76' lang='grc' dir='ltr'>μή</span> 
     </span>
    </p>
   </div>
   <div class='ocr_carea' id='block_1_91' title="bbox 440 4361 2015 4441">
    <p class='ocr_par' dir='ltr' id='par_1_91' title="bbox 440 4361 2011 4426">
     <span class='ocr_line' id='line_1_91' title="bbox 440 4361 2011 4426; baseline 0.006 -9"><span class='ocrx_word' id='word_1_683' title='bbox 440 4364 900 4417; x_wconf 84' lang='lat' dir='ltr'><strong>ambulationem.</strong></span> <span class='ocrx_word' id='word_1_684' title='bbox 939 4361 1075 4416; x_wconf 85' lang='lat' dir='ltr'><strong>Cum</strong></span> <span class='ocrx_word' id='word_1_685' title='bbox 1127 4373 1310 4415; x_wconf 88' lang='lat' dir='ltr'><strong>autem</strong></span> <span class='ocrx_word' id='word_1_686' title='bbox 1361 4381 1423 4418; x_wconf 86' lang='lat' dir='ltr'><strong>ea</strong></span> <span class='ocrx_word' id='word_1_687' title='bbox 1467 4365 1521 4418; x_wconf 92' lang='lat' dir='ltr'><strong>in</strong></span> <span class='ocrx_word' id='word_1_688' title='bbox 1557 4365 1640 4420; x_wconf 71' lang='lat' dir='ltr'><strong>via</strong></span> <span class='ocrx_word' id='word_1_689' title='bbox 1683 4383 1845 4423; x_wconf 89' lang='lat' dir='ltr'><strong>nemo</strong></span> <span class='ocrx_word' id='word_1_690' title='bbox 1869 4371 2011 4426; x_wconf 87' lang='lat' dir='ltr'><strong>alius</strong></span> 
     </span>
    </p>
   </div>
   <div class='ocr_carea' id='block_1_92' title="bbox 2120 4361 3654 4441">
    <p class='ocr_par' dir='ltr' id='par_1_92' title="bbox 2120 4368 3654 4441">
     <span class='ocr_line' id='line_1_92' title="bbox 2120 4368 3654 4441; baseline -0.002 -19"><span class='ocrx_word' id='word_1_691' title='bbox 2120 4368 2493 4439; x_wconf 79' lang='grc' dir='ltr'>δυσχεραίνειν</span> <span class='ocrx_word' id='word_1_692' title='bbox 2535 4371 2627 4421; x_wconf 75' lang='grc' dir='ltr'><strong>ἐπὶ</strong></span> <span class='ocrx_word' id='word_1_693' title='bbox 2667 4369 2741 4439; x_wconf 84' lang='grc' dir='ltr'>τῷ</span> <span class='ocrx_word' id='word_1_694' title='bbox 2779 4369 3017 4441; x_wconf 82' lang='grc' dir='ltr'>δράματι</span> <span class='ocrx_word' id='word_1_695' title='bbox 3045 4372 3312 4438; x_wconf 77' lang='grc' dir='ltr'>ἐπειπὼν,</span> <span class='ocrx_word' id='word_1_696' title='bbox 3368 4372 3531 4422; x_wconf 77' lang='grc' dir='ltr'>ὀπίσω</span> <span class='ocrx_word' id='word_1_697' title='bbox 3560 4369 3654 4420; x_wconf 85' lang='grc' dir='ltr'>ἀν.-</span> 
     </span>
    </p>
   </div>
   <div class='ocr_carea' id='block_1_93' title="bbox 437 4454 2011 4532">
    <p class='ocr_par' dir='ltr' id='par_1_93' title="bbox 437 4454 2011 4532">
     <span class='ocr_line' id='line_1_93' title="bbox 437 4454 2011 4532; baseline 0.005 -23"><span class='ocrx_word' id='word_1_698' title='bbox 437 4464 750 4525; x_wconf 87' lang='lat' dir='ltr'><strong>appareret,</strong></span> <span class='ocrx_word' id='word_1_699' title='bbox 797 4455 888 4509; x_wconf 87' lang='lat' dir='ltr'><strong>ille</strong></span> <span class='ocrx_word' id='word_1_700' title='bbox 923 4454 1019 4524; x_wconf 92' lang='lat' dir='ltr'><strong>qui</strong></span> <span class='ocrx_word' id='word_1_701' title='bbox 1061 4455 1144 4509; x_wconf 90' lang='lat' dir='ltr'><strong>sic</strong></span> <span class='ocrx_word' id='word_1_702' title='bbox 1179 4461 1409 4508; x_wconf 86' lang='lat' dir='ltr'><strong>steterat</strong></span> <span class='ocrx_word' id='word_1_703' title='bbox 1443 4465 1496 4510; x_wconf 89' lang='lat' dir='ltr'><strong>et</strong></span> <span class='ocrx_word' id='word_1_704' title='bbox 1533 4457 1870 4526; x_wconf 82' lang='lat' dir='ltr'><strong>ploraverat,</strong></span> <span class='ocrx_word' id='word_1_705' title='bbox 1922 4464 2011 4532; x_wconf 88' lang='lat' dir='ltr'><strong>ja-</strong></span> 
     </span>
    </p>
   </div>
   <div class='ocr_carea' id='block_1_94' title="bbox 438 4533 2012 4618">
    <p class='ocr_par' dir='ltr' id='par_1_94' title="bbox 438 4533 2012 4618">
     <span class='ocr_line' id='line_1_94' title="bbox 438 4533 2012 4618; baseline 0.004 -16"><span class='ocrx_word' id='word_1_706' title='bbox 438 4557 678 4612; x_wconf 86' lang='lat' dir='ltr'><strong>centem,</strong></span> <span class='ocrx_word' id='word_1_707' title='bbox 715 4547 924 4602; x_wconf 90' lang='lat' dir='ltr'><strong>indicio</strong></span> <span class='ocrx_word' id='word_1_708' title='bbox 973 4547 1135 4618; x_wconf 88' lang='lat' dir='ltr'><strong>pedis</strong></span> <span class='ocrx_word' id='word_1_709' title='bbox 1185 4549 1555 4605; x_wconf 75' lang='lat' dir='ltr'><strong>concussione</strong></span> <span class='ocrx_word' id='word_1_710' title='bbox 1598 4549 1750 4616; x_wconf 88' lang='lat' dir='ltr'><strong>dato,</strong></span> <span class='ocrx_word' id='word_1_711' title='bbox 1794 4533 1854 4608; x_wconf 83' lang='lat' dir='ltr'><strong>ut</strong></span> <span class='ocrx_word' id='word_1_712' title='bbox 1879 4570 2012 4608; x_wconf 90' lang='lat' dir='ltr'><strong>con-</strong></span> 
     </span>
    </p>
   </div>
   <div class='ocr_carea' id='block_1_95' title="bbox 437 4640 2011 4714">
    <p class='ocr_par' dir='ltr' id='par_1_95' title="bbox 437 4640 2011 4714">
     <span class='ocr_line' id='line_1_95' title="bbox 437 4640 2011 4714; baseline 0.004 -22"><span class='ocrx_word' id='word_1_713' title='bbox 437 4651 714 4710; x_wconf 86' lang='lat' dir='ltr'><strong>surgeret.</strong></span> <span class='ocrx_word' id='word_1_714' title='bbox 743 4640 1076 4695; x_wconf 88' lang='lat' dir='ltr'><strong>admonuit:</strong></span> <span class='ocrx_word' id='word_1_715' title='bbox 1114 4641 1391 4708; x_wconf 85' lang='lat' dir='ltr'><strong>simulque</strong></span> <span class='ocrx_word' id='word_1_716' title='bbox 1443 4656 1569 4696; x_wconf 89' lang='lat' dir='ltr'><strong>cum</strong></span> <span class='ocrx_word' id='word_1_717' title='bbox 1618 4643 1884 4704; x_wconf 87' lang='lat' dir='ltr'><strong>laudavit.</strong></span> <span class='ocrx_word' id='word_1_718' title='bbox 1919 4646 2011 4714; x_wconf 80' lang='lat' dir='ltr'><strong>qui</strong></span> 
     </span>
    </p>
   </div>
   <div class='ocr_carea' id='block_1_96' title="bbox 440 4732 2015 4802">
    <p class='ocr_par' dir='ltr' id='par_1_96' title="bbox 440 4732 2015 4802">
     <span class='ocr_line' id='line_1_96' title="bbox 440 4732 2015 4802; baseline 0.006 -18"><span class='ocrx_word' id='word_1_719' title='bbox 440 4743 548 4784; x_wconf 87' lang='lat' dir='ltr'><strong>tam</strong></span> <span class='ocrx_word' id='word_1_720' title='bbox 580 4733 800 4802; x_wconf 79' lang='lat' dir='ltr'><strong>egregie</strong></span> <span class='ocrx_word' id='word_1_721' title='bbox 823 4732 1029 4787; x_wconf 89' lang='lat' dir='ltr'><strong>mortui</strong></span> <span class='ocrx_word' id='word_1_722' title='bbox 1055 4733 1295 4789; x_wconf 89' lang='lat' dir='ltr'><strong>hominis</strong></span> <span class='ocrx_word' id='word_1_723' title='bbox 1314 4733 1562 4788; x_wconf 89' lang='lat' dir='ltr'><strong>habitum</strong></span> <span class='ocrx_word' id='word_1_724' title='bbox 1586 4736 1893 4802; x_wconf 90' lang='lat' dir='ltr'><strong>retulisset;</strong></span> <span class='ocrx_word' id='word_1_725' title='bbox 1921 4748 1974 4790; x_wconf 82' lang='lat' dir='ltr'><strong>et</strong></span> <span class='ocrx_word' id='word_1_726' title='bbox 1999 4757 2015 4794; x_wconf 90' lang='lat'><strong>:</strong></span> 
     </span>
    </p>
   </div>
   <div class='ocr_carea' id='block_1_97' title="bbox 443 4824 2007 4898">
    <p class='ocr_par' dir='ltr' id='par_1_97' title="bbox 443 4824 2007 4898">
     <span class='ocr_line' id='line_1_97' title="bbox 443 4824 2007 4898; baseline 0.006 -24"><span class='ocrx_word' id='word_1_727' title='bbox 443 4843 460 4874; x_wconf 80' lang='grc' dir='ltr'><strong>ι</strong></span> <span class='ocrx_word' id='word_1_728' title='bbox 517 4824 630 4892; x_wconf 81' lang='lat' dir='ltr'><strong>Age</strong></span> <span class='ocrx_word' id='word_1_729' title='bbox 681 4824 900 4879; x_wconf 85' lang='lat' dir='ltr'><strong>tandem</strong></span> <span class='ocrx_word' id='word_1_730' title='bbox 951 4839 1205 4895; x_wconf 81' lang='lat' dir='ltr'><strong>exsurge,</strong></span> <span class='ocrx_word' id='word_1_731' title='bbox 1252 4825 1453 4894; x_wconf 86' lang='lat' dir='ltr'><strong>inquit,</strong></span> <span class='ocrx_word' id='word_1_732' title='bbox 1503 4835 1564 4879; x_wconf 88' lang='lat' dir='ltr'><strong>ut</strong></span> <span class='ocrx_word' id='word_1_733' title='bbox 1607 4827 1660 4881; x_wconf 92' lang='lat' dir='ltr'><strong>in</strong></span> <span class='ocrx_word' id='word_1_734' title='bbox 1714 4831 2007 4898; x_wconf 68' lang='lat' dir='ltr'><strong>prmsenlia</strong></span> 
     </span>
    </p>
   </div>
   <div class='ocr_carea' id='block_1_98' title="bbox 435 4914 2007 4992">
    <p class='ocr_par' dir='ltr' id='par_1_98' title="bbox 435 4914 2007 4992">
     <span class='ocr_line' id='line_1_98' title="bbox 435 4914 2007 4992; baseline 0.006 -25"><span class='ocrx_word' id='word_1_735' title='bbox 435 4915 696 4969; x_wconf 73' lang='lat' dir='ltr'><strong>versutia:</strong></span> <span class='ocrx_word' id='word_1_736' title='bbox 742 4923 848 4969; x_wconf 70' lang='lat' dir='ltr'><strong>tua:</strong></span> <span class='ocrx_word' id='word_1_737' title='bbox 897 4914 1130 4970; x_wconf 89' lang='lat' dir='ltr'><strong>hilarius</strong></span> <span class='ocrx_word' id='word_1_738' title='bbox 1173 4917 1408 4971; x_wconf 77' lang='lat' dir='ltr'><strong>vivendo</strong></span> <span class='ocrx_word' id='word_1_739' title='bbox 1443 4919 1683 4973; x_wconf 83' lang='lat' dir='ltr'><strong>fructum</strong></span> <span class='ocrx_word' id='word_1_740' title='bbox 1733 4922 2007 4992; x_wconf 89' lang='lat' dir='ltr'><strong>percipia-</strong></span> 
     </span>
    </p>
   </div>
   <div class='ocr_carea' id='block_1_99' title="bbox 431 5006 2008 5082">
    <p class='ocr_par' dir='ltr' id='par_1_99' title="bbox 431 5006 2008 5082">
     <span class='ocr_line' id='line_1_99' title="bbox 431 5006 2008 5082; baseline 0.004 -20"><span class='ocrx_word' id='word_1_741' title='bbox 431 5023 574 5062; x_wconf 80' lang='lat' dir='ltr'><strong>tnus.</strong></span> <span class='ocrx_word' id='word_1_742' title='bbox 634 5026 652 5058; x_wconf 74' lang='grc' dir='ltr'><strong>ι</strong></span> <span class='ocrx_word' id='word_1_743' title='bbox 695 5006 800 5063; x_wconf 88' lang='lat' dir='ltr'><strong>Ubi</strong></span> <span class='ocrx_word' id='word_1_744' title='bbox 850 5021 1035 5063; x_wconf 87' lang='lat' dir='ltr'><strong>autem</strong></span> <span class='ocrx_word' id='word_1_745' title='bbox 1087 5007 1182 5063; x_wconf 91' lang='lat' dir='ltr'><strong>ille</strong></span> <span class='ocrx_word' id='word_1_746' title='bbox 1216 5011 1455 5080; x_wconf 87' lang='lat' dir='ltr'><strong>amplius</strong></span> <span class='ocrx_word' id='word_1_747' title='bbox 1501 5028 1679 5082; x_wconf 88' lang='lat' dir='ltr'><strong>neque</strong></span> <span class='ocrx_word' id='word_1_748' title='bbox 1731 5013 2008 5069; x_wconf 90' lang='lat' dir='ltr'><strong>dicentem</strong></span> 
     </span>
    </p>
   </div>
   <div class='ocr_carea' id='block_1_100' title="bbox 430 5096 2007 5172">
    <p class='ocr_par' dir='ltr' id='par_1_100' title="bbox 430 5096 2007 5172">
     <span class='ocr_line' id='line_1_100' title="bbox 430 5096 2007 5172; baseline 0.007 -25"><span class='ocrx_word' id='word_1_749' title='bbox 430 5096 630 5161; x_wconf 88' lang='lat' dir='ltr'><strong>audiit,</strong></span> <span class='ocrx_word' id='word_1_750' title='bbox 663 5111 840 5166; x_wconf 84' lang='lat' dir='ltr'><strong>neque</strong></span> <span class='ocrx_word' id='word_1_751' title='bbox 887 5099 1066 5153; x_wconf 89' lang='lat' dir='ltr'><strong>modis</strong></span> <span class='ocrx_word' id='word_1_752' title='bbox 1099 5099 1356 5155; x_wconf 88' lang='lat' dir='ltr'><strong>omnibus</strong></span> <span class='ocrx_word' id='word_1_753' title='bbox 1398 5102 1859 5172; x_wconf 82' lang='lat' dir='ltr'><strong>significationem</strong></span> <span class='ocrx_word' id='word_1_754' title='bbox 1903 5106 2007 5158; x_wconf 88' lang='lat' dir='ltr'><strong>ali-</strong></span> 
     </span>
    </p>
   </div>
   <div class='ocr_carea' id='block_1_101' title="bbox 429 5191 2008 5269">
    <p class='ocr_par' dir='ltr' id='par_1_101' title="bbox 429 5191 2008 5269">
     <span class='ocr_line' id='line_1_101' title="bbox 429 5191 2008 5269; baseline 0.005 -26"><span class='ocrx_word' id='word_1_755' title='bbox 429 5205 622 5260; x_wconf 87' lang='lat' dir='ltr'><strong>quam,</strong></span> <span class='ocrx_word' id='word_1_756' title='bbox 652 5205 712 5244; x_wconf 89' lang='lat' dir='ltr'><strong>se</strong></span> <span class='ocrx_word' id='word_1_757' title='bbox 742 5191 949 5253; x_wconf 75' lang='lat' dir='ltr'><strong>virere,</strong></span> <span class='ocrx_word' id='word_1_758' title='bbox 977 5192 1269 5257; x_wconf 83' lang='lat' dir='ltr'><strong>exhibuit;</strong></span> <span class='ocrx_word' id='word_1_759' title='bbox 1305 5193 1444 5248; x_wconf 88' lang='lat' dir='ltr'><strong>alter</strong></span> <span class='ocrx_word' id='word_1_760' title='bbox 1489 5210 1652 5269; x_wconf 80' lang='lat' dir='ltr'><strong>cursu</strong></span> <span class='ocrx_word' id='word_1_761' title='bbox 1685 5196 1855 5251; x_wconf 85' lang='lat' dir='ltr'><strong>celeri</strong></span> <span class='ocrx_word' id='word_1_762' title='bbox 1886 5199 2008 5266; x_wconf 87' lang='lat' dir='ltr'><strong>epi-</strong></span> 
     </span>
    </p>
   </div>
   <div class='ocr_carea' id='block_1_102' title="bbox 430 5286 2006 5358">
    <p class='ocr_par' dir='ltr' id='par_1_102' title="bbox 430 5286 2006 5358">
     <span class='ocr_line' id='line_1_102' title="bbox 430 5286 2006 5358; baseline 0.004 -22"><span class='ocrx_word' id='word_1_763' title='bbox 430 5297 657 5352; x_wconf 89' lang='lat' dir='ltr'><strong>scopum</strong></span> <span class='ocrx_word' id='word_1_764' title='bbox 720 5292 804 5336; x_wconf 86' lang='lat' dir='ltr'><strong>est</strong></span> <span class='ocrx_word' id='word_1_765' title='bbox 864 5293 1232 5345; x_wconf 82' lang='lat' dir='ltr'><strong>consecutus.</strong></span> <span class='ocrx_word' id='word_1_766' title='bbox 1295 5286 1456 5354; x_wconf 83' lang='lat' dir='ltr'><strong>eique</strong></span> <span class='ocrx_word' id='word_1_767' title='bbox 1527 5287 1776 5340; x_wconf 85' lang='lat' dir='ltr'><strong>fraudem</strong></span> <span class='ocrx_word' id='word_1_768' title='bbox 1841 5306 2006 5358; x_wconf 88' lang='lat' dir='ltr'><strong>quam</strong></span> 
     </span>
    </p>
   </div>
   <div class='ocr_carea' id='block_1_103' title="bbox 432 5376 1789 5445">
    <p class='ocr_par' dir='ltr' id='par_1_103' title="bbox 432 5376 1789 5445">
     <span class='ocr_line' id='line_1_103' title="bbox 432 5376 1789 5445; baseline 0.005 -17"><span class='ocrx_word' id='word_1_769' title='bbox 432 5376 618 5445; x_wconf 85' lang='lat' dir='ltr'><strong>inopia</strong></span> <span class='ocrx_word' id='word_1_770' title='bbox 652 5377 829 5430; x_wconf 90' lang='lat' dir='ltr'><strong>coacti</strong></span> <span class='ocrx_word' id='word_1_771' title='bbox 860 5376 1160 5430; x_wconf 89' lang='lat' dir='ltr'><strong>commenti</strong></span> <span class='ocrx_word' id='word_1_772' title='bbox 1198 5385 1410 5442; x_wconf 88' lang='lat' dir='ltr'><strong>essent,</strong></span> <span class='ocrx_word' id='word_1_773' title='bbox 1483 5378 1748 5435; x_wconf 89' lang='lat' dir='ltr'><strong>indicavit</strong></span> <span class='ocrx_word' id='word_1_774' title='bbox 1776 5399 1789 5434; x_wconf 90' lang='lat'><strong>:</strong></span> 
     </span>
    </p>
   </div>
   <div class='ocr_carea' id='block_1_104' title="bbox 2121 4459 3650 4532">
    <p class='ocr_par' dir='ltr' id='par_1_104' title="bbox 2121 4459 3650 4532">
     <span class='ocr_line' id='line_1_104' title="bbox 2121 4459 3650 4532; baseline -0.002 -19"><span class='ocrx_word' id='word_1_775' title='bbox 2121 4477 2362 4531; x_wconf 83' lang='grc' dir='ltr'>πεμπεν·</span> <span class='ocrx_word' id='word_1_776' title='bbox 2382 4459 2639 4512; x_wconf 67' lang='grc' dir='ltr'>ἀναλύειν</span> <span class='ocrx_word' id='word_1_777' title='bbox 2667 4460 2775 4529; x_wconf 76' lang='grc' dir='ltr'>γὰρ</span> <span class='ocrx_word' id='word_1_778' title='bbox 2794 4463 2856 4512; x_wconf 82' lang='grc' dir='ltr'>τὸ</span> <span class='ocrx_word' id='word_1_779' title='bbox 2887 4461 3107 4528; x_wconf 76' lang='grc' dir='ltr'>γεγονὸς</span> <span class='ocrx_word' id='word_1_780' title='bbox 3132 4462 3265 4526; x_wconf 78' lang='grc' dir='ltr'>Θεὸς</span> <span class='ocrx_word' id='word_1_781' title='bbox 3286 4463 3385 4516; x_wconf 70' lang='grc' dir='ltr'>οὐκ</span> <span class='ocrx_word' id='word_1_782' title='bbox 3412 4461 3650 4532; x_wconf 69' lang='grc' dir='ltr'>ἠϐούλετο·</span> 
     </span>
    </p>
   </div>
   <div class='ocr_carea' id='block_1_105' title="bbox 2121 4550 3650 4623">
    <p class='ocr_par' dir='ltr' id='par_1_105' title="bbox 2121 4550 3650 4623">
     <span class='ocr_line' id='line_1_105' title="bbox 2121 4550 3650 4623; baseline 0.004 -19"><span class='ocrx_word' id='word_1_783' title='bbox 2121 4551 2501 4604; x_wconf 85' lang='grc' dir='ltr'>πιστώσασθαι</span> <span class='ocrx_word' id='word_1_784' title='bbox 2550 4551 2800 4615; x_wconf 75' lang='grc' dir='ltr'>ἅπαντας</span> <span class='ocrx_word' id='word_1_785' title='bbox 2846 4553 3137 4623; x_wconf 79' lang='grc' dir='ltr'>ᾑρημένος,</span> <span class='ocrx_word' id='word_1_786' title='bbox 3168 4553 3244 4617; x_wconf 81' lang='grc' dir='ltr'>ὥς</span> <span class='ocrx_word' id='word_1_787' title='bbox 3278 4571 3338 4623; x_wconf 88' lang='grc' dir='ltr'><strong>γε</strong></span> <span class='ocrx_word' id='word_1_788' title='bbox 3373 4555 3562 4622; x_wconf 76' lang='grc' dir='ltr'>οἴομαι,</span> <span class='ocrx_word' id='word_1_789' title='bbox 3595 4550 3650 4610; x_wconf 73' lang='grc' dir='ltr'><strong>ὡς</strong></span> 
     </span>
    </p>
   </div>
   <div class='ocr_carea' id='block_1_106' title="bbox 2121 4643 3652 4715">
    <p class='ocr_par' dir='ltr' id='par_1_106' title="bbox 2121 4643 3652 4715">
     <span class='ocr_line' id='line_1_106' title="bbox 2121 4643 3652 4715; baseline -0.004 -19"><span class='ocrx_word' id='word_1_790' title='bbox 2121 4644 2284 4697; x_wconf 84' lang='grc' dir='ltr'>αὐτόν</span> <span class='ocrx_word' id='word_1_791' title='bbox 2314 4643 2368 4711; x_wconf 88' lang='grc' dir='ltr'>γ’</span> <span class='ocrx_word' id='word_1_792' title='bbox 2412 4644 2621 4696; x_wconf 72' lang='grc' dir='ltr'>ἐκεῖνον</span> <span class='ocrx_word' id='word_1_793' title='bbox 2675 4643 2810 4696; x_wconf 69' lang='grc' dir='ltr'>Θεὸν</span> <span class='ocrx_word' id='word_1_794' title='bbox 2846 4644 3004 4697; x_wconf 81' lang='grc' dir='ltr'>πάνθ’</span> <span class='ocrx_word' id='word_1_795' title='bbox 3031 4643 3247 4715; x_wconf 80' lang='grc' dir='ltr'>ὁρῶντα</span> <span class='ocrx_word' id='word_1_796' title='bbox 3283 4647 3376 4700; x_wconf 81' lang='grc' dir='ltr'>καὶ</span> <span class='ocrx_word' id='word_1_797' title='bbox 3422 4645 3652 4698; x_wconf 66' lang='grc' dir='ltr'>ἁκοῠοντα</span> 
     </span>
    </p>
   </div>
   <div class='ocr_carea' id='block_1_107' title="bbox 2117 4736 3653 4810">
    <p class='ocr_par' dir='ltr' id='par_1_107' title="bbox 2117 4736 3653 4810">
     <span class='ocr_line' id='line_1_107' title="bbox 2117 4736 3653 4810; baseline -0.004 -20"><span class='ocrx_word' id='word_1_798' title='bbox 2117 4737 2426 4800; x_wconf 76' lang='grc' dir='ltr'>ἀπατῶσιν,</span> <span class='ocrx_word' id='word_1_799' title='bbox 2461 4736 2577 4789; x_wconf 84' lang='grc' dir='ltr'>ὅσοι</span> <span class='ocrx_word' id='word_1_800' title='bbox 2603 4737 2666 4807; x_wconf 80' lang='grc' dir='ltr'>δὴ</span> <span class='ocrx_word' id='word_1_801' title='bbox 2697 4738 2925 4791; x_wconf 82' lang='grc' dir='ltr'>τοιαῦτα</span> <span class='ocrx_word' id='word_1_802' title='bbox 2955 4737 3086 4810; x_wconf 79' lang='grc' dir='ltr'>δρᾷν</span> <span class='ocrx_word' id='word_1_803' title='bbox 3115 4740 3208 4792; x_wconf 82' lang='grc' dir='ltr'><strong>ἐπὶ</strong></span> <span class='ocrx_word' id='word_1_804' title='bbox 3249 4743 3364 4802; x_wconf 87' lang='grc' dir='ltr'>τοῖς</span> <span class='ocrx_word' id='word_1_805' title='bbox 3407 4736 3557 4791; x_wconf 77' lang='grc' dir='ltr'>αὑτοῦ</span> <span class='ocrx_word' id='word_1_806' title='bbox 3586 4737 3653 4786; x_wconf 76' lang='grc' dir='ltr'><strong>Οε-</strong></span> 
     </span>
    </p>
   </div>
   <div class='ocr_carea' id='block_1_108' title="bbox 2120 4827 3652 4900">
    <p class='ocr_par' dir='ltr' id='par_1_108' title="bbox 2120 4827 3652 4900">
     <span class='ocr_line' id='line_1_108' title="bbox 2120 4827 3652 4900; baseline 0 -19"><span class='ocrx_word' id='word_1_807' title='bbox 2120 4829 2358 4898; x_wconf 78' lang='grc' dir='ltr'>ρὰπουσι</span> <span class='ocrx_word' id='word_1_808' title='bbox 2383 4827 2558 4900; x_wconf 77' lang='grc' dir='ltr'>τόλμῃ</span> <span class='ocrx_word' id='word_1_809' title='bbox 2580 4828 2939 4898; x_wconf 79' lang='grc' dir='ltr'>προάγονται,</span> <span class='ocrx_word' id='word_1_810' title='bbox 2976 4834 3070 4884; x_wconf 76' lang='grc' dir='ltr'>καὶ</span> <span class='ocrx_word' id='word_1_811' title='bbox 3105 4833 3243 4900; x_wconf 78' lang='grc' dir='ltr'>σφᾶς</span> <span class='ocrx_word' id='word_1_812' title='bbox 3270 4832 3460 4893; x_wconf 75' lang='grc' dir='ltr'>αὐτοὺς</span> <span class='ocrx_word' id='word_1_813' title='bbox 3483 4828 3652 4899; x_wconf 72' lang='grc' dir='ltr'>μᾶλλον</span> 
     </span>
    </p>
   </div>
   <div class='ocr_carea' id='block_1_109' title="bbox 2117 4922 3652 4996">
    <p class='ocr_par' dir='ltr' id='par_1_109' title="bbox 2117 4922 3652 4996">
     <span class='ocr_line' id='line_1_109' title="bbox 2117 4922 3652 4996; baseline -0.005 -20"><span class='ocrx_word' id='word_1_814' title='bbox 2117 4923 2504 4989; x_wconf 80' lang='grc' dir='ltr'>ἐξαπατῶντες</span> <span class='ocrx_word' id='word_1_815' title='bbox 2536 4923 2849 4994; x_wconf 81' lang='grc' dir='ltr'>λελήθασιν.</span> <span class='ocrx_word' id='word_1_816' title='bbox 2899 4925 2987 4977; x_wconf 83' lang='grc' dir='ltr'>Ἐν</span> <span class='ocrx_word' id='word_1_817' title='bbox 3017 4926 3187 4996; x_wconf 84' lang='grc' dir='ltr'>πλοίῳ</span> <span class='ocrx_word' id='word_1_818' title='bbox 3218 4925 3274 4978; x_wconf 72' lang='grc' dir='ltr'>δὲ</span> <span class='ocrx_word' id='word_1_819' title='bbox 3309 4927 3484 4979; x_wconf 77' lang='grc' dir='ltr'>θανεῖν</span> <span class='ocrx_word' id='word_1_820' title='bbox 3511 4922 3652 4988; x_wconf 77' lang='grc' dir='ltr'>ἔγνων</span> 
     </span>
    </p>
   </div>
   <div class='ocr_carea' id='block_1_110' title="bbox 2114 5012 3649 5087">
    <p class='ocr_par' dir='ltr' id='par_1_110' title="bbox 2114 5012 3649 5087">
     <span class='ocr_line' id='line_1_110' title="bbox 2114 5012 3649 5087; baseline 0.001 -22"><span class='ocrx_word' id='word_1_821' title='bbox 2114 5016 2206 5066; x_wconf 81' lang='grc' dir='ltr'>τὸν</span> <span class='ocrx_word' id='word_1_822' title='bbox 2223 5012 2540 5082; x_wconf 84' lang='grc' dir='ltr'>Ἐπιφάνιον</span> <span class='ocrx_word' id='word_1_823' title='bbox 2564 5031 2578 5046; x_wconf 78' lang='grc' dir='ltr'><strong>ο</strong></span> <span class='ocrx_word' id='word_1_824' title='bbox 2611 5015 2672 5068; x_wconf 77' lang='grc' dir='ltr'><strong>όν</strong></span> <span class='ocrx_word' id='word_1_825' title='bbox 2703 5017 2751 5068; x_wconf 89' lang='grc' dir='ltr'><strong>οί</strong></span> <span class='ocrx_word' id='word_1_826' title='bbox 2778 5017 2907 5086; x_wconf 82' lang='grc' dir='ltr'>περὶ</span> <span class='ocrx_word' id='word_1_827' title='bbox 2932 5017 3098 5068; x_wconf 83' lang='grc' dir='ltr'>αὑτὸν</span> <span class='ocrx_word' id='word_1_828' title='bbox 3127 5015 3306 5087; x_wconf 85' lang='grc' dir='ltr'>μέλιτι</span> <span class='ocrx_word' id='word_1_829' title='bbox 3336 5014 3649 5085; x_wconf 71' lang='grc' dir='ltr'>ἐμϐαλόντες,</span> 
     </span>
    </p>
   </div>
   <div class='ocr_carea' id='block_1_111' title="bbox 2114 5103 3650 5180">
    <p class='ocr_par' dir='ltr' id='par_1_111' title="bbox 2114 5103 3650 5180">
     <span class='ocr_line' id='line_1_111' title="bbox 2114 5103 3650 5180; baseline -0.016 -2"><span class='ocrx_word' id='word_1_830' title='bbox 2114 5107 2203 5159; x_wconf 56' lang='grc' dir='ltr'><strong>ἵνα</strong></span> <span class='ocrx_word' id='word_1_831' title='bbox 2235 5109 2310 5176; x_wconf 73' lang='grc' dir='ltr'><strong>μή</strong></span> <span class='ocrx_word' id='word_1_832' title='bbox 2344 5121 2398 5158; x_wconf 76' lang='grc' dir='ltr'><strong>τι</strong></span> <span class='ocrx_word' id='word_1_833' title='bbox 2427 5107 2594 5176; x_wconf 77' lang='grc' dir='ltr'>ἀηδὲς</span> <span class='ocrx_word' id='word_1_834' title='bbox 2620 5108 2751 5171; x_wconf 66' lang='grc' dir='ltr'>ῖσίυς</span> <span class='ocrx_word' id='word_1_835' title='bbox 2797 5108 2967 5180; x_wconf 81' lang='grc' dir='ltr'>πάθῃ,</span> <span class='ocrx_word' id='word_1_836' title='bbox 3008 5110 3151 5162; x_wconf 70' lang='grc' dir='ltr'>κατὰ</span> <span class='ocrx_word' id='word_1_837' title='bbox 3189 5109 3287 5175; x_wconf 75' lang='grc' dir='ltr'>τὴν</span> <span class='ocrx_word' id='word_1_838' title='bbox 3328 5107 3542 5178; x_wconf 78' lang='grc' dir='ltr'>Κύπρον</span> <span class='ocrx_word' id='word_1_839' title='bbox 3567 5103 3650 5156; x_wconf 81' lang='grc' dir='ltr'>διέ-</span> 
     </span>
    </p>
   </div>
   <div class='ocr_carea' id='block_1_112' title="bbox 2116 5180 3650 5272">
    <p class='ocr_par' dir='ltr' id='par_1_112' title="bbox 2116 5180 3650 5272">
     <span class='ocr_line' id='line_1_112' title="bbox 2116 5180 3650 5272; baseline -0.002 -20"><span class='ocrx_word' id='word_1_840' title='bbox 2116 5215 2318 5252; x_wconf 87' lang='grc' dir='ltr'>σωσαν.</span> <span class='ocrx_word' id='word_1_841' title='bbox 2351 5197 2461 5253; x_wconf 71' lang='grc' dir='ltr'><strong>Καὶ</strong></span> <span class='ocrx_word' id='word_1_842' title='bbox 2506 5203 2575 5252; x_wconf 69' lang='grc' dir='ltr'>τὰ</span> <span class='ocrx_word' id='word_1_843' title='bbox 2638 5202 2740 5269; x_wconf 84' lang='grc' dir='ltr'>μὲν</span> <span class='ocrx_word' id='word_1_844' title='bbox 2797 5207 2925 5272; x_wconf 74' lang='grc' dir='ltr'>περὶ</span> <span class='ocrx_word' id='word_1_845' title='bbox 2968 5180 3289 5270; x_wconf 47' lang='grc' dir='ltr'>δΕπιφανίου</span> <span class='ocrx_word' id='word_1_846' title='bbox 3345 5198 3567 5255; x_wconf 82' lang='grc' dir='ltr'>τοσαῦτα</span> <span class='ocrx_word' id='word_1_847' title='bbox 3602 5199 3650 5246; x_wconf 79' lang='grc' dir='ltr'>ὲκ</span> 
     </span>
    </p>
   </div>
   <div class='ocr_carea' id='block_1_113' title="bbox 2117 5291 3102 5365">
    <p class='ocr_par' dir='ltr' id='par_1_113' title="bbox 2117 5291 3102 5365">
     <span class='ocr_line' id='line_1_113' title="bbox 2117 5291 3102 5365; baseline 0.004 -21"><span class='ocrx_word' id='word_1_848' title='bbox 2117 5293 2261 5344; x_wconf 79' lang='grc' dir='ltr'>πάνυ</span> <span class='ocrx_word' id='word_1_849' title='bbox 2299 5291 2514 5343; x_wconf 81' lang='grc' dir='ltr'>πολλῶν</span> <span class='ocrx_word' id='word_1_850' title='bbox 2541 5291 2699 5359; x_wconf 51' lang='grc' dir='ltr'>όῖςίγα</span> <span class='ocrx_word' id='word_1_851' title='bbox 2733 5293 3102 5365; x_wconf 77' lang='grc' dir='ltr'>διηγησάμην.</span> 
     </span>
    </p>
   </div>
   <div class='ocr_carea' id='block_1_114' title="bbox 1872 5385 3648 5455">
    <p class='ocr_par' dir='ltr' id='par_1_114' title="bbox 1872 5385 3648 5455">
     <span class='ocr_line' id='line_1_114' title="bbox 1872 5385 3648 5455; baseline 0 -19"><span class='ocrx_word' id='word_1_852' title='bbox 1872 5394 1927 5436; x_wconf 75' lang='lat' dir='ltr'><strong>rt</strong></span> <span class='ocrx_word' id='word_1_853' title='bbox 1968 5385 2082 5451; x_wconf 87' lang='lat' dir='ltr'><strong>jam</strong></span> <span class='ocrx_word' id='word_1_854' title='bbox 2127 5386 2264 5440; x_wconf 88' lang='lat' dir='ltr'><strong>citra</strong></span> <span class='ocrx_word' id='word_1_855' title='bbox 2311 5387 2495 5443; x_wconf 88' lang='lat' dir='ltr'><strong>fucum</strong></span> <span class='ocrx_word' id='word_1_856' title='bbox 2539 5402 2670 5441; x_wconf 78' lang='lat' dir='ltr'><strong>vere</strong></span> <span class='ocrx_word' id='word_1_857' title='bbox 2725 5386 2862 5443; x_wconf 84' lang='lat' dir='ltr'><strong>flens</strong></span> <span class='ocrx_word' id='word_1_858' title='bbox 2911 5401 2967 5443; x_wconf 90' lang='lat' dir='ltr'><strong>et</strong></span> <span class='ocrx_word' id='word_1_859' title='bbox 3011 5390 3338 5455; x_wconf 75' lang='lat' dir='ltr'><strong>lanentans,</strong></span> <span class='ocrx_word' id='word_1_860' title='bbox 3378 5398 3436 5444; x_wconf 93' lang='lat' dir='ltr'><strong>ut</strong></span> <span class='ocrx_word' id='word_1_861' title='bbox 3474 5385 3648 5440; x_wconf 86' lang='lat' dir='ltr'><strong>socium</strong></span> 
     </span>
    </p>
   </div>
   <div class='ocr_carea' id='block_1_115' title="bbox 430 5471 3645 5554">
    <p class='ocr_par' dir='ltr' id='par_1_115' title="bbox 430 5471 3645 5554">
     <span class='ocr_line' id='line_1_115' title="bbox 430 5471 3645 5554; baseline 0.003 -34"><span class='ocrx_word' id='word_1_862' title='bbox 430 5486 596 5526; x_wconf 82' lang='lat' dir='ltr'><strong>suum</strong></span> <span class='ocrx_word' id='word_1_863' title='bbox 623 5473 1005 5534; x_wconf 82' lang='lat' dir='ltr'><strong>resuscitaret,</strong></span> <span class='ocrx_word' id='word_1_864' title='bbox 1037 5471 1390 5540; x_wconf 75' lang='lat' dir='ltr'><strong>supplicavit.</strong></span> <span class='ocrx_word' id='word_1_865' title='bbox 1425 5474 1765 5542; x_wconf 79' lang='lat' dir='ltr'><strong>Epiphanius</strong></span> <span class='ocrx_word' id='word_1_866' title='bbox 1796 5491 2004 5544; x_wconf 84' lang='lat' dir='ltr'><strong>autem,</strong></span> <span class='ocrx_word' id='word_1_867' title='bbox 2049 5491 2337 5550; x_wconf 86' lang='lat' dir='ltr'><strong>postquam</strong></span> <span class='ocrx_word' id='word_1_868' title='bbox 2407 5482 2508 5545; x_wconf 91' lang='lat' dir='ltr'><strong>illi,</strong></span> <span class='ocrx_word' id='word_1_869' title='bbox 2577 5496 2645 5534; x_wconf 90' lang='lat' dir='ltr'><strong>ne</strong></span> <span class='ocrx_word' id='word_1_870' title='bbox 2696 5485 2896 5537; x_wconf 87' lang='lat' dir='ltr'><strong>factum</strong></span> <span class='ocrx_word' id='word_1_871' title='bbox 2936 5485 2987 5538; x_wconf 92' lang='lat' dir='ltr'><strong>id</strong></span> <span class='ocrx_word' id='word_1_872' title='bbox 3031 5487 3277 5554; x_wconf 72' lang='lat' dir='ltr'><strong>graviter</strong></span> <span class='ocrx_word' id='word_1_873' title='bbox 3308 5483 3486 5548; x_wconf 82' lang='lat' dir='ltr'><strong>ferret,</strong></span> <span class='ocrx_word' id='word_1_874' title='bbox 3517 5479 3645 5539; x_wconf 80' lang='lat' dir='ltr'><strong>dixit,</strong></span> 
     </span>
    </p>
   </div>
   <div class='ocr_carea' id='block_1_116' title="bbox 432 5561 2643 5634">
    <p class='ocr_par' dir='ltr' id='par_1_116' title="bbox 432 5561 2643 5634">
     <span class='ocr_line' id='line_1_116' title="bbox 432 5561 2643 5634; baseline 0.008 -20"><span class='ocrx_word' id='word_1_875' title='bbox 432 5561 713 5615; x_wconf 77' lang='lat' dir='ltr'><strong>hominem</strong></span> <span class='ocrx_word' id='word_1_876' title='bbox 749 5565 1038 5617; x_wconf 81' lang='lat' dir='ltr'><strong>dimissum</strong></span> <span class='ocrx_word' id='word_1_877' title='bbox 1065 5564 1302 5619; x_wconf 77' lang='lat' dir='ltr'><strong>absolvit</strong></span> <span class='ocrx_word' id='word_1_878' title='bbox 1336 5583 1348 5616; x_wconf 88' lang='lat'>:</span> <span class='ocrx_word' id='word_1_879' title='bbox 1389 5567 1533 5634; x_wconf 86' lang='lat' dir='ltr'><strong>quod</strong></span> <span class='ocrx_word' id='word_1_880' title='bbox 1567 5568 1710 5622; x_wconf 82' lang='lat' dir='ltr'><strong>Deus</strong></span> <span class='ocrx_word' id='word_1_881' title='bbox 1740 5586 1852 5622; x_wconf 85' lang='lat' dir='ltr'><strong>rent</strong></span> <span class='ocrx_word' id='word_1_882' title='bbox 1877 5586 1997 5624; x_wconf 86' lang='lat' dir='ltr'><strong>eam</strong></span> <span class='ocrx_word' id='word_1_883' title='bbox 2042 5583 2394 5627; x_wconf 77' lang='lat' dir='ltr'><strong>retractatum</strong></span> <span class='ocrx_word' id='word_1_884' title='bbox 2431 5576 2602 5631; x_wconf 86' lang='lat' dir='ltr'><strong>nollet</strong></span> <span class='ocrx_word' id='word_1_885' title='bbox 2631 5595 2643 5630; x_wconf 89' lang='lat'><strong>:</strong></span> 
     </span>
    </p>
   </div>
   <div class='ocr_carea' id='block_1_117' title="bbox 2725 5573 3646 5632">
    <p class='ocr_par' dir='ltr' id='par_1_117' title="bbox 2725 5573 3646 5632">
     <span class='ocr_line' id='line_1_117' title="bbox 2725 5573 3646 5632; baseline 0 -4"><span class='ocrx_word' id='word_1_886' title='bbox 2725 5577 2886 5630; x_wconf 81' lang='lat' dir='ltr'><strong>fidem</strong></span> <span class='ocrx_word' id='word_1_887' title='bbox 2961 5578 3144 5632; x_wconf 80' lang='lat' dir='ltr'><strong>facere</strong></span> <span class='ocrx_word' id='word_1_888' title='bbox 3187 5578 3442 5632; x_wconf 87' lang='lat' dir='ltr'><strong>oumibus</strong></span> <span class='ocrx_word' id='word_1_889' title='bbox 3467 5573 3646 5629; x_wconf 63' lang='lat' dir='ltr'><strong>volens.</strong></span> 
     </span>
    </p>
   </div>
   <div class='ocr_carea' id='block_1_118' title="bbox 433 5656 3642 5745">
    <p class='ocr_par' dir='ltr' id='par_1_118' title="bbox 433 5656 3642 5745">
     <span class='ocr_line' id='line_1_118' title="bbox 433 5656 3642 5745; baseline 0.006 -37"><span class='ocrx_word' id='word_1_890' title='bbox 433 5666 490 5710; x_wconf 85' lang='lat' dir='ltr'><strong>ut</strong></span> <span class='ocrx_word' id='word_1_891' title='bbox 529 5656 785 5722; x_wconf 82' lang='lat' dir='ltr'><strong>equidem</strong></span> <span class='ocrx_word' id='word_1_892' title='bbox 823 5668 994 5727; x_wconf 88' lang='lat' dir='ltr'><strong>puto:</strong></span> <span class='ocrx_word' id='word_1_893' title='bbox 1059 5659 1425 5731; x_wconf 64' lang='lat' dir='ltr'><strong>qui&#39;teutare</strong></span> <span class='ocrx_word' id='word_1_894' title='bbox 1465 5676 1518 5720; x_wconf 86' lang='lat' dir='ltr'><strong>ct</strong></span> <span class='ocrx_word' id='word_1_895' title='bbox 1569 5665 1750 5721; x_wconf 85' lang='lat' dir='ltr'><strong>facere</strong></span> <span class='ocrx_word' id='word_1_896' title='bbox 1828 5669 1956 5723; x_wconf 86' lang='lat' dir='ltr'><strong>talia</strong></span> <span class='ocrx_word' id='word_1_897' title='bbox 2010 5669 2063 5724; x_wconf 90' lang='lat' dir='ltr'><strong>in</strong></span> <span class='ocrx_word' id='word_1_898' title='bbox 2104 5671 2378 5727; x_wconf 81' lang='lat' dir='ltr'><strong>ministris</strong></span> <span class='ocrx_word' id='word_1_899' title='bbox 2433 5673 2552 5743; x_wconf 86' lang='lat' dir='ltr'><strong>ejus</strong></span> <span class='ocrx_word' id='word_1_900' title='bbox 2598 5674 2860 5741; x_wconf 87' lang='lat' dir='ltr'><strong>audeant,</strong></span> <span class='ocrx_word' id='word_1_901' title='bbox 2914 5673 3068 5728; x_wconf 89' lang='lat' dir='ltr'><strong>illum</strong></span> <span class='ocrx_word' id='word_1_902' title='bbox 3123 5676 3303 5745; x_wconf 87' lang='lat' dir='ltr'><strong>ipsum</strong></span> <span class='ocrx_word' id='word_1_903' title='bbox 3347 5673 3527 5736; x_wconf 84' lang='lat' dir='ltr'><strong>Deum,</strong></span> <span class='ocrx_word' id='word_1_904' title='bbox 3562 5667 3642 5736; x_wconf 77' lang='lat' dir='ltr'><strong>qui</strong></span> 
     </span>
    </p>
   </div>
  </div>
