3898 6192
327 305 439 361 922)

1269 262 1869 366 ECéLESlASTlC/E
1903 306 2294 366 lllS‘l‘OllLE
2338 306 2496 367 LlB.
2538 306 2716 369 xm.

3467 303 3572 374 92$

327 411 496 481 φῦναι
542 411 862 481 δυνάμενος.
918 410 1083 467 una:
1136 413 1267 484 περὶ
1315 416 1415 485 μὲν
1462 414 1763 486 Εὐτροπέου
1813 419 1891 471 κα¹

2010 417 2148 472 chus
2173 420 2453 488 prapositi
2498 418 2636 472 sacri
2676 416 2917 474 cubiculi
2949 417 3271 489 dignitatem
3300 436 3571 479 consecu-

326 502 560 574 ὕστερον
598 503 831 575 ἐροῦμεν
853 520 869 539 θ
904 506 1080 558 ταῦτα
1106 505 1166 559 δέ
1215 508 1281 577 τῇ
1313 507 1526 579 ίστορίᾳ
1562 508 1902 579 δηλώσομεν,

2009 521 2117 574 tus,
2155 526 2333 581 neque
2366 511 2484 581 ipse
2531 511 2587 565 in
2617 511 2828 567 honore
2858 525 2946 579 eo,
2981 528 3142 583 quem
3171 522 3372 584 praeter
3403 519 3570 570 meri-

324 595 522 665 ὅτιπερ
568 595 672 649 οὐκ
720 597 982 667 ἐλαχίστη
1011 597 1107 651 καὶ
1152 597 1327 653 ταῦτα
1357 600 1630 669 πρόφασις
1678 602 1891 669 γέγονει

2007 614 2121 659 tum
2174 603 2434 673 gerebat,
2496 603 2793 673 acquievit.
2844 603 2980 659 Cum
3038 621 3277 676 namque
3329 610 3567 664 virilium

324 687 597 756 ἐπὶ-μέγα
628 687 726 756 τὴν
756 687 1061 760 θρησκείαν
1089 690 1385 747 ἐπιδιδόναι
1405 708 1423 724 ο
1451 694 1500 746 οί
1518 696 1627 764 γὰρ
1663 694 1901 763 βασιλεῖς

324 780 591 847 ἀσφαλῶς
634 778 804 850 ᾤοντο
819 781 896 850 τῷ
924 782 1076 851 σφῶν
1097 784 1265 851 πατρὶ
1287 784 1385 849 τὰς
1416 786 1556 845 κατά
1575 786 1683 841 τῶν
1700 788 1898 856 τυράνο

323 889 434 924 νων
464 873 815 941 ἐπιγενέσθαι
847 874 1031 938 νίκας,
1061 875 1167 929 ὑπὸ
1198 876 1479 947 εὐσεϐείας
1522 879 1724 949 μᾶλλον
1748 896 1763 912 ·
1803 880 1898 934 καὶ

336 962 615 1031 Ῥουφῖνον
646 964 691 1017 δ’
714 966 790 1029 ὡς
820 967 1103 1023 ἐπίϐουλον
1130 969 1230 1039 τῆς
1262 970 1439 1042 ἀρχῆς
1467 972 1594 1025 ἄνευ
1630 972 1894 1043 ἐμφυλίου

327 1057 507 1125 μάχης
547 1056 789 1111 ἐκποδὼν
844 1060 1203 1129 καταστῆναι.
1257 1062 1356 1115 Διά
1404 1079 1484 1115 τοι
1517 1063 1676 1116 τοῦτο
1705 1066 1896 1127 καὶτὰ

323 1141 733 1210 προδεδογμὲνα
779 1147 889 1203 τοῖς
907 1144 1040 1214 πρὶν
1066 1145 1436 1200 εὐσεϐέσιτῶν
1465 1148 1739 1217 βασιλέων
1753 1150 1893 1219 ὑπὲρ

321 1230 434 1282 τῶν
478 1231 789 1301 ἐκκλησιῶν
839 1233 934 1286 καὶ
981 1234 1193 1297 τούτοις
1231 1236 1531 1307 ἐπιμᾶλλον
1557 1240 1890 1311 ἐκράτυναν,

322 1320 583 1388 ἀσφαλῶς
617 1339 675 1375 τε
721 1325 953 1395 ἐτήρουν
975 1341 991 1357 ·
1042 1329 1133 1380 καὶ
1180 1328 1346 1398 ἕτερα
1384 1329 1607 1400 θεοφιλῆ
1639 1330 1893 1400 προσετί-

324 1412 480 1466 θεντο
505 1413 641 1486 ἔργα
657 1432 672 1446 ο
699 1416 931 1485 μάλιστα
948 1418 993 1471 δ’
1018 1418 1282 1487 ἀφθόνους
1311 1421 1775 1492 ἐπιχορηγοῦντες
1794 1423 1891 1488 τὰς

321 1504 553 1574 δωρεάς.
614 1506 689 1560 Τὸ
718 1506 767 1560 δ’
819 1508 927 1560 ὑπὸ
966 1512 1125 1586 χεῖρα
1155 1511 1382 1580 σύμπαν
1416 1513 1548 1585 πρὸς
1598 1512 1727 1576 τοὺς
1754 1530 1891 1585 κρα-

320 1598 555 1660 τοῦντας
586 1599 763 1670 ὀρῶν,
804 1601 931 1653 ὅσον
983 1602 1081 1670 μὲν
1125 1604 1184 1654 ἐν
1216 1603 1478 1674 Ἕλλησιν
1506 1604 1592 1676 ἦν,
1632 1605 1768 1679 πρὸς
1798 1606 1889 1659 τὸν

2003 694 2250 749 exsectio
2276 710 2532 764 purpura:
2557 695 2609 751 'ci
2641 709 2792 765 spem
2827 695 3142 759 ademisset,
3181 697 3567 778 imperatorem

2002 801 2312 857 aggressus,
2357 796 2417 842 ut
2451 785 2743 856 patricium
2784 786 2859 855 (l)
2896 803 2955 842 se
2986 796 3045 843 et
3079 791 3365 844 consulem
3409 806 3567 845 crea-

2001 889 2105 939 ret,
2134 878 2185 932 ei
2219 879 2516 948 persuasit.
2547 877 2896 948 Quapropter
2923 880 3216 935 eunuchus
3241 882 3435 937 deinde
3466 884 3569 936 im-

1999 969 2266 1038 peratoris
2301 985 2456 1038 pater
2487 971 2564 1040 (2)
2610 969 2733 1033 fuit,
2767 971 2858 1039 qui
2908 970 3076 1025 etiam
3127 971 3336 1026 vilioris
3383 976 3559 1029 sortis

2003 1061 2171 1113 tilium
2227 1075 2524 1129 procreare
2573 1076 2683 1115 non
2737 1060 2933 1128 potuit.
2999 1060 3105 1121 Sed
3164 1061 3232 1116 de
3290 1063 3563 1134 Eutropio

1999 1162 2186 1219 postea
2241 1149 2689 1203 memorabimus.
2746 1148 2871 1204 Haec
2916 1160 3099 1205 autem
3150 1150 3395 1211 historiae
3438 1154 3566 1208 huic

1998 1235 2357 1302 intexuimus,
2392 1237 2537 1306 quod
2596 1252 2703 1291 non
2752 1237 2945 1307 exigua
2993 1240 3213 1294 occasio
3248 1240 3472 1304 fuerint,
3506 1253 3565 1296 ut

1996 1328 2188 1398 religio
2229 1338 2419 1383 nostra
2457 1329 2690 1403 multum
2738 1340 2957 1399 caperet
2997 1332 3346 1388 incrementi.
3381 1333 3559 1404 Impe-

1996 1429 2210 1474 ratores
2238 1435 2474 1490 namque
2509 1430 2662 1474 certo
2701 1435 3026 1490 persuasum
3076 1422 3375 1489 habebant,
3416 1427 3558 1494 patri

1991 1520 2181 1564 eorum
2234 1526 2263 1564 a
2318 1526 2445 1564 vera
2490 1512 2690 1581 pietate
2744 1511 3007 1566 victorias
3053 1520 3245 1567 contra
3297 1522 3563 1583 tyrannos

1991 1602 2282 1657 obvenisse
2320 1617 2336 1656 :
2386 1602 2473 1656 cui
2516 1603 2682 1656 etiam
2732 1613 3013 1672 acceptum
3061 1604 3310 1658 ferebant
3352 1604 3558 1670 Rullni,

320 1688 749 1760 Χριστιανισμδν
784 1692 1097 1763 μετετίθετο
1121 1712 1135 1725 ·
1170 1695 1224 1747 οί
1262 1694 1307 1747 δ’
1340 1696 1608 1766 αίρετικοὶ
1629 1699 1766 1769 πρὸς
1790 1699 1888 1769 τὴν

1995 1692 2086 1760 qui
2137 1690 2370 1760 imperio
2401 1690 2692 1746 insidiatus
2722 1692 2920 1756 fuerat,
2974 1692 3184 1762 absque
3229 1694 3375 1748 civili
3419 1696 3561 1749 bello

268 1792 275 1798 '
323 1780 903 1855 x20610o‘Exxl'qalzv
924 1785 1331 1861 προσεχώρουν.
1358 1787 1428 1841 Οἵ
1472 1805 1537 1856 γε
1570 1788 1891 1861 μήν’Δρείῳ

324 1875 418 1924 καὶ
457 1872 706 1945 Εὐνομίῳ
753 1876 1010 1945 ἑπόμενοι
1047 1876 1136 1931 διὰ
1162 1876 1232 1931 τά
1264 1877 1504 1949 πρόσθεν
1531 1874 1892 1951 είρημέναέέν

322 1962 612 2032 διχονοίαις
658 1961 800 2037 ἦσαν
822 1982 838 1998 ·
870 1967 965 2020 καὶ
1007 1967 1094 2021 διὰ
1135 1968 1312 2022 ταῦτα
1345 1969 1597 2035 ἐλάττους
1631 1972 1889 2041 ἐγίνοντο.

321 2056 386 2107 Οί
416 2055 526 2121 γὰρ
570 2056 813 2109 πλεῖστοι
842 2056 915 2127 μὴ
950 2056 1124 2127 ὀρθῶς
1173 2059 1373 2122 αὐτοὺς
1398 2059 1646 2127 δοξάζειν
1676 2065 1804 2131 περὶ
1833 2061 1893 2115 τδ

315 2147 473 2199 Θείον
507 2148 765 2217 οἰόμενοι,
821 2149 901 2219 τῷ
945 2150 1035 2205 διὰ
1074 2153 1274 2222 ιμάχης
1328 2153 1583 2223 ἀλλήλοις
1631 2155 1767 2208 ίέναι
1800 2155 1893 2208 καὶ

317 2240 613 2303 ἐριστικῶς
662 2241 809 2308 μάλα
848 2241 1013 2313 ἐχειν,
1060 2243 1197 2314 πρὸς
1236 2245 1362 2308 τοὺς
1396 2246 1593 2317 ἐπίσης
1619 2249 1731 2309 τοῖς
1761 2263 1896 2316 κρα-

314 2327 473 2381 τοῦσι
517 2329 851 2400 φρονοῦντας
899 2330 1064 2394 εὐθὺς
1092 2331 1454 2400 μετετίθεντο.
1497 2336 1561 2388 Ol
1597 2333 1653 2387 δέ
1681 2336 1751 2386 τὰ
1777 2336 1894 2388 Ma...

314 2421 560 2473 κεδονίου
634 2422 958 2492 φρονοῦντες
1018 2425 1076 2478 ἐν
1136 2427 1706 2480 Κωνσταντινουπόλει
1769 2428 1892 2478 κατ’

318 2517 501 2567 ἐκεῖνο
538 2515 735 2584 καιροῦ
782 2516 1025 2580 ἀσθενῶς
1058 2512 1239 2588 εἶχον,
1273 2517 1662 2588 βλαπτόμενοι,
1698 2520 1782 2573 ὅτι
1819 2519 1894 2589 μὴ

317 2606 427 2658 ὑπὸ
450 2608 735 2677 ἐπισκόπῳ
767 2607 1212 2678 ἐτάττοντο.Ἀφ⁹
1239 2604 1300 2662 οῦ
1332 2609 1443 2679 γὰρ
1473 2609 1566 2662 ἐπί
1600 2611 1892 2662 Κωνστκν-

314 2703 438 2752 sieo
466 2698 613 2768 παρὰ
650 2699 905 2766 Εύδοξίου
944 2700 1039 2752 καὶ
1084 2694 1193 2754 τῶν
1219 2701 1358 2770 ἀμφ’
1381 2701 1544 2755 αὐτὸν
1571 2703 1668 2765 τὰς
1695 2702 1897 2772 ἐκκλη-

319 2791 446 2850 σίας
469 2789 790 2861 ιάφῄρηντο,
843 2790 949 2845 ὑπὸ
977 2791 1160 2860 μόνοις
1198 2793 1589 2863 πρεσϐυτέροις
1639 2796 1766 2865 ἄχρι
1798 2795 1897 2864 τῆς

316 2883 591 2953 ἐχομένης
619 2880 929 2951 διεγένοντο
955 2884 1256 2954 βασιλείας.
1284 2885 1532 2949 Εύδοξίου
1554 2886 1609 2939 δέ
1638 2889 1775 2955 μετὰ
1800 2886 1897 2940 θά-

319 2992 503 3035 νατον,
527 2975 586 3038 ὃς
599 2976 697 3045 τῆς
716 2976 772 3029 ἐν
799 2977 1375 3031 Κωνσταντινουπό).ει
1405 2979 1743 3051 Εύνομιανῆς
1771 2998 1895 3034 συν-

1993 1780 2222 1835 caedem.
2261 1780 2500 1835 Proinde
2530 1796 2871 1852 quaecunque
2904 1783 3226 1839 decessores
3254 1800 3446 1839 eorum
3482 1786 3557 1855 pii

1993 1874 2355 1943 imperatores
2392 1889 2492 1944 pro
2535 1875 2784 1930 ecclesiis
2818 1885 3144 1942 statuerant,
3194 1887 3249 1931 et
3293 1880 3393 1946 ipsi
3427 1896 3563 1934 cou-

1993 1965 2279 2020 ﬂrmarunt
2312 1967 2412 2039 (3),
2455 1981 2627 2036 eaque
2676 1967 2909 2022 ﬁrmiter
2966 1978 3278 2035 servarunt,
3343 1971 3560 2041 aliaque

1994 2059 2221 2128 insuper
2249 2059 2363 2114 Deo
2392 2068 2543 2128 grata
2576 2059 2828 2135 adjecere
2852 2074 3042 2129 opera,
3076 2076 3335 2132 perquam
3361 2062 3562 2118 libera-

1992 2147 2119 2202 liter
2151 2149 2206 2202 in
2241 2149 2432 2217 primis
2465 2149 2607 2203 dona
2643 2152 2727 2204 eis
2749 2152 3122 2206 conferentes.
3156 2152 3391 2208 -Subditi
3430 2169 3561 2209 vero

1992 2254 2188 2295 omnes
2222 2240 2293 2295 ad
2340 2242 2621 2312 principes
2666 2257 2799 2298 suos
2844 2252 3174 2311 Spectantes,
3221 2246 3313 2315 qui
3361 2246 3562 2302 Graeca:

1995 2332 2378 2400 superstitioni
2443 2333 2649 2387 addicti
2710 2345 2904 2401 erant,
2952 2336 3019 2390 ad
3077 2336 3561 2395 Christianismum

1996 2423 2338 2479 transierunt
2387 2441 2402 2478 :
2448 2424 2543 2494 qui
2595 2440 2727 2479 vero
2774 2428 3010 2481 haereses
3057 2427 3431 2492 sectabantur,
3491 2427 3560 2482 ad

1997 2515 2297 2570 Eeclesiam
2340 2498 2668 2570 catholicam
2707 2525 3084 2571 accesserunt.
3130 2516 3414 2586 Siquidem
3468 2519 3559 2588 qui

1995 2606 2111 2659 Arii
2141 2616 2196 2662 et
2224 2606 2474 2661 Eunomii
2502 2607 2750 2662 haeresim
2783 2609 3312 2678 complectebantur,
3339 2596 3565 2679 propter

1995 2714 2089 2754 eas
2136 2715 2273 2770 quas
2314 2701 2552 2755 diximus
2581 2716 2777 2772 causas
2810 2700 2955 2755 inter
2983 2717 3041 2756 se
3075 2701 3441 2767 dissidebant,
3471 2717 3566 2757 ea-

1996 2806 2103 2860 que
2153 2792 2326 2861 gratia
2378 2791 2791 2846 minuebantur.
2854 2790 3086 2845 Plurimi
3152 2808 3390 2861 namque
3452 2808 3563 2846 non

1996 2891 2145 2937 recte
2176 2897 2270 2937 eos
2294 2882 2363 2937 de
2399 2883 2509 2937 Deo
2532 2882 2761 2945 sentire,
2792 2898 2857 2937 ex
2885 2898 2952 2938 eo
2978 2883 3211 2953 Opinati,
3241 2884 3385 2953 quod
3418 2885 3563 2939 inter

1996 2988 2055 3029 se
2090 2973 2442 3028 vehementer
2472 2975 2871 3029 contenderent
2897 2983 3062 3044 atque
3095 2983 3446 3045 pugnarent,
3479 2976 3562 3031 eis

316 3067 541 3133 αγωγῆς
572 3067 981 3134 περιειστήκει,
1013 3067 1308 3133 Δουκιανός
1337 3086 1420 3131 τις
1449 3068 1887 3124 ἀντικαθίστατο.

1995 3079 2053 3119 se
2083 3066 2268 3120 statim
2308 3073 2690 3135 aggregarunt,
2726 3066 2820 3135 qui
2869 3065 3116 3120 eamdetn
3147 3080 3272 3119 cum
3318 3065 3561 3133 impera-

316 3157 453 3218 Παῖς
496 3155 552 3208 δέ
601 3156 710 3225 ἄρα
757 3150 914 3220 οὗτος
960 3157 1199 3227 ἀδελφῆς
1230 3159 1495 3228 Εὐνομίου
1527 3161 1781 3231 ἐγένετο·
1827 3161 1890 3214 δν

317 3264 487 3315 φασιν
523 3250 603 3310 είς
630 3246 1002 3319 φιλαργυρίαν
1034 3249 1124 3302 καὶ
1153 3250 1220 3304 τὰ
1260 3251 1496 3324 συγγενῆ
1532 3251 1679 3324 πάθη
1717 3269 1885 3306 κατι)⁸

316 3337 675 3407 λισθήσαντα,
707 3339 1127 3411 ύπερορώμενόν
1151 3357 1209 3396 τε
1237 3341 1327 3397 διὰ
1359 3341 1533 3397 ταῦτα
1561 3344 1716 3413 δίκην
1752 3345 1890 3398 διδό-

306 3436 424 3499 ναι,
449 3434 641 3487 ἑαυτὸν
658 3432 759 3503 τῆς
782 3433 948 3504 ἀλλης
975 3434 1325 3504 Εύνομιανῶν
1346 3435 1635 3506 διαστῆσαι
1665 3436 1883 3506 μοίρας.

314 3522 636 3595 Συμμορίας
669 3523 724 3577 δέ
757 3523 892 3588 ιδίας
914 3525 1216 3595 προστῆναι
1245 3524 1341 3579 καὶ
1368 3523 1612 3594 ἀρχηγὸν
1633 3525 1888 3593 γενέσθαι

314 3615 416 3667 οὐκ
441 3615 701 3684 ἀγεννοῦς
732 3616 1131 3689 συντάγματος,
1153 3615 1371 3669 πάντων
1390 3616 1560 3685 ἄρδην
1590 3618 1705 3681 τοῖς
1726 3619 1886 3691 ἐπιρ-

317 3706 501 3776 ρητοις
552 3706 645 3760 καὶ
693 3706 960 3772 ποικίλοις
990 3705 1190 3760 πάθεσι
1241 3704 1713 3774 καθωπλισμένων
1748 3705 1887 3775 πρὸς

315 3798 480 3852 αὑτὸν
507 3799 932 3870 διερρυηκότων.
971 3797 1142 3868 Λόγος
1195 3797 1241 3853 δ’
1276 3799 1411 3869 ἔχει,
1448 3795 1754 3867 Εύτροπίου
1794 3796 1886 3849 τοῦ

316 3888 679 3958 πραιποσίτου
742 3889 1024 3956 σπουδαῖς,
1081 3890 1226 3943 ἅπαν
1285 3888 1385 3958 μὲν
1439 3886 1710 3956 Εὐνομίου
1758 3883 1889 3955 σύγ-

316 3999 571 4053 γραμμα,
594 3984 726 4049 πυρὶ
757 3981 1144 4052 παραδίδοσθαι
1167 3980 1404 4051 δημοσίᾳ
1430 3997 1445 4011 ⁸
1477 3980 1565 4033 τὸν
1599 3978 1644 4033 δ’
1674 3981 1885 4033 ἐκείνου

314 4075 510 4149 νεκρὸν
544 4075 676 4145 μηδὲ
708 4076 887 4144 ταφῆς
929 4074 1085 4126 ἐᾶσαι
1127 4071 1450 4144 ἠξιωμένον,
1481 4070 1598 4125 ἀλλ’
1626 4073 1690 4124 ἐκ
1713 4073 1885 4125 Δακό-

320 4187 427 4240 ρων
459 4170 536 4230 είς
563 4167 753 4222 Τύανα
798 4166 1155 4238 μεταρῤίψαι.
1183 4166 1246 4219 Οἱ
1277 4165 1321 4219 δ’
1346 4166 1454 4218 ἀπὸ
1490 4164 1740 4218 Ναυάτου
1766 4204 1781 4231 ,
1812 4163 1885 4227 ὥς

315 4278 379 4329 γε
418 4260 656 4329 είρηται,
683 4259 818 4319 τέως
851 4259 949 4327 μὲν
978 4258 1217 4327 ἠρέμουν
1255 4256 1377 4309 καθ’
1413 4254 1638 4319 ἐαυτούς
1661 4271 1676 4286 ·
1712 4257 1817 4309 κᾶν
1853 4258 1884 4329 η

314 4350 409 4403 τοῦ
444 4350 633 4421 Πάσχα
688 4347 936 4417 ζήτησις,
981 4347 1049 4416 ἢν
1077 4345 1376 4405 Σασϐἀτιος
1399 4345 1743 4415 ἐνεωτέρισε,
1783 4361 1881 4413 με·

315 4436 481 4507 τρίως
509 4434 731 4498 τούτους
763 4434 1080 4503 ἐτάραττεν.
1113 4434 1195 4486 Οὐ
1219 4431 1325 4503 μὴν
1358 4434 1467 4496 τοῖς
1492 4432 1673 4496 ἀλλοις
1712 4433 1886 4486 ἐπιτιο

1992 3158 2205 3213 toribus
2236 3158 2568 3213 sententiam
2601 3157 2949 3212 obtinebant.
2982 3155 3146 3229 3“
3181 3156 3559 3211 Macedoniani

1988 3258 2169 3305 autem
2195 3264 2261 3304 eo
2290 3256 2535 3319 tempore
2558 3246 3034 3318 Constantinopoli
3070 3265 3261 3317 parum
3295 3249 3516 3303 valuere
3542 3265 3559 3316 ;

1988 3340 2191 3408 quibus
2228 3339 2360 3393 illud
2415 3339 2665 3404 nocebat,
2698 3339 2845 3409 quod
2884 3339 3202 3408 episcopum
3239 3353 3402 3392 suum
3449 3353 3558 3395 non

1989 3429 2273 3483 haberent.
2330 3428 2406 3482 Ex
2457 3443 2525 3484 eo
2570 3442 2807 3497 namque
2858 3435 3128 3495 tempore,
3162 3442 3271 3496 quo
3323 3427 3406 3481 eis
3454 3428 3559 3483 sub
3664 3429 3677 3437 ’

1987 3521 2313 3575 Constantio
2342 3520 2412 3575 ab
2444 3519 2693 3574 Eudoxio
2726 3518 3197 3589 popularibusque
3231 3518 3351 3586 ejus
3376 3519 3557 3574 eccle-

1989 3611 2084 3665 sia:
2135 3609 2404 3677 ademptae
2456 3607 2710 3672 fuerant,
2763 3607 2867 3662 sub
2924 3607 3056 3662 solis
3104 3608 3438 3678 presbyteris
3488 3608 3557 3664 ad

1988 3715 2231 3770 praesens
2270 3701 2350 3768 (4)
2383 3714 2558 3770 usque
2605 3699 2898 3769 imperium
2948 3705 3252 3753 conventus
3300 3713 3430 3753 suos
3461 3698 3558 3753 ha-

1989 3796 2180 3850 huere.
2216 3793 2343 3850 Post
2374 3794 2609 3849 Eudoxii
2646 3802 2829 3848 autem
2872 3803 3127 3858 mortem,
3154 3795 3250 3863 qui
3289 3794 3558 3849 Constan-

1990 3886 2217 3953 tinopoli
2271 3883 2631 3940 Eunomianze
2676 3892 2839 3938 sectae
2888 3883 3221 3953 praefuerat,
3274 3883 3331 3938 in
3374 3884 3558 3943 locum

1986 3978 2105 4047 ejus
2136 3975 2412 4031 Lucianus
2435 3975 2656 4044 quidam
2694 3976 2873 4028 fuerat
2908 3976 3265 4044 subrogatus,
3300 3976 3559 4037 Eunomii

1987 4070 2196 4122 sororis
2233 4068 2396 4122 ﬁlius.
2446 4066 2601 4122 Hunc
2630 4069 2774 4137 quod
2810 4068 2863 4122 in
2896 4066 3185 4121 avaritiam
3229 4076 3286 4122 et
3325 4078 3562 4138 cognata

1987 4159 2061 4214 illi
2095 4160 2325 4213 crimina
2359 4159 2465 4214 alia
2495 4159 2752 4229 delapsus
2777 4168 2942 4224 esset,
2971 4174 3203 4228 eamque
3229 4159 3299 4214 ob
3332 4174 3554 4214 causam

1987 4266 2179 4322 pceuas
2228 4266 2286 4306 se
2335 4252 2591 4306 daturum
2632 4252 3029 4321 suspicaretur,
3068 4249 3136 4304 ab
3182 4248 3561 4305 Eunomianoq

1990 4356 2109 4394 rum
2144 4341 2383 4396 factione
2426 4342 2636 4411 reliqua
2668 4341 2965 4395 descivlsse
2987 4381 3001 4403 ,
3030 4341 3414 4411 sodalitatique
3445 4356 3562 4395 sua:

1919 4416 2259 4504 Dprat‘iisse,
2321 4442 2370 4486 et
2417 4449 2529 4487 non
2586 4432 3004 4488 contemnenda:
3057 4432 3306 4487 cohortis
3362 4434 3557 4489 ducem

320 4530 464 4598 μίοις
494 4529 585 4581 καὶ
616 4522 761 4582 οὗτοι
780 4526 953 4595 ἔνοχοι
972 4521 1139 4597 ἦσαν,
1162 4524 1241 4594 τῷ
1272 4541 1331 4577 τε
1362 4523 1569 4594 Τριάδα
1603 4523 1886 4597 ὀμοούσιον

1995 4526 2194 4582 factum
2247 4543 2369 4584 esse
2418 4529 2627 4592 dicunt,
2680 4528 2935 4582 omnibus
2982 4541 3205 4594 prorsus
3253 4528 3347 4596 qui
3393 4526 3564 4580 variis

314 4617 514 4685 ἐπίσης
532 4619 598 4687 τῇ
630 4614 857 4669 καθόλου
895 4612 1193 4684 Ἐκκλησία
1216 4611 1528 4683 κηρύττειν,
1560 4614 1652 4665 καὶ
1686 4616 1750 4682 τῇ
1775 4612 1885 4667 τῶν

1995 4618 2399 4689 infamibusque
2427 4620 2643 4674 delictis
2673 4618 2858 4673 obruti
2888 4625 3095 4682 essent,
3123 4618 3189 4672 ad
3218 4619 3393 4687 ipsum
3427 4634 3562 4685 con-

315 4708 637 4776 ηγουμένων
697 4706 936 4775 μάλιστα
988 4705 1217 4774 ἀγωγῇ·
1278 4704 1416 4772 μετά
1473 4704 1582 4772 γάρ
1640 4704 1886 4770 ’Δγέλιον

1995 4708 2308 4765 ﬂuentibus.
2396 4709 2558 4764 Fama
2629 4710 2880 4775 obtinet,
2956 4706 3203 4777 Eutropii
3280 4709 3561 4777 praepositi

315 4798 632 4870 Μαρκιανός
660 4815 675 4831 ·
721 4798 817 4852 καὶ
854 4796 1045 4852 τοῦτον
1077 4796 1135 4850 δέ
1166 4795 1399 4859 Σισίνιος
1427 4796 1716 4863 διεδέξατο,
1749 4798 1886 4865 ὁπη-

1995 4814 2180 4870 opera,
2224 4803 2428 4871 scripta
2469 4800 2725 4855 Eunomii
2770 4800 2956 4855 omnia
3008 4800 3229 4870 publice
3262 4809 3499 4852 cremata
3548 4813 3561 4851 :

316 4894 445 4946 νίκα
499 4892 779 4955 Ῥουφῖνος
836 4890 1098 4962 ἀνῄρητο.
1162 4888 1299 4960 Περὶ
1346 4884 1427 4943 ὧν.
1489 4891 1583 4944 καὶ
1626 4889 1886 4958 ἀνωτέρω

1995 4893 2225 4948 cadaver
2263 4902 2448 4946 autem
2495 4892 2612 4962 ejus
2647 4892 2902 4961 sepulcro
2961 4899 3301 4952 extractum,
3338 4888 3571 4951 Dacoris_

318 4990 510 5059 μνείαν
569 4985 942 5058 ἐποιησάμην.
1008 4985 1118 5041 Καὶ
1185 4983 1314 5055 περὶ
1375 4983 1475 5054 μὲν
1530 4982 1733 5037 τούτων
1794 4982 1884 5035 οῦκ

1995 4983 2235 5056 Tyanam
2290 4983 2595 5053 projectum
2650 4982 2993 5051 missumque
3043 4995 3189 5035 esse.
3244 4977 3568 5043 Novatiani,

314 5092 445 5141 τως.
1966 5074 2458 5153 quemadmodum
2520 5073 2728 5129 dictum
2792 5081 2905 5138 cst,
2972 5070 3146 5142 quieti
3208 5079 3323 5124 tum
3386 5067 3569 5140 fuere,

312 5170 555 5225 Tametsi
580 5172 727 5226 enim
750 5171 978 5242 quaestio
1007 5169 1075 5226 de
1103 5169 1244 5225 festo
1302 5169 1548 5231 Pascha.
1615 5184 1781 5239 quam
1848 5167 2166 5230 Sabbatius,
2214 5183 2302 5222 res
2364 5183 2536 5222 novas
2582 5167 2827 5232 molitus,
2874 5166 3159 5229 excitarat,
3203 5163 3557 5231 aliquantum
3642 5176 3653 5185 ·

315 5276 414 5316 eos
444 5263 718 5320 turbasset
749 5284 763 5318 :
807 5279 917 5320 non
947 5274 1129 5320 tamen
1164 5265 1243 5320 illi
1281 5263 1407 5320 aliis
1441 5262 1641 5336 ptenis,
1671 5277 1796 5333 qua:
1863 5262 1918 5315 in
1962 5259 2250 5316 haereticos
2285 5260 2499 5332 legibus
2523 5260 2759 5316 decreta:
2790 5260 3031 5323 fuerant,
3098 5254 3321 5312 obnoxii
3357 5253 3555 5319 luere:

2068 5435 2146 5503 (ὅ)
2178 5433 2218 5488 Ι.
2246 5431 2303 5489 Si
2322 5434 2660 5489 venerabilis.
2691 5431 2753 5487 (Ξ.
2785 5430 2861 5503 De
2889 5429 3062 5503 episc.
3085 5426 3304 5503 et_cler_.

2067 5495 2143 5573 ξι)
2176 5504 2339 5574 Ἀχρι
2367 5505 2464 5572 τῆς
2498 5505 2769 5574 ἐχομένης
2806 5495 3114 5574 paterni“.
3145 5495 3562 5574 Intelligendum

1993 5565 2173 5628 autem
2223 5565 2300 5628 de.
2346 5565 2610 5640 ituperio'
2642 5565 2942 5626 Theodosii
2997 5566 3253 5641 junioris.
3306 5568 3561 5637 (Solum,

1988 5647 2084 5699 lib.
2115 5660 2226 5711 vttt,
2260 5662 2380 5714 cap.
2419 5644 2487 5712 l.)

387 5435 772 5507 (l)Patricius,
794 5434 1140 5507 imperato_ris
1172 5432 1348 5506 pater.
1376 5436 1513 5494 Inst.
1545 5433 1748 5501 Quibus
1778 5450 1889 5488 mo-

319 5504 403 5561 dis
422 5507 513 5576 jus
540 5515 680 5576 patr.
708 5513 819 5576 pot.
852 5505 933 5558 ιοί
957 5505 1004 5576 κδ
1033 5504 1460 5575 Filiusj'amilias.

391 5575 466 5643 ιῖ)
489 5575 819 5630 Claudianus
848 5576 914 5628 de
939 5575 1216 5643 Eutropio
1243 5576 1390 5632 isto:

419 5694 558 5736 τω-
589 5664 902 5736 Prwsidium
935 5665 1105 5735 legum
1126 5668 1428 5736 genitorque
1449 5677 1666 5720 vocatur

423 5735 705 5803 Principis,
732 5744 779 5787 ct
816 5735 1069 5804 [uirtutum
1104 5735 1353 5806 dignatur
1378 5738 1518 5806 regia
1552 5748 1769 5791 patrem.
