3898 6192
418 250 525 314 927
1640 261 2063 323 NICEPHORI
2099 263 2447 326 CALLISTI
2595 245 2606 256 ’
3549 273 3638 337 928

420 376 536 420 tum
565 367 713 431 quod
747 367 937 424 ltidem
968 380 1023 424 ut
1054 369 1296 430 Ecclesia
1322 377 1620 447 catholica,
1650 379 1976 437 Trinitatem
2017 382 2305 452 δμοούσιον
2346 385 2922 456 (consubstantialem)
2962 387 3353 457 praedicarent,
3383 396 3491 444 tum
3510 397 3636 462 quod

415 463 633 533 egregia
661 463 1042 534 episcOporum
1067 483 1258 524 eorum
1289 473 1396 525 vita
1429 482 1595 529 esset.
1658 473 1792 528 Nam
1864 475 2052 544 Agelio
2094 475 2425 543 Marcianus,
2487 477 2763 533 Marciano
2816 477 3058 534 Sisinius
3112 491 3490 545 successerat,
3532 498 3636 540 cum

419 551 653 611 Ruﬁnus
676 573 850 615 cassus
873 569 956 615 est
985 579 999 616 :
1027 560 1095 615 de
1115 563 1502 632 quibussnpra
1531 565 1696 620 etiam
1722 564 1982 620 diximus.
2031 563 2154 619 llaec
2189 564 2476 621 hactenus.

949 677 1111 749 3&5
1150 678 1374 736 CAPUT
1403 681 1468 734 ll.

421 758 500 811 De
516 760 704 840 nuerili
735 762 1067 840 institutione
1097 769 1286 840 et‘vitd
1305 769 1476 821 sancti
1499 767 1724 840 Joannis
1752 771 1985 840 Chryso-

491 831 747 908 stomi,_ct
776 843 833 884 ut
854 835 1106 908 doctrina
1124 837 1349 889 simulet
1376 841 1565 892 virtute
1589 839 1792 908 fulgens
1817 831 1986 894 adse-

486 899 602 950 dem
644 900 1296 974 ConstantinOpolitaiwm
1319 907 1388 960 sit
1415 899 1636 961 evectus.

487 1075 565 1132 Ea
622 1087 784 1136 atate
835 1083 890 1136 in
940 1083 1185 1139 Ecclesia
1234 1086 1477 1140 Romana
1525 1088 1819 1158 episcopus
1867 1099 1986 1145 erat

420 1165 688 1234 Siricius,
731 1171 945 1229 Damasi
993 1191 1300 1240 successor,
1339 1178 1683 1234 Alexandria:
1722 1182 1985 1237 ecclesias

422 1261 563 1315 rexit
597 1263 938 1334 Theophilus
964 1306 979 1330 ,
1027 1269 1335 1324 Antiochiae
1365 1270 1693 1326 Flavianus:
1727 1272 1981 1328 Hieroso-

423 1350 585 1419 lymis
615 1351 794 1407 adhuc
829 1355 1209 1424 episcopatum
1254 1359 1420 1426 gessit
1461 1358 1727 1420 Joannes,
1757 1361 1848 1429 qui
1880 1361 1983 1432 Cy—

421 1440 548 1494 rillo
576 1445 863 1498 successit.
899 1445 1369 1515 ConstantinOpoli
1401 1461 1528 1502 vero
1565 1448 1762 1503 enituit
1789 1449 1983 1504 Necta-

421 1533 571 1594 rius,
607 1533 676 1587 de
725 1550 835 1604 quo
877 1535 1053 1592 fusius
1093 1552 1257 1606 supra
1305 1538 1556 1592 diximus.
1605 1538 1872 1594 Caeterum
1917 1557 1984 1595 eo

420 1623 591 1690 paulo
643 1633 766 1693 post
818 1635 1036 1682 mortuo
1070 1629 1186 1698 (l),
1231 1628 1424 1699 ingens
1470 1630 1715 1684 omnium
1764 1647 1894 1686 cura
1927 1642 1984 1688 et

420 1716 664 1769 studium
702 1718 824 1781 fuit,
858 1733 1149 1787 quemnam
1185 1720 1481 1774 antistitem
1517 1722 1835 1790 imperantis
1888 1740 1981 1778 ur-

421 1806 507 1860 bis
535 1807 715 1874 legere
738 1808 1080 1862 conveniret.
1108 1808 1311 1878 Atque,
1341 1820 1398 1863 ut
1424 1810 1502 1873 tit,
1531 1812 1651 1866 aliis
1677 1812 1813 1866 alios
1838 1813 1983 1867 desi-

421 1897 977 1968 gnantibus,.diuque
1014 1909 1070 1953 et
1099 1900 1333 1954 multum
1369 1901 1596 1957 consilia
1627 1903 1979 1972 agitantibus,

2013 681 2064 742 Α

2694 685 2947 740 ΚΕΦΑΛ.
2993 685 3068 740 Β⁹.

2093 776 2228 841 Περὶ
2257 777 2369 843 τῆς
2402 777 2470 831 ἐκ
2501 777 2646 830 νέου
2671 776 2925 845 ἀγωγῆς,
2965 782 3061 831 καὶ
3090 777 3334 842 διαίτης
3350 778 3455 830 τοῦ
3483 778 3632 837 ἀτίου

2159 845 2435 900 Ἰωάννου
2487 846 2593 900 τοῦ
2648 849 3104 915 Χρυσοστόμου,
3150 846 3275 915 καὶῌ
3315 846 3472 907 ὅπως
3499 848 3636 911 λόγῳ

2160 915 2256 969 καί
2285 915 2464 983 ἀρετῇ
2495 915 2871 981 διαλάμπων,
2903 913 3000 969 ἐπὶ
3056 916 3164 969 τὸν
3199 913 3313 982 τῆς
3345 916 3634 968 Κωνστανο

2159 987 2565 1050 τινουπόλεως
2591 985 2809 1052 θρόνον
2827 985 3089 1054 ἀνήχθη.

2168 1095 2385 1165 Ἦγείτο
2433 1095 2488 1150 δὲ
2515 1097 2637 1150 κατ’
2662 1099 2837 1150 ἐκεῖνο
2868 1096 3061 1167 καιροῦ
3099 1095 3205 1164 τῆς
3241 1097 3344 1166 μὲν
3375 1095 3634 1166 Ῥωμαίων

2103 1187 2434 1254 Ἐκκλησίας
2469 1189 2710 1256 Σιρίκιος
2734 1189 3118 1258 διαδεξάμενος
3169 1189 3430 1256 Δάμασον
3457 1202 3472 1219 ·
3528 1187 3635 1241 Θεό-

2089 1280 2240 1349 φιλος
2275 1279 2330 1332 δὲ
2351 1279 2458 1332 τῶν
2489 1279 2610 1334 κατ’
2648 1277 3055 1350 Ἀλεξάνδρειαν
3077 1279 3307 1349 ἐκράτει
3333 1275 3634 1346 ἐκκλησιῶν.

2086 1370 2384 1433 Φλαϐιανὸς
2409 1369 2468 1423 δὲ
2496 1370 2593 1429 τὴν
2636 1370 2911 1439 Ἀντιόχου
2945 1363 3145 1425 διεῖπε.
3199 1369 3327 1423 Τῶν
3353 1367 3408 1420 δὲ
3441 1368 3558 1434 περὶ
3578 1369 3633 1419 τὶ

2096 1463 2447 1532 Ἰεροσόλυμα
2474 1462 2553 1516 ἔτι
2593 1463 2847 1532 Ἰωάννης
2886 1464 2987 1532 τὴν
3018 1463 3332 1532 ἐπιτροπὴν
3362 1457 3630 1527 ἐκληροῦτο

2085 1553 2463 1621 διαδεξάμενος
2490 1551 2776 1620 Κύριλλον.
2819 1553 2944 1608 Ἐπὶ
2974 1551 3030 1604 δὲ
3080 1551 3160 1620 τῷ
3183 1553 3288 1618 τῆς
3319 1551 3629 1602 Κωνσταντί-

2084 1663 2176 1698 νου
2213 1645 2388 1714 θρόνῳ
2419 1644 2723 1714 Νεκτάριος
2754 1645 2961 1703 ἐκεῖνος
3010 1643 3342 1712 διέπρεπεν,
3370 1639 3426 1692 ὄν
3451 1633 3630 1690 ἀνωτέ-

2089 1753 2166 1807 ρω
2227 1736 2360 1806 πρὸς
2425 1733 2620 1789 λεπτὸν
2693 1736 2726 1804 ἡ
2781 1736 2996 1804 ἱστορία
3053 1733 3308 1786 διέλαϐεν
3343 1748 3357 1762 °
3399 1725 3458 1784 οὗ
3515 1734 3626 1800 μετᾶ

2086 1827 2258 1897 βραχὺ
2280 1827 2696 1895 τελευτήσαντος
2724 1827 2817 1880 καὶ
2845 1825 3045 1895 πολλῆς
3090 1841 3243 1886 τινος
3303 1822 3625 1893 ἀκμαζόύσης

2087 1918 2320 1987 σπουδῆς
2355 1921 2481 1986 περὶ
2511 1917 2607 1971 τοῦ
2636 1918 2757 1970 τίνα
2787 1919 2869 1971 δεῖ
2899 1918 2981 1979 είς
3044 1913 3310 1986 ὲπιλογὴν
3339 1915 3430 1968 τοῦ
3459 1915 3620 1983 Θρόνου

422 1999 549 2045 cum
590 1988 700 2045 non
733 1991 922 2046 eadem
955 1991 1199 2046 omnium
1239 1995 1712 2058 esset‘sententia,
1745 2004 1802 2052 et
1839 2003 1977 2052 temo

2088 2011 2444 2082 προκριθῆναι
2477 2009 2572 2078 τῆς
2596 2007 2862 2078 βασιλίδος
2893 2008 3002 2062 τῶν
3026 2009 3269 2069 πόλεων,
3317 2007 3410 2059 καὶ
3439 2002 3514 2058 οἷα
3548 2025 3622 2073 ei-

426 2097 531 2148 pus
565 2081 985 2148 extraheretur,
1026 2083 1300 2140 universis
1331 2086 1546 2140 tandem
1585 2087 1844 2156 placitum
1878 2099 1980 2152 est,

425 2183 485 2226 ut
533 2172 823 2227 Antiochia
872 2173 1157 2244 presbyter
1185 2185 1560 2231 accerseretur
1603 2178 1860 2244 Joannes,
1887 2180 1980 2248 qui

427 2273 656 2333 prOpter
713 2265 1083 2333 eloquentiam
1141 2267 1564 2337 Chrysostomus
1621 2278 1706 2324 est
1763 2271 2013 2336 dictus;-

423 2357 687 2427 praeclara
735 2356 882 2410 enim
933 2356 1002 2411 de
1041 2371 1122 2442 eo
1172 2358 1314 2414 fama
1361 2361 1550 2415 orbem
1600 2365 1980 2432 pervolitabat,

421 2446 658 2500 maxime
681 2460 807 2500 eum
835 2445 901 2500 ad
929 2445 1236 2502 docendum
1263 2450 1598 2518 appositum,
1623 2454 1982 2523 apprimeque

423 2538 656 2600 clarum,
692 2552 906 2593 necnon
940 2540 1156 2608 generis
1189 2539 1478 2597 nobilitate
1511 2552 1566 2597 et
1606 2544 1730 2598 vita:
1758 2545 1984 2614 integri-

425 2639 537 2685 tate
568 2629 1082 2698 prmstantissimum
1109 2646 1252 2686 esse.
1281 2632 1496 2687 Patrem
1528 2649 1763 2696 namque
1791 2635 1984 2690 habuit

420 2721 615 2775 ducem
647 2720 775 2775 belli
809 2720 1124 2777 Secundum
1152 2739 1168 2776 :
1204 2731 1435 2777 matrem
1470 2735 1654 2780 autem
1681 2727 1976 2794 natalibus,

420 2812 654 2881 aliisque
677 2813 1018 2890 ornamentis
1039 2814 1293 2869 omnibus
1315 2825 1632 2884 spectatam,
1656 2817 1980 2874 Anthusam.

420 2905 480 2960 ln
531 2907 763 2962 dicendo
811 2916 868 2962 et
916 2906 1198 2961 suadendo
1238 2907 1289 2960 vi
1339 2908 1508 2964 amita
1563 2909 1698 2972 fuit,
1743 2910 1880 2963 adeo
1925 2920 1985 2967 ut

419 3000 598 3054 aetatis
622 3014 734 3054 sua:
758 3008 1010 3056 oratores
1038 3001 1226 3056 multis
1251 3001 1428 3061 modis
1455 3014 1757 3072 superaret.
1787 3004 1842 3058 ln
1874 3005 1984 3060 vita

421 3091 741 3161 quotidiana
769 3092 1036 3163 singulari
1087 3094 1461 3148 moderatione
1487 3102 1543 3148 et
1569 3095 1983 3151 accnratissimo

420 3184 677 3238 instituto
711 3198 841 3238 usus
869 3193 971 3238 est.
1013 3183 1072 3238 In
1111 3191 1321 3237 tantum
1357 3199 1490 3240 vero
1526 3187 1832 3255 arqualibus
1867 3189 1984 3243 suis

421 3274 765 3335 antecelluit,
797 3281 854 3328 ut
882 3274 1052 3329 etiam
1083 3273 1297 3329 Libanii
1344 3274 1466 3346 Syri
1500 3276 1760 3341 sophista
1795 3279 1847 3332 in
1882 3279 1984 3334 hac

421 3364 602 3419 laudis
649 3375 841 3434 parte,
881 3366 1258 3422 testimonium
1304 3343 1621 3434 reportarit.
1658 3368 1982 3423 Moriturnm
2010 3343 2052 3399 ο

420 3456 565 3512 enim
604 3471 729 3511 eum
753 3497 766 3520 ,
803 3459 930 3513 eum
961 3467 1262 3514 sectatores
1295 3461 1431 3532 ejus,
1467 3474 1761 3528 quemnam
1807 3461 1861 3514 in
1893 3475 1984 3516 so-

420 3551 655 3621 phistica
697 3551 826 3606 sede
863 3566 1233 3608 successorem
1278 3568 1400 3607 esse
1447 3553 1629 3614 vellet,
1685 3553 1986 3622 interroga-

418 3649 587 3704 rent,
636 3640 902 3696 Joannem
935 3641 1484 3711 illunurespondisse
1532 3641 1676 3696 fama
1715 3651 1828 3705 est,
1879 3641 1983 3695 nisi

420 3732 603 3786 virum
633 3740 842 3786 tantum
874 3730 1173 3785 Christiani
1202 3732 1536 3801 rapuissent.
1578 3731 1769 3786 Plures
1801 3741 1982 3784 autem

419 3839 486 3879 ex
515 3823 804 3894 discipulis
849 3821 972 3892 ejus
1012 3821 1080 3886 ad
1127 3823 1416 3882 ecclesiam
1461 3823 1689 3876 adduxit
1733 3831 1794 3876 ut
1839 3821 1982 3876 idem

419 3924 608 3974 secum
663 3915 955 3980 sentirent,
979 3915 1060 3970 eis
1112 3914 1474 3985 persuadens.
1530 3914 1666 3968 Cum
1720 3914 1866 3968 enim
1916 3929 1984 3969 ex

418 4010 739 4081 prtescripto
788 4008 884 4063 Dei
930 4009 1120 4062 vivere
1166 4007 1440 4070 studeret,
1487 4021 1597 4061 non
1648 4005 1982 4059 mediocrem

417 4104 625 4158 virtute
671 4116 769 4158 sua
825 4101 1233 4156 aemulationem
1280 4100 1431 4156 illius
1485 4098 1851 4155 sectatoribus
1897 4097 1985 4153 in-

417 4195 561 4251 didit
596 4212 611 4250 :
642 4208 698 4250 et
730 4194 888 4250 facile
915 4209 982 4248 eo
1015 4193 1178 4248 modo
1216 4193 1484 4261 plurimos
1509 4193 1676 4263 cepit.
1705 4194 1892 4263 eisque
1923 4200 1984 4246 ut

417 4303 606 4343 secum
633 4286 882 4341 eamdem
907 4285 1411 4352 complecterentur
1435 4286 1762 4340 sententiam
1789 4294 1985 4340 auctor

420 4379 561 4443 fuit,
603 4393 714 4433 non
754 4385 870 4432 arte
908 4376 1164 4447 quapiam
1202 4385 1298 4431 aut
1326 4375 1654 4445 eloquentiae
1683 4377 1762 4438 vi.
1791 4391 1980 4431 verum

416 4458 586 4543 quod.
616 4486 802 4528 sacras
853 4469 1167 4540 Scripturas
1204 4469 1360 4540 juxta
1412 4469 1467 4522 id
1522 4467 1666 4533 quod
1723 4483 1809 4522 res
1867 4469 1981 4536 ipsa

417 4575 540 4621 erat
596 4565 812 4620 sincere
860 4571 1197 4633 exponeret,
1251 4574 1348 4616 eos
1404 4559 1471 4613 ad
1521 4573 1580 4612 se
1636 4558 1980 4628 pertrahens.

416 4656 580 4728 3&6
607 4656 796 4711 Oratio
825 4655 974 4710 enim
1007 4668 1194 4708 revera
1219 4651 1380 4706 factis
1409 4650 1544 4719 ipsis
1571 4665 1833 4715 consona,
1858 4665 1980 4719 per-

421 4750 575 4804 facile
610 4748 772 4802 ﬁdem
800 4755 1068 4809 meretur,
1099 4754 1155 4799 et
1185 4743 1504 4798 assensione
1532 4741 1697 4811 digna
1736 4741 1978 4796 videtur.

417 4839 632 4905 Quibus
672 4837 836 4892 rebus
866 4845 1060 4892 contra
1107 4835 1200 4904 qui
1240 4841 1416 4896 caret,
1453 4832 1742 4886 simulator
1773 4831 1978 4900 potius,

418 4941 474 4995 et
525 4930 611 4993 sui
643 4929 818 4999 ipsius
844 4936 1136 4984 accusator
1161 4941 1285 4982 esse
1309 4935 1554 4995 apparet,
1590 4923 1804 4978 etiamsi
1837 4923 1981 4976 mul-

423 5034 538 5077 tum
591 5021 756 5080 studii
800 5029 856 5074 et
906 5035 1088 5089 operae
1136 5020 1190 5076 in
1244 5019 1494 5074 docendo
1544 5025 1731 5089 ponat.
1787 5016 1844 5071 Si
1891 5015 1980 5070 cui

419 5123 605 5180 autem
653 5110 919 5179 contigit,
953 5120 1014 5164 ut
1066 5119 1296 5177 utraque
1342 5110 1444 5164 hac
1486 5108 1646 5164 laude
1677 5108 1858 5162 clarus
1886 5108 1982 5168 sit.

420 5209 560 5268 nihil
610 5222 716 5262 non
762 5205 907 5276 quod
957 5204 1119 5264 velit,
1162 5203 1377 5259 elﬁcere
1416 5212 1628 5272 potest:
1661 5201 1712 5255 id
1740 5202 1886 5271 quod
1928 5201 1980 5255 in

421 5302 518 5357 illo
562 5302 726 5356 etiam
770 5297 977 5354 evenit.
1007 5298 1144 5352 Vita:
1189 5311 1427 5365 namque
1475 5296 1786 5348 institutum
1825 5308 1983 5348 accu-

424 5403 599 5448 ratum
636 5392 932 5446 admodum
974 5399 1032 5446 et
1075 5389 1415 5444 moderatum
1463 5388 1587 5442 fuit.
1627 5387 1692 5441 Et
1724 5401 1847 5440 cum
1885 5401 1982 5438 na-

426 5494 546 5537 tura
597 5485 927 5554 iugcnioque
983 5483 1258 5553 praastanti
1322 5482 1460 5545 fuit,
1515 5492 1628 5534 tum
1689 5481 1978 5548 perspicua

2083 2100 2166 2153 λεῖ
2201 2100 2376 2154 ἄλλων
2437 2098 2628 2160 ἄλλους
2682 2097 3188 2167 ἐπιψηφιζομένων,
3241 2095 3270 2146 ὁ
3321 2095 3416 2162 μὲν
3465 2091 3622 2160 χρόνος

2085 2192 2326 2262 ἐτρίϐετο
2353 2190 2610 2252 πολλάκις
2669 2187 2962 2256 γινομένης
3010 2186 3234 2256 βουλῆς,
3280 2184 3372 2235 καὶ
3425 2183 3494 2250 μὴ
3536 2181 3624 2233 τῶν

2083 2283 2263 2336 αὐτῶν
2287 2283 2420 2336 πᾶσι
2451 2282 2748 2334 δοκούντων
2781 2295 2796 2308 ·
2835 2279 2986 2342 τέλος
3019 2278 3156 2330 πᾶσι
3189 2277 3302 2328 δεῖν
3347 2274 3508 2326 ἐδόκει
3549 2273 3623 2324 τδν

2082 2373 2143 2438 ἐξ
2182 2373 2512 2441 Ἀντιοχείας
2547 2362 2918 2442 πρεσϐύτερον
2977 2365 3440 2437 μεταστέλλεσθαι
3475 2363 3624 2416 Ἰωάν-

2082 2482 2180 2535 νην
2205 2464 2298 2518 τὸν
2329 2465 2426 2532 τὴν
2464 2463 2712 2530 γλῶτταν
2737 2461 2997 2533 χρυσοῦν.
3035 2460 3216 2529 Πολλὴ
3240 2459 3348 2529 γάρ
3365 2472 3444 2518 τις
3489 2456 3619 2523 φήμη

2083 2556 2210 2625 περὶ
2234 2555 2402 2610 αὑτοῦ
2427 2556 2524 2625 τὴν
2553 2553 2646 2607 ὑπ’
2671 2554 2897 2624 οὐρανὸν
2925 2553 3225 2621 διέτρεχεν,
3277 2550 3352 2612 ὡς
3405 2546 3622 2598 διδασκαο

2080 2648 2229 2710 λικὸς
2266 2647 2496 2716 μάλιστα
2529 2647 2640 2716 εἴη,
2666 2646 2762 2721 καὶ.
2803 2643 3172 2712 διαφερόντως
3230 2639 3522 2707 δλλόγιμος.
3550 2635 3621 2688 εὖ·

2083 2740 2350 2809 πατρίδης
2388 2754 2448 2790 τε
2497 2738 2614 2806 ἅμα
2659 2738 2754 2790 καὶ
2808 2737 2900 2791 τὸν
2953 2734 3066 2805 βίον
3117 2733 3357 2802 μάλιστα
3409 2728 3620 2794 ἀγαθός’

2085 2828 2455 2899 στρατηλάτου
2495 2828 2594 2897 μὲν
2632 2826 2923 2882 Σεκούνδου
2975 2823 3346 2892 γεγενημένος
3402 2819 3619 2887 πατρός·

2086 2925 2266 2994 μήτηρ
2293 2921 2338 2975 δ’
2376 2920 2566 2988 ἐκείνῳ
2600 2920 2738 2973 κατὰ
2767 2918 2922 2986 γένος
2967 2918 3061 2970 καὶ
3109 2916 3251 2969 πᾶσι
3315 2917 3421 2977 τοῖς
3471 2914 3620 2972 ἀλλοις

2083 3014 2350 3083 ἐπίσημος
2386 3011 2657 3066 Ἀνθουσα
2705 3009 2876 3078 ὄνομα
2908 3026 2922 3039 ·
2983 3006 3165 3075 λέγειν
3213 3023 3270 3060 τε
3312 3005 3405 3057 καὶ
3444 3003 3621 3058 πείθειν

2087 3105 2233 3176 μάλα
2255 3102 2449 3166 δεινὸς,
2480 3102 2554 3164 ὡς
2586 3102 2706 3163 τοὺς
2739 3100 2862 3154 κατ’
2909 3098 3072 3152 αὑτὸν
3116 3096 3302 3165 πολλῷ
3343 3096 3419 3165 τῷ
3471 3097 3624 3160 μέτρῳ

2084 3197 2444 3266 παρενεγκεῖν
2469 3195 2705 3263 ῥήτορας
2735 3208 2750 3223 ·
2783 3192 2971 3262 ἀγωγῇ
3000 3207 3060 3243 τε
3091 3191 3209 3260 βίου
3271 3189 3497 3256 σώφρονι
3551 3187 3623 3236 καὶ

2085 3287 2454 3356 ἀκριϐεστάτη
2480 3284 2720 3355 χρῆσθαι
2775 3286 2842 3352 τῇ
2900 3282 3170 3353 πολιτείᾳ.
3236 3280 3360 3333 Ἐπὶ
3395 3279 3533 3332 τόσην
3577 3275 3623 3326 δὲ

2083 3378 2206 3437 τοὺς
2234 3374 2354 3429 κατ’
2379 3374 2541 3426 αὐτὸν
2577 3372 2933 3442 ὑπερέϐαλεν,
2993 3371 3070 3434 ὡς
3120 3371 3216 3424 καὶ
3264 3369 3505 3424 Διϐάνιον
3551 3365 3624 3416 τὶν

2085 3467 2254 3533 Σύρον
2309 3465 2569 3534 σοφιστὴν
2621 3463 3066 3532 ἐπιμαρτυρῆσαι
3116 3460 3290 3530 αὐτῷ.
3361 3457 3498 3510 Ἐπεὶ
3535 3457 3622 3524 γὰρ

2089 3555 2282 3623 ἔμελλε
2314 3555 2590 3624 τελευτᾷν,
2629 3554 2738 3608 τῶν
2786 3552 2978 3625 ἐκείνῳ
3025 3551 3335 3622 φοιτώντων
3387 3549 3624 3620 ἐρομένων

2083 3645 2188 3698 τίνι
2212 3645 2418 3704 κελεύοι
2445 3646 2534 3698 τὸν
2561 3644 2875 3713 σοφιστικὸν
2907 3645 3024 3699 ἀντ’
3053 3644 3220 3698 αὐτοῦ
3238 3643 3413 3697 λιπεῖν
3442 3642 3621 3710 Θρᾶνον,

2082 3735 2171 3788 τὸν
2206 3737 2455 3805 Ἰωάννην
2487 3735 2645 3804 λόγος
2674 3737 2879 3788 ἐκεῖνον
2909 3735 3102 3800 εἰπεῖν,
3140 3736 3190 3786 εί
3231 3735 3305 3803 μὴ
3343 3729 3619 3802 Χριστιανοὶ

2083 3829 2174 3880 τὸν
2239 3826 2496 3880 τοσοῦτον
2567 3828 2734 3896 ἄνδρα
2807 3826 3104 3895 ὲσύλησαν.·
3151 3824 3387 3886 Πολλοὺς
3446 3824 3494 3874 δὲ
3536 3821 3621 3871 τῶν

2083 3919 2449 3988 ἀκροωμένων
2478 3921 2569 3972 ἐπ’
2633 3917 2962 3988 Ἐκκλησίας
3013 3917 3277 3986 ἠγάγετο,
3336 3915 3426 3966 καί
3458 3911 3621 3976 ἐπίσης

2083 4010 2233 4081 αύτῷ
2259 4014 2476 4080 φρονεῖν
2497 4010 2704 4064 ἔπεισε.
2741 4010 2898 4062 Κατὰ
2920 4008 3053 4061 Θεὸν
3095 4007 3205 4078 γὰρ
3251 4008 3351 4077 τὴν
3381 4002 3621 4057 πολιτείαν

2083 4101 2437 4172 ἐπιτηδεύων,
2464 4103 2523 4154 οὐ
2558 4103 2778 4170 μέτριον
2797 4101 2864 4152 ὲκ
2888 4100 2986 4170 τῆς
3019 4099 3226 4162 οἰκείας
3258 4096 3455 4167 ἀρετῆς
3479 4092 3620 4146 ἐνετί-

2084 4197 2164 4250 θει
2197 4195 2354 4264 ζῆλον
2385 4197 2496 4256 τοῖς
2549 4193 2698 4266 αὐτῷ
2757 4191 3169 4262 προσφοιτῶσι·
3232 4191 3324 4242 καὶ
3376 4184 3618 4256 ἐχειροῦτο

2084 4288 2286 4360 ῥαδίως
2323 4287 2570 4342 ἐντεῦθεν
2601 4287 2724 4348 τοὺς
2757 4283 3064 4350 πλείστους,
3087 4283 3181 4337 καί
3227 4299 3291 4349 γε
3322 4279 3491 4333 ἔπειθε
3533 4293 3618 4328 πα-

2084 4380 2358 4453 ραπλήσια
2383 4378 2627 4444 δοξάζειν
2674 4377 2887 4446 ἐκείνῳ.
2949 4375 3009 4428 οὐ
3058 4375 3222 4446 τέχνῃ
3262 4374 3326 4439 δή
3383 4389 3479 4425 τινι
3542 4368 3614 4420 καὶ

2083 4470 2432 4543 ρώμηλόγων
2455 4469 2589 4540 πρὸς
2619 4467 2810 4521 ἑαυτὸν
2857 4467 3040 4520 ἕλκειν
3082 4465 3479 4535 ἐκϐιαζόμενος,
3525 4457 3613 4511 ἀλλ’

2083 4564 2160 4626 ὡς
2185 4563 2383 4631 ἀληθὲς
2421 4559 2511 4632 ἦν,
2541 4562 2737 4629 ὅτιπερ
2770 4556 3076 4625 εἰλικρινῶς
3105 4557 3201 4618 τὰς
3239 4555 3385 4621 ἱερὰς
3412 4551 3614 4620 ἐξηγεῖτο

2013 4629 2056 4684 D
2084 4656 2125 4709 Γ
2130 4629 2325 4724 ραφάς.
2357 4629 2490 4714 Ταῖς
2522 4652 2629 4721 γὰρ
2647 4648 2920 4719 ἀληθείαις
2944 4647 3101 4708 λόγος
3132 4648 3242 4707 τοῖς
3273 4644 3450 4714 ἔργοις
3481 4638 3608 4706 συνᾴν

2085 4745 2210 4808 δων,
2274 4742 2557 4812 πρόχειρος
2612 4741 2692 4802 είς
2755 4738 2940 4790 πίστιν
2993 4738 3104 4790 και
3150 4735 3297 4799 ἄξιος
3347 4729 3612 4800 παραδοχῆς

2087 4834 2355 4904 φαίνεται.
2374 4831 2589 4884 Τούτων
2611 4829 2656 4884 δ’
2692 4829 3078 4898 ἐστερημένος,
3118 4825 3278 4894 εῐρων
3320 4824 3502 4912 μᾶλλον
3541 4818 3615 4912 καί

2085 4925 2389 4993 κατήγορος
2415 4922 2591 4992 ἐαυτῷ
2645 4921 2811 4985 δοκεῖ,
2847 4919 2950 4972 κᾶν
2999 4917 3132 4971 πολύ
3162 4933 3213 4969 τι
3271 4911 3488 4976 σπουδῆς
3517 4911 3610 4970 περξ

2086 5017 2185 5085 τὴν
2217 5015 2563 5068 διδασκαλίαν
2591 5012 2789 5083 εἰσάγῃ
2820 5025 2835 5042 ⁸
2872 5003 2916 5078 ᾦ
2949 5010 3005 5063 δὲ
3037 5011 3161 5062 κατ’
3182 5007 3455 5077 ἀμφότερα
3488 4997 3609 5050 εὐδο-

2087 5107 2268 5176 κιμεῖν
2291 5105 2534 5176 ὑπάρχῃ,
2564 5103 2717 5157 οὐδὲν
2752 5101 2988 5155 ἐλλείπει
3021 5100 3096 5170 μὴ
3130 5100 3157 5151 δ
3186 5096 3419 5168 βούλοιτο
3455 5088 3606 5183 aps»).-

2086 5199 2228 5270 άπερ
2258 5199 2321 5268 δὴ
2347 5198 2576 5264 κάκείνῳ
2605 5195 2749 5266 μάλα
2779 5193 3114 5246 συνέϐαινεν.
3141 5182 3469 5278 Ἀγωγὴγμὰρ
3487 5179 3607 5278 αὖτὲ

2083 5264 2470 5359 καὶ-ἀκρίϐεια
2517 5264 2632 5358 βίου
2667 5287 2901 5357 μάλιστα
2957 5283 3186 5352 σώφρων
3215 5277 3300 5345 ἦν.
3346 5272 3537 5329 Φύσεως
3573 5264 3594 5314 δ

2085 5382 2144 5436 εὖ
2176 5382 2320 5452 μάλα
2351 5380 2506 5451 ἔχων,
2545 5378 2856 5448 σαφεστάτῃ
2885 5375 3007 5428 λίαν
3055 5375 3249 5443 ἐχρῆτο
3305 5369 3366 5435 τῇ
3420 5360 3602 5429 φράσαι.

2089 5477 2206 5546 μετ’
2254 5474 2534 5545 άφράστου
2595 5470 2996 5540 λαμπρότητος,
3043 5465 3189 5528 Θείας
3241 5463 3375 5520 τινὸς
3421 5452 3602 5522 χάριτος

497 5651 570 5717 (l)
594 5639 814 5703 thsarii
847 5661 898 5702 ct
931 5653 1091 5705 Attici
1132 5651 1442 5705 consulatu.
1483 5648 1640 5702 Socr.
1673 5646 1765 5698 lib.
1809 5660 1884 5707 vt,
1909 5658 2030 5712 cap.
2074 5642 2129 5696 ἓ.
