3898 6192
202 291 305 353 929

1122 286 1733 354 ECCLESIASTlCrE
1773 289 2162 352 msroma
2207 293 2357 354 LIB.
2404 276 2575 352 XIII.

3350 294 3459 353 930

203 404 523 473 διαθεούσης
546 401 741 473 αὐτὴν,
772 404 846 467 ὡς
879 404 971 456 καὶ
995 404 1084 456 τὸν
1129 405 1482 476 ἀκροώμενον
1507 405 1778 475 τυραννεῖν

1892 402 2048 457 valde
2076 411 2131 456 et
2158 403 2397 458 dilucida
2432 402 2744 460 elocutione
2775 417 2908 460 usus
2935 410 3022 459 est
3055 420 3071 457 :
3101 404 3156 460 in
3185 421 3292 476 qua
3329 421 3453 461 cum

205 494 268 561 τῇ
298 492 496 564 ἐνούσῃ
522 492 1002 562 κατακηλούμενον
1020 493 1232 562 χάριτι.
1270 493 1459 564 Ὀγκῳ
1506 493 1551 547 δ’
1592 495 1788 563 ἀφανεῖ

205 584 298 637 καὶ
338 583 561 654 ἀοράτῳ
591 583 883 652 δεινότητι,
918 580 1069 659 ξένον
1092 601 1144 639 τι
1178 586 1355 654 μίγμα
1388 584 1639 654 φράσεως
1682 583 1787 637 ὑπὸ

206 674 403 744 μετρίᾳ
423 677 491 744 τῇ
517 673 660 738 λέξει
687 674 979 744 κεράννυσι
1010 691 1025 707 ο
1063 674 1244 728 πυκνά
1278 674 1461 745 βρύων
1477 676 1537 727 τὸ
1562 675 1742 745 νόημα
1766 687 1782 705 ⁸

202 759 247 812 ὠ
305 760 617 827 ἐξίστασθαι
652 760 860 824 πάντας
883 765 950 832 τῇ
996 762 1256 834 ἁρμονίᾳ,
1285 763 1379 817 καί
1428 781 1549 818 τινα
1581 765 1786 835 τρόπον

204 851 510 920 κατάληψιν
540 853 929 921 ἀκατάληπτον
988 855 1102 916 τοῖς
1161 855 1372 909 ἐκείνου
1400 855 1581 925 λόγοις
1614 873 1784 927 περι-

206 943 716 1014 νοείν.⁹Ρητορικῆς
738 943 785 996 δ’
821 944 970 1014 αὐτῷ
1001 944 1318 1009 διδάσκαλος
1350 939 1605 1009 Λιϐάνιος
1627 949 1789 1017 ἐχρη-

208 1034 403 1101 μάτισε
444 1049 460 1064 ·
491 1032 601 1085 τῶν
639 1032 694 1085 δὲ
720 1033 1024 1103 φιλοσόφων
1087 1035 1426 1106 μαθημάτων
1493 1036 1785 1108 ’Δνδραγά-

208 1121 319 1184 θιος
352 1121 725 1192 καθηγήσατο.
765 1124 901 1192 Περὶ
923 1123 980 1178 δὲ
1007 1123 1067 1177 τὸ
1093 1124 1246 1187 δίκας
1284 1124 1568 1196 ἀγορεύειν
1625 1126 1784 1192 δόξας

205 1211 348 1266 εἶναι
386 1230 469 1275 τις
515 1212 711 1281 δεξιὸς,
764 1216 856 1269 τὸν
905 1214 1143 1270 τοιοῦτον
1196 1216 1312 1286 βίον
1360 1218 1780 1288 μετεχειρίζετο.

206 1304 428 1356 Ἀδικον
447 1301 495 1357 δ’
514 1306 722 1357 ἐκεῖνον
740 1303 833 1357 τὸν
853 1303 967 1374 βίον
983 1305 1076 1357 καὶ
1101 1307 1374 1376 μοχθηρὸν
1405 1307 1779 1378 ἡγησάμενος,

200 1393 346 1461 ἐγνω
375 1394 492 1465 δέον
512 1396 609 1457 τάς
631 1395 785 1465 ίερὰς
814 1395 1079 1466 πρότερον
1102 1395 1322 1466 βίϐλους
1345 1399 1588 1469 ἀκριϐῶς
1610 1401 1783 1470 ἀσκῆ-

204 1503 319 1550 σαι,
344 1485 435 1539 τὸν
457 1484 681 1555 ἡσύχιόν
710 1502 769 1539 τε
819 1486 954 1556 βίον,
1005 1489 1099 1541 καὶ
1147 1488 1445 1559 φιλοσόφως
1494 1490 1594 1563 ζῇν
1640 1493 1782 1545 κατὰ

203 1577 293 1629 τὸν
323 1577 421 1646 τῆς
461 1575 784 1646 Ἐκκλησίας
811 1578 1033 1646 θεσμὸν,
1068 1579 1316 1651 ζηλώσας
1343 1583 1631 1655 Εὐάγριον.
1671 1588 1781 1640 Καὶ

201 1667 560 1731 διδασκάλους
597 1670 702 1721 κάν
766 1668 975 1732 τούτοις
1025 1670 1205 1741 ἔσχεν,
1253 1673 1304 1727 οῖ
1362 1674 1471 1728 τῶν
1519 1678 1775 1746 τηνικάδε

202 1759 554 1829 άσκητηρίων
585 1760 872 1828 ἐπισήμων
897 1739 1234 1832 προεστῶτες
1266 1760 1439 1836 ἦσαν*
1472 1739 1775 1837 Καρτέριόν
1806 1739 1849 1795 Β

201 1867 261 1902 τε
292 1850 392 1903 καὶ
417 1851 941 1922 Διόδωρον,ἐκεῖνον,
964 1854 1023 1907 δν
1048 1854 1471 1925 καθηγήσασθαι
1490 1857 1590 1927 τῆς
1624 1857 1771 1930 Ταρ-

205 1943 316 1993 σῶν
339 1941 629 2012 ἐκκλησίας
671 1943 975 2010 φθάσαντες
1015 1943 1385 2015 ἐδηλώσαμεν.
1435 1946 1546 2000 Καὶ
1577 1932 1781 2014 πολλὰς

207 2035 534 2106 συγγραφὰς
568 2036 716 2091 ίδίων
746 2038 947 2107 βίϐλων
972 2038 1129 2107 λόγος
1163 2039 1276 2110 ἔχει
1305 2042 1651 2106 καταλιπεῖν,
1676 2061 1777 2098 πε-

205 2130 264 2198 ρὶ
316 2129 376 2182 τὸ
416 2130 581 2200 ῥητὸν
638 2130 801 2200 μόνον
841 2130 1150 2199 γινόμενον,
1201 2130 1523 2186 ἐκκλίνοντα
1578 2135 1638 2187 τὸ
1678 2134 1780 2204 τῆς

201 2221 424 2290 γραφῆς
449 2220 795 2289 ἀναγωγικόν
825 2239 883 2275 τε
912 2224 1005 2277 καὶ
1065 2221 1399 2293 θεωρητικόν
1424 2239 1440 2255 ·
1479 2223 1506 2277 ὅ
1544 2226 1638 2278 καὶ
1683 2226 1777 2277 τὸν

199 2314 467 2383 φοιτητὴν
491 2314 857 2386 διαφερόντως
887 2315 1255 2386 μιμήσασθαι.
1299 2316 1519 2385 Ἐφοίτα
1543 2318 1598 2368 δὲ
1625 2334 1695 2369 πα
1709 2317 1779 2387 ρὰ

197 2408 417 2468 τούτοις
450 2406 701 2470 Ἰωάννης
734 2408 795 2461 ού
822 2409 1003 2477 μόνος,
1036 2409 1172 2462 ἀλλὰ
1198 2408 1429 2471 πολλοὺς
1454 2412 1549 2464 καὶ
1580 2411 1776 2473 ἄλλους

195 2500 455 2571 ἑταίρους
476 2499 624 2570 αὐτῷ
656 2500 1007 2563 καθεστῶτας
1057 2502 1121 2553 ἐκ
1176 2501 1276 2570 τῆς
1324 2502 1475 2571 παρὰ
1533 2501 1773 2571 Λιϐανίῳ

199 2590 494 2661 διατριϐῆς
526 2593 685 2661 ἔχων,
715 2590 992 2662 Θεόδωρόν
1018 2607 1079 2644 τε
1126 2592 1217 2644 καὶ
1271 2592 1525 2661 Μάξιμον
1556 2609 1572 2625 ο
1606 2586 1683 2645 ὧν
1747 2595 1775 2645 ό

203 2682 309 2750 μὲν
340 2682 567 2754 ὓστερον
594 2683 692 2753 τὴν
736 2682 1001 2750 Ἰσαύρων
1055 2681 1336 2750 ποιμαίνει
1383 2683 1725 2747 Σελεύκειαν,
1749 2686 1776 2738 ὁ

203 2774 265 2826 δέ
297 2774 578 2843 Θεόδωρος
612 2775 712 2841 τῆς
740 2772 882 2826 κατὰ
910 2772 1139 2835 Κίλικας
1163 2773 1538 2842 Μοψουεστίας
1568 2776 1777 2845 ἡγήσα-

201 2883 290 2919 το.
323 2865 433 2919 ἿΙν
467 2867 523 2919 δὲ
549 2867 577 2919 ὁ
609 2865 750 2935 ἀνὴρ
773 2866 884 2919 τῶν
904 2882 961 2916 τε
991 2865 1150 2918 θείων
1171 2865 1370 2935 βίϐλων
1391 2869 1483 2920 καὶ
1510 2868 1618 2919 τῶν
1645 2869 1776 2938 παρ’

200 2957 441 3028 Ἕλλησι
473 2958 837 3027 μαθημάτων,
869 2958 1161 3027 ῥητορείας
1201 2976 1260 3010 τε
1299 2960 1391 3011 καὶ
1435 2959 1773 3027 φιλοσοφίας,

1887 493 2201 548 incredibili
2226 495 2521 563 splendore
2549 493 2733 549 divina
2763 496 3011 565 quaedam
3035 496 3236 552 enituit
3259 498 3455 566 gratia,

1886 585 1964 639 ita
2003 595 2063 641 ut
2098 601 2162 642 ea
2206 587 2359 655 quasi
2400 587 2564 642 insita
2597 586 2834 656 quadam
2868 588 3156 661 tyrannide
3196 597 3252 642 et
3283 588 3459 643 domi-

1884 677 2110 737 natione
2138 676 2359 731 auditor
2391 677 2830 733 demulceretur.
2860 677 3118 733 Mediocri
3155 688 3337 734 autem
3371 678 3459 733 di-

1885 769 2045 823 cendi
2080 770 2306 839 generi,
2340 784 2595 823 arcanam
2628 769 3045 839 amplitudinem
3069 808 3083 832 ,
3113 780 3169 824 et
3203 786 3323 840 quae
3352 769 3457 824 sub

1884 860 2074 917 oculos
2103 877 2212 915 non
2255 860 2511 927 caderet,
2547 863 2656 916 vim
2688 852 2960 928 insei'uit,
2992 877 3305 932 novamque
3338 863 3456 917 elo-

1885 954 2129 1009 cntionis
2188 952 2477 1008 misturam
2545 953 3017 1024 contemperavit,
3072 953 3455 1023 frequentibus

1883 1053 2104 1099 scatens
2132 1043 2427 1099 sententiis
2457 1060 2472 1098 :
2517 1044 2658 1098 adeo
2691 1053 2752 1098 ut
2780 1059 2972 1099 omnes
3010 1044 3076 1098 ad
3110 1044 3453 1098 harmoniam

1884 1138 2428 1207 convenientemque
2460 1135 2732 1207 ejusmodi
2771 1145 3097 1191 concentum
3133 1145 3454 1190 consterna-

1883 1241 2117 1293 rentur,
2169 1237 2225 1284 et
2272 1225 2892 1298 incomprehensibilem
2946 1225 3443 1294 deprehensionem

1882 1337 2007 1377 cum
2038 1336 2301 1376 sensuum
2337 1320 2649 1390 privatione
2686 1319 2925 1373 orationi
2958 1318 3078 1388 ejus
3124 1316 3450 1371 tribuerent.

1880 1416 1940 1470 ln
1994 1414 2269 1470 rhetorica
2306 1423 2363 1468 et
2410 1412 2631 1469 dicendi
2678 1422 2795 1466 arte
2841 1420 3230 1481 praeceptorem
3263 1406 3456 1462 habuit

1880 1506 2170 1561 Libanium
2212 1523 2226 1559 :
2275 1507 2328 1559 in
2372 1504 2766 1575 philosophicis
2818 1516 2948 1557 vero
2993 1500 3300 1570 disciplinis
3344 1500 3456 1553 An-

1879 1597 2256 1667 dragathium.
2290 1596 2357 1651 Et
2399 1596 2545 1665 quod
2582 1597 2648 1649 ad
2681 1593 2947 1649 dicendas
2990 1594 3045 1649 in
3091 1595 3211 1649 foro
3257 1608 3471 1679 causas.

1878 1691 2165 1760 appositus
2214 1704 2336 1743 esse
2388 1688 2689 1749 videretur,
2736 1687 2860 1740 vita:
2911 1684 2967 1740 id
3015 1701 3186 1755 genus
3213 1692 3453 1740 sectatus

1881 1789 1986 1835 est.
2035 1779 2104 1834 At
2155 1778 2301 1832 enim
2354 1792 2478 1831 cum
2531 1776 2584 1830 id
2626 1776 2877 1845 iniquum
2924 1784 3089 1845 atque
3140 1775 3451 1846 improbum

1881 1885 2005 1926 csse
2038 1878 2278 1940 putaret,
2320 1868 2631 1924 iaciendum
2671 1867 2777 1922 sibi
2811 1881 2933 1921 esse
2965 1868 3197 1932 statuit,
3233 1876 3294 1921 ut
3340 1867 3453 1937 pri-

1881 1979 2031 2017 mum
2074 1959 2459 2031 diligentcrin
2499 1957 2676 2014 sacris
2713 1966 3031 2012 versaretur
3059 1957 3257 2011 libris:
3293 1965 3351 2011 et
3390 1954 3448 2010 in

1879 2056 1992 2109 vita
2060 2053 2397 2123 tranquilla,
2434 2124 2437 2127 _
2457 2052 2611 2119 juxta
2671 2049 2940 2105 Ecclesia:
3001 2047 3450 2111 constitutiones,

1880 2142 2262 2212 philosOphice
2310 2141 2547 2206 viveret,
2598 2139 2895 2209 Evagrium
2944 2138 3210 2193 imitatus.
3238 2136 3306 2192 lu
3342 2153 3452 2207 quo

1879 2236 2063 2289 studio
2092 2241 2463 2304 praeceptores
2495 2245 2592 2287 eos
2625 2230 2843 2297 habuit,
2883 2230 2978 2299 qui
3027 2239 3140 2284 tum
3173 2230 3451 2299 pneclaris

1880 2324 2229 2378 monasteriis
2275 2322 2617 2393 praefuerunt
2638 2359 2653 2384 ,
2685 2320 2995 2375 Carterium
3021 2358 3037 2384 ,
3068 2326 3125 2373 et
3152 2314 3451 2372 Diodorum

1878 2415 2055 2479 illum,
2083 2429 2244 2482 quem
2266 2413 2556 2466 ecclesiam
2582 2411 2909 2466 Tarsensem
2935 2410 3270 2478 gubernasse
3290 2417 3451 2461 antea

1877 2508 2137 2562 diximus.
2194 2504 2503 2573 Reliquisse
2553 2502 2717 2557 etiam
2772 2502 2819 2556 is
2865 2501 3066 2556 multos
3113 2500 3445 2570 scriptorum

1876 2614 2103 2654 suorum
2137 2597 2310 2651 libros
2342 2595 2571 2659 dicitur,
2601 2593 2657 2647 in
2688 2593 2893 2664 quibus
2924 2600 3131 2647 tantum
3166 2591 3218 2645 in
3248 2591 3448 2645 littera:

1878 2688 2052 2759 ipsius
2109 2684 2452 2756 expositione
2498 2678 2816 2753 occupatos
2872 2690 2992 2748 est,
3047 2680 3444 2735 abstrusiorem

1877 2779 2366 2847 sublimioremque
2400 2776 2703 2845 Scripturre
2740 2789 2963 2830 sensum
3007 2783 3063 2829 et
3109 2776 3447 2845 contempla-

1877 2875 2090 2929 tionum
2138 2870 2545 2939 speculationcs
2592 2867 3064 2942 declinans..Qua
3112 2867 3167 2921 iu
3211 2882 3271 2920 re
3317 2882 3444 2922 cum

1879 2968 2047 3022 etiam
2084 2966 2360 3034 praecipue
2388 2972 2474 3017 est
2508 2960 2814 3031 discipulus
2852 2959 3119 3014 imitatus.
3153 2959 3270 3013 Non
3299 2958 3447 3013 solus

201 3051 409 3114 ἱκανῶς
435 3052 697 3122 ἔμπειρος
719 3066 734 3082 ’
790 3049 927 3119 πρὸς
964 3050 1022 3104 ὃν
1061 3050 1360 3105 ἐκπεσόντα
1388 3053 1417 3104 ὁ
1454 3051 1598 3114 θεῖος
1630 3049 1776 3122 Χρυ-

1879 3070 2064 3113 autem
2120 3057 2411 3124 magistros
2462 3054 2563 3108 hos
2608 3052 2847 3106 Joannes
2897 3058 3141 3104 sectatus
3184 3057 3302 3115 est,
3350 3051 3444 3103 sed

207 3144 505 3212 σόστομος,
536 3144 599 3195 ού
623 3142 774 3212 μίαν,
805 3143 941 3196 ἀλλὰ
976 3147 1070 3196 καὶ
1122 3141 1381 3210 δευτέραν
1417 3142 1625 3211 πέμπει
1661 3146 1780 3196 ἐπι-

205 3231 430 3300 στολήν.
464 3230 575 3283 Καὶ
601 3230 709 3299 γὰρ
741 3229 901 3300 ἡνίκα
936 3231 1047 3292 τοῖς
1079 3229 1200 3280 καθ’
1250 3231 1398 3300 ἡμᾶς
1435 3230 1625 3299 νόμοις
1668 3231 1781 3284 ἐνέ-

204 3339 368 3392 τυχε,
430 3322 525 3375 καὶ
576 3324 687 3382 τοῖς
744 3320 911 3383 θείοις
976 3321 1233 3391 ἀνδράσιν
1288 3321 1553 3391 ὡμίλησε,
1601 3322 1780 3376 πάντα

206 3417 441 3485 ὓέμενος
466 3415 524 3467 ἐν
581 3412 839 3482 δευτέρῳ,
872 3412 965 3465 καὶ
1012 3414 1103 3465 τὸν
1135 3413 1354 3466 ἀστικὸν
1384 3414 1782 3483 παρωσάμενος

210 3508 463 3578 θόρυϐον,
499 3505 598 3575 τὴν
631 3503 909 3557 πολιτείαν
938 3504 1155 3575 ἐκείνην
1186 3506 1399 3578 ἐπῄνει,
1432 3508 1523 3559 καὶ
1547 3508 1637 3559 τὸν
1663 3507 1780 3575 βίον

213 3603 355 3671 πρὸς
389 3599 733 3669 τὴνέκείνων
762 3599 985 3666 ἀγωγὴν
1042 3599 1501 3671 μετερῥύθμιζεν.
1555 3602 1629 3653 Οὐ
1672 3603 1779 3671 μήν

210 3710 276 3759 γε
341 3690 668 3758 διαρκέσας,
732 3686 903 3751 οὕτως
973 3686 1128 3759 ὤφθη
1190 3688 1504 3758 προθυμίας
1588 3693 1779 3761 ἔχων.

212 3781 520 3851 μετάμελος
566 3781 610 3833 δ’
661 3774 775 3833 οἷον
820 3780 1140 3849 γενόμενος,
1186 3782 1324 3850 πρὸς
1379 3784 1469 3834 τὸν
1515 3785 1780 3853 πρότερον

208 3876 545 3943 κατεσύρετο
575 3875 712 3944 βίον.
775 3875 1062 3936 Ἐναντίως
1099 3875 1155 3926 δὲ
1208 3874 1479 3937 διατεθεὶς
1536 3879 1671 3945 προς
1720 3875 1781 3928 τὸ

210 3967 673 4036 σπουδαζόμενον,
700 3967 760 4020 τὸ
782 3967 1096 4035 φιλοσοφεῖν
1118 3964 1259 4018 οὕτω
1278 3966 1617 4030 καταλιπὼν,
1643 3968 1780 4038 πρὸς

205 4058 308 4128 τὴν
326 4059 483 4110 πόλιν
514 4056 813 4126 ἐπανῆλθεν
842 4052 1019 4121 αὖθις,
1047 4055 1267 4124 ἄμεινον
1298 4055 1657 4126 λογισάμενος
1688 4076 1782 4112 τυ-

208 4153 327 4219 χεῖν
346 4150 443 4218 τῆς
478 4149 737 4216 ἐφέσεως.
762 4147 828 4200 "U
865 4146 1052 4216 μαθὼν
1080 4146 1354 4214 Ἰωάννης,
1372 4149 1429 4201 ἐν
1460 4151 1776 4218 πράγμασιν

168 4246 179 4255 ’
207 4240 372 4292 αὑτὸν
388 4237 690 4308 ὀλισθῆσαι.
710 4235 802 4289 καὶ
821 4236 949 4304 περι⁹
965 4236 1177 4305 γάμους
1198 4237 1469 4302 σπεύδειν,
1494 4238 1781 4308 ἐπιστολὴν

205 4331 436 4392 διαθεὶς.
469 4329 667 4397 φράσει
689 4330 783 4380 καὶ
819 4326 1053 4396 νοήμασι
1081 4327 1386 4396 κρείττοσιν
1418 4328 1451 4400 ῆ
1479 4332 1621 4384 κατὰ
1656 4332 1779 4383 νοῦν

1882 3149 2069 3221 plures
2112 3147 2281 3200 etiam
2329 3144 2468 3198 alios
2517 3142 2827 3198 studiorum
2877 3140 3061 3195 socios
3112 3155 3177 3195 ex
3232 3138 3444 3194 Libanii

1882 3240 2071 3297 schola
2100 3238 2184 3301 ού,
2202 3251 2300 3291 eos
2333 3235 2597 3299 adduxit;
2647 3233 2700 3288 in
2732 3233 2926 3303 primis
2966 3243 3147 3287 autem
3192 3231 3447 3287 Theodo-

1884 3343 2042 3392 rum,
2095 3339 2151 3380 et
2205 3325 2531 3389 Maximum;
2584 3338 2820 3393 quorum
2874 3322 2977 3377 iste
3027 3334 3213 3392 postea
3262 3334 3446 3391 pastor

1883 3417 2150 3473 Seleuciae
2183 3415 2517 3477 Isaurorum,
2557 3414 2647 3469 ille
2679 3429 2810 3468 vero
2840 3413 3183 3483 Mopsuestia:
3213 3414 3439 3469 Cilicum

1882 3512 2174 3579 cpiscopus
2197 3509 2374 3562 factus
2400 3515 2507 3561 est.
2539 3505 2701 3577 347
2739 3506 3065 3561 Theodorus
3102 3519 3282 3559 autem
3315 3507 3439 3568 iste,

1882 3603 1969 3658 vir
1995 3603 2099 3657 fuit
2148 3601 2457 3656 divinarum
2491 3600 2797 3654 litterarum
2829 3599 3247 3668 Graecarumque
3276 3599 3444 3653 disci-

1882 3698 2177 3767 plinarum,
2204 3710 2419 3750 necnon
2449 3694 2583 3763 artis
2608 3691 2861 3748 oratoriae
2889 3700 3055 3761 atque
3085 3691 3443 3762 philosophia:

1880 3787 2097 3857 egregie
2128 3786 2359 3856 peritus.
2394 3785 2477 3839 Ad
2505 3799 2692 3855 quem,
2720 3796 2847 3838 cum
2880 3798 2910 3838 a
2941 3782 3139 3837 studiis
3179 3784 3445 3853 religiosa;

1880 3878 2008 3930 vita:
2039 3875 2399 3939 descivisset,
2438 3873 2602 3929 divus
2627 3871 3060 3943 ,Chrysostomus
3090 3887 3251 3925 unam
3279 3880 3446 3940 atque

1881 3969 2107 4022 alteram
2156 3965 2309 4021 dedit
2357 3965 2669 4035 epistolam.
2721 3962 2858 4018 Cum
2908 3977 3145 4031 namque
3199 3963 3246 4016 is
3294 3962 3442 4031 leges

1879 4061 2201 4129 litterasque
2253 4065 2471 4113 nostras
2520 4057 2763 4128 legisset,
2810 4063 2868 4110 et
2918 4070 2978 4111 se
3018 4055 3073 4109 in
3126 4052 3438 4108 divinorum

1885 4153 2129 4206 virorum
2158 4150 2578 4205 familiaritatem
2606 4148 2964 4212 insinuasset,
2993 4146 3250 4203 omnibus
3279 4147 3441 4200 rebus

1881 4243 2231 4315 posthabitis,
2262 4251 2318 4297 et
2347 4241 2570 4297 urbanae
2599 4244 2725 4295 vita:
2755 4241 2994 4296 tumultu
3024 4241 3251 4311 rejecto,
3281 4241 3439 4297 insti-

1883 4344 2058 4389 tutum
2088 4331 2143 4387 id
2172 4331 2439 4396 laudavit,
2467 4340 2522 4385 et
2546 4332 2711 4384 vitam
2740 4344 2893 4383 suam
2920 4330 3229 4389 ad.illorum
3263 4346 3443 4386 mores

206 4421 498 4491 ἀνθρώπου
531 4419 1018 4488 διεσκευασμένην,
1072 4418 1207 4490 πρὸς
1256 4421 1415 4472 αὐτὸν
1469 4421 1775 4490 ἐκπέμπει.

1880 4426 2209 4496 composuit.
2255 4424 2524 4480 Caeterum
2573 4423 2911 4479 alacritatem
2959 4439 3078 4477 eam
3127 4437 3439 4480 constanter

213 4518 444 4569 Ἔπειτα
474 4514 568 4566 καὶ
589 4512 753 4581 ἄλλην
774 4514 1132 4582 συνέγραφεν.
1155 4506 1253 4574 AT;
1289 4512 1527 4582 ἐντυχὼν
1549 4517 1773 4578 ἐκεῖνος.

206 4608 311 4677 τῆς
344 4606 619 4676 προτέρας
652 4604 866 4673 ἐγένετο
906 4603 1132 4673 ἀγωγῆς
1166 4619 1179 4633 ·
1206 4607 1305 4672 τήν
1345 4621 1404 4657 τε
1454 4606 1561 4676 γὰρ
1590 4606 1777 4659 οὐσίαν

207 4698 392 4765 ἀφεῖς,
423 4693 520 4746 καὶ
545 4694 664 4754 ταῖς
689 4693 817 4760 περὶ
873 4692 1051 4759 γάμον
1092 4692 1371 4762 ἀσχολίαις
1431 4694 1777 4763 ἀποταξάμε-

205 4803 320 4849 νος.
354 4784 488 4854 πρὸς
525 4785 615 4835 τὸν
662 4783 949 4850 φιλόσοφον
992 4783 1318 4852 ἐπανέτρεχε
1352 4784 1485 4854 βίον,
1524 4789 1643 4846 ταῖς
1676 4803 1773 4837 κα-

204 4879 330 4938 λαῖς
359 4876 711 4944 εἰσηγήσεσιν
756 4874 1004 4926 Ἰωάννου
1058 4871 1479 4942 διασωζὸμενος.
1514 4873 1777 4941 Συνάγειν

203 4969 304 5022 οὖν
327 4967 468 5030 δέον,
504 4968 602 5036 ὅση
626 4983 709 5028 τις
757 4963 978 5034 ἐπήνθει
1041 4965 1302 5034 δεινότης,
1352 4966 1453 5036 ὅση
1510 4983 1570 5019 τε
1617 4967 1776 5038 χάρις

203 5060 323 5119 τοῖς
360 5057 609 5109 Ἰωάννου
644 5054 948 5123 ἐπεκάθητο
972 5055 1172 5125 χείλεσι
1191 5072 1206 5086 ο
1239 5055 1411 5124 ταύτη
1439 5055 1548 5125 γὰρ
1576 5056 1774 5124 μᾶλλον

204 5147 459 5216 ἐκράτει,
490 5150 583 5199 καὶ
619 5148 724 5198 τῶν
756 5147 955 5215 ἐπίσης
1007 5145 1155 5216 αὐτῷ
1194 5149 1404 5200 πείθειν
1440 5165 1501 5200 τε
1533 5149 1649 5218 ἅμα
1685 5150 1777 5201 καὶ

201 5242 394 5307 λέγειν
447 5241 583 5307 πρὸς
644 5238 824 5306 ἰσχύος
878 5237 1135 5308 ἐχόντων.
1190 5236 1496 5291 Κὰντεῦθεν
1560 5241 1651 5293 καὶ
1707 5242 1776 5293 τὰ

202 5331 390 5401 πλήθη
421 5331 622 5399 μᾶλλον
666 5330 802 5396 πρὸς
841 5329 1032 5381 ἐαυτὸν
1083 5329 1361 5381 ἐπεσπᾶτο
1395 5345 1407 5359 ’
1458 5332 1551 5381 καὶ
1606 5331 1666 5383 τὸ
1713 5330 1776 5397 δὴ

198 5421 396 5484 π’έον,
428 5420 507 5473 ὅτι
539 5422 633 5473 καὶ
654 5422 777 5481 τοὺς
822 5420 1234 5489 ἁμαρτάνοντας
1266 5418 1555 5489 διελέγχων
1581 5416 1649 5491 ἦν
1689 5420 1775 5474 ἐπ’

197 5511 505 5580 ἐκκλησίας
529 5527 545 5542 ο
578 5512 689 5572 τοῖς
709 5527 764 5562 τε
806 5507 1080 5562 ἀδικοῦσιν
1121 5509 1396 5574 ἐπέκειτο,
1451 5512 1775 5577 ἀγανακτῶν

198 5607 283 5665 ὡς
311 5604 365 5655 εί
396 5619 501 5669 περ
535 5603 694 5664 αὐτὸς
741 5602 1414 5672 ἠδικημένοςθέτύγχανεν
1453 5620 1465 5633 ·
1513 5602 1541 5655 ὃ
1566 5602 1631 5673 δὴ
1682 5605 1775 5655 καὶ

198 5695 286 5766 τῷ
310 5696 412 5765 μὲν
442 5695 629 5767 πλήθει
672 5696 860 5765 χάριεν
890 5690 978 5767 ἦν,
1005 5695 1114 5756 τοῖς
1147 5709 1208 5761 γε
1262 5693 1369 5766 μὴν
1400 5695 1625 5765 ἄρχουσι
1679 5697 1774 5749 καὶ

1879 4534 1989 4574 non
2034 4518 2307 4573 retinuit:
2367 4516 2464 4572 sed
2517 4516 2684 4570 veluti
2731 4515 3053 4586 poenitentia
3102 4516 3322 4582 ductus,
3371 4517 3438 4570 ad

1879 4610 2117 4680 priorem
2151 4607 2317 4663 rediit
2361 4608 2553 4661 vitam.
2599 4606 2663 4659 Et
2705 4620 2829 4659 cum
2867 4604 3139 4658 diversam
3170 4607 3238 4657 de
3284 4621 3440 4657 sacro

1877 4701 2063 4756 studio
2103 4699 2447 4769 concepisset
2487 4697 2817 4751 sententiam
2841 4734 2856 4759 ,
2898 4694 2950 4747 id
2983 4709 3155 4763 genus
3200 4695 3439 4763 philoso-

1875 4793 2019 4862 pliim
2071 4792 2329 4860 reliquit,
2354 4799 2411 4843 et
2452 4788 2506 4841 in
2545 4788 2733 4841 urbem
2768 4795 2852 4841 est
2900 4799 3192 4840 reversus:
3240 4782 3440 4839 inclitis

1878 4901 1937 4940 se
1995 4885 2065 4937 ita
2121 4882 2173 4936 id
2228 4880 2372 4950 quod
2427 4886 2731 4947 expeteret,
2785 4886 3211 4930 consecuturum
3260 4886 3434 4930 ralus.

1876 4974 2031 5042 Quod
2073 4973 2164 5026 ubi
2193 4971 2431 5026 Joannes
2459 4965 2751 5037 cognovit,
2793 4965 2859 5019 ad
2894 4981 2980 5019 res
3010 4966 3222 5021 scilicet
3248 4967 3438 5021 civiles

1877 5066 2030 5120 illum
2080 5078 2202 5118 esse
2257 5061 2573 5129 relapsum,
2626 5066 2682 5112 et
2740 5058 2987 5111 animum
3060 5058 3128 5111 ad
3213 5059 3436 5127 nuptias
3496 5070 3506 5080 '

1876 5156 2174 5226 adiecisse,
2214 5153 2502 5223 epistolam
2533 5149 2599 5204 ad
2630 5164 2756 5203 eum
2787 5148 2958 5214 dedit,
2994 5150 3177 5203 verbis
3217 5159 3269 5203 et
3305 5165 3432 5203 scn-

1876 5248 2064 5304 tentiis
2092 5245 2478 5301 selectioribus
2503 5258 2668 5313 supra
2702 5242 2957 5296 humana:
2988 5242 3188 5296 mentis
3216 5253 3432 5310 captum

1877 5337 2258 5406 compositam.
2304 5333 2540 5401 Scripsit
2581 5331 2781 5386 deinde
2814 5334 2883 5385 ad
2922 5331 3174 5386 eumdem
3216 5345 3434 5398 quoque

1874 5431 2124 5483 alterum.
2178 5426 2325 5493 Quas
2379 5424 2467 5479 ille
2521 5439 2647 5479 cum
2703 5422 2942 5492 legisset,
3001 5423 3066 5475 ad
3118 5423 3240 5475 vita:
3288 5421 3432 5490 quod

1874 5531 2029 5575 antea
2064 5528 2309 5589 ceperat,
2338 5517 2647 5571 institutum
2681 5529 2738 5568 se
2766 5530 2981 5568 rursum
3012 5514 3263 5568 contulit.
3295 5512 3434 5567 Sub.

1874 5607 2074 5659 stantia
2113 5605 2260 5660 enim
2293 5618 2391 5657 sua
2422 5604 2608 5657 relicta
2635 5644 2649 5668 ,
2685 5611 2739 5656 ct
2780 5603 3094 5671 nuptiarum
3142 5601 3431 5656 ambitioni

1874 5698 2064 5750 nuntio
2098 5696 2360 5762 remisso,
2396 5695 2463 5749 ad
2499 5694 2931 5765 philosopliicam
2974 5695 3207 5750 recurrit
3241 5696 3429 5761 vitam,
