3898 6192
282 270 391 335 933

1204 273 1810 340 ΕσαιΕεΙΑδΤιοιΕ
1839 278 2232 344 HISTORIA!
2273 285 2416 351 LIB.
2470 286 2646 352 Χῐῐι.

3424 308 3529 373 9M

283 388 487 443 αὐτίκα
540 386 817 456 γενέσθαι,
854 389 888 460 ἢ
936 387 1156 460 ἕτοιμον
1206 392 1344 463 πρὸς
1405 394 1704 463 ἀπολογίαν
1750 397 1853 461 τοῖς

1965 396 2209 455 Isidorus
2238 401 2342 456 sibi
2370 419 2436 457 ne
2458 405 2588 473 quid
2623 404 2748 459 mali
2777 414 3059 473 pateretur
3084 410 3304 477 timens,
3342 418 3525 471 statim
3572 473 3583 480 ,

282 479 580 547 ἐγκαλοῦσι
614 479 863 547 γίνεσθαι
893 497 908 514 ο
942 481 1135 550 ἔτυχον
1183 484 1292 553 γὰρ
1345 484 1532 538 πολλοὶ
1590 487 1857 557 παρόντες

281 571 499 624 ἐκεῖθεν
563 570 747 641 βιϐλία
795 570 921 625 κατ’
979 572 1145 626 αὑτοῦ
1209 574 1323 637 τοῖς
1384 576 1702 630 συνελθοῦσι
1746 577 1857 631 τῶν

284 662 605 717 ἐπισκόπων
654 662 1012 731 παρέχοντες,
1044 662 1203 727 ἄλλος
1236 664 1375 719 ἄλλα
1440 667 1853 738 ὲπαιτιὼμενοι,

280 753 378 807 καὶ
411 754 749 825 παρανόμων
779 755 989 807 ἐκεῖνον
1036 757 1398 827 γραφόμενοι.
1437 758 1624 814 Ταῦτα
1673 760 1856 824 δείσας

280 844 562 909 Θεόφιλος,
596 845 657 896 ού
682 845 847 913 μόνον
899 845 1212 915 σύμψηφος,
1235 848 1371 902 ἀλλὰ
1404 849 1500 903 καὶ
1552 842 1883 922 χειροτονηέ

281 937 381 1006 τὴς
422 938 674 991 Ἰωάννου
730 938 1049 994 καθίστατο.
1114 941 1493 1010 Ἀναγνὼστην
1552 941 1608 995 δὲ
1669 943 1858 996 τοῦτον

285 1028 481 1090 ἐποίει,
512 1027 586 1090 ὥς
610 1045 745 1097 φησι
774 1014 1076 1099 Σωκράτης
1108 1032 1135 1082 ὀ
1165 1032 1640 1100 ὲκκλησιαστικδς,
1669 1037 1858 1105 Ζήνων

280 1121 309 1174 δ
338 1120 639 1183 ἐπίσκοπος
669 1121 868 1189 Γάζης,
926 1124 1101 1175 εῖτουν
1136 1124 1421 1194 Μαιοῦμα,
1452 1126 1508 1191 ἐξ
1563 1128 1857 1197 Ἱεροσολύ-

286 1224 402 1275 μων
431 1208 809 1277 ὑποστρέφων.
848 1209 1107 1277 Συνδιῆγε
1137 1210 1196 1262 δὲ
1236 1212 1555 1279 τηνικαῦτα,
1592 1213 1667 1276 ὡς
1714 1213 1857 1268 ιστο-

284 1302 369 1367 ρεί
390 1300 594 1361 οὑτοσὶ,
634 1299 918 1368 Βασιλείῳ,
948 1300 1028 1369 τῷ
1094 1301 1258 1354 πάλαι
1307 1304 1404 1369 μὲν
1460 1303 1694 1374 διακόνῳ
1751 1305 1857 1358 ὑπὸ

281 1389 550 1443 Μελετίου
576 1391 948 1460 γεγενημένῳ,
979 1395 1038 1454 ἐς
1064 1391 1293 1461 ὕστερον
1323 1393 1380 1447 δὲ
1419 1395 1519 1463 τῆς
1559 1397 1857 1450 Καππαδοο

282 1483 396 1535 κῶν
428 1481 768 1550 Καισαρείας
798 1483 1161 1553 ἡγησαμένῳ.
1202 1484 1268 1537 Ὃ
1327 1488 1680 1541 παντάπασιν
1715 1490 1854 1543 ἀπο-

279 1573 545 1643 τρέπεται
577 1570 805 1643 Συμεὼν
852 1576 880 1626 δ
925 1576 1017 1628 τὶν
1079 1574 1194 1644 βίον
1247 1578 1707 1646 συγγραψάμενος
1758 1581 1855 1635 τοῦ

282 1661 433 1735 ίεροῦ
466 1664 856 1735 Χρυσοστὸμου
888 1680 903 1696 ⁶
937 1665 998 1729 ὃς
1018 1665 1081 1736 δὴ
1114 1668 1208 1720 καὶ
1242 1667 1348 1720 ὑπὸ
1379 1668 1679 1723 Φλαδιανοῢ
1708 1673 1857 1739 γενέ-

281 1763 405 1810 σθαι
452 1757 823 1828 πρεσϐύτερον
864 1760 1066 1829 ἱστορεῖ
1114 1759 1203 1812 καὶ
1260 1759 1512 1813 διάκονον
1547 1776 1563 1793 ο
1605 1762 1694 1815 ὅτε
1762 1767 1855 1817 καὶ

281 1850 614 1921 περιστερὰν
666 1848 819 1904 θείαν
848 1851 1299 1904 ὲπικαταπτᾶσαν
1353 1855 1419 1923 τῇ
1467 1853 1678 1906 ἐκείνου
1733 1856 1854 1926 ἱερᾷ

280 1941 493 2009 κορυφῇ
557 1939 831 2008 ὲφιζῆσαι.
890 1940 1190 2010 Σωκράτης
1255 1940 1350 2005 δὲ,
1406 1941 1513 1997 ὑπὸ
1581 1945 1852 2016 Εύαγρίου

277 2028 468 2080 τοῦτον
496 2027 647 2095 λέγει
684 2028 780 2081 τοῦ
832 2028 1262 2099 πρεσϐυτερείου
1303 2030 1604 2101 ἀξιωθῆναι
1642 2048 1656 2065 ·
1715 2036 1854 2104 μετὰ

277 2123 386 2191 γὰρ
421 2122 681 2193 τελευτὴν
711 2122 976 2177 Μελετίου
1010 2125 1366 2194 ἀναχωρῆσαι
1410 2127 1511 2196 μὲν
1559 2129 1670 2182 τῶν
1711 2130 1854 2184 ὲκεί-

274 2229 371 2264 νου
400 2213 494 2266 τὸν
539 2215 792 2283 Ἰιιιάννην
834 2217 1045 2285 φησιν·
1100 2216 1159 2270 ιν
1209 2217 1412 2289 ἡσυχίᾳ
1459 2220 1505 2272 δ’
1553 2221 1645 2273 ἐπὶ
1702 2224 1852 2292 τρεῖς

273 2305 817 2372 διάγεινὲνιαυτοὺς,
851 2307 988 2378 μήτε
1041 2308 1152 2371 τοῖς
1205 2311 1476 2382 Μελετίῳ,
1540 2315 1680 2383 μήτε
1740 2317 1851 2381 τοῖς

275 2396 532 2467 Παυλίνῳ
554 2400 975 2468 προσκειμένοις
1025 2403 1496 2470 συγκοινωνοῦντα
1526 2420 1543 2437 ο
1579 2407 1637 2469 ὲς
1699 2405 1854 2460 ὕστε-

278 2506 375 2559 ρον
395 2492 452 2543 δὲ
514 2491 618 2544 ὑπὸ
678 2492 969 2564 Εὐαγρίου,
1021 2494 1081 2557 ὃς
1138 2494 1231 2549 τοῦ
1290 2497 1553 2550 Παυλίνου
1608 2499 1853 2568 διάδοχος

275 2584 622 2651 ἐχρημάτισε
653 2624 667 2647 ,
711 2583 812 2654 τὴν
864 2587 1168 2655 ἱερωσύνην
1214 2587 1420 2640 λαϐεῖν.
1486 2588 1575 2641 Ἐν
1626 2588 1704 2660 τῷ
1755 2591 1850 2643 τοῦ

212 2686 221 2692 ”
274 2673 628 2742 ἀναγνώστου
683 2679 868 2731 τοίνυν
915 2679 1112 2750 βαθμῷ
1159 2680 1483 2745 καθεστὼς,
1527 2683 1656 2746 τοὺς
1710 2683 1851 2736 κατὰ

286 2766 564 2820 Ἰουδαίων
584 2766 774 2835 λόγους
813 2771 1114 2823 συντάττει.
1147 2772 1405 2824 Διακόνου
1439 2773 1493 2825 δὲ
1514 2774 1850 2842 χειροτονίαν

270 2855 595 2925 δεξάμενος,
621 2861 748 2922 τοὺς
779 2860 907 2929 περὶ
937 2861 1240 2930 ἱερωσύνης
1304 2862 1400 2914 καὶ
1441 2863 1573 2933 πρὸς
1623 2865 1851 2932 Σταγεί-

277 2966 420 3017 ριον,
449 2950 533 3003 ἔτι
554 2950 608 3003 δὲ
631 2952 724 3005 καὶ
743 2951 868 3015 τοὺς
895 2954 1033 3021 Περὶ
1066 2953 1495 3021 ἀκαταλήπτου
1520 2959 1845 3030 συγγράφει,

1959 488 2348 546 Alexandriam
2390 492 2650 564 profugit.
2688 495 2926 551 Proinde
2962 498 3112 566 quod
3142 500 3294 555 illum
3335 502 3531 560 ﬁdissi-

1957 594 2110 635 mum
2140 581 2243 638 sibi
2292 583 2661 654 cognovisset,
2706 603 2938 656 pensare
2988 597 3105 644 tum
3157 593 3303 660 quod
3341 611 3439 665 pro
3471 614 3531 651 se

1959 671 2170 727 adierat
2202 675 2507 743 periculum
2531 717 2545 740 ,
2581 679 2755 747 gratia
2793 679 2974 748 aliqua
3011 681 3289 750 cogitabat
3318 686 3530 740 studio-

1958 777 2066 832 que
2094 770 2245 817 tanto
2279 779 2378 833 pro
2406 781 2474 821 eo
2503 767 2806 823 laborabat.
2839 769 3004 841 349
3030 770 3158 826 Sive
3189 784 3371 828 autem
3401 791 3522 829 eam

1959 852 2030 907 ob
2058 866 2303 920 causam,
2351 865 2409 909 ut
2457 855 2680 921 dicitur,
2716 859 2819 913 hoc
2858 861 3071 927 fecerit,
3111 877 3208 917 seu
3244 866 3388 932 quod
3433 860 3522 919 Dei

1959 952 2232 1001 amantem
2278 947 2455 999 virum
2507 946 2573 1001 ad
2625 951 2999 1018 episcopatum
3046 964 3296 1008 evectum
3345 956 3523 1010 Theo-
3571 993 3576 997 -

1958 1034 2145 1102 philus
2172 1035 2424 1094 voluerit,
2455 1048 2736 1104 postremo
2765 1051 2817 1091 et
2845 1039 2963 1109 ipse
2993 1042 3326 1098 ordinationi
3357 1045 3523 1099 Joan-

1959 1122 2045 1174 nis
2109 1124 2376 1177 calculmn
2432 1126 2665 1195 adjecit,
2730 1132 3171 1201 sententiamque
3225 1135 3525 1204 imperialis

1957 1213 2093 1266 aulre
2133 1215 2489 1283 approbavit,
2523 1233 2643 1285 qum
2678 1220 3082 1277 ordinationem
3108 1223 3338 1279 Joannis
3368 1228 3521 1281 obti-

1958 1318 2091 1356 nere
2125 1305 2414 1359 manifeste
2445 1307 2676 1365 studuit.
2710 1310 2989 1366 Metuebat
3031 1329 3161 1368 vero
3194 1316 3521 1384 Eutropinm

1958 1396 2341 1464 praepositum.
2389 1398 2481 1466 qui
2520 1399 3118 1468 imperatorisgdibus
3165 1415 3218 1460 et
3268 1409 3523 1462 cubiculo

1960 1492 2073 1539 tum
2115 1487 2352 1554 praefuit.
2400 1488 2602 1558 Aperte
2632 1493 2777 1547 enim
2823 1494 2868 1549 is
2899 1496 2975 1550 illi
3023 1498 3391 1555 minabundus
3426 1502 3526 1556 ἀρα

1958 1578 2273 1643 nuntiarat,
2317 1589 2378 1634 ut
2425 1581 2510 1635 vel
2541 1583 2663 1637 aliis
2706 1585 2823 1654 ipse
2861 1602 3078 1656 quoque
3110 1589 3373 1660 sull'ragio
3421 1607 3521 1647 suo

1951 1667 2336 1730 consentiret,
2390 1670 2473 1723 vel
2521 1684 2582 1725 se
2627 1673 2693 1725 ad
2740 1674 3027 1731 dicendam
3070 1693 3290 1733 causam
3333 1693 3521 1738 contra

1958 1764 2313 1812 accusatores
2342 1774 2475 1814 suos
2505 1773 2739 1829 pararet.
2774 1764 2925 1820 Multi
2956 1770 3100 1823 enim
3135 1780 3247 1825 tum
3286 1772 3359 1826 ibi
3392 1776 3522 1829 ade-

1957 1855 2103 1911 rant,
2131 1848 2223 1915 qui
2252 1863 2317 1901 ex
2347 1849 2674 1906 Alexandria
2702 1866 2987 1922 venerant,
3015 1860 3231 1916 libellos
3255 1864 3520 1918 adversus

1955 1951 2106 2001 eum,
2137 1939 2229 2008 qui
2254 1940 2432 1994 coacti
2465 1940 2713 2007 fuerant,
2749 1947 3026 2017 episcopis
3055 1951 3389 2008 oﬂ‘erentes:
3423 1955 3517 2009 alii

1954 2028 2060 2083 alia
2104 2030 2336 2085 crimina
2363 2031 2417 2086 ei
2460 2032 2784 2103 objicientes
2806 2080 2820 2102 ,
2853 2048 2908 2093 et
2938 2040 3152 2097 divinas
3185 2045 3522 2102 ecclesiasti-

1954 2131 2155 2189 casque
2181 2121 2329 2192 leges
2375 2138 2504 2180 eum
2551 2127 2783 2184 violasse
2825 2132 3171 2190 accusantes.
3216 2135 3341 2194 Haec
3386 2152 3521 2194 vero

1954 2210 2294 2281 Theophilus
2326 2214 2527 2274 timens
2547 2256 2563 2284 ,
2594 2234 2705 2275 non
2745 2221 2922 2277 solum
2952 2223 3148 2281 Joanni
3185 2228 3518 2300 suffragatus

1953 2313 2056 2369 est,
2092 2306 2187 2360 sed
2234 2309 2491 2362 eumdem
2534 2311 2699 2366 etiam
2748 2328 2847 2383 per
2873 2331 3070 2373 manus
3114 2319 3517 2386 impositioncm

1952 2399 2313 2453 consecravit.
2367 2399 2653 2458 Lectorem
2697 2418 2859 2473 eum,
2904 2410 3369 2477 quemadmodum
3420 2414 3520 2470 So-

1952 2497 2133 2544 crates
2182 2492 2588 2550 ecclesiasticus
2639 2497 2878 2566 scriptor
2906 2499 3062 2562 dicit.
3112 2505 3318 2560 creavit
3368 2507 3518 2562 Zeno

1952 2577 2109 2634 Gaza:
2139 2583 2253 2636 sive
2288 2583 2535 2653 Majuma:
2561 2586 2872 2658 episcopus,
2908 2591 3300 2667 Hierosolymis
3334 2614 3521 2655 rever-

1953 2678 2095 2725 tens.
2137 2672 2286 2727 Vixit
2310 2675 2388 2742 tl)
2424 2687 2609 2733 autem
2642 2687 2756 2735 tum
2788 2681 3027 2747 diutius,
3061 2685 3223 2741 sicuti
3254 2688 3396 2744 idem
3429 2700 3517 2751 tc-

1951 2769 2162 2825 statur,
2192 2777 2314 2818 cum
2349 2764 2582 2833 Basilio;
2613 2770 2708 2840 qui
2752 2770 2960 2827 dudum
2989 2776 3208 2844 quidem
3236 2793 3266 2832 a
3300 2779 3518 2835 Meletio

1952 2851 2008 2904 in
2034 2852 2391 2910 diaconorum
2423 2859 2673 2915 ordinem
2704 2861 2880 2919 lectus
2929 2865 3128 2932 fuerat,
3160 2879 3348 2937 postea
3382 2886 3515 2926 vero
3548 2856 3551 2863 ’

1951 2944 2194 2998 ecclesi:e
2257 2945 2577 3003 Ca-sariensi
2646 2952 2792 3021 apud
2861 2954 3213 3024 Cappadoces
3274 2961 3512 3030 prmfuit.

271 3043 378 3093 καὶ
432 3042 559 3104 τοὺς
610 3041 754 3111 Περὶ
805 3042 924 3097 τῶν
973 3044 1395 3099 συνεισάκτων
1435 3047 1758 3117 Ίερωσύνης
1808 3048 1852 3102 δ’

1954 3031 2108 3099 Quod
2140 3040 2364 3093 omnino
2418 3041 2593 3111 reiicit
2642 3044 2900 3114 Symeou,
2946 3051 3037 3117 qui
3084 3054 3227 3107 sacri
3276 3054 3513 3126 Chryso-

274 3132 558 3196 ἀξιωθεὶς,
612 3136 712 3195 τὰς
769 3134 882 3186 τῶν
935 3132 1096 3188 θείων
1142 3136 1488 3204 Εὐαγγελίων
1539 3138 1849 3208 ἐξηγήσεις,

278 3226 408 3286 τούς
423 3242 482 3277 τε
524 3225 934 3294 Ἀνδριάντας.
963 3228 1059 3281 καὶ
1095 3228 1195 3299 τὴν
1220 3230 1627 3298 Παραμιιθιάν,
1653 3232 1746 3283 καὶ
1784 3231 1851 3285 τὰ

272 3318 361 3377 εἰς
388 3316 485 3368 τὸν
523 3315 831 3385 Ψωτῆρα,
858 3320 953 3371 καὶ
1008 3318 1134 3382 τοὺς
1180 3321 1321 3388 Περὶ
1372 3322 1697 3388 παρθενίας
1749 3322 1851 3375 καὶ

270 3406 724 3475 ἐλεημοσύνης,
778 3408 873 3462 καὶ
924 3409 1117 3472 ἄλλους
1147 3412 1406 3485 ἀπείρους
1447 3414 1713 3482 ἐκτίθησι,
1743 3414 1850 3467 Τὸν

270 3497 335 3549 δὲ
357 3498 498 3550 θεῖον
529 3498 875 3564 Ἀπόστολον,
929 3504 1023 3554 καὶ
1074 3502 1243 3556 αὐτοῦ
1301 3504 1512 3557 ἐκείνου
1570 3505 1850 3574 μυστικῶς

268 3583 593 3651 ὁμιλοῦντος
624 3587 928 3639 συντάττει.
973 3584 1135 3639 Ἀλλὰ
1172 3587 1238 3657 δὴ
1262 3588 1359 3640 καὶ
1388 3589 1485 3650 τὰς
1519 3588 1668 3659 ιερὰς
1703 3590 1850 3659 Πρά-

275 3671 417 3735 ξεις,
446 3673 542 3724 καὶ
557 3671 692 3726 ἄλλα
715 3673 812 3726 σὺν
838 3672 1053 3735 τούτοις
1119 3674 1369 3740 πλεῖστα,
1401 3676 1600 3745 ἑορτάς
1646 3693 1708 3729 τε
1754 3678 1850 3731 καὶ

271 3760 617 3831 πανηγύρεις
648 3762 941 3832 διαφόρους
973 3765 1279 3834 σεμνύνων,
1315 3767 1371 3817 ὲν
1398 3769 1464 3836 τῇ
1500 3767 1848 3837 ἀρχιερωσύ-

270 3866 344 3922 νη
376 3850 544 3905 τελῶν
604 3852 747 3906 κατὰ
792 3852 892 3924 τὴν
940 3854 1534 3910 Κωνσταντινούπολιν.
1589 3856 1749 3927 Ἐμοὶ
1802 3856 1848 3910 δ’

269 3943 521 4010 ἐντυχεῖν
552 3942 729 4010 λόγόις
758 3944 854 3998 καὶ
877 3943 1016 4014 ὑπὲρ
1040 3944 1246 4013 χιλίους
1266 3945 1483 4012 ἐγένετο
1509 3943 1607 3999 τοῦ
1634 3945 1846 4016 ἀνδρὸς,

269 4032 559 4103 ἀμύθητον
609 4029 721 4088 οἷον
754 4035 854 4104 τὴν
904 4036 1101 4106 ἡδονὴν
1139 4032 1551 4102 ἀποστάζοντας
1577 4054 1594 4071 ο
1652 4037 1847 4091 τούτου

1954 3128 2112 3181 stomi
2161 3130 2323 3183 vitam
2373 3137 2741 3205 conscripsit;
2776 3154 2898 3193 nam
2940 3142 2983 3196 is
3027 3158 3054 3196 a
3091 3144 3349 3201 Flaviano
3388 3164 3513 3202 cum

1952 3227 2009 3272 ct
2040 3220 2326 3277 diaconum
2376 3236 2429 3279 et
2478 3230 2859 3300 presbyterum
2907 3246 3151 3288 creatum
3200 3253 3357 3305 esse,
3402 3256 3518 3294 me-

1953 3307 2138 3361 moriae
2181 3311 2455 3377 prodidit:
2501 3331 2611 3384 quo
2653 3329 2896 3388 tempore
2937 3325 3100 3376 ctiam
3143 3325 3380 3380 divinam
3424 3345 3518 3383 co-

1952 3399 2195 3453 lumbam
2231 3402 2579 3459 advolantem
2606 3447 2622 3470 ,
2669 3424 2831 3464 sacro
2867 3413 2986 3479 ejus
3030 3416 3195 3483 capiti
3247 3419 3515 3476 insedisse

1951 3500 2238 3543 memorat.
2273 3491 2528 3550 Socrates
2556 3508 2741 3553 autem
2771 3501 2841 3554 ab
2868 3501 3103 3572 Evagrio
3132 3522 3255 3560 eum
3287 3512 3513 3582 presby-

1950 3578 2053 3632 teri
2085 3579 2353 3650 dignitate
2382 3595 2605 3642 auctum
2634 3603 2759 3644 esse
2784 3590 2938 3646 dicit.
2974 3593 3105 3649 Post
3136 3578 3335 3654 Melctii
3365 3578 3510 3656 enim

1950 3669 2159 3723 obitum
2192 3675 2489 3729 secessisse
2521 3691 2551 3728 a
2587 3676 2894 3735 Meletianis
2926 3680 3216 3750 Joannem,
3248 3696 3304 3742 et
3340 3688 3515 3743 trien-

1949 3762 2101 3816 nium
2132 3763 2236 3817 sibi
2273 3766 2377 3834 ipsi
2429 3768 2617 3837 quiete
2658 3771 2731 3824 ita
2768 3772 3003 3841 vixisse,
3055 3786 3115 3831 ut
3164 3794 3343 3850 neque
3388 3797 3512 3837 cum

1949 3850 2184 3929 Meletii,
2230 3869 2408 3926 neque
2439 3874 2562 3913 cum
2598 3861 2811 3917 Paulini
2856 3868 3222 3925 sectatoribus
3265 3887 3515 3927 commu-

1948 3944 2170 4000 nionem
2204 3948 2459 4004 coleret:
2504 3962 2692 4021 postca
2742 3970 2874 4011 vero
2912 3959 2982 4011 ab
3024 3959 3253 4029 Evagrio
3294 3963 3511 4018 Paulini

1947 4051 2263 4093 successore
2288 4041 2669 4113 presbyterum
2700 4048 2944 4102 creatum
2976 4064 3117 4116 esse,
3151 4051 3342 4108 refert.
3372 4053 3507 4109 Cum

270 4125 388 4194 γὰρ
422 4124 486 4177 ὲκ
539 4126 659 4178 νέου
705 4125 852 4196 μάλα
890 4128 989 4181 καὶ
1050 4128 1481 4199 προσετετήκειν
1511 4128 1590 4199 τῷ
1646 4128 1844 4200 ιρωτι⁴

1954 4127 2005 4182 ἱη
2037 4127 2545 4190 lectorum'ordine
2593 4133 2944 4207 consisteret,
2992 4144 3272 4202 orationes
3319 4158 3512 4204 castra

270 4217 369 4267 καί
391 4213 465 4277 ὡς
504 4214 640 4268 Θεοῦ
665 4217 871 4285 φωναῖς
898 4218 1017 4280 ταῖς
1049 4217 1263 4270 ἐκείνου
1294 4220 1712 4288 δνεκαρτέρουν.
1737 4219 1847 4272 Καὶ

1954 4220 2163 4277 iudices
2209 4229 2544 4294 composuit.
2589 4230 2860 4287 Diaconus
2910 4247 3094 4291 autem
3147 4238 3355 4303 fastus,
3391 4241 3513 4295 dia-

269 4304 330 4356 εῐ
353 4320 408 4355 τι
428 4304 485 4357 δέ
516 4322 611 4374 μοι
641 4306 942 4376 περίεστιν,
988 4308 1200 4361 ἐκεῖθεν
1233 4307 1342 4379 ἔχω
1370 4308 1570 4363 λαϐὼν.
1607 4308 1845 4372 Πολλοὺς

1954 4311 2101 4382 logos
2125 4313 2193 4369 de
2217 4317 2513 4387 episcopali
2540 4327 2788 4386 munere,
2817 4334 2873 4379 ct
2897 4326 3164 4382 librosoad
3194 4330 3510 4402 Stagirinm,

268 4394 330 4447 δὲ
366 4395 459 4448 καὶ
487 4369 597 4449 των
649 4369 778 4463 ἐμοὶ
811 4396 1123 4466 φοιτώντων
1184 4369 1401 4467 ἔπεισα,
1440 4399 1598 4452 πάντ’
1636 4369 1844 4468 ἀφεμέλ

2010 4369 2033 4382 ν
2252 4369 2267 4385 ,
2319 4369 2361 4371 η
2409 4369 2425 4387 ,
2543 4369 2788 4386 ψηνν,
2820 4369 2873 4379 -.
2897 4369 3070 4382 .........
3099 4369 3164 4382 ι...
3195 4369 3510 4402 magum...

1954 4406 2080 4462 item
2113 4398 2250 4463 alios
2279 4408 2348 4464 de
2396 4411 2976 4483 incomprehensibili,
3013 4428 3068 4474 et
3102 4423 3253 4477 alios
3298 4440 3512 4479 rursum

270 4502 401 4548 νους
437 4485 588 4556 αὐτῷ
608 4490 976 4559 προσχωρεῖν.
1019 4488 1163 4542 Ἀλλ’
1209 4488 1303 4545 ἐπὶ
1357 4490 1420 4544 τὸ
1479 4491 1841 4561 προκείμενον

1954 4493 2080 4563 περὶ
2112 4496 2221 4548 τῶν
2248 4500 2619 4555 συνεισάκτων
2650 4503 2755 4572 (‘2).
2813 4507 2916 4560 hoc
2946 4518 3049 4574 est,
3080 4509 3148 4563 de
3178 4514 3372 4580 puellis
3404 4531 3511 4568 non

266 4578 676 4648 ἐπανέλθωμεν.
1244 4625 1251 4632 .

1954 4588 2282 4657 matrimonii
2318 4606 2497 4662 neque
2530 4594 2779 4649 libidinis
2815 4614 2974 4653 causa
3015 4600 3314 4668 adaptatis.
3378 4607 3515 4658 scri-

265 4674 402 4743 psit.
432 4672 597 4743 350
617 4672 932 4745 Presbyteri
957 4689 1086 4730 vero
1120 4676 1332 4730 honore
1357 4675 1761 4744 cobonestatus,
1788 4683 2160 4751 expositiones
2188 4684 2561 4742 divininorum
2596 4690 3038 4761 Evangeliorum,
3062 4695 3425 4767 ’A~.6pz.ivm;,
3462 4703 3513 4753 id

265 4778 378 4834 est,
407 4768 653 4835 Statuas,
676 4770 1128 4839 Consolationem,
1149 4772 1569 4829 Commentarios
1629 4778 1683 4830 in
1748 4776 2094 4846 Psalterium,
2169 4779 2247 4835 De
2307 4784 2651 4854 uirginitate,
2700 4787 2775 4841 De
2822 4791 3220 4857 misericordia,
3254 4803 3309 4849 et
3345 4797 3515 4865 βίω-ἴε

268 4879 391 4918 mos
411 4865 549 4920 alios
588 4864 760 4919 libros
793 4864 986 4919 edidit.
1027 4865 1292 4920 Homilies
1326 4881 1458 4921 vero
1522 4870 1782 4939 mysticae
1846 4871 1902 4926 in
1943 4871 2191 4927 divinum
2242 4875 2603 4944 Apostolum,
2655 4890 2711 4935 et
2763 4881 2817 4936 in
2868 4898 3024 4938 sacra
3075 4884 3245 4949 Acta,
3299 4864 3518 4957 aliaque

265 4964 530 5026 praeterea
568 4955 835 5026 plurima,
868 4956 1035 5012 festos
1066 4959 1186 5013 dies
1217 4968 1274 5013 et
1304 4969 1612 5016 conventus
1648 4962 2050 5018 ecclesiasticos
2086 4967 2266 5021 varios
2320 4967 2624 5036 celebrans,
2663 4972 3135 5046 Constantinopoli
3206 4979 3258 5032 in
3300 4982 3515 5047 θρίδακα

266 5056 397 5123 patu
426 5049 695 5104 condidit.
720 5045 834 5118 Ego
865 5064 994 5104 vero
1024 5065 1187 5119 supra
1216 5051 1361 5106 mille
1386 5052 1506 5121 ejus
1544 5053 1665 5107 viri
1735 5055 2150 5113 lucubrationes
2208 5059 2335 5131 legi,
2367 5060 2631 5117 inelfabili
2700 5066 2934 5135 quadam
2964 5045 3232 5125 suavitate
3257 5045 3510 5126 dilllnen.

264 5116 371 5197 tes.
421 5142 541 5198 Jam
593 5142 742 5197 enim
770 5116 904 5199 inde
982 5145 1052 5198 ab
1093 5116 1464 5202 adolescentia
1514 5162 1700 5202 amore
1752 5148 1871 5220 ejus
1916 5152 2178 5221 ﬂagravi,
2229 5163 2394 5226 atque
2440 5159 2498 5212 in
2566 5158 2714 5215 illius
2748 5161 2971 5232 perinde
3008 5173 3171 5233 atque
3214 5164 3310 5218 Dei
3345 5165 3521 5232 ipsius

262 5239 495 5294 vocibus
534 5239 812 5310 acquievi.
863 5240 1042 5310 Atque
1077 5242 1121 5297 si
1185 5242 1316 5311 quid
1361 5242 1493 5297 mibi
1544 5253 1629 5298 est
1672 5244 2021 5313 eruditionis,
2096 5249 2150 5304 id
2218 5253 2267 5307 ei
2339 5263 2622 5325 acceptum
2659 5256 2797 5313 fero.
2830 5258 3016 5315 Multis
3039 5260 3204 5315 etiam
3236 5275 3299 5314 ex
3338 5268 3515 5312 secta-

266 5332 482 5387 toribus
524 5332 660 5386 meis
693 5334 971 5401 persuasi,
1017 5344 1076 5388 ut
1113 5336 1368 5390 omnibus
1401 5336 1646 5405 relictis,
1713 5338 1865 5393 illum
1907 5341 2011 5397 sibi
2083 5343 2409 5402 familiarem
2458 5348 2722 5405 facerent.
2770 5352 2971 5409 Verum
3018 5353 3083 5407 ad
3127 5361 3514 5422 argumentum

264 5425 578 5481 institutum
606 5434 970 5481 revertamur.

333 5605 1161 5695 lil§"EF-.“b<.__'fa-_°‘lpt
1295 5680 1327 5695 ..
1546 5693 1553 5695 _
1795 5685 1805 5695 .
1888 5683 1901 5695 .
1979 5684 1990 5695 .

338 5675 416 5748 (2)
441 5675 888 5733 Subiutroducta:
912 5675 996 5733 ba:
1027 5679 1084 5733 in
1111 5680 1439 5751 canonibus,
1470 5693 1741 5741 extraneae
1795 5685 1848 5740 in
1886 5683 2103 5756 legibus
2131 5686 2415 5741 dicuntur.
