3898 6192
149 256 254 318 937

1076 233 1666 312 ECCLESlASTlCE
1708 215 2088 304 “meum;
2125 243 2263 302 ΜΒ.
2304 214 2478 303 Xlit.

3267 231 3369 299 938

153 370 361 432 καινὸν,
392 369 439 419 εἰ
471 367 562 419 καί
594 382 730 418 τισιν
757 363 816 416 οὐ
852 364 1013 428 καλὸς
1047 364 1244 426 ἐδόκει,
1277 363 1396 414 ἐπεί
1419 360 1497 413 τοί
1525 377 1586 426 γε
1623 358 1714 410 καὶ

1843 355 2091 423 ιτίηρὶρῖο
2115 354 2420 417 exhiberet,
2455 353 2625 406 durus
2656 351 2872 420 quidam
2905 358 2959 406 ct
2980 351 3160 421 gravis
3189 352 3376 404 admit-

152 465 211 513 τὸ
242 461 366 528 μέλι
398 459 596 527 πικρὸν
660 458 772 519 τοῖς
827 455 1103 524 ίκτεριῶσι
1151 457 1316 508 δοκεῖ.
1372 452 1620 506 Μάλιστα
1650 449 1718 512 δ’,

154 554 225 613 ὣς
259 568 452 620 φασιν,
481 551 674 617 ἐνῆγεν
722 547 864 600 οὕτω
912 549 1023 609 τοῖς
1085 547 1299 607 πολλοῖς
1359 541 1719 613 προσκρούειν

154 645 445 714 Σαραπίων
470 643 498 694 ό
529 640 799 712 μαθητής.
832 640 930 692 "Ov
968 655 1095 691 ποτε
1147 638 1428 708 παρρησίᾳ
1453 634 1559 686 τῶν
1591 648 1720 698 συγ-

155 739 374 805 κὲήρων
409 733 626 785 πάντων
664 731 822 798 λόγος
851 731 1050 792 εἰπεῖν,
1070 728 1144 792 ὡς
1181 749 1197 779 ι
1238 728 1349 780 Οὐκ
1376 729 1440 780 ἄν
1471 743 1532 793 γε
1563 725 1724 791 δυνη-

157 827 306 893 θείης
337 825 543 896 πάντας
574 823 754 889 λόγοις
783 821 985 884 ἕλκειν,
1015 822 1063 874 εί
1097 821 1170 890 μὴ
1203 822 1297 871 καὶ
1329 819 1560 888 μάστιγι
1591 816 1724 868 πάνυ

158 935 264 978 τως
295 914 539 968 ἐλαύνειν
575 911 1005 983 προθυμηθείης.
1045 931 1062 961 ι
1096 913 1163 964 Ὃ
1194 911 1256 979 δὴ
1281 910 1464 980 ῥηθὲν,
1500 908 1726 970 πολλοὺς

159 1012 237 1066 είς
267 1010 420 1070 μῖσος
459 1005 598 1058 κατὰ
633 1005 725 1056 τοῦ
755 1003 1054 1056 ἐπισκόπου
1112 1003 1303 1072 ἐνῆκεν
1349 1003 1409 1054 οὗ
1479 1003 1724 1070 μέτριον.

165 1098 274 1148 Καὶ
310 1097 374 1164 δὴ
413 1094 623 1146 πολλῶν
674 1094 774 1162 τῆς
832 1091 1155 1160 Ἐκκλησίας
1217 1091 1584 1158 ἀπεωσμένων
1635 1089 1726 1140 ἐπὶ

159 1191 438 1255 διαφόροις
461 1191 567 1249 τοῖς
591 1189 925 1255 αἰτιάμασιν,
951 1187 1172 1250 ἐκεῖνοι,
1193 1181 1386 1251 οἷάπερ
1419 1182 1582 1249 φιλεῖ,
1606 1181 1726 1235 καθ’

163 1284 390 1342 ἑαυτοὺς
442 1280 733 1340 συνιόντες,
797 1279 930 1346 πρδς
962 1280 1022 1328 τὸ
1071 1275 1226 1339 δόξαν
1264 1275 1374 1335 τοῖς
1437 1273 1727 1342 κρατοῦσιν

165 1371 369 1438 ὥρμων
411 1382 427 1399 ο
455 1367 547 1418 καὶ
582 1368 813 1434 φατρίαν
847 1367 945 1416 οὒκ
992 1365 1188 1431 ἀγεννῆ
1225 1365 1643 1433 συστησάμενοι.
1668 1363 1726 1414 οὐ

170 1460 423 1527 μετρίατς
488 1459 724 1528 ἐχρῶντο
778 1457 900 1509 κατ’
939 1457 1103 1510 αὐτοῦ
1161 1456 1449 1519 διαϐολαῖς.
1502 1455 1610 1508 Καί
1664 1470 1728 1521 γε

169 1558 353 1604 πίστιν
388 1556 613 1622 παρεῖχε
636 1553 703 1604 τὰ
738 1530 1025 1620 είρημένα,
1053 1551 1134 1603 ὅτι
1173 1552 1247 1620 μὴ
1283 1550 1578 1602 συνεσθίων
1622 1547 1730 1600 τι.νὶ

166 1653 194 1700 ὁ
232 1649 488 1714 ἰν-μάννης
515 1647 856 1714 πεφώραται.
897 1647 1018 1714 μηδ’
1053 1645 1136 1712 ἐφ’
1163 1645 1350 1698 ἑστίαν
1382 1645 1494 1696 ίὼν.
1537 1642 1626 1706 Ἐξ
1656 1636 1730 1694 ὧν

170 1737 266 1787 καὶ
297 1734 515 1801 μείζους
543 1733 734 1801 ἐκείνῳ
771 1732 1014 1786 διαϐολαὶ
1045 1734 1417 1802 ἀνηγείροντο.
1467 1732 1580 1783 Τίνι
1633 1730 1732 1798 μέν

170 1822 265 1877 οὖν
295 1826 437 1891 λόγῳ
478 1823 618 1876 τοῦτ’
645 1824 934 1892 ἐπρχττεν,
969 1825 1141 1882 οὐδεὶς
1188 1823 1374 1889 σαφῶς
1419 1821 1684 1891 ήγγιλλεν
1712 1834 1726 1851 ο

172 1919 220 1968 οἱ
255 1915 300 1966 δ’
332 1916 544 1966 ἐκείνου
577 1913 1003 1982 ἀπολογούμενοι
1036 1911 1130 1983 τὴν
1156 1915 1371 1982 μακρὰν
1408 1903 1736 1982 προεϐάλον-

173 2023 236 2058 το
260 2007 511 2072 ἄσκησιν.
554 2006 648 2059 καὶ
687 2007 748 2058 τὸ
788 2005 1067 2072 δυσφόρως
1107 2006 1250 2074 ἔχειν
1306 2003 1396 2058 τὸν
1444 2005 1733 2074 στόμαχον,

176 2093 417 2151 ἀσθενῶς
445 2094 573 2160 περὶ
589 2079 892 2144 τὸ’πέττειν
921 2089 1116 2159 ἔχοντα
1170 2091 1238 2142 τὰ
1284 2092 1448 2144 σιτία.
1489 2092 1637 2152 Τέως
1689 2087 1735 2143 δ’

177 2186 328 2242 ὅπως
366 2177 534 2250 εἶχεν,
563 2182 623 2232 οὐ
681 2183 886 2250 μικρὰν
943 2181 1083 2248 τάχά
1140 2184 1366 2249 παρεῖχε
1410 2180 1578 2250 λαϐὴν
1626 2181 1738 2243 τοῖς

173 2272 434 2331 ἐναντίως
471 2271 852 2338 διακειμένοις.
895 2270 970 2323 Τδ
991 2270 1047 2322 δέ
1073 2285 1137 2338 γε
1175 2271 1378 2338 πλῆθος
1417 2270 1504 2322 διὰ
1535 2270 1595 2322 τὸ
1643 2271 1740 2339 τῆς

174 2365 527 2422 διδασκαλίας
559 2362 808 2429 ἄφθονον,
834 2363 930 2416 καὶ
976 2363 1074 2429 τὴν
1135 2361 1345 2414 ἐκεῖθεν
1390 2359 1741 2429 πηγάζουσαν

173 2458 388 2525 θνησιν,
441 2455 646 2524 σφόδρα
717 2453 953 2522 ἐξείχετο
1011 2451 1102 2505 τοῦ
1164 2453 1390 2521 ἀνδρὸς,
1448 2453 1742 2520 ὑπερφυῶς

176 2546 416 2612 ἐρῶντες
449 2543 548 2610 τῆς
579 2541 846 2610 γλώττης,
875 2541 948 2602 ὡς
986 2544 1080 2593 καὶ
1136 2543 1520 2611 Χρυσόστομον
1581 2543 1744 2597 αὑτὸν

177 2634 526 2704 προσειπεῖν,
550 2631 608 2683 τὸ
635 2629 971 2700 ὑπερϐάλλον
1001 2631 1100 2698 τῆς
1133 2629 1357 2700 ἐνούσης
1393 2632 1618 2702 χάριτος
1657 2632 1743 2682 αἱ·

177 2726 485 2794 νιττόμεπιτ.
511 2738 524 2752 ⁸
554 2727 642 2776 καὶ
667 2723 915 2790 οὐδαμῶς
958 2724 1068 2776 τῶν
1118 2725 1422 2793 ἐρεσχελεῖν
1453 2723 1745 2794 ᾑρημένων

177 2819 375 2871 τοῦτον
402 2815 736 2884 ἐφρόντιζον.
766 2815 830 2866 Τί
875 2815 930 2866 δὲ
985 2813 1091 2882 χρὴ
1146 2813 1324 2879 λέγειν
1363 2809 1516 2875 αὖθις
1571 2809 1746 2864 ὁποῖοί

179 2920 331 2966 τινες
368 2903 560 2972 ἐκείνῳ
591 2899 730 2973 ἦσαν
772 2902 822 2954 oi
873 2901 1043 2968 λόγοι,
1095 2902 1210 2954 ὅσοι
1260 2901 1358 2969 μὲν
1412 2901 1746 2970 γραφόμενοι

1824 443 1953 497 dum
1989 459 2107 496 esse
2139 443 2286 497 visus
2318 454 2399 497 est
2431 444 2784 511 peccantibus
2815 460 2828 497 :
2863 442 3211 512 potissimum
3251 457 3379 494 vero

1823 539 1922 595 eis.
1965 536 2058 604 qui
2099 535 2152 588 in
2181 534 2330 588 clero
2363 536 2616 590 abSurdis
2642 535 2948 604 gaudebant
2981 536 3158 588 lactis.
3191 529 3380 604 Itaque

1825 641 2077 694 magnum
2125 625 2389 678 adversus
2423 643 2545 680 eum
2591 621 2777 680 odium
2823 638 2904 680 est
2940 641 3284 689 succensum,
3326 634 3384 678 ct

1825 715 1979 767 mttlti
2010 716 2281 770 hostiliter
2303 716 2452 770 illum
2478 716 2846 771 declinabant.
2873 713 3202 770 Multitudini
3229 730 3382 779 vero,

1825 821 1988 874 quam
2014 807 2233 860 assidua
2266 808 2515 861 doctrina
2540 809 2908 868 demulcebat,
2943 807 3174 859 maxime
3201 813 3388 874 gratus

1826 897 1948 950 luit.
1998 898 2182 968 Neque
2231 900 2370 952 adeo
2406 899 2603 953 mirum
2636 907 2737 955 est.
2767 902 2808 950 si
2844 898 3168 967 quibusdam
3206 900 3388 949 minus

1827 989 2002 1042 bonus
2024 990 2176 1043 visus
2196 999 2282 1042 est.
2308 1007 2322 1043 :
2359 1005 2481 1042 nam
2513 981 2620 1043 me!
2654 989 2872 1058 quoque
2909 989 3057 1058 regio
3088 987 3280 1041 morbo
3309 987 3392 1047 In-

1827 1078 2150 1132 burantibus
2208 1084 2453 1133 amarum
2509 1080 2748 1133 videtur.
2813 1079 3162 1133 Potissimum
3225 1093 3383 1136 vero,

1827 1173 1984 1224 sicuti
2033 1171 2236 1232 ferunt,
2273 1182 2330 1224 ut
2378 1172 2580 1225 multos
2613 1171 2686 1224 ita
2719 1170 3068 1233 ostenderet,
3120 1169 3387 1237 Serapion

1824 1277 1950 1316 eum
2007 1261 2312 1331 discipulus
2368 1262 2601 1318 induxit.
2648 1261 2810 1331 350
2858 1263 3030 1326 Quem
3092 1259 3389 1328 aliquando

1827 1367 2012 1423 aperte
2045 1357 2097 1408 in
2132 1355 2266 1409 cleri
2297 1357 2582 1424 praesentia
2620 1357 2821 1409 diiisse
2850 1348 2990 1408 fama
3029 1343 3135 1414 est.
3176 1355 3193 1404 ι
3235 1354 3386 1406 illum

1829 1461 1938 1500 non
1987 1444 2178 1514 omnes
2217 1439 2463 1500 oratione
2505 1447 2834 1500 allecturum
2871 1461 3014 1512 esse,
3065 1445 3168 1499 nisi
3221 1446 3386 1497 etiam

1829 1536 2038 1604 ﬂagello
2090 1539 2312 1592 omnino
2356 1553 2452 1592 eos
2493 1538 2880 1606 compelleret;
2930 1557 2948 1590 ι
2989 1539 3132 1606 quod
3181 1534 3387 1589 dietum

1832 1629 1887 1684 in
1917 1629 2100 1684 odium
2136 1638 2192 1682 et
2237 1629 2494 1682 invidiam
2543 1645 2649 1682 non
2697 1628 3024 1682 mediocrem
3073 1629 3388 1697 episcopum

1832 1725 1974 1790 apud
2007 1721 2207 1776 multos
2234 1721 2475 1776 adduxit.
2511 1723 2802 1776 Enimvero
2826 1721 3010 1775 multis
3036 1722 3106 1774 ita
3137 1721 3207 1774 ob
3240 1718 3391 1775 varia

1834 1810 2066 1864 erimina
2095 1810 2336 1864 Ecclesia
2358 1811 2568 1880 ejectis,
2593 1810 2668 1863 illi
2697 1811 2984 1864 sententiis
3005 1823 3061 1864 se
3089 1802 3390 1878 primorum

1835 1900 1890 1956 et
1963 1896 2283 1970 optimatum
2354 1883 2894 1956 accommodabant:
2951 1909 3006 1954 et
3060 1899 3221 1952 sicuti
3277 1901 3392 1953 lieri

1837 1993 2096 2054 assuevit,
2129 1994 2181 2046 in
2220 1993 2551 2062 ejuscemodi
2591 2001 2781 2046 eorum
2815 1991 2910 2060 qui
2953 1989 3119 2045 rebus
3151 2001 3394 2059 praesunt

1840 2083 2230 2151 impotentibus
2259 2085 2546 2138 conatibus
2577 2085 2720 2138 inter
2751 2098 2808 2138 se
2839 2081 3260 2159 conveniebant,
3301 2095 3394 2134 so-

1839 2175 2196 2245 dalitate-sque
2236 2185 2292 2230 et
2334 2176 2769 2246 conSpirationes
2812 2191 2918 2229 non
2967 2175 3395 2229 contemnendas

1841 2265 2231 2328 instituebant,
2273 2256 2436 2333 atque
2470 2281 2593 2317 eum
2626 2281 2732 2318 non
2770 2265 3142 2319 mediocribus
3171 2261 3396 2333 expete-

1839 2354 1970 2408 bant
2000 2355 2307 2408 calumniis.
2337 2356 2401 2408 Et
2428 2371 2549 2424 qua:
2572 2356 2650 2410 illi
2682 2357 2734 2409 in
2765 2373 2888 2411 eum
2925 2358 3203 2419 dicebant,
3237 2357 3396 2408 [idem

1843 2445 2208 2499 obtinebant:
2264 2446 2407 2515 Quod
2455 2461 2580 2501 cum
2635 2448 2756 2502 aliis
2806 2448 2988 2502 cibum
3034 2450 3265 2516 capere,
3305 2456 3400 2499 aut

1844 2537 2090 2592 convivia
2143 2537 2294 2592 adire
2345 2539 2582 2594 Joannes
2631 2540 3009 2608 deprehensus
3059 2555 3168 2594 non
3227 2549 3396 2592 esset.

1844 2627 1960 2692 Qua
1994 2643 2060 2680 ex
2096 2643 2154 2681 re
2195 2629 2427 2683 crimina
2457 2629 2658 2698 majora
2692 2629 3089 2684 excitabantur.
3123 2629 3240 2696 Quo
3271 2635 3401 2684 Vero

1846 2720 2076 2773 consilio
2113 2720 2166 2773 id
2200 2720 2292 2774 ille
2323 2721 2536 2783 fecerit,
2571 2737 2734 2776 nemo
2764 2723 2909 2777 clare
2943 2723 3102 2776 dixit.
3137 2722 3238 2787 Qui
3271 2737 3402 2775 vero

1846 2824 1970 2864 eum
1999 2810 2322 2874 defendunt,
2349 2811 2661 2865 diuturnam
2693 2813 3038 2882 praetendunt
3067 2813 3190 2867 vitae
3218 2815 3402 2867 auste-

1851 2921 1925 2960 rae
1973 2903 2358 2973 disciplinam:
2403 2915 2455 2959 et
2499 2904 2642 2974 quod
2679 2914 2879 2974 atgrum
2924 2899 3154 2960 haberet
3203 2913 3408 2979 stoma-

179 2993 495 3056 ἐξεδέδοντ),
521 2991 633 3043 ὅσοι
658 2990 714 3041 δὲ
765 2990 1013 3056 λέγοντος
1067 2987 1172 3040 ὑπὸ
1219 2987 1328 3038 τῶν
1379 2988 1740 3054 ταχυγράφων

1850 2993 2037 3057 chum,
2069 2994 2162 3064 qui
2201 3008 2309 3047 non
2350 2993 2506 3048 facile
2539 2993 2719 3048 cibum
2763 2991 3153 3064 concoqueret.
3200 2990 3407 3048 Utcuno

179 3082 625 3150 ἀνελαμϐάνοντο
652 3097 666 3145 ;
695 3083 786 3132 καὶ
829 3079 1030 3149 μᾶλλον
1073 3080 1122 3132 οἱ
1181 3078 1446 3142 πλεῖστοι,
1491 3080 1637 3141 ὅπως
1688 3093 1748 3129 τε

180 3175 433 3244 λαμπροὶ
465 3173 608 3237 λίαν,
671 3172 764 3223 καὶ
813 3171 873 3222 τδ
923 3169 1209 3237 ἐπαγωγόν
1255 3186 1314 3222 τε
1372 3170 1487 3237 ἅμα
1537 3168 1632 3221 καὶ¹
1691 3168 1752 3221 τὸ

187 3269 385 3333 θέλγον
417 3267 563 3331 μάλα
615 3262 1050 3332 προϐεϐλημένοι
1083 3277 1098 3326 ;
1129 3260 1246 3324 ἐξὸν
1277 3260 1622 3330 ἐντυγχάνειν
1676 3259 1754 3328 τῷ

187 3355 499 3425 βουλομένῳ
565 3351 925 3418 ἀναλέγεσθαι
973 3367 1032 3402 τε
1097 3350 1363 3412 τούτους,
1415 3353 1507 3401 καὶ
1551 3349 1648 3415 τὴν
1696 3349 1756 3412 ἐξ

186 3448 417 3501 ἐκείνων
468 3445 810 3516 καρποῦσθαι
872 3443 1140 3512 ὠφέλειαν
1170 3457 1184 3472 ⁸
1214 3444 1350 3512 πρὸς
1402 3442 1458 3494 δὲ
1510 3442 1602 3495 καὶ⁵
1656 3442 1755 3508 τὴν

188 3540 347 3589 θείαν
403 3535 596 3602 ἡδονὴν
638 3531 1017 3602 ἁπαρύεσθαι·
1066 3532 1139 3592 ὡς
1188 3532 1282 3582 καὶ
1331 3531 1508 3583 δοκεῖν
1559 3529 1754 3593 ἐξεῖναι

192 3629 358 3689 θείως
390 3625 679 3694 βακχεύειν
709 3625 802 3676 καὶ
827 3624 1080 3693 σώφρονα
1132 3623 1440 3692 μαίνεσθαι.
1481 3621 1621 3674 Ἀλλ’
1650 3621 1754 3678 ἓως

194 3723 297 3787 μὲν
335 3717 415 3785 τῷ
446 3718 633 3784 κλήρῳ
666 3719 809 3783 μόνῳ
841 3715 1196 3782 προσέϐαλεν,
1227 3713 1521 3784 ἀρρώστως
1553 3707 1697 3780 εῖχεν
1723 3713 1755 3781 ἡ

192 3809 316 3861 κατ’
342 3807 506 3859 αὑτοῦ
543 3806 730 3876 μανία,
764 3805 854 3857 καὶ
881 3804 1090 3876 ἥκιστα
1111 3807 1244 3876 δρᾷν
1273 3820 1323 3857 τι
1364 3803 1616 3873 δεδύνητο
1634 3803 1756 3855 κατ’

194 3898 369 3951 αὑτοῦ
391 3915 405 3929 ·
439 3899 515 3959 ὡς
534 3897 589 3950 δι
623 3897 718 3950 καὶ
747 3895 874 3957 τοὺς
903 3898 961 3948 ἐν
988 3898 1130 3950 τέλει
1163 3897 1244 3954 είς
1276 3893 1578 3964 τούμφανὲς
1609 3895 1759 3946 ἐπει·-

197 3991 330 4058 pato
359 3987 678 4056 διελέγχειν,
704 3985 1003 4056 τηνικαῦτα
1026 3993 1120 4038 καὶ
1149 3986 1177 4037 δ
1210 3985 1334 4038 κατ’
1389 3985 1596 4038 ἐκείνου
1629 3984 1759 4054 φθό-

193 4097 287 4142 νος
356 4081 437 4138 είς
499 4080 642 4148 μέγα
693 4079 987 4147 ἀνήπτετο,
1049 4077 1142 4131 καὶ
1196 4075 1363 4129 πολλὰ
1410 4073 1528 4129 κατ’
1590 4075 1754 4128 αὐτοῦ

194 4172 450 4222 ἐκινεῖτο.
489 4168 683 4236 Ἐνῆγε
720 4167 766 4222 δ’
793 4169 1022 4222 ἕκαστον
1073 4167 1208 4235 πρὸς
1237 4167 1298 4219 τὸ
1337 4163 1528 4219 δοκοῦν
1581 4163 1760 4234 ἐαυτῷ

197 4264 298 4314 καὶ
331 4265 446 4323 ταῖς
480 4261 752 4323 διαϐολαῖς
800 4259 1077 4314 πιστεύειν
1121 4261 1184 4314 ἐκ
1229 4261 1322 4314 τοῦ
1395 4260 1759 4329 παρήκοντος,

1857 3099 1962 3154 que
2001 3094 2181 3138 autem
2213 3100 2272 3140 se
2312 3100 2396 3139 res
2430 3087 2638 3149 habuit,
2675 3102 2780 3140 non
2825 3102 3041 3155 parvam
3077 3085 3408 3140 adversariis

1852 3177 1918 3231 ad
1967 3177 2423 3232 obtrectationem
2463 3194 2524 3230 ea
2577 3179 2804 3248 przebuit
2842 3178 3203 3232 occasionem.
3247 3176 3408 3230 Plebs

1854 3278 2035 3322 autem
2075 3279 2296 3340 propter
2342 3270 2606 3323 doctrina:
2644 3271 2982 3330 ubertatem,
3028 3278 3082 3322 et
3128 3285 3248 3337 qua:
3283 3270 3410 3321 inde

1855 3359 2154 3429 proﬂuebat
2182 3359 2469 3413 utilitatem
2493 3374 2605 3431 ,ει
2658 3375 2722 3412 eo
2768 3359 2886 3410 viro
2931 3358 3084 3411 valde
3115 3357 3408 3425 pendebat,

1855 3451 2084 3505 miriﬁce
2134 3451 2281 3504 illius
2315 3451 2551 3520 linguam
2584 3449 2845 3503 dcamaus
2877 3466 2891 3503 :
2935 3449 3071 3502 adeo
3114 3459 3172 3502 ut
3204 3450 3413 3518 Χρυσό-

1857 3559 2076 3609 στομον,
2133 3541 2236 3594 hoc
2285 3551 2388 3606 est,
2441 3540 2591 3593 aurei
2643 3541 2756 3593 oris
2812 3541 3089 3617 hominem
3136 3543 3414 3609 cognomi-

1858 3645 2051 3697 naret;
2109 3639 2216 3685 tam
2274 3641 2622 3700 prmstantem
2677 3631 2824 3684 illius
2864 3631 3094 3700 gratiam
3128 3647 3193 3684 eo
3244 3633 3414 3685 verbo

1857 3719 2188 3786 signiﬁcans.
2237 3719 2422 3788 Neque
2479 3719 2569 3772 ille
2616 3720 2910 3787 quidquam
2958 3731 3053 3775 eos
3091 3722 3183 3790 qui
3228 3733 3414 3775 contra

1857 3825 1981 3865 eum
2017 3811 2391 3872 blaterabant.
2425 3811 2667 3866 curabat.
2702 3812 2840 3878 Quid
2885 3813 3030 3867 enim
3075 3830 3290 3868 rursum
3328 3815 3418 3868 hic

1859 3901 2042 3956 dicere
2072 3903 2292 3965 attinet,
2319 3901 2507 3972 quales
2528 3903 2648 3973 ejus
2671 3905 2872 3958 l'uerint
2901 3903 3198 3968 orationes,
3228 3906 3419 3974 quales

1861 3992 1946 4046 vel
2004 3992 2118 4060 ipse
2166 3993 2394 4061 scriptas
2449 3993 2658 4059 edidit,
2711 3995 2794 4048 vel
2847 4001 2914 4068 eo
2959 3997 3175 4051 dicente
3218 3999 3416 4053 notarii

1861 4085 2066 4140 celeres
2101 4085 2362 4154 plurimas
2391 4087 2688 4154 etcepere?
2730 4086 2902 4152 Quam
2935 4088 3231 4158 splendidae
3268 4106 3420 4144 uani-

1862 4191 1968 4245 que
1999 4176 2130 4242 sint,
2161 4186 2324 4246 atque
2355 4176 2422 4230 ad
2453 4178 2896 4246 persuadendum
2933 4181 3094 4234 simul
3125 4190 3181 4234 et
3210 4181 3423 4236 demul-

1864 4264 2096 4318 cendUm
2135 4266 2483 4334 compositae,
2529 4267 2763 4336 eXperiri
2794 4272 2842 4323 ei
2875 4269 3036 4335 licet,
3076 4270 3168 4339 qui
3202 4286 3421 4326 versare

194 4359 348 4418 ὅπως
388 4356 454 4408 ἂν
485 4355 706 4424 ἐλέγχου
740 4354 772 4425 ἢ
808 4356 999 4424 μίσους
1038 4353 1170 4424 πρὸς
1200 4352 1360 4406 αὑτὸν
1384 4347 1549 4421 εἶχεν.
1583 4351 1740 4419 Προσι

1864 4372 1956 4411 eas
1994 4365 2049 4410 et
2086 4356 2304 4426 legere,
2357 4358 2761 4429 utilitatemque
2810 4375 2998 4416 earum
3049 4366 3326 4435 percipere
3370 4377 3424 4419 et

199 4450 379 4515 θήκην
438 4448 583 4498 δ’ὃτι
627 4446 886 4515 πλείστην
929 4444 1210 4514 ἐνεποίησε
1259 4446 1324 4512 τῇ
1380 4441 1502 4495 κατ’
1549 4442 1759 4495 ἐκείνου

198 4537 429 4624 διαϐολῇ
479 4541 513 4608 ἡ
583 4537 705 4591 κατ’
745 4537 1046 4607 Εὑτροπίου
1101 4537 1250 4604 αὑτῴ
1295 4533 1476 4603 ὁμιλία
1519 4535 1762 4601 ἀναγνωο

199 4631 413 4684 σθεῖσα.

1869 4448 2202 4516 voluptatem
2237 4447 2474 4502 divinam
2521 4451 2738 4505 haurire
2767 4467 2831 4504 ex
2862 4453 2944 4506 eis
2981 4454 3111 4507 velit
3141 4473 3154 4506 :
3196 4456 3332 4508 adeo
3368 4467 3425 4509 ut

1868 4535 2106 4603 seipsqu
2145 4536 2332 4590 divino
2367 4541 2600 4606 quodam
2643 4541 2805 4594 modo
2837 4541 3178 4610 intemperiis
3208 4547 3422 4612 agitari,

1871 4636 1927 4680 et
1967 4629 2243 4680 moderate
2277 4630 2684 4697 prudenterque
2716 4630 2954 4684 insanire
2982 4631 3295 4684 crediturus
3332 4633 3423 4684 sit.

193 4722 472 4776 Caeterum
504 4720 746 4792 quandiu
795 4737 917 4774 cum
969 4720 1118 4774 clero
1167 4728 1374 4774 tantum
1421 4718 1765 4773 conﬂictatus
1803 4728 1908 4782 est,
1967 4718 2234 4773 inﬁrmior
2264 4720 2526 4773 adversus
2565 4737 2688 4774 eum
2723 4720 2822 4774 fuit
2852 4722 3024 4787 furor,
3060 4739 3234 4791 neque
3267 4724 3423 4793 quid-

196 4835 368 4888 quam
407 4818 622 4872 eﬂieere
649 4818 851 4886 potuit.
881 4815 983 4871 Ubi
1007 4825 1188 4869 autem
1220 4817 1572 4884 magistratus
1601 4814 1766 4867 etiam
1806 4815 2084 4884 propalun
2141 4830 2371 4883 arguere
2433 4815 2619 4883 cmpit,
2645 4825 2760 4868 tum
2789 4817 3006 4870 demum
3033 4823 3206 4886 major
3235 4819 3426 4871 adver-

202 4926 304 4964 sus
347 4926 472 4964 eum
523 4913 793 4964 concitata
827 4918 912 4964 est
959 4908 1199 4971 invidia,
1233 4906 1510 4974 multaque
1580 4906 1634 4958 in
1684 4921 1808 4959 eum
1847 4916 1974 4960 sunt
2025 4917 2249 4960 tentata.
2296 4907 2363 4960 Et
2403 4908 2637 4975 quisque
2699 4922 2797 4977 pro
2834 4924 2900 4961 eo
2945 4919 3108 4978 atque
3153 4910 3201 4962 ei
3249 4909 3426 4964 visum

195 5016 371 5069 eSset,
419 5015 512 5060 aut
559 5006 698 5060 forte
746 5003 1172 5074 reprehensione
1217 5001 1300 5054 vel
1377 5002 1505 5055 odio
1552 5002 1606 5054 in
1686 5002 1835 5055 illum
1878 5002 2159 5068 flagraret,
2207 5002 2494 5056 calumniis
2541 5003 2589 5058 ei
2643 5004 2919 5056 intentatis
2967 5003 3128 5058 ﬁdem
3179 5007 3426 5059 habebat.

192 5099 506 5153 Plurimum
538 5107 718 5152 autem
747 5097 1004 5150 momenti
1034 5094 1098 5148 ad
1126 5094 1576 5164 obtrectationem
1617 5093 1762 5146 illius
1801 5096 1981 5146 attulit
2043 5095 2220 5150 oratio
2253 5095 2536 5164 popularis
2602 5097 2742 5166 ejus,
2776 5109 2965 5150 contra
3003 5098 3323 5166 Eutropium
3359 5097 3428 5151 ab

193 5194 331 5261 ipso
370 5190 530 5243 lecta.
612 5241 616 5245 .

536 5719 800 5778 Pnaoc.
841 5715 956 5773 Gn.
986 5709 1218 5771 CXLVl
1397 5803 1401 5806 _

3017 5700 3089 5761 30
