3898 6192
224 302 333 366 945

1156 300 1745 361 ΕεειιιδιΑεΤιιῖεε
1784 298 2172 360 ΙίὶὸΤΟΡιΙιΕ
2217 299 2362 358 LIB.
2411 297 2580 358 XIII.

3357 283 3461 345 946

217 423 417 476 πόντον
446 419 648 486 οὑσῶν,
680 420 778 474 σὺν
801 422 914 483 τοῖς
945 422 1083 490 ἀμφ’
1114 423 1276 474 αὑτὸν
1319 423 1346 474 6
1399 420 1650 490 βασιλεὺς
1677 419 1784 470 ἐλο-

1907 426 1987 471 .»st.
2041 418 2107 471 Et
2138 433 2260 470 eum
2311 415 2630 484 gravissima
2669 426 2896 480 quaque
2952 424 3009 462 se
3054 406 3324 460 factorum
3380 413 3464 456 est

214 514 422 581 γίζετο,
456 513 532 581 μὴ
563 513 673 564 δεῖν
706 512 785 564 έτι
817 512 1002 580 μέλειν
1026 528 1040 542 ο
1078 512 1214 580 μηδὲ
1246 512 1354 580 γὰρ
1383 511 1624 578 ἀσφαλὲς
1652 505 1793 563 εἶναι

213 605 388 666 οὕτως
435 603 802 672 ἀπαράσκευα
852 603 921 654 τὰ
965 601 1251 671 Ῥωμαέων
1291 601 1472 666 εἶναι,
1517 604 1650 666 πρὶς
1708 602 1794 655 ἄν·

213 695 348 764 δρας
381 695 731 756 θανατῶντας
756 693 878 763 ἤδη,
913 697 1004 746 καὶ
1040 694 1296 757 καθάπαξ
1334 694 1703 761 ἀπειρηκότας
1735 692 1794 745 τδ

218 784 340 854 ζῇν.
373 782 736 854 Χρησάμενοῖ
773 784 829 836 δὲ
862 783 940 854 τῷ
982 783 1179 854 καιρῷ,
1217 785 1408 854 γνώμῃ
1435 783 1670 853 μετῆλθε
1700 782 1794 834 τὴν

220 875 498 944 βάρϐαρον
519 889 532 904 ⁶
562 877 655 928 καὶ
682 875 746 944 δὴ
769 875 991 942 πέμψας
1020 876 1156 943 πρὸς
1183 875 1381 928 Γαῑνᾶν
1401 874 1792 944 ἐπηγγέλλετο.

219 963 482 1030 πράττειν
509 963 566 1014 έν
590 963 792 1030 ἑτοίμῳ
826 960 994 1030 ἔχειν,
1024 961 1052 1014 δ
1078 979 1130 1014 τι
1158 961 1223 1016 ἂν
1252 961 1675 1031 ἑκεῖνοςαίτοίη,
1701 961 1796 1012 καὶ

217 1050 315 1104 τοὺ
336 1050 528 1102 λοιποῦ
560 1049 648 1103 διὰ
681 1050 798 1119 βίου
838 1045 978 1101 εἶναι
1003 1049 1399 1118 κεχαρισμένος
1429 1045 1599 1116 αὑτῷ.
1649 1047 1709 1098 '0
1739 1045 1796 1098 δὲ

220 1142 483 1196 κατένευε
503 1183 517 1205 ,
547 1144 642 1195 καὶ
670 1141 798 1193 ἄλλο
825 1140 943 1210 ᾔτει
972 1141 1124 1193 οὑδὲν
1153 1141 1187 1209 ἢ
1227 1140 1545 1208 Σατορνῖνον
1573 1138 1665 1190 καὶ
1695 1135 1800 1188 Αὑ-

225 1233 482 1305 ρηλιανὺν
533 1233 592 1298 ἐξ
643 1231 867 1284 ὑπάτων
899 1231 1121 1300 ἄνδρας,
1180 1232 1486 1299 ὑπονοήσας
1517 1228 1793 1289 ἐναντίους

222 1326 376 1396 αὑτῷ
400 1325 834 1379 καθεστάναι.⁹0
863 1325 920 1376 δὲ
976 1324 1232 1394 βασιλεὺς
1271 1323 1368 1376 καὶ
1421 1323 1567 1376 ἄκων
1598 1320 1795 1374 ὲδίδουι

223 1419 289 1470 Ol
319 1416 365 1470 δ’
393 1417 534 1486 ὑπὲρ
567 1416 660 1469 τοῦ
693 1415 874 1468 κοινοῦ
922 1415 1180 1486 θνήσκειν
1235 1413 1555 1482 αἱρούμενοι
1601 1414 1799 1464 θᾶττον

221 1505 368 1578 ἦσαν
402 1507 690 1576 πειθήνιοι,
730 1509 822 1560 καὶ
849 1506 1100 1559 ἐδίδοντο.
1142 1507 1198 1557 '0
1225 1505 1282 1558 δὲ
1326 1503 1507 1557 λαϐὼν
1532 1503 1796 1572 ἐφείδετο.

239 1599 625 1668 ’Δκκιζόμενος
652 1597 697 1652 δ’
725 1599 929 1660 ἐκεῖνος
958 1597 1048 1650 ἐπὶ
1073 1597 1171 1667 τὴν
1212 1596 1531 1664 Χαλκηδόνα
1565 1595 1748 1664 παρῆν
1781 1609 1796 1624 ο

225 1685 289 1742 οἵ»
315 1691 381 1759 δὴ
413 1691 509 1743 καὶ
535 1691 562 1742 6
594 1689 848 1760 βασιλεὺς
873 1688 1136 1756 γεγονὼς,
1165 1690 1257 1742 καὶ
1281 1690 1384 1741 ἀνὰ
1414 1687 1505 1740 τὸν
1529 1683 1680 1738 οἶκον
1701 1685 1801 1738 Εὑ-

229 1776 442 1845 φημίας
461 1776 562 1845 τῆς
599 1776 878 1847 μάρτυρος
909 1777 1187 1840 εἰσιόντες,
1235 1778 1369 1830 ὅπου
1403 1776 1467 1847 δὴ
1497 1777 1593 1829 καὶ
1616 1777 1644 1826 6
1670 1775 1799 1828 ταύ·

230 1884 330 1936 της
360 1869 555 1938 νεκρὸς
581 1868 779 1930 ἔκειτο,
809 1871 1005 1938 ὅρκους
1033 1886 1092 1921 τε
1117 1869 1239 1932 δοὺς
1271 1870 1366 1921 καὶ
1395 1867 1580 1922 λαϐὼν
1610 1866 1800 1930 εὔνους

231 1955 397 2024 εἶναι,
431 1960 499 2012 τὰ
549 1961 686 2012 ὅπλα
715 1977 773 2012 τε
803 1961 1117 2013 κατετίθετο
1141 1975 1157 1992 ·
1192 1959 1384 2013 ἔπειτα
1410 1960 1505 2013 καὶ
1535 1957 1672 2029 πρὸς
1701 1958 1800 2029 τὴν

234 2051 808 2106 Κωνσταντινοὺπολιν
837 2050 1238 2122 διεπεραιοῦτο,
1264 2051 1363 2122 τὴν
1384 2052 1485 2122 τῆς
1515 2053 1687 2105 ἵππου
1713 2053 1802 2104 καὶ

233 2145 411 2215 πεζῆς
441 2147 722 2215 δυνάμεως
752 2146 1050 2214 ἠγεμονίαν
1101 2147 1164 2198 ὲκ
1201 2143 1468 2214 βασιλέως
1511 2143 1666 2206 αὖθις
1707 2143 1799 2195 λα-

232 2237 368 2289 ϐὼν.
407 2237 574 2300 Δόξας
601 2237 654 2290 δὲ
686 2239 817 2305 παρ’
845 2237 1005 2301 ἀξίαν
1033 2236 1355 2304 εὐπραγεῖν,
1381 2237 1678 2304 σωφρόνως
1703 2235 1800 2303 φέ-

233 2339 354 2392 ρειν
380 2324 476 2392 οὑχ
501 2319 611 2384 οἷός
641 2340 698 2375 τε
727 2317 796 2392 ἦν
841 2324 940 2392 τὴν
975 2323 1160 2392 τιμήν.
1208 2321 1361 2374 Ἐπεὶ
1403 2322 1513 2392 γὰρ
1544 2320 1724 2384 καλῶς
1751 2322 1800 2373 nl

231 2412 505 2480 ἀποϐῆναι
535 2411 594 2464 τὸ
624 2412 842 2482 πρῶτον
872 2411 1178 2480 παράλογον
1227 2411 1453 2481 ζήτημα
1501 2409 1666 2475 ἔδοξε,
1711 2411 1802 2464 καὶ

230 2502 488 2571 δεύτερον
535 2503 809 2556 ἐπέϐαλε-ι’
863 2503 959 2559 καὶ
1011 2503 1238 2570 θόρυϐον
1277 2503 1376 2556 οὑκ
1428 2502 1708 2572 ἐλάχιστον
1735 2506 1818 2573 τῇ·

241 2594 544 2665 Ἐκκλησία
571 2596 842 2664 ἐπεχείρει
868 2598 1056 2650 κινεῖν.
1093 2594 1416 2663 Χριστιανὸς
1444 2594 1550 2664 γὰρ
1582 2594 1803 2663 ﬁneﬁn-

230 2705 341 2741 στα
384 2689 443 2740 τὸ
485 2689 645 2751 σέϐας
696 2689 954 2760 ἀκέραιον
998 2689 1272 2758 διετήρει·
1302 2688 1398 2757 τῆς
1430 2689 1538 2757 γάρ
1591 2689 1801 2759 ’Λρείου

231 2779 422 2845 λώϐης
449 2780 731 2843 ἀνάπλεως
759 2774 848 2852 ἦν.
883 2780 1108 2850 Εῖρηται
1133 2780 1177 2832 δ’
1203 2781 1332 2849 ἡμῖν
1377 2780 1527 2842 ὅπως
1561 2779 1622 2832 τὸ
1645 2781 1800 2848 γένος

231 2869 401 2924 τοῦτο
456 2872 598 2923 κατὰ
646 2873 773 2934 τοὺς
824 2871 1049 2941 χρόνους
1085 2871 1386 2932 οὑαλεντος
1434 2869 1525 2922 ἐπὶ
1559 2869 1800 2938 Οὑλφίλα

230 2964 338 3036 τὴν
376 2961 724 3030 Ἀρειανικὴν
759 2962 913 3030 παρὰ
945 2961 1194 3025 Εὑδοξίου
1229 2959 1568 3024 εἰσεδέξαντο
1582 2960 1763 3029 λύμην
1786 2977 1798 2989 ·

1894 511 2152 571 minatus,
2194 519 2308 560 tum
2348 511 2510 561 verba
2546 518 2766 574 quoque
2798 503 2862 556 ad
2899 515 3009 554 rem
3048 498 3220 566 ipsam
3274 509 3466 547 comu-

1893 599 1976 653 lit.
2026 598 2162 654 Cum
2197 615 2326 652 vero
2351 597 2422 651 ita
2455 597 2620 650 urbes
2665 593 2990 655 Orientales,
3022 591 3253 644 maxime
3284 596 3464 641 autem

1895 691 2084 758 quzein
2119 687 2243 743 Asia
2267 688 2398 742 etad
2434 688 2669 742 Pontum
2700 683 2972 737 Euxinum
3001 691 3147 741 sunt.
3168 681 3221 731 in
3253 693 3467 733 summo

1895 794 2248 837 versarentur
2283 780 2650 836 discrimine:
2712 777 3014 846 imperator
3044 790 3149 826 una
3204 787 3326 825 cum
3389 772 3469 825 cis

1898 875 1990 944 qui
2021 890 2207 929 secum
2246 881 2404 928 erant
2436 870 2648 928 amicis.
2689 884 2798 922 non
2825 867 3034 920 diutius
3089 863 3461 918 cumztandum

1900 983 2023 1021 esse
2054 965 2292 1020 censuit.
2325 963 2480 1030 Quod
2515 977 2622 1016 non
2653 969 2825 1014 tutum
2883 969 3028 1012 esset
3076 954 3469 1024 rempublicam

1899 1059 2196 1113 Romanam
2241 1055 2313 1109 ita
2363 1070 2392 1108 a
2434 1055 2600 1108 rebus
2668 1051 2924 1104 omnibus
2962 1049 3286 1116 imparatam
3345 1058 3466 1098 esse

1905 1162 2096 1203 Contra
2129 1147 2276 1202 viros
2304 1146 2398 1215 qui
2433 1145 2487 1199 in
2522 1151 2756 1198 mortem
2786 1153 3010 1196 ruerent
3037 1149 3090 1192 et
3121 1139 3187 1191 de
3224 1138 3329 1190 vita
3385 1153 3472 1191 sc-

1900 1238 2009 1292 mel
2039 1236 2449 1304 desperassent.
2496 1231 2752 1302 Temperi
2787 1241 2971 1284 autem
3006 1227 3330 1289 inseriiens,
3357 1235 3474 1278 arte

1899 1340 1956 1382 et
2010 1326 2246 1381 consilio
2320 1323 2618 1378 barbarum
2643 1332 2730 1378 est
2753 1336 3054 1392 aggressus.
3087 1319 3155 1372 Et
3183 1317 3362 1371 missis
3407 1315 3472 1369 ad

1908 1415 2138 1471 Gainam
2171 1412 2388 1483 legatis,
2409 1422 2668 1481 paratum
2694 1411 2756 1463 'se
2783 1423 2924 1473 esse,
2978 1421 3098 1476 qum
3129 1404 3218 1456 ille
3243 1410 3492 1471 peteret,

1896 1508 2080 1561 facere
2109 1503 2474 1559 renuntiavit:
2511 1512 2626 1556 tum
2669 1511 2874 1563 autem,
2921 1513 3021 1562 per
3053 1497 3218 1549 vitam
3253 1508 3488 1548 onmem

1898 1606 2088 1668 postea
2109 1605 2326 1666 gratum
2390 1608 2515 1648 eum
2554 1592 2657 1648 sibi
2704 1592 2822 1645 fore
2865 1588 3094 1658 recepit.
3154 1585 3376 1654 Accepit
3430 1585 3481 1637 is

1901 1688 2302 1749 conditionem,
2335 1700 2514 1754 neque
2550 1683 2699 1737 aliud
2757 1682 2916 1752 petiit
2949 1680 3249 1750 quidquam
3310 1692 3474 1745 quam

1903 1789 1960 1834 ut
1984 1780 2035 1834 ei
2075 1778 2408 1832 Saturninus
2439 1787 2497 1830 et
2559 1777 2908 1838 Aurelianus,
2941 1770 3290 1834 exconsules,
3339 1783 3478 1836 quas

1903 1870 2187 1924 adversari
2217 1869 2324 1922 sibi
2349 1867 2758 1936 suSpicabatur,
2791 1864 3148 1919 dederentur.
3180 1865 3480 1930 Imperator

1903 1961 1984 2014 vel
2017 1958 2220 2013 invitus
2248 1959 2294 2012 ei
2326 1957 2431 2011 ltoc
2467 1957 2690 2011 tribuit.
2719 1956 2899 2024 Atque
2940 1953 3016 2008 illi
3050 1967 3149 2022 pro
3197 1951 3476 2020 republica

1902 2058 2135 2104 mortem
2167 2048 2320 2102 obire
2352 2046 2548 2117 parati.
2580 2063 2638 2100 se
2669 2045 3020 2115 imperatoris
3053 2041 3309 2114 potestati
3354 2057 3478 2110 per-

1903 2142 2116 2196 misere.
2155 2141 2342 2208 ltaque
2373 2140 2558 2194 Gaina-
2599 2137 2767 2191 dediti
2805 2144 2933 2191 sunt
2965 2152 2978 2188 :
3008 2135 3212 2206 quibus
3250 2135 3344 2187 ille
3383 2148 3472 2185 re-

1903 2232 2076 2301 ceptis
2108 2231 2376 2301 pepercit;
2413 2242 2466 2284 et
2520 2229 2712 2283 sedqu
2743 2227 2889 2298 quod
2949 2228 3183 2280 maxime
3217 2225 3480 2294 cupiebat

1902 2322 2271 2384 dissimulans.
2293 2320 2694 2376 Clialcedoncm
2730 2318 2975 2380 advenit,
2999 2317 3089 2370 ubi
3118 2317 3281 2371 etiam
3312 2315 3481 2382 impe-

1907 2425 2053 2468 rator
2094 2414 2214 2466 fuit.
2256 2414 2433 2482 Atque
2501 2413 2574 2466 ibi
2633 2411 2771 2465 diva:
2854 2409 3172 2478 Euphemia:
3227 2409 3483 2476 martyris

1910 2504 2196 2573 templum.
2233 2505 2286 2558 in
2321 2521 2429 2573 quo
2477 2507 2711 2559 cadaver
2748 2505 2895 2560 illius
2923 2501 3204 2558 conditum
3259 2509 3360 2557 est.
3399 2499 3484 2550 in-

1904 2597 2098 2668 gressi,
2133 2607 2358 2668 accepta
2385 2599 2501 2668 ipse
2532 2609 2588 2654 et
2630 2599 2753 2654 data
2807 2613 2903 2668 per
2932 2595 3296 2667 juiisjurandi
3357 2593 3482 2646 reli-

1903 2691 2122 2761 gionem
2151 2691 2275 2756 ﬁde,
2301 2691 2629 2746 benevolum
2648 2707 2706 2745 se
2735 2699 2790 2746 et
2821 2689 3130 2744 olliciosum
3162 2687 3302 2747 fore.
3333 2700 3483 2736 arma

1902 2782 2190 2850 deposuit:
2224 2791 2279 2837 et
2332 2782 2534 2838 deinde
2562 2781 3104 2850 Constantinopolim
3144 2776 3477 2836 transmisit.

1905 2873 1996 2926 ubi
2027 2888 2238 2926 rursum
2271 2873 2516 2942 equitum
2551 2883 2608 2927 et
2638 2872 2883 2943 peditum
2937 2885 3122 2926 curam
3161 2879 3218 2923 et
3245 2867 3482 2922 admini-

1903 2965 2222 3028 stratiOpem
2243 2965 2311 3017 ab
2329 2964 2654 3032 imperatore
2674 2964 2934 3031 suscepit.
2959 2963 3053 3016 Ast
3073 2961 3164 3014 ubi
3183 2970 3379 3027 praeter
3397 2957 3477 3017 di-

229 3053 265 3119 ἢ
305 3053 436 3119 γοῦν
469 3053 532 3119 τῇ
566 3053 704 3121 ῥοπῇ
755 3050 850 3103 τοὺ
881 3052 1077 3103 νεωστὶ
1120 3049 1384 3120 μεγέθους
1417 3050 1802 3121 φιλοτιμούμε-

1907 3054 2166 3123 guitatcm
2199 3070 2350 3108 suam
2383 3053 2654 3108 secundas
2679 3053 2782 3108 sibi
2823 3068 2944 3108 esse
2974 3067 3063 3106 res
3113 3050 3273 3110 vidit.
3309 3052 3477 3102 llOllOr

230 3145 404 3212 νος,ἢ
435 3143 564 3205 ἴσως
595 3145 690 3196 καὶ
730 3142 880 3212 παρὰ
909 3143 1016 3196 τῶν
1047 3143 1145 3212 τῆς
1193 3143 1454 3212 αἱρέσεως
1483 3143 1801 3212 ἡγουμένων

229 3235 612 3296 ἁναπιισοεὶς,
671 3235 802 3303 μίαν
859 3235 979 3304 ᾔτει
1023 3234 1112 3286 τὸν
1158 3234 1470 3306 κρατοῦντα
1504 3234 1804 3302 ἐκκλησίαν

228 3329 383 3381 ἔνδον
439 3328 538 3397 τῆς
576 3331 781 3389 πόλεως
841 3328 984 3398 ἔχειν
1030 3329 1160 3390 τοὺς
1191 3328 1258 3381 τὰ
1309 3327 1401 3380 τσα
1448 3329 1639 3398 ἐκείνῳ
1669 3327 1804 3398 θρηο

234 3415 531 3476 σκεὺοντας
563 3416 762 3481 ἱερεῖς’
814 3415 1266 3484 ἐπιμεμφόμενος
1317 3415 1362 3467 δ’
1396 3414 1607 3484 ὥσπερ,
1667 3415 1802 3484 μηδὲ

231 3507 349 3574 γὰρ
405 3504 683 3571 προσῆκον
715 3500 857 3557 εἶναι
901 3505 1091 3572 έλεγε,
1162 3503 1450 3572 Ῥωμαίων
1501 3505 1805 3575 στρατηγὸν

229 3595 389 3658 ὄντα,
427 3594 530 3659 ἔξω
573 3595 770 3666 τειχῶν
827 3594 1262 3666 ἐκκλησιάζοντα
1323 3595 1599 3664 εὔχεσθαι.
1643 3596 1702 3647 'O
1751 3595 1806 3648 δὲ

233 3683 493 3751 βασιλεὺς
518 3686 580 3735 τὸ
607 3683 704 3748 τῆς
740 3681 952 3734 ἐκείνου
1005 3682 1233 3750 γνώμης
1262 3681 1496 3734 ἄστατον
1529 3678 1804 3744 δεδοικὼς,

231 3775 334 3826 καὶ
388 3773 488 3842 τὴν
561 3774 1020 3844 προσδοκωμένην
1079 3772 1433 3844 ὑφορώμενος
1491 3772 1805 3844 τυραννίδα,

231 3867 566 3937 Θεραπεὺειν
594 3867 905 3935 ὑπισχνεῖτο
935 3882 948 3896 ⁸
996 3869 1090 3920 καὶ
1121 3866 1340 3935 πέμψας
1362 3865 1438 3934 τῷ
1475 3863 1604 3934 Θείῳ
1639 3863 1809 3932 πατρὶ

231 3959 493 4026 διεμήνυε
515 3957 608 4010 τοῦ
646 3956 919 4027 βαρϐάρου
948 3957 1044 4025 τὴν
1071 3955 1314 4025 αἴτησινο
1341 3955 1718 4024 ἀνεμίμνησκε
1750 3971 1806 4006 τε

231 4049 338 4116 τὴν
371 4048 716 4110 δυναστείαν,
770 4047 865 4100 καὶ
911 4047 1010 4116 τὴν
1064 4047 1451 4116 μελετωμένην
1489 4047 1812 4114 ὑπῃνίττετο

232 4140 556 4209 τυραννίδα.
588 4141 696 4191 Καὶ
741 4139 902 4206 δῆλος
930 4133 1018 4208 ἦν,
1055 4137 1239 4207 ἱκέτης
1285 4138 1574 4205 γενόμενος
1603 4136 1806 4203 δοῦναι,

235 4233 315 4292 ὡς
342 4231 406 4283 ἂν
431 4233 496 4300 τῇ
533 4230 680 4282 δόσει
713 4228 994 4301 χαλινώσῃ
1034 4227 1126 4281 τὸν
1158 4230 1252 4281 τοὺ
1302 4228 1581 4298 βαρϐάρου
1617 4229 1807 4298 Θυμόν.

249 4325 315 4376 Ὀ
345 4324 398 4376 δὲ
428 4323 568 4385 θεῖος
593 4323 798 4384 ἐκεῖνος
830 4321 971 4392 ἀνὴρ
1002 4322 1077 4392 τῷ
1110 4322 1386 4392 λεγομένῳ
1410 4323 1614 4392 ἥκιστα
1638 4323 1814 4389 πέρας

1912 3161 2024 3200 rem
2051 3161 2242 3201 rursus
2266 3162 2391 3199 eum
2418 3146 2700 3200 moderate
2731 3145 2874 3199 ferre
2894 3161 3000 3198 non
3031 3142 3226 3214 potuit.
3247 3141 3308 3194 Et
3331 3149 3482 3210 post-

1910 3254 2070 3306 quam
2095 3238 2300 3306 primus
2327 3239 2376 3292 ei
2415 3248 2608 3307 praeter
2637 3238 2904 3292 rationem
2935 3246 3224 3304 susceptus
3252 3244 3486 3291 conatus

1911 3348 1977 3385 ex
2019 3333 2293 3386 sententia
2331 3333 2619 3394 successit.
2653 3333 2821 3386 alium
2875 3346 3093 3400 quoque
3160 3328 3486 3382 tentandum

1910 3423 2013 3477 sibi
2043 3439 2162 3477 esse
2191 3423 2403 3485 statuit,
2430 3432 2484 3476 et
2513 3422 2805 3477 tumultum
2839 3436 2948 3479 non
2984 3420 3267 3474 minimum
3299 3419 3485 3471 Eccle-

1914 3516 2010 3569 siae
2033 3514 2195 3568 conci
2212 3523 2328 3569 tare
2347 3529 2637 3584 aggressus
2660 3512 3124 3568 est.Cliri31ianus
3150 3511 3236 3563 ille
3265 3510 3484 3578 quidem

1913 3604 2036 3667 fuit,
2090 3607 2182 3658 sed
2247 3604 2563 3670 religionem
2621 3604 2892 3658 sinceram
2929 3617 3034 3654 non
3068 3601 3337 3653 servavit:
3368 3598 3484 3652 Arii

1912 3699 2058 3750 enim
2095 3705 2246 3766 peste
2302 3694 2540 3749 infectus
2593 3703 2731 3748 erat.
2794 3693 3042 3747 Diximus
3102 3691 3265 3763 356
3302 3697 3482 3742 autem

1915 3795 2100 3849 antea,
2132 3801 2242 3855 quo
2278 3785 2443 3839 modo
2475 3801 2610 3855 gens
2635 3801 2695 3838 ea
2738 3783 2980 3840 Valentis
3017 3785 3354 3852 tctnpuribus
3384 3781 3485 3834 sub

1914 3875 2126 3947 Ulphila
2155 3877 2222 3930 ab
2252 3877 2502 3932 Eudoxio
2555 3877 2811 3930 Arianam
2872 3876 3145 3944 receperit
3199 3867 3481 3939 contagio-

1916 3983 2063 4022 nem.
2102 3967 2288 4037 Itaque
2319 3967 2436 4024 sive
2495 3967 2736 4021 recentis
2788 3967 3049 4020 facinoris
3113 3963 3484 4033 magnitudine

1914 4060 2110 4120 elatus.
2137 4073 2235 4114 seu
2264 4059 2403 4113 forte
2428 4059 2496 4112 ab
2518 4058 2889 4128 antesignanis
2912 4058 3133 4112 lueresis
3165 4070 3480 4125 persuasus,

1915 4163 2126 4208 sacram
2175 4164 2336 4202 unam
2389 4150 2560 4204 :ndem
2593 4149 2734 4204 intra
2785 4149 2978 4202 urbem
3008 4145 3483 4202 consentientibus

1921 4239 2027 4295 sibi
2049 4240 2103 4294 in
2132 4240 2396 4310 religione
2426 4241 2810 4296 sacerdotibus
2835 4241 2903 4294 ab
2941 4243 3269 4309 imperatore
3298 4248 3487 4307 postu-

1917 4330 2070 4387 lavit.
2104 4332 2271 4400 ldque
2306 4332 2474 4386 veluti
2505 4333 2844 4402 exprobrans
2873 4331 3020 4391 fecit.
3047 4331 3270 4385 minime
3291 4344 3488 4383 conved

240 4415 434 4476 ἐδίδου,
472 4413 587 4467 ἀλλ’
621 4414 730 4466 οὐδ’
780 4413 1093 4483 ἐφησύχαζε
1128 4411 1204 4482 τῷ
1259 4413 1438 4482 καιρῷ
1460 4427 1473 4441 ·
1520 4411 1654 4466 ἀλλὰ
1686 4417 1803 4477 τοὺς

1913 4423 2030 4477 nire
2051 4423 2261 4484 dicens.
2295 4431 2352 4478 ut
2381 4425 2496 4494 ipse
2527 4422 2782 4478 Romanae
2819 4423 3025 4477 militia:
3053 4424 3187 4484 dux,
3220 4423 3274 4475 in
3300 4421 3480 4476 eccle-

240 4505 578 4568 ἐπισκᾶπους
608 4504 785 4557 λαϐὼν
811 4505 928 4557 ὅσοι
975 4505 1228 4574 τηνικάδε
1275 4507 1339 4576 τῇ
1395 4505 1812 4560 Κωνσταντίνου

245 4601 526 4667 παρῆσαν,
562 4597 695 4665 πρὸς
722 4597 792 4650 τὰ
841 4598 1090 4668 βασίλεια
1119 4597 1311 4668 ᾤχετο.
1348 4598 1454 4651 Καὶ
1487 4597 1680 4669 πρῶτα
1715 4599 1815 4666 μὲν

240 4689 311 4742 δι’
342 4688 539 4742 ἑαυτοῦ
589 4690 804 4759 βασιλεῖ
851 4691 1116 4757 γενναίως
1139 4691 1230 4743 τὸν
1255 4690 1522 4756 ἀπόλογον
1556 4692 1810 4755 ἐποιεῖτο,

248 4799 269 4833 ι
309 4779 394 4849 Μὴ
418 4781 483 4852 δὴ
516 4780 672 4841 οὑτω,
703 4781 899 4848 λέγων,
923 4780 1168 4850 βασιλεῦ,
1194 4781 1480 4850 ὑπισχνοῦ,
1517 4779 1812 4850 μηδάίροῦ

241 4873 456 4940 ῥίπτειν
492 4871 632 4924 οὕτω
655 4873 720 4923 τὰ
752 4872 882 4939 ἅγια
909 4874 1019 4933 τοῖς
1051 4872 1227 4926 κυσίν.
1263 4872 1398 4924 Οὐδὲ
1423 4871 1528 4940 γὰρ
1551 4871 1813 4940 ἀνέξομαι

239 4965 373 5028 τοὺς
406 4965 503 5034 μὲν
533 4964 708 5033 ὀρθῶς
732 4964 793 5018 τὸ
825 4963 967 5015 θεῖον
997 4962 1382 5032 Θεολογοῦντας
1409 4963 1676 5028 ὲὶαῦνειν,
1700 4964 1813 5024 τοῖς

239 5055 304 5108 δὲ
326 5057 444 5108 κατ’
482 5056 691 5108 ἐκείνου
719 5055 1039 5125 βλάσφημον
1061 5056 1272 5108 κινοῦσι
1303 5055 1549 5123 γλῶτταν
1579 5054 1640 5107 τὸ
1669 5056 1811 5107 Θεῖον

237 5147 468 5216 τέμενος
500 5147 780 5210 ἐκδιδόναι.
815 5147 962 5216 Μηδὲ
1015 5147 1106 5198 τόν
1143 5145 1422 5215 βάρϐαρον
1452 5147 1659 5198 ἐκεῖνον
1704 5145 1814 5198 δεῖ⁴

242 5255 343 5308 an;
370 5255 384 5269 ·
417 5238 532 5291 ἀλλ’
561 5237 727 5305 ἄμφω
760 5237 1016 5303 καλέσας,
1058 5237 1120 5289 σὺ
1155 5238 1254 5306 μὲν
1289 5238 1464 5307 ἡσυχῆ
1500 5237 1607 5289 τῶν
1636 5236 1812 5305 λόγων

241 5331 486 5382 ἐπάκουε
506 5342 522 5357 ⁶
556 5329 665 5396 ἐγὼ
695 5329 750 5382 δὲ
791 5328 1006 5397 χαλινὸν
1039 5329 1285 5397 ἐπιθήσω
1315 5331 1380 5397 τῆ
1407 5316 1672 5398 ’γλώττῃ,
1719 5328 1814 5380 καὶ⁸

238 5419 421 5473 πείσω
478 5421 682 5491 ἥκιστα
740 5423 950 5482 αἰτεῖ),
988 5422 1022 5474 ἃ
1088 5421 1163 5490 μὴ
1216 5422 1483 5490 συμφέρει
1528 5419 1748 5472 διδόναι.
1787 5438 1806 5470 ι

247 5511 474 5573 Ἡσθεὶς
529 5511 586 5564 δὲ
621 5516 731 5574 τοῖς
762 5513 1077 5581 εἰρημένοις
1123 5515 1150 5565 6
1182 5512 1462 5582 βασιλεὺς,
1516 5513 1612 5564 καὶ
1641 5511 1812 5579 ἄμφω

237 5605 306 5671 τῇ
337 5603 600 5672 ὑστεραία
651 5605 1056 5672 μετεστέλλετο.
1105 5604 1244 5656 Ἀλλ’
1273 5607 1300 5657 6
1331 5604 1429 5672 μὲν
1480 5605 1678 5666 Γαῖνᾶς
1717 5605 1814 5657 πέ-

243 5710 342 5762 ρας
371 5694 490 5774 ᾔτει
525 5697 634 5759 τοῖς
669 5695 1094 5764 ἐπηγγελμένοις
1119 5712 1130 5726 ο
1165 5697 1191 5749 6
1217 5695 1269 5756 δὲ
1292 5697 1388 5767 τὴν
1412 5694 1656 5764 γλῶτταν
1681 5713 1812 5765 χρυ-

1914 4514 1992 4568 sia
2019 4521 2174 4568 extra
2206 4514 2360 4569 urbis
2415 4515 2613 4568 mmnia
2639 4507 2783 4568 oret.
2813 4513 3117 4582 Imperator
3171 4515 3484 4567 inconstan-

1918 4605 2046 4658 tiam
2073 4604 2244 4659 animi
2277 4605 2397 4675 ejus
2438 4615 2708 4668 metuens,
2740 4605 3201 4674 tyrannidemque
3233 4619 3349 4672 qua:
3419 4604 3485 4656 ab

1914 4713 1980 4751 eo
2000 4697 2433 4765 exspectabatur.
2460 4704 2769 4765 suspectam
2790 4675 3018 4758 habens,
3044 4693 3480 4747 deliberaturum

1916 4805 1998 4852 se,
2026 4791 2186 4860 eique
2218 4790 2595 4844 consulturum
2622 4802 2742 4841 esse
2767 4786 2991 4854 recepit.
3011 4785 3077 4840 Et
3109 4794 3262 4854 patre
3292 4785 3478 4837 divino

1913 4879 2111 4942 accito,
2173 4879 2490 4948 petitionem
2557 4876 2773 4931 barbari
2833 4875 3113 4940 indicavit,
3158 4876 3485 4945 potentiam-

1913 4983 2018 5038 que
2031 4968 2274 5038 ejusdem
2294 4968 2346 5021 in
2371 4966 2770 5024 memoriamilli
2791 4965 3154 5030 revocavit,et
3168 4965 3478 5019 meditatam

1913 5061 2321 5130 expetitamque
2352 5059 2694 5129 tyrannidem
2721 5058 3053 5112 insinuavit:
3082 5058 3366 5111 manifeste
3389 5057 3482 5110 de-

1916 5153 2079 5222 nique
2109 5151 2260 5214 visus
2292 5159 2395 5214 est,
2434 5164 2490 5204 se
2528 5149 2604 5202 illi
2645 5150 2799 5218 quasi
2849 5151 3178 5220 supplicem.
3208 5149 3352 5217 qunti
3387 5164 3481 5217 pe-

1916 5253 2052 5298 teret
2086 5243 2338 5294 daturum
2374 5256 2518 5305 esse,
2555 5242 2889 5312 signiﬁcare,
2929 5249 2985 5294 ut
3044 5240 3312 5310 ejusmodi
3349 5256 3479 5292 eon-

1913 5332 2160 5387 cessione
2198 5332 2408 5386 barbari
2441 5333 2680 5387 furorem
2722 5334 2982 5386 frenaret.
3036 5331 3263 5385 Divinus
3293 5344 3474 5385 autem

1919 5425 2005 5478 ille
2037 5423 2118 5476 vir
2153 5439 2257 5476 non
2304 5437 2496 5492 passus
2525 5435 2609 5477 est
2644 5423 2805 5476 verba
2845 5437 2905 5475 ea
2947 5423 3012 5475 ad
3047 5423 3251 5478 exitum
3291 5439 3486 5491 pervia.

1917 5515 2058 5579 nire,
2103 5529 2283 5584 neque
2317 5514 2548 5582 tempori
2572 5514 2735 5566 cessit
2767 5532 2778 5565 :
2814 5512 2906 5566 sed
2939 5513 3212 5581 episcopis
3241 5519 3332 5582 qui
3370 5523 3482 5565 tmn

1916 5605 2382 5674 Constantinopoli
2401 5605 2643 5668 adt-rant,
2671 5619 2855 5658 secum
2874 5604 3072 5665 ductis,
3096 5605 3295 5673 regiam
3317 5609 3486 5674 impn-

1920 5695 2114 5759 raturis
2140 5694 2416 5762 ingrchus
2437 5704 2532 5748 γει.
2567 5695 2624 5747 Et
2651 5695 3001 5772 perscipsum
3025 5697 3257 5766 primum
3291 5715 3486 5774 magno
