  <div class='ocr_page' id='page_1' title='image "/cluster/home/n/w/nwhite01/storage/ocr_20150623/146/hvd.32044073502601/518.png"; bbox 0 0 3898 6192; ppageno 0'>
   <div class='ocr_carea' id='block_1_1' title="bbox 244 282 356 347">
    <p class='ocr_par' dir='ltr' id='par_1_1' title="bbox 244 282 356 347">
     <span class='ocr_line' id='line_1_1' title="bbox 244 282 356 347; baseline 0 0"><span class='ocrx_word' id='word_1_1' title='bbox 244 282 356 347; x_wconf 71' lang='grc'><strong>949</strong></span> 
     </span>
    </p>
   </div>
   <div class='ocr_carea' id='block_1_2' title="bbox 1170 274 1812 344">
    <p class='ocr_par' dir='ltr' id='par_1_2' title="bbox 1170 277 1812 340">
     <span class='ocr_line' id='line_1_2' title="bbox 1170 277 1812 340; baseline -0.003 -2"><span class='ocrx_word' id='word_1_2' title='bbox 1170 277 1758 340; x_wconf 65' lang='grc' dir='ltr'>ΕεςιΕειΑεΤιατ</span> <span class='ocrx_word' id='word_1_3' title='bbox 1799 279 1812 336; x_wconf 92' lang='lat' dir='ltr'><strong>l</strong></span> 
     </span>
    </p>
   </div>
   <div class='ocr_carea' id='block_1_3' title="bbox 1917 274 3160 344">
    <p class='ocr_par' dir='ltr' id='par_1_3' title="bbox 1917 274 3160 344">
     <span class='ocr_line' id='line_1_3' title="bbox 1917 274 3160 344; baseline -0.009 -11"><span class='ocrx_word' id='word_1_4' title='bbox 1917 279 2072 337; x_wconf 64' lang='lat' dir='ltr'><strong>LTOR</strong></span> <span class='ocrx_word' id='word_1_5' title='bbox 2086 277 2175 336; x_wconf 73' lang='lat' dir='ltr'><strong>LE</strong></span> <span class='ocrx_word' id='word_1_6' title='bbox 2217 277 2357 338; x_wconf 84' lang='lat' dir='ltr'><strong>LIB.</strong></span> <span class='ocrx_word' id='word_1_7' title='bbox 2396 275 2471 344; x_wconf 82' lang='lat' dir='ltr'><strong>Xl</strong></span> <span class='ocrx_word' id='word_1_8' title='bbox 2490 274 2560 334; x_wconf 83' lang='lat' dir='ltr'><strong>ll.</strong></span> <span class='ocrx_word' id='word_1_9' title='bbox 3075 288 3160 323; x_wconf 64' lang='grc' dir='ltr'><strong>εκ»,</strong></span> 
     </span>
    </p>
   </div>
   <div class='ocr_carea' id='block_1_4' title="bbox 3361 271 3464 331">
    <p class='ocr_par' dir='ltr' id='par_1_4' title="bbox 3361 271 3464 331">
     <span class='ocr_line' id='line_1_4' title="bbox 3361 271 3464 331; baseline 0.01 -3"><span class='ocrx_word' id='word_1_10' title='bbox 3361 271 3464 331; x_wconf 58' lang='grc' dir='ltr'><strong>ξἰὗῖ</strong></span> 
     </span>
    </p>
   </div>
   <div class='ocr_carea' id='block_1_5' title="bbox 246 377 1812 464">
    <p class='ocr_par' dir='ltr' id='par_1_5' title="bbox 246 390 1808 464">
     <span class='ocr_line' id='line_1_5' title="bbox 246 390 1808 464; baseline -0.003 -18"><span class='ocrx_word' id='word_1_11' title='bbox 246 394 537 464; x_wconf 72' lang='grc' dir='ltr'><strong>γινομένης</strong></span> <span class='ocrx_word' id='word_1_12' title='bbox 562 393 611 446; x_wconf 81' lang='lat' dir='ltr'><strong>oi</strong></span> <span class='ocrx_word' id='word_1_13' title='bbox 648 391 738 446; x_wconf 82' lang='grc' dir='ltr'><strong>τδν</strong></span> <span class='ocrx_word' id='word_1_14' title='bbox 776 390 1006 444; x_wconf 87' lang='grc' dir='ltr'>πλοῦτον</span> <span class='ocrx_word' id='word_1_15' title='bbox 1034 390 1385 461; x_wconf 82' lang='grc' dir='ltr'>προτιθέντες</span> <span class='ocrx_word' id='word_1_16' title='bbox 1413 392 1652 461; x_wconf 72' lang='grc' dir='ltr'>δημοσία</span> <span class='ocrx_word' id='word_1_17' title='bbox 1676 391 1808 460; x_wconf 79' lang='grc' dir='ltr'>πρόο</span> 
     </span>
    </p>
   </div>
   <div class='ocr_carea' id='block_1_6' title="bbox 1917 377 3473 464">
    <p class='ocr_par' dir='ltr' id='par_1_6' title="bbox 1917 377 3473 457">
     <span class='ocr_line' id='line_1_6' title="bbox 1917 377 3473 457; baseline -0.006 -16"><span class='ocrx_word' id='word_1_18' title='bbox 1917 389 2044 442; x_wconf 85' lang='lat' dir='ltr'><strong>sitas</strong></span> <span class='ocrx_word' id='word_1_19' title='bbox 2098 389 2378 457; x_wconf 83' lang='lat' dir='ltr'><strong>impetum.</strong></span> <span class='ocrx_word' id='word_1_20' title='bbox 2413 387 2591 441; x_wconf 77' lang='lat' dir='ltr'><strong>facere</strong></span> <span class='ocrx_word' id='word_1_21' title='bbox 2628 379 2935 441; x_wconf 70' lang='lat' dir='ltr'><strong>constituit,</strong></span> <span class='ocrx_word' id='word_1_22' title='bbox 2975 377 3208 432; x_wconf 75' lang='lat' dir='ltr'><strong>maxima</strong></span> <span class='ocrx_word' id='word_1_23' title='bbox 3253 379 3473 444; x_wconf 69' lang='lat' dir='ltr'><strong>illaspe</strong></span> 
     </span>
    </p>
   </div>
   <div class='ocr_carea' id='block_1_7' title="bbox 245 481 1806 556">
    <p class='ocr_par' dir='ltr' id='par_1_7' title="bbox 245 481 1806 556">
     <span class='ocr_line' id='line_1_7' title="bbox 245 481 1806 556; baseline -0.003 -20"><span class='ocrx_word' id='word_1_24' title='bbox 245 501 430 556; x_wconf 73' lang='grc' dir='ltr'>χειρον</span> <span class='ocrx_word' id='word_1_25' title='bbox 479 483 840 552; x_wconf 71' lang='grc' dir='ltr'>ἐφυλάξαντο,</span> <span class='ocrx_word' id='word_1_26' title='bbox 898 481 1192 552; x_wconf 72' lang='grc' dir='ltr'>βαρϐάρων</span> <span class='ocrx_word' id='word_1_27' title='bbox 1227 483 1412 549; x_wconf 80' lang='grc' dir='ltr'>στῖφος</span> <span class='ocrx_word' id='word_1_28' title='bbox 1449 483 1584 534; x_wconf 77' lang='grc' dir='ltr'>πολὺ</span> <span class='ocrx_word' id='word_1_29' title='bbox 1617 481 1806 542; x_wconf 71' lang='grc' dir='ltr'>νυκτὸς</span> 
     </span>
    </p>
   </div>
   <div class='ocr_carea' id='block_1_8' title="bbox 243 571 1811 644">
    <p class='ocr_par' dir='ltr' id='par_1_8' title="bbox 243 571 1811 644">
     <span class='ocr_line' id='line_1_8' title="bbox 243 571 1811 644; baseline -0.004 -14"><span class='ocrx_word' id='word_1_30' title='bbox 243 577 588 644; x_wconf 69' lang='grc' dir='ltr'>ἐπιπέμψας,</span> <span class='ocrx_word' id='word_1_31' title='bbox 631 577 699 629; x_wconf 84' lang='grc' dir='ltr'>τὰ</span> <span class='ocrx_word' id='word_1_32' title='bbox 745 575 993 644; x_wconf 76' lang='grc' dir='ltr'>βασίλεια</span> <span class='ocrx_word' id='word_1_33' title='bbox 1040 574 1291 627; x_wconf 81' lang='grc' dir='ltr'>ἐκέλευεν</span> <span class='ocrx_word' id='word_1_34' title='bbox 1321 575 1623 643; x_wconf 76' lang='grc' dir='ltr'>ἐμπιπρᾷν.</span> <span class='ocrx_word' id='word_1_35' title='bbox 1661 574 1724 624; x_wconf 84' lang='grc' dir='ltr'><strong>Οἱ</strong></span> <span class='ocrx_word' id='word_1_36' title='bbox 1752 571 1811 625; x_wconf 73' lang='grc' dir='ltr'><strong>δὲ·</strong></span> 
     </span>
    </p>
   </div>
   <div class='ocr_carea' id='block_1_9' title="bbox 241 663 1810 736">
    <p class='ocr_par' dir='ltr' id='par_1_9' title="bbox 241 663 1810 736">
     <span class='ocr_line' id='line_1_9' title="bbox 241 663 1810 736; baseline -0.003 -16"><span class='ocrx_word' id='word_1_37' title='bbox 241 668 499 720; x_wconf 70' lang='grc' dir='ltr'>τοσοῦτον</span> <span class='ocrx_word' id='word_1_38' title='bbox 548 667 703 720; x_wconf 76' lang='grc' dir='ltr'>οὐδὲν</span> <span class='ocrx_word' id='word_1_39' title='bbox 731 665 1130 736; x_wconf 72' lang='grc' dir='ltr'>ήνυσαν,ὦστε</span> <span class='ocrx_word' id='word_1_40' title='bbox 1184 664 1277 718; x_wconf 77' lang='grc' dir='ltr'><strong>καὶ</strong></span> <span class='ocrx_word' id='word_1_41' title='bbox 1328 668 1384 716; x_wconf 80' lang='grc' dir='ltr'>ἐν</span> <span class='ocrx_word' id='word_1_42' title='bbox 1427 665 1536 718; x_wconf 82' lang='grc' dir='ltr'>δέει</span> <span class='ocrx_word' id='word_1_43' title='bbox 1588 663 1810 732; x_wconf 85' lang='grc' dir='ltr'>μεγάλῳ</span> 
     </span>
    </p>
   </div>
   <div class='ocr_carea' id='block_1_10' title="bbox 246 755 1810 826">
    <p class='ocr_par' dir='ltr' id='par_1_10' title="bbox 246 755 1810 826">
     <span class='ocr_line' id='line_1_10' title="bbox 246 755 1810 826; baseline -0.003 -16"><span class='ocrx_word' id='word_1_44' title='bbox 246 759 534 825; x_wconf 82' lang='grc' dir='ltr'>γενόμενοι</span> <span class='ocrx_word' id='word_1_45' title='bbox 582 758 1057 826; x_wconf 80' lang='grc' dir='ltr'>καθυπέστρεφον.</span> <span class='ocrx_word' id='word_1_46' title='bbox 1123 755 1456 824; x_wconf 84' lang='grc' dir='ltr'>Παρεδείκνυ</span> <span class='ocrx_word' id='word_1_47' title='bbox 1507 755 1616 823; x_wconf 78' lang='grc' dir='ltr'>γὰρ</span> <span class='ocrx_word' id='word_1_48' title='bbox 1658 772 1810 822; x_wconf 82' lang='grc' dir='ltr'>τηνι-</span> 
     </span>
    </p>
   </div>
   <div class='ocr_carea' id='block_1_11' title="bbox 245 843 1807 916">
    <p class='ocr_par' dir='ltr' id='par_1_11' title="bbox 245 843 1807 916">
     <span class='ocr_line' id='line_1_11' title="bbox 245 843 1807 916; baseline -0.004 -14"><span class='ocrx_word' id='word_1_49' title='bbox 245 850 426 902; x_wconf 89' lang='grc' dir='ltr'>καῦτα</span> <span class='ocrx_word' id='word_1_50' title='bbox 465 850 620 912; x_wconf 77' lang='grc' dir='ltr'>Θεὸς,</span> <span class='ocrx_word' id='word_1_51' title='bbox 655 849 809 910; x_wconf 82' lang='grc' dir='ltr'>ὅπως</span> <span class='ocrx_word' id='word_1_52' title='bbox 838 847 1097 916; x_wconf 74' lang='grc' dir='ltr'><strong>προνοίας</strong></span> <span class='ocrx_word' id='word_1_53' title='bbox 1134 843 1246 914; x_wconf 80' lang='grc' dir='ltr'>εἶχε</span> <span class='ocrx_word' id='word_1_54' title='bbox 1284 848 1409 914; x_wconf 73' lang='grc' dir='ltr'>περὶ</span> <span class='ocrx_word' id='word_1_55' title='bbox 1459 847 1561 913; x_wconf 79' lang='grc' dir='ltr'>τὴν</span> <span class='ocrx_word' id='word_1_56' title='bbox 1610 846 1766 897; x_wconf 74' lang='grc' dir='ltr'>πόλιν</span> <span class='ocrx_word' id='word_1_57' title='bbox 1792 857 1807 874; x_wconf 77' lang='grc'><strong>⁸</strong></span> 
     </span>
    </p>
   </div>
   <div class='ocr_carea' id='block_1_12' title="bbox 242 936 1812 1010">
    <p class='ocr_par' dir='ltr' id='par_1_12' title="bbox 242 936 1812 1010">
     <span class='ocr_line' id='line_1_12' title="bbox 242 936 1812 1010; baseline -0.003 -17"><span class='ocrx_word' id='word_1_58' title='bbox 242 942 471 1006; x_wconf 73' lang='grc' dir='ltr'>οὐρανία</span> <span class='ocrx_word' id='word_1_59' title='bbox 500 943 605 1010; x_wconf 80' lang='grc' dir='ltr'>γάρ</span> <span class='ocrx_word' id='word_1_60' title='bbox 630 957 712 1001; x_wconf 91' lang='grc' dir='ltr'><strong>τις</strong></span> <span class='ocrx_word' id='word_1_61' title='bbox 740 939 977 1008; x_wconf 83' lang='grc' dir='ltr'>δύναμις</span> <span class='ocrx_word' id='word_1_62' title='bbox 1001 941 1345 1006; x_wconf 82' lang='grc' dir='ltr'><strong>προφανεῖσα</strong></span> <span class='ocrx_word' id='word_1_63' title='bbox 1369 939 1479 998; x_wconf 87' lang='grc' dir='ltr'>τοῖς</span> <span class='ocrx_word' id='word_1_64' title='bbox 1503 936 1812 998; x_wconf 85' lang='grc' dir='ltr'>ἐπιϐούλοις</span> 
     </span>
    </p>
   </div>
   <div class='ocr_carea' id='block_1_13' title="bbox 245 1027 1810 1101">
    <p class='ocr_par' dir='ltr' id='par_1_13' title="bbox 245 1027 1810 1101">
     <span class='ocr_line' id='line_1_13' title="bbox 245 1027 1810 1101; baseline -0.004 -17"><span class='ocrx_word' id='word_1_65' title='bbox 245 1036 304 1084; x_wconf 84' lang='grc' dir='ltr'><strong>ἐν</strong></span> <span class='ocrx_word' id='word_1_66' title='bbox 339 1033 601 1101; x_wconf 79' lang='grc' dir='ltr'>μεγάλοις</span> <span class='ocrx_word' id='word_1_67' title='bbox 631 1034 741 1093; x_wconf 85' lang='grc' dir='ltr'>τοῖς</span> <span class='ocrx_word' id='word_1_68' title='bbox 768 1030 984 1100; x_wconf 88' lang='grc' dir='ltr'>σώμασι</span> <span class='ocrx_word' id='word_1_69' title='bbox 1007 1027 1340 1098; x_wconf 70' lang='grc' dir='ltr'>κατέπληξε.</span> <span class='ocrx_word' id='word_1_70' title='bbox 1370 1029 1474 1083; x_wconf 75' lang='grc' dir='ltr'><strong>Καὶ</strong></span> <span class='ocrx_word' id='word_1_71' title='bbox 1501 1027 1810 1096; x_wconf 80' lang='grc' dir='ltr'>ἀνεχώρουν</span> 
     </span>
    </p>
   </div>
   <div class='ocr_carea' id='block_1_14' title="bbox 243 1119 1813 1190">
    <p class='ocr_par' dir='ltr' id='par_1_14' title="bbox 243 1119 1813 1190">
     <span class='ocr_line' id='line_1_14' title="bbox 243 1119 1813 1190; baseline -0.002 -18"><span class='ocrx_word' id='word_1_72' title='bbox 243 1122 478 1186; x_wconf 83' lang='grc' dir='ltr'>ἐκεῖθεν,</span> <span class='ocrx_word' id='word_1_73' title='bbox 512 1123 607 1174; x_wconf 72' lang='grc' dir='ltr'><strong>καὶ</strong></span> <span class='ocrx_word' id='word_1_74' title='bbox 648 1121 842 1174; x_wconf 82' lang='grc' dir='ltr'>θᾶττον</span> <span class='ocrx_word' id='word_1_75' title='bbox 871 1119 1307 1190; x_wconf 78' lang='grc' dir='ltr'>κατεπτηχότες,</span> <span class='ocrx_word' id='word_1_76' title='bbox 1351 1119 1613 1189; x_wconf 72' lang='grc' dir='ltr'>ἧγγελλον</span> <span class='ocrx_word' id='word_1_77' title='bbox 1643 1119 1813 1189; x_wconf 79' lang='grc' dir='ltr'>Γαῐνᾷ</span> 
     </span>
    </p>
   </div>
   <div class='ocr_carea' id='block_1_15' title="bbox 243 1211 1812 1282">
    <p class='ocr_par' dir='ltr' id='par_1_15' title="bbox 243 1211 1812 1282">
     <span class='ocr_line' id='line_1_15' title="bbox 243 1211 1812 1282; baseline 0.001 -19"><span class='ocrx_word' id='word_1_78' title='bbox 243 1213 463 1282; x_wconf 86' lang='grc' dir='ltr'>νύκτωρ</span> <span class='ocrx_word' id='word_1_79' title='bbox 494 1212 690 1281; x_wconf 86' lang='grc' dir='ltr'>νέηλυν</span> <span class='ocrx_word' id='word_1_80' title='bbox 737 1212 952 1264; x_wconf 81' lang='grc' dir='ltr'><strong>ἐπιέναι</strong></span> <span class='ocrx_word' id='word_1_81' title='bbox 983 1214 1048 1280; x_wconf 77' lang='grc' dir='ltr'>τῇ</span> <span class='ocrx_word' id='word_1_82' title='bbox 1085 1213 1242 1264; x_wconf 82' lang='grc' dir='ltr'>πόλει</span> <span class='ocrx_word' id='word_1_83' title='bbox 1289 1211 1540 1281; x_wconf 87' lang='grc' dir='ltr'>στρατόν.</span> <span class='ocrx_word' id='word_1_84' title='bbox 1585 1211 1642 1265; x_wconf 90' lang='grc' dir='ltr'>Ὀ</span> <span class='ocrx_word' id='word_1_85' title='bbox 1677 1211 1722 1266; x_wconf 82' lang='grc' dir='ltr'>δ’</span> <span class='ocrx_word' id='word_1_86' title='bbox 1751 1212 1812 1282; x_wconf 81' lang='grc' dir='ltr'><strong>ἦ·</strong></span> 
     </span>
    </p>
   </div>
   <div class='ocr_carea' id='block_1_16' title="bbox 245 1302 1812 1372">
    <p class='ocr_par' dir='ltr' id='par_1_16' title="bbox 245 1302 1812 1372">
     <span class='ocr_line' id='line_1_16' title="bbox 245 1302 1812 1372; baseline -0.001 -19"><span class='ocrx_word' id='word_1_87' title='bbox 245 1319 410 1354; x_wconf 86' lang='grc' dir='ltr'>κιστα</span> <span class='ocrx_word' id='word_1_88' title='bbox 451 1304 566 1364; x_wconf 90' lang='grc' dir='ltr'>τοῖς</span> <span class='ocrx_word' id='word_1_89' title='bbox 607 1302 922 1372; x_wconf 76' lang='grc' dir='ltr'>εἰρημένοις</span> <span class='ocrx_word' id='word_1_90' title='bbox 968 1302 1123 1368; x_wconf 77' lang='grc' dir='ltr'>ἠξίου</span> <span class='ocrx_word' id='word_1_91' title='bbox 1170 1302 1481 1366; x_wconf 75' lang='grc' dir='ltr'><strong>πιστεύειν,</strong></span> <span class='ocrx_word' id='word_1_92' title='bbox 1524 1304 1600 1370; x_wconf 86' lang='grc' dir='ltr'>μή</span> <span class='ocrx_word' id='word_1_93' title='bbox 1659 1319 1812 1364; x_wconf 86' lang='grc' dir='ltr'>τινας</span> 
     </span>
    </p>
   </div>
   <div class='ocr_carea' id='block_1_17' title="bbox 243 1391 1809 1462">
    <p class='ocr_par' dir='ltr' id='par_1_17' title="bbox 243 1391 1809 1462">
     <span class='ocr_line' id='line_1_17' title="bbox 243 1391 1809 1462; baseline 0.003 -20"><span class='ocrx_word' id='word_1_94' title='bbox 243 1392 357 1444; x_wconf 81' lang='grc' dir='ltr'><strong>τῶν</strong></span> <span class='ocrx_word' id='word_1_95' title='bbox 382 1392 657 1445; x_wconf 74' lang='grc' dir='ltr'><strong>εἰωθότων</strong></span> <span class='ocrx_word' id='word_1_96' title='bbox 679 1391 981 1460; x_wconf 85' lang='grc' dir='ltr'>ἐνδημῆσαι</span> <span class='ocrx_word' id='word_1_97' title='bbox 1005 1394 1070 1462; x_wconf 77' lang='grc' dir='ltr'>τῇ</span> <span class='ocrx_word' id='word_1_98' title='bbox 1095 1391 1244 1445; x_wconf 74' lang='grc' dir='ltr'>πόλει</span> <span class='ocrx_word' id='word_1_99' title='bbox 1271 1391 1608 1460; x_wconf 77' lang='grc' dir='ltr'><strong>στρατιώτας</strong></span> <span class='ocrx_word' id='word_1_100' title='bbox 1633 1391 1809 1453; x_wconf 76' lang='grc' dir='ltr'>εἰδώς.</span> 
     </span>
    </p>
   </div>
   <div class='ocr_carea' id='block_1_18' title="bbox 245 1482 1810 1552">
    <p class='ocr_par' dir='ltr' id='par_1_18' title="bbox 245 1482 1810 1552">
     <span class='ocr_line' id='line_1_18' title="bbox 245 1482 1810 1552; baseline 0.002 -17"><span class='ocrx_word' id='word_1_101' title='bbox 245 1483 370 1536; x_wconf 78' lang='grc' dir='ltr'><strong>Ἔτι</strong></span> <span class='ocrx_word' id='word_1_102' title='bbox 412 1483 467 1535; x_wconf 76' lang='grc' dir='ltr'>δὲ</span> <span class='ocrx_word' id='word_1_103' title='bbox 504 1485 568 1552; x_wconf 81' lang='grc' dir='ltr'>τῇ</span> <span class='ocrx_word' id='word_1_104' title='bbox 613 1482 849 1552; x_wconf 83' lang='grc' dir='ltr'>ἐχομένῃ</span> <span class='ocrx_word' id='word_1_105' title='bbox 881 1483 1038 1534; x_wconf 83' lang='grc' dir='ltr'>νυκτὶ</span> <span class='ocrx_word' id='word_1_106' title='bbox 1077 1483 1172 1535; x_wconf 66' lang='grc' dir='ltr'>καὶ</span> <span class='ocrx_word' id='word_1_107' title='bbox 1215 1483 1410 1543; x_wconf 79' lang='grc' dir='ltr'>ἄλλους</span> <span class='ocrx_word' id='word_1_108' title='bbox 1454 1484 1810 1538; x_wconf 78' lang='grc' dir='ltr'>ἀπέστελλεν.</span> 
     </span>
    </p>
   </div>
   <div class='ocr_carea' id='block_1_19' title="bbox 250 1567 1811 1644">
    <p class='ocr_par' dir='ltr' id='par_1_19' title="bbox 250 1567 1811 1644">
     <span class='ocr_line' id='line_1_19' title="bbox 250 1567 1811 1644; baseline -0.001 -20"><span class='ocrx_word' id='word_1_109' title='bbox 250 1573 342 1634; x_wconf 85' lang='grc' dir='ltr'>Ὧς</span> <span class='ocrx_word' id='word_1_110' title='bbox 371 1573 431 1626; x_wconf 72' lang='grc' dir='ltr'>δὲ</span> <span class='ocrx_word' id='word_1_111' title='bbox 460 1573 555 1626; x_wconf 78' lang='grc' dir='ltr'>καὶ</span> <span class='ocrx_word' id='word_1_112' title='bbox 583 1567 730 1626; x_wconf 74' lang='grc' dir='ltr'>οὗτοι</span> <span class='ocrx_word' id='word_1_113' title='bbox 759 1571 830 1625; x_wconf 83' lang='grc' dir='ltr'>τὰ</span> <span class='ocrx_word' id='word_1_114' title='bbox 874 1574 964 1626; x_wconf 83' lang='grc' dir='ltr'>ῐσα</span> <span class='ocrx_word' id='word_1_115' title='bbox 991 1575 1106 1634; x_wconf 83' lang='grc' dir='ltr'>τοῖς</span> <span class='ocrx_word' id='word_1_116' title='bbox 1154 1575 1444 1644; x_wconf 81' lang='grc' dir='ltr'>προτέροις</span> <span class='ocrx_word' id='word_1_117' title='bbox 1470 1572 1811 1641; x_wconf 69' lang='grc' dir='ltr'><strong>διήγγελλον,</strong></span> 
     </span>
    </p>
   </div>
   <div class='ocr_carea' id='block_1_20' title="bbox 239 1663 1809 1734">
    <p class='ocr_par' dir='ltr' id='par_1_20' title="bbox 239 1663 1809 1734">
     <span class='ocr_line' id='line_1_20' title="bbox 239 1663 1809 1734; baseline 0.001 -19"><span class='ocrx_word' id='word_1_118' title='bbox 239 1665 403 1726; x_wconf 75' lang='grc' dir='ltr'>αὐτὸς</span> <span class='ocrx_word' id='word_1_119' title='bbox 427 1664 578 1734; x_wconf 69' lang='grc' dir='ltr'>ἥκων</span> <span class='ocrx_word' id='word_1_120' title='bbox 611 1663 892 1732; x_wconf 79' lang='grc' dir='ltr'><strong>αὐτόπτης</strong></span> <span class='ocrx_word' id='word_1_121' title='bbox 944 1664 1162 1728; x_wconf 85' lang='grc' dir='ltr'>ἐγένετο</span> <span class='ocrx_word' id='word_1_122' title='bbox 1196 1663 1292 1716; x_wconf 89' lang='grc' dir='ltr'><strong>τοῦ</strong></span> <span class='ocrx_word' id='word_1_123' title='bbox 1339 1664 1648 1732; x_wconf 79' lang='grc' dir='ltr'>παραδόξου</span> <span class='ocrx_word' id='word_1_124' title='bbox 1684 1663 1809 1716; x_wconf 82' lang='grc' dir='ltr'>θεά-</span> 
     </span>
    </p>
   </div>
   <div class='ocr_carea' id='block_1_21' title="bbox 1919 471 3473 546">
    <p class='ocr_par' dir='ltr' id='par_1_21' title="bbox 1919 471 3473 546">
     <span class='ocr_line' id='line_1_21' title="bbox 1919 471 3473 546; baseline -0.006 -13"><span class='ocrx_word' id='word_1_125' title='bbox 1919 489 2226 546; x_wconf 83' lang='lat' dir='ltr'><strong>concepta,</strong></span> <span class='ocrx_word' id='word_1_126' title='bbox 2289 479 2541 544; x_wconf 83' lang='lat' dir='ltr'><strong>ingentes</strong></span> <span class='ocrx_word' id='word_1_127' title='bbox 2596 489 2652 527; x_wconf 89' lang='lat' dir='ltr'><strong>se</strong></span> <span class='ocrx_word' id='word_1_128' title='bbox 2704 471 3066 542; x_wconf 74' lang='lat' dir='ltr'><strong>pecuniarum</strong></span> <span class='ocrx_word' id='word_1_129' title='bbox 3117 485 3346 524; x_wconf 81' lang='lat' dir='ltr'><strong>acervos</strong></span> <span class='ocrx_word' id='word_1_130' title='bbox 3399 472 3473 523; x_wconf 82' lang='lat' dir='ltr'><strong>ibi</strong></span> 
     </span>
    </p>
   </div>
   <div class='ocr_carea' id='block_1_22' title="bbox 1914 560 3475 635">
    <p class='ocr_par' dir='ltr' id='par_1_22' title="bbox 1914 560 3475 635">
     <span class='ocr_line' id='line_1_22' title="bbox 1914 560 3475 635; baseline -0.006 -12"><span class='ocrx_word' id='word_1_131' title='bbox 1914 584 2264 625; x_wconf 87' lang='lat' dir='ltr'><strong>corrasurum</strong></span> <span class='ocrx_word' id='word_1_132' title='bbox 2315 582 2459 621; x_wconf 85' lang='lat' dir='ltr'><strong>esse.</strong></span> <span class='ocrx_word' id='word_1_133' title='bbox 2516 565 2676 635; x_wconf 80' lang='lat'><strong>360</strong></span> <span class='ocrx_word' id='word_1_134' title='bbox 2725 563 2830 619; x_wconf 90' lang='lat' dir='ltr'><strong>Sed</strong></span> <span class='ocrx_word' id='word_1_135' title='bbox 2877 563 3024 617; x_wconf 87' lang='lat' dir='ltr'><strong>enint</strong></span> <span class='ocrx_word' id='word_1_136' title='bbox 3073 560 3169 615; x_wconf 90' lang='lat' dir='ltr'><strong>ubi</strong></span> <span class='ocrx_word' id='word_1_137' title='bbox 3221 563 3356 630; x_wconf 85' lang='lat' dir='ltr'><strong>ejus-</strong></span> <span class='ocrx_word' id='word_1_138' title='bbox 3397 562 3475 614; x_wconf 90' lang='lat' dir='ltr'><strong>rei</strong></span> 
     </span>
    </p>
   </div>
   <div class='ocr_carea' id='block_1_23' title="bbox 1913 652 3472 728">
    <p class='ocr_par' dir='ltr' id='par_1_23' title="bbox 1913 652 3472 728">
     <span class='ocr_line' id='line_1_23' title="bbox 1913 652 3472 728; baseline -0.006 -16"><span class='ocrx_word' id='word_1_139' title='bbox 1913 660 2052 713; x_wconf 82' lang='lat' dir='ltr'><strong>fatua</strong></span> <span class='ocrx_word' id='word_1_140' title='bbox 2083 658 2290 728; x_wconf 76' lang='lat' dir='ltr'><strong>vulgari</strong></span> <span class='ocrx_word' id='word_1_141' title='bbox 2329 657 2516 726; x_wconf 73' lang='lat' dir='ltr'><strong>cmpit,</strong></span> <span class='ocrx_word' id='word_1_142' title='bbox 2543 667 2596 710; x_wconf 86' lang='lat' dir='ltr'><strong>et</strong></span> <span class='ocrx_word' id='word_1_143' title='bbox 2627 653 2944 724; x_wconf 79' lang='lat' dir='ltr'><strong>argentarii,</strong></span> <span class='ocrx_word' id='word_1_144' title='bbox 2967 652 3111 722; x_wconf 90' lang='lat' dir='ltr'><strong>quod</strong></span> <span class='ocrx_word' id='word_1_145' title='bbox 3137 659 3297 706; x_wconf 96' lang='lat' dir='ltr'><strong>antea</strong></span> <span class='ocrx_word' id='word_1_146' title='bbox 3327 652 3472 705; x_wconf 78' lang='lat' dir='ltr'><strong>fece-</strong></span> 
     </span>
    </p>
   </div>
   <div class='ocr_carea' id='block_1_24' title="bbox 1917 744 3478 819">
    <p class='ocr_par' dir='ltr' id='par_1_24' title="bbox 1917 744 3478 819">
     <span class='ocr_line' id='line_1_24' title="bbox 1917 744 3478 819; baseline -0.007 -14"><span class='ocrx_word' id='word_1_147' title='bbox 1917 760 2060 814; x_wconf 91' lang='lat' dir='ltr'><strong>rant,</strong></span> <span class='ocrx_word' id='word_1_148' title='bbox 2101 750 2364 819; x_wconf 82' lang='lat' dir='ltr'><strong>pecunias</strong></span> <span class='ocrx_word' id='word_1_149' title='bbox 2399 764 2528 802; x_wconf 87' lang='lat' dir='ltr'><strong>suas</strong></span> <span class='ocrx_word' id='word_1_150' title='bbox 2553 757 2607 802; x_wconf 89' lang='lat' dir='ltr'><strong>et</strong></span> <span class='ocrx_word' id='word_1_151' title='bbox 2637 762 2769 815; x_wconf 90' lang='lat' dir='ltr'><strong>opes</strong></span> <span class='ocrx_word' id='word_1_152' title='bbox 2791 746 3011 816; x_wconf 87' lang='lat' dir='ltr'><strong>publice</strong></span> <span class='ocrx_word' id='word_1_153' title='bbox 3045 745 3101 798; x_wconf 92' lang='lat' dir='ltr'><strong>in</strong></span> <span class='ocrx_word' id='word_1_154' title='bbox 3137 744 3342 797; x_wconf 86' lang='lat' dir='ltr'><strong>mensis</strong></span> <span class='ocrx_word' id='word_1_155' title='bbox 3371 758 3478 795; x_wconf 90' lang='lat' dir='ltr'><strong>non</strong></span> 
     </span>
    </p>
   </div>
   <div class='ocr_carea' id='block_1_25' title="bbox 1916 834 3477 910">
    <p class='ocr_par' dir='ltr' id='par_1_25' title="bbox 1916 834 3477 910">
     <span class='ocr_line' id='line_1_25' title="bbox 1916 834 3477 910; baseline -0.006 -14"><span class='ocrx_word' id='word_1_156' title='bbox 1916 857 2282 910; x_wconf 86' lang='lat' dir='ltr'><strong>proposuere,</strong></span> <span class='ocrx_word' id='word_1_157' title='bbox 2333 840 2610 910; x_wconf 80' lang='lat' dir='ltr'><strong>ingentem</strong></span> <span class='ocrx_word' id='word_1_158' title='bbox 2662 837 3028 891; x_wconf 87' lang='lat' dir='ltr'><strong>Barbarorum</strong></span> <span class='ocrx_word' id='word_1_159' title='bbox 3057 835 3166 889; x_wconf 90' lang='lat' dir='ltr'><strong>vim</strong></span> <span class='ocrx_word' id='word_1_160' title='bbox 3209 843 3375 889; x_wconf 81' lang='lat' dir='ltr'><strong>noctu</strong></span> <span class='ocrx_word' id='word_1_161' title='bbox 3411 834 3477 886; x_wconf 84' lang='lat' dir='ltr'><strong>ad</strong></span> 
     </span>
    </p>
   </div>
   <div class='ocr_carea' id='block_1_26' title="bbox 1916 924 3480 1001">
    <p class='ocr_par' dir='ltr' id='par_1_26' title="bbox 1916 924 3480 1001">
     <span class='ocr_line' id='line_1_26' title="bbox 1916 924 3480 1001; baseline -0.006 -16"><span class='ocrx_word' id='word_1_162' title='bbox 1916 932 2232 1001; x_wconf 83' lang='lat' dir='ltr'><strong>imperiales</strong></span> <span class='ocrx_word' id='word_1_163' title='bbox 2276 931 2447 994; x_wconf 70' lang='lat' dir='ltr'><strong>mdes,</strong></span> <span class='ocrx_word' id='word_1_164' title='bbox 2494 939 2552 985; x_wconf 91' lang='lat' dir='ltr'><strong>ut</strong></span> <span class='ocrx_word' id='word_1_165' title='bbox 2595 944 2692 984; x_wconf 87' lang='lat' dir='ltr'><strong>eas</strong></span> <span class='ocrx_word' id='word_1_166' title='bbox 2742 926 3124 991; x_wconf 76' lang='lat' dir='ltr'><strong>incenderent,</strong></span> <span class='ocrx_word' id='word_1_167' title='bbox 3177 925 3346 978; x_wconf 81' lang='lat' dir='ltr'><strong>misit.</strong></span> <span class='ocrx_word' id='word_1_168' title='bbox 3399 924 3480 978; x_wconf 93' lang='lat' dir='ltr'><strong>llli</strong></span> 
     </span>
    </p>
   </div>
   <div class='ocr_carea' id='block_1_27' title="bbox 1915 1013 3479 1087">
    <p class='ocr_par' dir='ltr' id='par_1_27' title="bbox 1915 1013 3479 1087">
     <span class='ocr_line' id='line_1_27' title="bbox 1915 1013 3479 1087; baseline -0.01 -9"><span class='ocrx_word' id='word_1_169' title='bbox 1915 1038 2049 1078; x_wconf 86' lang='lat' dir='ltr'><strong>vero</strong></span> <span class='ocrx_word' id='word_1_170' title='bbox 2087 1033 2302 1076; x_wconf 83' lang='lat' dir='ltr'><strong>tantum</strong></span> <span class='ocrx_word' id='word_1_171' title='bbox 2335 1022 2492 1075; x_wconf 80' lang='lat' dir='ltr'><strong>abest</strong></span> <span class='ocrx_word' id='word_1_172' title='bbox 2534 1029 2593 1074; x_wconf 92' lang='lat' dir='ltr'><strong>ut</strong></span> <span class='ocrx_word' id='word_1_173' title='bbox 2627 1018 2836 1087; x_wconf 88' lang='lat' dir='ltr'><strong>aliquid</strong></span> <span class='ocrx_word' id='word_1_174' title='bbox 2873 1016 3110 1087; x_wconf 84' lang='lat' dir='ltr'><strong>egerint,</strong></span> <span class='ocrx_word' id='word_1_175' title='bbox 3145 1024 3204 1068; x_wconf 92' lang='lat' dir='ltr'><strong>ut</strong></span> <span class='ocrx_word' id='word_1_176' title='bbox 3233 1028 3356 1068; x_wconf 89' lang='lat' dir='ltr'><strong>cum</strong></span> <span class='ocrx_word' id='word_1_177' title='bbox 3393 1013 3479 1065; x_wconf 83' lang='lat' dir='ltr'><strong>in-</strong></span> 
     </span>
    </p>
   </div>
   <div class='ocr_carea' id='block_1_28' title="bbox 1914 1103 3532 1182">
    <p class='ocr_par' dir='ltr' id='par_1_28' title="bbox 1914 1103 3532 1182">
     <span class='ocr_line' id='line_1_28' title="bbox 1914 1103 3532 1182; baseline -0.009 -15"><span class='ocrx_word' id='word_1_178' title='bbox 1914 1112 2065 1182; x_wconf 77' lang='lat' dir='ltr'><strong>genti</strong></span> <span class='ocrx_word' id='word_1_179' title='bbox 2095 1112 2263 1167; x_wconf 85' lang='lat' dir='ltr'><strong>etiam</strong></span> <span class='ocrx_word' id='word_1_180' title='bbox 2299 1120 2444 1166; x_wconf 88' lang='lat' dir='ltr'><strong>metu</strong></span> <span class='ocrx_word' id='word_1_181' title='bbox 2475 1108 2606 1164; x_wconf 91' lang='lat' dir='ltr'><strong>inde</strong></span> <span class='ocrx_word' id='word_1_182' title='bbox 2638 1117 2790 1164; x_wconf 89' lang='lat' dir='ltr'><strong>retro</strong></span> <span class='ocrx_word' id='word_1_183' title='bbox 2823 1105 3113 1161; x_wconf 82' lang='lat' dir='ltr'><strong>cesserint.</strong></span> <span class='ocrx_word' id='word_1_184' title='bbox 3148 1103 3296 1158; x_wconf 89' lang='lat' dir='ltr'><strong>Deus</strong></span> <span class='ocrx_word' id='word_1_185' title='bbox 3327 1117 3483 1155; x_wconf 78' lang='lat' dir='ltr'><strong>nam-</strong></span> <span class='ocrx_word' id='word_1_186' title='bbox 3527 1104 3532 1110; x_wconf 87' lang='lat'><strong><em>&#39;</em></strong></span> 
     </span>
    </p>
   </div>
   <div class='ocr_carea' id='block_1_29' title="bbox 1915 1196 3482 1275">
    <p class='ocr_par' dir='ltr' id='par_1_29' title="bbox 1915 1196 3482 1275">
     <span class='ocr_line' id='line_1_29' title="bbox 1915 1196 3482 1275; baseline -0.003 -20"><span class='ocrx_word' id='word_1_187' title='bbox 1915 1217 2022 1272; x_wconf 91' lang='lat' dir='ltr'><strong>que</strong></span> <span class='ocrx_word' id='word_1_188' title='bbox 2064 1211 2176 1256; x_wconf 91' lang='lat' dir='ltr'><strong>tum</strong></span> <span class='ocrx_word' id='word_1_189' title='bbox 2207 1199 2474 1275; x_wconf 83' lang='lat' dir='ltr'><strong>ostendit,</strong></span> <span class='ocrx_word' id='word_1_190' title='bbox 2515 1209 2730 1269; x_wconf 78' lang='lat' dir='ltr'><strong>quanta</strong></span> <span class='ocrx_word' id='word_1_191' title='bbox 2756 1198 2834 1252; x_wconf 90' lang='lat' dir='ltr'><strong>illi</strong></span> <span class='ocrx_word' id='word_1_192' title='bbox 2871 1196 3216 1267; x_wconf 74' lang='lat' dir='ltr'><strong>providentia</strong></span> <span class='ocrx_word' id='word_1_193' title='bbox 3263 1206 3326 1250; x_wconf 76' lang='lat' dir='ltr'><strong>et</strong></span> <span class='ocrx_word' id='word_1_194' title='bbox 3350 1211 3482 1250; x_wconf 90' lang='lat' dir='ltr'><strong>cura</strong></span> 
     </span>
    </p>
   </div>
   <div class='ocr_carea' id='block_1_30' title="bbox 1917 1287 3483 1358">
    <p class='ocr_par' dir='ltr' id='par_1_30' title="bbox 1917 1287 3483 1358">
     <span class='ocr_line' id='line_1_30' title="bbox 1917 1287 3483 1358; baseline -0.008 -11"><span class='ocrx_word' id='word_1_195' title='bbox 1917 1294 2069 1348; x_wconf 83' lang='lat' dir='ltr'><strong>urbis</strong></span> <span class='ocrx_word' id='word_1_196' title='bbox 2098 1293 2287 1348; x_wconf 84' lang='lat' dir='ltr'><strong>fuerit.</strong></span> <span class='ocrx_word' id='word_1_197' title='bbox 2319 1291 2576 1347; x_wconf 73' lang='lat' dir='ltr'><strong>leestis</strong></span> <span class='ocrx_word' id='word_1_198' title='bbox 2599 1291 2746 1344; x_wconf 89' lang='lat' dir='ltr'><strong>enim</strong></span> <span class='ocrx_word' id='word_1_199' title='bbox 2773 1288 3022 1358; x_wconf 68' lang='lat' dir='ltr'><strong>quredam</strong></span> <span class='ocrx_word' id='word_1_200' title='bbox 3052 1287 3137 1343; x_wconf 89' lang='lat' dir='ltr'><strong>vis</strong></span> <span class='ocrx_word' id='word_1_201' title='bbox 3163 1287 3483 1356; x_wconf 66' lang='lat' dir='ltr'><strong>ingentibus</strong></span> 
     </span>
    </p>
   </div>
   <div class='ocr_carea' id='block_1_31' title="bbox 1917 1376 3484 1451">
    <p class='ocr_par' dir='ltr' id='par_1_31' title="bbox 1917 1376 3484 1451">
     <span class='ocr_line' id='line_1_31' title="bbox 1917 1376 3484 1451; baseline -0.004 -14"><span class='ocrx_word' id='word_1_202' title='bbox 1917 1384 2268 1451; x_wconf 77' lang='lat' dir='ltr'><strong>corporibus,</strong></span> <span class='ocrx_word' id='word_1_203' title='bbox 2319 1382 2739 1436; x_wconf 82' lang='lat' dir='ltr'><strong>insidiatoribus</strong></span> <span class='ocrx_word' id='word_1_204' title='bbox 2789 1379 2899 1434; x_wconf 89' lang='lat' dir='ltr'><strong>illis</strong></span> <span class='ocrx_word' id='word_1_205' title='bbox 2940 1392 3234 1448; x_wconf 87' lang='lat' dir='ltr'><strong>apparens,</strong></span> <span class='ocrx_word' id='word_1_206' title='bbox 3272 1376 3343 1430; x_wconf 90' lang='lat' dir='ltr'><strong>ita</strong></span> <span class='ocrx_word' id='word_1_207' title='bbox 3389 1391 3484 1430; x_wconf 85' lang='lat' dir='ltr'><strong>eos</strong></span> 
     </span>
    </p>
   </div>
   <div class='ocr_carea' id='block_1_32' title="bbox 1914 1469 3480 1544">
    <p class='ocr_par' dir='ltr' id='par_1_32' title="bbox 1914 1469 3480 1544">
     <span class='ocr_line' id='line_1_32' title="bbox 1914 1469 3480 1544; baseline -0.005 -16"><span class='ocrx_word' id='word_1_208' title='bbox 1914 1475 2207 1538; x_wconf 77' lang='lat' dir='ltr'><strong>exterruit,</strong></span> <span class='ocrx_word' id='word_1_209' title='bbox 2246 1469 2307 1528; x_wconf 79' lang='lat' dir='ltr'><strong>ui</strong></span> <span class='ocrx_word' id='word_1_210' title='bbox 2340 1483 2490 1544; x_wconf 83' lang='lat' dir='ltr'><strong>terga</strong></span> <span class='ocrx_word' id='word_1_211' title='bbox 2536 1480 2840 1535; x_wconf 84' lang='lat' dir='ltr'><strong>verterent,</strong></span> <span class='ocrx_word' id='word_1_212' title='bbox 2886 1479 2944 1526; x_wconf 83' lang='lat' dir='ltr'><strong>et;</strong></span> <span class='ocrx_word' id='word_1_213' title='bbox 2989 1469 3245 1525; x_wconf 84' lang='lat' dir='ltr'><strong>celeriter</strong></span> <span class='ocrx_word' id='word_1_214' title='bbox 3283 1469 3480 1536; x_wconf 80' lang='lat' dir='ltr'><strong>trepidi</strong></span> 
     </span>
    </p>
   </div>
   <div class='ocr_carea' id='block_1_33' title="bbox 1914 1559 3480 1633">
    <p class='ocr_par' dir='ltr' id='par_1_33' title="bbox 1914 1559 3480 1633">
     <span class='ocr_line' id='line_1_33' title="bbox 1914 1559 3480 1633; baseline -0.006 -14"><span class='ocrx_word' id='word_1_215' title='bbox 1914 1564 2102 1619; x_wconf 69' lang='lat' dir='ltr'><strong>Gainaa</strong></span> <span class='ocrx_word' id='word_1_216' title='bbox 2155 1564 2552 1633; x_wconf 75' lang='lat' dir='ltr'><strong>signiﬁcarent,</strong></span> <span class='ocrx_word' id='word_1_217' title='bbox 2608 1575 2814 1616; x_wconf 84' lang='lat' dir='ltr'><strong>novum</strong></span> <span class='ocrx_word' id='word_1_218' title='bbox 2859 1575 2921 1615; x_wconf 86' lang='lat' dir='ltr'><strong>ea</strong></span> <span class='ocrx_word' id='word_1_219' title='bbox 2973 1567 3140 1614; x_wconf 86' lang='lat' dir='ltr'><strong>nocte</strong></span> <span class='ocrx_word' id='word_1_220' title='bbox 3182 1559 3237 1612; x_wconf 91' lang='lat' dir='ltr'><strong>in</strong></span> <span class='ocrx_word' id='word_1_221' title='bbox 3289 1559 3480 1612; x_wconf 86' lang='lat' dir='ltr'><strong>urbem</strong></span> 
     </span>
    </p>
   </div>
   <div class='ocr_carea' id='block_1_34' title="bbox 1916 1650 3485 1712">
    <p class='ocr_par' dir='ltr' id='par_1_34' title="bbox 1916 1650 3485 1712">
     <span class='ocr_line' id='line_1_34' title="bbox 1916 1650 3485 1712; baseline -0.004 0"><span class='ocrx_word' id='word_1_222' title='bbox 1916 1659 2218 1712; x_wconf 70' lang='lat' dir='ltr'><strong>exercitum</strong></span> <span class='ocrx_word' id='word_1_223' title='bbox 2259 1656 2500 1712; x_wconf 82' lang='lat' dir='ltr'><strong>venisse.</strong></span> <span class='ocrx_word' id='word_1_224' title='bbox 2549 1656 2644 1710; x_wconf 89' lang='lat' dir='ltr'><strong>lllc</strong></span> <span class='ocrx_word' id='word_1_225' title='bbox 2680 1664 2861 1708; x_wconf 85' lang='lat' dir='ltr'><strong>autem</strong></span> <span class='ocrx_word' id='word_1_226' title='bbox 2902 1652 3066 1709; x_wconf 77' lang='lat' dir='ltr'><strong>{idem</strong></span> <span class='ocrx_word' id='word_1_227' title='bbox 3097 1667 3284 1707; x_wconf 91' lang='lat' dir='ltr'><strong>eorum</strong></span> <span class='ocrx_word' id='word_1_228' title='bbox 3321 1650 3485 1706; x_wconf 88' lang='lat' dir='ltr'><strong>dictis</strong></span> 
     </span>
    </p>
   </div>
   <div class='ocr_carea' id='block_1_35' title="bbox 243 1735 1812 1826">
    <p class='ocr_par' dir='ltr' id='par_1_35' title="bbox 243 1754 1809 1826">
     <span class='ocr_line' id='line_1_35' title="bbox 243 1754 1809 1826; baseline 0 -20"><span class='ocrx_word' id='word_1_229' title='bbox 243 1770 435 1820; x_wconf 83' lang='grc' dir='ltr'>ματος.</span> <span class='ocrx_word' id='word_1_230' title='bbox 465 1755 571 1806; x_wconf 73' lang='grc' dir='ltr'><strong>Καὶ</strong></span> <span class='ocrx_word' id='word_1_231' title='bbox 603 1756 672 1826; x_wconf 81' lang='grc' dir='ltr'>δὴ</span> <span class='ocrx_word' id='word_1_232' title='bbox 706 1755 936 1824; x_wconf 81' lang='grc' dir='ltr'>νομίσας</span> <span class='ocrx_word' id='word_1_233' title='bbox 963 1754 1172 1808; x_wconf 85' lang='grc' dir='ltr'>ἐκείνου</span> <span class='ocrx_word' id='word_1_234' title='bbox 1207 1755 1367 1824; x_wconf 71' lang='grc' dir='ltr'>χάριν</span> <span class='ocrx_word' id='word_1_235' title='bbox 1387 1755 1514 1817; x_wconf 81' lang='grc' dir='ltr'>τοὺς</span> <span class='ocrx_word' id='word_1_236' title='bbox 1535 1754 1809 1814; x_wconf 81' lang='grc' dir='ltr'>τοιούτους</span> 
     </span>
    </p>
   </div>
   <div class='ocr_carea' id='block_1_36' title="bbox 1917 1735 3486 1826">
    <p class='ocr_par' dir='ltr' id='par_1_36' title="bbox 1917 1743 3486 1815">
     <span class='ocr_line' id='line_1_36' title="bbox 1917 1743 3486 1815; baseline -0.002 -16"><span class='ocrx_word' id='word_1_237' title='bbox 1917 1760 2032 1800; x_wconf 77' lang='lat' dir='ltr'><strong>non</strong></span> <span class='ocrx_word' id='word_1_238' title='bbox 2052 1747 2270 1811; x_wconf 80' lang='lat' dir='ltr'><strong>habuit,</strong></span> <span class='ocrx_word' id='word_1_239' title='bbox 2297 1747 2446 1815; x_wconf 89' lang='lat' dir='ltr'><strong>quod</strong></span> <span class='ocrx_word' id='word_1_240' title='bbox 2469 1762 2582 1801; x_wconf 88' lang='lat' dir='ltr'><strong>non</strong></span> <span class='ocrx_word' id='word_1_241' title='bbox 2612 1748 2751 1800; x_wconf 85' lang='lat' dir='ltr'><strong>alios</strong></span> <span class='ocrx_word' id='word_1_242' title='bbox 2778 1761 2943 1815; x_wconf 86' lang='lat' dir='ltr'><strong>quam</strong></span> <span class='ocrx_word' id='word_1_243' title='bbox 2970 1746 3064 1815; x_wconf 88' lang='lat' dir='ltr'><strong>qui</strong></span> <span class='ocrx_word' id='word_1_244' title='bbox 3091 1744 3236 1800; x_wconf 88' lang='lat' dir='ltr'><strong>soliti</strong></span> <span class='ocrx_word' id='word_1_245' title='bbox 3268 1743 3486 1798; x_wconf 73' lang='lat' dir='ltr'><strong>fuerant</strong></span> 
     </span>
    </p>
   </div>
   <div class='ocr_carea' id='block_1_37' title="bbox 240 1843 1812 1914">
    <p class='ocr_par' dir='ltr' id='par_1_37' title="bbox 240 1843 1812 1914">
     <span class='ocr_line' id='line_1_37' title="bbox 240 1843 1812 1914; baseline 0.002 -22"><span class='ocrx_word' id='word_1_246' title='bbox 240 1843 418 1894; x_wconf 82' lang='grc' dir='ltr'>ἐλθεῖν</span> <span class='ocrx_word' id='word_1_247' title='bbox 447 1844 808 1912; x_wconf 84' lang='grc' dir='ltr'>στρατιώτας,</span> <span class='ocrx_word' id='word_1_248' title='bbox 839 1845 938 1897; x_wconf 69' lang='grc' dir='ltr'><strong>καὶ⁵</strong></span> <span class='ocrx_word' id='word_1_249' title='bbox 963 1843 1304 1914; x_wconf 80' lang='grc' dir='ltr'><strong>κρύπτεσθαι</strong></span> <span class='ocrx_word' id='word_1_250' title='bbox 1342 1846 1444 1913; x_wconf 81' lang='grc' dir='ltr'>μὲν</span> <span class='ocrx_word' id='word_1_251' title='bbox 1475 1845 1691 1914; x_wconf 76' lang='grc' dir='ltr'>ἡμέρας</span> <span class='ocrx_word' id='word_1_252' title='bbox 1719 1843 1812 1896; x_wconf 86' lang='grc' dir='ltr'>νύ-</span> 
     </span>
    </p>
   </div>
   <div class='ocr_carea' id='block_1_38' title="bbox 241 1934 1810 2005">
    <p class='ocr_par' dir='ltr' id='par_1_38' title="bbox 241 1934 1810 2005">
     <span class='ocr_line' id='line_1_38' title="bbox 241 1934 1810 2005; baseline 0 -19"><span class='ocrx_word' id='word_1_253' title='bbox 241 1951 393 2002; x_wconf 85' lang='grc' dir='ltr'>κτωρ</span> <span class='ocrx_word' id='word_1_254' title='bbox 413 1935 470 1987; x_wconf 73' lang='grc' dir='ltr'>δὲ</span> <span class='ocrx_word' id='word_1_255' title='bbox 493 1934 592 2003; x_wconf 82' lang='grc' dir='ltr'>τὴν</span> <span class='ocrx_word' id='word_1_256' title='bbox 621 1936 776 1989; x_wconf 86' lang='grc' dir='ltr'>πόλιν</span> <span class='ocrx_word' id='word_1_257' title='bbox 802 1938 1061 2004; x_wconf 77' lang='grc' dir='ltr'>φρουρεῖν</span> <span class='ocrx_word' id='word_1_258' title='bbox 1087 1937 1182 1989; x_wconf 77' lang='grc' dir='ltr'><strong>καὶ</strong></span> <span class='ocrx_word' id='word_1_259' title='bbox 1204 1937 1344 1988; x_wconf 78' lang='grc' dir='ltr'><strong>αὑτά</strong></span> <span class='ocrx_word' id='word_1_260' title='bbox 1367 1936 1434 1988; x_wconf 67' lang='grc' dir='ltr'><strong>τὰ</strong></span> <span class='ocrx_word' id='word_1_261' title='bbox 1458 1935 1726 2005; x_wconf 84' lang='grc' dir='ltr'>βασίλεια,</span> <span class='ocrx_word' id='word_1_262' title='bbox 1755 1938 1810 1987; x_wconf 84' lang='grc' dir='ltr'><strong>ἐν</strong></span> 
     </span>
    </p>
   </div>
   <div class='ocr_carea' id='block_1_39' title="bbox 240 2022 1810 2098">
    <p class='ocr_par' dir='ltr' id='par_1_39' title="bbox 240 2022 1810 2098">
     <span class='ocr_line' id='line_1_39' title="bbox 240 2022 1810 2098; baseline 0.001 -22"><span class='ocrx_word' id='word_1_263' title='bbox 240 2025 443 2094; x_wconf 81' lang='grc' dir='ltr'>σκήψει</span> <span class='ocrx_word' id='word_1_264' title='bbox 457 2025 552 2078; x_wconf 90' lang='grc' dir='ltr'><strong>τοῦ</strong></span> <span class='ocrx_word' id='word_1_265' title='bbox 576 2026 838 2098; x_wconf 70' lang='grc' dir='ltr'>δαιμονᾷ-ι</span> <span class='ocrx_word' id='word_1_266' title='bbox 856 2027 1067 2093; x_wconf 85' lang='grc' dir='ltr'>ἐγίνετο</span> <span class='ocrx_word' id='word_1_267' title='bbox 1085 2039 1100 2054; x_wconf 87' lang='grc'><strong>·</strong></span> <span class='ocrx_word' id='word_1_268' title='bbox 1129 2029 1220 2079; x_wconf 69' lang='grc' dir='ltr'><strong>καὶ</strong></span> <span class='ocrx_word' id='word_1_269' title='bbox 1237 2022 1328 2080; x_wconf 77' lang='grc' dir='ltr'><strong>οἶα</strong></span> <span class='ocrx_word' id='word_1_270' title='bbox 1346 2027 1483 2094; x_wconf 78' lang='grc' dir='ltr'>δῆτα</span> <span class='ocrx_word' id='word_1_271' title='bbox 1500 2027 1810 2095; x_wconf 72' lang='grc' dir='ltr'>εὐξάμενος,</span> 
     </span>
    </p>
   </div>
   <div class='ocr_carea' id='block_1_40' title="bbox 239 2115 1807 2187">
    <p class='ocr_par' dir='ltr' id='par_1_40' title="bbox 239 2115 1807 2187">
     <span class='ocr_line' id='line_1_40' title="bbox 239 2115 1807 2187; baseline 0.003 -21"><span class='ocrx_word' id='word_1_272' title='bbox 239 2115 334 2168; x_wconf 74' lang='grc' dir='ltr'>τὸν</span> <span class='ocrx_word' id='word_1_273' title='bbox 363 2117 500 2170; x_wconf 86' lang='grc' dir='ltr'>νεὼν</span> <span class='ocrx_word' id='word_1_274' title='bbox 547 2118 702 2172; x_wconf 67' lang='grc' dir='ltr'>κατε)</span> <span class='ocrx_word' id='word_1_275' title='bbox 717 2118 980 2186; x_wconf 77' lang='grc' dir='ltr'>ἀμϐανεν,</span> <span class='ocrx_word' id='word_1_276' title='bbox 1012 2118 1072 2171; x_wconf 81' lang='grc' dir='ltr'>ὃν</span> <span class='ocrx_word' id='word_1_277' title='bbox 1102 2119 1130 2170; x_wconf 98' lang='lat'><strong>6</strong></span> <span class='ocrx_word' id='word_1_278' title='bbox 1159 2118 1252 2171; x_wconf 84' lang='grc' dir='ltr'><strong>τοῦ</strong></span> <span class='ocrx_word' id='word_1_279' title='bbox 1286 2117 1558 2187; x_wconf 81' lang='grc' dir='ltr'>βασιλέως</span> <span class='ocrx_word' id='word_1_280' title='bbox 1604 2118 1807 2186; x_wconf 83' lang='grc' dir='ltr'>πατὴρ,</span> 
     </span>
    </p>
   </div>
   <div class='ocr_carea' id='block_1_41' title="bbox 251 2206 1812 2279">
    <p class='ocr_par' dir='ltr' id='par_1_41' title="bbox 251 2206 1812 2279">
     <span class='ocr_line' id='line_1_41' title="bbox 251 2206 1812 2279; baseline 0.001 -21"><span class='ocrx_word' id='word_1_281' title='bbox 251 2206 509 2279; x_wconf 81' lang='grc' dir='ltr'>Ἰωάννην</span> <span class='ocrx_word' id='word_1_282' title='bbox 559 2209 650 2260; x_wconf 74' lang='grc' dir='ltr'>τὸν</span> <span class='ocrx_word' id='word_1_283' title='bbox 700 2207 1009 2276; x_wconf 77' lang='grc' dir='ltr'>Βαπτιστὴν</span> <span class='ocrx_word' id='word_1_284' title='bbox 1063 2210 1262 2276; x_wconf 78' lang='grc' dir='ltr'>τιμῶν,</span> <span class='ocrx_word' id='word_1_285' title='bbox 1312 2208 1506 2260; x_wconf 82' lang='grc' dir='ltr'>ἀνίστα</span> <span class='ocrx_word' id='word_1_286' title='bbox 1556 2209 1697 2260; x_wconf 80' lang='grc' dir='ltr'>κατᾶ</span> <span class='ocrx_word' id='word_1_287' title='bbox 1751 2208 1812 2259; x_wconf 83' lang='grc' dir='ltr'>τὸ</span> 
     </span>
    </p>
   </div>
   <div class='ocr_carea' id='block_1_42' title="bbox 240 2293 1806 2364">
    <p class='ocr_par' dir='ltr' id='par_1_42' title="bbox 240 2293 1806 2364">
     <span class='ocr_line' id='line_1_42' title="bbox 240 2293 1806 2364; baseline 0.001 -18"><span class='ocrx_word' id='word_1_288' title='bbox 240 2294 537 2364; x_wconf 80' lang='grc' dir='ltr'>Ἐϐδομον.</span> <span class='ocrx_word' id='word_1_289' title='bbox 563 2293 817 2364; x_wconf 78' lang='grc' dir='ltr'>Συνεξῄει</span> <span class='ocrx_word' id='word_1_290' title='bbox 840 2294 894 2346; x_wconf 84' lang='grc' dir='ltr'>δὲ</span> <span class='ocrx_word' id='word_1_291' title='bbox 919 2294 1068 2362; x_wconf 83' lang='grc' dir='ltr'>αὐτῷ</span> <span class='ocrx_word' id='word_1_292' title='bbox 1096 2296 1188 2347; x_wconf 79' lang='grc' dir='ltr'>καὶ</span> <span class='ocrx_word' id='word_1_293' title='bbox 1220 2295 1352 2346; x_wconf 88' lang='grc' dir='ltr'>πολύ</span> <span class='ocrx_word' id='word_1_294' title='bbox 1385 2313 1436 2346; x_wconf 91' lang='grc' dir='ltr'>τι</span> <span class='ocrx_word' id='word_1_295' title='bbox 1467 2295 1572 2347; x_wconf 81' lang='grc' dir='ltr'>τῶν</span> <span class='ocrx_word' id='word_1_296' title='bbox 1601 2295 1806 2363; x_wconf 77' lang='grc' dir='ltr'>βαρϐἀο</span> 
     </span>
    </p>
   </div>
   <div class='ocr_carea' id='block_1_43' title="bbox 237 2384 1810 2456">
    <p class='ocr_par' dir='ltr' id='par_1_43' title="bbox 237 2384 1810 2456">
     <span class='ocr_line' id='line_1_43' title="bbox 237 2384 1810 2456; baseline 0.002 -21"><span class='ocrx_word' id='word_1_297' title='bbox 237 2404 354 2454; x_wconf 84' lang='grc' dir='ltr'><strong>ρων</strong></span> <span class='ocrx_word' id='word_1_298' title='bbox 392 2384 594 2450; x_wconf 84' lang='grc' dir='ltr'>πλῆθος</span> <span class='ocrx_word' id='word_1_299' title='bbox 619 2402 634 2417; x_wconf 78' lang='grc' dir='ltr'><strong>ο</strong></span> <span class='ocrx_word' id='word_1_300' title='bbox 666 2385 843 2454; x_wconf 79' lang='grc' dir='ltr'>λάθρα</span> <span class='ocrx_word' id='word_1_301' title='bbox 869 2385 923 2436; x_wconf 79' lang='grc' dir='ltr'>δὲ</span> <span class='ocrx_word' id='word_1_302' title='bbox 957 2387 1053 2437; x_wconf 76' lang='grc' dir='ltr'><strong>καὶ</strong></span> <span class='ocrx_word' id='word_1_303' title='bbox 1091 2386 1230 2438; x_wconf 77' lang='grc' dir='ltr'>ὅπλα</span> <span class='ocrx_word' id='word_1_304' title='bbox 1257 2385 1472 2452; x_wconf 74' lang='grc' dir='ltr'>ἐξῆγον,</span> <span class='ocrx_word' id='word_1_305' title='bbox 1505 2385 1598 2436; x_wconf 65' lang='grc' dir='ltr'>καὶ</span> <span class='ocrx_word' id='word_1_306' title='bbox 1646 2386 1810 2456; x_wconf 76' lang='grc' dir='ltr'>κερα-</span> 
     </span>
    </p>
   </div>
   <div class='ocr_carea' id='block_1_44' title="bbox 237 2478 1812 2548">
    <p class='ocr_par' dir='ltr' id='par_1_44' title="bbox 237 2478 1812 2548">
     <span class='ocr_line' id='line_1_44' title="bbox 237 2478 1812 2548; baseline 0 -20"><span class='ocrx_word' id='word_1_307' title='bbox 237 2494 378 2546; x_wconf 82' lang='grc' dir='ltr'>μους</span> <span class='ocrx_word' id='word_1_308' title='bbox 404 2478 575 2548; x_wconf 81' lang='grc' dir='ltr'>βελῶν</span> <span class='ocrx_word' id='word_1_309' title='bbox 606 2481 664 2529; x_wconf 82' lang='grc' dir='ltr'>ἐν</span> <span class='ocrx_word' id='word_1_310' title='bbox 687 2479 1014 2545; x_wconf 75' lang='grc' dir='ltr'>γυναικείοις</span> <span class='ocrx_word' id='word_1_311' title='bbox 1042 2479 1308 2546; x_wconf 80' lang='grc' dir='ltr'><strong>ὀχήμασι,</strong></span> <span class='ocrx_word' id='word_1_312' title='bbox 1341 2479 1434 2530; x_wconf 75' lang='grc' dir='ltr'><strong>καὶ</strong></span> <span class='ocrx_word' id='word_1_313' title='bbox 1460 2478 1645 2538; x_wconf 79' lang='grc' dir='ltr'>ἄλλαις</span> <span class='ocrx_word' id='word_1_314' title='bbox 1671 2497 1700 2547; x_wconf 84' lang='grc' dir='ltr'><strong>χ</strong></span> <span class='ocrx_word' id='word_1_315' title='bbox 1711 2480 1812 2545; x_wconf 83' lang='grc' dir='ltr'>ρώ-</span> 
     </span>
    </p>
   </div>
   <div class='ocr_carea' id='block_1_45' title="bbox 239 2569 1810 2641">
    <p class='ocr_par' dir='ltr' id='par_1_45' title="bbox 239 2569 1810 2641">
     <span class='ocr_line' id='line_1_45' title="bbox 239 2569 1810 2641; baseline 0.001 -20"><span class='ocrx_word' id='word_1_316' title='bbox 239 2587 398 2638; x_wconf 82' lang='grc' dir='ltr'>μενοι</span> <span class='ocrx_word' id='word_1_317' title='bbox 437 2574 726 2639; x_wconf 81' lang='grc' dir='ltr'>μηχαναῖς.</span> <span class='ocrx_word' id='word_1_318' title='bbox 763 2571 836 2621; x_wconf 84' lang='grc' dir='ltr'><strong>Τὸ</strong></span> <span class='ocrx_word' id='word_1_319' title='bbox 880 2571 938 2623; x_wconf 82' lang='grc' dir='ltr'>δὲ</span> <span class='ocrx_word' id='word_1_320' title='bbox 972 2570 1246 2639; x_wconf 82' lang='grc' dir='ltr'>βούλευμα</span> <span class='ocrx_word' id='word_1_321' title='bbox 1281 2569 1440 2622; x_wconf 89' lang='grc' dir='ltr'>τοῦτο</span> <span class='ocrx_word' id='word_1_322' title='bbox 1490 2572 1582 2624; x_wconf 82' lang='grc' dir='ltr'><strong>ἐπί</strong></span> <span class='ocrx_word' id='word_1_323' title='bbox 1637 2570 1810 2641; x_wconf 68' lang='grc' dir='ltr'>βλάϐῃ</span> 
     </span>
    </p>
   </div>
   <div class='ocr_carea' id='block_1_46' title="bbox 233 2658 1811 2728">
    <p class='ocr_par' dir='ltr' id='par_1_46' title="bbox 233 2658 1811 2728">
     <span class='ocr_line' id='line_1_46' title="bbox 233 2658 1811 2728; baseline 0.003 -20"><span class='ocrx_word' id='word_1_324' title='bbox 233 2659 404 2725; x_wconf 77' lang='grc' dir='ltr'>δῆθεν</span> <span class='ocrx_word' id='word_1_325' title='bbox 446 2658 734 2727; x_wconf 83' lang='grc' dir='ltr'>Ῥωμαίων</span> <span class='ocrx_word' id='word_1_326' title='bbox 761 2659 957 2713; x_wconf 80' lang='grc' dir='ltr'>ἐποίει.</span> <span class='ocrx_word' id='word_1_327' title='bbox 989 2659 1060 2711; x_wconf 74' lang='grc' dir='ltr'><strong>Τὺ</strong></span> <span class='ocrx_word' id='word_1_328' title='bbox 1082 2658 1128 2710; x_wconf 85' lang='grc' dir='ltr'>δ’</span> <span class='ocrx_word' id='word_1_329' title='bbox 1155 2658 1456 2712; x_wconf 78' lang='grc' dir='ltr'>ἐλυσιτέλει</span> <span class='ocrx_word' id='word_1_330' title='bbox 1487 2660 1712 2728; x_wconf 74' lang='grc' dir='ltr'>μᾶλλον,</span> <span class='ocrx_word' id='word_1_331' title='bbox 1737 2661 1811 2722; x_wconf 90' lang='grc' dir='ltr'><strong>ώς</strong></span> 
     </span>
    </p>
   </div>
   <div class='ocr_carea' id='block_1_47' title="bbox 237 2749 1812 2821">
    <p class='ocr_par' dir='ltr' id='par_1_47' title="bbox 237 2749 1812 2821">
     <span class='ocr_line' id='line_1_47' title="bbox 237 2749 1812 2821; baseline 0.001 -19"><span class='ocrx_word' id='word_1_332' title='bbox 237 2751 275 2818; x_wconf 75' lang='grc' dir='ltr'>ἡ</span> <span class='ocrx_word' id='word_1_333' title='bbox 309 2750 531 2812; x_wconf 75' lang='grc' dir='ltr'>ἔκϐασις</span> <span class='ocrx_word' id='word_1_334' title='bbox 562 2749 783 2813; x_wconf 78' lang='grc' dir='ltr'>ἔδειξεν.</span> <span class='ocrx_word' id='word_1_335' title='bbox 803 2751 952 2802; x_wconf 77' lang='grc' dir='ltr'>Ἐπεὶ</span> <span class='ocrx_word' id='word_1_336' title='bbox 981 2751 1089 2816; x_wconf 85' lang='grc' dir='ltr'>γὰρ</span> <span class='ocrx_word' id='word_1_337' title='bbox 1120 2752 1254 2819; x_wconf 79' lang='grc' dir='ltr'>πρὸς</span> <span class='ocrx_word' id='word_1_338' title='bbox 1278 2750 1386 2803; x_wconf 84' lang='grc' dir='ltr'><strong>τῶν</strong></span> <span class='ocrx_word' id='word_1_339' title='bbox 1422 2751 1812 2821; x_wconf 76' lang='grc' dir='ltr'>φρουρούντων</span> 
     </span>
    </p>
   </div>
   <div class='ocr_carea' id='block_1_48' title="bbox 236 2839 1812 2910">
    <p class='ocr_par' dir='ltr' id='par_1_48' title="bbox 236 2839 1812 2910">
     <span class='ocr_line' id='line_1_48' title="bbox 236 2839 1812 2910; baseline 0.002 -18"><span class='ocrx_word' id='word_1_340' title='bbox 236 2842 342 2902; x_wconf 75' lang='grc' dir='ltr'>τὰς</span> <span class='ocrx_word' id='word_1_341' title='bbox 370 2841 546 2902; x_wconf 84' lang='grc' dir='ltr'>πύλας</span> <span class='ocrx_word' id='word_1_342' title='bbox 593 2839 948 2910; x_wconf 79' lang='grc' dir='ltr'>πεφώρανται</span> <span class='ocrx_word' id='word_1_343' title='bbox 980 2840 1120 2894; x_wconf 85' lang='grc' dir='ltr'>ὅπλα</span> <span class='ocrx_word' id='word_1_344' title='bbox 1157 2842 1463 2908; x_wconf 74' lang='grc' dir='ltr'>ἐξάγοντες,</span> <span class='ocrx_word' id='word_1_345' title='bbox 1524 2843 1616 2894; x_wconf 79' lang='grc' dir='ltr'><strong>καὶ</strong></span> <span class='ocrx_word' id='word_1_346' title='bbox 1663 2843 1812 2896; x_wconf 79' lang='grc' dir='ltr'>ἐπεί-</span> 
     </span>
    </p>
   </div>
   <div class='ocr_carea' id='block_1_49' title="bbox 237 2933 1813 3003">
    <p class='ocr_par' dir='ltr' id='par_1_49' title="bbox 237 2933 1813 3003">
     <span class='ocr_line' id='line_1_49' title="bbox 237 2933 1813 3003; baseline 0.001 -18"><span class='ocrx_word' id='word_1_347' title='bbox 237 2952 405 3002; x_wconf 77' lang='grc' dir='ltr'>χοντο</span> <span class='ocrx_word' id='word_1_348' title='bbox 434 2934 532 3002; x_wconf 77' lang='grc' dir='ltr'>τὴν</span> <span class='ocrx_word' id='word_1_349' title='bbox 585 2933 790 2986; x_wconf 85' lang='grc' dir='ltr'>τούτων</span> <span class='ocrx_word' id='word_1_350' title='bbox 823 2933 1136 3003; x_wconf 79' lang='grc' dir='ltr'>ἐκκομιδὴν,</span> <span class='ocrx_word' id='word_1_351' title='bbox 1169 2935 1368 2987; x_wconf 79' lang='grc' dir='ltr'>ἐκεῖνοι</span> <span class='ocrx_word' id='word_1_352' title='bbox 1399 2935 1467 2987; x_wconf 78' lang='grc' dir='ltr'><strong>τὰ</strong></span> <span class='ocrx_word' id='word_1_353' title='bbox 1505 2935 1636 3003; x_wconf 78' lang='grc' dir='ltr'>ξίφη</span> <span class='ocrx_word' id='word_1_354' title='bbox 1674 2953 1813 2989; x_wconf 70' lang='lat' dir='ltr'><strong>arra.-</strong></span> 
     </span>
    </p>
   </div>
   <div class='ocr_carea' id='block_1_50' title="bbox 1913 1837 3482 1907">
    <p class='ocr_par' dir='ltr' id='par_1_50' title="bbox 1913 1837 3482 1907">
     <span class='ocr_line' id='line_1_50' title="bbox 1913 1837 3482 1907; baseline -0.004 -12"><span class='ocrx_word' id='word_1_355' title='bbox 1913 1839 1970 1896; x_wconf 86' lang='lat' dir='ltr'><strong>in</strong></span> <span class='ocrx_word' id='word_1_356' title='bbox 2021 1839 2159 1893; x_wconf 83' lang='lat' dir='ltr'><strong>urbe</strong></span> <span class='ocrx_word' id='word_1_357' title='bbox 2207 1839 2415 1894; x_wconf 81' lang='lat' dir='ltr'><strong>milites</strong></span> <span class='ocrx_word' id='word_1_358' title='bbox 2452 1854 2573 1894; x_wconf 85' lang='lat' dir='ltr'><strong>esse</strong></span> <span class='ocrx_word' id='word_1_359' title='bbox 2626 1839 2818 1894; x_wconf 86' lang='lat' dir='ltr'><strong>sciret.</strong></span> <span class='ocrx_word' id='word_1_360' title='bbox 2849 1837 3196 1907; x_wconf 80' lang='lat' dir='ltr'><strong>Quapropter</strong></span> <span class='ocrx_word' id='word_1_361' title='bbox 3230 1837 3482 1904; x_wconf 79' lang='lat' dir='ltr'><strong>proxima</strong></span> 
     </span>
    </p>
   </div>
   <div class='ocr_carea' id='block_1_51' title="bbox 1912 1926 3482 1984">
    <p class='ocr_par' dir='ltr' id='par_1_51' title="bbox 1912 1926 3482 1984">
     <span class='ocr_line' id='line_1_51' title="bbox 1912 1926 3482 1984; baseline -0.004 -1"><span class='ocrx_word' id='word_1_362' title='bbox 1912 1928 2076 1983; x_wconf 87' lang='lat' dir='ltr'><strong>etiam</strong></span> <span class='ocrx_word' id='word_1_363' title='bbox 2116 1937 2276 1984; x_wconf 91' lang='lat' dir='ltr'><strong>nocte</strong></span> <span class='ocrx_word' id='word_1_364' title='bbox 2309 1928 2448 1982; x_wconf 85' lang='lat' dir='ltr'><strong>alios</strong></span> <span class='ocrx_word' id='word_1_365' title='bbox 2488 1943 2556 1982; x_wconf 91' lang='lat' dir='ltr'><strong>eo</strong></span> <span class='ocrx_word' id='word_1_366' title='bbox 2600 1928 2772 1982; x_wconf 84' lang='lat' dir='ltr'><strong>misit.</strong></span> <span class='ocrx_word' id='word_1_367' title='bbox 2806 1926 2880 1983; x_wconf 91' lang='lat' dir='ltr'><strong>Ut</strong></span> <span class='ocrx_word' id='word_1_368' title='bbox 2911 1941 3044 1981; x_wconf 88' lang='lat' dir='ltr'><strong>vero</strong></span> <span class='ocrx_word' id='word_1_369' title='bbox 3085 1936 3140 1980; x_wconf 89' lang='lat' dir='ltr'><strong>et</strong></span> <span class='ocrx_word' id='word_1_370' title='bbox 3179 1926 3254 1979; x_wconf 90' lang='lat' dir='ltr'><strong>illi</strong></span> <span class='ocrx_word' id='word_1_371' title='bbox 3293 1927 3482 1980; x_wconf 81' lang='lat' dir='ltr'><strong>eadem</strong></span> 
     </span>
    </p>
   </div>
   <div class='ocr_carea' id='block_1_52' title="bbox 1911 2019 3486 2090">
    <p class='ocr_par' dir='ltr' id='par_1_52' title="bbox 1911 2019 3486 2090">
     <span class='ocr_line' id='line_1_52' title="bbox 1911 2019 3486 2090; baseline -0.003 -15"><span class='ocrx_word' id='word_1_372' title='bbox 1911 2037 2034 2090; x_wconf 68' lang='lat' dir='ltr'><strong>qum</strong></span> <span class='ocrx_word' id='word_1_373' title='bbox 2069 2023 2284 2090; x_wconf 84' lang='lat' dir='ltr'><strong>priores</strong></span> <span class='ocrx_word' id='word_1_374' title='bbox 2320 2021 2746 2085; x_wconf 84' lang='lat' dir='ltr'><strong>annuntiarunt,</strong></span> <span class='ocrx_word' id='word_1_375' title='bbox 2791 2019 2910 2088; x_wconf 88' lang='lat' dir='ltr'><strong>ipse</strong></span> <span class='ocrx_word' id='word_1_376' title='bbox 2959 2034 3027 2074; x_wconf 89' lang='lat' dir='ltr'><strong>eo</strong></span> <span class='ocrx_word' id='word_1_377' title='bbox 3057 2020 3232 2081; x_wconf 85' lang='lat' dir='ltr'><strong>venit,</strong></span> <span class='ocrx_word' id='word_1_378' title='bbox 3276 2030 3331 2073; x_wconf 89' lang='lat' dir='ltr'><strong>et</strong></span> <span class='ocrx_word' id='word_1_379' title='bbox 3364 2035 3486 2087; x_wconf 89' lang='lat' dir='ltr'><strong>spc-</strong></span> 
     </span>
    </p>
   </div>
   <div class='ocr_carea' id='block_1_53' title="bbox 1911 2109 3485 2182">
    <p class='ocr_par' dir='ltr' id='par_1_53' title="bbox 1911 2109 3485 2182">
     <span class='ocr_line' id='line_1_53' title="bbox 1911 2109 3485 2182; baseline -0.004 -12"><span class='ocrx_word' id='word_1_380' title='bbox 1911 2124 2090 2170; x_wconf 89' lang='lat' dir='ltr'><strong>ctator</strong></span> <span class='ocrx_word' id='word_1_381' title='bbox 2135 2116 2310 2169; x_wconf 91' lang='lat' dir='ltr'><strong>oculis</strong></span> <span class='ocrx_word' id='word_1_382' title='bbox 2360 2116 2476 2169; x_wconf 85' lang='lat' dir='ltr'><strong>suis</strong></span> <span class='ocrx_word' id='word_1_383' title='bbox 2521 2115 2772 2167; x_wconf 73' lang='lat' dir='ltr'><strong>miraculi</strong></span> <span class='ocrx_word' id='word_1_384' title='bbox 2805 2114 2925 2182; x_wconf 83' lang='lat' dir='ltr'><strong>ejus</strong></span> <span class='ocrx_word' id='word_1_385' title='bbox 2972 2111 3096 2166; x_wconf 80' lang='lat' dir='ltr'><strong>fuit.</strong></span> <span class='ocrx_word' id='word_1_386' title='bbox 3134 2109 3337 2164; x_wconf 84' lang='lat' dir='ltr'><strong>Verum</strong></span> <span class='ocrx_word' id='word_1_387' title='bbox 3390 2127 3485 2163; x_wconf 83' lang='lat' dir='ltr'><strong>sua</strong></span> 
     </span>
    </p>
   </div>
   <div class='ocr_carea' id='block_1_54' title="bbox 1913 2203 3485 2276">
    <p class='ocr_par' dir='ltr' id='par_1_54' title="bbox 1913 2203 3485 2276">
     <span class='ocr_line' id='line_1_54' title="bbox 1913 2203 3485 2276; baseline -0.004 -17"><span class='ocrx_word' id='word_1_388' title='bbox 1913 2208 2086 2276; x_wconf 81' lang='lat' dir='ltr'><strong>gratia</strong></span> <span class='ocrx_word' id='word_1_389' title='bbox 2134 2209 2336 2263; x_wconf 88' lang='lat' dir='ltr'><strong>milites</strong></span> <span class='ocrx_word' id='word_1_390' title='bbox 2366 2222 2462 2262; x_wconf 88' lang='lat' dir='ltr'><strong>eos</strong></span> <span class='ocrx_word' id='word_1_391' title='bbox 2497 2207 2571 2260; x_wconf 89' lang='lat' dir='ltr'><strong>ibi</strong></span> <span class='ocrx_word' id='word_1_392' title='bbox 2605 2206 2798 2260; x_wconf 82' lang='lat' dir='ltr'><strong>adesse</strong></span> <span class='ocrx_word' id='word_1_393' title='bbox 2831 2205 3150 2265; x_wconf 84' lang='lat' dir='ltr'><strong>arbitratus,</strong></span> <span class='ocrx_word' id='word_1_394' title='bbox 3183 2207 3274 2273; x_wconf 88' lang='lat' dir='ltr'><strong>qui</strong></span> <span class='ocrx_word' id='word_1_395' title='bbox 3310 2203 3485 2255; x_wconf 75' lang='lat' dir='ltr'><strong>intor-</strong></span> 
     </span>
    </p>
   </div>
   <div class='ocr_carea' id='block_1_55' title="bbox 1913 2294 3486 2368">
    <p class='ocr_par' dir='ltr' id='par_1_55' title="bbox 1913 2294 3486 2368">
     <span class='ocr_line' id='line_1_55' title="bbox 1913 2294 3486 2368; baseline -0.006 -13"><span class='ocrx_word' id='word_1_396' title='bbox 1913 2301 2004 2355; x_wconf 89' lang='lat' dir='ltr'><strong>diu</strong></span> <span class='ocrx_word' id='word_1_397' title='bbox 2044 2301 2268 2368; x_wconf 83' lang='lat' dir='ltr'><strong>quidem</strong></span> <span class='ocrx_word' id='word_1_398' title='bbox 2320 2315 2379 2353; x_wconf 89' lang='lat' dir='ltr'><strong>se</strong></span> <span class='ocrx_word' id='word_1_399' title='bbox 2430 2299 2799 2363; x_wconf 83' lang='lat' dir='ltr'><strong>occultarent,</strong></span> <span class='ocrx_word' id='word_1_400' title='bbox 2852 2305 3020 2350; x_wconf 91' lang='lat' dir='ltr'><strong>noctu</strong></span> <span class='ocrx_word' id='word_1_401' title='bbox 3059 2309 3244 2349; x_wconf 90' lang='lat' dir='ltr'><strong>autem</strong></span> <span class='ocrx_word' id='word_1_402' title='bbox 3285 2294 3486 2362; x_wconf 65' lang='lat' dir='ltr'><strong>vigiliis</strong></span> 
     </span>
    </p>
   </div>
   <div class='ocr_carea' id='block_1_56' title="bbox 1915 2385 3488 2459">
    <p class='ocr_par' dir='ltr' id='par_1_56' title="bbox 1915 2385 3488 2459">
     <span class='ocr_line' id='line_1_56' title="bbox 1915 2385 3488 2459; baseline -0.006 -15"><span class='ocrx_word' id='word_1_403' title='bbox 1915 2392 2105 2445; x_wconf 85' lang='lat' dir='ltr'><strong>urbem</strong></span> <span class='ocrx_word' id='word_1_404' title='bbox 2138 2399 2192 2445; x_wconf 88' lang='lat' dir='ltr'><strong>et</strong></span> <span class='ocrx_word' id='word_1_405' title='bbox 2236 2391 2420 2444; x_wconf 85' lang='lat' dir='ltr'><strong>aulam</strong></span> <span class='ocrx_word' id='word_1_406' title='bbox 2464 2390 2877 2459; x_wconf 87' lang='lat' dir='ltr'><strong>imperatoriam</strong></span> <span class='ocrx_word' id='word_1_407' title='bbox 2906 2385 3274 2446; x_wconf 87' lang='lat' dir='ltr'><strong>custodirent,</strong></span> <span class='ocrx_word' id='word_1_408' title='bbox 3311 2400 3340 2436; x_wconf 91' lang='lat' dir='ltr'><strong>a</strong></span> <span class='ocrx_word' id='word_1_409' title='bbox 3379 2387 3488 2436; x_wconf 79' lang='lat' dir='ltr'><strong>da:-</strong></span> 
     </span>
    </p>
   </div>
   <div class='ocr_carea' id='block_1_57' title="bbox 1916 2475 3488 2551">
    <p class='ocr_par' dir='ltr' id='par_1_57' title="bbox 1916 2475 3488 2551">
     <span class='ocr_line' id='line_1_57' title="bbox 1916 2475 3488 2551; baseline -0.005 -15"><span class='ocrx_word' id='word_1_410' title='bbox 1916 2499 2078 2536; x_wconf 92' lang='lat' dir='ltr'><strong>moue</strong></span> <span class='ocrx_word' id='word_1_411' title='bbox 2115 2498 2172 2536; x_wconf 90' lang='lat' dir='ltr'><strong>se</strong></span> <span class='ocrx_word' id='word_1_412' title='bbox 2206 2481 2401 2551; x_wconf 85' lang='lat' dir='ltr'><strong>agitari</strong></span> <span class='ocrx_word' id='word_1_413' title='bbox 2449 2480 2814 2540; x_wconf 85' lang='lat' dir='ltr'><strong>assimulavit,</strong></span> <span class='ocrx_word' id='word_1_414' title='bbox 2847 2491 2903 2533; x_wconf 88' lang='lat' dir='ltr'><strong>et</strong></span> <span class='ocrx_word' id='word_1_415' title='bbox 2933 2479 3084 2533; x_wconf 91' lang='lat' dir='ltr'><strong>velut</strong></span> <span class='ocrx_word' id='word_1_416' title='bbox 3117 2475 3355 2530; x_wconf 88' lang='lat' dir='ltr'><strong>orationi</strong></span> <span class='ocrx_word' id='word_1_417' title='bbox 3395 2492 3488 2528; x_wconf 86' lang='lat' dir='ltr'><strong>va-</strong></span> 
     </span>
    </p>
   </div>
   <div class='ocr_carea' id='block_1_58' title="bbox 1913 2569 3482 2643">
    <p class='ocr_par' dir='ltr' id='par_1_58' title="bbox 1913 2569 3482 2643">
     <span class='ocr_line' id='line_1_58' title="bbox 1913 2569 3482 2643; baseline -0.006 -14"><span class='ocrx_word' id='word_1_418' title='bbox 1913 2583 2136 2630; x_wconf 88' lang='lat' dir='ltr'><strong>caturus</strong></span> <span class='ocrx_word' id='word_1_419' title='bbox 2172 2576 2438 2643; x_wconf 84' lang='lat' dir='ltr'><strong>templum</strong></span> <span class='ocrx_word' id='word_1_420' title='bbox 2471 2573 2630 2639; x_wconf 88' lang='lat' dir='ltr'><strong>adiit,</strong></span> <span class='ocrx_word' id='word_1_421' title='bbox 2665 2573 2809 2642; x_wconf 86' lang='lat' dir='ltr'><strong>quod</strong></span> <span class='ocrx_word' id='word_1_422' title='bbox 2850 2569 3200 2639; x_wconf 82' lang='lat' dir='ltr'><strong>imperatoris</strong></span> <span class='ocrx_word' id='word_1_423' title='bbox 3232 2577 3389 2637; x_wconf 85' lang='lat' dir='ltr'><strong>pater</strong></span> <span class='ocrx_word' id='word_1_424' title='bbox 3427 2569 3482 2620; x_wconf 82' lang='lat' dir='ltr'><strong>iu</strong></span> 
     </span>
    </p>
   </div>
   <div class='ocr_carea' id='block_1_59' title="bbox 1913 2664 3483 2736">
    <p class='ocr_par' dir='ltr' id='par_1_59' title="bbox 1913 2664 3483 2736">
     <span class='ocr_line' id='line_1_59' title="bbox 1913 2664 3483 2736; baseline -0.005 -14"><span class='ocrx_word' id='word_1_425' title='bbox 1913 2667 2141 2722; x_wconf 82' lang='lat' dir='ltr'><strong>Joannis</strong></span> <span class='ocrx_word' id='word_1_426' title='bbox 2185 2667 2442 2736; x_wconf 76' lang='lat' dir='ltr'><strong>Baptista:</strong></span> <span class='ocrx_word' id='word_1_427' title='bbox 2474 2667 2756 2720; x_wconf 87' lang='lat' dir='ltr'><strong>honorem.</strong></span> <span class='ocrx_word' id='word_1_428' title='bbox 2782 2665 2834 2718; x_wconf 91' lang='lat' dir='ltr'><strong>in</strong></span> <span class='ocrx_word' id='word_1_429' title='bbox 2873 2664 3122 2733; x_wconf 87' lang='lat' dir='ltr'><strong>Septimo</strong></span> <span class='ocrx_word' id='word_1_430' title='bbox 3153 2665 3483 2716; x_wconf 81' lang='lat' dir='ltr'><strong>construxit.</strong></span> 
     </span>
    </p>
   </div>
   <div class='ocr_carea' id='block_1_60' title="bbox 1914 2755 3484 2822">
    <p class='ocr_par' dir='ltr' id='par_1_60' title="bbox 1914 2755 3484 2822">
     <span class='ocr_line' id='line_1_60' title="bbox 1914 2755 3484 2822; baseline -0.006 -9"><span class='ocrx_word' id='word_1_431' title='bbox 1914 2759 2060 2813; x_wconf 66' lang='lat' dir='ltr'><strong>Esiit</strong></span> <span class='ocrx_word' id='word_1_432' title='bbox 2094 2770 2422 2815; x_wconf 88' lang='lat' dir='ltr'><strong>autemcum</strong></span> <span class='ocrx_word' id='word_1_433' title='bbox 2447 2774 2515 2814; x_wconf 93' lang='lat' dir='ltr'><strong>co</strong></span> <span class='ocrx_word' id='word_1_434' title='bbox 2538 2773 2731 2822; x_wconf 74' lang='lat' dir='ltr'><strong>magna</strong></span> <span class='ocrx_word' id='word_1_435' title='bbox 2761 2757 3129 2810; x_wconf 86' lang='lat' dir='ltr'><strong>Barbarorum</strong></span> <span class='ocrx_word' id='word_1_436' title='bbox 3161 2755 3484 2817; x_wconf 80' lang='lat' dir='ltr'><strong>multitudo,</strong></span> 
     </span>
    </p>
   </div>
   <div class='ocr_carea' id='block_1_61' title="bbox 1915 2848 3484 2921">
    <p class='ocr_par' dir='ltr' id='par_1_61' title="bbox 1915 2848 3484 2921">
     <span class='ocr_line' id='line_1_61' title="bbox 1915 2848 3484 2921; baseline -0.004 -17"><span class='ocrx_word' id='word_1_437' title='bbox 1915 2867 2035 2921; x_wconf 61' lang='lat' dir='ltr'><strong>quat</strong></span> <span class='ocrx_word' id='word_1_438' title='bbox 2066 2852 2412 2906; x_wconf 84' lang='lat' dir='ltr'><strong>clamsecum</strong></span> <span class='ocrx_word' id='word_1_439' title='bbox 2433 2867 2580 2905; x_wconf 87' lang='lat' dir='ltr'><strong>arma</strong></span> <span class='ocrx_word' id='word_1_440' title='bbox 2608 2863 2661 2905; x_wconf 82' lang='lat' dir='ltr'><strong>et</strong></span> <span class='ocrx_word' id='word_1_441' title='bbox 2680 2867 2804 2903; x_wconf 78' lang='lat' dir='ltr'><strong>vasa</strong></span> <span class='ocrx_word' id='word_1_442' title='bbox 2833 2849 3019 2902; x_wconf 77' lang='lat' dir='ltr'><strong>fictilia</strong></span> <span class='ocrx_word' id='word_1_443' title='bbox 3047 2848 3170 2903; x_wconf 84' lang='lat' dir='ltr'><strong>telis</strong></span> <span class='ocrx_word' id='word_1_444' title='bbox 3189 2848 3484 2914; x_wconf 86' lang='lat' dir='ltr'><strong>completa,</strong></span> 
     </span>
    </p>
   </div>
   <div class='ocr_carea' id='block_1_62' title="bbox 1914 2939 3490 3013">
    <p class='ocr_par' dir='ltr' id='par_1_62' title="bbox 1914 2939 3490 3013">
     <span class='ocr_line' id='line_1_62' title="bbox 1914 2939 3490 3013; baseline -0.006 -15"><span class='ocrx_word' id='word_1_445' title='bbox 1914 2944 1969 2998; x_wconf 90' lang='lat' dir='ltr'><strong>in</strong></span> <span class='ocrx_word' id='word_1_446' title='bbox 1996 2944 2356 2998; x_wconf 89' lang='lat' dir='ltr'><strong>muliebribus</strong></span> <span class='ocrx_word' id='word_1_447' title='bbox 2381 2942 2625 3013; x_wconf 90' lang='lat' dir='ltr'><strong>pilentis,</strong></span> <span class='ocrx_word' id='word_1_448' title='bbox 2647 2953 2702 2996; x_wconf 91' lang='lat' dir='ltr'><strong>et</strong></span> <span class='ocrx_word' id='word_1_449' title='bbox 2729 2950 2991 3009; x_wconf 59' lang='lat' dir='ltr'><strong>pra‘terea</strong></span> <span class='ocrx_word' id='word_1_450' title='bbox 3025 2939 3148 2993; x_wconf 86' lang='lat' dir='ltr'><strong>aliis</strong></span> <span class='ocrx_word' id='word_1_451' title='bbox 3169 2939 3333 2993; x_wconf 89' lang='lat' dir='ltr'><strong>etiam</strong></span> <span class='ocrx_word' id='word_1_452' title='bbox 3353 2952 3490 3005; x_wconf 87' lang='lat' dir='ltr'><strong>quas</strong></span> 
     </span>
    </p>
   </div>
   <div class='ocr_carea' id='block_1_63' title="bbox 241 3024 1812 3118">
    <p class='ocr_par' dir='ltr' id='par_1_63' title="bbox 241 3024 1810 3093">
     <span class='ocr_line' id='line_1_63' title="bbox 241 3024 1810 3093; baseline 0.001 -18"><span class='ocrx_word' id='word_1_453' title='bbox 241 3025 492 3092; x_wconf 75' lang='grc' dir='ltr'>σαμενοι,</span> <span class='ocrx_word' id='word_1_454' title='bbox 539 3025 666 3087; x_wconf 77' lang='grc' dir='ltr'>τοὺς</span> <span class='ocrx_word' id='word_1_455' title='bbox 695 3025 970 3093; x_wconf 85' lang='grc' dir='ltr'>φρουροὺς</span> <span class='ocrx_word' id='word_1_456' title='bbox 1019 3025 1397 3093; x_wconf 79' lang='grc' dir='ltr'>διεχρήσαντο.</span> <span class='ocrx_word' id='word_1_457' title='bbox 1432 3024 1618 3077; x_wconf 87' lang='grc' dir='ltr'>Δεινοῦ</span> <span class='ocrx_word' id='word_1_458' title='bbox 1664 3026 1710 3076; x_wconf 84' lang='grc' dir='ltr'>δ’</span> <span class='ocrx_word' id='word_1_459' title='bbox 1738 3025 1810 3086; x_wconf 83' lang='grc' dir='ltr'>ὡς</span> 
     </span>
    </p>
   </div>
   <div class='ocr_carea' id='block_1_64' title="bbox 1917 3024 3486 3118">
    <p class='ocr_par' dir='ltr' id='par_1_64' title="bbox 1917 3029 3486 3094">
     <span class='ocr_line' id='line_1_64' title="bbox 1917 3029 3486 3094; baseline -0.006 -5"><span class='ocrx_word' id='word_1_460' title='bbox 1917 3035 2218 3089; x_wconf 83' lang='lat' dir='ltr'><strong>machinati</strong></span> <span class='ocrx_word' id='word_1_461' title='bbox 2272 3034 2493 3088; x_wconf 82' lang='lat' dir='ltr'><strong>fuerant</strong></span> <span class='ocrx_word' id='word_1_462' title='bbox 2529 3033 2762 3094; x_wconf 85' lang='lat' dir='ltr'><strong>artibus,</strong></span> <span class='ocrx_word' id='word_1_463' title='bbox 2793 3031 3078 3086; x_wconf 72' lang='lat' dir='ltr'><strong>etfcrebat.</strong></span> <span class='ocrx_word' id='word_1_464' title='bbox 3100 3029 3167 3083; x_wconf 82' lang='lat' dir='ltr'><strong>Et</strong></span> <span class='ocrx_word' id='word_1_465' title='bbox 3197 3029 3486 3083; x_wconf 87' lang='lat' dir='ltr'><strong>consilium</strong></span> 
     </span>
    </p>
   </div>
   <div class='ocr_carea' id='block_1_65' title="bbox 155 3115 1806 3186">
    <p class='ocr_par' dir='ltr' id='par_1_65' title="bbox 155 3115 1806 3186">
     <span class='ocr_line' id='line_1_65' title="bbox 155 3115 1806 3186; baseline 0.001 -18"><span class='ocrx_word' id='word_1_466' title='bbox 155 3132 158 3133; x_wconf 70' lang='lat'><strong><em>&#39;</em></strong></span> <span class='ocrx_word' id='word_1_467' title='bbox 237 3118 394 3178; x_wconf 78' lang='grc' dir='ltr'>εἰκὸς</span> <span class='ocrx_word' id='word_1_468' title='bbox 423 3115 656 3186; x_wconf 82' lang='grc' dir='ltr'>θορύϐου</span> <span class='ocrx_word' id='word_1_469' title='bbox 701 3115 800 3186; x_wconf 78' lang='grc' dir='ltr'>τὴν</span> <span class='ocrx_word' id='word_1_470' title='bbox 851 3115 1006 3167; x_wconf 83' lang='grc' dir='ltr'>πόλιν</span> <span class='ocrx_word' id='word_1_471' title='bbox 1039 3115 1466 3179; x_wconf 82' lang='grc' dir='ltr'>καταλαϐόντος,</span> <span class='ocrx_word' id='word_1_472' title='bbox 1498 3115 1575 3178; x_wconf 86' lang='grc' dir='ltr'>ὼς</span> <span class='ocrx_word' id='word_1_473' title='bbox 1598 3117 1806 3169; x_wconf 68' lang='grc' dir='ltr'>ἁλωσοσ</span> 
     </span>
    </p>
   </div>
   <div class='ocr_carea' id='block_1_66' title="bbox 244 3205 1812 3277">
    <p class='ocr_par' dir='ltr' id='par_1_66' title="bbox 244 3205 1812 3277">
     <span class='ocr_line' id='line_1_66' title="bbox 244 3205 1812 3277; baseline 0.002 -22"><span class='ocrx_word' id='word_1_474' title='bbox 244 3207 415 3272; x_wconf 80' lang='grc' dir='ltr'>μένης</span> <span class='ocrx_word' id='word_1_475' title='bbox 444 3207 642 3258; x_wconf 80' lang='grc' dir='ltr'>αὐτίκα</span> <span class='ocrx_word' id='word_1_476' title='bbox 665 3207 772 3274; x_wconf 80' lang='grc' dir='ltr'>τῆς·</span> <span class='ocrx_word' id='word_1_477' title='bbox 796 3205 1024 3268; x_wconf 87' lang='grc' dir='ltr'>πόλεως,</span> <span class='ocrx_word' id='word_1_478' title='bbox 1047 3207 1196 3272; x_wconf 82' lang='grc' dir='ltr'>ὅμως</span> <span class='ocrx_word' id='word_1_479' title='bbox 1224 3208 1421 3276; x_wconf 75' lang='grc' dir='ltr'>γνώμη</span> <span class='ocrx_word' id='word_1_480' title='bbox 1454 3207 1632 3277; x_wconf 81' lang='grc' dir='ltr'>ἀγαθὴ</span> <span class='ocrx_word' id='word_1_481' title='bbox 1650 3208 1812 3276; x_wconf 77' lang='grc' dir='ltr'>ἐκρά-</span> 
     </span>
    </p>
   </div>
   <div class='ocr_carea' id='block_1_67' title="bbox 239 3295 1812 3367">
    <p class='ocr_par' dir='ltr' id='par_1_67' title="bbox 239 3295 1812 3367">
     <span class='ocr_line' id='line_1_67' title="bbox 239 3295 1812 3367; baseline 0.001 -20"><span class='ocrx_word' id='word_1_482' title='bbox 239 3313 330 3348; x_wconf 83' lang='grc' dir='ltr'><strong>τει</strong></span> <span class='ocrx_word' id='word_1_483' title='bbox 359 3299 472 3358; x_wconf 84' lang='grc' dir='ltr'>τοῖς</span> <span class='ocrx_word' id='word_1_484' title='bbox 509 3295 747 3365; x_wconf 83' lang='grc' dir='ltr'>παροῦσι</span> <span class='ocrx_word' id='word_1_485' title='bbox 781 3295 994 3358; x_wconf 82' lang='grc' dir='ltr'>δεινοῖς.</span> <span class='ocrx_word' id='word_1_486' title='bbox 1035 3296 1100 3350; x_wconf 83' lang='grc' dir='ltr'>Ἠ</span> <span class='ocrx_word' id='word_1_487' title='bbox 1136 3296 1234 3365; x_wconf 77' lang='grc' dir='ltr'>μὲν</span> <span class='ocrx_word' id='word_1_488' title='bbox 1264 3299 1372 3367; x_wconf 77' lang='grc' dir='ltr'>γὰρ</span> <span class='ocrx_word' id='word_1_489' title='bbox 1419 3301 1576 3360; x_wconf 73' lang='grc' dir='ltr'>πόλις</span> <span class='ocrx_word' id='word_1_490' title='bbox 1612 3298 1812 3367; x_wconf 76' lang='grc' dir='ltr'>ἀθρόον</span> 
     </span>
    </p>
   </div>
   <div class='ocr_carea' id='block_1_68' title="bbox 241 3385 1812 3456">
    <p class='ocr_par' dir='ltr' id='par_1_68' title="bbox 241 3385 1812 3456">
     <span class='ocr_line' id='line_1_68' title="bbox 241 3385 1812 3456; baseline 0.001 -20"><span class='ocrx_word' id='word_1_491' title='bbox 241 3389 308 3437; x_wconf 80' lang='grc' dir='ltr'>ἐν</span> <span class='ocrx_word' id='word_1_492' title='bbox 338 3387 417 3455; x_wconf 83' lang='grc' dir='ltr'>τῷ</span> <span class='ocrx_word' id='word_1_493' title='bbox 475 3387 706 3456; x_wconf 78' lang='grc' dir='ltr'>ἀσφαλεῖ</span> <span class='ocrx_word' id='word_1_494' title='bbox 742 3387 1009 3455; x_wconf 76' lang='grc' dir='ltr'>ἐγεγόνει,</span> <span class='ocrx_word' id='word_1_495' title='bbox 1050 3389 1160 3440; x_wconf 83' lang='grc' dir='ltr'><strong>τῶν</strong></span> <span class='ocrx_word' id='word_1_496' title='bbox 1205 3389 1392 3441; x_wconf 85' lang='grc' dir='ltr'>πυλῶν</span> <span class='ocrx_word' id='word_1_497' title='bbox 1436 3385 1597 3441; x_wconf 67' lang='grc' dir='ltr'>κατα</span> <span class='ocrx_word' id='word_1_498' title='bbox 1627 3387 1812 3456; x_wconf 84' lang='grc' dir='ltr'>χώραν</span> 
     </span>
    </p>
   </div>
   <div class='ocr_carea' id='block_1_69' title="bbox 243 3479 1812 3550">
    <p class='ocr_par' dir='ltr' id='par_1_69' title="bbox 243 3479 1812 3550">
     <span class='ocr_line' id='line_1_69' title="bbox 243 3479 1812 3550; baseline 0.018 -20"><span class='ocrx_word' id='word_1_499' title='bbox 243 3479 634 3548; x_wconf 77' lang='grc' dir='ltr'>γεγενημένων</span> <span class='ocrx_word' id='word_1_500' title='bbox 654 3497 665 3510; x_wconf 94' lang='grc'><strong>·</strong></span> <span class='ocrx_word' id='word_1_501' title='bbox 699 3481 910 3550; x_wconf 81' lang='grc' dir='ltr'>χρηστῇ</span> <span class='ocrx_word' id='word_1_502' title='bbox 939 3479 999 3532; x_wconf 71' lang='grc' dir='ltr'><strong>δὲ</strong></span> <span class='ocrx_word' id='word_1_503' title='bbox 1029 3479 1226 3550; x_wconf 76' lang='grc' dir='ltr'>γνώμῃ</span> <span class='ocrx_word' id='word_1_504' title='bbox 1275 3482 1616 3550; x_wconf 77' lang='grc' dir='ltr'><strong>χρησάμενος</strong></span> <span class='ocrx_word' id='word_1_505' title='bbox 1660 3479 1812 3548; x_wconf 55' lang='lat' dir='ltr'><strong>BM&quot;</strong></span> 
     </span>
    </p>
   </div>
   <div class='ocr_carea' id='block_1_70' title="bbox 246 3570 1811 3642">
    <p class='ocr_par' dir='ltr' id='par_1_70' title="bbox 246 3570 1811 3642">
     <span class='ocr_line' id='line_1_70' title="bbox 246 3570 1811 3642; baseline 0.007 -21"><span class='ocrx_word' id='word_1_506' title='bbox 246 3573 395 3634; x_wconf 70' lang='grc' dir='ltr'>λεὺς,</span> <span class='ocrx_word' id='word_1_507' title='bbox 442 3571 696 3642; x_wconf 81' lang='grc' dir='ltr'>προφανῆ</span> <span class='ocrx_word' id='word_1_508' title='bbox 729 3589 789 3625; x_wconf 89' lang='grc' dir='ltr'><strong>τε</strong></span> <span class='ocrx_word' id='word_1_509' title='bbox 848 3573 1108 3642; x_wconf 84' lang='grc' dir='ltr'>πολέμιον</span> <span class='ocrx_word' id='word_1_510' title='bbox 1147 3570 1288 3627; x_wconf 76' lang='grc' dir='ltr'>εἶναι</span> <span class='ocrx_word' id='word_1_511' title='bbox 1318 3575 1409 3627; x_wconf 83' lang='grc' dir='ltr'>τὸν</span> <span class='ocrx_word' id='word_1_512' title='bbox 1449 3575 1650 3630; x_wconf 83' lang='grc' dir='ltr'>Γαῖνᾶν</span> <span class='ocrx_word' id='word_1_513' title='bbox 1694 3580 1811 3633; x_wconf 89' lang='grc' dir='ltr'>δια-</span> 
     </span>
    </p>
   </div>
   <div class='ocr_carea' id='block_1_71' title="bbox 242 3663 1809 3740">
    <p class='ocr_par' dir='ltr' id='par_1_71' title="bbox 242 3663 1809 3740">
     <span class='ocr_line' id='line_1_71' title="bbox 242 3663 1809 3740; baseline 0.008 -28"><span class='ocrx_word' id='word_1_514' title='bbox 242 3665 436 3728; x_wconf 75' lang='grc' dir='ltr'>γνοὺς,</span> <span class='ocrx_word' id='word_1_515' title='bbox 481 3663 699 3716; x_wconf 82' lang='grc' dir='ltr'>ἐκέλευε</span> <span class='ocrx_word' id='word_1_516' title='bbox 727 3665 853 3726; x_wconf 80' lang='grc' dir='ltr'>τοὺς</span> <span class='ocrx_word' id='word_1_517' title='bbox 906 3664 1333 3732; x_wconf 81' lang='grc' dir='ltr'>ὑπολειφθέντας</span> <span class='ocrx_word' id='word_1_518' title='bbox 1368 3667 1474 3718; x_wconf 84' lang='grc' dir='ltr'><strong>τῶν</strong></span> <span class='ocrx_word' id='word_1_519' title='bbox 1512 3667 1809 3740; x_wconf 76' lang='grc' dir='ltr'>βαρϐάρων</span> 
     </span>
    </p>
   </div>
   <div class='ocr_carea' id='block_1_72' title="bbox 242 3743 1813 3828">
    <p class='ocr_par' dir='ltr' id='par_1_72' title="bbox 242 3743 1813 3828">
     <span class='ocr_line' id='line_1_72' title="bbox 242 3743 1813 3828; baseline 0.008 -28"><span class='ocrx_word' id='word_1_520' title='bbox 242 3752 395 3802; x_wconf 68' lang='grc' dir='ltr'>ἔνδον</span> <span class='ocrx_word' id='word_1_521' title='bbox 421 3743 632 3818; x_wconf 61' lang='grc' dir='ltr'>τειχῶνξ</span> <span class='ocrx_word' id='word_1_522' title='bbox 649 3752 914 3819; x_wconf 84' lang='grc' dir='ltr'>ἀναιρεῖν.</span> <span class='ocrx_word' id='word_1_523' title='bbox 946 3752 1054 3804; x_wconf 75' lang='grc' dir='ltr'><strong>Καὶ</strong></span> <span class='ocrx_word' id='word_1_524' title='bbox 1081 3751 1199 3821; x_wconf 83' lang='grc' dir='ltr'>δῆτ’</span> <span class='ocrx_word' id='word_1_525' title='bbox 1223 3753 1486 3823; x_wconf 83' lang='grc' dir='ltr'>ἀνδρείως</span> <span class='ocrx_word' id='word_1_526' title='bbox 1515 3757 1548 3825; x_wconf 82' lang='grc' dir='ltr'>ἡ</span> <span class='ocrx_word' id='word_1_527' title='bbox 1580 3760 1813 3828; x_wconf 82' lang='grc' dir='ltr'>στρατιὰ</span> 
     </span>
    </p>
   </div>
   <div class='ocr_carea' id='block_1_73' title="bbox 241 3839 1814 3916">
    <p class='ocr_par' dir='ltr' id='par_1_73' title="bbox 241 3839 1814 3916">
     <span class='ocr_line' id='line_1_73' title="bbox 241 3839 1814 3916; baseline 0.004 -23"><span class='ocrx_word' id='word_1_528' title='bbox 241 3840 600 3914; x_wconf 72' lang='grc' dir='ltr'>ἐπιθέμενοι,</span> <span class='ocrx_word' id='word_1_529' title='bbox 633 3842 761 3901; x_wconf 79' lang='grc' dir='ltr'>τοὺς</span> <span class='ocrx_word' id='word_1_530' title='bbox 803 3839 1092 3902; x_wconf 86' lang='grc' dir='ltr'>πλείστους</span> <span class='ocrx_word' id='word_1_531' title='bbox 1137 3841 1376 3912; x_wconf 81' lang='grc' dir='ltr'>ἀνῄρουν</span> <span class='ocrx_word' id='word_1_532' title='bbox 1417 3846 1545 3914; x_wconf 80' lang='grc' dir='ltr'>περὶ</span> <span class='ocrx_word' id='word_1_533' title='bbox 1590 3845 1690 3916; x_wconf 81' lang='grc' dir='ltr'>τὴν</span> <span class='ocrx_word' id='word_1_534' title='bbox 1724 3849 1814 3900; x_wconf 78' lang='grc' dir='ltr'><strong>ὲκ-</strong></span> 
     </span>
    </p>
   </div>
   <div class='ocr_carea' id='block_1_74' title="bbox 246 3933 1813 4006">
    <p class='ocr_par' dir='ltr' id='par_1_74' title="bbox 246 3933 1813 4006">
     <span class='ocr_line' id='line_1_74' title="bbox 246 3933 1813 4006; baseline 0.004 -21"><span class='ocrx_word' id='word_1_535' title='bbox 246 3934 476 4000; x_wconf 76' lang='grc' dir='ltr'>κλησίαν</span> <span class='ocrx_word' id='word_1_536' title='bbox 501 3933 610 3984; x_wconf 82' lang='grc' dir='ltr'>τῶν</span> <span class='ocrx_word' id='word_1_537' title='bbox 652 3933 899 3984; x_wconf 87' lang='grc' dir='ltr'>Γότθων·</span> <span class='ocrx_word' id='word_1_538' title='bbox 932 3935 1049 3986; x_wconf 81' lang='grc' dir='ltr'>ἐκεῖ</span> <span class='ocrx_word' id='word_1_539' title='bbox 1087 3933 1196 4003; x_wconf 84' lang='grc' dir='ltr'><strong>γὰρ</strong></span> <span class='ocrx_word' id='word_1_540' title='bbox 1223 3934 1595 4006; x_wconf 72' lang='grc' dir='ltr'>ἠθροίσθησαν</span> <span class='ocrx_word' id='word_1_541' title='bbox 1625 3939 1699 4001; x_wconf 78' lang='grc' dir='ltr'><strong>ὡς</strong></span> <span class='ocrx_word' id='word_1_542' title='bbox 1731 3943 1813 4002; x_wconf 77' lang='grc' dir='ltr'>εἰς</span> 
     </span>
    </p>
   </div>
   <div class='ocr_carea' id='block_1_75' title="bbox 239 4026 1814 4100">
    <p class='ocr_par' dir='ltr' id='par_1_75' title="bbox 239 4026 1814 4100">
     <span class='ocr_line' id='line_1_75' title="bbox 239 4026 1814 4100; baseline 0.004 -20"><span class='ocrx_word' id='word_1_543' title='bbox 239 4026 650 4098; x_wconf 59' lang='grc' dir='ltr'>κρῃσςρύγετον,</span> <span class='ocrx_word' id='word_1_544' title='bbox 687 4027 798 4080; x_wconf 83' lang='grc' dir='ltr'>τῶν</span> <span class='ocrx_word' id='word_1_545' title='bbox 835 4027 1020 4079; x_wconf 86' lang='grc' dir='ltr'>πυλῶν</span> <span class='ocrx_word' id='word_1_546' title='bbox 1053 4027 1109 4078; x_wconf 80' lang='grc' dir='ltr'><strong>ἐν</strong></span> <span class='ocrx_word' id='word_1_547' title='bbox 1131 4027 1209 4096; x_wconf 84' lang='grc' dir='ltr'>τῷ</span> <span class='ocrx_word' id='word_1_548' title='bbox 1239 4029 1476 4095; x_wconf 80' lang='grc' dir='ltr'>ἀσφαλεῖ</span> <span class='ocrx_word' id='word_1_549' title='bbox 1501 4033 1814 4100; x_wconf 79' lang='grc' dir='ltr'>γενομένων</span> 
     </span>
    </p>
   </div>
   <div class='ocr_carea' id='block_1_76' title="bbox 246 4115 1813 4196">
    <p class='ocr_par' dir='ltr' id='par_1_76' title="bbox 246 4115 1813 4196">
     <span class='ocr_line' id='line_1_76' title="bbox 246 4115 1813 4196; baseline 0.007 -30"><span class='ocrx_word' id='word_1_550' title='bbox 246 4121 322 4188; x_wconf 71' lang='grc' dir='ltr'>μὴ</span> <span class='ocrx_word' id='word_1_551' title='bbox 347 4115 668 4186; x_wconf 74' lang='grc' dir='ltr'>δυνηθέντες</span> <span class='ocrx_word' id='word_1_552' title='bbox 693 4119 998 4196; x_wconf 56' lang='grc' dir='ltr'>διαφιςγεῖν.</span> <span class='ocrx_word' id='word_1_553' title='bbox 1031 4118 1141 4170; x_wconf 73' lang='grc' dir='ltr'><strong>Καὶ</strong></span> <span class='ocrx_word' id='word_1_554' title='bbox 1170 4118 1232 4186; x_wconf 78' lang='grc' dir='ltr'>δὴ</span> <span class='ocrx_word' id='word_1_555' title='bbox 1266 4119 1366 4188; x_wconf 83' lang='grc' dir='ltr'>τὴν</span> <span class='ocrx_word' id='word_1_556' title='bbox 1392 4119 1490 4188; x_wconf 85' lang='grc' dir='ltr'>μὲν</span> <span class='ocrx_word' id='word_1_557' title='bbox 1515 4122 1813 4191; x_wconf 80' lang='grc' dir='ltr'>ἐκκλησίαν</span> 
     </span>
    </p>
   </div>
   <div class='ocr_carea' id='block_1_77' title="bbox 239 4211 1814 4281">
    <p class='ocr_par' dir='ltr' id='par_1_77' title="bbox 239 4211 1814 4281">
     <span class='ocr_line' id='line_1_77' title="bbox 239 4211 1814 4281; baseline 0.001 -15"><span class='ocrx_word' id='word_1_558' title='bbox 239 4212 400 4280; x_wconf 69' lang='grc' dir='ltr'>σφῶν</span> <span class='ocrx_word' id='word_1_559' title='bbox 429 4211 539 4281; x_wconf 88' lang='grc' dir='ltr'><strong>πῦρ</strong></span> <span class='ocrx_word' id='word_1_560' title='bbox 571 4211 809 4272; x_wconf 83' lang='grc' dir='ltr'>ἐνιέντες</span> <span class='ocrx_word' id='word_1_561' title='bbox 841 4211 1198 4279; x_wconf 84' lang='grc' dir='ltr'>κατέπρησαν</span> <span class='ocrx_word' id='word_1_562' title='bbox 1219 4225 1234 4240; x_wconf 73' lang='grc' dir='ltr'><strong>ο</strong></span> <span class='ocrx_word' id='word_1_563' title='bbox 1262 4211 1470 4273; x_wconf 84' lang='grc' dir='ltr'>πάντας</span> <span class='ocrx_word' id='word_1_564' title='bbox 1500 4213 1545 4266; x_wconf 86' lang='grc' dir='ltr'>δ’</span> <span class='ocrx_word' id='word_1_565' title='bbox 1573 4216 1814 4279; x_wconf 81' lang='grc' dir='ltr'>ἐκείνους</span> 
     </span>
    </p>
   </div>
   <div class='ocr_carea' id='block_1_78' title="bbox 243 4301 1813 4371">
    <p class='ocr_par' dir='ltr' id='par_1_78' title="bbox 243 4301 1813 4371">
     <span class='ocr_line' id='line_1_78' title="bbox 243 4301 1813 4371; baseline 0.004 -16"><span class='ocrx_word' id='word_1_566' title='bbox 243 4303 482 4370; x_wconf 73' lang='grc' dir='ltr'>ἀφειδῶς</span> <span class='ocrx_word' id='word_1_567' title='bbox 531 4303 795 4357; x_wconf 78' lang='grc' dir='ltr'>ἔκτειναν.</span> <span class='ocrx_word' id='word_1_568' title='bbox 838 4304 902 4355; x_wconf 89' lang='grc' dir='ltr'><strong>Ὃ</strong></span> <span class='ocrx_word' id='word_1_569' title='bbox 931 4302 996 4371; x_wconf 81' lang='grc' dir='ltr'>δὴ</span> <span class='ocrx_word' id='word_1_570' title='bbox 1053 4302 1240 4370; x_wconf 87' lang='grc' dir='ltr'>μαθὼν</span> <span class='ocrx_word' id='word_1_571' title='bbox 1267 4301 1488 4368; x_wconf 83' lang='grc' dir='ltr'>Γαῖνᾶς,</span> <span class='ocrx_word' id='word_1_572' title='bbox 1518 4305 1610 4360; x_wconf 75' lang='grc' dir='ltr'>τὸν</span> <span class='ocrx_word' id='word_1_573' title='bbox 1655 4309 1813 4361; x_wconf 81' lang='grc' dir='ltr'>ἐκού-</span> 
     </span>
    </p>
   </div>
   <div class='ocr_carea' id='block_1_79' title="bbox 1918 3123 3486 3190">
    <p class='ocr_par' dir='ltr' id='par_1_79' title="bbox 1918 3123 3486 3190">
     <span class='ocr_line' id='line_1_79' title="bbox 1918 3123 3486 3190; baseline -0.006 -8"><span class='ocrx_word' id='word_1_574' title='bbox 1918 3128 2130 3183; x_wconf 89' lang='lat' dir='ltr'><strong>hocille</strong></span> <span class='ocrx_word' id='word_1_575' title='bbox 2152 3129 2207 3182; x_wconf 91' lang='lat' dir='ltr'><strong>iu</strong></span> <span class='ocrx_word' id='word_1_576' title='bbox 2229 3129 2602 3182; x_wconf 82' lang='lat' dir='ltr'><strong>Romanorum</strong></span> <span class='ocrx_word' id='word_1_577' title='bbox 2642 3128 2858 3181; x_wconf 87' lang='lat' dir='ltr'><strong>scilicet</strong></span> <span class='ocrx_word' id='word_1_578' title='bbox 2891 3124 3284 3188; x_wconf 79' lang='lat' dir='ltr'><strong>detrimentum</strong></span> <span class='ocrx_word' id='word_1_579' title='bbox 3318 3123 3486 3190; x_wconf 91' lang='lat' dir='ltr'><strong>ccpit.</strong></span> 
     </span>
    </p>
   </div>
   <div class='ocr_carea' id='block_1_80' title="bbox 1915 3213 3488 3288">
    <p class='ocr_par' dir='ltr' id='par_1_80' title="bbox 1915 3213 3488 3288">
     <span class='ocr_line' id='line_1_80' title="bbox 1915 3213 3488 3288; baseline -0.004 -15"><span class='ocrx_word' id='word_1_580' title='bbox 1915 3219 2185 3274; x_wconf 70' lang='lat' dir='ltr'><strong>Creterum</strong></span> <span class='ocrx_word' id='word_1_581' title='bbox 2213 3220 2266 3273; x_wconf 90' lang='lat' dir='ltr'><strong>id</strong></span> <span class='ocrx_word' id='word_1_582' title='bbox 2299 3220 2480 3287; x_wconf 87' lang='lat' dir='ltr'><strong>potius</strong></span> <span class='ocrx_word' id='word_1_583' title='bbox 2503 3218 2738 3288; x_wconf 85' lang='lat' dir='ltr'><strong>imperio</strong></span> <span class='ocrx_word' id='word_1_584' title='bbox 2758 3232 2949 3272; x_wconf 90' lang='lat' dir='ltr'><strong>eorum</strong></span> <span class='ocrx_word' id='word_1_585' title='bbox 2977 3218 3122 3270; x_wconf 87' lang='lat' dir='ltr'><strong>bono</strong></span> <span class='ocrx_word' id='word_1_586' title='bbox 3144 3215 3267 3280; x_wconf 78' lang='lat' dir='ltr'><strong>fuit,</strong></span> <span class='ocrx_word' id='word_1_587' title='bbox 3315 3223 3374 3267; x_wconf 93' lang='lat' dir='ltr'><strong>ut</strong></span> <span class='ocrx_word' id='word_1_588' title='bbox 3410 3213 3488 3267; x_wconf 77' lang='lat' dir='ltr'><strong>rei</strong></span> 
     </span>
    </p>
   </div>
   <div class='ocr_carea' id='block_1_81' title="bbox 1917 3311 3485 3386">
    <p class='ocr_par' dir='ltr' id='par_1_81' title="bbox 1917 3311 3485 3386">
     <span class='ocr_line' id='line_1_81' title="bbox 1917 3311 3485 3386; baseline -0.004 -21"><span class='ocrx_word' id='word_1_589' title='bbox 1917 3313 2101 3366; x_wconf 76' lang='lat' dir='ltr'><strong>exitus</strong></span> <span class='ocrx_word' id='word_1_590' title='bbox 2125 3311 2597 3386; x_wconf 22' lang='lat' dir='ltr'><strong>declaravit..(3um</strong></span> <span class='ocrx_word' id='word_1_591' title='bbox 2623 3327 2860 3380; x_wconf 87' lang='lat' dir='ltr'><strong>namque</strong></span> <span class='ocrx_word' id='word_1_592' title='bbox 2907 3325 2936 3364; x_wconf 86' lang='lat' dir='ltr'><strong>a</strong></span> <span class='ocrx_word' id='word_1_593' title='bbox 2978 3319 3262 3380; x_wconf 87' lang='lat' dir='ltr'><strong>portarum</strong></span> <span class='ocrx_word' id='word_1_594' title='bbox 3295 3318 3485 3362; x_wconf 84' lang='lat' dir='ltr'><strong>custo-</strong></span> 
     </span>
    </p>
   </div>
   <div class='ocr_carea' id='block_1_82' title="bbox 1919 3402 3490 3472">
    <p class='ocr_par' dir='ltr' id='par_1_82' title="bbox 1919 3402 3490 3472">
     <span class='ocr_line' id='line_1_82' title="bbox 1919 3402 3490 3472; baseline -0.001 -17"><span class='ocrx_word' id='word_1_595' title='bbox 1919 3402 2082 3457; x_wconf 88' lang='lat' dir='ltr'><strong>dibus</strong></span> <span class='ocrx_word' id='word_1_596' title='bbox 2107 3418 2257 3458; x_wconf 91' lang='lat' dir='ltr'><strong>arma</strong></span> <span class='ocrx_word' id='word_1_597' title='bbox 2273 3403 2470 3458; x_wconf 81' lang='lat' dir='ltr'><strong>ell‘crre</strong></span> <span class='ocrx_word' id='word_1_598' title='bbox 2495 3404 2820 3472; x_wconf 88' lang='lat' dir='ltr'><strong>deprehensi</strong></span> <span class='ocrx_word' id='word_1_599' title='bbox 2847 3409 3055 3467; x_wconf 89' lang='lat' dir='ltr'><strong>essent,</strong></span> <span class='ocrx_word' id='word_1_600' title='bbox 3080 3411 3245 3469; x_wconf 89' lang='lat' dir='ltr'><strong>atque</strong></span> <span class='ocrx_word' id='word_1_601' title='bbox 3267 3417 3330 3455; x_wconf 87' lang='lat' dir='ltr'><strong>ea</strong></span> <span class='ocrx_word' id='word_1_602' title='bbox 3354 3402 3406 3454; x_wconf 92' lang='lat' dir='ltr'><strong>iu</strong></span> <span class='ocrx_word' id='word_1_603' title='bbox 3433 3414 3490 3453; x_wconf 90' lang='lat' dir='ltr'><strong>re</strong></span> 
     </span>
    </p>
   </div>
   <div class='ocr_carea' id='block_1_83' title="bbox 1919 3489 3490 3561">
    <p class='ocr_par' dir='ltr' id='par_1_83' title="bbox 1919 3489 3490 3561">
     <span class='ocr_line' id='line_1_83' title="bbox 1919 3489 3490 3561; baseline -0.004 -15"><span class='ocrx_word' id='word_1_604' title='bbox 1919 3491 2232 3546; x_wconf 85' lang='lat' dir='ltr'><strong>inhiberent</strong></span> <span class='ocrx_word' id='word_1_605' title='bbox 2246 3508 2332 3555; x_wconf 91' lang='lat' dir='ltr'><strong>ur,</strong></span> <span class='ocrx_word' id='word_1_606' title='bbox 2351 3492 2546 3561; x_wconf 82' lang='lat' dir='ltr'><strong>gladiis</strong></span> <span class='ocrx_word' id='word_1_607' title='bbox 2570 3492 2649 3544; x_wconf 90' lang='lat' dir='ltr'><strong>illi</strong></span> <span class='ocrx_word' id='word_1_608' title='bbox 2689 3490 2900 3544; x_wconf 82' lang='lat' dir='ltr'><strong>strictis</strong></span> <span class='ocrx_word' id='word_1_609' title='bbox 2917 3489 3268 3543; x_wconf 84' lang='lat' dir='ltr'><strong>excubitores</strong></span> <span class='ocrx_word' id='word_1_610' title='bbox 3287 3489 3490 3541; x_wconf 83' lang='lat' dir='ltr'><strong>intere-</strong></span> 
     </span>
    </p>
   </div>
   <div class='ocr_carea' id='block_1_84' title="bbox 1921 3581 3487 3652">
    <p class='ocr_par' dir='ltr' id='par_1_84' title="bbox 1921 3581 3487 3652">
     <span class='ocr_line' id='line_1_84' title="bbox 1921 3581 3487 3652; baseline -0.002 -16"><span class='ocrx_word' id='word_1_611' title='bbox 1921 3593 2165 3638; x_wconf 85' lang='lat' dir='ltr'><strong>merunt.</strong></span> <span class='ocrx_word' id='word_1_612' title='bbox 2220 3583 2401 3652; x_wconf 84' lang='lat' dir='ltr'><strong>Atque</strong></span> <span class='ocrx_word' id='word_1_613' title='bbox 2461 3583 2577 3648; x_wconf 88' lang='lat' dir='ltr'><strong>ubi,</strong></span> <span class='ocrx_word' id='word_1_614' title='bbox 2635 3581 3102 3651; x_wconf 88' lang='lat' dir='ltr'><strong>quemadmodum</strong></span> <span class='ocrx_word' id='word_1_615' title='bbox 3156 3581 3270 3636; x_wconf 73' lang='lat' dir='ltr'><strong>fieri</strong></span> <span class='ocrx_word' id='word_1_616' title='bbox 3325 3581 3487 3642; x_wconf 85' lang='lat' dir='ltr'><strong>solet.</strong></span> 
     </span>
    </p>
   </div>
   <div class='ocr_carea' id='block_1_85' title="bbox 1921 3673 3490 3745">
    <p class='ocr_par' dir='ltr' id='par_1_85' title="bbox 1921 3673 3490 3745">
     <span class='ocr_line' id='line_1_85' title="bbox 1921 3673 3490 3745; baseline -0.001 -18"><span class='ocrx_word' id='word_1_617' title='bbox 1921 3675 2106 3745; x_wconf 77' lang='lat' dir='ltr'><strong>gravis</strong></span> <span class='ocrx_word' id='word_1_618' title='bbox 2160 3676 2431 3731; x_wconf 85' lang='lat' dir='ltr'><strong>tumultus</strong></span> <span class='ocrx_word' id='word_1_619' title='bbox 2465 3677 2682 3737; x_wconf 88' lang='lat' dir='ltr'><strong>urbem,</strong></span> <span class='ocrx_word' id='word_1_620' title='bbox 2738 3673 2968 3744; x_wconf 87' lang='lat' dir='ltr'><strong>perinde</strong></span> <span class='ocrx_word' id='word_1_621' title='bbox 3013 3683 3179 3743; x_wconf 89' lang='lat' dir='ltr'><strong>atque</strong></span> <span class='ocrx_word' id='word_1_622' title='bbox 3223 3689 3286 3728; x_wconf 86' lang='lat' dir='ltr'><strong>ea</strong></span> <span class='ocrx_word' id='word_1_623' title='bbox 3339 3673 3490 3726; x_wconf 88' lang='lat' dir='ltr'><strong>illico</strong></span> 
     </span>
    </p>
   </div>
   <div class='ocr_carea' id='block_1_86' title="bbox 1919 3767 3484 3837">
    <p class='ocr_par' dir='ltr' id='par_1_86' title="bbox 1919 3767 3484 3837">
     <span class='ocr_line' id='line_1_86' title="bbox 1919 3767 3484 3837; baseline -0.004 -14"><span class='ocrx_word' id='word_1_624' title='bbox 1919 3769 2038 3837; x_wconf 85' lang='lat' dir='ltr'><strong>capi</strong></span> <span class='ocrx_word' id='word_1_625' title='bbox 2067 3769 2316 3832; x_wconf 87' lang='lat' dir='ltr'><strong>deberet,</strong></span> <span class='ocrx_word' id='word_1_626' title='bbox 2368 3768 2680 3836; x_wconf 82' lang='lat' dir='ltr'><strong>occupavit,</strong></span> <span class='ocrx_word' id='word_1_627' title='bbox 2722 3767 3016 3821; x_wconf 90' lang='lat' dir='ltr'><strong>consilium</strong></span> <span class='ocrx_word' id='word_1_628' title='bbox 3059 3776 3239 3821; x_wconf 86' lang='lat' dir='ltr'><strong>tamen</strong></span> <span class='ocrx_word' id='word_1_629' title='bbox 3279 3767 3484 3820; x_wconf 90' lang='lat' dir='ltr'><strong>bonum</strong></span> 
     </span>
    </p>
   </div>
   <div class='ocr_carea' id='block_1_87' title="bbox 1921 3859 3482 3928">
    <p class='ocr_par' dir='ltr' id='par_1_87' title="bbox 1921 3859 3482 3928">
     <span class='ocr_line' id='line_1_87' title="bbox 1921 3859 3482 3928; baseline -0.002 -16"><span class='ocrx_word' id='word_1_630' title='bbox 1921 3859 2207 3928; x_wconf 68' lang='lat' dir='ltr'><strong>prarsentia</strong></span> <span class='ocrx_word' id='word_1_631' title='bbox 2266 3859 2404 3913; x_wconf 88' lang='lat' dir='ltr'><strong>mala</strong></span> <span class='ocrx_word' id='word_1_632' title='bbox 2455 3859 2722 3928; x_wconf 87' lang='lat' dir='ltr'><strong>explicuit</strong></span> <span class='ocrx_word' id='word_1_633' title='bbox 2771 3870 2937 3928; x_wconf 89' lang='lat' dir='ltr'><strong>atque</strong></span> <span class='ocrx_word' id='word_1_634' title='bbox 2990 3862 3296 3926; x_wconf 86' lang='lat' dir='ltr'><strong>superavit.</strong></span> <span class='ocrx_word' id='word_1_635' title='bbox 3348 3859 3482 3911; x_wconf 84' lang='lat' dir='ltr'><strong>Nam</strong></span> 
     </span>
    </p>
   </div>
   <div class='ocr_carea' id='block_1_88' title="bbox 1919 3950 3483 4022">
    <p class='ocr_par' dir='ltr' id='par_1_88' title="bbox 1919 3950 3483 4022">
     <span class='ocr_line' id='line_1_88' title="bbox 1919 3950 3483 4022; baseline -0.003 -17"><span class='ocrx_word' id='word_1_636' title='bbox 1919 3952 2116 4005; x_wconf 84' lang='lat' dir='ltr'><strong>civitas</strong></span> <span class='ocrx_word' id='word_1_637' title='bbox 2150 3953 2324 4022; x_wconf 88' lang='lat' dir='ltr'><strong>portis</strong></span> <span class='ocrx_word' id='word_1_638' title='bbox 2372 3950 2575 4005; x_wconf 83' lang='lat' dir='ltr'><strong>clausis</strong></span> <span class='ocrx_word' id='word_1_639' title='bbox 2608 3959 2771 4020; x_wconf 90' lang='lat' dir='ltr'><strong>atque</strong></span> <span class='ocrx_word' id='word_1_640' title='bbox 2823 3950 3154 4014; x_wconf 81' lang='lat' dir='ltr'><strong>obﬁrmatis,</strong></span> <span class='ocrx_word' id='word_1_641' title='bbox 3196 3950 3251 4003; x_wconf 92' lang='lat' dir='ltr'><strong>in</strong></span> <span class='ocrx_word' id='word_1_642' title='bbox 3303 3960 3483 4004; x_wconf 89' lang='lat' dir='ltr'><strong>tutum</strong></span> 
     </span>
    </p>
   </div>
   <div class='ocr_carea' id='block_1_89' title="bbox 1922 4040 3487 4120">
    <p class='ocr_par' dir='ltr' id='par_1_89' title="bbox 1922 4040 3487 4120">
     <span class='ocr_line' id='line_1_89' title="bbox 1922 4040 3487 4120; baseline -0.001 -26"><span class='ocrx_word' id='word_1_643' title='bbox 1922 4042 2142 4096; x_wconf 81' lang='lat' dir='ltr'><strong>redacta</strong></span> <span class='ocrx_word' id='word_1_644' title='bbox 2169 4051 2254 4096; x_wconf 88' lang='lat' dir='ltr'><strong>est</strong></span> <span class='ocrx_word' id='word_1_645' title='bbox 2280 4049 2506 4096; x_wconf 87' lang='lat' dir='ltr'><strong>statum.</strong></span> <span class='ocrx_word' id='word_1_646' title='bbox 2539 4041 2602 4094; x_wconf 85' lang='lat' dir='ltr'><strong>Et</strong></span> <span class='ocrx_word' id='word_1_647' title='bbox 2636 4040 2938 4109; x_wconf 83' lang='lat' dir='ltr'><strong>imperator</strong></span> <span class='ocrx_word' id='word_1_648' title='bbox 2964 4040 3487 4120; x_wconf 70' lang='lat' dir='ltr'><strong>optimumsecutus</strong></span> 
     </span>
    </p>
   </div>
   <div class='ocr_carea' id='block_1_90' title="bbox 1922 4131 3489 4202">
    <p class='ocr_par' dir='ltr' id='par_1_90' title="bbox 1922 4131 3489 4202">
     <span class='ocr_line' id='line_1_90' title="bbox 1922 4131 3489 4202; baseline -0.001 -16"><span class='ocrx_word' id='word_1_649' title='bbox 1922 4133 2232 4198; x_wconf 84' lang='lat' dir='ltr'><strong>consilium,</strong></span> <span class='ocrx_word' id='word_1_650' title='bbox 2261 4131 2560 4201; x_wconf 86' lang='lat' dir='ltr'><strong>publicitus</strong></span> <span class='ocrx_word' id='word_1_651' title='bbox 2593 4131 2820 4186; x_wconf 87' lang='lat' dir='ltr'><strong>Gainam</strong></span> <span class='ocrx_word' id='word_1_652' title='bbox 2861 4131 3074 4186; x_wconf 87' lang='lat' dir='ltr'><strong>hostem</strong></span> <span class='ocrx_word' id='word_1_653' title='bbox 3107 4131 3400 4202; x_wconf 88' lang='lat' dir='ltr'><strong>judicavit,</strong></span> <span class='ocrx_word' id='word_1_654' title='bbox 3431 4143 3489 4186; x_wconf 87' lang='lat' dir='ltr'><strong>ct</strong></span> 
     </span>
    </p>
   </div>
   <div class='ocr_carea' id='block_1_91' title="bbox 1921 4224 3489 4293">
    <p class='ocr_par' dir='ltr' id='par_1_91' title="bbox 1921 4224 3489 4293">
     <span class='ocr_line' id='line_1_91' title="bbox 1921 4224 3489 4293; baseline 0.001 -16"><span class='ocrx_word' id='word_1_655' title='bbox 1921 4225 2014 4293; x_wconf 86' lang='lat' dir='ltr'><strong>qui</strong></span> <span class='ocrx_word' id='word_1_656' title='bbox 2064 4224 2259 4293; x_wconf 87' lang='lat' dir='ltr'><strong>reliqui</strong></span> <span class='ocrx_word' id='word_1_657' title='bbox 2312 4224 2366 4278; x_wconf 89' lang='lat' dir='ltr'><strong>in</strong></span> <span class='ocrx_word' id='word_1_658' title='bbox 2419 4224 2554 4278; x_wconf 85' lang='lat' dir='ltr'><strong>urbe</strong></span> <span class='ocrx_word' id='word_1_659' title='bbox 2596 4234 2754 4280; x_wconf 89' lang='lat' dir='ltr'><strong>erant</strong></span> <span class='ocrx_word' id='word_1_660' title='bbox 2792 4225 3064 4280; x_wconf 88' lang='lat' dir='ltr'><strong>Barbaros</strong></span> <span class='ocrx_word' id='word_1_661' title='bbox 3100 4226 3243 4280; x_wconf 86' lang='lat' dir='ltr'><strong>intra</strong></span> <span class='ocrx_word' id='word_1_662' title='bbox 3303 4241 3489 4279; x_wconf 83' lang='lat' dir='ltr'><strong>muros</strong></span> 
     </span>
    </p>
   </div>
   <div class='ocr_carea' id='block_1_92' title="bbox 1921 4315 3488 4390">
    <p class='ocr_par' dir='ltr' id='par_1_92' title="bbox 1921 4315 3488 4390">
     <span class='ocr_line' id='line_1_92' title="bbox 1921 4315 3488 4390; baseline 0.004 -21"><span class='ocrx_word' id='word_1_663' title='bbox 1921 4315 2097 4370; x_wconf 85' lang='lat' dir='ltr'><strong>occidi</strong></span> <span class='ocrx_word' id='word_1_664' title='bbox 2144 4316 2329 4383; x_wconf 87' lang='lat' dir='ltr'><strong>jussit.</strong></span> <span class='ocrx_word' id='word_1_665' title='bbox 2375 4316 2724 4387; x_wconf 86' lang='lat' dir='ltr'><strong>Quapropter</strong></span> <span class='ocrx_word' id='word_1_666' title='bbox 2771 4319 2979 4374; x_wconf 90' lang='lat' dir='ltr'><strong>milites</strong></span> <span class='ocrx_word' id='word_1_667' title='bbox 3024 4320 3237 4390; x_wconf 83' lang='lat' dir='ltr'><strong>magnis</strong></span> <span class='ocrx_word' id='word_1_668' title='bbox 3285 4320 3488 4375; x_wconf 88' lang='lat' dir='ltr'><strong>animis</strong></span> 
     </span>
    </p>
   </div>
   <div class='ocr_carea' id='block_1_93' title="bbox 242 4395 1812 4481">
    <p class='ocr_par' dir='ltr' id='par_1_93' title="bbox 242 4395 1812 4471">
     <span class='ocr_line' id='line_1_93' title="bbox 242 4395 1812 4471; baseline 0.005 -24"><span class='ocrx_word' id='word_1_669' title='bbox 242 4413 365 4448; x_wconf 85' lang='grc' dir='ltr'>σιον</span> <span class='ocrx_word' id='word_1_670' title='bbox 415 4395 748 4464; x_wconf 83' lang='grc' dir='ltr'>ἀποθέμενος</span> <span class='ocrx_word' id='word_1_671' title='bbox 777 4395 1030 4463; x_wconf 85' lang='grc' dir='ltr'>δαίμονα,</span> <span class='ocrx_word' id='word_1_672' title='bbox 1061 4397 1156 4449; x_wconf 76' lang='grc' dir='ltr'><strong>καὶ</strong></span> <span class='ocrx_word' id='word_1_673' title='bbox 1214 4397 1289 4467; x_wconf 79' lang='grc' dir='ltr'>μὴ</span> <span class='ocrx_word' id='word_1_674' title='bbox 1326 4398 1420 4449; x_wconf 80' lang='grc' dir='ltr'><strong>τοῦ</strong></span> <span class='ocrx_word' id='word_1_675' title='bbox 1452 4400 1644 4453; x_wconf 82' lang='grc' dir='ltr'>λοιποῦ</span> <span class='ocrx_word' id='word_1_676' title='bbox 1679 4420 1812 4471; x_wconf 86' lang='grc' dir='ltr'>προ-</span> 
     </span>
    </p>
   </div>
   <div class='ocr_carea' id='block_1_94' title="bbox 1917 4395 3486 4481">
    <p class='ocr_par' dir='ltr' id='par_1_94' title="bbox 1919 4409 3486 4481">
     <span class='ocr_line' id='line_1_94' title="bbox 1919 4409 3486 4481; baseline 0.002 -19"><span class='ocrx_word' id='word_1_677' title='bbox 1919 4409 2042 4463; x_wconf 90' lang='lat' dir='ltr'><strong>illos</strong></span> <span class='ocrx_word' id='word_1_678' title='bbox 2094 4409 2356 4478; x_wconf 81' lang='lat' dir='ltr'><strong>aggressi,</strong></span> <span class='ocrx_word' id='word_1_679' title='bbox 2406 4410 2675 4478; x_wconf 87' lang='lat' dir='ltr'><strong>plurimos</strong></span> <span class='ocrx_word' id='word_1_680' title='bbox 2723 4410 2868 4478; x_wconf 78' lang='lat' dir='ltr'><strong>apud</strong></span> <span class='ocrx_word' id='word_1_681' title='bbox 2927 4425 3048 4465; x_wconf 89' lang='lat' dir='ltr'><strong>eam</strong></span> <span class='ocrx_word' id='word_1_682' title='bbox 3107 4427 3231 4481; x_wconf 72' lang='lat' dir='ltr'><strong>qua:</strong></span> <span class='ocrx_word' id='word_1_683' title='bbox 3281 4411 3486 4465; x_wconf 89' lang='lat' dir='ltr'><strong>dicitur</strong></span> 
     </span>
    </p>
   </div>
   <div class='ocr_carea' id='block_1_95' title="bbox 240 4488 1815 4559">
    <p class='ocr_par' dir='ltr' id='par_1_95' title="bbox 240 4488 1815 4559">
     <span class='ocr_line' id='line_1_95' title="bbox 240 4488 1815 4559; baseline 0.008 -23"><span class='ocrx_word' id='word_1_684' title='bbox 240 4489 445 4557; x_wconf 80' lang='grc' dir='ltr'>χωρεῖν</span> <span class='ocrx_word' id='word_1_685' title='bbox 495 4488 594 4549; x_wconf 77' lang='grc' dir='ltr'><strong>τὰς</strong></span> <span class='ocrx_word' id='word_1_686' title='bbox 637 4488 855 4548; x_wconf 71' lang='grc' dir='ltr'>ἀπάτας</span> <span class='ocrx_word' id='word_1_687' title='bbox 903 4489 1075 4559; x_wconf 79' lang='grc' dir='ltr'>αὐτῷ,</span> <span class='ocrx_word' id='word_1_688' title='bbox 1122 4489 1258 4557; x_wconf 82' lang='grc' dir='ltr'>ἄρας</span> <span class='ocrx_word' id='word_1_689' title='bbox 1303 4491 1538 4555; x_wconf 78' lang='grc' dir='ltr'>ἐκεῖθεν,</span> <span class='ocrx_word' id='word_1_690' title='bbox 1579 4495 1676 4546; x_wconf 71' lang='grc' dir='ltr'>καὶ</span> <span class='ocrx_word' id='word_1_691' title='bbox 1725 4495 1815 4547; x_wconf 78' lang='grc' dir='ltr'><strong>διὰ</strong></span> 
     </span>
    </p>
   </div>
   <div class='ocr_carea' id='block_1_96' title="bbox 241 4573 1816 4650">
    <p class='ocr_par' dir='ltr' id='par_1_96' title="bbox 241 4573 1816 4650">
     <span class='ocr_line' id='line_1_96' title="bbox 241 4573 1816 4650; baseline 0.005 -23"><span class='ocrx_word' id='word_1_692' title='bbox 241 4581 468 4647; x_wconf 64' lang='grc' dir='ltr'>ιδρᾲκης</span> <span class='ocrx_word' id='word_1_693' title='bbox 520 4579 739 4644; x_wconf 79' lang='grc' dir='ltr'>ἐλάσας,</span> <span class='ocrx_word' id='word_1_694' title='bbox 763 4573 898 4649; x_wconf 85' lang='grc' dir='ltr'>ἦκεν</span> <span class='ocrx_word' id='word_1_695' title='bbox 952 4581 1031 4639; x_wconf 85' lang='grc' dir='ltr'><strong>είς</strong></span> <span class='ocrx_word' id='word_1_696' title='bbox 1060 4581 1159 4647; x_wconf 75' lang='grc' dir='ltr'>τὴν</span> <span class='ocrx_word' id='word_1_697' title='bbox 1206 4579 1576 4650; x_wconf 67' lang='grc' dir='ltr'>Χερρόνησον,</span> <span class='ocrx_word' id='word_1_698' title='bbox 1609 4583 1816 4636; x_wconf 83' lang='grc' dir='ltr'>ἐκεῖθεν</span> 
     </span>
    </p>
   </div>
   <div class='ocr_carea' id='block_1_97' title="bbox 241 4669 1817 4741">
    <p class='ocr_par' dir='ltr' id='par_1_97' title="bbox 241 4669 1817 4741">
     <span class='ocr_line' id='line_1_97' title="bbox 241 4669 1817 4741; baseline 0.002 -18"><span class='ocrx_word' id='word_1_699' title='bbox 241 4674 330 4731; x_wconf 77' lang='grc' dir='ltr'><strong>είς</strong></span> <span class='ocrx_word' id='word_1_700' title='bbox 356 4672 429 4722; x_wconf 67' lang='lat' dir='ltr'><strong>Et»</strong></span> <span class='ocrx_word' id='word_1_701' title='bbox 472 4669 844 4738; x_wconf 83' lang='grc' dir='ltr'>περαιωθῆναι</span> <span class='ocrx_word' id='word_1_702' title='bbox 887 4669 1292 4738; x_wconf 86' lang='grc' dir='ltr'>διανοούμενος.</span> <span class='ocrx_word' id='word_1_703' title='bbox 1321 4672 1483 4741; x_wconf 77' lang='grc' dir='ltr'>’ῼετο</span> <span class='ocrx_word' id='word_1_704' title='bbox 1529 4675 1636 4741; x_wconf 76' lang='grc' dir='ltr'>γὰρ</span> <span class='ocrx_word' id='word_1_705' title='bbox 1667 4675 1741 4736; x_wconf 86' lang='grc' dir='ltr'>ὡς</span> <span class='ocrx_word' id='word_1_706' title='bbox 1769 4677 1817 4726; x_wconf 88' lang='grc' dir='ltr'>εἱ</span> 
     </span>
    </p>
   </div>
   <div class='ocr_carea' id='block_1_98' title="bbox 237 4761 1820 4832">
    <p class='ocr_par' dir='ltr' id='par_1_98' title="bbox 237 4761 1820 4832">
     <span class='ocr_line' id='line_1_98' title="bbox 237 4761 1820 4832; baseline 0.001 -18"><span class='ocrx_word' id='word_1_707' title='bbox 237 4766 349 4824; x_wconf 63' lang='grc' dir='ltr'><strong>τὰς</strong></span> <span class='ocrx_word' id='word_1_708' title='bbox 387 4765 446 4814; x_wconf 84' lang='grc' dir='ltr'><strong>ἐν</strong></span> <span class='ocrx_word' id='word_1_709' title='bbox 487 4761 642 4830; x_wconf 65' lang='grc' dir='ltr'>Ἀσίᾳ</span> <span class='ocrx_word' id='word_1_710' title='bbox 701 4762 886 4824; x_wconf 86' lang='grc' dir='ltr'>πόλεις</span> <span class='ocrx_word' id='word_1_711' title='bbox 925 4764 1275 4831; x_wconf 84' lang='grc' dir='ltr'>χειρώσαιτο,</span> <span class='ocrx_word' id='word_1_712' title='bbox 1310 4764 1511 4832; x_wconf 76' lang='grc' dir='ltr'>ῥᾳδίως</span> <span class='ocrx_word' id='word_1_713' title='bbox 1543 4765 1692 4832; x_wconf 80' lang='grc' dir='ltr'>αὐτῷ</span> <span class='ocrx_word' id='word_1_714' title='bbox 1725 4766 1820 4816; x_wconf 67' lang='grc' dir='ltr'>καὶ</span> 
     </span>
    </p>
   </div>
   <div class='ocr_carea' id='block_1_99' title="bbox 239 4854 1818 4925">
    <p class='ocr_par' dir='ltr' id='par_1_99' title="bbox 239 4854 1818 4925">
     <span class='ocr_line' id='line_1_99' title="bbox 239 4854 1818 4925; baseline 0.004 -19"><span class='ocrx_word' id='word_1_715' title='bbox 239 4859 320 4906; x_wconf 71' lang='grc' dir='ltr'>τὰ</span> <span class='ocrx_word' id='word_1_716' title='bbox 347 4854 664 4923; x_wconf 83' lang='grc' dir='ltr'>περικύκλῳ</span> <span class='ocrx_word' id='word_1_717' title='bbox 695 4854 822 4924; x_wconf 83' lang='grc' dir='ltr'>ἔθνη</span> <span class='ocrx_word' id='word_1_718' title='bbox 847 4855 1133 4924; x_wconf 80' lang='grc' dir='ltr'>ὑποχείρια</span> <span class='ocrx_word' id='word_1_719' title='bbox 1161 4857 1392 4923; x_wconf 84' lang='grc' dir='ltr'>γένοιτο.</span> <span class='ocrx_word' id='word_1_720' title='bbox 1419 4857 1529 4908; x_wconf 55' lang='grc' dir='ltr'><strong>Καὶ⁵</strong></span> <span class='ocrx_word' id='word_1_721' title='bbox 1564 4859 1591 4909; x_wconf 92' lang='lat'><strong>6</strong></span> <span class='ocrx_word' id='word_1_722' title='bbox 1625 4859 1724 4925; x_wconf 81' lang='grc' dir='ltr'>μὲν</span> <span class='ocrx_word' id='word_1_723' title='bbox 1759 4860 1818 4912; x_wconf 83' lang='grc' dir='ltr'><strong>ἐν</strong></span> 
     </span>
    </p>
   </div>
   <div class='ocr_carea' id='block_1_100' title="bbox 248 4945 1815 5022">
    <p class='ocr_par' dir='ltr' id='par_1_100' title="bbox 248 4945 1815 5022">
     <span class='ocr_line' id='line_1_100' title="bbox 248 4945 1815 5022; baseline 0.003 -22"><span class='ocrx_word' id='word_1_724' title='bbox 248 4949 468 5010; x_wconf 79' lang='grc' dir='ltr'>τούτοις</span> <span class='ocrx_word' id='word_1_725' title='bbox 501 4945 569 5018; x_wconf 76' lang='grc' dir='ltr'>ἦν</span> <span class='ocrx_word' id='word_1_726' title='bbox 593 4963 610 4980; x_wconf 76' lang='grc' dir='ltr'><strong>ο</strong></span> <span class='ocrx_word' id='word_1_727' title='bbox 635 4950 662 5000; x_wconf 92' lang='lat'><strong>6</strong></span> <span class='ocrx_word' id='word_1_728' title='bbox 680 4949 735 5001; x_wconf 84' lang='grc' dir='ltr'><strong>δέ</strong></span> <span class='ocrx_word' id='word_1_729' title='bbox 765 4947 1022 5017; x_wconf 79' lang='grc' dir='ltr'>βασιλεὺς</span> <span class='ocrx_word' id='word_1_730' title='bbox 1050 4949 1308 5019; x_wconf 84' lang='grc' dir='ltr'>πρέσϐεις</span> <span class='ocrx_word' id='word_1_731' title='bbox 1329 4950 1570 5019; x_wconf 82' lang='grc' dir='ltr'>πέμπειν</span> <span class='ocrx_word' id='word_1_732' title='bbox 1597 4953 1784 5022; x_wconf 80' lang='grc' dir='ltr'>ᾑρεῖτο</span> <span class='ocrx_word' id='word_1_733' title='bbox 1802 4968 1815 4981; x_wconf 93' lang='grc'><strong>·</strong></span> 
     </span>
    </p>
   </div>
   <div class='ocr_carea' id='block_1_101' title="bbox 245 5029 1817 5112">
    <p class='ocr_par' dir='ltr' id='par_1_101' title="bbox 245 5029 1817 5112">
     <span class='ocr_line' id='line_1_101' title="bbox 245 5029 1817 5112; baseline 0.001 -18"><span class='ocrx_word' id='word_1_734' title='bbox 245 5029 432 5105; x_wconf 72' lang='grc' dir='ltr'>οὐδεὶς</span> <span class='ocrx_word' id='word_1_735' title='bbox 453 5043 499 5095; x_wconf 82' lang='grc' dir='ltr'>δ’</span> <span class='ocrx_word' id='word_1_736' title='bbox 527 5042 731 5111; x_wconf 82' lang='grc' dir='ltr'>ἐτόλμα</span> <span class='ocrx_word' id='word_1_737' title='bbox 751 5041 848 5109; x_wconf 84' lang='grc' dir='ltr'>τὴν</span> <span class='ocrx_word' id='word_1_738' title='bbox 889 5041 1190 5109; x_wconf 86' lang='grc' dir='ltr'>πρεσϐείαν</span> <span class='ocrx_word' id='word_1_739' title='bbox 1215 5058 1227 5072; x_wconf 79' lang='grc' dir='ltr'><strong>ο</strong></span> <span class='ocrx_word' id='word_1_740' title='bbox 1258 5042 1319 5093; x_wconf 85' lang='grc' dir='ltr'>τὸ</span> <span class='ocrx_word' id='word_1_741' title='bbox 1340 5042 1448 5112; x_wconf 79' lang='grc' dir='ltr'>γὰρ</span> <span class='ocrx_word' id='word_1_742' title='bbox 1478 5042 1574 5111; x_wconf 81' lang='grc' dir='ltr'>τῆς</span> <span class='ocrx_word' id='word_1_743' title='bbox 1605 5043 1817 5096; x_wconf 80' lang='grc' dir='ltr'>ἐκείνου</span> 
     </span>
    </p>
   </div>
   <div class='ocr_carea' id='block_1_102' title="bbox 247 5133 1820 5204">
    <p class='ocr_par' dir='ltr' id='par_1_102' title="bbox 247 5133 1820 5204">
     <span class='ocr_line' id='line_1_102' title="bbox 247 5133 1820 5204; baseline 0.003 -19"><span class='ocrx_word' id='word_1_744' title='bbox 247 5133 482 5204; x_wconf 65' lang='grc' dir='ltr'>γνώμης</span> <span class='ocrx_word' id='word_1_745' title='bbox 512 5134 661 5202; x_wconf 82' lang='grc' dir='ltr'>ὠμὸν</span> <span class='ocrx_word' id='word_1_746' title='bbox 693 5134 972 5186; x_wconf 82' lang='grc' dir='ltr'>ὑπείδοντο</span> <span class='ocrx_word' id='word_1_747' title='bbox 1003 5133 1252 5195; x_wconf 73' lang='grc' dir='ltr'>ἕκαστος.</span> <span class='ocrx_word' id='word_1_748' title='bbox 1292 5134 1559 5194; x_wconf 69' lang='grc' dir='ltr'>Λιπὸντες</span> <span class='ocrx_word' id='word_1_749' title='bbox 1591 5134 1648 5187; x_wconf 78' lang='grc' dir='ltr'>δὲ</span> <span class='ocrx_word' id='word_1_750' title='bbox 1693 5136 1820 5198; x_wconf 84' lang='grc' dir='ltr'>τοὺς</span> 
     </span>
    </p>
   </div>
   <div class='ocr_carea' id='block_1_103' title="bbox 243 5224 1818 5294">
    <p class='ocr_par' dir='ltr' id='par_1_103' title="bbox 243 5224 1818 5294">
     <span class='ocr_line' id='line_1_103' title="bbox 243 5224 1818 5294; baseline -0.002 -13"><span class='ocrx_word' id='word_1_751' title='bbox 243 5229 471 5288; x_wconf 72' lang='grc' dir='ltr'>ἄλλους,</span> <span class='ocrx_word' id='word_1_752' title='bbox 508 5226 600 5277; x_wconf 78' lang='grc' dir='ltr'>ἐπὶ</span> <span class='ocrx_word' id='word_1_753' title='bbox 645 5226 738 5278; x_wconf 84' lang='grc' dir='ltr'>τὸν</span> <span class='ocrx_word' id='word_1_754' title='bbox 781 5225 1042 5292; x_wconf 85' lang='grc' dir='ltr'>μέγιστον</span> <span class='ocrx_word' id='word_1_755' title='bbox 1101 5224 1327 5276; x_wconf 78' lang='grc' dir='ltr'>ἔϐλεπον</span> <span class='ocrx_word' id='word_1_756' title='bbox 1379 5225 1628 5294; x_wconf 86' lang='grc' dir='ltr'>ἀριστέα.</span> <span class='ocrx_word' id='word_1_757' title='bbox 1669 5225 1730 5279; x_wconf 84' lang='grc' dir='ltr'>Ὀ</span> <span class='ocrx_word' id='word_1_758' title='bbox 1762 5227 1818 5280; x_wconf 82' lang='grc' dir='ltr'>δὲ</span> 
     </span>
    </p>
   </div>
   <div class='ocr_carea' id='block_1_104' title="bbox 243 5317 1816 5390">
    <p class='ocr_par' dir='ltr' id='par_1_104' title="bbox 243 5317 1816 5390">
     <span class='ocr_line' id='line_1_104' title="bbox 243 5317 1816 5390; baseline 0 -18"><span class='ocrx_word' id='word_1_759' title='bbox 243 5323 329 5389; x_wconf 56' lang='grc' dir='ltr'><strong>μὴ</strong></span> <span class='ocrx_word' id='word_1_760' title='bbox 361 5321 459 5388; x_wconf 72' lang='grc' dir='ltr'>τὴν</span> <span class='ocrx_word' id='word_1_761' title='bbox 488 5317 870 5387; x_wconf 78' lang='grc' dir='ltr'>γεγενημένην</span> <span class='ocrx_word' id='word_1_762' title='bbox 907 5319 1091 5381; x_wconf 81' lang='grc' dir='ltr'>δείσας</span> <span class='ocrx_word' id='word_1_763' title='bbox 1140 5317 1406 5387; x_wconf 65' lang='grc' dir='ltr'>διαφορὰν</span> <span class='ocrx_word' id='word_1_764' title='bbox 1455 5320 1560 5388; x_wconf 78' lang='grc' dir='ltr'><strong>πρὸ</strong></span> <span class='ocrx_word' id='word_1_765' title='bbox 1592 5319 1816 5390; x_wconf 81' lang='grc' dir='ltr'>μικροῦ,</span> 
     </span>
    </p>
   </div>
   <div class='ocr_carea' id='block_1_105' title="bbox 244 5410 1842 5481">
    <p class='ocr_par' dir='ltr' id='par_1_105' title="bbox 244 5410 1842 5481">
     <span class='ocr_line' id='line_1_105' title="bbox 244 5410 1842 5481; baseline -0.001 -15"><span class='ocrx_word' id='word_1_766' title='bbox 244 5411 483 5479; x_wconf 72' lang='grc' dir='ltr'>πρέσϐις</span> <span class='ocrx_word' id='word_1_767' title='bbox 522 5411 722 5464; x_wconf 82' lang='grc' dir='ltr'>αὐτίκα</span> <span class='ocrx_word' id='word_1_768' title='bbox 763 5411 856 5464; x_wconf 74' lang='grc' dir='ltr'><strong>ἐπὶ</strong></span> <span class='ocrx_word' id='word_1_769' title='bbox 894 5411 1118 5481; x_wconf 79' lang='grc' dir='ltr'>Θρᾴκης</span> <span class='ocrx_word' id='word_1_770' title='bbox 1162 5411 1240 5479; x_wconf 78' lang='grc' dir='ltr'><strong>τῷ</strong></span> <span class='ocrx_word' id='word_1_771' title='bbox 1287 5410 1548 5480; x_wconf 77' lang='grc' dir='ltr'>βαρϐάρῳ</span> <span class='ocrx_word' id='word_1_772' title='bbox 1595 5411 1842 5480; x_wconf 82' lang='grc' dir='ltr'>ἐχώρει.-</span> 
     </span>
    </p>
   </div>
   <div class='ocr_carea' id='block_1_106' title="bbox 243 5501 1816 5572">
    <p class='ocr_par' dir='ltr' id='par_1_106' title="bbox 243 5501 1816 5572">
     <span class='ocr_line' id='line_1_106' title="bbox 243 5501 1816 5572; baseline 0 -16"><span class='ocrx_word' id='word_1_773' title='bbox 243 5506 450 5566; x_wconf 75' lang='grc' dir='ltr'>1ἀῖνᾶς</span> <span class='ocrx_word' id='word_1_774' title='bbox 479 5502 536 5556; x_wconf 87' lang='grc' dir='ltr'><strong>δέ</strong></span> <span class='ocrx_word' id='word_1_775' title='bbox 565 5504 657 5555; x_wconf 83' lang='grc' dir='ltr'>τὸν</span> <span class='ocrx_word' id='word_1_776' title='bbox 682 5504 914 5571; x_wconf 81' lang='grc' dir='ltr'>πρέσϐιν</span> <span class='ocrx_word' id='word_1_777' title='bbox 935 5504 1084 5564; x_wconf 81' lang='grc' dir='ltr'>ὅστις</span> <span class='ocrx_word' id='word_1_778' title='bbox 1117 5503 1202 5570; x_wconf 84' lang='grc' dir='ltr'>εῐη</span> <span class='ocrx_word' id='word_1_779' title='bbox 1236 5501 1570 5569; x_wconf 83' lang='grc' dir='ltr'>διεγνωκὼς,</span> <span class='ocrx_word' id='word_1_780' title='bbox 1598 5504 1693 5556; x_wconf 77' lang='grc' dir='ltr'>καὶ</span> <span class='ocrx_word' id='word_1_781' title='bbox 1719 5505 1816 5572; x_wconf 79' lang='grc' dir='ltr'>τὴν</span> 
     </span>
    </p>
   </div>
   <div class='ocr_carea' id='block_1_107' title="bbox 245 5596 1816 5666">
    <p class='ocr_par' dir='ltr' id='par_1_107' title="bbox 245 5596 1816 5666">
     <span class='ocr_line' id='line_1_107' title="bbox 245 5596 1816 5666; baseline -0.001 -19"><span class='ocrx_word' id='word_1_782' title='bbox 245 5596 392 5662; x_wconf 62' lang='grc' dir='ltr'>ὑπὲρ</span> <span class='ocrx_word' id='word_1_783' title='bbox 423 5597 520 5663; x_wconf 77' lang='grc' dir='ltr'>τῆς</span> <span class='ocrx_word' id='word_1_784' title='bbox 570 5596 856 5657; x_wconf 72' lang='grc' dir='ltr'>εὐσεϐείας</span> <span class='ocrx_word' id='word_1_785' title='bbox 886 5596 1201 5666; x_wconf 66' lang='grc' dir='ltr'>παρρησίαν</span> <span class='ocrx_word' id='word_1_786' title='bbox 1245 5597 1617 5665; x_wconf 65' lang='grc' dir='ltr'>γεγενημένην</span> <span class='ocrx_word' id='word_1_787' title='bbox 1667 5598 1816 5664; x_wconf 67' lang='grc' dir='ltr'>αὐτῷ</span> 
     </span>
    </p>
   </div>
   <div class='ocr_carea' id='block_1_108' title="bbox 244 5688 1811 5759">
    <p class='ocr_par' dir='ltr' id='par_1_108' title="bbox 244 5688 1811 5759">
     <span class='ocr_line' id='line_1_108' title="bbox 244 5688 1811 5759; baseline 0 -19"><span class='ocrx_word' id='word_1_788' title='bbox 244 5693 306 5740; x_wconf 57' lang='lat'><strong>73,:</strong></span> <span class='ocrx_word' id='word_1_789' title='bbox 343 5688 416 5756; x_wconf 58' lang='grc' dir='ltr'><strong>»ᾧ</strong></span> <span class='ocrx_word' id='word_1_790' title='bbox 447 5690 696 5759; x_wconf 76' lang='grc' dir='ltr'>θέμενος’</span> <span class='ocrx_word' id='word_1_791' title='bbox 735 5690 996 5751; x_wconf 56' lang='grc' dir='ltr'>αἱδεδθεῖς</span> <span class='ocrx_word' id='word_1_792' title='bbox 1031 5690 1083 5740; x_wconf 72' lang='grc' dir='ltr'>δὲ</span> <span class='ocrx_word' id='word_1_793' title='bbox 1122 5689 1274 5756; x_wconf 76' lang='grc' dir='ltr'>εἴπερ</span> <span class='ocrx_word' id='word_1_794' title='bbox 1314 5707 1364 5741; x_wconf 84' lang='grc' dir='ltr'><strong>τι</strong></span> <span class='ocrx_word' id='word_1_795' title='bbox 1414 5689 1551 5754; x_wconf 54' lang='lat' dir='ltr'><strong>{tilia</strong></span> <span class='ocrx_word' id='word_1_796' title='bbox 1597 5688 1685 5755; x_wconf 76' lang='grc' dir='ltr'>ιὴι</span> <span class='ocrx_word' id='word_1_797' title='bbox 1724 5691 1811 5743; x_wconf 71' lang='grc' dir='ltr'><strong>τοῦ</strong></span> 
     </span>
    </p>
   </div>
   <div class='ocr_carea' id='block_1_109' title="bbox 1919 4500 3488 4572">
    <p class='ocr_par' dir='ltr' id='par_1_109' title="bbox 1919 4500 3488 4572">
     <span class='ocr_line' id='line_1_109' title="bbox 1919 4500 3488 4572; baseline 0 -16"><span class='ocrx_word' id='word_1_798' title='bbox 1919 4500 2249 4557; x_wconf 86' lang='lat' dir='ltr'><strong>Gotthorum</strong></span> <span class='ocrx_word' id='word_1_799' title='bbox 2283 4502 2574 4556; x_wconf 71' lang='lat' dir='ltr'><strong>ecclesiam</strong></span> <span class='ocrx_word' id='word_1_800' title='bbox 2608 4512 2903 4557; x_wconf 87' lang='lat' dir='ltr'><strong>necarunt.</strong></span> <span class='ocrx_word' id='word_1_801' title='bbox 2964 4504 3044 4557; x_wconf 87' lang='lat' dir='ltr'><strong>Eo</strong></span> <span class='ocrx_word' id='word_1_802' title='bbox 3093 4519 3332 4572; x_wconf 87' lang='lat' dir='ltr'><strong>namque</strong></span> <span class='ocrx_word' id='word_1_803' title='bbox 3374 4515 3488 4558; x_wconf 84' lang='lat' dir='ltr'><strong>tau-</strong></span> 
     </span>
    </p>
   </div>
   <div class='ocr_carea' id='block_1_110' title="bbox 1919 4594 3486 4665">
    <p class='ocr_par' dir='ltr' id='par_1_110' title="bbox 1919 4594 3486 4665">
     <span class='ocr_line' id='line_1_110' title="bbox 1919 4594 3486 4665; baseline 0.001 -18"><span class='ocrx_word' id='word_1_804' title='bbox 1919 4610 2080 4663; x_wconf 88' lang='lat' dir='ltr'><strong>quam</strong></span> <span class='ocrx_word' id='word_1_805' title='bbox 2116 4594 2181 4648; x_wconf 89' lang='lat' dir='ltr'><strong>ad</strong></span> <span class='ocrx_word' id='word_1_806' title='bbox 2217 4595 2425 4664; x_wconf 85' lang='lat' dir='ltr'><strong>asylum</strong></span> <span class='ocrx_word' id='word_1_807' title='bbox 2464 4606 2520 4648; x_wconf 84' lang='lat' dir='ltr'><strong>et</strong></span> <span class='ocrx_word' id='word_1_808' title='bbox 2559 4595 2865 4665; x_wconf 78' lang='lat' dir='ltr'><strong>perfugium</strong></span> <span class='ocrx_word' id='word_1_809' title='bbox 2913 4594 3319 4659; x_wconf 82' lang='lat' dir='ltr'><strong>conﬂuxerant,</strong></span> <span class='ocrx_word' id='word_1_810' title='bbox 3361 4611 3486 4650; x_wconf 89' lang='lat' dir='ltr'><strong>cum</strong></span> 
     </span>
    </p>
   </div>
   <div class='ocr_carea' id='block_1_111' title="bbox 1921 4686 3484 4757">
    <p class='ocr_par' dir='ltr' id='par_1_111' title="bbox 1921 4686 3484 4757">
     <span class='ocr_line' id='line_1_111' title="bbox 1921 4686 3484 4757; baseline 0.003 -18"><span class='ocrx_word' id='word_1_811' title='bbox 1921 4687 2096 4754; x_wconf 91' lang='lat' dir='ltr'><strong>portis</strong></span> <span class='ocrx_word' id='word_1_812' title='bbox 2133 4686 2338 4740; x_wconf 88' lang='lat' dir='ltr'><strong>clausis</strong></span> <span class='ocrx_word' id='word_1_813' title='bbox 2373 4686 2664 4754; x_wconf 77' lang='lat' dir='ltr'><strong>profugere</strong></span> <span class='ocrx_word' id='word_1_814' title='bbox 2718 4688 3033 4755; x_wconf 87' lang='lat' dir='ltr'><strong>nequirent.</strong></span> <span class='ocrx_word' id='word_1_815' title='bbox 3086 4687 3245 4757; x_wconf 76' lang='lat'><strong>361</strong></span> <span class='ocrx_word' id='word_1_816' title='bbox 3285 4688 3358 4740; x_wconf 83' lang='lat' dir='ltr'><strong>ita</strong></span> <span class='ocrx_word' id='word_1_817' title='bbox 3391 4704 3484 4743; x_wconf 85' lang='lat' dir='ltr'><strong>cc-</strong></span> 
     </span>
    </p>
   </div>
   <div class='ocr_carea' id='block_1_112' title="bbox 1920 4778 3485 4846">
    <p class='ocr_par' dir='ltr' id='par_1_112' title="bbox 1920 4778 3485 4846">
     <span class='ocr_line' id='line_1_112' title="bbox 1920 4778 3485 4846; baseline 0.001 -14"><span class='ocrx_word' id='word_1_818' title='bbox 1920 4778 2142 4832; x_wconf 87' lang='lat' dir='ltr'><strong>clesiam</strong></span> <span class='ocrx_word' id='word_1_819' title='bbox 2174 4793 2372 4831; x_wconf 89' lang='lat' dir='ltr'><strong>eorum</strong></span> <span class='ocrx_word' id='word_1_820' title='bbox 2417 4779 2540 4846; x_wconf 77' lang='lat' dir='ltr'><strong>igne</strong></span> <span class='ocrx_word' id='word_1_821' title='bbox 2576 4779 2776 4846; x_wconf 82' lang='lat' dir='ltr'><strong>injecto</strong></span> <span class='ocrx_word' id='word_1_822' title='bbox 2808 4789 3151 4844; x_wconf 87' lang='lat' dir='ltr'><strong>cremarunt,</strong></span> <span class='ocrx_word' id='word_1_823' title='bbox 3178 4788 3234 4833; x_wconf 86' lang='lat' dir='ltr'><strong>et</strong></span> <span class='ocrx_word' id='word_1_824' title='bbox 3283 4780 3485 4833; x_wconf 81' lang='lat' dir='ltr'><strong>Barba-</strong></span> 
     </span>
    </p>
   </div>
   <div class='ocr_carea' id='block_1_113' title="bbox 1924 4867 3485 4935">
    <p class='ocr_par' dir='ltr' id='par_1_113' title="bbox 1924 4867 3485 4935">
     <span class='ocr_line' id='line_1_113' title="bbox 1924 4867 3485 4935; baseline 0.001 -15"><span class='ocrx_word' id='word_1_825' title='bbox 1924 4883 2013 4922; x_wconf 91' lang='lat' dir='ltr'><strong>ros</strong></span> <span class='ocrx_word' id='word_1_826' title='bbox 2035 4883 2229 4922; x_wconf 87' lang='lat' dir='ltr'><strong>omncs</strong></span> <span class='ocrx_word' id='word_1_827' title='bbox 2253 4867 2574 4921; x_wconf 83' lang='lat' dir='ltr'><strong>discrimine</strong></span> <span class='ocrx_word' id='word_1_828' title='bbox 2609 4870 2759 4923; x_wconf 87' lang='lat' dir='ltr'><strong>nullo</strong></span> <span class='ocrx_word' id='word_1_829' title='bbox 2785 4870 3172 4924; x_wconf 87' lang='lat' dir='ltr'><strong>conciderunt.</strong></span> <span class='ocrx_word' id='word_1_830' title='bbox 3198 4869 3356 4935; x_wconf 86' lang='lat' dir='ltr'><strong>Quod</strong></span> <span class='ocrx_word' id='word_1_831' title='bbox 3391 4871 3485 4924; x_wconf 87' lang='lat' dir='ltr'><strong>ubi</strong></span> 
     </span>
    </p>
   </div>
   <div class='ocr_carea' id='block_1_114' title="bbox 1919 4957 3483 5028">
    <p class='ocr_par' dir='ltr' id='par_1_114' title="bbox 1919 4957 3483 5028">
     <span class='ocr_line' id='line_1_114' title="bbox 1919 4957 3483 5028; baseline 0.001 -16"><span class='ocrx_word' id='word_1_832' title='bbox 1919 4957 2123 5012; x_wconf 85' lang='lat' dir='ltr'><strong>Gainas</strong></span> <span class='ocrx_word' id='word_1_833' title='bbox 2155 4958 2402 5020; x_wconf 87' lang='lat' dir='ltr'><strong>rescivit,</strong></span> <span class='ocrx_word' id='word_1_834' title='bbox 2452 4958 2701 5012; x_wconf 81' lang='lat' dir='ltr'><strong>daemone</strong></span> <span class='ocrx_word' id='word_1_835' title='bbox 2729 4974 2894 5028; x_wconf 91' lang='lat' dir='ltr'><strong>quem</strong></span> <span class='ocrx_word' id='word_1_836' title='bbox 2923 4959 3212 5014; x_wconf 88' lang='lat' dir='ltr'><strong>voluntate</strong></span> <span class='ocrx_word' id='word_1_837' title='bbox 3242 4975 3341 5015; x_wconf 86' lang='lat' dir='ltr'><strong>sua</strong></span> <span class='ocrx_word' id='word_1_838' title='bbox 3376 4961 3483 5015; x_wconf 84' lang='lat' dir='ltr'><strong>sibi</strong></span> 
     </span>
    </p>
   </div>
   <div class='ocr_carea' id='block_1_115' title="bbox 1922 5048 3489 5123">
    <p class='ocr_par' dir='ltr' id='par_1_115' title="bbox 1922 5048 3489 5123">
     <span class='ocr_line' id='line_1_115' title="bbox 1922 5048 3489 5123; baseline 0.001 -19"><span class='ocrx_word' id='word_1_839' title='bbox 1922 5062 2255 5118; x_wconf 88' lang='lat' dir='ltr'><strong>sumpserat,</strong></span> <span class='ocrx_word' id='word_1_840' title='bbox 2306 5048 2557 5114; x_wconf 87' lang='lat' dir='ltr'><strong>dimisso,</strong></span> <span class='ocrx_word' id='word_1_841' title='bbox 2606 5052 2751 5119; x_wconf 74' lang='lat' dir='ltr'><strong>quod</strong></span> <span class='ocrx_word' id='word_1_842' title='bbox 2790 5051 2894 5106; x_wconf 88' lang='lat' dir='ltr'><strong>sibi</strong></span> <span class='ocrx_word' id='word_1_843' title='bbox 2943 5052 3324 5107; x_wconf 81' lang='lat' dir='ltr'><strong>fraudulentas</strong></span> <span class='ocrx_word' id='word_1_844' title='bbox 3362 5054 3489 5123; x_wconf 82' lang='lat' dir='ltr'><strong>insi-</strong></span> 
     </span>
    </p>
   </div>
   <div class='ocr_carea' id='block_1_116' title="bbox 1922 5140 3488 5212">
    <p class='ocr_par' dir='ltr' id='par_1_116' title="bbox 1922 5140 3488 5212">
     <span class='ocr_line' id='line_1_116' title="bbox 1922 5140 3488 5212; baseline 0 -17"><span class='ocrx_word' id='word_1_845' title='bbox 1922 5141 2044 5195; x_wconf 86' lang='lat' dir='ltr'><strong>dias</strong></span> <span class='ocrx_word' id='word_1_846' title='bbox 2075 5156 2204 5195; x_wconf 85' lang='lat' dir='ltr'><strong>suas</strong></span> <span class='ocrx_word' id='word_1_847' title='bbox 2248 5140 2448 5195; x_wconf 81' lang='lat' dir='ltr'><strong>deinde</strong></span> <span class='ocrx_word' id='word_1_848' title='bbox 2491 5141 2676 5196; x_wconf 91' lang='lat' dir='ltr'><strong>minus</strong></span> <span class='ocrx_word' id='word_1_849' title='bbox 2711 5143 3012 5211; x_wconf 89' lang='lat' dir='ltr'><strong>procedere</strong></span> <span class='ocrx_word' id='word_1_850' title='bbox 3043 5152 3318 5206; x_wconf 88' lang='lat' dir='ltr'><strong>cerneret,</strong></span> <span class='ocrx_word' id='word_1_851' title='bbox 3360 5145 3488 5212; x_wconf 74' lang='lat' dir='ltr'><strong>inde</strong></span> 
     </span>
    </p>
   </div>
   <div class='ocr_carea' id='block_1_117' title="bbox 1923 5231 3487 5305">
    <p class='ocr_par' dir='ltr' id='par_1_117' title="bbox 1923 5231 3487 5305">
     <span class='ocr_line' id='line_1_117' title="bbox 1923 5231 3487 5305; baseline 0.004 -22"><span class='ocrx_word' id='word_1_852' title='bbox 1923 5231 2224 5300; x_wconf 81' lang='lat' dir='ltr'><strong>profectus,</strong></span> <span class='ocrx_word' id='word_1_853' title='bbox 2249 5247 2347 5302; x_wconf 87' lang='lat' dir='ltr'><strong>per</strong></span> <span class='ocrx_word' id='word_1_854' title='bbox 2373 5233 2661 5288; x_wconf 85' lang='lat' dir='ltr'><strong>Thraciam</strong></span> <span class='ocrx_word' id='word_1_855' title='bbox 2693 5235 2747 5288; x_wconf 89' lang='lat' dir='ltr'><strong>in</strong></span> <span class='ocrx_word' id='word_1_856' title='bbox 2777 5234 3487 5305; x_wconf 76' lang='lat' dir='ltr'><strong>Chersonesumpervenit,</strong></span> 
     </span>
    </p>
   </div>
   <div class='ocr_carea' id='block_1_118' title="bbox 1927 5326 3488 5398">
    <p class='ocr_par' dir='ltr' id='par_1_118' title="bbox 1927 5326 3488 5398">
     <span class='ocr_line' id='line_1_118' title="bbox 1927 5326 3488 5398; baseline 0.005 -20"><span class='ocrx_word' id='word_1_857' title='bbox 1927 5326 2182 5394; x_wconf 80' lang='lat' dir='ltr'><strong>trajicere</strong></span> <span class='ocrx_word' id='word_1_858' title='bbox 2217 5341 2281 5379; x_wconf 84' lang='lat' dir='ltr'><strong>ex</strong></span> <span class='ocrx_word' id='word_1_859' title='bbox 2315 5342 2380 5381; x_wconf 85' lang='lat' dir='ltr'><strong>eo</strong></span> <span class='ocrx_word' id='word_1_860' title='bbox 2412 5328 2532 5382; x_wconf 87' lang='lat' dir='ltr'><strong>loco</strong></span> <span class='ocrx_word' id='word_1_861' title='bbox 2567 5328 2620 5380; x_wconf 91' lang='lat' dir='ltr'><strong>in</strong></span> <span class='ocrx_word' id='word_1_862' title='bbox 2657 5327 2936 5383; x_wconf 86' lang='lat' dir='ltr'><strong>Orientem</strong></span> <span class='ocrx_word' id='word_1_863' title='bbox 2970 5330 3237 5398; x_wconf 83' lang='lat' dir='ltr'><strong>cogitans.</strong></span> <span class='ocrx_word' id='word_1_864' title='bbox 3285 5333 3488 5386; x_wconf 70' lang='lat' dir='ltr'><strong>Existi-</strong></span> 
     </span>
    </p>
   </div>
   <div class='ocr_carea' id='block_1_119' title="bbox 1924 5418 3486 5495">
    <p class='ocr_par' dir='ltr' id='par_1_119' title="bbox 1924 5418 3486 5495">
     <span class='ocr_line' id='line_1_119' title="bbox 1924 5418 3486 5495; baseline 0.007 -26"><span class='ocrx_word' id='word_1_865' title='bbox 1924 5418 2108 5471; x_wconf 88' lang='lat' dir='ltr'><strong>mabat</strong></span> <span class='ocrx_word' id='word_1_866' title='bbox 2146 5435 2401 5488; x_wconf 86' lang='lat' dir='ltr'><strong>namque,</strong></span> <span class='ocrx_word' id='word_1_867' title='bbox 2459 5421 2504 5474; x_wconf 88' lang='lat' dir='ltr'><strong>si</strong></span> <span class='ocrx_word' id='word_1_868' title='bbox 2558 5421 2610 5474; x_wconf 90' lang='lat' dir='ltr'><strong>iu</strong></span> <span class='ocrx_word' id='word_1_869' title='bbox 2647 5423 2772 5474; x_wconf 73' lang='lat' dir='ltr'><strong>Asia</strong></span> <span class='ocrx_word' id='word_1_870' title='bbox 2819 5421 2986 5476; x_wconf 87' lang='lat' dir='ltr'><strong>urbes</strong></span> <span class='ocrx_word' id='word_1_871' title='bbox 3029 5423 3289 5495; x_wconf 79' lang='lat' dir='ltr'><strong>cepisset,</strong></span> <span class='ocrx_word' id='word_1_872' title='bbox 3323 5424 3486 5490; x_wconf 77' lang='lat' dir='ltr'><strong>facile</strong></span> 
     </span>
    </p>
   </div>
   <div class='ocr_carea' id='block_1_120' title="bbox 1920 5511 3488 5584">
    <p class='ocr_par' dir='ltr' id='par_1_120' title="bbox 1920 5511 3488 5584">
     <span class='ocr_line' id='line_1_120' title="bbox 1920 5511 3488 5584; baseline 0.007 -23"><span class='ocrx_word' id='word_1_873' title='bbox 1920 5526 2142 5578; x_wconf 88' lang='lat' dir='ltr'><strong>quoque</strong></span> <span class='ocrx_word' id='word_1_874' title='bbox 2175 5527 2232 5565; x_wconf 83' lang='lat' dir='ltr'><strong>se</strong></span> <span class='ocrx_word' id='word_1_875' title='bbox 2264 5511 2525 5564; x_wconf 78' lang='lat' dir='ltr'><strong>ﬁnitimas</strong></span> <span class='ocrx_word' id='word_1_876' title='bbox 2570 5512 2622 5564; x_wconf 89' lang='lat' dir='ltr'><strong>in</strong></span> <span class='ocrx_word' id='word_1_877' title='bbox 2674 5512 2907 5565; x_wconf 85' lang='lat' dir='ltr'><strong>circuitu</strong></span> <span class='ocrx_word' id='word_1_878' title='bbox 2943 5523 3132 5581; x_wconf 77' lang='lat' dir='ltr'><strong>gentes</strong></span> <span class='ocrx_word' id='word_1_879' title='bbox 3162 5515 3268 5569; x_wconf 83' lang='lat' dir='ltr'><strong>sibi</strong></span> <span class='ocrx_word' id='word_1_880' title='bbox 3303 5516 3488 5584; x_wconf 88' lang='lat' dir='ltr'><strong>subje-</strong></span> 
     </span>
    </p>
   </div>
   <div class='ocr_carea' id='block_1_121' title="bbox 1921 5597 3488 5670">
    <p class='ocr_par' dir='ltr' id='par_1_121' title="bbox 1921 5597 3488 5670">
     <span class='ocr_line' id='line_1_121' title="bbox 1921 5597 3488 5670; baseline 0.004 -16"><span class='ocrx_word' id='word_1_881' title='bbox 1921 5611 2138 5655; x_wconf 78' lang='lat' dir='ltr'><strong>cturum</strong></span> <span class='ocrx_word' id='word_1_882' title='bbox 2183 5617 2325 5656; x_wconf 79' lang='lat' dir='ltr'><strong>esse.</strong></span> <span class='ocrx_word' id='word_1_883' title='bbox 2362 5603 2538 5670; x_wconf 83' lang='lat' dir='ltr'><strong>Atque</strong></span> <span class='ocrx_word' id='word_1_884' title='bbox 2573 5602 2663 5656; x_wconf 88' lang='lat' dir='ltr'><strong>illc</strong></span> <span class='ocrx_word' id='word_1_885' title='bbox 2699 5601 2921 5669; x_wconf 89' lang='lat' dir='ltr'><strong>quidem</strong></span> <span class='ocrx_word' id='word_1_886' title='bbox 2956 5603 3070 5657; x_wconf 74' lang='lat' dir='ltr'><strong>lucc</strong></span> <span class='ocrx_word' id='word_1_887' title='bbox 3097 5603 3174 5658; x_wconf 85' lang='lat' dir='ltr'><strong>sic</strong></span> <span class='ocrx_word' id='word_1_888' title='bbox 3219 5597 3488 5660; x_wconf 60' lang='lat' dir='ltr'><strong>molieba-</strong></span> 
     </span>
    </p>
   </div>
   <div class='ocr_carea' id='block_1_122' title="bbox 1924 5693 3494 5767">
    <p class='ocr_par' dir='ltr' id='par_1_122' title="bbox 1924 5693 3494 5767">
     <span class='ocr_line' id='line_1_122' title="bbox 1924 5693 3494 5767; baseline 0.006 -25"><span class='ocrx_word' id='word_1_889' title='bbox 1924 5703 2028 5745; x_wconf 87' lang='lat' dir='ltr'><strong>tur.</strong></span> <span class='ocrx_word' id='word_1_890' title='bbox 2093 5693 2392 5762; x_wconf 76' lang='lat' dir='ltr'><strong>Imperator</strong></span> <span class='ocrx_word' id='word_1_891' title='bbox 2449 5701 2628 5746; x_wconf 79' lang='lat' dir='ltr'><strong>autum</strong></span> <span class='ocrx_word' id='word_1_892' title='bbox 2679 5703 2926 5748; x_wconf 82' lang='lat' dir='ltr'><strong>oratores</strong></span> <span class='ocrx_word' id='word_1_893' title='bbox 2981 5710 3199 5749; x_wconf 78' lang='lat' dir='ltr'><strong>rursum</strong></span> <span class='ocrx_word' id='word_1_894' title='bbox 3253 5697 3355 5752; x_wconf 82' lang='lat' dir='ltr'><strong>sibi</strong></span> <span class='ocrx_word' id='word_1_895' title='bbox 3412 5702 3494 5767; x_wconf 35' lang='lat' dir='ltr'><strong>ad,</strong></span> 
     </span>
    </p>
   </div>
  </div>
