  <div class='ocr_page' id='page_1' title='image "/cluster/home/n/w/nwhite01/storage/ocr_20150623/146/hvd.32044073502601/523.png"; bbox 0 0 3898 6192; ppageno 0'>
   <div class='ocr_carea' id='block_1_1' title="bbox 393 300 502 368">
    <p class='ocr_par' dir='ltr' id='par_1_1' title="bbox 393 300 502 368">
     <span class='ocr_line' id='line_1_1' title="bbox 393 300 502 368; baseline -0.018 0"><span class='ocrx_word' id='word_1_1' title='bbox 393 300 502 368; x_wconf 80' lang='lat'><strong>959</strong></span> 
     </span>
    </p>
   </div>
   <div class='ocr_carea' id='block_1_2' title="bbox 1587 296 2386 362">
    <p class='ocr_par' dir='ltr' id='par_1_2' title="bbox 1587 296 2386 362">
     <span class='ocr_line' id='line_1_2' title="bbox 1587 296 2386 362; baseline 0.003 -4"><span class='ocrx_word' id='word_1_2' title='bbox 1587 296 2009 362; x_wconf 74' lang='lat' dir='ltr'><strong>NILEPHORI</strong></span> <span class='ocrx_word' id='word_1_3' title='bbox 2045 301 2386 362; x_wconf 80' lang='lat' dir='ltr'><strong>CALLlSTl</strong></span> 
     </span>
    </p>
   </div>
   <div class='ocr_carea' id='block_1_3' title="bbox 3517 300 3628 364">
    <p class='ocr_par' dir='ltr' id='par_1_3' title="bbox 3517 300 3628 364">
     <span class='ocr_line' id='line_1_3' title="bbox 3517 300 3628 364; baseline 0.009 -1"><span class='ocrx_word' id='word_1_4' title='bbox 3517 300 3628 364; x_wconf 82' lang='lat'><strong>960</strong></span> 
     </span>
    </p>
   </div>
   <div class='ocr_carea' id='block_1_4' title="bbox 397 362 1968 482">
    <p class='ocr_par' dir='ltr' id='par_1_4' title="bbox 397 406 1951 482">
     <span class='ocr_line' id='line_1_4' title="bbox 397 406 1951 482; baseline -0.009 -8"><span class='ocrx_word' id='word_1_5' title='bbox 397 414 550 474; x_wconf 80' lang='lat' dir='ltr'><strong>brevi</strong></span> <span class='ocrx_word' id='word_1_6' title='bbox 589 413 672 469; x_wconf 89' lang='lat' dir='ltr'><strong>eis</strong></span> <span class='ocrx_word' id='word_1_7' title='bbox 704 427 787 476; x_wconf 85' lang='lat' dir='ltr'><strong>se,</strong></span> <span class='ocrx_word' id='word_1_8' title='bbox 819 411 912 482; x_wconf 84' lang='lat' dir='ltr'><strong>qui</strong></span> <span class='ocrx_word' id='word_1_9' title='bbox 945 411 1000 467; x_wconf 91' lang='lat' dir='ltr'><strong>in</strong></span> <span class='ocrx_word' id='word_1_10' title='bbox 1040 407 1390 478; x_wconf 90' lang='lat' dir='ltr'><strong>imperatoris</strong></span> <span class='ocrx_word' id='word_1_11' title='bbox 1434 406 1554 462; x_wconf 86' lang='lat' dir='ltr'><strong>aula</strong></span> <span class='ocrx_word' id='word_1_12' title='bbox 1583 407 1788 477; x_wconf 88' lang='lat' dir='ltr'><strong>aliquid</strong></span> <span class='ocrx_word' id='word_1_13' title='bbox 1826 423 1951 477; x_wconf 87' lang='lat' dir='ltr'><strong>pos-</strong></span> 
     </span>
    </p>
   </div>
   <div class='ocr_carea' id='block_1_5' title="bbox 2068 362 3627 482">
    <p class='ocr_par' dir='ltr' id='par_1_5' title="bbox 2068 362 3627 478">
     <span class='ocr_line' id='line_1_5' title="bbox 2068 362 3627 478; baseline -0.001 -17"><span class='ocrx_word' id='word_1_14' title='bbox 2068 411 2426 478; x_wconf 72' lang='grc' dir='ltr'>ιπιτρέπεται.</span> <span class='ocrx_word' id='word_1_15' title='bbox 2465 403 2579 470; x_wconf 88' lang='grc' dir='ltr'><strong>Τάς</strong></span> <span class='ocrx_word' id='word_1_16' title='bbox 2633 403 2953 474; x_wconf 77' lang='grc' dir='ltr'>ίερουργοῦς</span> <span class='ocrx_word' id='word_1_17' title='bbox 3021 403 3068 458; x_wconf 84' lang='grc' dir='ltr'>δ’</span> <span class='ocrx_word' id='word_1_18' title='bbox 3119 362 3383 458; x_wconf 81' lang='grc' dir='ltr'><strong>¹ἐπετίθει</strong></span> <span class='ocrx_word' id='word_1_19' title='bbox 3445 362 3627 476; x_wconf 76' lang='grc' dir='ltr'>χεῖρας</span> 
     </span>
    </p>
   </div>
   <div class='ocr_carea' id='block_1_6' title="bbox 397 498 1952 571">
    <p class='ocr_par' dir='ltr' id='par_1_6' title="bbox 397 498 1952 571">
     <span class='ocr_line' id='line_1_6' title="bbox 397 498 1952 571; baseline -0.008 -7"><span class='ocrx_word' id='word_1_20' title='bbox 397 515 543 571; x_wconf 89' lang='lat' dir='ltr'><strong>sent,</strong></span> <span class='ocrx_word' id='word_1_21' title='bbox 593 520 718 559; x_wconf 88' lang='lat' dir='ltr'><strong>cum</strong></span> <span class='ocrx_word' id='word_1_22' title='bbox 750 502 1078 557; x_wconf 68' lang='lat' dir='ltr'><strong>dexteritate</strong></span> <span class='ocrx_word' id='word_1_23' title='bbox 1108 499 1340 568; x_wconf 85' lang='lat' dir='ltr'><strong>quadam</strong></span> <span class='ocrx_word' id='word_1_24' title='bbox 1396 498 1704 562; x_wconf 82' lang='lat' dir='ltr'><strong>insinuans,</strong></span> <span class='ocrx_word' id='word_1_25' title='bbox 1761 498 1952 552; x_wconf 61' lang='lat' dir='ltr'><strong>amiris</strong></span> 
     </span>
    </p>
   </div>
   <div class='ocr_carea' id='block_1_7' title="bbox 398 574 1952 658">
    <p class='ocr_par' dir='ltr' id='par_1_7' title="bbox 398 574 1952 658">
     <span class='ocr_line' id='line_1_7' title="bbox 398 574 1952 658; baseline -0.006 -9"><span class='ocrx_word' id='word_1_26' title='bbox 398 595 662 649; x_wconf 76' lang='lat' dir='ltr'><strong>facillime</strong></span> <span class='ocrx_word' id='word_1_27' title='bbox 698 607 830 646; x_wconf 90' lang='lat' dir='ltr'><strong>usus</strong></span> <span class='ocrx_word' id='word_1_28' title='bbox 859 599 942 644; x_wconf 89' lang='lat' dir='ltr'><strong>est</strong></span> <span class='ocrx_word' id='word_1_29' title='bbox 985 607 1000 644; x_wconf 90' lang='lat'><strong>:</strong></span> <span class='ocrx_word' id='word_1_30' title='bbox 1034 603 1273 658; x_wconf 84' lang='lat' dir='ltr'><strong>quorum</strong></span> <span class='ocrx_word' id='word_1_31' title='bbox 1323 574 1484 657; x_wconf 70' lang='lat' dir='ltr'><strong>opera</strong></span> <span class='ocrx_word' id='word_1_32' title='bbox 1516 586 1761 642; x_wconf 74' lang='lat' dir='ltr'><strong>ecclesia:</strong></span> <span class='ocrx_word' id='word_1_33' title='bbox 1786 588 1952 641; x_wconf 79' lang='lat' dir='ltr'><strong>Nico-</strong></span> 
     </span>
    </p>
   </div>
   <div class='ocr_carea' id='block_1_8' title="bbox 399 678 1954 749">
    <p class='ocr_par' dir='ltr' id='par_1_8' title="bbox 399 678 1954 749">
     <span class='ocr_line' id='line_1_8' title="bbox 399 678 1954 749; baseline -0.005 -11"><span class='ocrx_word' id='word_1_34' title='bbox 399 683 701 739; x_wconf 81' lang='lat' dir='ltr'><strong>niediensis</strong></span> <span class='ocrx_word' id='word_1_35' title='bbox 750 679 1194 749; x_wconf 84' lang='lat' dir='ltr'><strong>procurationem</strong></span> <span class='ocrx_word' id='word_1_36' title='bbox 1228 687 1310 731; x_wconf 80' lang='lat' dir='ltr'><strong>est</strong></span> <span class='ocrx_word' id='word_1_37' title='bbox 1357 687 1710 732; x_wconf 81' lang='lat' dir='ltr'><strong>consecutus.</strong></span> <span class='ocrx_word' id='word_1_38' title='bbox 1764 678 1954 731; x_wconf 79' lang='lat' dir='ltr'><strong>Manus</strong></span> 
     </span>
    </p>
   </div>
   <div class='ocr_carea' id='block_1_9' title="bbox 401 767 1954 838">
    <p class='ocr_par' dir='ltr' id='par_1_9' title="bbox 401 767 1954 838">
     <span class='ocr_line' id='line_1_9' title="bbox 401 767 1954 838; baseline -0.005 -10"><span class='ocrx_word' id='word_1_39' title='bbox 401 786 582 829; x_wconf 86' lang='lat' dir='ltr'><strong>autem</strong></span> <span class='ocrx_word' id='word_1_40' title='bbox 619 786 808 825; x_wconf 86' lang='lat' dir='ltr'><strong>sacras</strong></span> <span class='ocrx_word' id='word_1_41' title='bbox 835 769 884 823; x_wconf 91' lang='lat' dir='ltr'><strong>ei</strong></span> <span class='ocrx_word' id='word_1_42' title='bbox 926 769 1188 837; x_wconf 82' lang='lat' dir='ltr'><strong>imposuit</strong></span> <span class='ocrx_word' id='word_1_43' title='bbox 1219 767 1520 832; x_wconf 85' lang='lat' dir='ltr'><strong>Ilelladius,</strong></span> <span class='ocrx_word' id='word_1_44' title='bbox 1555 768 1780 823; x_wconf 68' lang='lat' dir='ltr'><strong>Caesam:</strong></span> <span class='ocrx_word' id='word_1_45' title='bbox 1815 768 1954 838; x_wconf 84' lang='lat' dir='ltr'><strong>Cap-</strong></span> 
     </span>
    </p>
   </div>
   <div class='ocr_carea' id='block_1_10' title="bbox 399 859 1952 933">
    <p class='ocr_par' dir='ltr' id='par_1_10' title="bbox 399 859 1952 933">
     <span class='ocr_line' id='line_1_10' title="bbox 399 859 1952 933; baseline -0.003 -16"><span class='ocrx_word' id='word_1_46' title='bbox 399 865 666 933; x_wconf 88' lang='lat' dir='ltr'><strong>padocum</strong></span> <span class='ocrx_word' id='word_1_47' title='bbox 737 869 859 930; x_wconf 88' lang='lat' dir='ltr'><strong>post</strong></span> <span class='ocrx_word' id='word_1_48' title='bbox 931 859 1188 914; x_wconf 88' lang='lat' dir='ltr'><strong>Basilium</strong></span> <span class='ocrx_word' id='word_1_49' title='bbox 1253 875 1508 928; x_wconf 79' lang='lat' dir='ltr'><strong>magnum</strong></span> <span class='ocrx_word' id='word_1_50' title='bbox 1573 860 1952 929; x_wconf 71' lang='lat' dir='ltr'><strong>episcopatum</strong></span> 
     </span>
    </p>
   </div>
   <div class='ocr_carea' id='block_1_11' title="bbox 401 937 1949 1020">
    <p class='ocr_par' dir='ltr' id='par_1_11' title="bbox 401 937 1949 1020">
     <span class='ocr_line' id='line_1_11' title="bbox 401 937 1949 1020; baseline -0.005 -14"><span class='ocrx_word' id='word_1_51' title='bbox 401 951 650 1006; x_wconf 86' lang='lat' dir='ltr'><strong>sortitus.</strong></span> <span class='ocrx_word' id='word_1_52' title='bbox 699 948 940 1014; x_wconf 86' lang='lat' dir='ltr'><strong>Eamque</strong></span> <span class='ocrx_word' id='word_1_53' title='bbox 972 951 1019 1003; x_wconf 89' lang='lat' dir='ltr'><strong>is</strong></span> <span class='ocrx_word' id='word_1_54' title='bbox 1047 949 1123 1003; x_wconf 87' lang='lat' dir='ltr'><strong>illi</strong></span> <span class='ocrx_word' id='word_1_55' title='bbox 1168 949 1356 1001; x_wconf 91' lang='lat' dir='ltr'><strong>retulit</strong></span> <span class='ocrx_word' id='word_1_56' title='bbox 1397 937 1650 1017; x_wconf 74' lang='lat' dir='ltr'><strong>gratiam,</strong></span> <span class='ocrx_word' id='word_1_57' title='bbox 1685 952 1831 1020; x_wconf 84' lang='lat' dir='ltr'><strong>quod</strong></span> <span class='ocrx_word' id='word_1_58' title='bbox 1861 967 1949 1003; x_wconf 69' lang='lat' dir='ltr'><strong>au.</strong></span> 
     </span>
    </p>
   </div>
   <div class='ocr_carea' id='block_1_12' title="bbox 396 1039 1952 1110">
    <p class='ocr_par' dir='ltr' id='par_1_12' title="bbox 396 1039 1952 1110">
     <span class='ocr_line' id='line_1_12' title="bbox 396 1039 1952 1110; baseline 0 -15"><span class='ocrx_word' id='word_1_59' title='bbox 396 1040 649 1096; x_wconf 89' lang='lat' dir='ltr'><strong>ctoritate</strong></span> <span class='ocrx_word' id='word_1_60' title='bbox 676 1041 797 1108; x_wconf 88' lang='lat' dir='ltr'><strong>ejus</strong></span> <span class='ocrx_word' id='word_1_61' title='bbox 848 1039 991 1092; x_wconf 85' lang='lat' dir='ltr'><strong>ﬁlius</strong></span> <span class='ocrx_word' id='word_1_62' title='bbox 1038 1055 1171 1092; x_wconf 80' lang='lat' dir='ltr'><strong>suus</strong></span> <span class='ocrx_word' id='word_1_63' title='bbox 1219 1040 1565 1108; x_wconf 88' lang='lat' dir='ltr'><strong>splendidum</strong></span> <span class='ocrx_word' id='word_1_64' title='bbox 1597 1041 1652 1094; x_wconf 92' lang='lat' dir='ltr'><strong>in</strong></span> <span class='ocrx_word' id='word_1_65' title='bbox 1687 1041 1952 1110; x_wconf 85' lang='lat' dir='ltr'><strong>imperiali</strong></span> 
     </span>
    </p>
   </div>
   <div class='ocr_carea' id='block_1_13' title="bbox 397 1130 1956 1188">
    <p class='ocr_par' dir='ltr' id='par_1_13' title="bbox 397 1130 1956 1188">
     <span class='ocr_line' id='line_1_13' title="bbox 397 1130 1956 1188; baseline 0.003 -5"><span class='ocrx_word' id='word_1_66' title='bbox 397 1130 522 1184; x_wconf 77' lang='lat' dir='ltr'><strong>aula</strong></span> <span class='ocrx_word' id='word_1_67' title='bbox 556 1138 891 1183; x_wconf 86' lang='lat' dir='ltr'><strong>consecutus</strong></span> <span class='ocrx_word' id='word_1_68' title='bbox 933 1139 1079 1184; x_wconf 68' lang='lat' dir='ltr'><strong>esset</strong></span> <span class='ocrx_word' id='word_1_69' title='bbox 1123 1131 1328 1184; x_wconf 92' lang='lat' dir='ltr'><strong>locum.</strong></span> <span class='ocrx_word' id='word_1_70' title='bbox 1371 1131 1544 1184; x_wconf 86' lang='lat' dir='ltr'><strong>Porro</strong></span> <span class='ocrx_word' id='word_1_71' title='bbox 1583 1131 1675 1185; x_wconf 88' lang='lat' dir='ltr'><strong>ubi</strong></span> <span class='ocrx_word' id='word_1_72' title='bbox 1708 1132 1758 1186; x_wconf 93' lang='lat' dir='ltr'><strong>id</strong></span> <span class='ocrx_word' id='word_1_73' title='bbox 1795 1134 1956 1188; x_wconf 88' lang='lat' dir='ltr'><strong>divus</strong></span> 
     </span>
    </p>
   </div>
   <div class='ocr_carea' id='block_1_14' title="bbox 396 1219 1954 1292">
    <p class='ocr_par' dir='ltr' id='par_1_14' title="bbox 396 1219 1954 1292">
     <span class='ocr_line' id='line_1_14' title="bbox 396 1219 1954 1292; baseline 0.002 -17"><span class='ocrx_word' id='word_1_74' title='bbox 396 1220 721 1275; x_wconf 83' lang='lat' dir='ltr'><strong>Ambrosius</strong></span> <span class='ocrx_word' id='word_1_75' title='bbox 754 1221 1000 1284; x_wconf 84' lang='lat' dir='ltr'><strong>rescivit,</strong></span> <span class='ocrx_word' id='word_1_76' title='bbox 1038 1219 1105 1273; x_wconf 91' lang='lat' dir='ltr'><strong>ad</strong></span> <span class='ocrx_word' id='word_1_77' title='bbox 1141 1221 1461 1274; x_wconf 85' lang='lat' dir='ltr'><strong>Nectarium</strong></span> <span class='ocrx_word' id='word_1_78' title='bbox 1496 1223 1954 1292; x_wconf 76' lang='lat' dir='ltr'><strong>Constantinopo-</strong></span> 
     </span>
    </p>
   </div>
   <div class='ocr_carea' id='block_1_15' title="bbox 397 1308 1954 1378">
    <p class='ocr_par' dir='ltr' id='par_1_15' title="bbox 397 1308 1954 1378">
     <span class='ocr_line' id='line_1_15' title="bbox 397 1308 1954 1378; baseline 0.001 -16"><span class='ocrx_word' id='word_1_79' title='bbox 397 1311 579 1363; x_wconf 76' lang='lat' dir='ltr'><strong>litana:</strong></span> <span class='ocrx_word' id='word_1_80' title='bbox 617 1308 870 1361; x_wconf 67' lang='lat' dir='ltr'><strong>Ecclesiae</strong></span> <span class='ocrx_word' id='word_1_81' title='bbox 917 1309 1236 1377; x_wconf 84' lang='lat' dir='ltr'><strong>episcopum</strong></span> <span class='ocrx_word' id='word_1_82' title='bbox 1289 1309 1532 1378; x_wconf 83' lang='lat' dir='ltr'><strong>scripsit,</strong></span> <span class='ocrx_word' id='word_1_83' title='bbox 1567 1327 1637 1364; x_wconf 91' lang='lat' dir='ltr'><strong>ne</strong></span> <span class='ocrx_word' id='word_1_84' title='bbox 1681 1311 1832 1364; x_wconf 88' lang='lat' dir='ltr'><strong>illum</strong></span> <span class='ocrx_word' id='word_1_85' title='bbox 1882 1313 1954 1365; x_wconf 88' lang='lat' dir='ltr'><strong>ita</strong></span> 
     </span>
    </p>
   </div>
   <div class='ocr_carea' id='block_1_16' title="bbox 401 1399 1954 1472">
    <p class='ocr_par' dir='ltr' id='par_1_16' title="bbox 401 1399 1954 1472">
     <span class='ocr_line' id='line_1_16' title="bbox 401 1399 1954 1472; baseline 0.001 -19"><span class='ocrx_word' id='word_1_86' title='bbox 401 1400 732 1454; x_wconf 69' lang='lat' dir='ltr'><strong>insolescere</strong></span> <span class='ocrx_word' id='word_1_87' title='bbox 782 1415 877 1467; x_wconf 88' lang='lat' dir='ltr'><strong>per</strong></span> <span class='ocrx_word' id='word_1_88' title='bbox 917 1399 1309 1453; x_wconf 84' lang='lat' dir='ltr'><strong>contumeliam</strong></span> <span class='ocrx_word' id='word_1_89' title='bbox 1353 1411 1658 1469; x_wconf 87' lang='lat' dir='ltr'><strong>pateretur,</strong></span> <span class='ocrx_word' id='word_1_90' title='bbox 1695 1402 1788 1455; x_wconf 88' lang='lat' dir='ltr'><strong>sed</strong></span> <span class='ocrx_word' id='word_1_91' title='bbox 1840 1403 1954 1472; x_wconf 83' lang='lat' dir='ltr'><strong>epi-</strong></span> 
     </span>
    </p>
   </div>
   <div class='ocr_carea' id='block_1_17' title="bbox 399 1489 1954 1561">
    <p class='ocr_par' dir='ltr' id='par_1_17' title="bbox 399 1489 1954 1561">
     <span class='ocr_line' id='line_1_17' title="bbox 399 1489 1954 1561; baseline 0.002 -16"><span class='ocrx_word' id='word_1_92' title='bbox 399 1491 748 1560; x_wconf 85' lang='lat' dir='ltr'><strong>scopatum&#39;ei</strong></span> <span class='ocrx_word' id='word_1_93' title='bbox 770 1489 950 1558; x_wconf 87' lang='lat' dir='ltr'><strong>potius</strong></span> <span class='ocrx_word' id='word_1_94' title='bbox 969 1490 1272 1544; x_wconf 83' lang='lat' dir='ltr'><strong>adimeret:</strong></span> <span class='ocrx_word' id='word_1_95' title='bbox 1302 1492 1572 1560; x_wconf 79' lang='lat' dir='ltr'><strong>siquidem</strong></span> <span class='ocrx_word' id='word_1_96' title='bbox 1594 1493 1695 1558; x_wconf 86' lang='lat' dir='ltr'><strong>illi,</strong></span> <span class='ocrx_word' id='word_1_97' title='bbox 1719 1509 1878 1561; x_wconf 90' lang='lat' dir='ltr'><strong>quem</strong></span> <span class='ocrx_word' id='word_1_98' title='bbox 1901 1496 1954 1548; x_wconf 90' lang='lat' dir='ltr'><strong>in</strong></span> 
     </span>
    </p>
   </div>
   <div class='ocr_carea' id='block_1_18' title="bbox 399 1581 1954 1649">
    <p class='ocr_par' dir='ltr' id='par_1_18' title="bbox 399 1581 1954 1649">
     <span class='ocr_line' id='line_1_18' title="bbox 399 1581 1954 1649; baseline 0.003 -14"><span class='ocrx_word' id='word_1_99' title='bbox 399 1581 652 1636; x_wconf 88' lang='lat' dir='ltr'><strong>ecclesiis</strong></span> <span class='ocrx_word' id='word_1_100' title='bbox 670 1593 1056 1634; x_wconf 89' lang='lat' dir='ltr'><strong>conservatum</strong></span> <span class='ocrx_word' id='word_1_101' title='bbox 1077 1591 1380 1649; x_wconf 85' lang='lat' dir='ltr'><strong>oporteret,</strong></span> <span class='ocrx_word' id='word_1_102' title='bbox 1399 1583 1608 1638; x_wconf 87' lang='lat' dir='ltr'><strong>ordinis</strong></span> <span class='ocrx_word' id='word_1_103' title='bbox 1629 1599 1758 1638; x_wconf 82' lang='lat' dir='ltr'><strong>cura</strong></span> <span class='ocrx_word' id='word_1_104' title='bbox 1783 1595 1954 1640; x_wconf 85' lang='lat' dir='ltr'><strong>esset.</strong></span> 
     </span>
    </p>
   </div>
   <div class='ocr_carea' id='block_1_19' title="bbox 400 1670 1956 1742">
    <p class='ocr_par' dir='ltr' id='par_1_19' title="bbox 400 1670 1956 1742">
     <span class='ocr_line' id='line_1_19' title="bbox 400 1670 1956 1742; baseline 0.007 -20"><span class='ocrx_word' id='word_1_105' title='bbox 400 1671 560 1742; x_wconf 74' lang='lat'><strong>367</strong></span> <span class='ocrx_word' id='word_1_106' title='bbox 623 1671 689 1724; x_wconf 88' lang='lat' dir='ltr'><strong>Et</strong></span> <span class='ocrx_word' id='word_1_107' title='bbox 747 1670 1068 1733; x_wconf 88' lang='lat' dir='ltr'><strong>Nectarius,</strong></span> <span class='ocrx_word' id='word_1_108' title='bbox 1137 1681 1195 1726; x_wconf 88' lang='lat' dir='ltr'><strong>ut</strong></span> <span class='ocrx_word' id='word_1_109' title='bbox 1251 1673 1538 1728; x_wconf 85' lang='lat' dir='ltr'><strong>Ambrosio</strong></span> <span class='ocrx_word' id='word_1_110' title='bbox 1602 1675 1956 1740; x_wconf 77' lang='lat' dir='ltr'><strong>satisfaceret.</strong></span> 
     </span>
    </p>
   </div>
   <div class='ocr_carea' id='block_1_20' title="bbox 404 1745 2032 1834">
    <p class='ocr_par' dir='ltr' id='par_1_20' title="bbox 404 1745 2032 1834">
     <span class='ocr_line' id='line_1_20' title="bbox 404 1745 2032 1834; baseline 0.004 -19"><span class='ocrx_word' id='word_1_111' title='bbox 404 1763 574 1816; x_wconf 89' lang='lat' dir='ltr'><strong>multa</strong></span> <span class='ocrx_word' id='word_1_112' title='bbox 606 1764 856 1818; x_wconf 85' lang='lat' dir='ltr'><strong>tentavit.</strong></span> <span class='ocrx_word' id='word_1_113' title='bbox 884 1766 1150 1817; x_wconf 75' lang='lat' dir='ltr'><strong>Caeterum</strong></span> <span class='ocrx_word' id='word_1_114' title='bbox 1184 1779 1296 1818; x_wconf 89' lang='lat' dir='ltr'><strong>rem</strong></span> <span class='ocrx_word' id='word_1_115' title='bbox 1323 1779 1612 1834; x_wconf 52' lang='lat' dir='ltr'><strong>aggressus</strong></span> <span class='ocrx_word' id='word_1_116' title='bbox 1639 1775 1740 1830; x_wconf 90' lang='lat' dir='ltr'><strong>est,</strong></span> <span class='ocrx_word' id='word_1_117' title='bbox 1773 1781 1958 1834; x_wconf 86' lang='lat' dir='ltr'><strong>quam,</strong></span> <span class='ocrx_word' id='word_1_118' title='bbox 1991 1745 2032 1801; x_wconf 73' lang='grc' dir='ltr'><strong>Β</strong></span> 
     </span>
    </p>
   </div>
   <div class='ocr_carea' id='block_1_21' title="bbox 405 1853 1962 1925">
    <p class='ocr_par' dir='ltr' id='par_1_21' title="bbox 405 1853 1962 1925">
     <span class='ocr_line' id='line_1_21' title="bbox 405 1853 1962 1925; baseline 0.004 -19"><span class='ocrx_word' id='word_1_119' title='bbox 405 1863 466 1906; x_wconf 93' lang='lat' dir='ltr'><strong>ut</strong></span> <span class='ocrx_word' id='word_1_120' title='bbox 496 1854 569 1907; x_wconf 89' lang='lat' dir='ltr'><strong>ita</strong></span> <span class='ocrx_word' id='word_1_121' title='bbox 603 1854 802 1920; x_wconf 86' lang='lat' dir='ltr'><strong>dicam,</strong></span> <span class='ocrx_word' id='word_1_122' title='bbox 849 1853 1114 1922; x_wconf 82' lang='lat' dir='ltr'><strong>perlicere</strong></span> <span class='ocrx_word' id='word_1_123' title='bbox 1145 1870 1254 1914; x_wconf 85' lang='lat' dir='ltr'><strong>non</strong></span> <span class='ocrx_word' id='word_1_124' title='bbox 1298 1865 1504 1925; x_wconf 90' lang='lat' dir='ltr'><strong>posset.</strong></span> <span class='ocrx_word' id='word_1_125' title='bbox 1539 1857 1672 1910; x_wconf 79' lang='lat' dir='ltr'><strong>Nam</strong></span> <span class='ocrx_word' id='word_1_126' title='bbox 1714 1856 1962 1913; x_wconf 82' lang='lat' dir='ltr'><strong>Nicome-</strong></span> 
     </span>
    </p>
   </div>
   <div class='ocr_carea' id='block_1_22' title="bbox 404 1941 1959 2018">
    <p class='ocr_par' dir='ltr' id='par_1_22' title="bbox 404 1941 1959 2018">
     <span class='ocr_line' id='line_1_22' title="bbox 404 1941 1959 2018; baseline 0.002 -23"><span class='ocrx_word' id='word_1_127' title='bbox 404 1941 624 1997; x_wconf 86' lang='lat' dir='ltr'><strong>dienses</strong></span> <span class='ocrx_word' id='word_1_128' title='bbox 684 1941 893 2011; x_wconf 81' lang='lat' dir='ltr'><strong>magnis</strong></span> <span class='ocrx_word' id='word_1_129' title='bbox 957 1941 1156 2001; x_wconf 81' lang='lat' dir='ltr'><strong>animis</strong></span> <span class='ocrx_word' id='word_1_130' title='bbox 1221 1953 1408 2018; x_wconf 77' lang='lat' dir='ltr'><strong>partes</strong></span> <span class='ocrx_word' id='word_1_131' title='bbox 1466 1945 1584 2013; x_wconf 83' lang='lat' dir='ltr'><strong>ejus</strong></span> <span class='ocrx_word' id='word_1_132' title='bbox 1645 1945 1959 1999; x_wconf 88' lang='lat' dir='ltr'><strong>tuebantur.</strong></span> 
     </span>
    </p>
   </div>
   <div class='ocr_carea' id='block_1_23' title="bbox 404 2033 1964 2105">
    <p class='ocr_par' dir='ltr' id='par_1_23' title="bbox 404 2033 1964 2105">
     <span class='ocr_line' id='line_1_23' title="bbox 404 2033 1964 2105; baseline 0 -17"><span class='ocrx_word' id='word_1_133' title='bbox 404 2033 643 2094; x_wconf 79' lang='lat' dir='ltr'><strong>Joannes</strong></span> <span class='ocrx_word' id='word_1_134' title='bbox 681 2045 861 2096; x_wconf 73' lang='lat' dir='ltr'><strong>autem</strong></span> <span class='ocrx_word' id='word_1_135' title='bbox 898 2033 985 2086; x_wconf 91' lang='lat' dir='ltr'><strong>vix</strong></span> <span class='ocrx_word' id='word_1_136' title='bbox 1023 2033 1239 2087; x_wconf 85' lang='lat' dir='ltr'><strong>tandem</strong></span> <span class='ocrx_word' id='word_1_137' title='bbox 1274 2034 1328 2087; x_wconf 89' lang='lat' dir='ltr'><strong>id</strong></span> <span class='ocrx_word' id='word_1_138' title='bbox 1368 2034 1628 2104; x_wconf 79' lang='lat' dir='ltr'><strong>perlicere</strong></span> <span class='ocrx_word' id='word_1_139' title='bbox 1665 2037 1864 2105; x_wconf 89' lang='lat' dir='ltr'><strong>potuit.</strong></span> <span class='ocrx_word' id='word_1_140' title='bbox 1897 2037 1964 2088; x_wconf 86' lang='lat' dir='ltr'><strong>Et</strong></span> 
     </span>
    </p>
   </div>
   <div class='ocr_carea' id='block_1_24' title="bbox 404 2123 1961 2196">
    <p class='ocr_par' dir='ltr' id='par_1_24' title="bbox 404 2123 1961 2196">
     <span class='ocr_line' id='line_1_24' title="bbox 404 2123 1961 2196; baseline 0.003 -19"><span class='ocrx_word' id='word_1_141' title='bbox 404 2123 667 2186; x_wconf 70' lang='lat' dir='ltr'><strong>Gerontio</strong></span> <span class='ocrx_word' id='word_1_142' title='bbox 698 2125 1014 2193; x_wconf 83' lang='lat' dir='ltr'><strong>episcopatu</strong></span> <span class='ocrx_word' id='word_1_143' title='bbox 1049 2124 1330 2194; x_wconf 77' lang='lat' dir='ltr'><strong>abrogato,</strong></span> <span class='ocrx_word' id='word_1_144' title='bbox 1365 2126 1426 2194; x_wconf 22' lang='lat' dir='ltr'><strong>in.</strong></span> <span class='ocrx_word' id='word_1_145' title='bbox 1454 2127 1634 2179; x_wconf 90' lang='lat' dir='ltr'><strong>locum</strong></span> <span class='ocrx_word' id='word_1_146' title='bbox 1676 2128 1794 2196; x_wconf 86' lang='lat' dir='ltr'><strong>ejus</strong></span> <span class='ocrx_word' id='word_1_147' title='bbox 1821 2127 1961 2181; x_wconf 85' lang='lat' dir='ltr'><strong>Pan-</strong></span> 
     </span>
    </p>
   </div>
   <div class='ocr_carea' id='block_1_25' title="bbox 407 2213 1965 2284">
    <p class='ocr_par' dir='ltr' id='par_1_25' title="bbox 407 2213 1965 2284">
     <span class='ocr_line' id='line_1_25' title="bbox 407 2213 1965 2284; baseline -0.001 -15"><span class='ocrx_word' id='word_1_148' title='bbox 407 2214 659 2282; x_wconf 82' lang='lat' dir='ltr'><strong>Sophium</strong></span> <span class='ocrx_word' id='word_1_149' title='bbox 692 2214 1030 2279; x_wconf 76' lang='lat' dir='ltr'><strong>subrogavit.</strong></span> <span class='ocrx_word' id='word_1_150' title='bbox 1059 2214 1150 2282; x_wconf 88' lang='lat' dir='ltr'><strong>qui</strong></span> <span class='ocrx_word' id='word_1_151' title='bbox 1183 2213 1311 2267; x_wconf 94' lang='lat' dir='ltr'><strong>olim</strong></span> <span class='ocrx_word' id='word_1_152' title='bbox 1348 2213 1690 2282; x_wconf 88' lang='lat' dir='ltr'><strong>imperatoris</strong></span> <span class='ocrx_word' id='word_1_153' title='bbox 1717 2214 1965 2284; x_wconf 76' lang='lat' dir='ltr'><strong>conjugis</strong></span> 
     </span>
    </p>
   </div>
   <div class='ocr_carea' id='block_1_26' title="bbox 407 2304 1964 2382">
    <p class='ocr_par' dir='ltr' id='par_1_26' title="bbox 407 2304 1964 2382">
     <span class='ocr_line' id='line_1_26' title="bbox 407 2304 1964 2382; baseline 0.001 -25"><span class='ocrx_word' id='word_1_154' title='bbox 407 2304 733 2382; x_wconf 67' lang='lat' dir='ltr'><strong>pmdagogus</strong></span> <span class='ocrx_word' id='word_1_155' title='bbox 783 2305 987 2366; x_wconf 78' lang='lat' dir='ltr'><strong>fuerat,</strong></span> <span class='ocrx_word' id='word_1_156' title='bbox 1047 2306 1126 2357; x_wconf 86' lang='lat' dir='ltr'><strong>vir</strong></span> <span class='ocrx_word' id='word_1_157' title='bbox 1180 2319 1443 2374; x_wconf 87' lang='lat' dir='ltr'><strong>perquam</strong></span> <span class='ocrx_word' id='word_1_158' title='bbox 1503 2313 1854 2370; x_wconf 86' lang='lat' dir='ltr'><strong>mansuetus,</strong></span> <span class='ocrx_word' id='word_1_159' title='bbox 1913 2314 1964 2358; x_wconf 91' lang='lat' dir='ltr'><strong>et</strong></span> 
     </span>
    </p>
   </div>
   <div class='ocr_carea' id='block_1_27' title="bbox 406 2395 1966 2465">
    <p class='ocr_par' dir='ltr' id='par_1_27' title="bbox 406 2395 1966 2465">
     <span class='ocr_line' id='line_1_27' title="bbox 406 2395 1966 2465; baseline 0.004 -21"><span class='ocrx_word' id='word_1_160' title='bbox 406 2395 568 2450; x_wconf 80' lang='lat' dir='ltr'><strong>valde</strong></span> <span class='ocrx_word' id='word_1_161' title='bbox 609 2397 917 2465; x_wconf 78' lang='lat' dir='ltr'><strong>religiosus,</strong></span> <span class='ocrx_word' id='word_1_162' title='bbox 955 2397 1470 2451; x_wconf 85' lang='lat' dir='ltr'><strong>Nicomediensibus</strong></span> <span class='ocrx_word' id='word_1_163' title='bbox 1503 2405 1683 2450; x_wconf 90' lang='lat' dir='ltr'><strong>autem</strong></span> <span class='ocrx_word' id='word_1_164' title='bbox 1721 2396 1966 2465; x_wconf 76' lang='lat' dir='ltr'><strong>ingratus</strong></span> 
     </span>
    </p>
   </div>
   <div class='ocr_carea' id='block_1_28' title="bbox 404 2487 1968 2556">
    <p class='ocr_par' dir='ltr' id='par_1_28' title="bbox 404 2487 1968 2556">
     <span class='ocr_line' id='line_1_28' title="bbox 404 2487 1968 2556; baseline 0.001 -18"><span class='ocrx_word' id='word_1_165' title='bbox 404 2496 570 2555; x_wconf 77' lang='lat' dir='ltr'><strong>atque</strong></span> <span class='ocrx_word' id='word_1_166' title='bbox 620 2487 847 2540; x_wconf 89' lang='lat' dir='ltr'><strong>invisus.</strong></span> <span class='ocrx_word' id='word_1_167' title='bbox 890 2487 1130 2542; x_wconf 74' lang='lat' dir='ltr'><strong>Nettarii</strong></span> <span class='ocrx_word' id='word_1_168' title='bbox 1179 2503 1308 2542; x_wconf 85' lang='lat' dir='ltr'><strong>sane</strong></span> <span class='ocrx_word' id='word_1_169' title='bbox 1365 2496 1609 2556; x_wconf 88' lang='lat' dir='ltr'><strong>tempore</strong></span> <span class='ocrx_word' id='word_1_170' title='bbox 1657 2487 1873 2556; x_wconf 83' lang='lat' dir='ltr'><strong>publice</strong></span> <span class='ocrx_word' id='word_1_171' title='bbox 1913 2495 1968 2540; x_wconf 85' lang='lat' dir='ltr'><strong>et</strong></span> 
     </span>
    </p>
   </div>
   <div class='ocr_carea' id='block_1_29' title="bbox 377 2577 1964 2645">
    <p class='ocr_par' dir='ltr' id='par_1_29' title="bbox 377 2577 1964 2645">
     <span class='ocr_line' id='line_1_29' title="bbox 377 2577 1964 2645; baseline 0 -16"><span class='ocrx_word' id='word_1_172' title='bbox 377 2617 382 2622; x_wconf 89' lang='lat'><strong>.</strong></span> <span class='ocrx_word' id='word_1_173' title='bbox 409 2577 658 2645; x_wconf 82' lang='lat' dir='ltr'><strong>privatim</strong></span> <span class='ocrx_word' id='word_1_174' title='bbox 687 2578 928 2632; x_wconf 91' lang='lat' dir='ltr'><strong>seditiosi</strong></span> <span class='ocrx_word' id='word_1_175' title='bbox 971 2577 1214 2633; x_wconf 85' lang='lat' dir='ltr'><strong>Gerontii</strong></span> <span class='ocrx_word' id='word_1_176' title='bbox 1260 2580 1414 2632; x_wconf 88' lang='lat' dir='ltr'><strong>dotes</strong></span> <span class='ocrx_word' id='word_1_177' title='bbox 1441 2578 1964 2643; x_wconf 89' lang='lat' dir='ltr'><strong>commemorabant,</strong></span> 
     </span>
    </p>
   </div>
   <div class='ocr_carea' id='block_1_30' title="bbox 409 2667 1965 2739">
    <p class='ocr_par' dir='ltr' id='par_1_30' title="bbox 409 2667 1965 2739">
     <span class='ocr_line' id='line_1_30' title="bbox 409 2667 1965 2739; baseline 0.001 -19"><span class='ocrx_word' id='word_1_178' title='bbox 409 2667 832 2736; x_wconf 81' lang='lat' dir='ltr'><strong>alliuentemque</strong></span> <span class='ocrx_word' id='word_1_179' title='bbox 882 2669 1001 2738; x_wconf 89' lang='lat' dir='ltr'><strong>ejus</strong></span> <span class='ocrx_word' id='word_1_180' title='bbox 1057 2669 1360 2726; x_wconf 88' lang='lat' dir='ltr'><strong>doctrinam</strong></span> <span class='ocrx_word' id='word_1_181' title='bbox 1419 2679 1584 2739; x_wconf 91' lang='lat' dir='ltr'><strong>atque</strong></span> <span class='ocrx_word' id='word_1_182' title='bbox 1637 2669 1965 2738; x_wconf 80' lang='lat' dir='ltr'><strong>singularem</strong></span> 
     </span>
    </p>
   </div>
   <div class='ocr_carea' id='block_1_31' title="bbox 405 2760 1967 2832">
    <p class='ocr_par' dir='ltr' id='par_1_31' title="bbox 405 2760 1967 2832">
     <span class='ocr_line' id='line_1_31' title="bbox 405 2760 1967 2832; baseline -0.004 -13"><span class='ocrx_word' id='word_1_183' title='bbox 405 2775 536 2830; x_wconf 72' lang='lat' dir='ltr'><strong>erga</strong></span> <span class='ocrx_word' id='word_1_184' title='bbox 570 2777 760 2816; x_wconf 87' lang='lat' dir='ltr'><strong>omnes</strong></span> <span class='ocrx_word' id='word_1_185' title='bbox 791 2762 1092 2832; x_wconf 82' lang='lat' dir='ltr'><strong>locupletes</strong></span> <span class='ocrx_word' id='word_1_186' title='bbox 1133 2762 1295 2817; x_wconf 87' lang='lat' dir='ltr'><strong>simul</strong></span> <span class='ocrx_word' id='word_1_187' title='bbox 1329 2770 1384 2816; x_wconf 88' lang='lat' dir='ltr'><strong>et</strong></span> <span class='ocrx_word' id='word_1_188' title='bbox 1421 2775 1687 2831; x_wconf 81' lang='lat' dir='ltr'><strong>pauperes</strong></span> <span class='ocrx_word' id='word_1_189' title='bbox 1724 2760 1967 2814; x_wconf 85' lang='lat' dir='ltr'><strong>dexteri-</strong></span> 
     </span>
    </p>
   </div>
   <div class='ocr_carea' id='block_1_32' title="bbox 413 2852 1969 2922">
    <p class='ocr_par' dir='ltr' id='par_1_32' title="bbox 413 2852 1969 2922">
     <span class='ocr_line' id='line_1_32' title="bbox 413 2852 1969 2922; baseline -0.001 -17"><span class='ocrx_word' id='word_1_190' title='bbox 413 2861 577 2906; x_wconf 83' lang='lat' dir='ltr'><strong>tatem</strong></span> <span class='ocrx_word' id='word_1_191' title='bbox 614 2864 778 2922; x_wconf 87' lang='lat' dir='ltr'><strong>atque</strong></span> <span class='ocrx_word' id='word_1_192' title='bbox 827 2854 1236 2918; x_wconf 80' lang='lat' dir='ltr'><strong>liberalitatem,</strong></span> <span class='ocrx_word' id='word_1_193' title='bbox 1266 2868 1372 2908; x_wconf 90' lang='lat' dir='ltr'><strong>nec</strong></span> <span class='ocrx_word' id='word_1_194' title='bbox 1420 2867 1526 2906; x_wconf 91' lang='lat' dir='ltr'><strong>non</strong></span> <span class='ocrx_word' id='word_1_195' title='bbox 1568 2852 1808 2920; x_wconf 86' lang='lat' dir='ltr'><strong>reliquas</strong></span> <span class='ocrx_word' id='word_1_196' title='bbox 1848 2866 1969 2919; x_wconf 73' lang='lat' dir='ltr'><strong>quae</strong></span> 
     </span>
    </p>
   </div>
   <div class='ocr_carea' id='block_1_33' title="bbox 411 2942 1966 3012">
    <p class='ocr_par' dir='ltr' id='par_1_33' title="bbox 411 2942 1966 3012">
     <span class='ocr_line' id='line_1_33' title="bbox 411 2942 1966 3012; baseline -0.001 -15"><span class='ocrx_word' id='word_1_197' title='bbox 411 2944 460 2997; x_wconf 90' lang='lat' dir='ltr'><strong>ei</strong></span> <span class='ocrx_word' id='word_1_198' title='bbox 515 2947 734 2998; x_wconf 90' lang='lat' dir='ltr'><strong>inerant</strong></span> <span class='ocrx_word' id='word_1_199' title='bbox 789 2949 1021 2999; x_wconf 85' lang='lat' dir='ltr'><strong>virtutes</strong></span> <span class='ocrx_word' id='word_1_200' title='bbox 1074 2944 1410 2999; x_wconf 81' lang='lat' dir='ltr'><strong>referebant.</strong></span> <span class='ocrx_word' id='word_1_201' title='bbox 1460 2944 1638 3012; x_wconf 76' lang='lat' dir='ltr'><strong>Atque</strong></span> <span class='ocrx_word' id='word_1_202' title='bbox 1689 2942 1854 2996; x_wconf 90' lang='lat' dir='ltr'><strong>etiam</strong></span> <span class='ocrx_word' id='word_1_203' title='bbox 1914 2942 1966 2995; x_wconf 89' lang='lat' dir='ltr'><strong>in</strong></span> 
     </span>
    </p>
   </div>
   <div class='ocr_carea' id='block_1_34' title="bbox 412 3032 1966 3103">
    <p class='ocr_par' dir='ltr' id='par_1_34' title="bbox 412 3032 1966 3103">
     <span class='ocr_line' id='line_1_34' title="bbox 412 3032 1966 3103; baseline -0.003 -13"><span class='ocrx_word' id='word_1_204' title='bbox 412 3035 930 3103; x_wconf 78' lang='lat' dir='ltr'><strong>supplicationibus,</strong></span> <span class='ocrx_word' id='word_1_205' title='bbox 979 3034 1204 3102; x_wconf 88' lang='lat' dir='ltr'><strong>perinde</strong></span> <span class='ocrx_word' id='word_1_206' title='bbox 1232 3033 1388 3102; x_wconf 90' lang='lat' dir='ltr'><strong>quasi</strong></span> <span class='ocrx_word' id='word_1_207' title='bbox 1416 3032 1470 3086; x_wconf 90' lang='lat' dir='ltr'><strong>in</strong></span> <span class='ocrx_word' id='word_1_208' title='bbox 1509 3041 1666 3086; x_wconf 62' lang='lat' dir='ltr'><strong>terrae</strong></span> <span class='ocrx_word' id='word_1_209' title='bbox 1708 3032 1966 3094; x_wconf 86' lang='lat' dir='ltr'><strong>motibus,</strong></span> 
     </span>
    </p>
   </div>
   <div class='ocr_carea' id='block_1_35' title="bbox 414 3124 1968 3195">
    <p class='ocr_par' dir='ltr' id='par_1_35' title="bbox 414 3124 1968 3195">
     <span class='ocr_line' id='line_1_35' title="bbox 414 3124 1968 3195; baseline -0.002 -13"><span class='ocrx_word' id='word_1_210' title='bbox 414 3128 646 3195; x_wconf 79' lang='lat' dir='ltr'><strong>aliisque</strong></span> <span class='ocrx_word' id='word_1_211' title='bbox 693 3127 774 3180; x_wconf 92' lang='lat' dir='ltr'><strong>vel</strong></span> <span class='ocrx_word' id='word_1_212' title='bbox 822 3128 876 3179; x_wconf 90' lang='lat' dir='ltr'><strong>in</strong></span> <span class='ocrx_word' id='word_1_213' title='bbox 925 3127 1096 3194; x_wconf 87' lang='lat' dir='ltr'><strong>patria</strong></span> <span class='ocrx_word' id='word_1_214' title='bbox 1140 3127 1256 3195; x_wconf 89' lang='lat' dir='ltr'><strong>ipsa</strong></span> <span class='ocrx_word' id='word_1_215' title='bbox 1289 3141 1410 3189; x_wconf 89' lang='lat' dir='ltr'><strong>sua,</strong></span> <span class='ocrx_word' id='word_1_216' title='bbox 1447 3125 1530 3178; x_wconf 88' lang='lat' dir='ltr'><strong>vel</strong></span> <span class='ocrx_word' id='word_1_217' title='bbox 1569 3126 1689 3178; x_wconf 88' lang='lat' dir='ltr'><strong>aliis</strong></span> <span class='ocrx_word' id='word_1_218' title='bbox 1721 3125 1774 3177; x_wconf 90' lang='lat' dir='ltr'><strong>in</strong></span> <span class='ocrx_word' id='word_1_219' title='bbox 1812 3124 1968 3188; x_wconf 89' lang='lat' dir='ltr'><strong>locis,</strong></span> 
     </span>
    </p>
   </div>
   <div class='ocr_carea' id='block_1_36' title="bbox 416 3217 1972 3287">
    <p class='ocr_par' dir='ltr' id='par_1_36' title="bbox 416 3217 1972 3287">
     <span class='ocr_line' id='line_1_36' title="bbox 416 3217 1972 3287; baseline -0.001 -15"><span class='ocrx_word' id='word_1_220' title='bbox 416 3220 513 3272; x_wconf 68' lang='lat' dir='ltr'><strong>ira:</strong></span> <span class='ocrx_word' id='word_1_221' title='bbox 579 3218 778 3273; x_wconf 68' lang='lat' dir='ltr'><strong>divina:</strong></span> <span class='ocrx_word' id='word_1_222' title='bbox 843 3218 1101 3284; x_wconf 89' lang='lat' dir='ltr'><strong>indiciis,</strong></span> <span class='ocrx_word' id='word_1_223' title='bbox 1167 3217 1508 3287; x_wconf 89' lang='lat' dir='ltr'><strong>psallebant,</strong></span> <span class='ocrx_word' id='word_1_224' title='bbox 1579 3225 1972 3287; x_wconf 88' lang='lat' dir='ltr'><strong>precantesque</strong></span> 
     </span>
    </p>
   </div>
   <div class='ocr_carea' id='block_1_37' title="bbox 418 3308 1969 3379">
    <p class='ocr_par' dir='ltr' id='par_1_37' title="bbox 418 3308 1969 3379">
     <span class='ocr_line' id='line_1_37' title="bbox 418 3308 1969 3379; baseline 0 -16"><span class='ocrx_word' id='word_1_225' title='bbox 418 3311 586 3364; x_wconf 90' lang='lat' dir='ltr'><strong>Deum</strong></span> <span class='ocrx_word' id='word_1_226' title='bbox 617 3309 866 3373; x_wconf 90' lang='lat' dir='ltr'><strong>orabant,</strong></span> <span class='ocrx_word' id='word_1_227' title='bbox 903 3318 962 3364; x_wconf 89' lang='lat' dir='ltr'><strong>ut</strong></span> <span class='ocrx_word' id='word_1_228' title='bbox 997 3310 1101 3365; x_wconf 87' lang='lat' dir='ltr'><strong>sub</strong></span> <span class='ocrx_word' id='word_1_229' title='bbox 1131 3309 1224 3364; x_wconf 92' lang='lat' dir='ltr'><strong>illo</strong></span> <span class='ocrx_word' id='word_1_230' title='bbox 1253 3317 1470 3379; x_wconf 87' lang='lat' dir='ltr'><strong>pastore</strong></span> <span class='ocrx_word' id='word_1_231' title='bbox 1499 3308 1580 3364; x_wconf 88' lang='lat' dir='ltr'><strong>eis</strong></span> <span class='ocrx_word' id='word_1_232' title='bbox 1607 3323 1728 3363; x_wconf 91' lang='lat' dir='ltr'><strong>esse</strong></span> <span class='ocrx_word' id='word_1_233' title='bbox 1759 3308 1969 3364; x_wconf 83' lang='lat' dir='ltr'><strong>liceret.</strong></span> 
     </span>
    </p>
   </div>
   <div class='ocr_carea' id='block_1_38' title="bbox 417 3399 1974 3471">
    <p class='ocr_par' dir='ltr' id='par_1_38' title="bbox 417 3399 1974 3471">
     <span class='ocr_line' id='line_1_38' title="bbox 417 3399 1974 3471; baseline -0.001 -15"><span class='ocrx_word' id='word_1_234' title='bbox 417 3403 702 3456; x_wconf 86' lang='lat' dir='ltr'><strong>Postremo</strong></span> <span class='ocrx_word' id='word_1_235' title='bbox 748 3417 878 3456; x_wconf 88' lang='lat' dir='ltr'><strong>vero</strong></span> <span class='ocrx_word' id='word_1_236' title='bbox 929 3416 1061 3456; x_wconf 82' lang='lat' dir='ltr'><strong>sane</strong></span> <span class='ocrx_word' id='word_1_237' title='bbox 1102 3416 1265 3471; x_wconf 85' lang='lat' dir='ltr'><strong>quam</strong></span> <span class='ocrx_word' id='word_1_238' title='bbox 1319 3400 1497 3464; x_wconf 89' lang='lat' dir='ltr'><strong>inviti,</strong></span> <span class='ocrx_word' id='word_1_239' title='bbox 1533 3415 1656 3454; x_wconf 91' lang='lat' dir='ltr'><strong>cum</strong></span> <span class='ocrx_word' id='word_1_240' title='bbox 1707 3399 1974 3454; x_wconf 89' lang='lat' dir='ltr'><strong>immenso</strong></span> 
     </span>
    </p>
   </div>
   <div class='ocr_carea' id='block_1_39' title="bbox 417 3488 1972 3560">
    <p class='ocr_par' dir='ltr' id='par_1_39' title="bbox 417 3488 1972 3560">
     <span class='ocr_line' id='line_1_39' title="bbox 417 3488 1972 3560; baseline -0.003 -14"><span class='ocrx_word' id='word_1_241' title='bbox 417 3493 568 3546; x_wconf 90' lang='lat' dir='ltr'><strong>luctu</strong></span> <span class='ocrx_word' id='word_1_242' title='bbox 604 3502 656 3546; x_wconf 93' lang='lat' dir='ltr'><strong>et</strong></span> <span class='ocrx_word' id='word_1_243' title='bbox 683 3493 873 3546; x_wconf 88' lang='lat' dir='ltr'><strong>dolore</strong></span> <span class='ocrx_word' id='word_1_244' title='bbox 916 3493 1068 3546; x_wconf 89' lang='lat' dir='ltr'><strong>illum</strong></span> <span class='ocrx_word' id='word_1_245' title='bbox 1098 3491 1322 3560; x_wconf 88' lang='lat' dir='ltr'><strong>quidem</strong></span> <span class='ocrx_word' id='word_1_246' title='bbox 1367 3489 1671 3544; x_wconf 88' lang='lat' dir='ltr'><strong>amiserunt</strong></span> <span class='ocrx_word' id='word_1_247' title='bbox 1703 3507 1719 3544; x_wconf 91' lang='lat'><strong>:</strong></span> <span class='ocrx_word' id='word_1_248' title='bbox 1749 3498 1806 3544; x_wconf 90' lang='lat' dir='ltr'><strong>et</strong></span> <span class='ocrx_word' id='word_1_249' title='bbox 1837 3488 1972 3542; x_wconf 83' lang='lat' dir='ltr'><strong>Pan-</strong></span> 
     </span>
    </p>
   </div>
   <div class='ocr_carea' id='block_1_40' title="bbox 352 3580 1972 3653">
    <p class='ocr_par' dir='ltr' id='par_1_40' title="bbox 352 3580 1972 3653">
     <span class='ocr_line' id='line_1_40' title="bbox 352 3580 1972 3653; baseline -0.002 -17"><span class='ocrx_word' id='word_1_250' title='bbox 352 3649 356 3653; x_wconf 29' lang='grc' dir='ltr'><strong>η</strong></span> <span class='ocrx_word' id='word_1_251' title='bbox 418 3583 698 3651; x_wconf 89' lang='lat' dir='ltr'><strong>sophium,</strong></span> <span class='ocrx_word' id='word_1_252' title='bbox 727 3593 917 3636; x_wconf 84' lang='lat' dir='ltr'><strong>contra</strong></span> <span class='ocrx_word' id='word_1_253' title='bbox 953 3583 1122 3635; x_wconf 88' lang='lat' dir='ltr'><strong>animi</strong></span> <span class='ocrx_word' id='word_1_254' title='bbox 1161 3581 1245 3635; x_wconf 84' lang='lat' dir='ltr'><strong>sui</strong></span> <span class='ocrx_word' id='word_1_255' title='bbox 1277 3580 1629 3644; x_wconf 87' lang='lat' dir='ltr'><strong>sententiam,</strong></span> <span class='ocrx_word' id='word_1_256' title='bbox 1663 3593 1789 3633; x_wconf 89' lang='lat' dir='ltr'><strong>cum</strong></span> <span class='ocrx_word' id='word_1_257' title='bbox 1826 3588 1972 3634; x_wconf 90' lang='lat' dir='ltr'><strong>metu</strong></span> 
     </span>
    </p>
   </div>
   <div class='ocr_carea' id='block_1_41' title="bbox 419 3669 1974 3746">
    <p class='ocr_par' dir='ltr' id='par_1_41' title="bbox 419 3669 1974 3746">
     <span class='ocr_line' id='line_1_41' title="bbox 419 3669 1974 3746; baseline -0.003 -21"><span class='ocrx_word' id='word_1_258' title='bbox 419 3681 476 3734; x_wconf 82' lang='lat' dir='ltr'><strong>et</strong></span> <span class='ocrx_word' id='word_1_259' title='bbox 523 3672 651 3726; x_wconf 89' lang='lat' dir='ltr'><strong>odio</strong></span> <span class='ocrx_word' id='word_1_260' title='bbox 696 3673 1015 3746; x_wconf 86' lang='lat' dir='ltr'><strong>episcopum</strong></span> <span class='ocrx_word' id='word_1_261' title='bbox 1065 3685 1376 3740; x_wconf 89' lang='lat' dir='ltr'><strong>suscepere.</strong></span> <span class='ocrx_word' id='word_1_262' title='bbox 1416 3671 1604 3739; x_wconf 82' lang='lat' dir='ltr'><strong>Itaque</strong></span> <span class='ocrx_word' id='word_1_263' title='bbox 1650 3683 1757 3723; x_wconf 88' lang='lat' dir='ltr'><strong>non</strong></span> <span class='ocrx_word' id='word_1_264' title='bbox 1801 3669 1974 3724; x_wconf 88' lang='lat' dir='ltr'><strong>solum</strong></span> 
     </span>
    </p>
   </div>
   <div class='ocr_carea' id='block_1_42' title="bbox 420 3760 1976 3832">
    <p class='ocr_par' dir='ltr' id='par_1_42' title="bbox 420 3760 1976 3832">
     <span class='ocr_line' id='line_1_42' title="bbox 420 3760 1976 3832; baseline -0.002 -15"><span class='ocrx_word' id='word_1_265' title='bbox 420 3763 498 3824; x_wconf 90' lang='lat' dir='ltr'><strong>illi</strong></span> <span class='ocrx_word' id='word_1_266' title='bbox 551 3763 752 3832; x_wconf 91' lang='lat' dir='ltr'><strong>quibus</strong></span> <span class='ocrx_word' id='word_1_267' title='bbox 801 3763 876 3816; x_wconf 90' lang='lat' dir='ltr'><strong>ita</strong></span> <span class='ocrx_word' id='word_1_268' title='bbox 930 3764 1199 3831; x_wconf 65' lang='lat' dir='ltr'><strong>ademptae</strong></span> <span class='ocrx_word' id='word_1_269' title='bbox 1251 3769 1411 3815; x_wconf 91' lang='lat' dir='ltr'><strong>erant</strong></span> <span class='ocrx_word' id='word_1_270' title='bbox 1457 3760 1739 3824; x_wconf 67' lang='lat' dir='ltr'><strong>ecclesiaa,</strong></span> <span class='ocrx_word' id='word_1_271' title='bbox 1787 3775 1976 3814; x_wconf 90' lang='lat' dir='ltr'><strong>verum</strong></span> 
     </span>
    </p>
   </div>
   <div class='ocr_carea' id='block_1_43' title="bbox 420 3851 1980 3925">
    <p class='ocr_par' dir='ltr' id='par_1_43' title="bbox 420 3851 1980 3925">
     <span class='ocr_line' id='line_1_43' title="bbox 420 3851 1980 3925; baseline -0.004 -15"><span class='ocrx_word' id='word_1_272' title='bbox 420 3856 583 3910; x_wconf 86' lang='lat' dir='ltr'><strong>etiam</strong></span> <span class='ocrx_word' id='word_1_273' title='bbox 619 3856 818 3924; x_wconf 90' lang='lat' dir='ltr'><strong>quibus</strong></span> <span class='ocrx_word' id='word_1_274' title='bbox 852 3855 1032 3925; x_wconf 86' lang='lat' dir='ltr'><strong>aliqua</strong></span> <span class='ocrx_word' id='word_1_275' title='bbox 1065 3869 1190 3908; x_wconf 92' lang='lat' dir='ltr'><strong>cum</strong></span> <span class='ocrx_word' id='word_1_276' title='bbox 1231 3853 1338 3907; x_wconf 88' lang='lat' dir='ltr'><strong>illis</strong></span> <span class='ocrx_word' id='word_1_277' title='bbox 1380 3851 1753 3913; x_wconf 88' lang='lat' dir='ltr'><strong>intercedebat</strong></span> <span class='ocrx_word' id='word_1_278' title='bbox 1793 3865 1980 3906; x_wconf 89' lang='lat' dir='ltr'><strong>neces-</strong></span> 
     </span>
    </p>
   </div>
   <div class='ocr_carea' id='block_1_44' title="bbox 422 3943 1980 4014">
    <p class='ocr_par' dir='ltr' id='par_1_44' title="bbox 422 3943 1980 4014">
     <span class='ocr_line' id='line_1_44' title="bbox 422 3943 1980 4014; baseline -0.004 -12"><span class='ocrx_word' id='word_1_279' title='bbox 422 3948 647 4010; x_wconf 86' lang='lat' dir='ltr'><strong>situdo,</strong></span> <span class='ocrx_word' id='word_1_280' title='bbox 699 3948 969 4002; x_wconf 85' lang='lat' dir='ltr'><strong>Joannem</strong></span> <span class='ocrx_word' id='word_1_281' title='bbox 1025 3944 1478 4007; x_wconf 87' lang='lat' dir='ltr'><strong>criminabantur,</strong></span> <span class='ocrx_word' id='word_1_282' title='bbox 1537 3943 1763 4014; x_wconf 90' lang='lat' dir='ltr'><strong>perinde</strong></span> <span class='ocrx_word' id='word_1_283' title='bbox 1817 3951 1980 4011; x_wconf 87' lang='lat' dir='ltr'><strong>atque</strong></span> 
     </span>
    </p>
   </div>
   <div class='ocr_carea' id='block_1_45' title="bbox 423 4037 1983 4108">
    <p class='ocr_par' dir='ltr' id='par_1_45' title="bbox 423 4037 1983 4108">
     <span class='ocr_line' id='line_1_45' title="bbox 423 4037 1983 4108; baseline -0.004 -15"><span class='ocrx_word' id='word_1_284' title='bbox 423 4055 593 4105; x_wconf 84' lang='lat' dir='ltr'><strong>novas</strong></span> <span class='ocrx_word' id='word_1_285' title='bbox 625 4042 678 4094; x_wconf 92' lang='lat' dir='ltr'><strong>in</strong></span> <span class='ocrx_word' id='word_1_286' title='bbox 711 4039 1010 4093; x_wconf 72' lang='lat' dir='ltr'><strong>Ecclesiam</strong></span> <span class='ocrx_word' id='word_1_287' title='bbox 1044 4054 1132 4095; x_wconf 91' lang='lat' dir='ltr'><strong>res</strong></span> <span class='ocrx_word' id='word_1_288' title='bbox 1164 4039 1280 4108; x_wconf 85' lang='lat' dir='ltr'><strong>ipse</strong></span> <span class='ocrx_word' id='word_1_289' title='bbox 1312 4037 1563 4106; x_wconf 88' lang='lat' dir='ltr'><strong>princeps</strong></span> <span class='ocrx_word' id='word_1_290' title='bbox 1594 4037 1897 4098; x_wconf 86' lang='lat' dir='ltr'><strong>induceret,</strong></span> <span class='ocrx_word' id='word_1_291' title='bbox 1928 4041 1983 4087; x_wconf 93' lang='lat' dir='ltr'><strong>et</strong></span> 
     </span>
    </p>
   </div>
   <div class='ocr_carea' id='block_1_46' title="bbox 421 4126 1983 4200">
    <p class='ocr_par' dir='ltr' id='par_1_46' title="bbox 421 4126 1983 4200">
     <span class='ocr_line' id='line_1_46' title="bbox 421 4126 1983 4200; baseline -0.003 -17"><span class='ocrx_word' id='word_1_292' title='bbox 421 4132 648 4199; x_wconf 78' lang='lat' dir='ltr'><strong>antiqua</strong></span> <span class='ocrx_word' id='word_1_293' title='bbox 698 4132 1106 4186; x_wconf 89' lang='lat' dir='ltr'><strong>ordinationum</strong></span> <span class='ocrx_word' id='word_1_294' title='bbox 1160 4130 1554 4200; x_wconf 88' lang='lat' dir='ltr'><strong>episcopalium</strong></span> <span class='ocrx_word' id='word_1_295' title='bbox 1593 4128 1715 4197; x_wconf 90' lang='lat' dir='ltr'><strong>jura</strong></span> <span class='ocrx_word' id='word_1_296' title='bbox 1763 4126 1983 4180; x_wconf 86' lang='lat' dir='ltr'><strong>abolere</strong></span> 
     </span>
    </p>
   </div>
   <div class='ocr_carea' id='block_1_47' title="bbox 426 4217 1981 4283">
    <p class='ocr_par' dir='ltr' id='par_1_47' title="bbox 426 4217 1981 4283">
     <span class='ocr_line' id='line_1_47' title="bbox 426 4217 1981 4283; baseline -0.005 -9"><span class='ocrx_word' id='word_1_297' title='bbox 426 4222 742 4283; x_wconf 86' lang='lat' dir='ltr'><strong>institueret</strong></span> <span class='ocrx_word' id='word_1_298' title='bbox 765 4239 778 4275; x_wconf 89' lang='lat'>:</span> <span class='ocrx_word' id='word_1_299' title='bbox 799 4232 854 4275; x_wconf 90' lang='lat' dir='ltr'><strong>et</strong></span> <span class='ocrx_word' id='word_1_300' title='bbox 877 4222 1065 4276; x_wconf 90' lang='lat' dir='ltr'><strong>dolore</strong></span> <span class='ocrx_word' id='word_1_301' title='bbox 1087 4220 1445 4275; x_wconf 89' lang='lat' dir='ltr'><strong>immoderato</strong></span> <span class='ocrx_word' id='word_1_302' title='bbox 1473 4217 1824 4273; x_wconf 87' lang='lat' dir='ltr'><strong>transversim</strong></span> <span class='ocrx_word' id='word_1_303' title='bbox 1853 4217 1981 4281; x_wconf 87' lang='lat' dir='ltr'><strong>acti,</strong></span> 
     </span>
    </p>
   </div>
   <div class='ocr_carea' id='block_1_48' title="bbox 421 4307 1984 4380">
    <p class='ocr_par' dir='ltr' id='par_1_48' title="bbox 421 4307 1984 4380">
     <span class='ocr_line' id='line_1_48' title="bbox 421 4307 1984 4380; baseline -0.003 -16"><span class='ocrx_word' id='word_1_304' title='bbox 421 4313 590 4374; x_wconf 79' lang='lat' dir='ltr'><strong>etiam</strong></span> <span class='ocrx_word' id='word_1_305' title='bbox 617 4327 682 4366; x_wconf 90' lang='lat' dir='ltr'><strong>ea</strong></span> <span class='ocrx_word' id='word_1_306' title='bbox 710 4326 831 4380; x_wconf 76' lang='lat' dir='ltr'><strong>qua:</strong></span> <span class='ocrx_word' id='word_1_307' title='bbox 860 4310 1074 4365; x_wconf 86' lang='lat' dir='ltr'><strong>ratione</strong></span> <span class='ocrx_word' id='word_1_308' title='bbox 1101 4312 1308 4380; x_wconf 89' lang='lat' dir='ltr'><strong>optima</strong></span> <span class='ocrx_word' id='word_1_309' title='bbox 1337 4308 1586 4365; x_wconf 87' lang='lat' dir='ltr'><strong>consulto</strong></span> <span class='ocrx_word' id='word_1_310' title='bbox 1622 4308 1841 4378; x_wconf 78' lang='lat' dir='ltr'><strong>egisset,</strong></span> <span class='ocrx_word' id='word_1_311' title='bbox 1867 4307 1984 4376; x_wconf 81' lang='lat' dir='ltr'><strong>opi-</strong></span> 
     </span>
    </p>
   </div>
   <div class='ocr_carea' id='block_1_49' title="bbox 1993 3083 2038 3146">
    <p class='ocr_par' dir='ltr' id='par_1_49' title="bbox 1993 3083 2038 3146">
     <span class='ocr_line' id='line_1_49' title="bbox 1993 3083 2038 3146; baseline 0 0"><span class='ocrx_word' id='word_1_312' title='bbox 1993 3083 2038 3146; x_wconf 89' lang='lat' dir='ltr'><strong><em>C</em></strong></span> 
     </span>
    </p>
   </div>
   <div class='ocr_carea' id='block_1_50' title="bbox 2053 495 3627 571">
    <p class='ocr_par' dir='ltr' id='par_1_50' title="bbox 2053 495 3627 571">
     <span class='ocr_line' id='line_1_50' title="bbox 2053 495 3627 571; baseline -0.003 -18"><span class='ocrx_word' id='word_1_313' title='bbox 2053 500 2201 570; x_wconf 85' lang='grc' dir='ltr'><strong>αὐτῷ</strong></span> <span class='ocrx_word' id='word_1_314' title='bbox 2259 498 2536 571; x_wconf 51' lang='grc' dir='ltr'>’,Ελλάδιος</span> <span class='ocrx_word' id='word_1_315' title='bbox 2589 499 2617 550; x_wconf 84' lang='grc' dir='ltr'><strong>ό</strong></span> <span class='ocrx_word' id='word_1_316' title='bbox 2674 497 3021 563; x_wconf 79' lang='grc' dir='ltr'><strong>Καισαρείας</strong></span> <span class='ocrx_word' id='word_1_317' title='bbox 3083 495 3190 564; x_wconf 81' lang='grc' dir='ltr'>τῆς</span> <span class='ocrx_word' id='word_1_318' title='bbox 3246 496 3627 550; x_wconf 76' lang='grc' dir='ltr'>Καππαδοκῶν</span> 
     </span>
    </p>
   </div>
   <div class='ocr_carea' id='block_1_51' title="bbox 2058 587 3630 661">
    <p class='ocr_par' dir='ltr' id='par_1_51' title="bbox 2058 587 3630 661">
     <span class='ocr_line' id='line_1_51' title="bbox 2058 587 3630 661; baseline -0.002 -17"><span class='ocrx_word' id='word_1_319' title='bbox 2058 591 2196 661; x_wconf 78' lang='grc' dir='ltr'>μετὰ</span> <span class='ocrx_word' id='word_1_320' title='bbox 2216 589 2308 643; x_wconf 77' lang='grc' dir='ltr'><strong>τὸν</strong></span> <span class='ocrx_word' id='word_1_321' title='bbox 2347 589 2523 659; x_wconf 85' lang='grc' dir='ltr'>μέγαν</span> <span class='ocrx_word' id='word_1_322' title='bbox 2566 589 2845 641; x_wconf 90' lang='grc' dir='ltr'>Βασίλειον</span> <span class='ocrx_word' id='word_1_323' title='bbox 2867 587 2968 658; x_wconf 79' lang='grc' dir='ltr'>τὴν</span> <span class='ocrx_word' id='word_1_324' title='bbox 2995 587 3310 656; x_wconf 73' lang='grc' dir='ltr'><strong>ἐπισκοπὴν</strong></span> <span class='ocrx_word' id='word_1_325' title='bbox 3345 589 3630 657; x_wconf 83' lang='grc' dir='ltr'>κληρωσά-</span> 
     </span>
    </p>
   </div>
   <div class='ocr_carea' id='block_1_52' title="bbox 2057 678 3632 752">
    <p class='ocr_par' dir='ltr' id='par_1_52' title="bbox 2057 678 3632 752">
     <span class='ocr_line' id='line_1_52' title="bbox 2057 678 3632 752; baseline 0 -18"><span class='ocrx_word' id='word_1_326' title='bbox 2057 699 2237 750; x_wconf 91' lang='grc' dir='ltr'>μενος,</span> <span class='ocrx_word' id='word_1_327' title='bbox 2266 680 2428 752; x_wconf 93' lang='grc' dir='ltr'>χάριν</span> <span class='ocrx_word' id='word_1_328' title='bbox 2452 681 2634 750; x_wconf 86' lang='grc' dir='ltr'>νέμων</span> <span class='ocrx_word' id='word_1_329' title='bbox 2657 681 2869 750; x_wconf 80' lang='grc' dir='ltr'>ἐκείνῳ,</span> <span class='ocrx_word' id='word_1_330' title='bbox 2904 680 3096 747; x_wconf 82' lang='grc' dir='ltr'>ὅτιπερ</span> <span class='ocrx_word' id='word_1_331' title='bbox 3127 678 3204 743; x_wconf 82' lang='grc' dir='ltr'>τῷ</span> <span class='ocrx_word' id='word_1_332' title='bbox 3237 678 3456 732; x_wconf 77' lang='grc' dir='ltr'>ἐκείνου</span> <span class='ocrx_word' id='word_1_333' title='bbox 3488 681 3632 734; x_wconf 73' lang='grc' dir='ltr'>παιδὶ</span> 
     </span>
    </p>
   </div>
   <div class='ocr_carea' id='block_1_53' title="bbox 2054 767 3628 836">
    <p class='ocr_par' dir='ltr' id='par_1_53' title="bbox 2054 767 3628 836">
     <span class='ocr_line' id='line_1_53' title="bbox 2054 767 3628 836; baseline 0 -13"><span class='ocrx_word' id='word_1_334' title='bbox 2054 771 2229 831; x_wconf 80' lang='grc' dir='ltr'>αἴτιος</span> <span class='ocrx_word' id='word_1_335' title='bbox 2266 769 2513 836; x_wconf 83' lang='grc' dir='ltr'>ἐγεγόνει</span> <span class='ocrx_word' id='word_1_336' title='bbox 2535 767 2810 836; x_wconf 84' lang='grc' dir='ltr'><strong>λαμπρῶς</strong></span> <span class='ocrx_word' id='word_1_337' title='bbox 2843 767 3145 836; x_wconf 72' lang='grc' dir='ltr'><strong>εὐτυχῆσαι</strong></span> <span class='ocrx_word' id='word_1_338' title='bbox 3166 770 3279 827; x_wconf 77' lang='grc' dir='ltr'>τοῖς</span> <span class='ocrx_word' id='word_1_339' title='bbox 3309 767 3628 836; x_wconf 75' lang='grc' dir='ltr'>βασιλείοις.</span> 
     </span>
    </p>
   </div>
   <div class='ocr_carea' id='block_1_54' title="bbox 2059 857 3632 931">
    <p class='ocr_par' dir='ltr' id='par_1_54' title="bbox 2059 857 3632 931">
     <span class='ocr_line' id='line_1_54' title="bbox 2059 857 3632 931; baseline -0.003 -17"><span class='ocrx_word' id='word_1_340' title='bbox 2059 861 2124 914; x_wconf 81' lang='grc' dir='ltr'>Ὀ</span> <span class='ocrx_word' id='word_1_341' title='bbox 2151 860 2215 931; x_wconf 79' lang='grc' dir='ltr'>δὴ</span> <span class='ocrx_word' id='word_1_342' title='bbox 2243 859 2433 929; x_wconf 81' lang='grc' dir='ltr'>μαθὼν</span> <span class='ocrx_word' id='word_1_343' title='bbox 2483 859 2511 911; x_wconf 85' lang='grc' dir='ltr'><strong>ό</strong></span> <span class='ocrx_word' id='word_1_344' title='bbox 2537 858 2677 920; x_wconf 85' lang='grc' dir='ltr'>θεῖος</span> <span class='ocrx_word' id='word_1_345' title='bbox 2718 857 3075 926; x_wconf 77' lang='grc' dir='ltr'>Ἀμόρόσιος,</span> <span class='ocrx_word' id='word_1_346' title='bbox 3105 857 3407 926; x_wconf 84' lang='grc' dir='ltr'>Νεκταριῳ</span> <span class='ocrx_word' id='word_1_347' title='bbox 3429 857 3510 926; x_wconf 82' lang='grc' dir='ltr'>τῷ</span> <span class='ocrx_word' id='word_1_348' title='bbox 3538 859 3632 925; x_wconf 82' lang='grc' dir='ltr'>τῆς</span> 
     </span>
    </p>
   </div>
   <div class='ocr_carea' id='block_1_55' title="bbox 2055 937 3629 1016">
    <p class='ocr_par' dir='ltr' id='par_1_55' title="bbox 2055 937 3629 1016">
     <span class='ocr_line' id='line_1_55' title="bbox 2055 937 3629 1016; baseline -0.004 -12"><span class='ocrx_word' id='word_1_349' title='bbox 2055 949 2685 1009; x_wconf 81' lang='grc' dir='ltr'>Κωνσταντινουπόλεως</span> <span class='ocrx_word' id='word_1_350' title='bbox 2751 947 3087 1016; x_wconf 79' lang='grc' dir='ltr'>Ἐκκλησίας</span> <span class='ocrx_word' id='word_1_351' title='bbox 3143 937 3543 1016; x_wconf 73' lang='grc' dir='ltr'>προῖσταμένῳ</span> <span class='ocrx_word' id='word_1_352' title='bbox 3577 948 3629 998; x_wconf 76' lang='grc' dir='ltr'><strong>ἒ-</strong></span> 
     </span>
    </p>
   </div>
   <div class='ocr_carea' id='block_1_56' title="bbox 2054 1036 3629 1108">
    <p class='ocr_par' dir='ltr' id='par_1_56' title="bbox 2054 1036 3629 1108">
     <span class='ocr_line' id='line_1_56' title="bbox 2054 1036 3629 1108; baseline -0.003 -16"><span class='ocrx_word' id='word_1_353' title='bbox 2054 1055 2274 1108; x_wconf 83' lang='grc' dir='ltr'>γραφε,</span> <span class='ocrx_word' id='word_1_354' title='bbox 2338 1039 2414 1108; x_wconf 84' lang='grc' dir='ltr'>μὴ</span> <span class='ocrx_word' id='word_1_355' title='bbox 2476 1037 2649 1100; x_wconf 79' lang='grc' dir='ltr'>οὕτως</span> <span class='ocrx_word' id='word_1_356' title='bbox 2704 1039 2914 1090; x_wconf 83' lang='grc' dir='ltr'>ἐκεῖνον</span> <span class='ocrx_word' id='word_1_357' title='bbox 2967 1036 3446 1108; x_wconf 76' lang='grc' dir='ltr'>περιυϐρισμένον</span> <span class='ocrx_word' id='word_1_358' title='bbox 3479 1038 3629 1106; x_wconf 74' lang='grc' dir='ltr'>όρᾷν,</span> 
     </span>
    </p>
   </div>
   <div class='ocr_carea' id='block_1_57' title="bbox 2055 1124 3632 1199">
    <p class='ocr_par' dir='ltr' id='par_1_57' title="bbox 2055 1124 3632 1199">
     <span class='ocr_line' id='line_1_57' title="bbox 2055 1124 3632 1199; baseline -0.004 -17"><span class='ocrx_word' id='word_1_359' title='bbox 2055 1131 2190 1182; x_wconf 71' lang='grc' dir='ltr'>ἀλλὰ</span> <span class='ocrx_word' id='word_1_360' title='bbox 2244 1128 2531 1199; x_wconf 79' lang='grc' dir='ltr'>Γερόντων</span> <span class='ocrx_word' id='word_1_361' title='bbox 2587 1128 2685 1196; x_wconf 80' lang='grc' dir='ltr'>τῆς</span> <span class='ocrx_word' id='word_1_362' title='bbox 2748 1124 3056 1196; x_wconf 74' lang='grc' dir='ltr'>ἱερωσύνης</span> <span class='ocrx_word' id='word_1_363' title='bbox 3105 1125 3423 1187; x_wconf 73' lang='grc' dir='ltr'>ἐκϐάλλειν,</span> <span class='ocrx_word' id='word_1_364' title='bbox 3481 1127 3632 1191; x_wconf 80' lang='grc' dir='ltr'>εἰπερ</span> 
     </span>
    </p>
   </div>
   <div class='ocr_carea' id='block_1_58' title="bbox 2059 1219 3632 1289">
    <p class='ocr_par' dir='ltr' id='par_1_58' title="bbox 2059 1219 3632 1289">
     <span class='ocr_line' id='line_1_58' title="bbox 2059 1219 3632 1289; baseline -0.002 -16"><span class='ocrx_word' id='word_1_365' title='bbox 2059 1221 2207 1289; x_wconf 79' lang='grc' dir='ltr'>μέλει</span> <span class='ocrx_word' id='word_1_366' title='bbox 2240 1220 2388 1288; x_wconf 82' lang='grc' dir='ltr'>αὐτῷ</span> <span class='ocrx_word' id='word_1_367' title='bbox 2412 1221 2511 1289; x_wconf 78' lang='grc' dir='ltr'>τῆς</span> <span class='ocrx_word' id='word_1_368' title='bbox 2546 1219 3012 1288; x_wconf 85' lang='grc' dir='ltr'>ἐκκλησιαστικῆς</span> <span class='ocrx_word' id='word_1_369' title='bbox 3042 1219 3327 1284; x_wconf 74' lang='grc' dir='ltr'>εὐταξίας.</span> <span class='ocrx_word' id='word_1_370' title='bbox 3362 1219 3478 1271; x_wconf 74' lang='grc' dir='ltr'><strong>Καὶ</strong></span> <span class='ocrx_word' id='word_1_371' title='bbox 3505 1220 3632 1271; x_wconf 68' lang='grc' dir='ltr'>πολε</span> 
     </span>
    </p>
   </div>
   <div class='ocr_carea' id='block_1_59' title="bbox 2054 1309 3633 1380">
    <p class='ocr_par' dir='ltr' id='par_1_59' title="bbox 2054 1309 3633 1380">
     <span class='ocr_line' id='line_1_59' title="bbox 2054 1309 3633 1380; baseline 0.001 -18"><span class='ocrx_word' id='word_1_372' title='bbox 2054 1310 2121 1362; x_wconf 80' lang='grc' dir='ltr'><strong>λά</strong></span> <span class='ocrx_word' id='word_1_373' title='bbox 2180 1310 2277 1380; x_wconf 80' lang='grc' dir='ltr'>μὲν</span> <span class='ocrx_word' id='word_1_374' title='bbox 2335 1310 2637 1379; x_wconf 81' lang='grc' dir='ltr'>Νεκτάριος</span> <span class='ocrx_word' id='word_1_375' title='bbox 2709 1309 2946 1364; x_wconf 76' lang='grc' dir='ltr'>ἔσπευσε</span> <span class='ocrx_word' id='word_1_376' title='bbox 3006 1310 3342 1379; x_wconf 74' lang='grc' dir='ltr'>θεραπεύειν</span> <span class='ocrx_word' id='word_1_377' title='bbox 3399 1311 3633 1380; x_wconf 67' lang='grc' dir='ltr'>Ἀμϐρό-</span> 
     </span>
    </p>
   </div>
   <div class='ocr_carea' id='block_1_60' title="bbox 2058 1396 3633 1468">
    <p class='ocr_par' dir='ltr' id='par_1_60' title="bbox 2058 1396 3633 1468">
     <span class='ocr_line' id='line_1_60' title="bbox 2058 1396 3633 1468; baseline 0.001 -19"><span class='ocrx_word' id='word_1_378' title='bbox 2058 1413 2210 1449; x_wconf 85' lang='grc' dir='ltr'>σιον·</span> <span class='ocrx_word' id='word_1_379' title='bbox 2268 1397 2539 1466; x_wconf 76' lang='grc' dir='ltr'>ἐπεχείρει</span> <span class='ocrx_word' id='word_1_380' title='bbox 2581 1396 2628 1449; x_wconf 74' lang='grc' dir='ltr'>δ’</span> <span class='ocrx_word' id='word_1_381' title='bbox 2660 1396 2735 1458; x_wconf 79' lang='grc' dir='ltr'>ὡς</span> <span class='ocrx_word' id='word_1_382' title='bbox 2774 1399 2949 1448; x_wconf 79' lang='grc' dir='ltr'>είπεῖν</span> <span class='ocrx_word' id='word_1_383' title='bbox 3003 1397 3309 1468; x_wconf 79' lang='grc' dir='ltr'>ἀνηνύτοις,</span> <span class='ocrx_word' id='word_1_384' title='bbox 3371 1399 3633 1464; x_wconf 81' lang='grc' dir='ltr'>γενναίως</span> 
     </span>
    </p>
   </div>
   <div class='ocr_carea' id='block_1_61' title="bbox 2054 1487 3634 1558">
    <p class='ocr_par' dir='ltr' id='par_1_61' title="bbox 2054 1487 3634 1558">
     <span class='ocr_line' id='line_1_61' title="bbox 2054 1487 3634 1558; baseline 0 -18"><span class='ocrx_word' id='word_1_385' title='bbox 2054 1488 2165 1542; x_wconf 83' lang='grc' dir='ltr'><strong>τῶν</strong></span> <span class='ocrx_word' id='word_1_386' title='bbox 2201 1488 2559 1557; x_wconf 79' lang='grc' dir='ltr'><strong>Νικομηδέων</strong></span> <span class='ocrx_word' id='word_1_387' title='bbox 2595 1487 2784 1541; x_wconf 89' lang='grc' dir='ltr'>τούτου</span> <span class='ocrx_word' id='word_1_388' title='bbox 2817 1487 3175 1557; x_wconf 82' lang='grc' dir='ltr'>ἐξεχομένων.</span> <span class='ocrx_word' id='word_1_389' title='bbox 3194 1489 3336 1542; x_wconf 80' lang='grc' dir='ltr'>Ἀλλ’</span> <span class='ocrx_word' id='word_1_390' title='bbox 3382 1491 3634 1558; x_wconf 73' lang='grc' dir='ltr'>Ἰωάννης</span> 
     </span>
    </p>
   </div>
   <div class='ocr_carea' id='block_1_62' title="bbox 2061 1577 3634 1650">
    <p class='ocr_par' dir='ltr' id='par_1_62' title="bbox 2061 1577 3634 1650">
     <span class='ocr_line' id='line_1_62' title="bbox 2061 1577 3634 1650; baseline -0.001 -18"><span class='ocrx_word' id='word_1_391' title='bbox 2061 1581 2213 1650; x_wconf 83' lang='grc' dir='ltr'>μόλις</span> <span class='ocrx_word' id='word_1_392' title='bbox 2267 1578 2456 1649; x_wconf 72' lang='grc' dir='ltr'>ἴσχυσε</span> <span class='ocrx_word' id='word_1_393' title='bbox 2508 1579 2666 1631; x_wconf 85' lang='grc' dir='ltr'>τοῦτο</span> <span class='ocrx_word' id='word_1_394' title='bbox 2714 1577 3180 1647; x_wconf 73' lang='grc' dir='ltr'>διαπραξάμενος.</span> <span class='ocrx_word' id='word_1_395' title='bbox 3220 1579 3492 1632; x_wconf 81' lang='grc' dir='ltr'>Καθελὼν</span> <span class='ocrx_word' id='word_1_396' title='bbox 3534 1582 3634 1648; x_wconf 69' lang='grc' dir='ltr'>γὰρ</span> 
     </span>
    </p>
   </div>
   <div class='ocr_carea' id='block_1_63' title="bbox 2061 1667 3632 1740">
    <p class='ocr_par' dir='ltr' id='par_1_63' title="bbox 2061 1667 3632 1740">
     <span class='ocr_line' id='line_1_63' title="bbox 2061 1667 3632 1740; baseline -0.003 -18"><span class='ocrx_word' id='word_1_397' title='bbox 2061 1671 2240 1735; x_wconf 65' lang='grc' dir='ltr'>αὑτὶν,</span> <span class='ocrx_word' id='word_1_398' title='bbox 2275 1669 2597 1740; x_wconf 76' lang='grc' dir='ltr'>ἐχειροτόνει</span> <span class='ocrx_word' id='word_1_399' title='bbox 2641 1669 2968 1737; x_wconf 84' lang='grc' dir='ltr'>Πανσόιριον,</span> <span class='ocrx_word' id='word_1_400' title='bbox 2994 1668 3052 1732; x_wconf 80' lang='grc' dir='ltr'>ὃς</span> <span class='ocrx_word' id='word_1_401' title='bbox 3085 1669 3186 1738; x_wconf 83' lang='grc' dir='ltr'>τῆς</span> <span class='ocrx_word' id='word_1_402' title='bbox 3225 1668 3321 1721; x_wconf 87' lang='grc' dir='ltr'><strong>τοῦ</strong></span> <span class='ocrx_word' id='word_1_403' title='bbox 3370 1667 3632 1738; x_wconf 79' lang='grc' dir='ltr'>βασιλέως</span> 
     </span>
    </p>
   </div>
   <div class='ocr_carea' id='block_1_64' title="bbox 2061 1753 3637 1829">
    <p class='ocr_par' dir='ltr' id='par_1_64' title="bbox 2061 1753 3637 1829">
     <span class='ocr_line' id='line_1_64' title="bbox 2061 1753 3637 1829; baseline -0.002 -17"><span class='ocrx_word' id='word_1_404' title='bbox 2061 1760 2297 1829; x_wconf 75' lang='grc' dir='ltr'>συζύγου</span> <span class='ocrx_word' id='word_1_405' title='bbox 2330 1761 2495 1814; x_wconf 83' lang='grc' dir='ltr'>πάλαι</span> <span class='ocrx_word' id='word_1_406' title='bbox 2533 1759 2879 1827; x_wconf 80' lang='grc' dir='ltr'>παιδαγωγὸς</span> <span class='ocrx_word' id='word_1_407' title='bbox 2905 1761 3303 1829; x_wconf 79' lang='grc' dir='ltr'>ἐχρημάτισεν.</span> <span class='ocrx_word' id='word_1_408' title='bbox 3328 1753 3444 1812; x_wconf 86' lang='grc' dir='ltr'>Ἦν</span> <span class='ocrx_word' id='word_1_409' title='bbox 3474 1759 3529 1812; x_wconf 74' lang='grc' dir='ltr'>δὲ</span> <span class='ocrx_word' id='word_1_410' title='bbox 3553 1753 3637 1810; x_wconf 70' lang='grc' dir='ltr'>οῦ-</span> 
     </span>
    </p>
   </div>
   <div class='ocr_carea' id='block_1_65' title="bbox 2059 1849 3629 1922">
    <p class='ocr_par' dir='ltr' id='par_1_65' title="bbox 2059 1849 3629 1922">
     <span class='ocr_line' id='line_1_65' title="bbox 2059 1849 3629 1922; baseline -0.005 -14"><span class='ocrx_word' id='word_1_411' title='bbox 2059 1871 2147 1918; x_wconf 89' lang='grc' dir='ltr'><strong>τος</strong></span> <span class='ocrx_word' id='word_1_412' title='bbox 2197 1854 2368 1922; x_wconf 81' lang='grc' dir='ltr'>πρᾶος</span> <span class='ocrx_word' id='word_1_413' title='bbox 2403 1852 2501 1919; x_wconf 75' lang='grc' dir='ltr'><strong>μὲν</strong></span> <span class='ocrx_word' id='word_1_414' title='bbox 2527 1851 2648 1904; x_wconf 89' lang='grc' dir='ltr'>λίαν</span> <span class='ocrx_word' id='word_1_415' title='bbox 2673 1851 2813 1920; x_wconf 83' lang='grc' dir='ltr'>ἀνὴρ</span> <span class='ocrx_word' id='word_1_416' title='bbox 2837 1889 2851 1913; x_wconf 88' lang='grc'><strong>,</strong></span> <span class='ocrx_word' id='word_1_417' title='bbox 2881 1851 2979 1903; x_wconf 75' lang='grc' dir='ltr'>καὶ</span> <span class='ocrx_word' id='word_1_418' title='bbox 3000 1851 3243 1919; x_wconf 75' lang='grc' dir='ltr'>εὐλαϐὴς</span> <span class='ocrx_word' id='word_1_419' title='bbox 3276 1851 3512 1918; x_wconf 85' lang='grc' dir='ltr'>ἐσάγαν,</span> <span class='ocrx_word' id='word_1_420' title='bbox 3540 1849 3629 1902; x_wconf 81' lang='grc' dir='ltr'><strong>Νι-</strong></span> 
     </span>
    </p>
   </div>
   <div class='ocr_carea' id='block_1_66' title="bbox 2061 1940 3630 2016">
    <p class='ocr_par' dir='ltr' id='par_1_66' title="bbox 2061 1940 3630 2016">
     <span class='ocr_line' id='line_1_66' title="bbox 2061 1940 3630 2016; baseline -0.004 -17"><span class='ocrx_word' id='word_1_421' title='bbox 2061 1943 2361 2016; x_wconf 81' lang='grc' dir='ltr'>κομηδεῦσι</span> <span class='ocrx_word' id='word_1_422' title='bbox 2402 1941 2458 1995; x_wconf 81' lang='grc' dir='ltr'>δὲ</span> <span class='ocrx_word' id='word_1_423' title='bbox 2503 1942 2624 1996; x_wconf 85' lang='grc' dir='ltr'>λίαν</span> <span class='ocrx_word' id='word_1_424' title='bbox 2676 1941 2874 2013; x_wconf 78' lang='grc' dir='ltr'>ἄχαρις</span> <span class='ocrx_word' id='word_1_425' title='bbox 2924 1943 3019 1994; x_wconf 70' lang='grc' dir='ltr'><strong>καὶ</strong></span> <span class='ocrx_word' id='word_1_426' title='bbox 3054 1941 3383 2011; x_wconf 81' lang='grc' dir='ltr'>ἀνέραστος.</span> <span class='ocrx_word' id='word_1_427' title='bbox 3433 1940 3540 1992; x_wconf 75' lang='grc' dir='ltr'><strong>Καὶ</strong></span> <span class='ocrx_word' id='word_1_428' title='bbox 3571 1940 3630 2008; x_wconf 79' lang='grc' dir='ltr'>δὴ</span> 
     </span>
    </p>
   </div>
   <div class='ocr_carea' id='block_1_67' title="bbox 2061 2029 3634 2104">
    <p class='ocr_par' dir='ltr' id='par_1_67' title="bbox 2061 2029 3634 2104">
     <span class='ocr_line' id='line_1_67' title="bbox 2061 2029 3634 2104; baseline -0.006 -17"><span class='ocrx_word' id='word_1_429' title='bbox 2061 2035 2214 2104; x_wconf 83' lang='grc' dir='ltr'>κοινῇ</span> <span class='ocrx_word' id='word_1_430' title='bbox 2246 2033 2341 2086; x_wconf 71' lang='grc' dir='ltr'>καὶ</span> <span class='ocrx_word' id='word_1_431' title='bbox 2374 2031 2511 2102; x_wconf 77' lang='grc' dir='ltr'>πρὸς</span> <span class='ocrx_word' id='word_1_432' title='bbox 2541 2030 2771 2083; x_wconf 67' lang='grc' dir='ltr'>ἕκαστον</span> <span class='ocrx_word' id='word_1_433' title='bbox 2823 2029 3230 2092; x_wconf 71' lang='grc' dir='ltr'>στασιάζοντες,</span> <span class='ocrx_word' id='word_1_434' title='bbox 3264 2029 3335 2080; x_wconf 73' lang='grc' dir='ltr'><strong>τά</strong></span> <span class='ocrx_word' id='word_1_435' title='bbox 3367 2031 3634 2098; x_wconf 77' lang='grc' dir='ltr'>προσόντα</span> 
     </span>
    </p>
   </div>
   <div class='ocr_carea' id='block_1_68' title="bbox 2060 2117 3636 2191">
    <p class='ocr_par' dir='ltr' id='par_1_68' title="bbox 2060 2117 3636 2191">
     <span class='ocr_line' id='line_1_68' title="bbox 2060 2117 3636 2191; baseline -0.002 -18"><span class='ocrx_word' id='word_1_436' title='bbox 2060 2121 2330 2191; x_wconf 86' lang='grc' dir='ltr'>Γεροντίῳ</span> <span class='ocrx_word' id='word_1_437' title='bbox 2359 2118 2570 2191; x_wconf 82' lang='grc' dir='ltr'>χρηστά</span> <span class='ocrx_word' id='word_1_438' title='bbox 2595 2117 2964 2189; x_wconf 85' lang='grc' dir='ltr'>άπηρίθμουν,</span> <span class='ocrx_word' id='word_1_439' title='bbox 2998 2119 3059 2171; x_wconf 85' lang='grc' dir='ltr'><strong>τό</strong></span> <span class='ocrx_word' id='word_1_440' title='bbox 3088 2135 3148 2169; x_wconf 83' lang='grc' dir='ltr'><strong>τε</strong></span> <span class='ocrx_word' id='word_1_441' title='bbox 3193 2117 3296 2188; x_wconf 82' lang='grc' dir='ltr'>τῆς</span> <span class='ocrx_word' id='word_1_442' title='bbox 3328 2121 3636 2189; x_wconf 74' lang='grc' dir='ltr'>ἐπιστήμης</span> 
     </span>
    </p>
   </div>
   <div class='ocr_carea' id='block_1_69' title="bbox 2062 2209 3636 2279">
    <p class='ocr_par' dir='ltr' id='par_1_69' title="bbox 2062 2209 3636 2279">
     <span class='ocr_line' id='line_1_69' title="bbox 2062 2209 3636 2279; baseline -0.005 -13"><span class='ocrx_word' id='word_1_443' title='bbox 2062 2211 2312 2277; x_wconf 60' lang='grc' dir='ltr'>ἄφθονον,</span> <span class='ocrx_word' id='word_1_444' title='bbox 2330 2211 2424 2263; x_wconf 74' lang='grc' dir='ltr'>καὶ</span> <span class='ocrx_word' id='word_1_445' title='bbox 2439 2210 2501 2262; x_wconf 85' lang='grc' dir='ltr'>τὸ</span> <span class='ocrx_word' id='word_1_446' title='bbox 2523 2227 2587 2261; x_wconf 77' lang='grc' dir='ltr'><strong>πε</strong></span> <span class='ocrx_word' id='word_1_447' title='bbox 2598 2210 2650 2278; x_wconf 75' lang='lat' dir='ltr'><strong>p‘t</strong></span> <span class='ocrx_word' id='word_1_448' title='bbox 2671 2210 2875 2270; x_wconf 79' lang='grc' dir='ltr'>πάντας</span> <span class='ocrx_word' id='word_1_449' title='bbox 2896 2209 3138 2279; x_wconf 84' lang='grc' dir='ltr'>πένητάς</span> <span class='ocrx_word' id='word_1_450' title='bbox 3159 2225 3214 2260; x_wconf 88' lang='grc' dir='ltr'><strong>τε</strong></span> <span class='ocrx_word' id='word_1_451' title='bbox 3235 2210 3332 2260; x_wconf 75' lang='grc' dir='ltr'>καὶ</span> <span class='ocrx_word' id='word_1_452' title='bbox 3356 2209 3636 2269; x_wconf 76' lang='grc' dir='ltr'>πλουσίους</span> 
     </span>
    </p>
   </div>
   <div class='ocr_carea' id='block_1_70' title="bbox 2061 2299 3638 2370">
    <p class='ocr_par' dir='ltr' id='par_1_70' title="bbox 2061 2299 3638 2370">
     <span class='ocr_line' id='line_1_70' title="bbox 2061 2299 3638 2370; baseline -0.004 -15"><span class='ocrx_word' id='word_1_453' title='bbox 2061 2301 2232 2365; x_wconf 80' lang='grc' dir='ltr'>δεξιόν</span> <span class='ocrx_word' id='word_1_454' title='bbox 2254 2319 2312 2355; x_wconf 88' lang='grc' dir='ltr'><strong>τε</strong></span> <span class='ocrx_word' id='word_1_455' title='bbox 2341 2302 2437 2354; x_wconf 63' lang='grc' dir='ltr'><strong>καὶ¹</strong></span> <span class='ocrx_word' id='word_1_456' title='bbox 2461 2301 2831 2370; x_wconf 82' lang='grc' dir='ltr'>μεταδοτικὸν,</span> <span class='ocrx_word' id='word_1_457' title='bbox 2862 2301 2959 2352; x_wconf 75' lang='grc' dir='ltr'>καὶ</span> <span class='ocrx_word' id='word_1_458' title='bbox 2981 2302 3080 2361; x_wconf 75' lang='grc' dir='ltr'><strong>τάς</strong></span> <span class='ocrx_word' id='word_1_459' title='bbox 3107 2299 3423 2368; x_wconf 77' lang='grc' dir='ltr'>προσούσας</span> <span class='ocrx_word' id='word_1_460' title='bbox 3452 2301 3638 2366; x_wconf 80' lang='grc' dir='ltr'>ἐκείνῳ</span> 
     </span>
    </p>
   </div>
   <div class='ocr_carea' id='block_1_71' title="bbox 2061 2389 3638 2462">
    <p class='ocr_par' dir='ltr' id='par_1_71' title="bbox 2061 2389 3638 2462">
     <span class='ocr_line' id='line_1_71' title="bbox 2061 2389 3638 2462; baseline -0.003 -17"><span class='ocrx_word' id='word_1_461' title='bbox 2061 2393 2254 2456; x_wconf 82' lang='grc' dir='ltr'>λοιπὰς</span> <span class='ocrx_word' id='word_1_462' title='bbox 2276 2392 2385 2445; x_wconf 89' lang='grc' dir='ltr'><strong>τῶν</strong></span> <span class='ocrx_word' id='word_1_463' title='bbox 2414 2392 2626 2462; x_wconf 80' lang='grc' dir='ltr'>ἀρετῶν</span> <span class='ocrx_word' id='word_1_464' title='bbox 2657 2391 2963 2462; x_wconf 80' lang='grc' dir='ltr'>διηγοῦντο.</span> <span class='ocrx_word' id='word_1_465' title='bbox 2997 2391 3106 2443; x_wconf 77' lang='grc' dir='ltr'><strong>Καὶ</strong></span> <span class='ocrx_word' id='word_1_466' title='bbox 3140 2391 3294 2452; x_wconf 76' lang='grc' dir='ltr'>λιτάς</span> <span class='ocrx_word' id='word_1_467' title='bbox 3329 2389 3388 2442; x_wconf 74' lang='grc' dir='ltr'>δὲ</span> <span class='ocrx_word' id='word_1_468' title='bbox 3421 2390 3638 2441; x_wconf 80' lang='grc' dir='ltr'>ποιοῦν-</span> 
     </span>
    </p>
   </div>
   <div class='ocr_carea' id='block_1_72' title="bbox 2063 2479 3638 2551">
    <p class='ocr_par' dir='ltr' id='par_1_72' title="bbox 2063 2479 3638 2551">
     <span class='ocr_line' id='line_1_72' title="bbox 2063 2479 3638 2551; baseline -0.004 -15"><span class='ocrx_word' id='word_1_469' title='bbox 2063 2500 2154 2546; x_wconf 88' lang='grc' dir='ltr'><strong>τες</strong></span> <span class='ocrx_word' id='word_1_470' title='bbox 2189 2484 2280 2536; x_wconf 84' lang='grc' dir='ltr'><strong>ἐπί</strong></span> <span class='ocrx_word' id='word_1_471' title='bbox 2302 2499 2361 2534; x_wconf 90' lang='grc' dir='ltr'><strong>τε</strong></span> <span class='ocrx_word' id='word_1_472' title='bbox 2389 2483 2632 2551; x_wconf 78' lang='grc' dir='ltr'>σεισμοῖς</span> <span class='ocrx_word' id='word_1_473' title='bbox 2662 2481 2754 2534; x_wconf 74' lang='grc' dir='ltr'><strong>καὶ</strong></span> <span class='ocrx_word' id='word_1_474' title='bbox 2781 2481 2972 2542; x_wconf 76' lang='grc' dir='ltr'>ἄλλαις</span> <span class='ocrx_word' id='word_1_475' title='bbox 3001 2479 3358 2550; x_wconf 83' lang='grc' dir='ltr'>θεοσημείαις</span> <span class='ocrx_word' id='word_1_476' title='bbox 3390 2480 3503 2534; x_wconf 77' lang='grc' dir='ltr'>ἀνά</span> <span class='ocrx_word' id='word_1_477' title='bbox 3547 2479 3638 2549; x_wconf 81' lang='grc' dir='ltr'>τὴν</span> 
     </span>
    </p>
   </div>
   <div class='ocr_carea' id='block_1_73' title="bbox 2063 2571 3640 2644">
    <p class='ocr_par' dir='ltr' id='par_1_73' title="bbox 2063 2571 3640 2644">
     <span class='ocr_line' id='line_1_73' title="bbox 2063 2571 3640 2644; baseline -0.004 -18"><span class='ocrx_word' id='word_1_478' title='bbox 2063 2573 2298 2644; x_wconf 81' lang='grc' dir='ltr'>πατρίδα</span> <span class='ocrx_word' id='word_1_479' title='bbox 2341 2573 2435 2625; x_wconf 76' lang='grc' dir='ltr'>καὶ</span> <span class='ocrx_word' id='word_1_480' title='bbox 2465 2571 2718 2641; x_wconf 78' lang='grc' dir='ltr'>ἀλλαχοῦ,</span> <span class='ocrx_word' id='word_1_481' title='bbox 2757 2571 2988 2639; x_wconf 77' lang='grc' dir='ltr'>ἔψαλλον</span> <span class='ocrx_word' id='word_1_482' title='bbox 3019 2572 3116 2624; x_wconf 76' lang='grc' dir='ltr'>σὺν</span> <span class='ocrx_word' id='word_1_483' title='bbox 3169 2571 3355 2641; x_wconf 72' lang='grc' dir='ltr'>ἱκεσίᾳ</span> <span class='ocrx_word' id='word_1_484' title='bbox 3383 2571 3484 2622; x_wconf 66' lang='grc' dir='ltr'><strong>τὸν</strong></span> <span class='ocrx_word' id='word_1_485' title='bbox 3519 2571 3640 2623; x_wconf 71' lang='grc' dir='ltr'>Θεὸν</span> 
     </span>
    </p>
   </div>
   <div class='ocr_carea' id='block_1_74' title="bbox 2062 2659 3638 2730">
    <p class='ocr_par' dir='ltr' id='par_1_74' title="bbox 2062 2659 3638 2730">
     <span class='ocr_line' id='line_1_74' title="bbox 2062 2659 3638 2730; baseline -0.002 -15"><span class='ocrx_word' id='word_1_486' title='bbox 2062 2661 2456 2726; x_wconf 84' lang='grc' dir='ltr'>δυσωποῦντες,</span> <span class='ocrx_word' id='word_1_487' title='bbox 2500 2661 2588 2714; x_wconf 84' lang='grc' dir='ltr'><strong>ὐπ’</strong></span> <span class='ocrx_word' id='word_1_488' title='bbox 2645 2660 2840 2730; x_wconf 85' lang='grc' dir='ltr'>ἐκείνῳ</span> <span class='ocrx_word' id='word_1_489' title='bbox 2891 2660 3025 2729; x_wconf 82' lang='grc' dir='ltr'>δῆτα</span> <span class='ocrx_word' id='word_1_490' title='bbox 3068 2661 3287 2730; x_wconf 79' lang='grc' dir='ltr'>ποιμένι</span> <span class='ocrx_word' id='word_1_491' title='bbox 3326 2659 3638 2713; x_wconf 73' lang='grc' dir='ltr'>τάττεσθαι.</span> 
     </span>
    </p>
   </div>
   <div class='ocr_carea' id='block_1_75' title="bbox 2063 2751 3639 2822">
    <p class='ocr_par' dir='ltr' id='par_1_75' title="bbox 2063 2751 3639 2822">
     <span class='ocr_line' id='line_1_75' title="bbox 2063 2751 3639 2822; baseline -0.003 -16"><span class='ocrx_word' id='word_1_492' title='bbox 2063 2754 2228 2816; x_wconf 82' lang='grc' dir='ltr'>Τέλος</span> <span class='ocrx_word' id='word_1_493' title='bbox 2251 2751 2585 2822; x_wconf 78' lang='grc' dir='ltr'>βιασθέντες,</span> <span class='ocrx_word' id='word_1_494' title='bbox 2624 2754 2722 2806; x_wconf 73' lang='grc' dir='ltr'>σὺν</span> <span class='ocrx_word' id='word_1_495' title='bbox 2751 2752 2965 2822; x_wconf 82' lang='grc' dir='ltr'>ἀπείρῳ</span> <span class='ocrx_word' id='word_1_496' title='bbox 2992 2751 3178 2804; x_wconf 88' lang='grc' dir='ltr'>πένθει</span> <span class='ocrx_word' id='word_1_497' title='bbox 3214 2753 3310 2805; x_wconf 81' lang='grc' dir='ltr'>καὶ</span> <span class='ocrx_word' id='word_1_498' title='bbox 3339 2752 3603 2820; x_wconf 78' lang='grc' dir='ltr'>ὀδυρμοῖς</span> <span class='ocrx_word' id='word_1_499' title='bbox 3625 2793 3639 2813; x_wconf 93' lang='grc'><strong>,</strong></span> 
     </span>
    </p>
   </div>
   <div class='ocr_carea' id='block_1_76' title="bbox 2065 2841 3641 2912">
    <p class='ocr_par' dir='ltr' id='par_1_76' title="bbox 2065 2841 3641 2912">
     <span class='ocr_line' id='line_1_76' title="bbox 2065 2841 3641 2912; baseline 0.001 -16"><span class='ocrx_word' id='word_1_500' title='bbox 2065 2844 2276 2897; x_wconf 85' lang='grc' dir='ltr'>ἐκείνου</span> <span class='ocrx_word' id='word_1_501' title='bbox 2315 2843 2415 2912; x_wconf 81' lang='grc' dir='ltr'>μὲν</span> <span class='ocrx_word' id='word_1_502' title='bbox 2451 2841 2858 2912; x_wconf 75' lang='grc' dir='ltr'>ἀπηλλάττοντο</span> <span class='ocrx_word' id='word_1_503' title='bbox 2882 2858 2896 2872; x_wconf 75' lang='grc' dir='ltr'><strong>ο</strong></span> <span class='ocrx_word' id='word_1_504' title='bbox 2935 2842 3239 2908; x_wconf 83' lang='grc' dir='ltr'>Πανσόφιον</span> <span class='ocrx_word' id='word_1_505' title='bbox 3279 2841 3340 2893; x_wconf 84' lang='grc' dir='ltr'><strong>δέ</strong></span> <span class='ocrx_word' id='word_1_506' title='bbox 3380 2842 3641 2902; x_wconf 71' lang='grc' dir='ltr'>ἄκοντες.</span> 
     </span>
    </p>
   </div>
   <div class='ocr_carea' id='block_1_77' title="bbox 2072 2932 3644 3008">
    <p class='ocr_par' dir='ltr' id='par_1_77' title="bbox 2072 2932 3644 3008">
     <span class='ocr_line' id='line_1_77' title="bbox 2072 2932 3644 3008; baseline -0.004 -18"><span class='ocrx_word' id='word_1_507' title='bbox 2072 2938 2209 3008; x_wconf 80' lang='grc' dir='ltr'>μετὰ</span> <span class='ocrx_word' id='word_1_508' title='bbox 2237 2937 2388 2998; x_wconf 77' lang='grc' dir='ltr'>δέους</span> <span class='ocrx_word' id='word_1_509' title='bbox 2416 2935 2510 2988; x_wconf 77' lang='grc' dir='ltr'>καὶ</span> <span class='ocrx_word' id='word_1_510' title='bbox 2541 2935 2732 3005; x_wconf 88' lang='grc' dir='ltr'>μίσους</span> <span class='ocrx_word' id='word_1_511' title='bbox 2752 2934 3020 3004; x_wconf 78' lang='grc' dir='ltr'>ἐδέχοντο.</span> <span class='ocrx_word' id='word_1_512' title='bbox 3051 2932 3364 2987; x_wconf 81' lang='grc' dir='ltr'>Κάντεῦθεν</span> <span class='ocrx_word' id='word_1_513' title='bbox 3390 2935 3458 2985; x_wconf 87' lang='grc' dir='ltr'><strong>ού</strong></span> <span class='ocrx_word' id='word_1_514' title='bbox 3490 2935 3644 3002; x_wconf 73' lang='grc' dir='ltr'>μόνον</span> 
     </span>
    </p>
   </div>
   <div class='ocr_carea' id='block_1_78' title="bbox 2069 3024 3645 3095">
    <p class='ocr_par' dir='ltr' id='par_1_78' title="bbox 2069 3024 3645 3095">
     <span class='ocr_line' id='line_1_78' title="bbox 2069 3024 3645 3095; baseline -0.005 -14"><span class='ocrx_word' id='word_1_515' title='bbox 2069 3029 2118 3082; x_wconf 80' lang='grc' dir='ltr'>οἱ</span> <span class='ocrx_word' id='word_1_516' title='bbox 2144 3027 2244 3091; x_wconf 83' lang='grc' dir='ltr'><strong>τὰς</strong></span> <span class='ocrx_word' id='word_1_517' title='bbox 2277 3025 2568 3095; x_wconf 82' lang='grc' dir='ltr'>ἐκκλησίας</span> <span class='ocrx_word' id='word_1_518' title='bbox 2589 3024 3111 3095; x_wconf 77' lang='grc' dir='ltr'>ἀφαιρεθέντες,καὶ</span> <span class='ocrx_word' id='word_1_519' title='bbox 3141 3025 3256 3077; x_wconf 82' lang='grc' dir='ltr'>ὅσοι</span> <span class='ocrx_word' id='word_1_520' title='bbox 3288 3025 3510 3084; x_wconf 85' lang='grc' dir='ltr'>τούτοις</span> <span class='ocrx_word' id='word_1_521' title='bbox 3531 3025 3645 3074; x_wconf 85' lang='grc' dir='ltr'>ἐπι-</span> 
     </span>
    </p>
   </div>
   <div class='ocr_carea' id='block_1_79' title="bbox 2072 3112 3646 3187">
    <p class='ocr_par' dir='ltr' id='par_1_79' title="bbox 2072 3112 3646 3187">
     <span class='ocr_line' id='line_1_79' title="bbox 2072 3112 3646 3187; baseline -0.001 -16"><span class='ocrx_word' id='word_1_522' title='bbox 2072 3117 2299 3186; x_wconf 85' lang='grc' dir='ltr'>τηδείως</span> <span class='ocrx_word' id='word_1_523' title='bbox 2329 3114 2494 3187; x_wconf 80' lang='grc' dir='ltr'>εἶχον,</span> <span class='ocrx_word' id='word_1_524' title='bbox 2525 3117 2617 3170; x_wconf 75' lang='grc' dir='ltr'>τὸν</span> <span class='ocrx_word' id='word_1_525' title='bbox 2655 3116 2908 3184; x_wconf 85' lang='grc' dir='ltr'>Ἰωάννην</span> <span class='ocrx_word' id='word_1_526' title='bbox 2938 3118 2994 3167; x_wconf 83' lang='grc' dir='ltr'>ὲν</span> <span class='ocrx_word' id='word_1_527' title='bbox 3022 3115 3221 3176; x_wconf 73' lang='grc' dir='ltr'>αἰτίαις</span> <span class='ocrx_word' id='word_1_528' title='bbox 3253 3112 3646 3177; x_wconf 79' lang='grc' dir='ltr'>ἐποιοῦντο,ὠ;</span> 
     </span>
    </p>
   </div>
   <div class='ocr_carea' id='block_1_80' title="bbox 2073 3200 3648 3278">
    <p class='ocr_par' dir='ltr' id='par_1_80' title="bbox 2073 3200 3648 3278">
     <span class='ocr_line' id='line_1_80' title="bbox 2073 3200 3648 3278; baseline -0.005 -20"><span class='ocrx_word' id='word_1_529' title='bbox 2073 3204 2353 3278; x_wconf 68' lang='grc' dir='ltr'>νεωτέρων</span> <span class='ocrx_word' id='word_1_530' title='bbox 2373 3204 2715 3274; x_wconf 85' lang='grc' dir='ltr'>πραγμάτων</span> <span class='ocrx_word' id='word_1_531' title='bbox 2746 3203 2866 3264; x_wconf 81' lang='grc' dir='ltr'>ταῖς</span> <span class='ocrx_word' id='word_1_532' title='bbox 2899 3201 3216 3271; x_wconf 82' lang='grc' dir='ltr'>ἐκκλησίαις</span> <span class='ocrx_word' id='word_1_533' title='bbox 3248 3200 3506 3269; x_wconf 78' lang='grc' dir='ltr'>ἀρχηγὸν</span> <span class='ocrx_word' id='word_1_534' title='bbox 3528 3200 3648 3250; x_wconf 80' lang='grc' dir='ltr'>ἐσυ·</span> 
     </span>
    </p>
   </div>
   <div class='ocr_carea' id='block_1_81' title="bbox 2071 3290 3651 3362">
    <p class='ocr_par' dir='ltr' id='par_1_81' title="bbox 2071 3290 3651 3362">
     <span class='ocr_line' id='line_1_81' title="bbox 2071 3290 3651 3362; baseline -0.006 -11"><span class='ocrx_word' id='word_1_535' title='bbox 2071 3299 2164 3351; x_wconf 81' lang='grc' dir='ltr'>τὸν</span> <span class='ocrx_word' id='word_1_536' title='bbox 2194 3297 2548 3362; x_wconf 79' lang='grc' dir='ltr'>καθιστάντα,</span> <span class='ocrx_word' id='word_1_537' title='bbox 2584 3297 2718 3350; x_wconf 82' lang='grc' dir='ltr'>ἀλλὰ</span> <span class='ocrx_word' id='word_1_538' title='bbox 2761 3297 2854 3348; x_wconf 80' lang='grc' dir='ltr'>καὶ</span> <span class='ocrx_word' id='word_1_539' title='bbox 2882 3294 2957 3356; x_wconf 84' lang='grc' dir='ltr'><strong>ὡς</strong></span> <span class='ocrx_word' id='word_1_540' title='bbox 2980 3293 3048 3346; x_wconf 83' lang='grc' dir='ltr'><strong>τά</strong></span> <span class='ocrx_word' id='word_1_541' title='bbox 3075 3292 3183 3345; x_wconf 90' lang='grc' dir='ltr'><strong>τῶν</strong></span> <span class='ocrx_word' id='word_1_542' title='bbox 3213 3290 3570 3362; x_wconf 82' lang='grc' dir='ltr'>χειροτονιῶν</span> <span class='ocrx_word' id='word_1_543' title='bbox 3591 3291 3651 3342; x_wconf 83' lang='grc' dir='ltr'><strong>ἐκ</strong></span> 
     </span>
    </p>
   </div>
   <div class='ocr_carea' id='block_1_82' title="bbox 2074 3379 3650 3454">
    <p class='ocr_par' dir='ltr' id='par_1_82' title="bbox 2074 3379 3650 3454">
     <span class='ocr_line' id='line_1_82' title="bbox 2074 3379 3650 3454; baseline -0.008 -14"><span class='ocrx_word' id='word_1_544' title='bbox 2074 3385 2272 3440; x_wconf 87' lang='grc' dir='ltr'>πολλοῦ</span> <span class='ocrx_word' id='word_1_545' title='bbox 2319 3386 2502 3440; x_wconf 83' lang='grc' dir='ltr'>δίκαια</span> <span class='ocrx_word' id='word_1_546' title='bbox 2555 3383 2985 3454; x_wconf 86' lang='grc' dir='ltr'>καινοτομοῦντα</span> <span class='ocrx_word' id='word_1_547' title='bbox 3026 3381 3185 3450; x_wconf 84' lang='grc' dir='ltr'>δῆθεν</span> <span class='ocrx_word' id='word_1_548' title='bbox 3223 3381 3317 3432; x_wconf 73' lang='grc' dir='ltr'>καὶ</span> <span class='ocrx_word' id='word_1_549' title='bbox 3369 3379 3650 3450; x_wconf 76' lang='grc' dir='ltr'>ᾑρημένον</span> 
     </span>
    </p>
   </div>
   <div class='ocr_carea' id='block_1_83' title="bbox 2075 3469 3647 3548">
    <p class='ocr_par' dir='ltr' id='par_1_83' title="bbox 2075 3469 3647 3548">
     <span class='ocr_line' id='line_1_83' title="bbox 2075 3469 3647 3548; baseline -0.01 -14"><span class='ocrx_word' id='word_1_550' title='bbox 2075 3479 2361 3548; x_wconf 81' lang='grc' dir='ltr'>ἁρπάζειν.</span> <span class='ocrx_word' id='word_1_551' title='bbox 2385 3477 2546 3548; x_wconf 75' lang='grc' dir='ltr'>Δύπῃ</span> <span class='ocrx_word' id='word_1_552' title='bbox 2573 3477 2628 3529; x_wconf 88' lang='grc' dir='ltr'><strong>δέ</strong></span> <span class='ocrx_word' id='word_1_553' title='bbox 2659 3475 2881 3544; x_wconf 80' lang='grc' dir='ltr'>ἀμέτρῳ</span> <span class='ocrx_word' id='word_1_554' title='bbox 2915 3473 3194 3541; x_wconf 81' lang='grc' dir='ltr'>ἀγόμενοι,</span> <span class='ocrx_word' id='word_1_555' title='bbox 3225 3472 3321 3522; x_wconf 73' lang='grc' dir='ltr'>καὶ</span> <span class='ocrx_word' id='word_1_556' title='bbox 3351 3471 3455 3522; x_wconf 77' lang='grc' dir='ltr'>ὅσα</span> <span class='ocrx_word' id='word_1_557' title='bbox 3491 3469 3647 3536; x_wconf 88' lang='grc' dir='ltr'>λόγου</span> 
     </span>
    </p>
   </div>
   <div class='ocr_carea' id='block_1_84' title="bbox 2073 3555 3650 3643">
    <p class='ocr_par' dir='ltr' id='par_1_84' title="bbox 2073 3555 3650 3643">
     <span class='ocr_line' id='line_1_84' title="bbox 2073 3555 3650 3643; baseline -0.009 -18"><span class='ocrx_word' id='word_1_558' title='bbox 2073 3573 2268 3643; x_wconf 84' lang='grc' dir='ltr'>ἐκείνῳ</span> <span class='ocrx_word' id='word_1_559' title='bbox 2288 3571 2413 3638; x_wconf 74' lang='grc' dir='ltr'>ἄξια</span> <span class='ocrx_word' id='word_1_560' title='bbox 2433 3555 2793 3639; x_wconf 84' lang='grc' dir='ltr'>πεπραγμένα</span> <span class='ocrx_word' id='word_1_561' title='bbox 2811 3563 2975 3638; x_wconf 77' lang='grc' dir='ltr'>ἦσαν,</span> <span class='ocrx_word' id='word_1_562' title='bbox 2994 3563 3304 3618; x_wconf 77' lang='grc' dir='ltr'>διαὸάλλειν</span> <span class='ocrx_word' id='word_1_563' title='bbox 3323 3562 3650 3632; x_wconf 74' lang='grc' dir='ltr'>ἐπεχείρουν</span> 
     </span>
    </p>
   </div>
   <div class='ocr_carea' id='block_1_85' title="bbox 2074 3651 3650 3735">
    <p class='ocr_par' dir='ltr' id='par_1_85' title="bbox 2074 3651 3650 3735">
     <span class='ocr_line' id='line_1_85' title="bbox 2074 3651 3650 3735; baseline -0.01 -18"><span class='ocrx_word' id='word_1_564' title='bbox 2074 3667 2141 3735; x_wconf 81' lang='grc' dir='ltr'>τῇ</span> <span class='ocrx_word' id='word_1_565' title='bbox 2170 3663 2277 3716; x_wconf 87' lang='grc' dir='ltr'><strong>τῶν</strong></span> <span class='ocrx_word' id='word_1_566' title='bbox 2301 3661 2512 3716; x_wconf 84' lang='grc' dir='ltr'>πολλῶν</span> <span class='ocrx_word' id='word_1_567' title='bbox 2537 3660 2663 3733; x_wconf 78' lang='grc' dir='ltr'>δόξῃ</span> <span class='ocrx_word' id='word_1_568' title='bbox 2691 3659 2969 3729; x_wconf 76' lang='grc' dir='ltr'>ἑπόμενοι.</span> <span class='ocrx_word' id='word_1_569' title='bbox 3006 3656 3260 3724; x_wconf 84' lang='grc' dir='ltr'>Ἰωάννης</span> <span class='ocrx_word' id='word_1_570' title='bbox 3283 3652 3343 3706; x_wconf 77' lang='grc' dir='ltr'>δὲ</span> <span class='ocrx_word' id='word_1_571' title='bbox 3380 3653 3524 3721; x_wconf 70' lang='grc' dir='ltr'>πρὸς</span> <span class='ocrx_word' id='word_1_572' title='bbox 3557 3651 3650 3721; x_wconf 75' lang='grc' dir='ltr'>μὲν</span> 
     </span>
    </p>
   </div>
   <div class='ocr_carea' id='block_1_86' title="bbox 2075 3743 3652 3825">
    <p class='ocr_par' dir='ltr' id='par_1_86' title="bbox 2075 3743 3652 3825">
     <span class='ocr_line' id='line_1_86' title="bbox 2075 3743 3652 3825; baseline -0.011 -15"><span class='ocrx_word' id='word_1_573' title='bbox 2075 3755 2165 3813; x_wconf 77' lang='grc' dir='ltr'><strong>τὸν</strong></span> <span class='ocrx_word' id='word_1_574' title='bbox 2205 3755 2375 3825; x_wconf 80' lang='grc' dir='ltr'>δῆμον</span> <span class='ocrx_word' id='word_1_575' title='bbox 2418 3754 2703 3823; x_wconf 77' lang='grc' dir='ltr'>ύπανῆπτε</span> <span class='ocrx_word' id='word_1_576' title='bbox 2747 3754 2808 3804; x_wconf 80' lang='grc' dir='ltr'>τὸ</span> <span class='ocrx_word' id='word_1_577' title='bbox 2858 3750 3083 3819; x_wconf 84' lang='grc' dir='ltr'>φίλτρον</span> <span class='ocrx_word' id='word_1_578' title='bbox 3108 3762 3122 3777; x_wconf 87' lang='grc'><strong>·</strong></span> <span class='ocrx_word' id='word_1_579' title='bbox 3176 3749 3331 3817; x_wconf 85' lang='grc' dir='ltr'>μῖσος</span> <span class='ocrx_word' id='word_1_580' title='bbox 3361 3744 3412 3799; x_wconf 83' lang='grc' dir='ltr'>δ’</span> <span class='ocrx_word' id='word_1_581' title='bbox 3450 3747 3519 3798; x_wconf 81' lang='grc' dir='ltr'><strong>ἐκ</strong></span> <span class='ocrx_word' id='word_1_582' title='bbox 3548 3743 3652 3796; x_wconf 85' lang='grc' dir='ltr'><strong>τῶν</strong></span> 
     </span>
    </p>
   </div>
   <div class='ocr_carea' id='block_1_87' title="bbox 2075 3835 3691 3916">
    <p class='ocr_par' dir='ltr' id='par_1_87' title="bbox 2075 3835 3691 3916">
     <span class='ocr_line' id='line_1_87' title="bbox 2075 3835 3691 3916; baseline -0.01 -15"><span class='ocrx_word' id='word_1_583' title='bbox 2075 3846 2388 3916; x_wconf 82' lang='grc' dir='ltr'>δυναμένων</span> <span class='ocrx_word' id='word_1_584' title='bbox 2416 3847 2511 3899; x_wconf 58' lang='grc' dir='ltr'><strong>καὶ⁵</strong></span> <span class='ocrx_word' id='word_1_585' title='bbox 2555 3844 2663 3897; x_wconf 88' lang='grc' dir='ltr'><strong>τῶν</strong></span> <span class='ocrx_word' id='word_1_586' title='bbox 2703 3843 2803 3912; x_wconf 77' lang='grc' dir='ltr'><strong>οὐχ</strong></span> <span class='ocrx_word' id='word_1_587' title='bbox 2831 3841 3003 3910; x_wconf 82' lang='grc' dir='ltr'>ὑγιῶς</span> <span class='ocrx_word' id='word_1_588' title='bbox 3029 3839 3106 3909; x_wconf 85' lang='grc' dir='ltr'>τῷ</span> <span class='ocrx_word' id='word_1_589' title='bbox 3137 3839 3325 3907; x_wconf 75' lang='grc' dir='ltr'>κλήρῳ</span> <span class='ocrx_word' id='word_1_590' title='bbox 3370 3835 3654 3904; x_wconf 81' lang='grc' dir='ltr'>διακειμέ-</span> <span class='ocrx_word' id='word_1_591' title='bbox 3684 3868 3691 3874; x_wconf 84' lang='lat'><strong>-</strong></span> 
     </span>
    </p>
   </div>
   <div class='ocr_carea' id='block_1_88' title="bbox 2078 3924 3653 4002">
    <p class='ocr_par' dir='ltr' id='par_1_88' title="bbox 2078 3924 3653 4002">
     <span class='ocr_line' id='line_1_88' title="bbox 2078 3924 3653 4002; baseline -0.013 -11"><span class='ocrx_word' id='word_1_592' title='bbox 2078 3953 2183 3991; x_wconf 89' lang='grc' dir='ltr'><strong>νων</strong></span> <span class='ocrx_word' id='word_1_593' title='bbox 2209 3937 2403 3992; x_wconf 80' lang='grc' dir='ltr'>ἐκτᾶτο</span> <span class='ocrx_word' id='word_1_594' title='bbox 2429 3949 2441 3963; x_wconf 92' lang='grc'><strong>·</strong></span> <span class='ocrx_word' id='word_1_595' title='bbox 2475 3934 2665 4002; x_wconf 85' lang='grc' dir='ltr'>ὅτιπερ</span> <span class='ocrx_word' id='word_1_596' title='bbox 2694 3933 2821 3993; x_wconf 79' lang='grc' dir='ltr'>τοῦς</span> <span class='ocrx_word' id='word_1_597' title='bbox 2875 3930 2973 3998; x_wconf 78' lang='grc' dir='ltr'>μὲν</span> <span class='ocrx_word' id='word_1_598' title='bbox 3006 3925 3326 3987; x_wconf 81' lang='grc' dir='ltr'>ἀδικοῦντας</span> <span class='ocrx_word' id='word_1_599' title='bbox 3349 3924 3614 3991; x_wconf 82' lang='grc' dir='ltr'>διήλεγχε</span> <span class='ocrx_word' id='word_1_600' title='bbox 3637 3961 3653 3982; x_wconf 96' lang='grc'><strong>,</strong></span> 
     </span>
    </p>
   </div>
   <div class='ocr_carea' id='block_1_89' title="bbox 2077 4013 3656 4096">
    <p class='ocr_par' dir='ltr' id='par_1_89' title="bbox 2077 4013 3656 4096">
     <span class='ocr_line' id='line_1_89' title="bbox 2077 4013 3656 4096; baseline -0.013 -13"><span class='ocrx_word' id='word_1_601' title='bbox 2077 4029 2204 4090; x_wconf 73' lang='grc' dir='ltr'>τοῦς</span> <span class='ocrx_word' id='word_1_602' title='bbox 2223 4030 2268 4080; x_wconf 82' lang='grc' dir='ltr'>δ’</span> <span class='ocrx_word' id='word_1_603' title='bbox 2289 4029 2344 4080; x_wconf 91' lang='grc' dir='ltr'><strong>ἐν</strong></span> <span class='ocrx_word' id='word_1_604' title='bbox 2371 4027 2551 4096; x_wconf 80' lang='grc' dir='ltr'>τρυφῇ</span> <span class='ocrx_word' id='word_1_605' title='bbox 2573 4025 2666 4076; x_wconf 75' lang='grc' dir='ltr'>καὶ</span> <span class='ocrx_word' id='word_1_606' title='bbox 2697 4021 2915 4092; x_wconf 81' lang='grc' dir='ltr'>πλούτῳ</span> <span class='ocrx_word' id='word_1_607' title='bbox 2935 4021 3030 4074; x_wconf 71' lang='grc' dir='ltr'>καὶ</span> <span class='ocrx_word' id='word_1_608' title='bbox 3054 4018 3228 4080; x_wconf 79' lang='grc' dir='ltr'>άλλως</span> <span class='ocrx_word' id='word_1_609' title='bbox 3258 4016 3523 4084; x_wconf 73' lang='grc' dir='ltr'>ἁσέμνως</span> <span class='ocrx_word' id='word_1_610' title='bbox 3543 4013 3656 4065; x_wconf 79' lang='grc' dir='ltr'>δια-</span> 
     </span>
    </p>
   </div>
   <div class='ocr_carea' id='block_1_90' title="bbox 2082 4104 3652 4186">
    <p class='ocr_par' dir='ltr' id='par_1_90' title="bbox 2082 4104 3652 4186">
     <span class='ocr_line' id='line_1_90' title="bbox 2082 4104 3652 4186; baseline -0.011 -17"><span class='ocrx_word' id='word_1_611' title='bbox 2082 4117 2329 4179; x_wconf 78' lang='grc' dir='ltr'>ϐιοῦντας</span> <span class='ocrx_word' id='word_1_612' title='bbox 2363 4115 2498 4186; x_wconf 83' lang='grc' dir='ltr'>πρὸς</span> <span class='ocrx_word' id='word_1_613' title='bbox 2533 4115 2736 4186; x_wconf 77' lang='grc' dir='ltr'>ἀρετὴν</span> <span class='ocrx_word' id='word_1_614' title='bbox 2767 4113 2842 4175; x_wconf 82' lang='grc' dir='ltr'><strong>ὡς</strong></span> <span class='ocrx_word' id='word_1_615' title='bbox 2886 4111 3004 4164; x_wconf 77' lang='grc' dir='ltr'>ἐνὸν</span> <span class='ocrx_word' id='word_1_616' title='bbox 3054 4105 3303 4171; x_wconf 76' lang='grc' dir='ltr'>ἐϐιάζετο</span> <span class='ocrx_word' id='word_1_617' title='bbox 3331 4104 3652 4170; x_wconf 81' lang='grc' dir='ltr'>ἐπανάγειν.</span> 
     </span>
    </p>
   </div>
   <div class='ocr_carea' id='block_1_91' title="bbox 2081 4194 3652 4279">
    <p class='ocr_par' dir='ltr' id='par_1_91' title="bbox 2081 4194 3652 4279">
     <span class='ocr_line' id='line_1_91' title="bbox 2081 4194 3652 4279; baseline -0.015 -13"><span class='ocrx_word' id='word_1_618' title='bbox 2081 4211 2332 4265; x_wconf 85' lang='grc' dir='ltr'>Μάλιστα</span> <span class='ocrx_word' id='word_1_619' title='bbox 2367 4209 2424 4263; x_wconf 81' lang='grc' dir='ltr'><strong>δέ</strong></span> <span class='ocrx_word' id='word_1_620' title='bbox 2453 4209 2551 4279; x_wconf 81' lang='grc' dir='ltr'>τὴν</span> <span class='ocrx_word' id='word_1_621' title='bbox 2584 4207 2720 4274; x_wconf 78' lang='grc' dir='ltr'>πρὸς</span> <span class='ocrx_word' id='word_1_622' title='bbox 2755 4205 2846 4256; x_wconf 78' lang='grc' dir='ltr'>τὸν</span> <span class='ocrx_word' id='word_1_623' title='bbox 2879 4203 3078 4271; x_wconf 76' lang='grc' dir='ltr'>κλῆρον</span> <span class='ocrx_word' id='word_1_624' title='bbox 3108 4197 3408 4267; x_wconf 82' lang='grc' dir='ltr'>ἀπέχθειαν</span> <span class='ocrx_word' id='word_1_625' title='bbox 3440 4196 3539 4248; x_wconf 73' lang='grc' dir='ltr'>καὶ</span> <span class='ocrx_word' id='word_1_626' title='bbox 3561 4194 3652 4251; x_wconf 71' lang='grc' dir='ltr'>τὰς</span> 
     </span>
    </p>
   </div>
   <div class='ocr_carea' id='block_1_92' title="bbox 2084 4286 3656 4375">
    <p class='ocr_par' dir='ltr' id='par_1_92' title="bbox 2084 4286 3656 4375">
     <span class='ocr_line' id='line_1_92' title="bbox 2084 4286 3656 4375; baseline -0.014 -18"><span class='ocrx_word' id='word_1_627' title='bbox 2084 4304 2270 4375; x_wconf 78' lang='grc' dir='ltr'>ὕϐρεις</span> <span class='ocrx_word' id='word_1_628' title='bbox 2321 4300 2605 4373; x_wconf 86' lang='grc' dir='ltr'>Σεραπίων</span> <span class='ocrx_word' id='word_1_629' title='bbox 2655 4297 2887 4365; x_wconf 74' lang='grc' dir='ltr'>αὐξῆσαι</span> <span class='ocrx_word' id='word_1_630' title='bbox 2937 4293 3212 4362; x_wconf 86' lang='grc' dir='ltr'>ἐποίησεν,</span> <span class='ocrx_word' id='word_1_631' title='bbox 3273 4286 3656 4357; x_wconf 83' lang='grc' dir='ltr'>άρχιδιάκονος</span> 
     </span>
    </p>
   </div>
   <div class='ocr_carea' id='block_1_93' title="bbox 424 4376 1968 4471">
    <p class='ocr_par' dir='ltr' id='par_1_93' title="bbox 424 4400 1968 4471">
     <span class='ocr_line' id='line_1_93' title="bbox 424 4400 1968 4471; baseline -0.004 -15"><span class='ocrx_word' id='word_1_632' title='bbox 424 4403 647 4469; x_wconf 76' lang='lat' dir='ltr'><strong>nionem</strong></span> <span class='ocrx_word' id='word_1_633' title='bbox 690 4405 986 4458; x_wconf 90' lang='lat' dir='ltr'><strong>multorum</strong></span> <span class='ocrx_word' id='word_1_634' title='bbox 1036 4411 1333 4471; x_wconf 86' lang='lat' dir='ltr'><strong>sequentes</strong></span> <span class='ocrx_word' id='word_1_635' title='bbox 1377 4400 1873 4456; x_wconf 86' lang='lat' dir='ltr'><strong>calumniabantur.</strong></span> <span class='ocrx_word' id='word_1_636' title='bbox 1917 4402 1968 4451; x_wconf 80' lang='lat' dir='ltr'><strong>A1</strong></span> 
     </span>
    </p>
   </div>
   <div class='ocr_carea' id='block_1_94' title="bbox 2068 4376 3653 4471">
    <p class='ocr_par' dir='ltr' id='par_1_94' title="bbox 2085 4376 3653 4471">
     <span class='ocr_line' id='line_1_94' title="bbox 2085 4376 3653 4471; baseline -0.017 -20"><span class='ocrx_word' id='word_1_637' title='bbox 2085 4395 2248 4452; x_wconf 79' lang='grc' dir='ltr'>αὐτοῦ</span> <span class='ocrx_word' id='word_1_638' title='bbox 2304 4391 2682 4465; x_wconf 74' lang='grc' dir='ltr'>χρηματίζων,</span> <span class='ocrx_word' id='word_1_639' title='bbox 2729 4388 2867 4458; x_wconf 79' lang='grc' dir='ltr'>ἀνὴρ</span> <span class='ocrx_word' id='word_1_640' title='bbox 2899 4385 2959 4438; x_wconf 88' lang='grc' dir='ltr'><strong>τδ</strong></span> <span class='ocrx_word' id='word_1_641' title='bbox 2990 4383 3088 4454; x_wconf 74' lang='grc' dir='ltr'>μὲν</span> <span class='ocrx_word' id='word_1_642' title='bbox 3138 4380 3294 4450; x_wconf 82' lang='grc' dir='ltr'>γένος</span> <span class='ocrx_word' id='word_1_643' title='bbox 3335 4376 3653 4471; x_wconf 72' lang='grc' dir='ltr'>Αἰγύπτιος,</span> 
     </span>
    </p>
   </div>
   <div class='ocr_carea' id='block_1_95' title="bbox 420 4468 1968 4568">
    <p class='ocr_par' dir='ltr' id='par_1_95' title="bbox 420 4491 1968 4567">
     <span class='ocr_line' id='line_1_95' title="bbox 420 4491 1968 4567; baseline -0.006 -15"><span class='ocrx_word' id='word_1_644' title='bbox 420 4498 664 4567; x_wconf 72' lang='lat' dir='ltr'><strong>Joannes</strong></span> <span class='ocrx_word' id='word_1_645' title='bbox 693 4513 936 4552; x_wconf 88' lang='lat' dir='ltr'><strong>amorem</strong></span> <span class='ocrx_word' id='word_1_646' title='bbox 966 4512 1095 4566; x_wconf 83' lang='lat' dir='ltr'><strong>erga</strong></span> <span class='ocrx_word' id='word_1_647' title='bbox 1127 4511 1184 4551; x_wconf 86' lang='lat' dir='ltr'><strong>se</strong></span> <span class='ocrx_word' id='word_1_648' title='bbox 1225 4494 1372 4564; x_wconf 79' lang='lat' dir='ltr'><strong>vulgi</strong></span> <span class='ocrx_word' id='word_1_649' title='bbox 1404 4494 1575 4561; x_wconf 83' lang='lat' dir='ltr'><strong>magis</strong></span> <span class='ocrx_word' id='word_1_650' title='bbox 1606 4502 1768 4561; x_wconf 88' lang='lat' dir='ltr'><strong>atque</strong></span> <span class='ocrx_word' id='word_1_651' title='bbox 1814 4491 1968 4560; x_wconf 68' lang='lat' dir='ltr'><strong>magis</strong></span> 
     </span>
    </p>
   </div>
   <div class='ocr_carea' id='block_1_96' title="bbox 2068 4468 3650 4568">
    <p class='ocr_par' dir='ltr' id='par_1_96' title="bbox 2088 4468 3650 4568">
     <span class='ocr_line' id='line_1_96' title="bbox 2088 4468 3650 4568; baseline -0.031 -8"><span class='ocrx_word' id='word_1_652' title='bbox 2088 4487 2348 4554; x_wconf 75' lang='grc' dir='ltr'>δύσοργος</span> <span class='ocrx_word' id='word_1_653' title='bbox 2379 4486 2436 4535; x_wconf 62' lang='grc' dir='ltr'><strong>δὲ</strong></span> <span class='ocrx_word' id='word_1_654' title='bbox 2464 4483 2558 4537; x_wconf 72' lang='grc' dir='ltr'>καὶ</span> <span class='ocrx_word' id='word_1_655' title='bbox 2585 4481 2720 4550; x_wconf 69' lang='grc' dir='ltr'>πρὸς</span> <span class='ocrx_word' id='word_1_656' title='bbox 2765 4478 2952 4547; x_wconf 71' lang='grc' dir='ltr'>ὕϐρεις</span> <span class='ocrx_word' id='word_1_657' title='bbox 3007 4468 3650 4568; x_wconf 48' lang='grc' dir='ltr'>μάλιστα-ἑτοιμότατος·</span> 
     </span>
    </p>
   </div>
   <div class='ocr_carea' id='block_1_97' title="bbox 424 4556 1968 4667">
    <p class='ocr_par' dir='ltr' id='par_1_97' title="bbox 424 4556 1968 4667">
     <span class='ocr_line' id='line_1_97' title="bbox 424 4556 1968 4667; baseline -0.006 -23"><span class='ocrx_word' id='word_1_658' title='bbox 424 4589 679 4658; x_wconf 74' lang='lat' dir='ltr'><strong>accendit</strong></span> <span class='ocrx_word' id='word_1_659' title='bbox 696 4608 710 4643; x_wconf 90' lang='lat'><strong>:</strong></span> <span class='ocrx_word' id='word_1_660' title='bbox 729 4556 1505 4667; x_wconf 66' lang='lat' dir='ltr'><strong>otliutnquepptentiorum,et</strong></span> <span class='ocrx_word' id='word_1_661' title='bbox 1519 4597 1710 4638; x_wconf 88' lang='lat' dir='ltr'><strong>eorum</strong></span> <span class='ocrx_word' id='word_1_662' title='bbox 1729 4582 1822 4651; x_wconf 91' lang='lat' dir='ltr'><strong>qui</strong></span> <span class='ocrx_word' id='word_1_663' title='bbox 1842 4580 1968 4634; x_wconf 75' lang='lat' dir='ltr'><strong>clert</strong></span> 
     </span>
    </p>
   </div>
   <div class='ocr_carea' id='block_1_98' title="bbox 2068 4556 3654 4667">
    <p class='ocr_par' dir='ltr' id='par_1_98' title="bbox 2088 4556 3654 4661">
     <span class='ocr_line' id='line_1_98' title="bbox 2088 4556 3654 4661; baseline -0.017 -31"><span class='ocrx_word' id='word_1_664' title='bbox 2088 4577 2170 4636; x_wconf 81' lang='grc' dir='ltr'><strong>ἐτι</strong></span> <span class='ocrx_word' id='word_1_665' title='bbox 2196 4577 2254 4628; x_wconf 87' lang='grc' dir='ltr'><strong>δέ</strong></span> <span class='ocrx_word' id='word_1_666' title='bbox 2287 4574 2381 4632; x_wconf 76' lang='grc' dir='ltr'>καὶ</span> <span class='ocrx_word' id='word_1_667' title='bbox 2415 4573 2470 4634; x_wconf 76' lang='grc' dir='ltr'><strong>αι</strong></span> <span class='ocrx_word' id='word_1_668' title='bbox 2503 4570 2636 4640; x_wconf 73' lang='grc' dir='ltr'>πρὸς</span> <span class='ocrx_word' id='word_1_669' title='bbox 2676 4565 3011 4636; x_wconf 87' lang='grc' dir='ltr'>Ὀλυμπιάδα</span> <span class='ocrx_word' id='word_1_670' title='bbox 3039 4564 3139 4632; x_wconf 82' lang='grc' dir='ltr'>τὴν</span> <span class='ocrx_word' id='word_1_671' title='bbox 3180 4560 3334 4613; x_wconf 77' lang='grc' dir='ltr'>θείαν</span> <span class='ocrx_word' id='word_1_672' title='bbox 3369 4556 3654 4661; x_wconf 63' lang='grc' dir='ltr'>συνεδριά-</span> 
     </span>
    </p>
   </div>
   <div class='ocr_carea' id='block_1_99' title="bbox 432 4649 1968 4746">
    <p class='ocr_par' dir='ltr' id='par_1_99' title="bbox 432 4649 1968 4744">
     <span class='ocr_line' id='line_1_99' title="bbox 432 4649 1968 4744; baseline -0.007 -12"><span class='ocrx_word' id='word_1_673' title='bbox 432 4697 539 4742; x_wconf 83' lang='lat' dir='ltr'><strong>non</strong></span> <span class='ocrx_word' id='word_1_674' title='bbox 558 4680 696 4735; x_wconf 90' lang='lat' dir='ltr'><strong>bene</strong></span> <span class='ocrx_word' id='word_1_675' title='bbox 716 4680 933 4742; x_wconf 90' lang='lat' dir='ltr'><strong>vellent,</strong></span> <span class='ocrx_word' id='word_1_676' title='bbox 954 4679 1006 4732; x_wconf 93' lang='lat' dir='ltr'><strong>in</strong></span> <span class='ocrx_word' id='word_1_677' title='bbox 1032 4649 1434 4738; x_wconf 58' lang='lat' dir='ltr'><strong>se.concitavit,</strong></span> <span class='ocrx_word' id='word_1_678' title='bbox 1458 4673 1716 4744; x_wconf 88' lang='lat' dir='ltr'><strong>quoniam</strong></span> <span class='ocrx_word' id='word_1_679' title='bbox 1743 4671 1968 4725; x_wconf 75' lang='lat' dir='ltr'><strong>homine:</strong></span> 
     </span>
    </p>
   </div>
   <div class='ocr_carea' id='block_1_100' title="bbox 2068 4649 3655 4746">
    <p class='ocr_par' dir='ltr' id='par_1_100' title="bbox 2092 4649 3655 4746">
     <span class='ocr_line' id='line_1_100' title="bbox 2092 4649 3655 4746; baseline -0.017 -23"><span class='ocrx_word' id='word_1_680' title='bbox 2092 4686 2203 4731; x_wconf 88' lang='grc' dir='ltr'>σεις</span> <span class='ocrx_word' id='word_1_681' title='bbox 2234 4667 2326 4720; x_wconf 76' lang='grc' dir='ltr'>καὶ</span> <span class='ocrx_word' id='word_1_682' title='bbox 2361 4661 2660 4732; x_wconf 76' lang='grc' dir='ltr'>συμὸουλαί</span> <span class='ocrx_word' id='word_1_683' title='bbox 2679 4676 2694 4692; x_wconf 77' lang='grc' dir='ltr'><strong>ο</strong></span> <span class='ocrx_word' id='word_1_684' title='bbox 2723 4657 2849 4728; x_wconf 79' lang='grc' dir='ltr'>περὶ</span> <span class='ocrx_word' id='word_1_685' title='bbox 2881 4651 2948 4726; x_wconf 77' lang='grc' dir='ltr'>ἦς</span> <span class='ocrx_word' id='word_1_686' title='bbox 2978 4653 3202 4723; x_wconf 82' lang='grc' dir='ltr'>ὓστερον</span> <span class='ocrx_word' id='word_1_687' title='bbox 3234 4649 3498 4720; x_wconf 82' lang='grc' dir='ltr'>ἐροῦμεν.</span> <span class='ocrx_word' id='word_1_688' title='bbox 3549 4649 3655 4746; x_wconf 54' lang='lat' dir='ltr'><strong>03x</strong></span> 
     </span>
    </p>
   </div>
   <div class='ocr_carea' id='block_1_101' title="bbox 435 4740 1968 4841">
    <p class='ocr_par' dir='ltr' id='par_1_101' title="bbox 435 4740 1968 4841">
     <span class='ocr_line' id='line_1_101' title="bbox 435 4740 1968 4841; baseline -0.006 -17"><span class='ocrx_word' id='word_1_689' title='bbox 435 4771 688 4841; x_wconf 82' lang='lat' dir='ltr'><strong>jnjuriam</strong></span> <span class='ocrx_word' id='word_1_690' title='bbox 719 4771 843 4825; x_wconf 79' lang='lat' dir='ltr'><strong>aliis</strong></span> <span class='ocrx_word' id='word_1_691' title='bbox 880 4740 1060 4826; x_wconf 77' lang='lat' dir='ltr'><strong>facere</strong></span> <span class='ocrx_word' id='word_1_692' title='bbox 1097 4770 1291 4826; x_wconf 87' lang='lat' dir='ltr'><strong>solitos</strong></span> <span class='ocrx_word' id='word_1_693' title='bbox 1329 4740 1611 4837; x_wconf 77' lang='lat' dir='ltr'><strong>arguendo</strong></span> <span class='ocrx_word' id='word_1_694' title='bbox 1639 4761 1968 4821; x_wconf 86' lang='lat' dir='ltr'><strong>admonebat</strong></span> 
     </span>
    </p>
   </div>
   <div class='ocr_carea' id='block_1_102' title="bbox 2068 4740 3656 4841">
    <p class='ocr_par' dir='ltr' id='par_1_102' title="bbox 2077 4740 3656 4841">
     <span class='ocr_line' id='line_1_102' title="bbox 2077 4740 3656 4841; baseline -0.018 -27"><span class='ocrx_word' id='word_1_695' title='bbox 2077 4759 2230 4820; x_wconf 55' lang='grc' dir='ltr'>,αὐτὰ</span> <span class='ocrx_word' id='word_1_696' title='bbox 2273 4757 2328 4810; x_wconf 87' lang='grc' dir='ltr'><strong>δέ</strong></span> <span class='ocrx_word' id='word_1_697' title='bbox 2375 4754 2535 4825; x_wconf 89' lang='grc' dir='ltr'>μόνα,</span> <span class='ocrx_word' id='word_1_698' title='bbox 2567 4751 2703 4810; x_wconf 76' lang='grc' dir='ltr'>ἀλλά</span> <span class='ocrx_word' id='word_1_699' title='bbox 2728 4749 2822 4803; x_wconf 72' lang='grc' dir='ltr'>καὶ</span> <span class='ocrx_word' id='word_1_700' title='bbox 2847 4747 2980 4818; x_wconf 74' lang='grc' dir='ltr'>πρὸς</span> <span class='ocrx_word' id='word_1_701' title='bbox 3006 4743 3235 4806; x_wconf 79' lang='grc' dir='ltr'>πολλοὺς</span> <span class='ocrx_word' id='word_1_702' title='bbox 3265 4740 3375 4794; x_wconf 87' lang='grc' dir='ltr'><strong>τῶν</strong></span> <span class='ocrx_word' id='word_1_703' title='bbox 3409 4740 3656 4841; x_wconf 77' lang='grc' dir='ltr'>μοναχῶν</span> 
     </span>
    </p>
   </div>
   <div class='ocr_carea' id='block_1_103' title="bbox 433 4827 1968 4934">
    <p class='ocr_par' dir='ltr' id='par_1_103' title="bbox 433 4827 1968 4934">
     <span class='ocr_line' id='line_1_103' title="bbox 433 4827 1968 4934; baseline -0.007 -18"><span class='ocrx_word' id='word_1_704' title='bbox 433 4827 808 4934; x_wconf 69' lang='lat' dir='ltr'><strong>delicatosque</strong></span> <span class='ocrx_word' id='word_1_705' title='bbox 839 4872 894 4916; x_wconf 91' lang='lat' dir='ltr'><strong>et</strong></span> <span class='ocrx_word' id='word_1_706' title='bbox 923 4863 1124 4916; x_wconf 87' lang='lat' dir='ltr'><strong>divites</strong></span> <span class='ocrx_word' id='word_1_707' title='bbox 1145 4900 1160 4924; x_wconf 87' lang='lat'><strong>,</strong></span> <span class='ocrx_word' id='word_1_708' title='bbox 1187 4871 1244 4916; x_wconf 91' lang='lat' dir='ltr'><strong>et</strong></span> <span class='ocrx_word' id='word_1_709' title='bbox 1277 4861 1416 4921; x_wconf 85' lang='lat' dir='ltr'><strong>alios</strong></span> <span class='ocrx_word' id='word_1_710' title='bbox 1447 4858 1542 4928; x_wconf 92' lang='lat' dir='ltr'><strong>qui</strong></span> <span class='ocrx_word' id='word_1_711' title='bbox 1577 4870 1769 4928; x_wconf 88' lang='lat' dir='ltr'><strong>parum</strong></span> <span class='ocrx_word' id='word_1_712' title='bbox 1806 4861 1968 4910; x_wconf 74' lang='lat' dir='ltr'><strong>sancu</strong></span> 
     </span>
    </p>
   </div>
   <div class='ocr_carea' id='block_1_104' title="bbox 2068 4827 3658 4934">
    <p class='ocr_par' dir='ltr' id='par_1_104' title="bbox 2091 4827 3658 4934">
     <span class='ocr_line' id='line_1_104' title="bbox 2091 4827 3658 4934; baseline -0.017 -30"><span class='ocrx_word' id='word_1_713' title='bbox 2091 4850 2345 4919; x_wconf 81' lang='grc' dir='ltr'>διάφορος</span> <span class='ocrx_word' id='word_1_714' title='bbox 2391 4844 2742 4914; x_wconf 81' lang='grc' dir='ltr'>καθειστήκει</span> <span class='ocrx_word' id='word_1_715' title='bbox 2764 4857 2780 4873; x_wconf 77' lang='grc' dir='ltr'><strong>ο</strong></span> <span class='ocrx_word' id='word_1_716' title='bbox 2811 4839 2955 4898; x_wconf 72' lang='grc' dir='ltr'>ἔνδον</span> <span class='ocrx_word' id='word_1_717' title='bbox 2985 4838 3092 4906; x_wconf 74' lang='grc' dir='ltr'><strong>γὰρ</strong></span> <span class='ocrx_word' id='word_1_718' title='bbox 3115 4835 3225 4888; x_wconf 85' lang='grc' dir='ltr'><strong>τῶν</strong></span> <span class='ocrx_word' id='word_1_719' title='bbox 3275 4827 3658 4934; x_wconf 34' lang='grc' dir='ltr'>μοναστηρυίων</span> 
     </span>
    </p>
   </div>
   <div class='ocr_carea' id='block_1_105' title="bbox 434 4921 1968 5022">
    <p class='ocr_par' dir='ltr' id='par_1_105' title="bbox 434 4921 1968 5022">
     <span class='ocr_line' id='line_1_105' title="bbox 434 4921 1968 5022; baseline -0.009 -13"><span class='ocrx_word' id='word_1_720' title='bbox 434 4921 809 5020; x_wconf 46' lang='lat' dir='ltr'><strong>vivebant..ad</strong></span> <span class='ocrx_word' id='word_1_721' title='bbox 840 4954 1096 5008; x_wconf 88' lang='lat' dir='ltr'><strong>virtutem</strong></span> <span class='ocrx_word' id='word_1_722' title='bbox 1126 4921 1305 5022; x_wconf 85' lang='lat' dir='ltr'><strong>quoad</strong></span> <span class='ocrx_word' id='word_1_723' title='bbox 1339 4921 1692 5020; x_wconf 51' lang='lat' dir='ltr'><strong>ﬁeri-posset,</strong></span> <span class='ocrx_word' id='word_1_724' title='bbox 1716 4947 1968 5004; x_wconf 55' lang='lat' dir='ltr'><strong>adducert</strong></span> 
     </span>
    </p>
   </div>
   <div class='ocr_carea' id='block_1_106' title="bbox 2068 4921 3660 5022">
    <p class='ocr_par' dir='ltr' id='par_1_106' title="bbox 2093 4921 3660 5022">
     <span class='ocr_line' id='line_1_106' title="bbox 2093 4921 3660 5022; baseline -0.02 -27"><span class='ocrx_word' id='word_1_725' title='bbox 2093 4940 2402 5017; x_wconf 78' lang='grc' dir='ltr'>ᾑρημένους</span> <span class='ocrx_word' id='word_1_726' title='bbox 2420 4935 2751 5006; x_wconf 73' lang='grc' dir='ltr'>φιλοσοφεῖν,</span> <span class='ocrx_word' id='word_1_727' title='bbox 2773 4932 2868 4984; x_wconf 76' lang='grc' dir='ltr'>καὶ</span> <span class='ocrx_word' id='word_1_728' title='bbox 2889 4931 2955 4982; x_wconf 78' lang='grc' dir='ltr'><strong>τά</strong></span> <span class='ocrx_word' id='word_1_729' title='bbox 2974 4929 3149 4981; x_wconf 82' lang='grc' dir='ltr'>οἰκεῖα</span> <span class='ocrx_word' id='word_1_730' title='bbox 3165 4925 3447 4994; x_wconf 84' lang='grc' dir='ltr'>πράττειν,</span> <span class='ocrx_word' id='word_1_731' title='bbox 3469 4921 3660 5022; x_wconf 62' lang='grc' dir='ltr'>ἠγάπα</span> 
     </span>
    </p>
   </div>
   <div class='ocr_carea' id='block_1_107' title="bbox 433 5005 1968 5110">
    <p class='ocr_par' dir='ltr' id='par_1_107' title="bbox 433 5034 1968 5108">
     <span class='ocr_line' id='line_1_107' title="bbox 433 5034 1968 5108; baseline -0.008 -8"><span class='ocrx_word' id='word_1_732' title='bbox 433 5047 756 5108; x_wconf 83' lang='lat' dir='ltr'><strong>conabatur.</strong></span> <span class='ocrx_word' id='word_1_733' title='bbox 789 5045 1019 5106; x_wconf 71' lang='lat' dir='ltr'><strong>Maxime</strong></span> <span class='ocrx_word' id='word_1_734' title='bbox 1037 5059 1165 5097; x_wconf 90' lang='lat' dir='ltr'><strong>vero</strong></span> <span class='ocrx_word' id='word_1_735' title='bbox 1190 5041 1471 5099; x_wconf 87' lang='lat' dir='ltr'><strong>hominum</strong></span> <span class='ocrx_word' id='word_1_736' title='bbox 1498 5041 1551 5092; x_wconf 89' lang='lat' dir='ltr'><strong>in</strong></span> <span class='ocrx_word' id='word_1_737' title='bbox 1575 5039 1784 5093; x_wconf 86' lang='lat' dir='ltr'><strong>clerum</strong></span> <span class='ocrx_word' id='word_1_738' title='bbox 1807 5034 1968 5090; x_wconf 85' lang='lat' dir='ltr'><strong>odiuu</strong></span> 
     </span>
    </p>
   </div>
   <div class='ocr_carea' id='block_1_108' title="bbox 2068 5005 3660 5110">
    <p class='ocr_par' dir='ltr' id='par_1_108' title="bbox 2093 5005 3660 5110">
     <span class='ocr_line' id='line_1_108' title="bbox 2093 5005 3660 5110; baseline -0.017 -27"><span class='ocrx_word' id='word_1_739' title='bbox 2180 5005 2273 5082; x_wconf 60' lang='grc' dir='ltr'>ᾆξαι</span> <span class='ocrx_word' id='word_1_740' title='bbox 2301 5027 2387 5081; x_wconf 78' lang='grc' dir='ltr'>διὰ</span> <span class='ocrx_word' id='word_1_741' title='bbox 2411 5005 2578 5097; x_wconf 78' lang='grc' dir='ltr'>τιμῆς</span> <span class='ocrx_word' id='word_1_742' title='bbox 2601 5020 2734 5092; x_wconf 71' lang='grc' dir='ltr'>εἶχε.</span> <span class='ocrx_word' id='word_1_743' title='bbox 2773 5021 2883 5075; x_wconf 77' lang='grc' dir='ltr'><strong>Καὶ</strong></span> <span class='ocrx_word' id='word_1_744' title='bbox 2911 5021 3059 5080; x_wconf 82' lang='grc' dir='ltr'>ὅπως</span> <span class='ocrx_word' id='word_1_745' title='bbox 3087 5017 3160 5086; x_wconf 80' lang='grc' dir='ltr'>μὴ</span> <span class='ocrx_word' id='word_1_746' title='bbox 3188 5005 3660 5110; x_wconf 53' lang='grc' dir='ltr'>παράπινοςάδι-</span> 
     </span>
    </p>
   </div>
   <div class='ocr_carea' id='block_1_109' title="bbox 432 5099 1968 5204">
    <p class='ocr_par' dir='ltr' id='par_1_109' title="bbox 432 5129 1968 5204">
     <span class='ocr_line' id='line_1_109' title="bbox 432 5129 1968 5204; baseline -0.007 -12"><span class='ocrx_word' id='word_1_747' title='bbox 432 5152 490 5201; x_wconf 78' lang='lat' dir='ltr'><strong>et.</strong></span> <span class='ocrx_word' id='word_1_748' title='bbox 517 5137 879 5192; x_wconf 84' lang='lat' dir='ltr'><strong>contumelias</strong></span> <span class='ocrx_word' id='word_1_749' title='bbox 905 5135 1168 5204; x_wconf 84' lang='lat' dir='ltr'><strong>Serapion</strong></span> <span class='ocrx_word' id='word_1_750' title='bbox 1201 5133 1377 5200; x_wconf 88' lang='lat' dir='ltr'><strong>auxit,</strong></span> <span class='ocrx_word' id='word_1_751' title='bbox 1405 5130 1828 5186; x_wconf 77' lang='lat' dir='ltr'><strong>archidiaconus</strong></span> <span class='ocrx_word' id='word_1_752' title='bbox 1855 5129 1968 5197; x_wconf 84' lang='lat' dir='ltr'><strong>ejus</strong></span> 
     </span>
    </p>
   </div>
   <div class='ocr_carea' id='block_1_110' title="bbox 2068 5099 3660 5204">
    <p class='ocr_par' dir='ltr' id='par_1_110' title="bbox 2096 5099 3660 5204">
     <span class='ocr_line' id='line_1_110' title="bbox 2096 5099 3660 5204; baseline -0.019 -30"><span class='ocrx_word' id='word_1_753' title='bbox 2096 5122 2299 5184; x_wconf 88' lang='grc' dir='ltr'>κοῖντο,</span> <span class='ocrx_word' id='word_1_754' title='bbox 2354 5118 2448 5171; x_wconf 75' lang='grc' dir='ltr'>καὶ</span> <span class='ocrx_word' id='word_1_755' title='bbox 2481 5120 2538 5169; x_wconf 83' lang='grc' dir='ltr'><strong>ἐν</strong></span> <span class='ocrx_word' id='word_1_756' title='bbox 2581 5113 2831 5181; x_wconf 76' lang='grc' dir='ltr'>ἀφθόνοις</span> <span class='ocrx_word' id='word_1_757' title='bbox 2865 5109 2972 5163; x_wconf 84' lang='grc' dir='ltr'><strong>τῶν</strong></span> <span class='ocrx_word' id='word_1_758' title='bbox 3013 5103 3288 5178; x_wconf 81' lang='grc' dir='ltr'>χρειωδῶν</span> <span class='ocrx_word' id='word_1_759' title='bbox 3338 5099 3660 5204; x_wconf 67' lang='grc' dir='ltr'><strong>ἀπολαύεινἔ</strong></span> 
     </span>
    </p>
   </div>
   <div class='ocr_carea' id='block_1_111' title="bbox 434 5218 2002 5308">
    <p class='ocr_par' dir='ltr' id='par_1_111' title="bbox 434 5218 2002 5308">
     <span class='ocr_line' id='line_1_111' title="bbox 434 5218 2002 5308; baseline -0.008 -22"><span class='ocrx_word' id='word_1_760' title='bbox 434 5247 636 5308; x_wconf 71' lang='lat' dir='ltr'><strong>genere</strong></span> <span class='ocrx_word' id='word_1_761' title='bbox 665 5230 968 5300; x_wconf 70' lang='lat' dir='ltr'><strong>rEgyptius,</strong></span> <span class='ocrx_word' id='word_1_762' title='bbox 1001 5229 1086 5284; x_wconf 82' lang='lat' dir='ltr'><strong>vir</strong></span> <span class='ocrx_word' id='word_1_763' title='bbox 1116 5224 1430 5287; x_wconf 87' lang='lat' dir='ltr'><strong>iracundus.</strong></span> <span class='ocrx_word' id='word_1_764' title='bbox 1458 5232 1512 5276; x_wconf 91' lang='lat' dir='ltr'><strong>et</strong></span> <span class='ocrx_word' id='word_1_765' title='bbox 1544 5222 1607 5275; x_wconf 89' lang='lat' dir='ltr'><strong>ad</strong></span> <span class='ocrx_word' id='word_1_766' title='bbox 1639 5218 2002 5274; x_wconf 82' lang='lat' dir='ltr'><strong>contumelias</strong></span> 
     </span>
    </p>
   </div>
   <div class='ocr_carea' id='block_1_112' title="bbox 439 5309 2000 5394">
    <p class='ocr_par' dir='ltr' id='par_1_112' title="bbox 439 5309 2000 5394">
     <span class='ocr_line' id='line_1_112' title="bbox 439 5309 2000 5394; baseline -0.01 -18"><span class='ocrx_word' id='word_1_767' title='bbox 439 5325 641 5394; x_wconf 78' lang='lat' dir='ltr'><strong>oppido</strong></span> <span class='ocrx_word' id='word_1_768' title='bbox 658 5338 819 5391; x_wconf 87' lang='lat' dir='ltr'><strong>quam</strong></span> <span class='ocrx_word' id='word_1_769' title='bbox 840 5320 1115 5390; x_wconf 88' lang='lat' dir='ltr'><strong>proclivis.</strong></span> <span class='ocrx_word' id='word_1_770' title='bbox 1131 5317 1247 5372; x_wconf 86' lang='lat' dir='ltr'><strong>Huc</strong></span> <span class='ocrx_word' id='word_1_771' title='bbox 1264 5330 1543 5371; x_wconf 88' lang='lat' dir='ltr'><strong>accessere</strong></span> <span class='ocrx_word' id='word_1_772' title='bbox 1560 5313 1757 5384; x_wconf 77' lang='lat' dir='ltr'><strong>agitata</strong></span> <span class='ocrx_word' id='word_1_773' title='bbox 1775 5309 2000 5364; x_wconf 88' lang='lat' dir='ltr'><strong>consilia</strong></span> 
     </span>
    </p>
   </div>
   <div class='ocr_carea' id='block_1_113' title="bbox 439 5402 2002 5478">
    <p class='ocr_par' dir='ltr' id='par_1_113' title="bbox 439 5402 2002 5478">
     <span class='ocr_line' id='line_1_113' title="bbox 439 5402 2002 5478; baseline -0.013 -2"><span class='ocrx_word' id='word_1_774' title='bbox 439 5427 498 5476; x_wconf 75' lang='lat' dir='ltr'><strong>et</strong></span> <span class='ocrx_word' id='word_1_775' title='bbox 525 5431 820 5471; x_wconf 54' lang='lat' dir='ltr'><strong>consasns</strong></span> <span class='ocrx_word' id='word_1_776' title='bbox 849 5412 1077 5469; x_wconf 79' lang='lat' dir='ltr'><strong>Joannis</strong></span> <span class='ocrx_word' id='word_1_777' title='bbox 1098 5426 1221 5466; x_wconf 93' lang='lat' dir='ltr'><strong>cum</strong></span> <span class='ocrx_word' id='word_1_778' title='bbox 1250 5423 1405 5464; x_wconf 87' lang='lat' dir='ltr'><strong>sacra</strong></span> <span class='ocrx_word' id='word_1_779' title='bbox 1428 5405 1772 5478; x_wconf 81' lang='lat' dir='ltr'><strong>Olympiade,</strong></span> <span class='ocrx_word' id='word_1_780' title='bbox 1803 5402 1868 5456; x_wconf 79' lang='lat' dir='ltr'><strong>de</strong></span> <span class='ocrx_word' id='word_1_781' title='bbox 1896 5417 2002 5471; x_wconf 88' lang='lat' dir='ltr'><strong>qua</strong></span> 
     </span>
    </p>
   </div>
   <div class='ocr_carea' id='block_1_114' title="bbox 445 5495 2002 5587">
    <p class='ocr_par' dir='ltr' id='par_1_114' title="bbox 445 5495 2002 5587">
     <span class='ocr_line' id='line_1_114' title="bbox 445 5495 2002 5587; baseline -0.008 -27"><span class='ocrx_word' id='word_1_782' title='bbox 445 5519 639 5587; x_wconf 85' lang='lat' dir='ltr'><strong>postea</strong></span> <span class='ocrx_word' id='word_1_783' title='bbox 703 5508 971 5562; x_wconf 87' lang='lat' dir='ltr'><strong>dicemus.</strong></span> <span class='ocrx_word' id='word_1_784' title='bbox 1028 5504 1172 5571; x_wconf 84' lang='lat' dir='ltr'><strong>Quin</strong></span> <span class='ocrx_word' id='word_1_785' title='bbox 1235 5503 1325 5556; x_wconf 91' lang='lat' dir='ltr'><strong>ille</strong></span> <span class='ocrx_word' id='word_1_786' title='bbox 1388 5501 1553 5556; x_wconf 83' lang='lat' dir='ltr'><strong>etiam</strong></span> <span class='ocrx_word' id='word_1_787' title='bbox 1610 5495 2002 5552; x_wconf 83' lang='lat' dir='ltr'><strong>monachorum</strong></span> 
     </span>
    </p>
   </div>
   <div class='ocr_carea' id='block_1_115' title="bbox 2100 5188 3661 5284">
    <p class='ocr_par' dir='ltr' id='par_1_115' title="bbox 2100 5188 3661 5284">
     <span class='ocr_line' id='line_1_115' title="bbox 2100 5188 3661 5284; baseline -0.018 -16"><span class='ocrx_word' id='word_1_788' title='bbox 2100 5214 2305 5284; x_wconf 82' lang='grc' dir='ltr'>σφόδρα</span> <span class='ocrx_word' id='word_1_789' title='bbox 2332 5208 2645 5280; x_wconf 84' lang='grc' dir='ltr'>ἐπιμελείας</span> <span class='ocrx_word' id='word_1_790' title='bbox 2673 5206 2846 5280; x_wconf 76' lang='grc' dir='ltr'>ἠξίου.</span> <span class='ocrx_word' id='word_1_791' title='bbox 2877 5202 3092 5272; x_wconf 81' lang='grc' dir='ltr'>Θύραζε</span> <span class='ocrx_word' id='word_1_792' title='bbox 3131 5199 3186 5252; x_wconf 81' lang='grc' dir='ltr'>δὲ</span> <span class='ocrx_word' id='word_1_793' title='bbox 3221 5196 3538 5267; x_wconf 78' lang='grc' dir='ltr'>προϊόντας,</span> <span class='ocrx_word' id='word_1_794' title='bbox 3569 5188 3661 5242; x_wconf 73' lang='grc' dir='ltr'>καὶ</span> 
     </span>
    </p>
   </div>
   <div class='ocr_carea' id='block_1_116' title="bbox 2100 5285 3657 5371">
    <p class='ocr_par' dir='ltr' id='par_1_116' title="bbox 2100 5285 3657 5371">
     <span class='ocr_line' id='line_1_116' title="bbox 2100 5285 3657 5371; baseline -0.017 -11"><span class='ocrx_word' id='word_1_795' title='bbox 2100 5306 2210 5371; x_wconf 75' lang='grc' dir='ltr'><strong>ἀνά¹</strong></span> <span class='ocrx_word' id='word_1_796' title='bbox 2233 5304 2330 5365; x_wconf 87' lang='grc' dir='ltr'><strong>τάς</strong></span> <span class='ocrx_word' id='word_1_797' title='bbox 2356 5301 2450 5370; x_wconf 80' lang='grc' dir='ltr'>τῆς</span> <span class='ocrx_word' id='word_1_798' title='bbox 2485 5299 2691 5360; x_wconf 87' lang='grc' dir='ltr'>πόλεως</span> <span class='ocrx_word' id='word_1_799' title='bbox 2722 5296 2917 5364; x_wconf 81' lang='grc' dir='ltr'>ἀγυιὰς</span> <span class='ocrx_word' id='word_1_800' title='bbox 2941 5291 3267 5363; x_wconf 83' lang='grc' dir='ltr'>περιιόντας,</span> <span class='ocrx_word' id='word_1_801' title='bbox 3296 5290 3391 5340; x_wconf 69' lang='grc' dir='ltr'>καὶ</span> <span class='ocrx_word' id='word_1_802' title='bbox 3417 5285 3477 5338; x_wconf 75' lang='grc' dir='ltr'>τὸ</span> <span class='ocrx_word' id='word_1_803' title='bbox 3512 5289 3657 5351; x_wconf 62' lang='grc' dir='ltr'>φιλο·</span> 
     </span>
    </p>
   </div>
   <div class='ocr_carea' id='block_1_117' title="bbox 2104 5375 3656 5467">
    <p class='ocr_par' dir='ltr' id='par_1_117' title="bbox 2104 5375 3656 5467">
     <span class='ocr_line' id='line_1_117' title="bbox 2104 5375 3656 5467; baseline -0.017 -14"><span class='ocrx_word' id='word_1_804' title='bbox 2104 5400 2287 5467; x_wconf 80' lang='grc' dir='ltr'>σοφεῖν</span> <span class='ocrx_word' id='word_1_805' title='bbox 2318 5393 2717 5465; x_wconf 75' lang='grc' dir='ltr'>ἐνυϐρίζοντας,</span> <span class='ocrx_word' id='word_1_806' title='bbox 2746 5389 2928 5456; x_wconf 86' lang='grc' dir='ltr'>λόγοις</span> <span class='ocrx_word' id='word_1_807' title='bbox 2958 5381 3018 5438; x_wconf 84' lang='grc' dir='ltr'><strong>εὗ</strong></span> <span class='ocrx_word' id='word_1_808' title='bbox 3056 5383 3198 5453; x_wconf 85' lang='grc' dir='ltr'>μάλα</span> <span class='ocrx_word' id='word_1_809' title='bbox 3227 5375 3656 5467; x_wconf 68' lang='grc' dir='ltr'>ἐπειλημμένος.</span> 
     </span>
    </p>
   </div>
   <div class='ocr_carea' id='block_1_118' title="bbox 2022 5465 3661 5551">
    <p class='ocr_par' dir='ltr' id='par_1_118' title="bbox 2022 5465 3661 5551">
     <span class='ocr_line' id='line_1_118' title="bbox 2022 5465 3661 5551; baseline -0.02 -5"><span class='ocrx_word' id='word_1_810' title='bbox 2022 5491 2024 5494; x_wconf 74' lang='grc'><em>’</em></span> <span class='ocrx_word' id='word_1_811' title='bbox 2103 5465 2343 5551; x_wconf 76' lang='grc' dir='ltr'>ὠνείδιζέ</span> <span class='ocrx_word' id='word_1_812' title='bbox 2369 5501 2428 5537; x_wconf 89' lang='grc' dir='ltr'><strong>τε</strong></span> <span class='ocrx_word' id='word_1_813' title='bbox 2458 5485 2551 5537; x_wconf 65' lang='grc' dir='ltr'>καὶ</span> <span class='ocrx_word' id='word_1_814' title='bbox 2584 5476 3048 5532; x_wconf 83' lang='grc' dir='ltr'>ἀπεσείετο.Ἐστι</span> <span class='ocrx_word' id='word_1_815' title='bbox 3076 5474 3123 5526; x_wconf 85' lang='grc' dir='ltr'>δ’</span> <span class='ocrx_word' id='word_1_816' title='bbox 3155 5473 3241 5524; x_wconf 80' lang='grc' dir='ltr'>ὅτε</span> <span class='ocrx_word' id='word_1_817' title='bbox 3272 5470 3369 5523; x_wconf 81' lang='grc' dir='ltr'>καὶ</span> <span class='ocrx_word' id='word_1_818' title='bbox 3393 5465 3661 5532; x_wconf 70' lang='grc' dir='ltr'>ἐπιπλῆτ-</span> 
     </span>
    </p>
   </div>
   <div class='ocr_carea' id='block_1_119' title="bbox 451 5556 1968 5673">
    <p class='ocr_par' dir='ltr' id='par_1_119' title="bbox 451 5556 1968 5673">
     <span class='ocr_line' id='line_1_119' title="bbox 451 5556 1968 5673; baseline -0.009 -20"><span class='ocrx_word' id='word_1_819' title='bbox 451 5556 752 5673; x_wconf 53' lang='grc' dir='ltr'>ῐιιυιιοτυῐη</span> <span class='ocrx_word' id='word_1_820' title='bbox 803 5599 1118 5652; x_wconf 88' lang='lat' dir='ltr'><strong>inimicitias</strong></span> <span class='ocrx_word' id='word_1_821' title='bbox 1162 5595 1264 5650; x_wconf 90' lang='lat' dir='ltr'><strong>sibi</strong></span> <span class='ocrx_word' id='word_1_822' title='bbox 1316 5591 1644 5648; x_wconf 70' lang='lat' dir='ltr'><strong>conciliavit.</strong></span> <span class='ocrx_word' id='word_1_823' title='bbox 1686 5589 1968 5657; x_wconf 85' lang='lat' dir='ltr'><strong>Quicnnqu</strong></span> 
     </span>
    </p>
   </div>
   <div class='ocr_carea' id='block_1_120' title="bbox 2068 5556 3662 5673">
    <p class='ocr_par' dir='ltr' id='par_1_120' title="bbox 2105 5556 3662 5673">
     <span class='ocr_line' id='line_1_120' title="bbox 2105 5556 3662 5645; baseline -0.019 -11"><span class='ocrx_word' id='word_1_824' title='bbox 2105 5598 2211 5634; x_wconf 89' lang='grc' dir='ltr'><strong>των</strong></span> <span class='ocrx_word' id='word_1_825' title='bbox 2241 5575 2499 5645; x_wconf 80' lang='grc' dir='ltr'>ἐλοιδόρει</span> <span class='ocrx_word' id='word_1_826' title='bbox 2527 5575 2639 5635; x_wconf 80' lang='grc' dir='ltr'>τοῖς</span> <span class='ocrx_word' id='word_1_827' title='bbox 2673 5570 3007 5640; x_wconf 77' lang='grc' dir='ltr'>προσήκουσι</span> <span class='ocrx_word' id='word_1_828' title='bbox 3036 5562 3465 5632; x_wconf 65' lang='grc' dir='ltr'>καθαπτόμενος.</span> <span class='ocrx_word' id='word_1_829' title='bbox 3487 5556 3662 5608; x_wconf 80' lang='grc' dir='ltr'>Ἐκεῖ-</span> 
     </span>
     <span class='ocr_line' id='line_1_121' title="bbox 2286 5646 3626 5673; baseline -0.015 20"><span class='ocrx_word' id='word_1_830' title='bbox 2286 5671 2292 5673; x_wconf 65' lang='lat'><strong>‘</strong></span> <span class='ocrx_word' id='word_1_831' title='bbox 2444 5667 2466 5673; x_wconf 79' lang='lat'><em>‘</em></span> <span class='ocrx_word' id='word_1_832' title='bbox 2580 5667 2602 5673; x_wconf 63' lang='grc' dir='ltr'><strong>τ</strong></span> <span class='ocrx_word' id='word_1_833' title='bbox 2659 5665 2672 5673; x_wconf 69' lang='grc'><strong>⁸</strong></span> <span class='ocrx_word' id='word_1_834' title='bbox 2805 5668 2813 5673; x_wconf 90' lang='grc'><strong><em>-</em></strong></span> <span class='ocrx_word' id='word_1_835' title='bbox 2998 5659 3021 5673; x_wconf 68' lang='grc' dir='ltr'><strong>ν</strong></span> <span class='ocrx_word' id='word_1_836' title='bbox 3071 5655 3096 5673; x_wconf 77' lang='grc' dir='ltr'><strong>Α</strong></span> <span class='ocrx_word' id='word_1_837' title='bbox 3181 5672 3186 5673; x_wconf 38' lang='grc' dir='ltr'><em>γ</em></span> <span class='ocrx_word' id='word_1_838' title='bbox 3323 5655 3362 5673; x_wconf 52' lang='grc' dir='ltr'><strong><em>Α</em></strong></span> <span class='ocrx_word' id='word_1_839' title='bbox 3409 5646 3626 5673; x_wconf 52' lang='grc' dir='ltr'><strong>ληίης--</strong></span> 
     </span>
    </p>
   </div>
   <div class='ocr_carea' id='block_1_121' title="bbox 451 5686 2004 5766">
    <p class='ocr_par' dir='ltr' id='par_1_121' title="bbox 451 5686 2004 5766">
     <span class='ocr_line' id='line_1_122' title="bbox 451 5686 2004 5766; baseline -0.014 -16"><span class='ocrx_word' id='word_1_840' title='bbox 451 5693 601 5757; x_wconf 68' lang='lat' dir='ltr'><strong>enim</strong></span> <span class='ocrx_word' id='word_1_841' title='bbox 654 5691 793 5755; x_wconf 80' lang='lat' dir='ltr'><strong>intra</strong></span> <span class='ocrx_word' id='word_1_842' title='bbox 845 5689 1175 5754; x_wconf 79' lang='lat' dir='ltr'><strong>monasteria</strong></span> <span class='ocrx_word' id='word_1_843' title='bbox 1232 5686 1772 5766; x_wconf 81' lang='lat' dir='ltr'><strong>philosopharentur,</strong></span> <span class='ocrx_word' id='word_1_844' title='bbox 1809 5689 1863 5734; x_wconf 87' lang='lat' dir='ltr'><strong>et</strong></span> <span class='ocrx_word' id='word_1_845' title='bbox 1918 5692 2004 5731; x_wconf 86' lang='lat' dir='ltr'><strong>res</strong></span> 
     </span>
    </p>
   </div>
   <div class='ocr_carea' id='block_1_122' title="bbox 2108 5646 3658 5731">
    <p class='ocr_par' dir='ltr' id='par_1_122' title="bbox 2108 5646 3658 5731">
     <span class='ocr_line' id='line_1_123' title="bbox 2108 5646 3658 5731; baseline -0.021 -5"><span class='ocrx_word' id='word_1_846' title='bbox 2108 5691 2186 5726; x_wconf 86' lang='grc' dir='ltr'><strong>νοι</strong></span> <span class='ocrx_word' id='word_1_847' title='bbox 2215 5671 2294 5725; x_wconf 75' lang='grc' dir='ltr'><strong>τοί</strong></span> <span class='ocrx_word' id='word_1_848' title='bbox 2331 5689 2390 5724; x_wconf 89' lang='grc' dir='ltr'><strong>υν</strong></span> <span class='ocrx_word' id='word_1_849' title='bbox 2413 5667 2554 5722; x_wconf 71' lang='grc' dir='ltr'>οὕτω</span> <span class='ocrx_word' id='word_1_850' title='bbox 2577 5665 2974 5731; x_wconf 72' lang='grc' dir='ltr'>διελεγχόμενοι</span> <span class='ocrx_word' id='word_1_851' title='bbox 2995 5655 3243 5730; x_wconf 67' lang='grc' dir='ltr'>ἦχθοντο,</span> <span class='ocrx_word' id='word_1_852' title='bbox 3277 5655 3370 5707; x_wconf 77' lang='grc' dir='ltr'>καὶ</span> <span class='ocrx_word' id='word_1_853' title='bbox 3405 5646 3658 5722; x_wconf 57' lang='lat' dir='ltr'><strong>dvo-569;:</strong></span> 
     </span>
    </p>
   </div>
  </div>
