3898 6192
285 305 384 369 961

1185 284 1781 363 ECCIJESIASTICJZ
1827 307 2208 366 ΠῐδτῡιῖἰίΕ
2256 310 2393 371 LIB.
2441 311 2608 370 XIII.

3415 313 3520 375 962

280 413 372 486 ζον
401 417 551 487 ὠμόν
578 431 636 468 τε
665 415 756 467 καὶ
784 413 994 483 ἀπηνῆ,
1022 414 1239 483 ὀργίλον
1272 432 1327 467 τε
1360 417 1448 467 καὶ
1481 419 1848 486 ὑπερήφανον,

1963 435 2084 475 suas
2139 429 2397 490 agerent,
2449 435 2546 474 eos
2597 434 2928 490 magnopere
2975 419 3170 475 charos
3215 421 3421 486 habuit,
3463 438 3518 479 et

280 514 372 565 καὶ
415 507 636 577 θυμώδη
698 505 1132 568 ἀποκαλοῦντες.
1181 507 1292 559 Καὶ
1319 508 1388 560 τά
1433 511 1560 576 περὶ
1603 510 1696 563 τοῦ
1735 509 1848 580 βίου

282 602 468 672 ἠρέμα
494 599 630 670 πρὸς
661 598 786 660 τοὺς
802 597 1029 660 πολλοὺς
1061 598 1379 668 ἐπεχείρουν
1401 599 1728 654 διαϐάλλειν·
1758 602 1850 654 καὶ

282 693 496 744 πείθειν
525 685 670 759 εἶχον
703 690 814 750 τοῖς
840 689 1282 760 προειρημένοις,
1314 689 1738 762 καταιτιώμενοι
1770 693 1852 746 δτι

288 785 363 855 μή
385 799 493 835 τινι
517 779 814 834 συνεσθίων
839 781 1083 848 ἑωρᾶτο,
1113 780 1235 848 μηδ’
1259 781 1348 847 ἐφ’
1379 782 1558 834 ἑστίαν
1588 782 1699 844 ίὼν,
1732 783 1852 853 μηδ’

282 877 375 929 ἐπὶ
411 874 701 926 συνουσίαν
731 873 956 942 ἀρίστου
985 887 998 900 ⁸
1032 873 1125 923 καὶ
1160 873 1241 924 ὅτι
1275 872 1534 926 πάστιλον
1580 875 1718 942 μετά
1755 876 1854 944 τὴν

281 965 394 1020 τῶν
445 962 608 1017 θείων
641 962 941 1032 μετάληψιν
985 963 1288 1029 ἀπεγεύετο
1311 979 1324 994 ·
1362 965 1419 1016 ἐν
1443 960 1522 1026 οἷς
1543 967 1738 1018 ἐκεῖνοι
1764 966 1856 1034 δῆ-

284 1060 376 1110 θεν
423 1055 854 1125 ἐπερειδόμενοι,
886 1055 983 1117 τὰς
1025 1055 1295 1125 ἀρρήτους
1341 1056 1631 1123 ἐξύφαινον
1664 1058 1855 1127 ἐκείνῳ

282 1149 562 1212 διαϐολάς.
609 1149 721 1200 Οὐκ
751 1146 1008 1216 ἐλαχίστη
1045 1147 1100 1200 δὲ
1138 1150 1406 1218 πρόφασις
1442 1151 1588 1220 αὑτῷ
1616 1153 1854 1218 ἐγεγόνει

289 1243 382 1294 καὶ
411 1241 542 1310 πρὸς
580 1240 678 1308 τὴν
711 1236 982 1306 βασιλέως
1012 1241 1263 1309 γαμετὴν
1295 1241 1382 1294 διά
1409 1241 1735 1312 Σευηριανὸν
1764 1242 1856 1294 τὸν

289 1331 547 1383 Γασάλων
577 1330 670 1399 τῆς
706 1329 902 1398 Συρίας
935 1329 1254 1386 ἐπίσκοπον.
1290 1331 1398 1382 Καὶ
1422 1333 1528 1402 γὰρ
1553 1326 1706 1396 οὗτος
1735 1333 1858 1385 σύν-

285 1440 400 1490 αμα
435 1421 512 1491 τῷ
573 1415 850 1489 Ἀντιὸχῷ,
908 1419 1272 1490 Πτολεμαΐδος
1321 1421 1374 1474 δὲ
1404 1422 1501 1491 τῆς
1537 1427 1594 1476 ἐν
1625 1425 1854 1495 Φοινίκῃ

283 1509 435 1574 οὗτος
462 1513 780 1574 ἐπίσκοπος,
811 1512 1086 1579 ἐλλόγιμοί
1107 1529 1162 1564 τε
1184 1513 1451 1579 ἐγένοντο,
1474 1515 1569 1566 καὶ
1593 1516 1670 1577 είς
1688 1517 1858 1586 ἄκρον

282 1605 344 1656 τὸ
372 1604 458 1656 ἐπ’
492 1603 788 1673 ἐκκλησίας
815 1601 1089 1655 διδάσκειν
1123 1601 1512 1672 ἐξησκηκότες.
1533 1605 1673 1656 Ἀλλ’
1700 1608 1726 1657 ὁ
1757 1607 1856 1675 μὲν

284 1695 538 1748 τοσοῦτον
559 1695 847 1764 πρόχειρος
876 1689 944 1763 ἦν
969 1692 1170 1759 λέγειν,
1201 1694 1291 1745 καὶ
1327 1690 1384 1746 εὖ
1414 1695 1557 1763 μάλα
1587 1696 1856 1764 στρογγύ-

286 1784 392 1844 λως
422 1799 483 1833 τε
520 1782 636 1852 ἅμα
667 1781 760 1830 καὶ
784 1780 995 1848 εὒήχως
1023 1779 1484 1850 ἀπεστομάτιζεν,
1514 1783 1596 1834 δτι
1629 1796 1688 1849 γε
1721 1785 1853 1852 πρός
1888 1766 1928 1818 Β

288 1893 451 1928 τινων
468 1877 563 1926 καὶ
583 1873 962 1943 Χρυσόστομος
980 1870 1319 1941 ὠνομάζετο·
1344 1872 1670 1941 Σεδηριανὸς
1695 1873 1751 1925 δὲ
1783 1872 1860 1942 τῷ

289 1965 400 2018 τῶν
434 1963 721 2034 νοημάτων
771 1964 981 2032 πυκνῷ,
1023 1963 1118 2015 καὶ
1165 1966 1232 2032 τῇ
1279 1967 1553 2034 μαρτυρία
1594 1965 1704 2016 τῶν
1742 1965 1861 2018 θεο-

291 2056 574 2111 πνεύστων
596 2055 814 2124 λογίων,
853 2057 1097 2125 ἀμείνων
1125 2053 1267 2108 εἶναι
1304 2049 1480 2109 ἐδόκει
1503 2073 1516 2087 ο
1551 2057 1652 2126 τὴν
1679 2059 1733 2110 δὲ
1755 2057 1855 2110 Σύσ

295 2167 408 2219 ρων
455 2148 721 2217 δασύτητα
759 2149 852 2201 ἐπὶ
881 2148 976 2216 τῆς
1023 2146 1269 2217 γλώττης
1301 2146 1460 2219 ἔφερε
1495 2149 1716 2215 μᾶλλον.
1753 2150 1862 2203 Καὶ

290 2243 320 2294 ὁ
352 2241 454 2310 μὲν
489 2239 765 2308 ’Δντίοχος
792 2238 1058 2308 πρότερον
1086 2241 1185 2306 τὴν
1211 2240 1368 2292 πόλιν
1395 2240 1740 2302 καταλαϐὼν,
1767 2240 1860 2293 καὶ

289 2332 555 2404 χρήματα
581 2331 754 2384 πολλά
776 2330 1190 2403 συλλεξάμενος,
1231 2333 1310 2392 είς
1337 2329 1434 2392 τὴν
1457 2330 1662 2383 οἰκείαν
1692 2333 1860 2383 ἐπανο

289 2424 422 2490 ἦλθε
451 2424 628 2477 πόλιν.
670 2422 844 2477 Τοῦτο
874 2423 939 2494 δὴ
969 2423 1219 2491 ζηλώσας
1253 2425 1346 2476 καὶ
1381 2425 1728 2494 Σευηριανὸς,
1765 2426 1862 2478 καὶ

292 2517 458 2580 αὐτὸς
508 2517 687 2569 ἐκεῖσε
737 2515 987 2585 ἀφίκετο.
1021 2513 1191 2568 Εὖνου
1247 2516 1302 2568 δὲ
1343 2515 1592 2570 Ἰωάννου
1645 2516 1859 2587 τυχὼν,

295 2608 556 2670 πολλάκις
595 2607 910 2678 ἐξεχωρήθη
945 2609 1040 2660 καὶ
1069 2606 1155 2659 ἐπ’
1184 2607 1481 2676 ἐκκλησίας
1516 2611 1688 2661 εἰπεῖν
1713 2624 1728 2640 ο
1769 2612 1865 2663 καὶ

277 2701 472 2774 ’λέγων
499 2697 731 2768 μάλιστα
762 2697 1128 2765 ἐθαυμάζετο,
1160 2696 1301 2749 καθά
1327 2698 1390 2766 δὴ
1421 2701 1513 2751 καὶ
1555 2700 1825 2770 Ἀντίοχος
1844 2715 1860 2734 ο

278 2775 393 2845 ’καὶ
415 2791 536 2852 ταῖς
564 2788 771 2841 ἐκείνου
805 2791 991 2857 τιμαῖς
1024 2789 1186 2850 πολύς
1210 2806 1267 2841 τε
1292 2792 1349 2843 ἐν
1369 2790 1597 2859 δυνάμει
1627 2793 1862 2860 ἐγένετο,

293 2884 390 2936 καὶ
441 2881 717 2951 γνώριμος
766 2881 1062 2934 καθίστατο
1111 2879 1341 2950 βασιλεί,
1383 2884 1478 2936 καὶ
1507 2885 1574 2954 τῇ
1605 2884 1864 2954 ⁸βασιλίδι

293 2976 392 3026 ἐπὶ
423 2975 622 3043 μᾶλλον
654 2973 1066 3042 κεχαρισμένος.
1107 2974 1308 3027 Ἥνίκα
1340 2974 1393 3028 δὲ
1443 2974 1662 3046 Ἰωάννῃ
1689 2977 1864 3030 ἐδόκει

1955 514 2246 568 honoravit
2289 533 2301 569 :
2356 515 2522 586 368
2571 523 2628 567 et
2683 529 2753 567 ne
2807 511 2884 565 illi
2932 528 2960 566 a
3012 513 3264 582 quopiam
3318 514 3514 584 injuria

1952 605 2319 675 allicerentur,
2381 621 2544 678 atque
2609 605 2773 660 etiam
2838 615 2898 659 ut
2964 606 3130 658 rebus
3197 608 3521 661 necessariis

1953 697 2334 763 abundarent,
2389 699 2685 768 plurimum
2737 708 2883 748 curae
2932 693 3162 748 habuit.
3211 695 3519 749 Circumfe-

1957 803 2152 842 raneos
2174 801 2380 854 autem,
2408 798 2462 842 et
2488 788 2581 858 qui
2612 801 2710 856 per
2736 785 2888 839 urbis
2921 785 3129 854 plateas
3158 787 3515 850 cursitarent,

1955 885 2141 929 notam
2191 877 2551 946 philosophia:
2597 890 2708 929 suae
2771 874 3073 937 inurentes,
3115 874 3298 928 verbis
3339 876 3409 929 ita
3459 885 3517 929 ut

1956 965 2206 1026 decebat,
2249 951 2680 1033 reprehendens,
2731 962 3017 1032 acriusque
3066 979 3314 1032 carpens.
3359 955 3518 1033 repu-

1956 1059 2161 1111 diabat.
2196 1057 2594 1126 Nonnunquam
2625 1057 2786 1110 etiam
2819 1057 3086 1110 conviciis
3115 1071 3208 1110 eos
3241 1060 3519 1127 corrigens

1958 1151 2286 1215 incessebat,
2310 1158 2365 1206 et
2391 1150 2741 1214 convenienti
2779 1149 3158 1219 objurgatione
3189 1151 3521 1218 perstringoa

1958 1242 2071 1294 bat.
2101 1243 2278 1310 Atque
2311 1241 2386 1295 IIIi
2419 1245 2483 1295 ad
2511 1257 2634 1294 eum
2667 1241 2886 1294 modum
2919 1242 3259 1310 reprehensi,
3284 1247 3519 1310 grmller

1960 1332 2011 1386 id
2056 1331 2222 1396 ferre,
2263 1340 2318 1386 et
2373 1332 2541 1387 verba
2593 1333 2987 1387 contumeliosa
3045 1334 3097 1386 in
3147 1349 3272 1386 eum
3314 1335 3520 1402 jacere,

1959 1423 2158 1489 fermn,
2195 1423 2502 1487 crudelem,
2547 1423 2894 1484 iracundum,
2945 1423 3242 1490 superbum
3294 1432 3347 1474 et
3383 1421 3517 1474 furi-

1959 1513 2203 1566 bundum
2254 1514 2567 1582 appellare,
2622 1529 2833 1568 necnon
2896 1513 3136 1582 quietam
3186 1513 3306 1582 ejus
3355 1513 3521 1564 vitam

1959 1605 2101 1674 apud
2145 1605 2346 1658 multos
2381 1612 2585 1669 taxare,
2621 1605 2860 1659 cavillari
2905 1613 2957 1659 et
2998 1620 3244 1673 carpere,
3277 1604 3518 1672 aggredi.

1961 1694 2026 1747 Et
2068 1695 2398 1764 persuadere
2430 1695 2483 1748 id
2517 1696 2597 1749 eis
2629 1711 2764 1764 quas
2799 1696 3037 1750 diximus
3072 1697 3235 1749 rebus
3269 1705 3517 1763 potuere,

1959 1786 2427 1854 reprehendentes
2475 1786 2703 1854 insuper
2749 1785 2804 1838 in
2857 1801 2924 1840 eo
2975 1786 3117 1854 quod
3169 1786 3351 1839 cibum
3395 1800 3518 1838 eum

1961 1877 2178 1930 nemine
2211 1890 2430 1930 sumere
2457 1876 2763 1941 videretur,
2797 1878 3054 1946 quodque
3084 1892 3262 1945 neque
3296 1878 3348 1929 in
3390 1891 3524 1930 con-

1959 1966 2105 2020 vivio
2152 1981 2330 2035 neque
2379 1965 2432 2018 in
2490 1966 2722 2036 prandio
2767 1966 3000 2036 alicujus
3052 1976 3246 2019 esset:
3285 1967 3532 2034 deniun

1959 2057 2103 2127 quod
2149 2067 2278 2127 post
2320 2057 2632 2111 divinorum
2685 2058 3068 2127 mysteriorum
3115 2057 3530 2125 perceptionem.

1960 2151 2238 2220 pastillum
2297 2149 2636 2219 degustaret.
2692 2148 2906 2214 Quibus
2962 2147 3038 2200 illi
3097 2147 3307 2201 scilicet
3362 2147 3531 2202 rebus

1960 2241 2094 2305 nixi,
2131 2241 2448 2294 innumeras
2481 2241 2746 2294 adversus
2777 2253 2901 2292 eum
2935 2248 3158 2292 texuere
3197 2236 3525 2290 calumnias.

1961 2331 2078 2386 Non
2115 2331 2339 2385 minima
2369 2347 2500 2404 vero
2533 2341 2589 2384 et
2624 2332 2717 2384 illa
2752 2329 2804 2383 ei
2839 2331 2906 2384 ab
2950 2329 3305 2398 imperatoris.
3328 2343 3530 2392 uxore,

1961 2436 2060 2490 per
2107 2420 2466 2474 Severianum
2507 2419 2836 2474 Gabalorum
2888 2420 2942 2471 in
2991 2419 3153 2486 Syria,
3181 2420 3529 2487 episcopum,

1961 2513 2163 2567 accidit
2203 2513 2313 2567 odii
2361 2512 2597 2569 occasio.
2632 2511 2768 2564 Nam
2810 2519 2865 2564 et
2899 2510 3008 2573 hic,
3044 2525 3146 2562 una
3181 2524 3300 2562 cum
3333 2510 3530 2562 Antio-

1963 2607 2068 2661 cbo
2097 2646 2111 2671 ,
2153 2604 2504 2660 Ptolemaidis
2553 2603 2846 2663 Plitenicia:
2893 2602 3184 2672 episcopo,
3234 2601 3534 2670 praeclarus
3566 2665 3581 2680 ο

1961 2698 2101 2762 fuit;
2144 2706 2374 2764 uterque
2421 2710 2552 2747 sane
2590 2694 2656 2747 ad
2694 2708 2991 2756 summum,
3028 2691 3212 2745 verbis
3247 2691 3312 2744 ad
3353 2706 3531 2758 popu-

1964 2789 2079 2843 lum
2131 2789 2186 2843 in
2237 2788 2468 2843 ecclesia
2508 2785 2790 2844 faciendis,
2829 2785 3180 2838 exercita-tus.
3223 2783 3534 2838 Antiochus

1964 2881 2184 2951 quidem
2238 2889 2387 2934 tanta
2439 2879 2496 2934 in
2547 2877 2782 2934 dicendo
2829 2877 3091 2932 facilitate
3140 2876 3271 2940 fuit,
3315 2885 3369 2930 et
3417 2888 3530 2931 tam

1965 2973 2196 3026 rotunde
2224 2971 2388 3026 simul
2408 2980 2462 3024 et
2481 2969 2720 3024 suaviter
2743 2967 3139 3038 pronuntiavit,
3166 2977 3275 3022 uta
3299 2966 3528 3036 quibus-

292 3067 390 3118 καὶ
417 3064 550 3132 πρὸς
580 3064 679 3134 τὴν
734 3065 917 3116 Ἀσίαν
950 3065 1272 3132 ἀποδημεῖν,
1309 3064 1455 3135 αὐτῷ
1483 3065 1550 3119 τά
1583 3066 1725 3120 κατά
1764 3067 1861 3136 τὴν

1968 3069 2090 3118 dam
2115 3066 2232 3132 ipse
2256 3077 2481 3132 quoque
2525 3063 2691 3116 veluti
2729 3076 2954 3116 aureum
2999 3075 3061 3114 os
3101 3059 3333 3122 habens,
3361 3059 3531 3130 Chry-

295 3155 572 3224 σςρετέραν
624 3153 950 3223 Ἐκκλησίαν
995 3156 1253 3221 ἀνετίθει,
1307 3156 1436 3213 ὥστ’
1483 3159 1864 3229 ἐπιμελεῖσθαι

277 3237 530 3342 ςταύτης,
575 3251 670 3300 καὶ
709 3249 822 3302 ἀντ’
875 3250 1082 3304 ἐκείνου
1132 3252 1232 3319 τὴν
1279 3253 1627 3307 διδασκαλίαν
1683 3255 1866 3320 αὐτοῖς

293 3342 573 3411 χορηγεῖν.
609 3341 715 3394 Καὶ
748 3341 854 3410 γάρ
888 3340 1105 3410 ἐνόμιζε
1137 3343 1290 3412 φίλον
1323 3345 1465 3414 ἔχειν
1497 3347 1661 3398 αὐτὸν
1700 3363 1865 3399 σπου-

291 3435 595 3499 δαιότατον,
641 3433 762 3494 ταῖς
805 3432 1117 3496 κολακείαις
1144 3433 1364 3493 πυκνῶς
1413 3435 1762 3505 περιέποντα.
1809 3437 1866 3491 '0

276 3501 358 3577 ⁸δὲ
396 3521 716 3592 χαρίζεσθαι
749 3522 824 3589 τῷ
856 3522 1048 3591 πλήθει
1080 3523 1280 3593 μᾶλλον
1311 3525 1398 3576 διά
1452 3501 1685 3596 σπουδῆς
1713 3528 1867 3579 ἐποι-

277 3605 436 3674 ἐϊτο,
466 3609 561 3662 καὶ
585 3611 695 3670 τοῖς
729 3607 906 3676 λόγοις
935 3609 1185 3675 ἐπάγειν,
1218 3611 1309 3661 καὶ
1339 3610 1474 3679 πρὸς
1499 3611 1690 3663 ἑαυτὸν
1731 3615 1866 3666 πᾶσι

276 3685 519 3771 ῖτρόποις
556 3699 837 3766 μεθέλκειν
893 3701 986 3752 καὶ
1034 3699 1310 3755 ίδιοῦσθαι.
1350 3701 1418 3753 ’Δ
1449 3701 1513 3772 δὴ
1559 3702 1866 3772 πυθόμενον

271 3837 278 3867 _,
305 3791 587 3859 Ἰωάννην,
622 3790 968 3860 Σεραπίωνος
993 3791 1352 3860 ἐρεθίζοντος,
1388 3793 1488 3847 οὐκ
1513 3794 1863 3864 ἀνασχέσθαι⁸

290 3881 435 3934 ἀλλά
464 3879 657 3934 θάττον
687 3882 752 3935 ἐκ
780 3882 878 3950 τῆς
920 3881 1105 3948 Ἀσίας
1135 3885 1233 3955 τὴν
1265 3884 1674 3950 Κωνσταντίνου
1703 3902 1868 3938 κατα-

292 3971 504 4024 λαϐεῖν.
569 3971 657 4033 Ὠς
703 3970 748 4024 δ’
797 3971 1094 4040 ἐπανῆλθε,
1148 3974 1343 4042 συνέδη
1395 3991 1497 4028 που
1539 3975 1867 4044 Σευηριανὸν

293 4063 556 4129 παριέναι
577 4077 592 4094 ο
620 4062 797 4116 ίδὸντα
811 4063 867 4116 δέ
892 4063 1212 4131 Σεραπίωνα
1241 4065 1507 4136 μηδαμῶς
1526 4066 1824 4136 ἀναστῆναι
1849 4107 1865 4135 ,

293 4152 490 4224 ὥσπερ
537 4153 856 4224 ἐξεπίτηδες
901 4157 1014 4217 τοῖς
1061 4154 1299 4224 παροῦσι
1341 4157 1864 4226 παρλδεικνύμενον,

294 4245 375 4306 ὡς
421 4247 478 4296 ἐν
507 4245 735 4315 οὐδεμιᾷ
782 4245 1023 4314 φροντίδι
1053 4247 1144 4299 τὸν
1198 4245 1370 4316 ἀνδρα
1409 4250 1664 4302 ποιεῖται.
1704 4249 1764 4302 '0
1810 4250 1866 4304 δὲ

299 4337 504 4404 σφόδρα
534 4335 844 4405 χαλεπήνας
870 4337 966 4390 ἐπὶ
993 4337 1136 4406 μέγα
1164 4338 1391 4409 ἐϐόησεν
1414 4355 1428 4368 ο
1464 4342 1535 4394 El
1561 4344 1867 4410 Σεραπίων

1968 3165 2244 3210 sostomus
2260 3155 2556 3208 diceretur.
2579 3149 2910 3206 Severianus
2930 3161 3109 3204 autem
3129 3151 3529 3204 sententiarum

1968 3247 2274 3314 frequentia
2323 3256 2377 3299 et
2431 3243 2694 3298 divinitus
2747 3242 3134 3312 inspiratorum
3185 3242 3530 3296 oraculorum

1967 3338 2288 3393 testimonio
2326 3336 2522 3390 melior
2557 3334 2778 3389 habitus
2807 3341 2914 3396 est,
2945 3339 3090 3402 quod
3126 3333 3336 3387 scilicet
3365 3332 3532 3402 Syro-

1968 3445 2088 3484 rum
2123 3429 2295 3498 magis
2328 3427 2654 3482 densitatem
2693 3426 2746 3480 in
2782 3425 2967 3494 lingua
3004 3424 3196 3478 ferret.
3228 3423 3533 3477 Antiochus

1966 3521 2119 3590 prior
2155 3519 2210 3573 in
2251 3520 2446 3572 urbem
2479 3525 2704 3571 venerat
2736 3531 2750 3568 ;
2782 3524 2945 3583 atque
2983 3515 3059 3568 ibi
3097 3515 3324 3580 pecunia
3361 3516 3532 3568 multa

1965 3613 2224 3674 collecta,
2263 3612 2317 3665 in
2371 3609 2648 3664 civitatem
2697 3621 2852 3661 suam
2896 3613 2983 3660 est
3039 3621 3308 3660 reversus.
3358 3605 3530 3671 Quem

1966 3702 2251 3757 aetrnulatus
2293 3700 2645 3764 Severianus,
2681 3709 2738 3752 et
2777 3695 2894 3767 ipse
2944 3712 3011 3752 eo
3060 3698 3227 3752 venit.
3276 3697 3344 3752 Et
3383 3696 3529 3767 quod

1968 3793 2234 3848 benevolo
2282 3792 2492 3847 Joanne
2542 3798 2813 3857 uteretur,
2850 3804 2994 3859 saepe
3042 3791 3209 3844 etiam
3263 3791 3310 3846 is
3357 3791 3430 3851 ei,
3473 3799 3535 3845 ut

1967 3902 2092 3943 cum
2135 3887 2338 3956 populo
2381 3885 2438 3939 in
2481 3883 2713 3938 ecclesia
2759 3892 2968 3951 ageret,
3006 3883 3273 3952 permisit.
3315 3883 3430 3949 Qua
3476 3881 3532 3936 in

1967 3995 2025 4035 re
2055 3993 2179 4034 eum
2214 3991 2408 4034 omnes
2440 3975 2672 4030 maxime
2703 3984 2859 4032 sunt.
2879 3974 3044 4029 sicuti
3082 3985 3138 4027 et
3173 3973 3532 4040 Antiochum,

1969 4070 2248 4126 admirati.
2286 4068 2352 4122 Et
2381 4068 2607 4124 Joannis
2640 4066 2943 4122 honoribus
2969 4080 3092 4120 cum
3125 4067 3355 4120 multum
3387 4066 3531 4136 apud

1967 4163 2230 4234 populum
2296 4160 2516 4230 potuit,
2577 4165 2691 4211 tum
2755 4157 2809 4212 in
2871 4156 3220 4226 imperatoris
3279 4159 3532 4213 notitiam

1968 4253 2242 4324 pervenit,
2267 4262 2324 4306 et
2354 4252 2598 4321 ejusdem
2635 4248 2856 4318 conjugi
2888 4263 3149 4318 perquam
3185 4258 3372 4318 gratus
3402 4248 3532 4304 fuit.

1967 4347 2145 4415 Atque
2175 4360 2299 4400 cum
2331 4342 2525 4398 Joanni
2555 4342 2611 4396 in
2638 4343 2822 4397 Asiam
2853 4340 3129 4411 proﬁcisci
3158 4344 3335 4398 visum
3364 4351 3532 4402 esset.

296 4427 657 4496 Χριστιανὸς
692 4426 1004 4492 ἀποθάνοι,
1031 4430 1144 4480 οὐκ
1173 4428 1644 4500 ἑνηνθρὼπησεν
1677 4438 1710 4490 ό
1733 4437 1861 4502 Χρι-

1971 4438 2099 4492 huic
2131 4436 2232 4507 ipsi
2265 4435 2564 4490 Ecclesiam
2598 4449 2754 4488 suam
2787 4433 3214 4496 commendavit,
3253 4441 3313 4486 ut
3347 4447 3534 4486 curam

295 4523 463 4583 στός.
504 4519 631 4572 Ἐπὶ
656 4517 720 4582 δὴ
768 4519 944 4588 τούτῳ
975 4520 1126 4589 παρά
1165 4521 1513 4590 Σεραπίωνος
1543 4525 1698 4596 δίκην
1731 4529 1864 4582 ὐπο-

295 4613 430 4674 στάς
450 4653 464 4675 ,
492 4601 725 4680 ἐξηλάθη
757 4611 857 4680 τῆς
899 4609 1102 4673 πόλεως
1140 4610 1246 4663 ὑπὸ
1287 4612 1538 4668 Ἰωάννου
1557 4658 1571 4682 ,
1601 4617 1676 4679 ὡς
1705 4617 1868 4687 δῆθεν

291 4707 378 4768 είς
406 4705 543 4757 Θεὸν
577 4703 890 4772 ἐξυϐρίσας.
922 4703 1234 4773 Μαρτύρων
1256 4707 1364 4774 γάρ
1386 4709 1794 4777 παραχθέντων,
1817 4712 1868 4764 οί

294 4795 402 4863 μὲν
463 4793 538 4856 ώς
573 4793 764 4864 εἴρηκε
806 4792 1132 4862 Σευηριανὸς
1190 4795 1609 4866 ἐμαρτύρησαν
1645 4800 1760 4853 ὅσοι
1811 4801 1867 4855 δὲ

292 4886 655 4955 προσέκειντο
684 4884 1012 4954 Σεραπίωνι,
1052 4887 1210 4940 πάντ’
1253 4889 1730 4959 ἁποκρυψάμενοι,
1772 4896 1869 4962 μό-

291 4994 390 5028 νον
434 4977 644 5030 ἐκεῖνον
677 4976 1107 5046 διεμαρτύραντο
1147 4980 1322 5031 εἰπεῖν
1348 4980 1704 5052 Σευηριανὸν,
1739 5002 1758 5035 ι
1779 4985 1868 5049 Ὠς

289 5066 406 5134 ἄρα
433 5065 532 5117 οὐκ
560 5064 982 5135 ἐνηνθρώπησεν
1013 5067 1042 5118 ὁ
1073 5067 1362 5136 Χριστός.»
1396 5069 1455 5123 ’0
1489 5070 1545 5143 δέ
1591 5073 1867 5143 Ἰωάννης,

286 5158 416 5226 οὐχὶ
454 5157 502 5209 εί
544 5158 638 5210 καὶ
666 5155 828 5210 τοῦτο
858 5157 1018 5226 μόνον
1064 5154 1132 5230 ἦν
1179 5161 1240 5212 ἐν
1272 5160 1477 5226 αίτίαις
1508 5141 1698 5230 ἐτίθει,
1731 5141 1868 5220 ἀλλά

289 5251 395 5303 καλ⁸
431 5249 597 5302 τᾶλλα
626 5250 724 5302 ὅσα
772 5252 978 5312 ἐκεῖνος
1018 5251 1338 5319 προσθεῖναι
1376 5251 1687 5310 διετείνετο.
1723 5256 1862 5310 Οὐδὲ

287 5343 427 5410 γάρ,
461 5341 880 5408 ιΕίΣεραπίων,
911 5341 1089 5408 ἔλεγε,
1120 5341 1195 5411 μή
1217 5343 1482 5398 ἀποθάνοι
1513 5345 1864 5416 Χριστιανὸς,

277 5433 526 5500 Χριστὸς
553 5432 704 5502 παρά
733 5432 892 5485 τοῦτο
918 5433 1016 5486 οὐκ
1044 5435 1524 5506 ἐνηνθρώπησεν.»
1568 5436 1638 5490 ἸΙ
1679 5440 1865 5509 μέντοι

272 5523 584 5598 βασίλισσα
631 5524 856 5590 Εὑδοξία
885 5523 1001 5595 ἅμα
1032 5543 1090 5578 τε
1115 5527 1212 5596 την
1262 5530 1464 5596 μεταξῦ
1507 5531 1613 5583 τῶν
1641 5535 1865 5582 ἐπισκά-

361 5705 733 5778 (Ιλῖιιέιυιγιτὶλ
767 5709 996 5776 quadam
1049 5676 1262 5762 (lui-lus.
1301 5712 1509 5778 (Soet)

1969 4531 2086 4600 ejus
2131 4538 2385 4599 gereret,
2437 4533 2494 4581 et
2544 4527 2720 4580 vicem
2768 4539 2922 4578 suam
2977 4524 3239 4592 pupulum
3289 4524 3536 4578 doctrina

1969 4630 2244 4691 pasceret.
2292 4618 2590 4673 Putaverat
2634 4617 2781 4670 enim
2828 4615 2919 4669 ille
2959 4614 3166 4683 optimo
3202 4629 3259 4668 se
3301 4629 3368 4668 eo
3408 4631 3536 4668 usu-

1970 4727 2092 4766 rum
2122 4710 2320 4774 amico,
2345 4709 2437 4778 qui
2467 4724 2562 4775 per
2588 4707 3014 4762 assentationem
3040 4718 3165 4758 eum
3202 4715 3309 4758 tam
3345 4706 3535 4760 sedulo
3565 4707 3582 4721 ”·

1969 4812 2274 4860 assectatus
2318 4802 2534 4856 fuisset.
2575 4798 2740 4869 369
2771 4800 2840 4852 At
2870 4796 2963 4852 ille
3000 4795 3186 4852 studio
3228 4797 3398 4867 magis
3434 4798 3535 4851 ha-

1969 4897 2088 4952 buit
2119 4905 2177 4951 ut
2201 4893 2540 4950 multitudini
2571 4889 2994 4961 gratiﬁcaretur,
3028 4903 3258 4957 eamque
3283 4889 3537 4944 oratione

1969 4987 2236 5052 duceret,
2286 4994 2342 5039 et
2392 4982 2460 5036 ad
2512 4995 2571 5036 se
2625 4980 2802 5034 modis
2849 4978 3110 5033 omnibus
3155 4978 3534 5046 pertraheret,

1969 5094 2236 5149 suamque
2293 5091 2524 5146 prorsus
2595 5071 2873 5127 redderet.
2932 5068 3091 5135 Quod
3152 5068 3243 5123 ubi
3299 5068 3538 5124 Joannes

1968 5172 2166 5227 absens
2207 5167 2440 5230 audivit,
2473 5163 2772 5231 Se'rapione
2803 5161 3094 5228 instigante
3121 5159 3219 5228 (1),
3243 5174 3351 5213 nou
3390 5158 3535 5223 tulit,

1969 5261 2063 5316 sed
2094 5259 2501 5330 quamprimum
2531 5272 2592 5311 ex
2623 5254 2748 5309 Asia
2776 5251 3311 5318 Constantinopolim
3347 5249 3535 5304 rediit.

1969 5354 2049 5409 Eo
2078 5367 2302 5409 reverso
2337 5350 2560 5412 accidit,
2594 5357 2653 5402 ut
2687 5347 3019 5402 Severianus
3069 5341 3272 5397 alicubi
3314 5348 3540 5409 pra'ter-

1969 5444 2097 5510 iret,
2126 5453 2178 5498 et
2205 5445 2254 5496 ei
2280 5441 2568 5511 Serapion,
2591 5439 2686 5507 qui
2719 5437 2872 5492 illum
2901 5434 3133 5498 viderat,
3153 5446 3262 5485 non
3285 5444 3540 5500 assurge-

1971 5546 2054 5590 ret
2088 5552 2104 5589 :
2146 5535 2311 5589 veluti
2360 5548 2425 5586 ex
2472 5529 2778 5599 composito
2808 5527 2889 5582 eis
2925 5528 3015 5595 qui
3054 5523 3304 5582 aderant.
3345 5530 3537 5577 osten-
