3898 6192
431 245 535 309 957

1658 239 2073 299 NICEPHORI
2111 239 2449 300 CALLISTI
3501 239 3584 302 968

431 362 840 425 considerabat,
886 361 1026 416 nihil
1071 374 1128 413 se
1176 358 1287 412 illis
1331 355 1646 412 detrimenti
1695 355 1990 410 allaturum

2122 355 2287 420 ἱωται,
2322 357 2417 408 καὶ
2461 353 2692 422 μάλιστα
2753 349 3030 420 Ὠριγένης
3067 351 3185 417 περὶ
3237 353 3406 405 τούτου
3427 355 3586 424 ἄριστα

435 470 582 520 esse,
599 453 761 524 372
787 454 892 509 nisi
919 449 1313 506 monachorum
1345 463 1567 501 manum
1588 446 1654 500 ad
1681 446 1997 501 inimicitias

434 555 630 600 contra
674 560 770 600 eos
809 540 1193 611 suscipiendas
1225 548 1614 595 commoveret.
1649 539 1730 594 Re
1762 539 1835 592 ita
1867 538 2000 592 deli-

435 637 661 699 berata,
711 632 1045 703 ejuscemodi
1102 631 1540 685 comminiscitur
1586 631 1793 685 dolum.
1844 628 1998 695 Quod

439 742 676 796 namque
705 739 847 792 smpe
882 739 1003 776 cum
1034 738 1100 777 eo
1130 723 1181 776 in
1213 721 1469 776 familiari
1503 721 1903 776 consuetudine
1931 721 1998 776 de

440 819 552 872 Deo
602 814 862 870 collocuti
918 823 1124 880 essent,
1165 825 1318 869 certo
1365 816 1570 869 sciebat
1617 828 1713 869 eos
1760 813 1996 884 opinari,

441 909 610 980 Deum
659 909 1067 976 incorporeum,
1100 917 1157 960 et
1190 923 1219 960 a
1268 909 1438 960 forma
1472 917 1634 976 atque
1670 908 1854 976 specie
1895 906 2002 958 hu-

443 1012 600 1051 mana
648 1010 875 1065 prorsus
926 997 1163 1049 alienum
1217 1012 1336 1050 esse
1375 1015 1388 1050 :
1427 996 1519 1065 qui
1566 996 1713 1050 enim
1766 997 2000 1050 humana

441 1089 613 1137 forma
645 1085 714 1138 sit
745 1100 869 1137 eum
901 1087 1065 1138 etiam
1107 1085 1490 1138 allectionibus
1534 1094 1589 1139 et
1634 1085 2003 1154 perpessioni—

443 1177 546 1230 bus
580 1176 838 1230 humanis
872 1177 1184 1229 necessario
1228 1176 1528 1229 obnoxium
1568 1191 1692 1230 esse
1730 1177 2004 1240 scientes;

443 1268 497 1321 id
533 1267 676 1336 quod
713 1281 742 1320 a
777 1266 1056 1320 veteribus
1089 1267 1501 1320 accuratissime
1544 1278 1628 1321 est
1669 1268 2004 1337 disputatum

445 1370 614 1427 atque
651 1358 954 1420 decretum,
992 1365 1046 1411 et
1079 1356 1341 1426 Origenes
1373 1359 1712 1426 potissimum
1747 1358 2005 1426 pulcher-

439 1441 584 1502 rime
616 1451 718 1501 hoc
747 1448 1020 1501 tractavit.
1058 1448 1112 1501 In
1141 1465 1246 1516 qua
1274 1450 1544 1502 sententia
1576 1464 1700 1503 cum
1723 1450 2005 1518 Theophi-

446 1544 532 1597 lus
560 1542 797 1595 maxime
839 1549 1011 1601 esset,
1048 1549 1103 1594 et
1137 1541 1326 1595 ulcisci
1373 1550 1551 1594 tamen
1595 1542 1742 1594 viros
1771 1556 1868 1594 eos
1900 1550 2010 1594 sta-

449 1631 664 1694 tuisset,
699 1630 868 1683 veluti
919 1630 1154 1698 tempori
1212 1630 1543 1692 inserviens,
1583 1639 1640 1682 ut
1688 1645 1808 1699 quae
1861 1638 2007 1684 recte

450 1721 792 1788 opinaretur,
821 1727 1114 1783 everteret,
1153 1734 1314 1786 grave
1350 1719 1452 1772 sibi
1483 1734 1603 1772 esse
1636 1735 1746 1772 non
1776 1718 2007 1787 putavit.

451 1811 637 1878 Itaque
667 1809 1060 1861 monachorum
1087 1810 1302 1862 turbam
1336 1809 1598 1861 adversus
1623 1823 1718 1862 eos
1748 1808 2006 1861 concitat.

558 1903 758 1953 inultos
789 1915 853 1951 ex
886 1900 966 1952 eis
996 1900 1061 1951 ad
1101 1913 1158 1952 se
1191 1899 1350 1967 rapit,
1394 1900 1536 1952 viros
1588 1899 1832 1952 moribus
1877 1897 2012 1950 sim-

452 1993 624 2060 plices
666 2001 718 2044 et
752 1990 967 2052 idiotas,
1001 1990 1187 2059 plures
1222 1990 1383 2042 etiam
1421 1989 1733 2044 illiteratos.
1768 1989 1836 2044 Et
1865 1988 2013 2042 litte-

452 2101 540 2137 ras
560 2083 626 2136 ad
651 2082 978 2134 monasteria
1003 2081 1056 2134 in
1081 2081 1377 2135 solitudine
1425 2081 1672 2142 mittens,
1691 2095 1800 2132 non
1821 2095 2014 2148 paren-

387 2183 396 2193 ‘
451 2176 582 2226 dum
617 2188 738 2227 esse
765 2173 1027 2226 Dioscoro
1070 2181 1124 2224 et
1167 2171 1434 2225 fratribus
1473 2172 1611 2240 ejus,
1641 2169 1786 2238 quod
1829 2183 2017 2237 aperte

453 2263 624 2316 Deum
656 2263 1041 2329 incorporeum
1074 2277 1198 2315 esse.
1227 2263 1611 2330 opinarentur.
1638 2261 1846 2314 docuit.
1878 2261 2017 2313 Deus

455 2368 713 2421 namque,
750 2353 951 2420 inquit,
986 2352 1146 2405 sicuti
1196 2351 1381 2404 divina
1431 2351 1715 2420 Scriptura
1764 2358 2016 2414 testatur,

457 2457 509 2499 et
538 2445 728 2498 oculos
759 2443 942 2503 habet.
977 2451 1033 2497 et
1089 2458 1274 2507 aures,
1309 2458 1505 2495 manus
1530 2481 1545 2505 ,
1571 2442 1738 2510 pedes
1759 2480 1772 2504 ,
1805 2448 1860 2494 et
1888 2439 2016 2502 alia,

460 2537 620 2590 sicuti
653 2547 708 2588 et
755 2536 1026 2599 homines,
1073 2535 1336 2588 membra.
1382 2534 1676 2587 Dioscorus
1723 2541 1930 2595 autem,
1967 2539 2021 2583 et

459 2629 578 2695 ejus
623 2634 945 2686 sectatores,
977 2639 1178 2676 novum
1227 2625 1502 2692 quoddam
1547 2632 1603 2676 et
1644 2622 2020 2689 blasphemum

461 2719 654 2784 dOgma
697 2716 958 2776 all‘crunt,
991 2716 1283 2784 Origenem
1331 2714 1502 2767 secuti
1537 2732 1551 2767 :
1583 2727 1760 2781 neque
1805 2725 2020 2774 manus,

467 2823 647 2875 neque
684 2808 874 2875 pedes,
906 2821 1084 2875 neque
1114 2804 1259 2858 aliud
1291 2804 1590 2874 quidquam
1623 2805 1790 2857 Deum
1825 2802 2023 2856 habere

462 2908 864 2954 asseverantes.
899 2897 1023 2950 lluc
1054 2897 1134 2951 sic
1162 2897 1449 2953 cavillans.
1482 2896 1782 2948 monachos
1823 2895 2024 2948 multos

462 2994 528 3043 ad
573 2991 979 3043 contentionem
1031 2988 1314 3051 excitavit,
1348 2997 1404 3041 et
1443 2987 1640 3040 seditio
1683 2988 1873 3057 ingens
1903 2995 2022 3040 orta

462 3092 546 3135 est
582 3099 595 3134 :
629 3096 933 3150 parumque
980 3079 1178 3133 decore
1212 3094 1240 3131 a
1275 3077 1738 3146 disputationibus
1779 3076 1925 3130 inter
1966 3089 2024 3130 se

466 3173 704 3242 agitatis.
745 3182 1021 3240 postremo
1056 3171 1119 3222 ad
1158 3169 1518 3223 contumelias
1561 3183 1883 3237 pervenere.
1909 3168 2026 3238 ,Αι-

470 3281 576 3334 que
607 3263 859 3331 equidem
899 3263 991 3330 qui
1025 3271 1261 3313 mentem
1291 3259 1647 3312 exercitatam
1681 3272 1735 3313 et
1762 3273 2025 3313 sensuum

467 3355 638 3406 robur
685 3354 908 3406 densius
957 3352 1309 3412 obtinebant,
1343 3349 1634 3417 Theophili
1683 3349 2026 3402 cavillatione

467 3459 575 3495 non
616 3443 1010 3494 movebantur:
1045 3454 1098 3494 et
1126 3441 1381 3494 Ilioscoro
1407 3449 1554 3493 recte
1579 3440 1858 3503 sentienti,
1887 3451 1943 3493 et
1971 3440 2027 3494 iu‘

467 3533 660 3603 primis
689 3520 909 3600 Origeni
952 3531 1325 3584 adluerebant.
1363 3530 1463 3592 Qui
1498 3544 1628 3583 vero
1666 3530 2030 3598 simpliciores

467 3632 646 3684 erant,
695 3631 752 3675 et
794 3623 1109 3690 ﬂagrantem
1162 3621 1410 3688 quidem,
1459 3621 1550 3672 sed
1586 3634 1694 3672 non
1726 3621 2027 3673 secundum

470 3716 780 3773 scientiam.
819 3717 993 3767 zelum
1039 3715 1340 3782 spirabant,
1374 3712 1754 3766 conﬂictantes
1794 3713 1936 3764 inter
1972 3727 2030 3766 se

473 3808 846 3877 nugabantur,
894 3816 950 3859 et
995 3807 1188 3859 fratres
1228 3806 1352 3858 illos
1401 3814 1660 3872 tanquam
1706 3803 1871 3873 impie
1909 3817 2032 3856 sen-

474 3902 675 3952 tientes
707 3898 1154 3967 proscindebant.
1188 3896 1263 3948 lta
1298 3898 1524 3960 factum,
1557 3903 1618 3946 ut
1651 3895 1840 3964 ingens
1867 3899 2031 3948 Asce-

475 3994 543 4045 tis
579 3993 724 4044 inter
757 4005 815 4044 se
859 3989 1225 4042 intercederet
1260 3988 1574 4040 dissidium.
1605 3986 1708 4051 Qui
1740 3985 2030 4053 TheOphili

475 4080 712 4147 partium
769 4085 957 4140 erant,
1007 4075 1347 4144 Origenistas
1401 4075 1540 4127 alios
1586 4073 1878 4127 vocabant.
1930 4073 2033 4138 Qui

475 4179 657 4221 autem
712 4168 881 4219 Deum
930 4166 1350 4234 incorporeum,
1400 4174 1455 4217 et
1501 4181 1530 4215 ιι
1581 4164 1754 4217 forma
1800 4164 2032 4217 alienum

475 4272 598 4310 esse
625 4255 959 4319 statuebant,
980 4269 1075 4307 eos
1095 4255 1185 4321 qui
1213 4271 1240 4305 a
1261 4254 1566 4322 'l‘heophilo
1587 4254 1849 4307 concitati
1876 4253 2035 4307 aliter

2100 445 2408 513 φιλοσοφῶν
2440 445 2773 510 διαγέγονεν.
2819 442 2882 493 Ἀ
2913 439 2973 509 δὴ
3007 441 3097 493 καὶ
3123 441 3452 511 διαφερόντως
3472 448 3588 512 cogi.

2099 535 2208 599 ζων
2241 535 2382 605 μάλα
2431 535 2710 601 Θεόφιλος,
2766 530 3074 600 ἀμύνασθαι
3115 531 3159 584 δ’
3211 534 3454 602 ᾑρημένος
3492 543 3590 600 τοὺς

2099 628 2320 698 ἄνδρας,
2354 628 2430 689 ὡς
2467 626 2812 696 χρησάμενος
2844 624 2921 692 τῷ
2969 624 3167 696 καιρῷ,
3221 626 3508 696 ἀνατρέπειν
3543 635 3592 682 τὰ

2099 719 2280 782 καλῶς
2317 718 2469 786 αὖτῷ
2494 717 2795 784 δεδογμένα
2845 714 2944 766 οὐκ
2993 714 3221 783 ὤκνησε.
3262 717 3361 768 Καὶ
3400 718 3453 786 δὴ
3491 736 3594 786 συγ-

2101 809 2292 878 κρούει
2321 809 2382 860 τὺ
2436 806 2546 859 τῶν
2613 803 2863 874 μοναχῶν
2927 803 3176 871 σύστημα
3227 805 3350 871 πρὸς
3399 807 3593 869 αὐτούς’

2103 900 2446 970 συναρπάζει
2478 914 2534 949 τε
2576 895 2805 956 πολλοὺς
2841 892 3086 956 ἐκείνων,
3121 891 3308 960 ἄνδρας
3357 895 3594 962 ἀκεραίους

2106 993 2203 1063 μὲν
2251 992 2340 1042 τὸν
2382 988 2516 1058 βίον,
2561 986 2775 1047 ἰδιώτας
2809 985 2865 1036 δὲ
2901 983 3093 1044 ἄλλως,
3125 984 3215 1034 καὶ
3246 985 3361 1045 τοὺς
3390 985 3594 1046 πλείονας

2104 1083 2542 1153 ἀγραμμάτους·
2584 1081 2676 1130 καὶ
2719 1077 3024 1145 γράμματα
3075 1076 3297 1141 πέμπων
3327 1079 3421 1135 τοῖς
3465 1079 3511 1126 ἐν
3545 1081 3596 1143 τῇ

2105 1177 2296 1244 ἐρήμῳ
2353 1171 2732 1241 ἀσκητηρίοις,
2783 1169 2858 1238 μὴ
2907 1168 3019 1218 δεῖν
3077 1166 3346 1218 πείθεσθαι
3379 1169 3600 1236 Διοσκᾶρῳ

2103 1271 2198 1322 καὶ
2246 1270 2359 1330 τοῖς
2397 1265 2645 1333 ἀδελφοῖς
2707 1263 3000 1332 εἰσηγεῖτο,
3038 1259 3316 1327 ἀσώματον
3361 1261 3600 1330 διαρρήδην

2107 1362 2198 1414 τὸν
2230 1358 2363 1411 Θεὸν
2418 1352 2860 1424 δογματίζουσιν.
2905 1352 2963 1404 ’0
2996 1351 3105 1419 γὰρ
3136 1350 3280 1413 Θεὸς,
3330 1351 3394 1412 ὡς
3430 1353 3457 1418 ἡ
3512 1351 3602 1404 θεῖα

2106 1449 2258 1517 λέγει
2289 1446 2503 1517 Γραφὴ.
2553 1444 2650 1497 καὶ
2711 1442 3023 1512 ὀφθαλμοὺς
3081 1443 3210 1511 ἔχει,
3239 1443 3325 1493 καὶ
3367 1438 3485 1502 ὦτα,
3531 1447 3602 1494 καὶ

2108 1541 2319 1609 χεῖρας,
2341 1537 2435 1588 καὶ
2459 1535 2645 1599 πόδας,
2701 1535 2796 1586 καὶ
2822 1534 2889 1585 τά
2934 1533 3119 1594 λοιπὰ,
3165 1532 3297 1584 καθὰ
3333 1533 3416 1584 καὶ
3453 1533 3494 1586 οί
3532 1533 3603 1586 ἀν-

2110 1629 2338 1697 Θρωποι.
2370 1624 2441 1677 Οῐ
2473 1639 2538 1692 γε
2579 1623 2684 1692 μὴν
2716 1623 2842 1692 περὶ
2871 1621 3165 1689 Διόσκορον
3215 1622 3330 1685 ξένα
3359 1626 3464 1675 τινὰ
3490 1626 3606 1691 εἰση-

2111 1717 2370 1784 γοῦνται,
2437 1716 2532 1768 καὶ
2599 1713 2920 1784 βλάσφημον
2977 1713 3156 1781 δόγμα
3216 1713 3605 1782 νεωτερίζουσιν,

2124 1809 2392 1878 Ὦριγένει
2426 1809 2684 1877 ἑπόμενοι
2708 1820 2724 1836 ⁸
2753 1808 2887 1876 μήτε
2923 1809 3137 1875 χεῖρας,
3161 1807 3291 1875 μήτε
3317 1807 3476 1868 πόδας,
3509 1805 3606 1874 μήτ’

2112 1899 2239 1954 ἄλλο
2262 1913 2314 1949 τι
2335 1897 2396 1950 τὸ
2421 1895 2564 1948 θεῖον
2599 1895 2744 1964 ἔχειν
2781 1894 3204 1964 ἰσχυριζόμενοι.
3261 1893 3428 1946 Ταῦτα
3452 1894 3504 1962 δὴ
3545 1912 3607 1946 συ-

2115 1992 2432 2063 φιζόμενος,
2473 1991 2599 2051 τοὺς
2633 1988 2862 2048 πολλοὺς
2899 1990 2980 2048 είς
3017 1987 3135 2052 ἔριν
3163 1985 3326 2054 ἀνῆψε
3351 1986 3445 2037 τῶν
3485 2001 3609 2053 μονα-

2115 2085 2245 2155 χῶν,
2283 2084 2377 2136 καὶ
2410 2081 2598 2142 στάσις
2629 2079 2851 2147 ἐκράτει
2883 2077 3053 2148 πολλή
3089 2095 3104 2111 ο
3137 2079 3226 2131 καὶ
3267 2079 3360 2131 οὐκ
3394 2079 3442 2131 ἐν
3464 2078 3608 2147 κόσμῳ

2115 2174 2254 2244 πρὸς
2285 2171 2547 2239 ἀλλήλους
2580 2169 2678 2232 τὰς
2705 2167 2969 2232 διαλέξεις
3007 2166 3334 2234 ποιούμενοι,
3383 2168 3510 2230 τέλος
3551 2172 3610 2230 εἰς

2118 2264 2303 2335 ὕϐρεις
2335 2262 2679 2315 καθίσταντο.
2707 2260 2768 2313 Ui
2821 2258 2922 2327 μὲν
2969 2253 3065 2313 οὖν
3109 2260 3507 2328 γεγυμνασμένοι
3542 2259 3611 2311 τδν

2119 2353 2244 2406 νοῦν
2301 2352 2398 2404 καὶ
2469 2351 2888 2419 πεπυκνωμένοι
2938 2350 3008 2404 τὰ
3053 2351 3384 2421 αίσθητήρισ,
3430 2351 3530 2404 οὕτε
3561 2355 3610 2420 τῇ

2120 2441 2385 2508 Θεοφίλου
2421 2441 2707 2511 σοφιστείᾳ
2736 2441 3069 2511 ἡρπάζοντο,
3097 2445 3190 2494 καὶ
3224 2445 3330 2504 τοῖς
3357 2443 3466 2510 περὶ
3495 2443 3613 2493 Avis-

2127 2547 2288 2602 κορον
2344 2531 2420 2594 ὥς
2448 2531 2624 2594 καλῶς
2658 2530 2906 2598 λέγουσιν
2941 2532 3184 2598 εἵποντο,
3211 2533 3302 2586 καὶ
3329 2533 3421 2604 πρὸ
3439 2534 3614 2585 ἐκείνων

2124 2623 2361 2692 μάλιστα
2403 2620 2707 2688 Ὠριγένειο
2734 2622 2782 2673 ot
2827 2620 2883 2672 δέ
2936 2637 3000 2688 γε
3049 2619 3310 2690 ἁπλότητι
3361 2620 3611 2683 διαζῶντες,

2122 2716 2215 2769 καὶ
2249 2714 2454 2782 θερμὸν
2487 2711 2604 2783 μὲν,
2639 2713 2700 2764 οὐ
2728 2712 2835 2780 μὴν
2887 2714 3010 2765 κατ’
3036 2713 3327 2781 ἐπίγνωσιν
3357 2713 3496 2782 ζῆλον
3545 2712 3617 2763 αὖ·

2123 2807 2368 2877 χοῦντες,
2428 2806 2565 2876 πρὸς
2620 2804 2886 2876 ἀλλήλους
2933 2805 3402 2875 παρατριδόμενοι,
3451 2807 3619 2875 ἐρεσχε-

2121 2899 2343 2959 λοῦντες
2374 2892 2536 2969 ἦσαν,
2587 2899 2680 2949 καὶ
2725 2895 2803 2958 ὡς
2862 2895 3200 2960 ἀσεϐοῦντας
3246 2898 3366 2960 τοὺς
3413 2895 3622 2963 ἀδελφοὺς

2123 2989 2394 3058 διέσυρον.
2430 2988 2591 3040 Ὅσοι
2627 2986 2730 3055 μὲν
2759 2983 2850 3040 οὖν
2880 2987 3128 3059 Θεοφίλῳ
3164 2989 3481 3058 προσέκειντο
3513 2987 3624 3055 Ὤρι-

2132 3079 2450 3150 γενειαστὰς
2475 3080 2604 3141 τοὺς
2636 3077 2830 3140 ἄλλους
2861 3079 3099 3133 ἐκάλουν
3129 3097 3144 3112 ·
3201 3080 3312 3134 ὅσοι
3354 3079 3404 3132 δέ
3451 3079 3626 3146 ἀσώμα-

2131 3188 2221 3224 τον
2275 3170 2336 3221 τό
2392 3167 2533 3221 Θεῖον
2585 3167 2845 3236 ὡρίζοντο
2899 3164 3046 3222 εῖναι
3097 3171 3191 3223 καὶ
3241 3171 3624 3239 ἀσχημάτιστον,

2145 3259 2764 3330 Ἀνθρωπομορφιανοῦς
2787 3261 2911 3323 τοὺς
2958 3261 3366 3330 ἐρεθιζομένους
3412 3260 3501 3312 ὑπὸ
3532 3257 3629 3311 Θεο-

2135 3355 2288 3423 φίλου
2316 3353 2412 3405 καὶ
2433 3351 2693 3404 τάναντία
2733 3352 3066 3420 φρονοῦντας
3101 3353 3390 3422 ὠνόμαζον.
3422 3353 3514 3404 Καὶ
3559 3367 3631 3417 μευ

2135 3445 2266 3508 ταξὺ
2317 3444 2428 3496 τῶν
2483 3443 2733 3512 μοναχῶν
2788 3443 3028 3512 πόλεμος
3084 3444 3340 3506 ἄσπονδος
3386 3443 3631 3514 ἀνερράγη.

2139 3536 2491 3606 παρατρισῆς
2547 3536 2610 3587 οὐ
2655 3537 2893 3603 σμικρᾶς
2933 3536 3250 3606 γινομένης,
3316 3538 3398 3598 Ὠς
3448 3535 3487 3586 δ’
3526 3535 3632 3600 ἐγνω

2135 3627 2389 3695 Θεόφιλος
2420 3627 2500 3688 είς
2525 3626 2685 3697 ἔργον
2713 3626 2863 3695 αὐτῷ
2901 3627 2989 3679 τὸν
3012 3628 3215 3681 σκοπὸν
3245 3628 3633 3697 προχωρήσαντα,

2139 3720 2236 3772 σὺν
2265 3717 2441 3786 πολλῷ
2474 3718 2670 3787 πλήθει
2706 3717 2800 3770 καὶ
2858 3721 3124 3789 στρατιᾶς
3155 3721 3429 3789 ἑπομένης,
3481 3718 3530 3769 τδ
3561 3717 3636 3782 τῆς

2136 3808 2364 3879 Νιτρίας
2385 3808 2805 3877 κατελάμϐανεν
2834 3807 2978 3878 ὅρος,
3011 3810 3146 3864 ἔνθα
3197 3811 3419 3880 μάλιστα
3461 3809 3639 3860 πλεῖστα

2138 3896 2280 3970 ἦσαν
2307 3901 2377 3951 τὰ
2433 3899 2774 3968 μοναστήρια
2807 3914 2821 3929 ο
2881 3901 2974 3952 καὶ
3011 3901 3227 3963 ὁπλίζει
3268 3887 3331 3952 sit
3383 3899 3522 3967 στίφη
3558 3897 3640 3947 τῶν

2141 3988 2392 4060 μοναχῶν
2417 3989 2559 4042 κατὰ
2577 4004 2635 4040 τε
2661 3989 2955 4059 Διοσκόρου
2983 3990 3079 4043 καὶ
3105 3991 3216 4042 τῶν
3241 3989 3396 4044 αὐτοῦ
3413 3987 3638 4056 stop-av-

2139 4083 2234 4132 καὶ
2289 4081 2400 4150 πῦρ
2445 4081 2683 4143 ἐνιέντες
2737 4081 2814 4148 τῷ
2865 4083 3216 4153 μοναστηρίῳ
3269 4082 3486 4143 ἐκείνων,
3522 4076 3642 4130 πάνθ

2141 4172 2336 4239 ἀθρόον
2364 4170 2612 4241 δαπάνην
2642 4170 2806 4225 αὑτοῦ
2862 4169 3166 4223 ἐποιοῦντο.
3201 4172 3263 4224 Oi
3291 4172 3347 4224 δδ
3397 4171 3478 4221 καὶ
3524 4166 3642 4219 αὐτοὶ

2143 4265 2201 4315 ἐν
2226 4261 2343 4332 χρῷ
2378 4263 2623 4315 κινδύνου
2647 4263 2950 4329 γενόμενοι,
2994 4262 3152 4331 μόλις
3181 4261 3376 4331 γυμνοὶ
3393 4260 3490 4313 τῶν
3517 4258 3664 4326 φρεά-’

476 4347 868 4416 epiuabantur,
937 4345 1579 4413 Anthropomorphianos
1658 4346 2009 4398 nominabant

2136 4369 2242 4404 των
2273 4351 2655 4422 ἀναθορόντες,
2682 4351 2774 4404 τὸν
2831 4353 2970 4422 ὺπέρ
3011 4353 3257 4422 κεφαλῆς
3309 4352 3527 4405 κίνδυνον
3563 4348 3644 4398 δέ·

481 4441 556 4494 lta
614 4440 758 4491 inter
806 4437 1104 4490 monachos
1153 4451 1258 4488 non
1307 4450 1474 4502 parvo
1513 4435 1772 4488 conﬂictu
1820 4449 2033 4500 exorto,
2141 4442 2399 4512 δρασκον.

481 4530 823 4600 implacabile
880 4531 1077 4583 bellum
1122 4531 1454 4584 concitatum
1535 4537 1642 4582 est.
1721 4528 1880 4598 373
1927 4532 2266 4602 Theophilus
2317 4537 2411 4591 ubi
2461 4538 2753 4593 consilium
2827 4553 2986 4594 suum
3033 4535 3143 4594 sibi
3188 4537 3467 4594 succedere
3528 4532 3642 4590 vidit.

480 4641 674 4692 magna
719 4623 1091 4684 multitudine,
1134 4621 1401 4674 militibus
1447 4621 1611 4674 etiam
1649 4624 2136 4690 consequentibus,
2199 4641 2442 4684 montem
2505 4630 2716 4693 Nitriae,
2746 4631 2836 4684 ubi
2897 4631 3132 4701 plurima
3159 4639 3316 4686 erant
3359 4624 3645 4683 monasteria,

478 4725 729 4783 occupat,
759 4724 813 4768 et
841 4715 1241 4767 monachorum
1272 4723 1517 4766 catervas
1580 4712 1840 4766 adversus
1902 4714 2223 4770 Diosc-orum
2267 4728 2322 4773 et
2362 4721 2560 4775 fratres
2627 4723 2747 4792 ejus
2794 4723 2964 4776 armis
3011 4723 3236 4776 instruit
3271 4739 3284 4774 :
3355 4724 3553 4790 igneque
3591 4715 3646 4763 in-

473 4809 621 4876 jecto
679 4809 1071 4862 monasterium
1127 4821 1317 4861 eorum
1377 4805 1651 4868 indendit,
1708 4816 1760 4857 et
1817 4822 2042 4874 prorsus
2083 4819 2290 4865 vastat.
2359 4813 2535 4881 Atque
2574 4813 2650 4866 illi
2725 4815 2779 4867 in
2819 4829 3091 4869 summum
3129 4813 3419 4870 discrimen
3447 4803 3646 4876 coujecti,

481 4903 567 4955 vix
616 4903 831 4956 tandem
884 4883 1134 4955 nudi'ex
1185 4902 1387 4969 puteis,
1421 4913 1530 4968 quo
1583 4911 1642 4952 se
1694 4899 2038 4964 abdiderant,
2079 4903 2399 4971 evadentes,
2433 4906 2628 4975 capitis
2655 4906 2961 4976 periculum
2994 4908 3321 4978 eﬂ‘ugerunt.

1072 5015 1296 5071 CAPUT
1333 5015 1426 5070 XI.

485 5108 546 5164 Ut
593 5109 784 5178 fratres
840 5104 1003 5178 Longi
1052 5115 1262 5178 prapter
1305 5105 1614 5178 inimicitias
1662 5101 1930 5178 TlteOpltili
1986 5120 2040 5158 se

550 5174 742 5233 Jornmi
785 5174 1170 5244 conjuuxermt.
1212 5175 1345 5228 Item
1396 5177 1458 5227 de
1504 5174 1728 5232 Isidoro,
1777 5187 1832 5226 ιιι
1878 5175 2040 5228 'l'lteo-

549 5250 690 5318 plulo
733 5250 804 5328 sit.
844 5250 1188 5298 adversatus:
1231 5255 1280 5298 et
1323 5255 1376 5296 ut
1421 5248 1659 5320 Augusto
1697 5259 1783 5298 eos
1832 5246 2044 5313 benigne

547 5329 849 5386 susceperit.

554 5429 678 5484 llaec
734 5432 788 5483 in
839 5429 1070 5500 Egypto
1123 5429 1453 5498 agebantur,
1511 5438 1565 5482 et
1612 5427 1877 5483 Joannem
1928 5439 2042 5483 tum

484 5519 744 5582 latebant,
775 5523 868 5589 qui
911 5522 1178 5575 doctrina:
1217 5521 1540 5576 incumbens
1589 5519 1822 5574 tnasime
1866 5521 2048 5576 eniteo

487 5613 597 5670 but,
631 5621 850 5679 propter
897 5613 1329 5668 consentientem
1374 5615 1617 5668 omnium
1647 5611 1716 5666 de
1744 5627 1810 5666 eo
1838 5611 2038 5668 famam

2736 5025 2989 5078 ΚΕΦΔΛ.
3023 5023 3122 5079 lA'.

2157 5112 2250 5179 Ὠς
2282 5116 2335 5166 οἱ
2376 5114 2599 5180 Μανροί
2641 5113 2718 5179 τῷ
2757 5116 3008 5181 Ἰωάννῃ
3041 5113 3406 5184 προσῆλθον,
3438 5107 3650 5184 Θεοφίλῳ

2219 5174 2698 5252 ἆπεχθιινόμεισοί
2716 5200 2728 5213 ·
2785 5187 2879 5236 καὶ
2916 5174 3050 5253 πέρι
3079 5174 3418 5250 Ἶσιδώρου,
3559 5174 3652 5226 διὸ·

2217 5269 2401 5320 φορος
2432 5251 2702 5319 Θεοφίλῳ
2736 5251 3001 5322 κατέστιῇ
3023 5271 3035 5284 ο
3070 5256 3165 5307 χιιι
3188 5256 3267 5318 ὠς
3299 5255 3336 5318 ἡ
3359 5251 3650 5314 ,βασίλισσα

2217 5323 2439 5386 αὐτοὺς
2476 5323 2650 5389 ἠξίου
2673 5321 3009 5391 ἀναὸοχῆς.

2226 5434 2336 5484 Καὶ
2395 5436 2532 5486 κατὰ
2595 5434 2694 5502 μὲν
2747 5435 3024 5502 Αἴγυπτον
3073 5435 3247 5488 ταῦτα
3315 5431 3552 5500 γινόμενα
3587 5420 3652 5474 till!

2160 5525 2412 5593 Ίωάννην
2446 5525 2578 5588 τέως
2619 5527 2904 5580 ἐλάνθανον
2946 5541 2960 5555 '
2997 5529 3204 5586 ἐκεῖνος
3253 5525 3312 5578 δέ
3363 5521 3524 5577 ἀνθῶν
3562 5511 3651 5572 tu";

2147 5615 2526 5680 διδασκαλίαις
2560 5619 2798 5687 μάλιστα
2823 5619 3070 5686 διετέλει,
3105 5617 3428 5693 περιϐόητος
3451 5613 3650 5666 ἅπαντα·
