3898 6192
499 248 602 316 971

1712 252 2132 317 NlCEPliORI
2170 252 2512 312 CALLlSTi
3553 257 3633 322 972

498 378 669 438 quam
713 364 956 435 parietes
1003 365 1336 419 inanimatos
1381 367 1671 436 magniﬁce
1707 368 1950 423 excitare
1996 376 2074 422 at-

2179 356 2422 422 διαλύὲιν
2457 367 2634 420 οέλων
2662 365 2723 419 τὸ
2756 362 3068 430 σκάνδαλον,
3104 364 3193 417 καὶ
3221 363 3393 430 ἄλλους
3414 367 3537 434 τινὲς
3558 364 3636 426 τῶν

498 472 609 529 que
636 466 982 514 construere.
1018 475 1038 509 θ
1072 456 1200 512 Sive
1242 472 1372 512 vero
1417 457 1556 523 haec,
1588 473 1684 514 seu
1728 459 1833 514 alia
1880 460 2071 515 inimi-

498 549 759 603 citiarum
801 545 1093 616 Theophili
1147 560 1277 614 erga
1329 545 1596 601 lsidorum
1644 562 1809 603 causa
1862 548 2072 614 fuerit,

505 652 620 693 tum
650 637 876 709 quidem
914 636 1003 691 ille
1034 637 1364 690 Alexandria
1412 638 1623 705 pulsus,
1660 638 1727 692 ad
1774 640 2075 695 monachos

503 744 760 805 tanquam
796 732 1007 785 amicos
1061 731 1113 783 in
1148 730 1352 785 Scetim
1389 745 1447 783 se
1488 732 1718 800 recepit,
1748 740 1801 786 et
1842 731 2072 786 male'itt

502 824 887 895 Theophilum.
921 830 982 877 et
1036 822 1153 891 ipse
1209 815 1489 876 animatus
1544 822 1668 876 fuit.
1726 822 2071 892 Ejuscemodi

499 917 762 971 offensam
812 913 1142 969 Ammonius
1189 913 1415 967 abolere
1459 913 1685 977 volens,
1733 914 1922 968 ascitis
1966 913 2071 968 sibi

495 1010 619 1063 aliis
660 1007 991 1077 quibusdam
1032 1006 1342 1071 monachis,
1378 1005 1446 1060 ad
1484 1005 1850 1075 Theophilum
1897 1005 2069 1069 venit,

494 1112 549 1155 et
580 1111 642 1156 ut
680 1100 892 1155 Isidoro
939 1099 1257 1155 communio
1309 1098 1655 1163 redderetur,
1684 1098 1751 1153 ab
1782 1113 1848 1153 eo
1888 1096 2068 1166 petiit.

496 1192 552 1246 id
590 1194 683 1249 ille
728 1208 789 1248 se
829 1193 1103 1247 facturum
1137 1191 1366 1261 recepit.
1405 1191 1474 1245 Et
1507 1205 1639 1244 vero
1674 1190 1807 1244 satis
1838 1188 2071 1243 multum

496 1286 765 1355 temporis
814 1284 1122 1355 praeteriit,
1169 1294 1224 1339 et
1271 1283 1350 1339 illi
1399 1282 1538 1336 nihil
1586 1290 1850 1350 egerunt,
1890 1272 2073 1334 Theo?

495 1379 793 1447 philusque
822 1387 1010 1446 aperte
1036 1391 1148 1445 pre
1174 1391 1233 1430 se
1253 1373 1406 1438 'tulit,
1433 1385 1683 1445 tempore
1706 1371 2068 1435 extrahendo,

497 1470 683 1525 verbis
706 1485 802 1525 eos
831 1468 1024 1524 ludere
1054 1468 1194 1523 velle
1228 1484 1243 1521 :
1277 1466 1689 1522 vehementiore
1717 1464 1916 1520 ardore
1940 1477 2069 1517 eum

496 1561 758 1632 aggressi,
785 1570 845 1615 ut
873 1560 1207 1631 promissum
1238 1558 1304 1613 ad
1337 1557 1500 1611 linem
1525 1570 1685 1611 suum
1713 1554 2070 1625 perduceret,

496 1652 866 1723 supplicando
910 1649 1479 1722 postularunt..375
1517 1648 1587 1704 Et
1635 1648 1727 1702 ille
1776 1646 2071 1717 quemdam

2179 461 2430 532 μοναχῶν
2476 456 3062 529 προσεταιρισάμενος,
3110 456 3243 527 πρὸς
3280 457 3500 528 Θεόφιλςν

2175 554 2269 605 καὶ
2294 552 2397 621 τὴν
2417 549 2709 605 κοινωνίαν
2739 542 2899 612 αὖθις
2945 546 3197 617 Ἰσιδώρῳ
3240 546 3403 601 δοῦναι
3447 551 3641 608 ίδεῐτο·ὁ

2172 643 2217 696 δ’
2249 644 2595 711 ὑπισχνεῖτο.
2626 641 2717 703 Ὧς
2747 638 2806 692 δὲ
2839 637 3038 709 χρόνου
3091 638 3295 707 ῥέοντος
3342 637 3473 692 οὐδὲν
3498 642 3643 708 μᾶλλον

2171 735 2354 804 ἧνυον,
2382 732 2542 799 δῆλος
2567 732 2612 785 δ’
2649 731 2861 799 ἐγίνετο
2879 727 2976 782 καὶ
3017 726 3270 794 Θεόφιλος
3320 729 3525 792 ἐκείνους
3558 734 3641 796 ταῖς

2174 822 2415 883 ἀπάταις
2449 820 2557 873 τῶν
2603 820 2781 886 λόγων
2841 816 3339 887 παρακρουόμενος,
3391 818 3644 891 θερμότερον

2175 911 2550 971 εἰσπεσόντες,
2584 909 2871 979 περαίνειν
2903 906 2966 960 τὸ
3000 904 3160 978 ἔργον
3195 908 3577 975 κατηντιϐόλουν.
3604 912 3645 966 '0

2175 1004 2221 1058 δ’
2248 1005 2345 1058 ἕνα
2374 1003 2483 1056 τῶν
2514 1003 2776 1073 μοναχῶν
2815 1001 3115 1064 συλλαϐὼν,
3149 1002 3309 1056 ἐδίδου
3358 1008 3554 1075 φρουρᾷ,
3595 1007 3647 1070 ὡς

2173 1096 2240 1151 ἂν
2262 1095 2390 1157 τοὺς
2415 1095 2610 1156 ἄλλους
2662 1094 2933 1164 φοϐήσας,
2990 1092 3319 1163 ἀπαλλαγείη
3368 1095 3456 1165 τῆς
3501 1101 3685 1167 συχνῆς·

2174 1187 2498 1249 ἐπιθέσεως.
2541 1186 2604 1239 ’0
2631 1185 2688 1238 δὲ
2727 1183 2982 1238 τοσοῦτον
3029 1183 3123 1237 τοῦ
3185 1184 3375 1237 σκοποῦ
3419 1185 3681 1258 διημάρτα-ι“

2174 1296 2287 1344 νεν,
2324 1246 2471 1333 ὥστ’-
2498 1276 2813 1347 Ἀμμώνιος
2875 1277 2971 1330 καὶ
3022 1276 3148 1338 τοὺς
3199 1276 3406 1339 λοιποὺς
3454 1246 3680 1349 eligam}

2176 1370 2287 1424 τῶν
2352 1369 2631 1440 μοναχῶν,
2683 1368 2789 1421 ὑπὸ
2826 1366 2929 1439 τὴν
2980 1369 3222 1438 φρουρὰν
3265 1366 3395 1422 ἑκὼν
3433 1369 3683 1437 heram”

2174 1462 2397 1531 δόκησιν
2449 1463 2559 1532 γὰρ
2611 1464 2726 1523 τοῖς
2782 1464 3048 1533 φρουροῖς
3091 1461 3461 1531 παρασχόντες,
3503 1463 3562 1524 ὠς
3597 1464 3651 1526 είς

2179 1551 2469 1617 μετάδοσιν
2493 1551 2602 1604 τῶν
2629 1551 2960 1622 ἐπιτηδείων
2988 1554 3106 1614 τοῖς
3145 1551 3520 1622 καθειργμένοις
3539 1548 3650 1624 ἦιον,

2177 1645 2371 1701 ἄνετον
2427 1641 2587 1714 εὖρον
2643 1646 2746 1715 τὴν
2806 1644 3039 1698 εῐσοδον.
3066 1642 3274 1697 Ἐκεῖσε
3304 1643 3357 1696 δὲ
3413 1646 3651 1711 γεγονότες,

496 1763 563 1802 ex
607 1745 893 1808 monachis
930 1744 1387 1813 comprehensum
1423 1741 1686 1797 custodia:
1728 1739 1970 1803 inclusit,
2008 1748 2067 1793 ut

2177 1737 2351 1792 οὐκέτ’
2381 1738 2586 1805 ἐξιέναι
2618 1735 2939 1808 ἠϐούλοντο.
2974 1735 3146 1798 Γνοὺς
3172 1733 3230 1786 δὲ
3257 1732 3415 1786 ταῦτα
3440 1734 3652 1803 Θεόφιλος,

497 1836 623 1890 aliis
663 1834 970 1900 exterritis,
1009 1832 1261 1887 molestia
1307 1848 1373 1886 ea
1419 1847 1526 1901 qua
1565 1831 1717 1886 illum
1751 1829 2073 1900 lrequentcr

500 1925 864 1997 impetebant,
898 1925 1248 1979 liberaretur.
1294 1923 1528 1977 Tantum
1580 1930 1763 1976 autem
1811 1919 1970 1976 abest
2012 1927 2071 1974 ut

500 2017 733 2074 consilio
764 2031 835 2072 eo
866 2014 1169 2087 quidquam
1202 2013 1472 2079 effecerit,
1506 2021 1565 2067 ut
1597 2012 1925 2067 Ammonius
1962 2025 2071 2065 una

499 2125 625 2163 eum
665 2106 895 2176 reliquis
929 2119 1067 2174 quos
1112 2111 1370 2174 coegerat
1405 2101 1715 2164 monachis,
1751 2115 1849 2155 sua
1876 2109 2073 2170 sponte

499 2213 778 2254 carcerem
805 2198 878 2252 sit
905 2196 1208 2266 ingressus.
1234 2193 1374 2250 Cum
1398 2193 1550 2248 enim
1571 2207 1692 2248 eam
1712 2190 1781 2247 de
1801 2206 1861 2246 se
1885 2200 2076 2246 custo-

497 2292 661 2347 dibus
687 2289 1059 2360 praebuissent
1087 2287 1431 2357 opinionem,
1467 2283 1636 2340 veluti
1664 2283 1809 2338 illam
1837 2283 1909 2339 ob
1939 2297 2073 2337 cau-

497 2400 614 2438 sam
663 2397 732 2437 eo
769 2382 1075 2444 venissent,
1117 2387 1178 2432 ut
1213 2378 1416 2432 vinctis
1447 2391 1536 2431 res
1564 2373 1905 2430 necessarias
1934 2388 2073 2444 prte-

498 2478 713 2542 herent,
756 2472 990 2528 liberum
1036 2471 1278 2525 habuere
1315 2469 1374 2527 in
1416 2483 1695 2523 carcerem
1739 2466 2070 2537 ingressum,

497 2578 663 2637 atque
694 2566 824 2621 inde.
846 2563 1036 2634 egredi
1064 2563 1383 2618 noluerunt.
1418 2558 1575 2624 Quod
1608 2558 1703 2613 ubi
1733 2557 2072 2627 Theophilus

498 2659 795 2722 intellexit,
826 2659 894 2710 ad
925 2671 984 2710 se
1016 2669 1113 2710 eos
1155 2654 1345 2708 venire
1383 2652 1567 2723 jussit.
1606 2649 1693 2706 llli
1733 2657 1916 2705 autem
1953 2649 2072 2720 pri-

494 2764 645 2804 mum
683 2751 734 2803 ei
773 2748 1180 2816 signilicarunt,
1220 2752 1278 2797 ut
1310 2743 1428 2813 ipse
1466 2742 1540 2797 ibi
1586 2747 1787 2813 prasto
1817 2747 1984 2804 esset,
2015 2747 2072 2794 et

495 2842 736 2898 exeundi
767 2842 849 2895 eis
881 2848 1210 2910 potestatem
1244 2836 1596 2891 concederet.
1627 2832 1897 2904 Oportere
1924 2831 2070 2888 enim

498 2934 778 3004 propalant
833 2932 917 2986 eis
967 2930 1172 2986 exitum
1230 2924 1514 2997 permitti,
1567 2927 1662 2995 qui
1718 2932 1827 2979 tam
1881 2930 2073 2993 aperte

495 2996 832 3078 contumelia
873 3021 942 3074 ab
972 3035 1039 3074 eo
1071 2996 1253 3075 allecti
1282 3024 1489 3071 essent.
1526 3013 1626 3068 Vix
1657 3022 1841 3069 autem
1872 3009 2072 3067 deinde
2116 2996 2159 3027 ⁸

491 3117 546 3170 ei
579 3116 858 3173 cedentes,
893 3111 961 3166 ad
1010 3126 1137 3165 cum
1174 3117 1305 3165 sunt
1334 3107 1628 3176 progressi.
1672 3105 1768 3160 llle
1807 3103 2072 3173 depreca-
2097 3081 2141 3142 Ο

498 3211 647 3263 tione
696 3204 1124 3268 interveniente,
1164 3199 1445 3272 pollicitus
1489 3213 1548 3253 se
1596 3198 1677 3253 eis
1722 3206 1910 3266 postea
1958 3209 2073 3248 mo-

430 3346 437 3352 .
498 3304 699 3358 lestum
728 3315 838 3354 non
872 3298 1009 3360 fore,
1040 3294 1135 3351 sed
1179 3309 1240 3349 rc
1284 3292 1403 3363 ipsa
1444 3292 1774 3360 promissum
1823 3286 2072 3357 expletu-

500 3406 621 3445 rum
660 3404 808 3454 esse,
839 3402 936 3442 eos
985 3382 1243 3440 absolvit.
1297 3381 1446 3436 lntra
1497 3381 1739 3450 seipsum
1785 3385 1966 3431 autem
2012 3389 2074 3430 se

495 3480 823 3536 excrucians
865 3475 1284 3547 indignabatur,
1321 3482 1377 3527 et
1427 3470 1553 3526 mali
1604 3467 1889 3539 quidpiam
1937 3464 2074 3520 viris

496 3572 576 3626 eis
607 3571 786 3627 facere
819 3569 1176 3632 moliebatur,
1208 3579 1355 3635 quos
1374 3572 1535 3618 antea
1566 3576 1675 3616 non
1708 3574 1871 3616 secus
1909 3566 2074 3625 atque

497 3680 652 3721 suam
687 3662 864 3734 ipsius
893 3660 1132 3715 animam
1164 3657 1469 3713 dilexisset.
1506 3652 1657 3713 Cum.
1677 3660 1861 3707 autem
1902 3646 2071 3703 animi

498 3756 701 3810 dubius
737 3761 906 3820 esset,
936 3749 1215 3821 quomodo
1259 3747 1481 3803 tandem
1522 3760 1666 3817 aegre
1703 3745 1813 3800 illis
1845 3742 2071 3805 faceret,

497 3848 591 3918 qui
624 3856 989 3918 praeterquam
1039 3856 1276 3912 corpora
1313 3840 1453 3896 nihil
1486 3836 1852 3910 possiderent,
1891 3842 1950 3889 et
1986 3847 2075 3888 res

497 3955 691 3994 omnes
742 3935 1065 3993 monasticae
1097 3931 1464 4004 philosophia
1499 3944 1614 3985 sua
1653 3932 2073 3999 postponerent,

497 4031 739 4101 quietem
803 4043 998 4084 eorum
1065 4025 1439 4080 interturhare
1495 4033 1788 4091 aggressus
1845 4022 1965 4081 est,
2023 4022 2078 4069 et

497 4122 859 4189 quaestionem
896 4133 1016 4172 eam
1061 4117 1131 4171 de
1177 4113 1432 4185 Origenis
1475 4112 1737 4182 opinione
1775 4124 1897 4179 qua
1931 4107 2077 4168 dicta

499 4223 606 4277 est,
646 4213 730 4266 eis
771 4210 1027 4265 criminis
1071 4209 1197 4263 loco
1245 4207 1473 4278 obiecit.
1526 4203 1636 4260 llas
1675 4203 1846 4259 fuisse
1884 4214 2079 4258 causas

502 4302 759 4373 cognovi,
793 4316 895 4355 cur
944 4299 1212 4364 Isidorus,
1243 4313 1407 4367 quem
1453 4296 1714 4359 diximus,
1746 4310 1870 4350 cum
1922 4293 2079 4348 Dios-

2174 1828 2315 1901 πρὸς
2338 1828 2532 1883 ἑαυτὸν
2554 1827 2754 1891 αὐτοὺς
2789 1826 3202 1896 μετεστέλλετο.
3238 1826 3298 1878 Oi
3327 1826 3379 1879 δὲ
3406 1825 3560 1895 πρῶτι
3582 1828 3652 1892 μίν

2173 1921 2466 1991 διεμήνυον
2490 1960 2507 1985 ,
2568 1920 2733 1973 αὑτὸν
2776 1921 2987 1974 ἐκεῖνον
3034 1919 3457 1991 παραγενόμενον
3505 1918 3653 1972 Mm

2172 2014 2273 2084 τὴν
2299 2012 2479 2079 ἔξοδον
2506 2029 2522 2046 ⁶
2549 2017 2747 2085 χρῆναι
2772 2013 2882 2084 γὰρ
2939 2013 3229 2084 παρρησίᾳ
3272 2012 3590 2083 ὑϐρισμένους,
3612 2014 3653 2066 ιν

2174 2107 2397 2179 φανερῷ
2418 2106 2517 2160 καὶ
2548 2106 2648 2176 τὴν
2682 2104 2866 2170 ἔξοδον
2926 2102 3263 2175 γεγενῆσθαι
3294 2120 3310 2137 ο
3363 2105 3491 2173 μόλις
3516 2104 3551 2157 δ’
3587 2106 3653 2156 ἐν·

2172 2200 2381 2265 δόντες,
2414 2196 2548 2269 παρ’
2576 2198 2741 2252 αὐτὸν
2777 2191 2936 2268 ἧκον.
2958 2196 3321 2268 Παραίτησιν
3369 2198 3418 2251 δὲ
3467 2198 3564 2259 δοὺς
3603 2194 3655 2255 ὡς

2172 2291 2357 2344 οὐκέτι
2388 2290 2645 2360 λυπήσει,
2672 2288 2794 2341 ἀλλ’
2816 2287 3098 2342 έκτελέσει
3119 2288 3178 2342 τὸ
3203 2288 3374 2360 ἔργον,
3399 2288 3653 2357 ἀπέπεμπε·

2174 2383 2296 2437 καθ’
2326 2381 2521 2436 ἑαυτὸν
2545 2382 2590 2435 δ’
2613 2381 2915 2452 ὲπλὴττετο
2949 2382 3046 2435 καὶ
3080 2380 3396 2450 ἠγανάκτει,
3417 2380 3496 2433 καὶ
3537 2380 3656 2432 κακόν

2171 2491 2226 2529 τι
2253 2474 2387 2546 δρᾷν
2413 2473 2647 2543 ὶμελέτα
2694 2472 2819 2536 τοὺς
2875 2472 3105 2543 ἄνδρας,
3132 2456 3245 2534 ὀὓς
3300 2472 3381 2524 ica
3437 2474 3516 2524 καὶ
3552 2471 3657 2540 ψυχῇ

2174 2565 2347 2637 φιλῶν
2384 2565 2632 2620 διετέλει.
2678 2564 2766 2618 Ἐν
2795 2564 2990 2634 ἀπόρῳ
3030 2562 3090 2618 δὲ
3127 2562 3397 2627 καθεστὼς
3431 2563 3455 2616 ὃ
3485 2580 3529 2616 τι
3568 2561 3659 2630 896-

2175 2675 2339 2723 σειεν,
2365 2658 2566 2728 ἄνδρας
2591 2656 2733 2728 πλὴν
2755 2655 2849 2710 τοῦ
2878 2654 3136 2724 σώματος
3162 2655 3326 2726 μηδὲν
3348 2655 3660 2723 κεκτημένους,

2175 2749 2271 2803 καὶ
2301 2747 2458 2803 πάντ’
2494 2749 2552 2800 έν
2583 2747 2829 2817 δευτέρῳ
2860 2744 3003 2816 πρός
3030 2746 3095 2800 τὸ
3132 2747 3431 2815 φιλοσοφεῖν
3473 2745 3666 2812 ποιουμέο

2175 2858 2324 2906 νους,
2374 2838 2477 2910 τὴν
2528 2840 2759 2909 ἡσυχίαν
2815 2838 2998 2891 αὐτῶν
3056 2837 3318 2904 ἐπειρᾶτο
3364 2838 3661 2911 olla-{ortiv-

2172 2932 2269 2986 καὶ
2306 2931 2368 2985 τὸ
2400 2931 2531 3001 περὶ
2560 2930 2659 3001 τῆς
2702 2931 3012 3001 Ὠριγένους
3057 2931 3221 3000 δόξης
3270 2930 3484 3001 ζήτημα,
3526 2928 3583 2991 ὣς
3621 2943 3665 2995 γε

2176 3025 2414 3097 εἴρηται,
2441 3022 2650 3086 τούτοις
2680 3023 2966 3093 ὲπῃτιᾶτο.
3013 3022 3240 3091 Ταύτην
3296 3023 3387 3093 μὲν
3438 3017 3514 3076 οὖν
3543 3019 3667 3088 ἔγνων

2175 3118 2453 3186 πρόφασιν
2483 3112 2582 3168 τοῦ
2622 3115 2827 3168 καὶτὸν
2856 3115 3155 3186 εἰρημένον
3199 3114 3450 3184 Ἰσίδωρον
3489 3113 3566 3166 σὺν
3590 3111 3668 3171 τοῖς

2176 3208 2307 3278 περὶ
2367 3207 2662 3275 Διόσκορον
2727 3206 2828 3276 τὴν
2900 3207 3318 3261 Κωυσταντίνου
3372 3203 3669 3260 καταλ.α6εἰν’

2175 3297 2318 3353 ὥστε
2374 3299 2529 3367 κοινῇ
2573 3296 2639 3368 δὴ
2706 3297 3028 3368 προσιόντες
3086 3297 3242 3369 παρά
3291 3314 3347 3351 τε
3391 3295 3566 3367 βασιλεῖ
3608 3292 3675 3345 καὶ

2187 3388 2415 3462 Ἰωάννῃ
2475 3390 2694 3460 κριταῖς
2721 3428 2736 3454 ,
2794 3388 2865 3442 τὰ
2918 3390 3043 3443 κατ’
3094 3389 3277 3444 αὐτῶν
3328 3384 3677 3457 ἑσκευωρημὲνι

2175 3482 2558 3552 διελεγχθῆναι
2604 3497 2619 3512 ·
2677 3483 2774 3537 καί⁵
2824 3481 2934 3553 γὰρ
2990 3481 3168 3553 ᾤοντο
3238 3483 3471 3551 Ἰωάννην
3518 3477 3677 3531 ἐνδίκου

2176 3575 2494 3646 παρρησίας
2523 3573 2988 3645 ἔπιμελούμενον,
3016 3574 3131 3627 τῶν
3165 3574 3385 3630 δικαίων
3409 3572 3476 3641 μὴ
3501 3566 3678 3637 accol-ﬁ.

2179 3683 2288 3721 σαι.
2334 3666 2394 3720 '0
2414 3665 2471 3719 δὲ
2500 3664 2844 3736 φιλοφρόνως
2873 3664 3003 3729 τοὺς
3059 3664 3267 3739 ἄνδρας
3324 3662 3596 3732 δεξάμενος,
3638 3657 3679 3711 ὲν

2175 3761 2311 3830 τιμῇ
2334 3752 2450 3828 εἶχε
2482 3772 2496 3788 ο
2532 3758 2629 3812 καὶ
2673 3757 2784 3811 τῶν
2815 3757 2914 3829 μὲν
2951 3758 3047 3811 hri
3082 3760 3185 3824 τῆς
3243 3754 3515 3825 ἐκκλησίας
3551 3748 3679 3820 εὐχῶν

2182 3849 2487 3921 μετεδίδου,
2535 3849 2698 3903 θείων
2746 3848 2804 3904 δι
2857 3852 3145 3904 κοινωνεῖν
3193 3849 3373 3911 αὐτοῖς
3430 3842 3680 3917 μυστηρίων

2178 3941 2414 4023 ᾲπηξίου
2440 3957 2456 3974 ·
2489 3940 2628 4013 μηδὲ
2650 3939 2762 4012 γὰρ
2816 3940 3039 4010 θεμιτὸν
3064 3935 3212 3996 εἶναι
3241 3938 3344 4011 πρὸ
3384 3934 3682 4023 curvom.

2179 4022 2389 4089 τούτων
2418 4033 2604 4098 αὐτοῖς
2634 4032 2986 4101 μεταδοῦναι.
3010 4033 3260 4104 Γράμμα
3286 4032 3341 4085 δὲ
3387 4030 3472 4084 καὶ
3495 4022 3682 4095 Θεοφίλῳ

2182 4125 2324 4194 ὑπὲρ
2354 4124 2537 4179 αὐτῶν
2559 4122 2835 4191 ἔστελλεν,
2870 4123 2903 4193 ἢ
2932 4123 3031 4194 τὴν
3056 4123 3349 4178 κοινωνίαν
3391 4121 3549 4179 αὐτοῖς
3584 4117 3685 4167 ἁπο-

2181 4218 2388 4281 δοῦναι,
2419 4217 2596 4287 ὀρθῶς
2624 4214 2685 4268 τὸ
2713 4215 2867 4270 Θεῖον
2893 4215 3213 4279 δοξάζουσιν
3247 4231 3261 4244 ·
3298 4216 3346 4268 εί
3371 4212 3413 4266 δ’
3448 4209 3544 4272 οὖν,
3584 4202 3685 4259 ἀλλά

2182 4327 2305 4365 τινα
2335 4309 2580 4377 πέμπειν
2623 4307 2808 4371 αὐτοῖς
2844 4307 3229 4376 δικασόμενον,
3269 4306 3327 4369 ὃς
3377 4302 3508 4370 αὐτῷ
3547 4294 3687 4361 ἐπιτή·

534 4409 631 4447 oro
677 4401 732 4446 et
772 4390 1043 4445 fratribus
1083 4390 1201 4460 ejus
1244 4387 1782 4457 Constantinopolim
1812 4386 2074 4440 venerit:

2182 4401 2324 4463 δειος
2354 4416 2370 4432 ο
2401 4398 2522 4466 εῐγε
2555 4397 2692 4460 τέως
2719 4396 2845 4469 δίκῃ
2887 4397 2999 4450 δεῖν
3057 4398 3242 4452 ἕλοιτο
3284 4397 3352 4450 τὰ
3398 4394 3504 4448 κατ’
3540 4386 3685 4445 αὐτοὺς

508 4482 763 4537 nimirum
793 4490 853 4534 ut
887 4478 1108 4550 publice
1137 4477 1241 4534 sub
1267 4478 1604 4546 imperatore
1637 4475 1756 4544 ipso
1784 4480 1841 4529 et
1867 4474 2074 4530 Joanne

2182 4491 2585 4564 διακρίνασθαι.
2630 4489 2755 4544 Ἐπὶ
2785 4488 2984 4544 πολλοῦ
3012 4489 3071 4545 δὲ
3109 4490 3314 4562 καιροῦ
3361 4489 3455 4558 τῆς
3489 4488 3537 4538 ιν
3574 4478 3686 4534 πόλει

507 4574 801 4636 ἰιιΠυίὶΜε,
843 4571 1062 4639 injuria:
1112 4579 1278 4638 atque
1325 4566 1562 4630 insidiae,
1603 4564 1806 4636 quibus
1849 4566 2078 4634 expetiti

508 4669 742 4727 fuerant,
765 4670 1255 4737 cognoscerentur.
1291 4658 1689 4714 Existimabam
1714 4657 1888 4724 enim,
1914 4657 2080 4713 Joan-

506 4776 628 4814 nem
664 4774 763 4827 pro
794 4764 1058 4811 consueta
1095 4754 1203 4808 sibi
1236 4753 1512 4814 libertate,
1546 4766 1654 4821 qua
1685 4751 1930 4821 legitime
1959 4759 2083 4806 ute-

511 4861 684 4913 batur,
718 4866 745 4903 a
774 4850 897 4920 jure
942 4858 994 4903 et
1039 4849 1300 4917 aequitate
1350 4860 1459 4900 non
1502 4844 1886 4899 aberraturunt
1933 4858 2077 4900 esse.

503 4944 598 4999 ille
640 4944 787 4996 viros
837 4942 1366 5011 benigneacccptos
1419 4939 1473 4992 in
1518 4937 1726 4992 honore
1772 4936 1987 4999 habuit,
2022 4946 2077 4991 et

506 5038 569 5093 ad
603 5051 927 5091 communes
967 5035 1018 5088 in
1052 5034 1285 5089 ecclesia
1333 5047 1526 5103 preces
1556 5031 1835 5095 adhibuit,
1885 5030 1952 5085 ad
1993 5029 2081 5084 di-

509 5130 757 5183 vinorum
806 5136 989 5180 autent
1043 5124 1433 5196 mysteriorum
1481 5121 1923 5177 communionem
1969 5133 2080 5172 non

507 5221 747 5276 admisit.
780 5218 970 5287 Neque
1000 5216 1149 5271 enim
1179 5215 1261 5269 fas
1287 5221 1431 5279 erat,
1463 5221 1591 5267 ante
1623 5226 1842 5266 causam
1894 5212 2085 5280 cogni-

474 5325 614 5380 tam
662 5327 728 5367 ea
766 5325 903 5366 cum
957 5309 1067 5363 illis
1109 5308 1538 5362 communicare.
1583 5303 1667 5358 Ad
1712 5302 2080 5373 Theophilum

512 5422 638 5461 vero
668 5421 768 5475 pro
795 5406 879 5460 eis
918 5404 1134 5458 litteras
1170 5401 1343 5465 dedit,
1373 5408 1432 5454 ut
1474 5397 1560 5452 vel
1599 5396 1705 5451 illis
1742 5398 2085 5450 communio-

511 5519 636 5557 nem
687 5502 960 5565 redderet,
1005 5500 1099 5569 qtti
1151 5508 1299 5553 recte
1345 5496 1415 5551 de
1469 5496 1580 5549 Deo
1628 5495 1900 5549 sentirent
1945 5511 1960 5547 :

2183 4578 2471 4648 διατριϐῆς
2498 4579 2614 4641 τοῖς
2653 4580 2917 4649 μοναχοῖς
2946 4578 3277 4649 γενομένης,
3333 4577 3415 4647 ἐφ’
3445 4571 3550 4630 ὁδοῦ
3573 4568 3687 4639 τροί-

2183 4669 2320 4740 ούσῃ
2336 4671 2403 4739 τῇ
2420 4669 2653 4739 βασιλίδι
2675 4667 2930 4742 Εύδοξίᾳ,
2958 4672 3008 4724 οἱ
3029 4672 3178 4741 ἀμφὶ
3219 4668 3516 4741 ⁹Δμμιὶινιον
3540 4664 3681 4717 ἐκεῖνοι

2187 4759 2522 4830 προσῆλθον,
2554 4760 2951 4830 έπαιτιώμενοι
2990 4763 3257 4834 Θεόφιλον
3286 4759 3366 4825 οἷς
3418 4758 3522 4813 κατ’
3556 4750 3686 4807 αὐτῶν

2187 4850 2570 4904 ἐϐουλεύσατο.
2637 4850 2701 4904 Ἦ
2748 4851 2797 4905 δ’
2850 4851 3153 4921 αίσθομένη
3232 4851 3331 4922 τὴν
3389 4848 3500 4904 κατ’
3546 4840 3689 4897 αὖτοὺς

2189 4941 2425 5005 ἀδικίαν,
2448 4941 2666 5010 τιμῶσα
2694 4941 2818 5002 τοὺς
2844 4941 3066 5012 ἄνδρας,
3094 4942 3190 4995 τοῦ
3218 4943 3402 5011 πρόσω
3426 4940 3545 4991 ίέναι
3567 4934 3686 4995 ἔστιν

2190 5029 2286 5081 καὶ
2317 5029 2409 5082 τοῦ
2447 5030 2729 5100 βασιλικοῦ
2759 5032 3037 5101 ὀχήματος
3068 5031 3418 5103 προκύψασα,
3451 5031 3507 5096 τῇ
3536 5018 3687 5089 amicali

2188 5121 2438 5187 ἐπένευε,
2467 5124 2583 5186 καὶ,
2613 5140 2632 5173 ι
2662 5123 2972 5191 Εὑλογεῖτε,
3007 5126 3135 5193 ἔφη,
3190 5125 3357 5194 εὐχάς
3387 5139 3442 5174 τε
3473 5116 3591 5185 ὑπὲρ
3621 5107 3686 5162 τοῦ

2192 5214 2460 5282 βασιλέως
2492 5217 2585 5266 καί
2616 5215 2754 5284 ἐμοῦ
2779 5216 2874 5269 καὶ
2910 5218 3015 5270 τῶν
3044 5216 3253 5269 παίδων
3284 5217 3494 5267 ποιεῖτε.
3532 5198 3688 5271 Ἦΐὼδ

2191 5308 2317 5360 ὅσον
2340 5308 2505 5375 τάχος
2531 5307 2756 5360 σπεύσω
2781 5308 3042 5378 Θεόφιλον
3075 5308 3391 5378 ἀφικέσθαι.
3417 5322 3435 5355 ι
3459 5303 3553 5356 Καὶ
3576 5298 3603 5366 ἠ
3625 5293 3687 5362 μὲν

2194 5396 2320 5450 τάδε
2344 5396 2576 5451 εἰποῦσα
2604 5398 2783 5467 διέϐη.

2033 5494 2115 5547 vel
2158 5492 2416 5548 idoneum
2465 5494 2703 5564 aliquem
2745 5496 3285 5565 Constantinopolim
3336 5494 3575 5553 mitteret,
3629 5476 3689 5548 (ἰοί

510 5609 637 5646 cum
686 5595 793 5648 illis
836 5593 1156 5661 ambigeret,
1186 5588 1458 5660 siquidem
1495 5588 1545 5643 ei
1589 5589 1765 5643 visum
1798 5597 1963 5650 esset,
2029 5601 2155 5642 cum
2194 5585 2277 5641 eis
2321 5586 2533 5655 judicio
2583 5586 2942 5643 contendere.
2998 5589 3064 5642 Et
3103 5602 3231 5640 cum
3278 5585 3478 5641 diutius
3514 5578 3560 5633 in
3597 5569 3690 5627 ωδε

512 5686 766 5740 monachi
822 5694 1189 5750 morarentur,
1270 5692 1323 5737 et
1376 5680 1696 5751 imperatrix
1758 5680 1999 5735 Elltlttxlzt
2054 5681 2107 5734 in
2150 5681 2429 5750 publicum
2476 5694 2762 5749 progressa
2816 5689 2987 5743 esset,
3055 5680 3219 5750 376
3270 5673 3562 5732 Ammonius
3596 5672 3688 5717 cum
