3898 6192
208 355 318 420 977

1135 357 1742 420 ECCLESIASTIGE
1784 359 2170 417 Hlb’l‘t’llllxli
2208 359 2346 418 LIB.
2382 358 2551 418 XIII.

3376 353 3438 412 ετ
3450 351 3500 409 Et

208 465 286 530 ὡς
313 465 508 536 ἔτυχεν
537 465 907 538 ἀπορρίπτειν
957 467 1054 532 τὰς
1103 467 1213 520 τῶν
1259 469 1634 540 ἀρχαιοτέρων
1681 484 1809 535 συγ-

1914 465 2095 520 verbis
2124 481 2293 536 prope
2323 464 2701 536 perstringens
2737 479 2753 518 :
2800 479 2818 514 ι
2861 462 2996 532 Ego.
3051 460 3253 531 inquit,
3300 476 3332 516 ο
3362 462 3486 531 Epi-

201 551 436 628 ῗτραφὰς
474 557 743 629 αἱροῦμαι
769 576 784 591 ο
837 559 1190 629 βλασφημίας
1225 561 1334 630 γὰρ
1375 561 1476 614 ούκ
1516 561 1672 623 ἐκτὸς
1697 559 1796 631 τὴν

212 651 445 704 ἐκείνων
476 651 659 722 κρίσιν
685 651 995 718 ἐκϐάλλειν,
1033 652 1131 705 καὶ
1160 652 1230 705 τὰ
1260 653 1442 716 καλῶς
1476 653 1707 715 ἐκείνοις
1735 669 1795 705 τε

213 745 310 797 καὶ
350 743 430 812 τῷ
480 745 661 814 χρόνῳ
710 743 1094 813 δοκιμασθέντ’
1143 745 1356 797 ἀθετεῖν
1408 745 1467 796 οὗ
1506 745 1599 812 μοὶ
1647 745 1800 797 δοκεῖ

219 833 516 902 σωφρόνων
545 830 711 888 εἶναι.
753 853 772 886 ι
814 833 998 888 Ταῦτα
1041 836 1239 902 λέγων,
1283 835 1375 888 καί
1416 852 1467 887 τι
1506 837 1614 887 τῶν
1651 835 1797 904 Ὠρι-

215 927 412 994 γένους
453 927 910 997 συγγραμμάτων
963 927 1046 990 είς
1089 928 1254 995 μέσον
1305 927 1550 994 προῆγε·
1583 926 1677 980 καὶ
1723 929 1798 989 ὼς

215 1016 491 1085 ἀναγκαῖα
521 1017 619 1070 καὶ
643 1016 882 1086 χρειώδη
934 1017 1120 1068 ἐκεῖνα
1156 1018 1276 1078 ταῖς
1309 1015 1628 1084 ἐκκλησίαις
1659 1016 1797 1068 ἁπο-

216 1109 423 1174 δείξας,
451 1127 470 1160 ι
511 1111 774 1172 Ἄτοπον,
807 1108 984 1170 ἔλεγε,
1016 1113 1355 1179 πράττουσιν
1389 1107 1438 1160 οἶ
1485 1088 1654 1160 ταῦτα
1687 1108 1798 1160 δια-

221 1201 439 1256 ϐάλλειν
473 1203 922 1272 ἐπιτηδεύουσιν’
964 1203 1025 1254 οὐ
1077 1203 1256 1255 ταῦτα
1312 1202 1443 1274 γὰρ,
1489 1202 1624 1254 ἀλλὰ
1675 1203 1801 1272 περὶ

221 1286 297 1346 ὧν
321 1293 370 1346 οί
393 1292 542 1360 λόγοι
577 1293 953 1347 κινδυνεύουσι
984 1295 1363 1364 καλυςρίζειν.
1402 1313 1420 1345 ι
1465 1295 1524 1347 Ὀ
1551 1295 1804 1348 δέἸωάνο

220 1400 322 1454 νης
377 1383 453 1454 μὴ
485 1384 846 1454 μεμψάμενος
886 1385 1242 1453 ⁹Επιφέινιον,
1276 1380 1358 1448 οἷς
1412 1385 1547 1455 παρ’
1581 1386 1801 1455 ἐνορίαν

221 1475 566 1544 χειροτονίαν
610 1475 809 1538 ἐποίει,
840 1473 909 1528 δι’
939 1475 1121 1538 αίδοῦς
1152 1471 1256 1546 ἦγε
1289 1477 1381 1528 τὸν
1413 1477 1602 1546 ἄνδρα,
1632 1493 1805 1548 παρετ

224 1566 384 1622 κάλει
427 1583 488 1620 τε
537 1567 1028 1637 συνεκκλησιάζειν
1081 1568 1252 1638 αὐτῷ,
1307 1571 1402 1624 καὶ
1452 1570 1501 1622 εί
1562 1569 1803 1636 βούλοιτο

226 1661 527 1713 συνοικεῖν.
566 1656 628 1714 Ὀ
681 1657 738 1711 δὲ
775 1661 870 1712 καὶ
917 1660 1206 1729 ἀμφότερα
1255 1664 1578 1734 παρῃτεῖτο,
1631 1664 1678 1713 εί
1728 1660 1804 1733 μὴ

230 1750 500 1821 πρότερον
526 1750 623 1804 καὶ
666 1753 832 1816 αὐτὸς
870 1753 1069 1824 ἐπίσης
1103 1753 1210 1806 τῶν
1250 1753 1565 1822 Ὠριγένους
1602 1753 1804 1824 βίϐλων

1903 556 2096 626 phani,
2124 557 2278 610 nefas
2300 573 2420 611 esse
2475 564 2634 626 puto,
2666 555 3007 610 contumelia
3034 566 3133 608 eos
3160 552 3256 624 qui
3279 552 3484 608 dudum

1905 657 2033 703 sunt
2063 647 2288 713 mortui,
2329 646 2544 702 allicere
2581 664 2594 700 :
2629 662 2811 717 neque
2853 647 2928 701 ita
2983 654 3194 701 temere
3220 646 3488 700 vetustio-

1905 757 2028 794 rum
2063 740 2265 810 scripta
2299 740 2606 811 ahjicienda
2637 754 2856 794 censeo.
2886 737 3048 792 Extra
3084 737 3486 808 blasphemiam

1905 834 2052 888 enim
2081 849 2188 888 non
2220 843 2305 888 est
2328 834 2604 903 judicium
2643 834 2863 888 illorum
2909 832 3252 904 proculcare,
3281 841 3338 887 et
3369 845 3488 900 qua:

1908 925 2012 979 rite
2047 935 2211 995 atque
2245 927 2440 981 ordine
2494 925 2564 980 ab
2610 927 2690 980 eis
2724 937 2949 990 statuta,
3000 935 3057 980 et
3088 934 3333 993 tempore
3371 923 3491 992 ipso

1908 1019 2262 1087 comprobata
2294 1027 2443 1081 sunt,
2469 1018 2754 1089 abrogare,
2795 1017 3020 1072 minime
3072 1016 3209 1069 mihi
3271 1015 3491 1069 videtur

1909 1109 2284 1178 prudentium‘
2327 1109 2569 1164 virorum
2605 1125 2748 1164 esse.
2789 1129 2807 1161 ι
2837 1107 2974 1163 Cum
3003 1107 3158 1162 hisce
3199 1105 3387 1160 verbis
3410 1105 3491 1160 li-

1908 1201 2068 1254 brum
2103 1199 2394 1270 quemdam
2421 1200 2676 1270 Origenis
2710 1200 3028 1255 inmedium
3083 1197 3366 1269 produxit,
3406 1204 3492 1249 at-

1909 1310 2017 1363 que
2053 1294 2145 1348 ubi
2179 1309 2341 1364 quam
2397 1294 2705 1348 necessaria
2742 1303 2796 1347 et
2844 1293 2998 1346 utilia
3033 1290 3291 1346 Ecclesia:
3323 1289 3378 1342 in
3425 1301 3493 1341 eo

1909 1394 2096 1440 essent
2146 1386 2409 1440 indicavit
2458 1405 2472 1438 :
2516 1404 2534 1437 ι
2571 1384 2851 1449 Absurde,
2897 1372 3059 1446 dixit,
3119 1381 3352 1442 faciunt,
3397 1377 3493 1446 qui

1912 1477 2025 1532 haec
2061 1477 2380 1532 calumniari
2409 1477 2670 1531 student:
2714 1491 2828 1530 non
2882 1475 3030 1529 enim
3099 1473 3217 1527 hzee
3254 1476 3491 1529 tantum,

1913 1571 2007 1624 sed
2039 1585 2102 1624 ea
2130 1569 2297 1624 etiam
2329 1569 2397 1624 de
2429 1569 2632 1638 quibus
2660 1568 2715 1621 in
2760 1567 2918 1622 libris
2945 1573 3238 1626 tractatur,
3273 1560 3496 1632 pericu-

1910 1663 2026 1716 lose
2065 1662 2400 1717 contumelia
2432 1660 2646 1716 allicere
2675 1659 2956 1714 videntur.
2997 1677 3015 1709 ι
3071 1658 3314 1712 Joannes
3361 1655 3494 1724 Epi-

1912 1753 2203 1824 phanium,
2249 1752 2395 1822 quod
2431 1762 2588 1807 extra
2625 1750 2852 1808 ditionis
2885 1764 2997 1804 sum
3032 1748 3168 1803 lines
3197 1745 3494 1801 ordinandi

229 1841 700 1910 καταψηφίσηται,
733 1846 826 1896 καὶ
849 1846 974 1908 τοὺς
997 1845 1124 1913 περὶ
1148 1845 1440 1915 Διόσκορον
1469 1845 1569 1914 τῆς
1595 1847 1804 1908 πόλεως

1916 1843 2254 1917 provinciam
2280 1844 2387 1899 sibi
2411 1851 2756 1914 usurpasset,
2801 1857 2910 1897 non
2939 1839 3323 1914 reprehendit,
3395 1837 3494 1893 sed

227 1927 501 1998 ἀπελάσῃ.
535 1928 639 1982 Τοῦ
671 1930 728 1982 δὲ
757 1931 944 2000 κοινῆς
979 1932 1347 1996 συνελεύσεως
1378 1933 1507 1988 ἄνευ
1550 1933 1806 2002 λέγοντος

231 2019 309 2090 μὴ
337 2017 446 2071 δεῖν
476 2014 616 2074 εἶναι
651 2024 928 2091 προπετές
952 2039 1008 2076 τι
1049 2023 1203 2093 δρᾷν,
1235 2023 1332 2076 καὶ
1367 2025 1806 2092 ἀναϐαλλομένου

223 2111 328 2182 τὴν
366 2113 606 2182 σίτησιν,
635 2113 684 2165 οί
718 2111 1174 2184 δυομεναίνοντες
1205 2116 1434 2188 Ἰωάννῃ
1482 2117 1577 2169 ἐπὶ
1610 2117 1694 2170 ἐτέ
1707 2134 1806 2188 ραν

226 2203 428 2276 βουλὴν
484 2204 724 2274 μετῆγον
779 2205 871 2259 τὸν
925 2206 1264 2273 Ἐπιφὰνιον.
1321 2207 1655 2276 Είσηγοῦντο
1714 2208 1808 2261 καὶ

225 2301 364 2371 γὰρ,
394 2297 696 2368 μελλούσης
729 2299 1000 2370 μεγίστης
1037 2285 1312 2364 συνάξεως
1337 2301 1596 2369 γενέσθαι
1626 2301 1717 2353 ἐπὶ
1741 2303 1804 2372 τῇ

226 2392 342 2444 τῶν
382 2392 726 2446 ’Δποστόλων
755 2391 1032 2462 ἐπωνύμῳ
1063 2392 1358 2465 ἐκκλησίᾳ,
1394 2396 1573 2446 ἐκεῖσε
1611 2395 1808 2463 προελ-

228 2485 346 2540 θεῖν
375 2487 608 2549 ἐκεῖνον,
644 2487 740 2540 καὶ
770 2485 1009 2556 δημοσίᾳ
1063 2486 1162 2555 μὲν
1190 2485 1495 2556 ἐκκηρῦξαι
1528 2487 1624 2548 τὰς
1671 2488 1811 2556 Ὠρι-

228 2579 427 2646 γένους
459 2577 700 2644 βίϐλους,
730 2577 814 2630 ἔτι
843 2578 899 2631 δὲ
928 2578 1023 2632 καὶ
1052 2580 1179 2643 τοὺς
1227 2580 1356 2649 περὶ
1385 2580 1697 2651 Διόσκορον,
1734 2579 1809 2642 ὡς

227 2670 300 2723 τα
330 2669 423 2723 ῐσα
449 2669 646 2740 ἐκείνῳ
677 2669 1084 2738 πρεσϐεύοντας
1106 2687 1119 2701 ο
1153 2669 1286 2740 πρὸς
1313 2671 1368 2724 δέ
1397 2672 1492 2724 καὶ
1517 2673 1616 2743 τὴ)
1634 2673 1811 2725 Ὶωοὶν-

230 2783 330 2820 νου
386 2763 644 2835 διασύραι
691 2765 850 2829 δόξαν
904 2765 1000 2818 καὶ
1052 2764 1350 2826 διαϐαλεῖν,
1386 2758 1473 2816 οἷα
1517 2765 1581 2834 δὴ
1627 2765 1810 2828 αὐτοῖς

228 2857 689 2928 προστιθεμένου.
724 2857 835 2909 Καὶ
863 2857 913 2909 oi
951 2858 1053 2926 μὶν
1084 2858 1140 2909 ἐν
1185 2856 1398 2919 τούτοις
1431 2853 1572 2926 ἦσαν
1595 2873 1608 2886 ο
1637 2856 1810 2926 ᾤοντο

229 2950 277 3004 δ’
306 2951 472 3005 αὑτὸν
501 2949 644 3003 οὕτω
689 2950 825 3020 πρὸς
860 2948 919 3002 τὸ
965 2948 1169 3019 πλῆθος
1217 2948 1569 3020 συγκρούειν.
1609 2950 1716 3002 Καὶ
1747 2948 1812 3019 δὴ

229 3045 330 3098 ἐπὶ
383 3043 560 3114 τούτῳ
610 3042 895 3112 προελθὼν
938 3042 1282 3112 Ἐπιφάνιος,
1334 3043 1502 3109 ἐγγὺς
1561 3041 1661 3112 ἤδη
1714 3041 1812 3111 τῆς

231 3135 535 3206 ἐκκλησίας
589 3130 676 3208 ἦν.
720 3135 972 3203 ’Υπήντα
1021 3133 1080 3187 δὲ
1143 3133 1292 3204 αὐτῷ
1347 3131 1635 3202 Σεραπίων
1675 3132 1813 3202 πρὸς
1840 3175 1885 3233 C

243 3227 500 3282 Ἰωάννου
527 3227 970 3296 ἀπεσταλμένος·
1000 3225 1236 3280 ἐπύθετο
1269 3226 1378 3296 γὰρ
1421 3225 1491 3278 τὰ
1526 3225 1814 3296 βεϐουλευ-

235 3317 378 3385 μένα
405 3318 521 3378 τοῖς
554 3317 847 3385 πονηροῖς·
902 3315 999 3367 καὶ
1047 3313 1397 3385 ἐμαρτύρετο
1441 3315 1568 3384 μήτ’
1614 3313 1814 3382 ἔννομα

231 3406 501 3474 πράττειν
557 3407 869 3475 αἱρεῖσθαι,
938 3407 1076 3478 μήτε
1143 3410 1192 3460 oi
1258 3409 1408 3479 αύτῷ
1470 3410 1810 3464 συνοίσοντα.

235 3513 257 3548 ε
306 3497 532 3569 Πρῶτον
563 3498 662 3568 μὲν
713 3498 842 3569 γὰρ,
875 3501 1068 3570 φησὶν,
1097 3503 1156 3554 ἐν
1181 3503 1302 3564 ταῖς
1333 3501 1428 3555 ὑπ’
1485 3501 1587 3572 ἐμὲ
1615 3502 1816 3572 ἐκκλη-

233 3588 383 3652 σίαις
414 3592 740 3660 χειροτονεῖν
769 3590 938 3654 εἵλου,
968 3590 1074 3662 ἰδίᾳ
1103 3591 1360 3662 αὐθεντίᾳ
1385 3589 1460 3661 μὴ
1483 3592 1812 3662 προσταγεὶς

230 3681 638 3752 λειτουργήσας
663 3699 675 3712 ο
709 3684 1049 3753 προτραπείς
1079 3701 1139 3736 τε
1162 3682 1318 3747 αὖθις
1341 3685 1644 3747 κοινωνεῖν,
1671 3700 1814 3752 παρ-

233 3774 451 3845 ῃτήσαι.
526 3775 638 3828 Καὶ
671 3774 787 3840 νῦν,
817 3775 892 3840 ὦς
920 3792 984 3845 γε
1031 3776 1401 3847 πυνθάνομαι,
1434 3777 1614 3830 ἄτοπα
1640 3775 1814 3845 πράτ-

231 3883 352 3920 τειν
401 3867 616 3938 διανοῇ·
670 3867 960 3936 φυλάττειν
991 3868 1086 3922 οὖν
1119 3869 1261 3934 δέον,
1308 3871 1407 3939 μὴ,
1445 3869 1692 3930 στάσεως
1725 3868 1813 3921 ἐν·

227 3957 424 4012 τεῦθον
472 3959 549 4029 τῷ
597 3958 794 4029 πλήθει
836 3961 1239 4032 γεγενημένης,
1299 3961 1462 4022 αὐτὸς
1515 3962 1606 4013 τὸν
1669 3960 1814 4030 ὑπὲρ

233 4051 433 4106 τούτου
467 4051 714 4106 κίνδυνον
750 4053 1062 4124 ὑποστήσῃ,
1094 4055 1267 4115 αἴτιος
1315 4052 1586 4124 τοσαύτης
1612 4053 1816 4123 συγχύ-

239 4162 384 4208 σεως
433 4145 696 4214 γεγονώς.
746 4164 766 4198 ι
829 4148 938 4200 Καὶ
969 4148 995 4197 ὸ
1049 4146 1148 4213 μὲν
1194 4146 1541 4216 εὐλαϐηθεὶς,
1588 4145 1689 4215 τῆς
1723 4146 1816 4199 ἐπὶ

235 4235 401 4289 τοῦτο
436 4237 678 4306 ἀνεκόπη
708 4237 890 4307 ὁρμῆς
915 4251 928 4266 ⁸
993 4239 1052 4290 ἐν
1103 4237 1277 4307 τούτῳ
1306 4237 1362 4290 δὲ
1417 4238 1640 4306 συνέϐη,
1675 4237 1817 4307 νόσῳ

237 4328 337 4382 τδν
367 4328 458 4382 τοῦ
506 4329 771 4398 βασιλέως
824 4329 993 4383 παῖδα
1050 4328 1340 4400 βληθῆναι.
1385 4329 1449 4382 Ἦ
1497 4330 1553 4383 δὲ
1603 4329 1818 4400 βασιλὶς

235 4421 372 4488 περὶ
403 4419 480 4488 τῷ
517 4419 669 4472 παιδὶ
692 4419 963 4474 δεδοικυῖα
997 4422 1071 4490 μή
1112 4437 1160 4473 τι
1193 4421 1380 4484 πάθοι,
1411 4421 1678 4490 πέμψασα
1697 4419 1814 4490 ᾔτει

1910 1937 2096 2008 potius
2131 1936 2310 1991 virum
2350 1937 2645 1999 reveritus,
2672 1943 2732 1988 ut
2762 1947 2953 1989 secum
3006 1932 3060 1985 in
3092 1929 3327 1985 ecclesia
3356 1944 3496 1984 con-

1909 2038 2110 2082 ventus
2145 2037 2351 2098 ageret,
2397 2036 2562 2098 atque
2611 2026 2776 2081 etiam
2805 2026 2852 2080 si
2911 2023 3171 2094 placitum
3225 2022 3275 2078 ei
3327 2031 3496 2087 esset,

1911 2119 2150 2189 hospitio
2182 2120 2379 2174 domus
2408 2134 2522 2173 sua:
2557 2129 2830 2185 uteretur,
2877 2119 3132 2171 hortatus
3165 2124 3270 2169 est.
3323 2113 3489 2184 379

1909 2214 2006 2268 Ille
2037 2223 2222 2268 autem
2271 2222 2569 2284 utrumque
2622 2212 2828 2278 renuit,
2887 2210 2996 2266 nisi
3067 2209 3221 2279 prius
3271 2219 3329 2263 et
3381 2206 3499 2277 ipse

1913 2305 2169 2376 Origenis
2226 2305 2402 2360 libros
2458 2303 2800 2368 damnasset,
2862 2311 2919 2358 et
2975 2302 3304 2356 Dioscorum
3370 2313 3496 2353 cum

1910 2399 2176 2453 fratribus
2240 2397 2356 2452 suis
2419 2397 2554 2451 urbe
2629 2395 2910 2465 eiecisset.
2992 2395 3288 2464 Postquam
3357 2407 3490 2446 vero

1910 2490 2151 2546 Joannes
2204 2489 2345 2544 nihil
2405 2498 2612 2542 temere
2655 2495 2713 2541 et
2744 2485 2942 2556 cupide
2997 2495 3148 2540 extra
3215 2484 3496 2554 publicum

1912 2594 2244 2640 conventum
2277 2583 2552 2656 agendutn
2593 2597 2716 2638 esse
2747 2581 2907 2646 dixit,
2963 2591 3020 2637 et
3051 2596 3272 2636 causam
3333 2578 3496 2633 talem

1913 2681 2274 2738 dill‘erendam
2337 2680 2578 2744 censuit,
2648 2679 3054 2733 obtrectatores
3126 2675 3276 2729 illius
3348 2672 3497 2727 aliud

1913 2774 2226 2844 Epiphanio
2257 2787 2583 2844 suggessere
2609 2769 2928 2825 consilium.
2972 2765 3291 2823 Suadehant
3324 2763 3494 2828 enim,

1914 2885 2038 2924 cum
2070 2868 2293 2939 synaxis
2327 2867 2564 2920 maxima
2598 2860 2932 2918 celebranda
2951 2870 3120 2921 esset,
3151 2861 3206 2912 in
3233 2859 3487 2911 divorum

1917 2958 2293 3027 apostolorum
2349 2954 2574 3024 templo,
2614 2960 2675 3006 ut
2720 2951 2776 3006 in
2835 2949 2888 3004 id
2947 2947 3398 3020 progrederetur,
3441 2953 3499 3000 et

1917 3051 2216 3123 publicitus
2242 3050 2501 3120 Origenis
2549 3049 2724 3104 libros
2785 3047 3116 3102 damnaret:
3175 3045 3496 3099 Dioscorum

1915 3145 2082 3199 etiam
2113 3152 2168 3198 et
2197 3151 2499 3198 sectatores
2529 3141 2678 3212 ejus,
2740 3150 2802 3197 ut
2835 3139 2929 3211 qui
2977 3154 3102 3193 cum
3157 3139 3250 3193 illo
3309 3135 3498 3191 eadem

1916 3236 2202 3302 docerent,
2237 3235 2613 3306 proscriberet
2647 3253 2660 3288 :
2698 3233 2929 3290 Joannis
2959 3232 3222 3302 denique,
3247 3230 3339 3300 qui
3390 3229 3500 3283 illis

1916 3329 2248 3399 coniunctus
2278 3337 2448 3392 esset,
2471 3327 2944 3384 existimationem
2977 3341 3040 3380 ac
3067 3323 3500 3403 l‘amam;taxaret

1913 3431 2078 3489 atque
2107 3421 2522 3475 criminaretur.
2588 3419 2703 3474 lloc
2755 3420 2832 3473 ita
2901 3416 2980 3471 illi
3044 3415 3298 3484 agebant,
3349 3411 3496 3481 quod

1914 3527 2039 3567 eum
2069 3512 2149 3566 sic
2189 3511 2571 3566 existimarent
2619 3525 2746 3564 cum
2801 3507 3006 3578 populo
3051 3504 3495 3560 eonllictaturunt

1913 3619 2058 3658 esse.
2090 3607 2268 3673 Atque
2303 3600 2650 3671 Epiphanius
2670 3601 2790 3670 ejus
2829 3599 2906 3654 rei
2941 3597 3115 3668 gratia
3151 3607 3498 3666 progressus,

1915 3711 2024 3749 non
2054 3695 2214 3765 longe
2248 3694 2316 3749 ab
2341 3692 2578 3748 ecclesia
2621 3690 2819 3756 abluit,
2871 3703 2996 3744 cum
3035 3685 3298 3756 Serapion
3342 3684 3392 3740 ei
3430 3684 3500 3738 ah

1914 3787 2122 3844 Joanne
2146 3787 2348 3842 missus
2372 3785 2636 3841 occurrit.
2664 3783 2930 3838 Audierat
2991 3781 3037 3836 is
3072 3793 3330 3849 namque,
3375 3791 3501 3847 quae

1917 3882 1991 3936 illi
2028 3879 2280 3935 malevoli
2309 3877 2634 3933 suasissent.
2664 3875 2901 3930 Proinde
2934 3874 3088 3928 illum
3149 3870 3376 3927 consilia
3409 3883 3499 3924 ca-

1918 3981 2352 4046 pereattestatus
2367 3979 2472 4038 est,
2492 3985 2636 4040 quae,
2666 3966 2726 4022 u't
2751 3964 3113 4038 illegitima,ei
3150 3974 3497 4032 nequaquam

1917 4067 2207 4138 profutura
2266 4073 2469 4121 essent.
2542 4081 2560 4114 ι
2595 4061 2840 4116 Primum
2883 4072 3139 4128 namque,
3181 4054 3380 4125 inquit,
3442 4053 3498 4106 iu

1917 4155 2169 4210 ecclesiis
2201 4153 2337 4208 meis
2369 4150 2663 4207 ordinandi
2697 4157 3021 4220 potestatem
3079 4154 3266 4216 tuapte
3299 4152 3497 4197 aucto-

1918 4250 2102 4310 ritate,
2130 4245 2437 4300 ntiaisterio
2475 4244 2573 4298 tibi
2607 4259 2672 4298 eo
2700 4259 2809 4296 non
2842 4236 3500 4307 commisso,sumpsisti:

1919 4339 2119 4395 deinde
2166 4339 2232 4393 ad
2268 4337 2716 4392 communionem
2760 4335 3050 4395 invitatus,
3122 4348 3243 4388 eam
3279 4331 3500 4386 detrec-

1921 4427 2068 4484 tasti.
2105 4425 2265 4481 Nunc
2295 4441 2460 4495 porro
2486 4425 2679 4490 etiam,
2713 4423 2876 4478 sicuti
2908 4423 3095 4488 audio,
3150 4436 3266 4476 rem
3320 4418 3502 4490 indiga

247 4509 575 4580 Ἐπιφάνιον
605 4511 747 4582 ὑπὲρ
784 4511 951 4565 αὐτοῦ
1002 4511 1282 4582 εὔχεσθαι.
1326 4513 1383 4566 Ὀ
1420 4513 1477 4565 δὲ
1513 4511 1809 4582 παρηγγύα

1923 4535 2046 4573 nam
2077 4519 2320 4588 incipere
2344 4519 2570 4588 cogitas.
2598 4515 2917 4571 Cavendum
2960 4529 3089 4568 vero
3124 4513 3220 4567 tibi
3269 4521 3373 4575 est,
3428 4525 3507 4565 ne

238 4603 508 4672 ζήσεσθαι
541 4606 632 4658 τὸν
658 4605 846 4670 παῖδα,
872 4604 1013 4674 εἴγε
1044 4607 1142 4674 τῆς
1177 4605 1387 4668 πόλεως
1418 4605 1744 4657 ἀπελαθετεν
1766 4604 1816 4656 οἱ

234 4697 372 4766 περὶ
405 4697 714 4766 Διόσκορον.
753 4698 818 4750 Ἠ
847 4698 904 4750 δὲ
937 4697 1184 4764 Εύδοξία,
1222 4717 1240 4749 ι
1277 4695 1338 4750 Ὀ
1377 4697 1477 4766 μὲν
1503 4697 1656 4765 ἐμὸς,
1686 4697 1814 4766 ἐφη,

235 4791 393 4856 παῖς,
428 4789 568 4856 εἴγε
599 4790 720 4860 Θεῷ
755 4790 949 4844 δοκοῦν
1006 4793 1144 4858 ἐστι,
1177 4791 1440 4860 ζήσεται·
1483 4791 1532 4841 εξ
1567 4789 1612 4842 δ’
1643 4787 1756 4853 οὖν,
1789 4792 1818 4842 ὁ

234 4881 385 4946 δοὺς,
432 4881 480 4933 εί
535 4882 632 4934 καὶ
673 4883 840 4934 πάλιν
870 4883 1048 4934 ἕλοιτο
1075 4882 1397 4952 ἀφελέσθαι,
1427 4881 1602 4953 ταύτῃ
1649 4883 1814 4935 ἔστω.

235 4973 314 5025 Σὺ
348 4973 391 5024 δ’
413 4972 574 5044 εἴπερ
616 4967 726 5034 οἷος
756 4967 901 5042 ἦσθα
928 4973 1157 5043 νεκροὺς
1203 4973 1450 5044 ἀνιστᾷν,
1477 4973 1576 5025 οὐκ
1618 4972 1683 5025 ἂν
1717 4972 1814 5025 θα-

235 5064 386 5133 νάτῳ
416 5067 445 5118 ὁ
472 5066 563 5128 οὺς
614 5064 996 5135 ἀρχιδιάκονος
1031 5063 1312 5118 ἐτελεύτα.
1366 5084 1384 5117 ι
1431 5066 1541 5118 Καὶ
1569 5068 1678 5134 γλρ
1713 5065 1818 5135 πρὸ

237 5157 474 5228 βραχέος
503 5156 756 5210 ἐτελεύτα
785 5157 1098 5227 Κρισπίων,
1127 5159 1181 5219 ὃς
1211 5157 1440 5227 ἀδελφὸς
1467 5154 1534 5228 ἦν
1564 5157 1818 5210 Φούσκω-

235 5266 332 5310 νος
367 5251 462 5301 καὶ
486 5249 737 5320 Σαλὰμου
772 5250 882 5303 τῶν
907 5251 996 5303 ἐπ’
1026 5253 1193 5322 ἀρετῇ
1217 5251 1518 5322 διαϐοήτων
1544 5251 1814 5322 μοναχῶν,

235 5335 318 5396 ὧν
349 5343 407 5395 ἐν
440 5345 507 5413 τῇ
537 5343 677 5395 κατὰ
709 5342 990 5396 υύάλεντα
1041 5346 1334 5415 συγγραφῇ
1389 5344 1688 5415 ἐμνήσθην.
1721 5346 1816 5398 Ὃν

235 5433 338 5485 καὶ
375 5431 626 5489 σύνοικον
661 5433 825 5504 ἔχων,
864 5437 957 5489 καὶ
1005 5437 1390 5506 ἀρχιδιακόνου
1427 5438 1580 5504 τάξει
1627 5438 1814 5508 ἐτίμα.

234 5524 307 5577 Οί
335 5523 394 5577 δὲ
433 5527 559 5594 περὶ
595 5525 911 5595 Ἀμμώνιον
961 5529 1055 5581 καὶ
1086 5529 1398 5598 Διόσκορον,
1435 5529 1580 5582 οὕτω
1612 5531 1718 5600 γὰρ
1751 5532 1814 5600 τῇ

235 5617 472 5688 Εύδοξίᾳ
519 5618 718 5683 ἐδόκει,
750 5614 883 5692 ἧκον
929 5622 1065 5690 πρὸς
1101 5621 1439 5691 Ἐπιφάνιον.
1485 5624 1726 5676 Ἐκείνου
1769 5625 1814 5676 δ’

233 5711 644 5781 ἐρωτήσαντος,
698 5711 843 5775 τίνες
897 5707 1028 5780 εἶεν,
1087 5715 1115 5766 ὁ
1175 5716 1487 5786 Ἀμμώνιος
1534 5717 1812 5789 ἐπιφέρει,

246 5823 272 5858 ε
309 5803 374 5857 Ui
436 5804 680 5877 Maxpo‘t,
713 5797 756 5859 ὦ
781 5805 1033 5864 δέσποτα.
1081 5808 1220 5864 Ἀλλ’
1244 5808 1295 5862 εἴ
1323 5825 1453 5863 ποτε
1493 5809 1812 5883 συντάγμασ

1919 4607 2194 4662 seditione
2226 4622 2290 4660 ea
2321 4609 2387 4660 de
2417 4620 2578 4660 causa
2605 4605 2868 4669 excitata,
2911 4603 3026 4672 ipse
3071 4615 3234 4655 causa
3265 4598 3500 4653 dicenda

1919 4700 2229 4770 periculum
2263 4700 2483 4765 subeas,
2515 4697 2688 4752 veluti
2725 4697 2897 4750 turba:
2921 4703 2976 4748 et
3007 4691 3348 4748 confusionis
3376 4701 3500 4746 tan-

1920 4805 1986 4848 tae
2013 4804 2226 4848 auctor.
2277 4811 2295 4844 ι
2333 4791 2675 4861 Epiphanius
2701 4790 2851 4842 hisce
2882 4785 3067 4840 verbis
3117 4785 3332 4838 cautior
3384 4784 3498 4838 lac-

1919 4897 2030 4950 tus,
2055 4903 2084 4940 a
2111 4894 2292 4955 coepto
2315 4883 2546 4939 destitit.
2579 4880 2792 4936 Accidit
2812 4880 3043 4941 interea,
3064 4887 3122 4931 ut
3149 4875 3500 4945 imperatoris

1921 4980 2068 5034 lilius
2129 4978 2281 5048 gravi
2353 4975 2730 5046 corriperetur
2779 4971 2993 5026 morbo.
3035 4969 3098 5024 Et
3133 4970 3376 5040 Augusta
3431 4969 3499 5023 de

1921 5083 2094 5139 puero
2122 5084 2190 5123 ne
2220 5067 2353 5137 qttid
2380 5065 2700 5120 humanitus
2729 5063 2780 5118 ei
2814 5061 3113 5123 accideret,
3141 5074 3267 5115 cum
3297 5060 3500 5114 timore

1919 5164 2179 5224 sollicita,
2239 5160 2604 5230 Epiphanittm
2643 5156 2902 5222 accitum,
2933 5164 3000 5208 ut.
3029 5169 3130 5225 pro
3150 5154 3324 5208 salute
3378 5152 3502 5222 ejus

1920 5262 2126 5316 oraret,
2157 5252 2337 5322 petiit.
2382 5253 2447 5305 Et
2480 5250 2594 5310 ille.
2625 5263 2864 5319 puerum
2914 5245 3327 5301 convaliturum
3373 5257 3500 5298 esse

1921 5347 2199 5418 pollicitus
2232 5355 2337 5411 est,
2377 5346 2421 5399 si
2451 5344 2746 5398 Dioscorus
2798 5356 2924 5394 cum
2982 5338 3100 5394 suis
3143 5341 3279 5391 urhe
3307 5336 3494 5404 exige«

1919 5449 2092 5495 retur.
2153 5437 2399 5492 Eudoxia
2454 5445 2663 5499 autem,
2726 5452 2744 5484 ι
2792 5433 2964 5486 Filius
2995 5429 3239 5500 quidem,
3295 5428 3495 5498 inquit,

1921 5547 2096 5596 meus,
2120 5531 2165 5586 si
2193 5529 2338 5584 Deus
2385 5530 2549 5588 volet,
2591 5529 2762 5581 vivet.
2828 5525 2923 5580 Sin
2975 5538 3128 5586 eum,
3185 5520 3280 5587 qui
3321 5521 3498 5586 dedit,

1919 5623 2135 5678 auferre
2179 5623 2488 5686 constituit,
2525 5621 2648 5691 ejus
2679 5619 2934 5672 voluntas
2983 5615 3096 5670 liat.
3149 5614 3229 5668 Tu
3273 5629 3404 5669 vero
3448 5615 3504 5669 si

1920 5726 2168 5770 mortuos
2227 5717 2564 5770 exsuscitarc
2619 5726 2827 5782 posses,
2876 5708 3300 5764 archidiaconus
3367 5717 3495 5762 tuus

1920 5807 2210 5865 defunctus
2265 5822 2373 5862 non
2442 5815 2607 5862 esset.
2673 5822 2692 5858 ι
2753 5801 2941 5874 Nuper
2978 5801 3129 5858 enim
3194 5798 3500 5856 admodum.
