3898 6192
235 314 338 381 981

1165 319 1768 382 ECCLESIASTlC/E
1805 323 2192 420 IIlS'l'ORLE
2230 329 2371 392 LIB.
2414 329 2582 389 XIII.

3394 333 3527 394 982'

235 431 426 498 Ἔδοξε
459 429 516 482 δὲ
546 427 624 499 τῷ
672 428 890 501 πλήθει,
920 427 996 494 ὼς
1027 433 1316 503 αἰνίγματι
1345 435 1487 489 κατὰ
1525 437 1622 505 τῆς
1656 436 1799 506 βασι-

1910 450 2049 504 erat,
2075 441 2383 498 orationem
2433 443 2488 496 in
2535 441 2766 497 ecclesia
2819 456 2920 513 pro
2975 441 3240 497 concione
3281 443 3496 513 habuit,

229 526 376 588 λίδος
412 525 610 594 ἐκείνῳ
643 524 879 594 μάλιστα
927 527 1252 599 συντεθῆναι
1300 530 1391 584 τὸν
1426 530 1604 600 λόγον.
1639 533 1750 585 Kal
1781 533 1808 585 ό

229 618 390 687 λόγος
421 619 534 680 τοῖς
562 617 1017 688 δυσμεναίνουσιν
1043 621 1357 690 ἐκληφθεὶς,
1396 624 1490 676 ἐπὶ
1513 625 1611 692 τὴν
1647 624 1808 695 βασί-

230 709 425 762 λισσαν
451 709 670 776 ἄγεται.
717 709 780 761 Ἢ
815 709 872 762 δὲ
914 712 1112 766 θᾶττον
1149 715 1334 784 τάνδρὶ
1378 717 1684 787 προσιοῦσα
1710 718 1809 788 τὴν

226 800 442 854 οίκείαν
479 799 810 870 ἀπωδύρατο
841 799 1022 871 ὒδριν.
1060 803 1173 856 Καὶ
1195 807 1508 876 προσετίθει
1539 807 1704 861 αὑτοῦ
1743 825 1806 877 γε

227 889 322 942 τοῦ
355 890 689 960 κρατοῦντος
721 890 881 961 ὕϐριν
908 889 1048 946 εῖναι
1091 894 1190 965 τήν
1220 897 1444 966 ἐαυτῆς.
1473 899 1584 952 Καὶ
1611 897 1806 952 θᾶττον

229 981 645 1048 παρασκευάζει
679 981 856 1034 ἐλθεῖν
883 983 976 1037 τὸν
1011 985 1297 1056 Θεόφιλον,
1325 988 1419 1040 καὶ
1445 989 1541 1057 τὴν
1565 991 1689 1042 κατ’
1712 991 1809 1044 αὖ·

227 1069 325 1123 τοῦ
385 1071 692 1142 κατήπειγε
729 1071 972 1130 σύνοδον.
1005 1075 1357 1145 Συνέπραττε
1393 1079 1450 1133 δέ
1505 1080 1678 1134 ταῦτα
1711 1085 1806 1136 καὶ

228 1161 564 1231 Σευηριανὸς
593 1162 622 1215 ό
666 1162 951 1229 Γαδάλων,
996 1164 1330 1238 ὑποσμύχων
1370 1167 1453 1220 ἔτι
1483 1170 1582 1240 τὴν
1604 1169 1802 1242 λύπην,

230 1252 326 1305 καὶ
360 1252 439 1322 μὴ
471 1253 573 1318 τῆς
604 1254 807 1318 κακίας
859 1255 1226 1326 ἀπαλλαγείς.
1268 1260 1412 1313 Ἀλλ’
1441 1261 1552 1315 είτε
1586 1263 1662 1326 ῶς
1685 1263 1807 1318 ἔτυ-

228 1354 325 1407 χεν
365 1337 624 1409 Ἰωάννης
674 1340 768 1393 τδν
797 1342 1044 1399 τοιοῦτον
1081 1346 1464 1418 ἐκκλησιάζων
1489 1353 1803 1423 προήνεγκε

229 1427 413 1496 λόγον,
443 1429 544 1484 εἴτ’
564 1431 988 1502 αἰνιγματωδῶς
1019 1436 1120 1508 τῆς
1144 1436 1416 1508 βασιλίδος
1445 1443 1806 1515 κατατρέχων

228 1519 491 1590 ἐποίειτῇ
531 1521 672 1592 πρὸς
714 1522 1030 1593 Ἑπιφάνιον
1077 1526 1346 1602 ἔριδιηείς
1379 1531 1665 1602 ἀκρίϐειαν
1717 1535 1808 1589 λέ-

229 1626 350 1678 γειν
398 1612 500 1665 οὐκ
553 1613 686 1684 ἔχω.
731 1615 874 1668 Ἀλλ’
912 1618 975 1670 οὒ
1027 1619 1172 1672 πάνυ
1206 1623 1396 1694 πόρρω
1449 1624 1708 1695 Θεόφιλός
1741 1645 1804 1682 τε

229 1700 414 1771 παρῆν
440 1715 457 1730 ο
487 1701 581 1754 καὶ
604 1702 790 1787 πολλοι
821 1705 928 1758 τῶν
957 1708 1300 1780 ἐπισκόπων,
1330 1713 1378 1764 οί
1406 1713 1508 1783 μέν
1531 1720 1806 1787 προστάγ·

1917 545 2026 598 qua
2051 532 2420 587 communiter
2472 533 2524 586 in
2560 532 2822 587 mulieres
2875 533 3045 588 malas
3087 533 3340 590 invectus
3389 543 3495 590 est.

1917 621 2256 677 Multitudini
2287 633 2469 678 autem
2500 624 2678 678 visum
2704 631 2810 690 est,
2843 622 3149 679 orationem
3193 640 3313 680 eam
3337 627 3494 696 quasi

1917 712 2018 764 sub
2084 712 2368 768 involucro
2426 721 2620 768 contra
2677 712 2984 784 Augustam
3035 715 3272 769 maxime
3325 716 3393 770 ab
3428 729 3494 771 eo

1916 804 2278 873 compositam
2316 819 2437 859 esse
2464 822 2477 859 :
2505 820 2626 874 quae
2657 806 2822 860 etiam
2874 807 2943 861 ab
2992 805 3326 860 adversariis
3372 808 3493 876 ejus

1914 904 2162 963 excepta,
2184 895 2250 949 ad
2283 911 2406 950 eam
2436 908 2520 950 est
2546 896 2749 951 delata.
2779 898 2846 952 Et
2891 896 2984 950 illa
3019 898 3276 952 maritum
3309 900 3493 953 statim

1915 983 2071 1050 adiit,
2104 993 2163 1038 et
2189 986 2334 1055 apud
2395 1002 2520 1046 eum
2548 989 2938 1055 contumeliam
2968 1004 3122 1043 suam
3162 989 3490 1059 deploravit,

1913 1074 2171 1145 injuriam
2233 1093 2352 1132 eam
2404 1079 2588 1133 mariti
2637 1094 2981 1133 communem
3042 1095 3166 1136 esse
3209 1080 3489 1135 dictitans.

1913 1165 2214 1222 Confestim
2248 1168 2416 1223 etiam
2454 1169 2876 1240 utTheophilus
2908 1170 3216 1232 adveniret,
3249 1171 3488 1235 curavit,

1911 1266 2074 1328 atque
2099 1265 2158 1312 ut
2187 1259 2596 1329 quamprimum
2629 1261 2874 1332 synodus
2919 1261 3185 1318 adversus
3219 1263 3486 1317 Joannem

1912 1356 2223 1417 cogeretur,
2248 1349 2380 1419 egit.
2410 1349 2719 1421 Adjuvabat
2747 1361 2938 1407 autem
2972 1368 3093 1408 eam
3155 1353 3489 1408 Severianus

1911 1453 2158 1509 quoque,
2229 1439 2559 1496 Gabalorum
2625 1443 2936 1514 episcopus,
2988 1443 3234 1499 dolorem
3307 1444 3491 1498 adhuc

1911 1544 2071 1585 suum
2099 1539 2302 1588 tectum
2337 1533 2391 1588 in
2429 1535 2616 1589 animo
2646 1535 2860 1603 fovens,
2884 1537 3088 1607 quippe
3120 1537 3214 1607 qui
3240 1536 3486 1592 nondum

1909 1622 2352 1679 malevolentiam
2378 1627 2431 1680 in
2457 1626 2728 1682 Joannem
2771 1643 2929 1683 suam
2980 1629 3344 1699 deposuisset.
3372 1629 3490 1683 Cae-

1912 1722 2095 1767 terum
2128 1714 2243 1768 sive
2279 1715 2519 1772 Joannes
2559 1733 2689 1772 casu
2747 1719 3003 1788 quopiam
3052 1720 3372 1789 bujusmodi
3430 1721 3488 1774 in

233 1803 370 1856 ματι
432 1787 698 1856 βασιλέως
754 1785 915 1861 ἧκον,
967 1795 1016 1847 οί
1064 1795 1121 1850 δέ
1177 1797 1440 1868 Θεοφίλου
1489 1785 1799 1869 κινοῦντος·

1906 1803 2139 1860 ecclesia
2163 1805 2356 1861 habuit
2394 1808 2723 1874 orationem,
2760 1825 2858 1864 seu
2883 1811 3222 1866 subobscure
3285 1812 3339 1866 in
3386 1812 3485 1866 im-

235 1876 443 1930 μᾶλλον
492 1878 538 1930 δ’
568 1881 776 1935 ἐκεῖνοι
831 1885 1142 1950 σπουδαίως
1195 1888 1444 1960 ἔτρεχον,
1501 1893 1617 1948 ὅσοι
1670 1895 1807 1966 πρὸς

244 1964 498 2018 Ἰωάννου
523 1971 663 2022 κατὰ
696 1970 796 2040 τὴν
837 1972 1023 2028 Ἀσίαν
1078 1976 1310 2042 ἐνδίκως
1343 1981 1446 2046 τὰς
1495 1964 1808 2052 ἐπισκοπὰς

231 2056 593 2127 ἀφῃρέθησαν
618 2077 634 2092 ο
678 2064 776 2116 καὶ
821 2065 970 2121 ἄλλοι
1010 2069 1186 2142 ἑτέρῳ
1225 2073 1417 2145 τρόπῳ
1454 2078 1591 2148 πρὸς
1643 2080 1805 2135 αὐτὸν

228 2149 635 2218 ἀπηχθάνοντο.
665 2155 804 2226 Ἤδη
856 2158 911 2211 δὲ
943 2161 1038 2214 καὶ
1076 2163 1202 2232 νῆες
1237 2165 1296 2229 ἐξ
1334 2167 1611 2235 Αίγύπτου
1644 2173 1808 2227 κατέ-

232 2241 420 2336 πλεον,
454 2244 520 2308 ἃς
551 2245 809 2316 Θεόφιλος
833 2255 1184 2323 περιέμενεν.
1229 2257 1384 2312 Ἐπεὶ
1430 2261 1476 2313 δ’
1508 2263 1806 2336 ἡθροίσθη-

229 2348 336 2385 σαν
367 2335 607 2400 ἅπαντες
638 2340 783 2395 κατὰ
814 2342 915 2410 τὴν
946 2346 1027 2408 είς
1054 2345 1314 2402 Βιθυνίαν
1341 2351 1686 2421 Χαλκηδόνα,
1713 2335 1805 2411 καὶ

227 2426 532 2493 συνιόντες,
571 2429 721 2492 ὅπως
751 2433 785 2501 ή
832 2433 976 2487 κατὰ
1023 2435 1118 2489 τοῦ
1164 2437 1416 2494 Ἰωάννου
1455 2445 1804 2518 ἐπιχείρησις

225 2515 494 2586 προδαίη,
529 2517 725 2590 βουλὴν
754 2523 1061 2580 ἐποιοῦντο.
1097 2529 1230 2583 Τότε
1273 2532 1336 2601 δὴ
1367 2534 1604 2606 Κυρῖνος
1699 2515 1802 2610 τῆς

225 2609 573 2702 Χαλκηδόνος
609 2615 924 2682 ἐπίσκοπος,
943 2617 1187 2690 Θεοφίλῳ
1207 2640 1265 2677 τε
1290 2627 1430 2679 κατά
1454 2629 1609 2696 γένος
1638 2609 1806 2702 προσ-

224 2700 401 2793 ή-κων,
439 2705 534 2756 καὶ
583 2705 652 2757 τὰ
697 2708 868 2762 πολλὰ
930 2712 1080 2783 αὒτῷ
1137 2717 1460 2784 χαρίζεσθαι
1504 2700 1800 2793 ᾑρημένος,

223 2786 459 2886 (ἦν-ιγὰρ
508 2796 852 2886 ᾼίγύπτιος),
903 2800 1159 2874 διάφορος
1189 2812 1258 2858 τὰ
1305 2786 1799 2886 μάλιστα-’ίωὰννη

221 2882 610 2954 καθεστηκὼς,
649 2888 879 2944 πλεῖστα
928 2893 1143 2962 παριὼν
1191 2897 1448 2970 ἐλοιδόρει
1488 2903 1579 2956 τὸν
1618 2882 1801 2960 Ἰωάνζ

220 2989 350 3045 νην,
380 2977 559 3045 ἀσεδῆ
594 2981 688 3036 καὶ
712 2982 949 3048 ἀλαζόνα
977 2987 1074 3040 καὶ
1105 2989 1369 3058 ἀγόνατον
1415 2994 1626 3051 ἐκεῖνον
1660 3000 1799 3054 ἁπο-

1905 1883 2240 1965 peratricem
2300 1906 2387 1952 est
2411 1898 2683 1964 invectus,
2726 1909 2958 1971 propter
3021 1917 3142 1956 eam
3199 1918 3320 1971 qua:
3381 1904 3487 1958 sibi

1906 2001 2034 2042 cum
2093 1987 2406 2058 Epiphanio
2441 1991 2758 2048 intercessit
2827 1994 3270 2062 contentionem,
3335 1995 3483 2064 quod

1907 2077 2180 2134 aﬂirmare
2225 2094 2378 2136 certo
2418 2098 2528 2138 non
2583 2099 2848 2154 possum;
2884 2085 3229 2156 Theophilus
3263 2088 3486 2156 quidem

1907 2168 2159 2235 profecto
2187 2185 2299 2224 non
2326 2173 2501 2227 multo
2523 2184 2649 2242 post
2679 2173 2860 2238 aﬂuit,
2904 2181 2961 2229 et
3018 2175 3178 2229 multi
3224 2185 3485 2245 praeterea

1905 2258 2178 2329 episcopi,
2206 2262 2413 2330 .partim
2449 2262 2800 2333 imperatoris
2818 2265 3003 2336 jussu,
3055 2267 3254 2335 partim
3308 2267 3490 2322 Theo-

1903 2349 2044 2418 phili
2075 2350 2362 2416 instinctu,
2393 2351 2927 2423 Constantinopolim
2963 2355 3262 2411 advenere.
3310 2357 3487 2411 Potis-

1902 2441 2107 2497 simum
2139 2457 2272 2497 vero
2319 2459 2520 2514 magno
2552 2445 2630 2500 illi
2679 2446 2864 2501 studio
2896 2459 3324 2516 concurrerunt,
3358 2451 3483 2520 qui—

1903 2535 2012 2590 bus
2045 2537 2100 2591 in
2128 2535 2257 2592 Asia
2282 2554 2314 2592 a
2351 2539 2560 2595 Joanne
2581 2539 2825 2610 legitime
2858 2542 3207 2613 episcopatus
3241 2544 3481 2614 adempti

1901 2627 2144 2693 fuerant,
2183 2630 2389 2700 quique
2437 2631 2490 2686 ei
2520 2632 2655 2688 alias
2685 2633 2850 2688 etiam
2872 2633 2942 2688 ob
2978 2651 3177 2690 causas
3208 2636 3481 2694 hostiliter

1902 2718 2362 2778 adversabantur.
2399 2721 2518 2776 Jam
2546 2739 2716 2780 naves
2743 2741 2960 2796 quoque
2985 2743 3120 2795 quas
3140 2725 3481 2796 Theophilus

1903 2821 2274 2879 ex5pectarat,
2330 2827 2399 2867 ex
2441 2811 2679 2884 {Egypto
2738 2817 3086 2884 appulerant.
3148 2816 3328 2884 Atque
3384 2816 3478 2869 ubi

1899 2899 2247 2958 Chalcedone
2283 2903 2641 2976 Bithynorum
2673 2907 2991 2977 congregati
3027 2921 3221 2960 omnes
3280 2921 3482 2960 conve-

1903 3009 2054 3059 nere,
2105 2995 2384 3065 quomodo
2433 3011 2548 3050 rem
2601 2997 2870 3052 adversus
2926 2998 3194 3052 Joannem
3256 2997 3475 3067 aggredi

221 3067 432 3184 ζηλῶν.
477 3071 588 3123 Καὶ
645 3074 695 3124 oi
750 3074 852 3142 μὲν
882 3077 1175 3134 ἐπίσκοποι
1226 3081 1433 3139 τούτων
1490 3087 1799 3159 λεγομένων

255 3154 475 3184 ,κίκι-.-.ι
497 3171 512 3184 α
540 3162 731 3184 ---.-9..
770 3162 811 3184 ι’
844 3164 1029 3184 ι---ρηη
1103 3167 1129 3180 ι-
1209 3169 1274 3184 .-
1453 3174 1476 3184 -
1528 3175 1569 3184 ,Α
1721 3179 1732 3184 -

1906 3085 2190 3151 deberent,
2237 3087 2643 3142 consultarunt.
2679 3087 2808 3143 Erat
2837 3100 2949 3144 tum
2980 3089 3335 3144 Chalcedone
3362 3090 3478 3158 epi-

217 3153 476 3224 ἐνήδοντο
497 3171 512 3187 ⁶
540 3162 735 3229 ταχεῖα
765 3162 811 3215 δ’
840 3164 1036 3234 ἐκείνῳ
1063 3167 1170 3221 τῶν
1207 3169 1422 3236 ὕδρεων
1451 3153 1636 3230 θεόθεν
1667 3179 1797 3248 μέτο

217 3260 331 3298 εισι
369 3246 517 3318 δίκη,
601 3250 660 3304 ’0
707 3252 816 3324 γὰρ
857 3257 956 3327 τῆς
1010 3260 1447 3334 Μεσοποταμίας
1495 3246 1797 3337 ἐπίσκοπος

220 3337 530 3432 Μαᾼρουθᾶς
566 3342 715 3398 ἄκων
768 3345 999 3419 θάτερον
1025 3352 1141 3405 τοῖν
1194 3357 1377 3410 ποδοῖν
1403 3359 1498 3411 τοῦ
1552 3363 1796 3432 Κυρίνου

223 3428 526 3498 ἐπάτησεν.
563 3433 836 3498 Χαλεπῶς
858 3438 903 3492 δ’
929 3441 1141 3496 ἐκεῖθεν
1185 3443 1476 3512 διατεθεὶς,
1507 3428 1797 3522 συνδιαδῆ-

224 3535 320 3572 ναι
351 3523 463 3585 τοῖς
483 3525 693 3586 λοιποῖς
725 3529 1049 3596 ἐπισκόποις
1082 3536 1219 3605 πρὸς
1250 3538 1351 3606 τὴν
1381 3540 1794 3600 Κωνσταντίνου

219 3610 475 3680 οὐδαμῶς
522 3613 790 3686 ἐδυνήθηο
824 3619 1028 3691 καίπερ
1082 3623 1380 3691 ἀναγκαῖος
1427 3622 1568 3682 εἶναι
1618 3632 1795 3689 δοκῶν

223 3701 368 3771 πρὸς
393 3703 510 3767 τὰς’
539 3707 684 3759 κατὰ
726 3707 974 3764 Ἰωάννου
1007 3714 1330 3781 ἐπιϐουλάς.
1366 3719 1604 3775 Ἔπειτα
1656 3725 1795 3798 πρὸς

220 3794 285 3888 τὸ
339 3797 526 3868 χεῖρον
579 3799 902 3869 γενόμενος,
936 3805 1214 3878 διαφόρως
1277 3811 1381 3864 ὑπὸ
1427 3813 1539 3869 τῶν
1593 3794 1796 3888 ἰατρῶν

221 3886 545 3980 ἀπεπρίσθη
579 3891 639 3942 τὸ
671 3892 880 3957 σκέλος.
912 3897 1168 3966 Σηπεδὼν
1193 3901 1305 3973 γὰρ
1337 3904 1549 3960 ἐκεῖθεν
1601 3886 1792 3980 ἐπιγε-

220 3976 425 4069 νομένη
481 3979 544 4069 τὸ
597 3981 707 4033 πᾶν
763 3985 926 4053 σῶμα
970 3986 1184 4057 μετῄει,
1217 3989 1292 4052 ὡς
1328 3992 1424 4045 καὶ
1471 3994 1565 4049 τὸν
1603 3976 1796 4069 ἕτερον

221 4067 366 4119 πόδα
394 4069 464 4121 τὰ
492 4068 584 4122 ίσα
617 4071 812 4126 παθεῖν
840 4077 904 4144 τῇ
940 4077 1230 4144 μεταδόσει
1255 4081 1353 4134 τοῦ
1386 4085 1613 4152 πάθους.
1655 4067 1794 4146 ’Ᾰλλ’

220 4159 252 4209 ὁ
305 4159 406 4226 μὲν
460 4161 521 4213 οὐ
561 4162 742 4234 πολλῷ
778 4164 1005 4238 ὕστερον
1048 4171 1114 4238 τῇ
1173 4171 1268 4224 τοῦ
1321 4174 1545 4240 σκέλους
1609 4181 1792 4255 πληγῇ

223 4248 484 4304 ἐτελεύτα
510 4252 603 4305 τὸν
633 4255 768 4324 βίον,
816 4256 1110 4328 Ἀρσακίου
1137 4262 1230 4314 τὸν
1271 4263 1462 4335 Θρόνον
1493 4248 1792 4340 διέποντος,

223 4339 390 4439 ἀξίαν
437 4342 676 4415 ἀμοιϐὴν
723 4347 832 4403 τῶν
882 4351 1026 4402 κατὰ
1082 4351 1176 4405 τοῦ
1221 4355 1370 4408 ὁσίου
1395 4356 1604 4431 ὕϐρεων
1643 4367 1795 4439 είλη-

225 4449 364 4500 φως.

1900 3191 2098 3246 scopus
2121 3175 2378 3248 Cyrinus,
2412 3179 2574 3251 382
2613 3180 2905 3251 Theophili
2946 3181 3248 3252 popularis,
3277 3179 3452 3251 IEgyp

1903 3270 2012 3323 tius
2045 3269 2319 3325 videlicet.
2365 3270 2466 3326 llic
2502 3272 2734 3326 multum
2781 3272 2860 3327 illi
2891 3274 3187 3344 gratiﬁcari
3237 3273 3470 3334 studuit,

1896 3362 2094 3418 Joanni
2129 3377 2292 3432 quam
2329 3363 2566 3419 maxime
2599 3364 2882 3420 inimicus.
2913 3365 3106 3433 Itaque
3133 3379 3474 3434 progressus,

1897 3453 2165 3508 Joannem
2213 3455 2482 3509 conviciis
2539 3454 2836 3524 plurimum
2905 3457 3194 3525 proscidit,
3246 3457 3471 3526 impium

1898 3541 2074 3608 illum,
2105 3542 2441 3598 insolentem
2494 3553 2550 3598 et
2576 3544 2931 3600 inﬂexibilem
2962 3548 3256 3601 nominans
3291 3565 3304 3600 :
3348 3547 3470 3615 qni-

1897 3633 2003 3688 bus
2033 3633 2198 3688 dictis
2242 3635 2483 3706 episcopi
2507 3645 2635 3691 sunt
2680 3637 2958 3691 delectati.
3016 3637 3220 3692 Verum
3279 3639 3455 3697 illum,

1896 3737 2065 3793 parva
2113 3727 2486 3782 intercedente
2541 3742 2716 3794 mora,
2770 3727 2840 3783 ob
2903 3729 3134 3801 injurias
3198 3731 3466 3800 ejusmodi

1902 3803 2389 3874 divinavindicta
2451 3830 2741 3891 persecuta
2800 3831 2908 3877 est.
2964 3823 3245 3878 lllaruthas
3296 3827 3469 3887 enim,

1896 3908 2300 3979 Mesopotamiae
2317 3913 2628 3983 episcopus,
2652 3913 2974 3984 imprudens
3005 3916 3238 3969 alterum
3271 3917 3471 3985 pedum

1897 4001 2017 4071 ejus
2045 4002 2277 4058 calcavit
2306 4021 2320 4057 :
2349 4004 2499 4060 unde
2536 4006 2626 4062 ille
2697 4009 2840 4063 male
2914 4007 3119 4062 habere
3159 4010 3349 4077 coepit,
3418 4022 3471 4062 et

1895 4105 2187 4166 propterea
2209 4113 2333 4152 cum
2372 4097 2602 4169 reliquis
2624 4101 2896 4172 episeopis
2935 4099 3468 4172 Constantinopolim

1897 4188 2171 4258 proﬁcisci
2204 4206 2552 4262 nequaquam
2579 4193 2782 4262 potuit,
2811 4191 3060 4263 quamvis
3090 4192 3158 4246 ad
3177 4194 3470 4248 struendas

1896 4279 2095 4336 Joanni
2133 4282 2359 4337 insidias
2389 4286 2737 4340 necessarius
2785 4301 2905 4340 esse
2931 4287 3228 4340 videretur.
3262 4287 3469 4342 Deinde

1898 4383 2083 4428 autem
2117 4389 2244 4428 cum
2277 4374 2583 4430 deteriores
2610 4377 2786 4432 multo
2821 4394 2908 4432 res
2932 4378 3053 4449 ejus
3097 4379 3314 4444 ﬂerent,
3343 4397 3470 4434 crus

1822 4457 1867 4510 D
1897 4465 1948 4519 ei
1983 4480 2012 4519 a
2041 4465 2272 4520 medicis
2295 4467 2460 4521 etiam
2488 4477 2572 4522 est
2593 4469 3144 4524 resectum.Putredo
3171 4471 3317 4525 enim
3347 4471 3472 4528 inde

221 4539 414 4635 exorta
477 4530 551 4635 ita
584 4535 860 4605 reliquum
892 4553 1094 4610 corpus
1119 4543 1340 4608 invasit,
1369 4560 1430 4603 ut
1459 4554 1786 4622 contagione
1825 4559 2058 4616 alterum
2124 4577 2344 4632 quoque
2382 4563 2571 4618 itidem
2630 4563 2823 4635 pedem
2844 4565 3154 4635 occuparit.
3184 4565 3325 4631 Quin
3358 4581 3469 4621 non

219 4625 397 4678 multo
426 4626 591 4680 etiam
640 4640 763 4696 post
792 4647 854 4686 ea
887 4636 1001 4705 ipsa
1034 4637 1188 4709 plaga
1220 4640 1386 4696 vitam
1425 4643 1587 4711 ﬁniit,

1684 4650 1914 4718 gratiam
1985 4670 2104 4708 eam
2171 4657 2544 4722 contumeliis,
2581 4658 2783 4728 quibus
2823 4659 2996 4713 virum
3026 4671 3276 4715 sanctum
3339 4661 3472 4719 alle—

215 4726 393 4781 cerat,
427 4728 710 4788 acceptam
769 4725 970 4782 ferens.
1004 4728 1175 4799 Cujus
1229 4732 1488 4788 thronum
1533 4737 1792 4795 Arsacius
1833 4744 2042 4813 recepit
2074 4746 2176 4814 tl).

811 4840 1063 4898 ΚΕΦΑΛ.
1096 4844 1195 4901 ΙΕ’.

220 4923 365 5005 Περὶ
398 4924 508 5005 τῆς
552 4927 977 5005 ᾀρροιᾳθείσης
1027 4937 1177 4990 κατά
1213 4937 1496 4994 Ἰωάννου
1520 4946 1788 5000 συνόδου

289 4996 514 5077 ἐξςοῖς
553 4997 878 5067 Ῥουφίνου
897 5016 910 5030 ·
927 4996 1042 5058 ’καὶ
1077 5008 1156 5072 ὡς
1183 5008 1413 5077 ἐρήμην
1438 5013 1626 5065 αὐτοῦ
1652 4996 1790 5068 xar-

291 5064 558 5120 εδίκασε.

303 5177 453 5230 Ἐπεὶ
477 5179 531 5231 δὲ
555 5182 648 5234 καὶ
671 5183 930 5252 Θεόφιλος
950 5191 1015 5256 τῇ
1032 5190 1448 5246 Κωνσταντίνου
1467 5195 1794 5266 διεπεραιώ-

209 5267 309 5338 Θη,
339 5270 518 5334 οὐδεὶς
548 5274 660 5326 τῶν
694 5277 788 5343 τῆς
822 5280 1473 5350 Κωνσταντινουπόλεως,
1504 5285 1691 5358 ὥσπερ
1724 5290 1790 5362 ἤν

207 5362 363 5426 ἔθος,
392 5363 671 5435 ὕπήντητο
695 5368 996 5438 κληρικιῖιν.
1015 5373 1179 5441 Δῆλος
1211 5377 1317 5444 γὰρ
1347 5372 1416 5444 ἦν
1441 5378 1494 5439 ἐς
1523 5379 1692 5449 ἄκρον
1711 5383 1790 5450 τῷ

206 5454 508 5526 ἐπισκόπῳ
547 5458 818 5530 δυσμενὴς
850 5463 1152 5527 καθεστώς.
1205 5466 1278 5517 Τὸ
1308 5467 1364 5518 δέ
1403 5467 1502 5538 τῆς
1538 5470 1788 5539 Ἀλεξαν-

205 5543 391 5613 δρέων
425 5551 703 5614 ναυτικὸν,
733 5553 826 5606 καὶ
859 5555 1099 5624 μάλιστα
1132 5558 1254 5610 ὅσον
1287 5558 1374 5612 διὰ
1396 5559 1498 5628 τὴν
1535 5565 1788 5631 σιτηγίαν

1876 4884 1909 4918 ο
2505 4861 2728 4917 CAPUT
2760 4861 2872 4917 XV.

1897 4945 1973 5001 De
1994 4949 2191 5020 synodo
2219 4951 2286 5004 ad
2319 4949 2614 5016 basilicam,
2651 4954 2735 5005 cui
2759 4970 2944 5006 nomen
2973 4963 3088 5007 erat
3111 4953 3307 5020 Ruﬁni,
3341 4973 3466 5011 con,-

1969 5017 2054 5090 ινα
2084 5017 2348 5072 Joannem
2379 5029 2694 5090 congregata
2724 5036 2742 5072 :
2789 5032 2837 5076 et
2881 5025 2956 5075 uti
2999 5017 3230 5078 Joannes
3276 5017 3462 5080 absens

1966 5089 2161 5141 indicta
2187 5106 2344 5142 causa
2369 5092 2436 5142 sit
2465 5089 2766 5146 damnatus.

1965 5198 2067 5254 Ubi
2093 5215 2225 5253 vero
2257 5199 2598 5270 TheOphilus
2619 5201 3155 5275 ConstantinOpolim
3190 5208 3459 5275 pervenit,

1894 5277 2065 5347 nemo
2091 5293 2188 5354 illi,
2224 5310 2321 5365 pro
2365 5306 2580 5366 recepta
2623 5301 3128 5365 consnctttdine,ex
3154 5301 3465 5356 Constanti--

1891 5386 2215 5452 nopolitano
2244 5389 2393 5442 clero
2423 5390 2640 5445 obviam
2676 5392 2966 5460 processit,
3017 5393 3162 5460 quod
3201 5394 3489 5448 omnibus.

1889 5485 2190 5540 constaret,
2223 5479 2506 5533 inimicum
2538 5496 2663 5534 eum
2690 5483 3088 5552 episcopiesse.
3121 5484 3307 5539 Nanta:
3332 5503 3460 5539 vero

1889 5567 2267 5631 Alexandrini,
2301 5581 2356 5625 et
2381 5573 2613 5625 maxime
2641 5576 2732 5644 qui
2763 5575 3094 5630 frumentum
3123 5593 3190 5631 eo
3223 5579 3458 5632 advexe-

291 5733 369 5804 (l)
406 5733 527 5789 llrc
549 5737 709 5792 verba
751 5737 816 5793 tle
845 5740 1068 5799 Arsaciu
1095 5749 1236 5818 apud
1269 5751 1548 5807 Socratem
1573 5764 1621 5807 et
1662 5757 1756 5805 ίςει·
1783 5776 1794 5801 ι

1907 5773 2018 5810 γεηι
2059 5772 2166 5811 non
2201 5758 2574 5828 reperiuntur.
