3898 6192
292 303 398 370 985
1219 305 1820 368 ECCLESIAS'I‘ICI'E
1860 309 2250 368 llISTORl/E
2293 312 2436 372 LIB.
2484 309 2657 370 Xlll.
2930 313 2934 315 ’
3448 311 3553 376 986

293 420 424 478 ὥσθ’
453 421 559 477 ὑπὸ
597 419 922 490 περιφανῶν
956 418 1168 493 ἐχθρῶν
1217 421 1507 492 ἀνέχεσθαι
1557 423 1864 494 κρίνεσθαι.

1991 441 2177 494 usque
2204 426 2342 481 adeo
2374 426 2442 481 ad
2489 425 2779 481 dicendam
2840 439 3059 481 causam
3126 441 3270 488 smn,
3303 426 3347 480 si
3383 428 3552 481 modo

292 515 563 578 Χαλεπῶς
591 514 636 568 δ’
677 514 903 566 ἐκείνων
949 512 1334 577 διατεθέντων,
1371 510 1568 586 οἷάπερ
1619 515 1867 568 ἀπειθεῖν

1991 515 2062 582 lui
2093 525 2446 570 accusatores
2481 515 2588 568 mei
2647 515 2780 577 sint,
2833 529 3164 584 cognovero,
3199 524 3256 569 et
3290 531 3411 584 qua:
3472 517 3548 572 illi

291 607 596 675 ἐγνωκότος
621 604 827 672 «meo
859 603 1108 674 τοιαύτῃ,
1139 605 1188 656 οἱ
1221 605 1319 671 μὲν
1338 605 1704 672 πεμφθέντες,
1735 606 1867 657 οὐκ·

294 698 369 724 Δ--
433 697 609 724 ι-ι-.,.
660 697 1026 724 Δ..λ----.-,....
1064 699 1365 724 Α.....ι--.-.
1406 697 1458 724 ἒλ
1505 699 1596 724 ...Α
1632 699 1739 724 2--.
1770 698 1869 724 -3...

1991 605 2102 672 ῃὶιιί
2133 607 2364 660 crimina
2433 606 2720 674 obiiciant,
2793 607 2944 674 prius
3009 608 3318 676 dispexere.
3385 608 3552 681 384
3589 627 3594 634 ν

2000 713 2027 724 ,ι
2047 697 2251 724 ...Αἶα-..Α
2273 707 2449 724 ηυρλ...-
2470 697 2956 724 ΐ-ηη..η.ιι2η-ηηιυι
2977 696 3184 724 -..κηᾶιι
3207 699 3547 724 -ΑηηΑηΛΑ-,ι

291 698 374 752 ἐτι
432 697 611 749 ὀπίσω
658 697 1026 765 ἀνέστρεφον·
1058 699 1372 766 Δημήτριος
1405 697 1460 749 δὲ
1505 699 1601 750 καὶ
1630 699 1744 750 ὅσοι
1770 698 1869 766 τὴν

305 789 556 845 Ἰωάννου
569 789 858 841 συνουσίαν
878 789 977 856 τῆς
1005 789 1169 857 κενῆς
1193 790 1506 858 προετίμων
1526 790 1707 859 δόξης,
1733 791 1870 858 πρὸς

291 882 384 935 τὸν
435 883 593 950 ἀγιον
627 880 926 950 ἐπανῆκον.
979 881 1117 933 Κατ’
1171 880 1388 948 ἐκείνην
1419 882 1476 934 δέ
1524 885 1622 949 τὴν
1649 883 1869 953 ἡμέραν

293 970 656 1038 ταχυγράφος
685 966 781 1020 καὶ
810 966 1150 1035 ταχυδρόμος
1191 967 1255 1018 ἐκ
1289 966 1556 1036 βασιλέως
1590 970 1872 1037 πεμφθέν-

291 1075 410 1124 τες,
436 1059 530 1113 τὸν
555 1058 654 1128 μὲν
683 1059 1022 1127 κατήπειγον
1054 1058 1190 1126 πρὸς
1212 1059 1308 1127 τὴν
1341 1059 1556 1112 σύνοδον
1590 1062 1868 1128 ἀπαντᾷνο

291 1152 421 1216 τοὺς
450 1151 506 1204 δὲ
543 1157 618 1220 μὴ
643 1149 908 1220 ἄχθεσθαι
943 1150 1337 1218 διαμέλλοντας
1368 1151 1496 1219 περὶ
1526 1150 1626 1221 τὴν
1650 1151 1870 1221 ἀπόφα-

294 1258 406 1296 σιν.
458 1242 546 1304 Ὠς
589 1242 646 1295 δέ
675 1242 772 1294 καὶ
811 1241 1068 1311 τετράκις
1125 1240 1348 1310 κληθεὶς
1377 1242 1477 1294 οὐκ
1521 1243 1756 1310 ἀπήντα,
1795 1243 1872 1306 ὡς

291 1334 527 1403 ἐχθροὺς
567 1334 813 1395 ἐκείνους
854 1335 1385 1403 παραγραφόμενος,
1418 1333 1516 1386 καὶ
1564 1336 1874 1403 οἰκουμενι-

293 1427 401 1494 κήν
443 1424 661 1478 σύνοδον
688 1425 1032 1487 ἐπεκαλεῖτο,
1065 1427 1263 1478 ἐκεῖνοι
1312 1427 1529 1496 ἐρήμην
1557 1424 1651 1478 τοῦ
1679 1425 1872 1496 ἀνδρὸς

273 1515 844 1584 ’καταψηφισάμενοι,
899 1516 1152 1569 καθεῖλον
1208 1516 1396 1577 αὑτὸν,
1421 1516 1574 1569 οὐδὲν
1608 1515 1737 1569 ἀλλο
1789 1517 1874 1568 at-

291 1611 643 1679 τιασάμενοι,
671 1611 810 1680 πλὴν
874 1611 956 1663 ὅτι
1013 1611 1270 1679 τετράκις
1303 1609 1526 1676 κληθεὶς
1573 1609 1675 1661 οὐκ
1700 1609 1876 1678 ἀπήν-

291 1716 488 1770 τησεν.

1971 696 2028 750 ln
2047 697 2252 764 majore
2272 707 2450 750 autem
2469 697 2958 766 frequentioreque
2977 696 3186 767 synodo
3207 699 3549 766 respondere

1971 790 2283 892 constitui_-¥
2304 805 2481 856 neque
2517 789 2664 841 enim
2696 800 2804 842 tam
2834 805 2957 841 sum
2997 788 3283 856 stupidus,
3325 799 3384 842 ut
3433 804 3546 842 rem

1973 881 2131 934 talem
2157 870 2365 944 subire,
2399 890 2451 933 et
2477 891 2583 934 tam
2613 881 3031 934 manifestorum
3088 870 3442 934 inimicorum
3463 881 3551 947 ju-

1971 973 2173 1026 dicium
2201 974 2344 1026 ferre
2366 974 2583 1024 velim.»
2623 971 2872 1025 Graviter
2896 974 2999 1026 hoc
3022 974 3289 1042 episc0pi,
3317 973 3547 1042 perinde

1972 1074 2136 1132 atque
2173 1065 2262 1116 ille
2289 1065 2495 1134 synodo
2541 1073 2704 1118 tantae
2743 1064 2924 1116 minus
2981 1078 3172 1130 parere
3226 1065 3551 1120 constituis-

1973 1171 2080 1217 set.
2116 1171 2400 1226 accepere.
2427 1157 2492 1211 Et
2525 1158 2616 1223 qui
2667 1157 2736 1208 ab
2767 1170 2835 1208 eo
2860 1156 3018 1223 legati
3053 1155 3292 1216 fuerant,
3343 1159 3549 1212 reversi

1972 1248 2038 1300 ad
2063 1265 2187 1302 eum
2232 1265 2342 1302 non
2371 1261 2518 1300 sunt.
2550 1247 2859 1301 Demetrius
2888 1257 3093 1308 autem,
3129 1256 3188 1300 et
3209 1247 3300 1315 qui
3330 1247 3549 1302 inanem

1973 1341 2202 1408 gloriam
2238 1351 2357 1408 post
2382 1339 2610 1394 Joannis
2647 1337 3110 1392 consuetudinem
3160 1337 3428 1398 habuere.
3479 1339 3548 1394 ad

1972 1432 2152 1486 virum
2185 1442 2439 1486 sanctum
2501 1429 2733 1484 rediere.
2765 1430 2843 1482 Eo
2875 1430 2994 1497 ipso
3049 1428 3138 1483 die
3201 1411 3458 1482 notarius
3489 1439 3548 1484 et

1975 1537 2172 1577 cursor
2197 1523 2488 1592 expeditus
2522 1523 2590 1575 ah
2619 1523 2954 1590 imperatore
2984 1521 3161 1582 missi,
3194 1520 3393 1575 Joanni
3426 1521 3552 1589 qui-

1975 1615 2100 1669 dem
2130 1625 2189 1669 ut
2227 1616 2281 1668 in
2315 1615 2586 1686 synodum
2620 1614 2856 1677 veniret,
2879 1615 3094 1667 acriore
3123 1612 3380 1666 mandato
3421 1612 3544 1679 jus-

1975 1714 2167 1759 serunt
2192 1723 2207 1760 :
2233 1706 2510 1774 episcopis
2534 1714 2741 1768 autem,
2776 1713 2836 1757 ut
2863 1705 2964 1759 sibi
2985 1705 3260 1758 sententia
3283 1700 3549 1756 diﬂ'errn-

295 1797 368 1851 da
408 1799 689 1870 negotium
760 1815 868 1854 non
917 1800 1272 1859 facesserent.
1317 1799 1722 1866 significarunt.
1799 1799 1870 1854 Ut
1907 1811 2092 1854 autem
2156 1803 2246 1856 ille
2306 1811 2506 1870 quater
2535 1801 2749 1857 citatus
2803 1815 2912 1854 non
2947 1800 3279 1870 comparuit,
3335 1799 3550 1869 iudices

294 1889 426 1945 illos
453 1904 511 1946 ut
541 1894 644 1948 sibi
688 1895 945 1949 inimicos
975 1894 1302 1964 exceptione
1331 1893 1689 1956 sulimovens,
1725 1904 1780 1946 et
1839 1894 1907 1948 ad
1947 1896 2316 1951 universalem
2349 1896 2620 1966 synodum
2691 1911 3024 1964 provocans,
3057 1895 3135 1949 illi
3172 1897 3223 1949 ei
3276 1893 3422 1963 quod
3482 1895 3547 1945 a-l

291 1986 563 2057 judicium
593 2005 704 2044 non
753 1991 1043 2053 adfuisset,
1089 1991 1456 2045 condemnato
1485 1989 1864 2059 episcopatum
1901 1991 2242 2062 abrogarunt
2268 2032 2284 2059 ,
2329 1993 2467 2048 nihil
2523 1993 2673 2047 aliud
2709 1993 2763 2046 ei
2827 1991 3176 2063 objicientcs,
3203 2003 3370 2060 quam
3399 1987 3546 2058 quod

299 2089 502 2150 quater
527 2091 810 2149 evocatus,
845 2084 1058 2154 judicio
1089 2099 1146 2138 se
1175 2099 1284 2137 non
1333 2085 1588 2140 stitisset.

901 2196 1151 2250 ΚΕΦΑΛ.
1189 2197 1307 2264 ις’.
1636 2181 1641 2185 ’
1902 2204 1949 2260 Β

297 2287 447 2357 Περὶ
500 2287 610 2356 τῆς
665 2287 949 2343 Ἰωάννου
1005 2291 1296 2356 προτέρας
1337 2288 1601 2357 ἐξορίας,
1633 2289 1728 2342 καί
1766 2289 1876 2357 τῆς

377 2359 484 2412 τοῦ
543 2358 740 2427 δήμου
787 2357 1122 2425 καταόοῆςο
1191 2361 1289 2413 καὶ
1335 2361 1414 2422 ὡς
1449 2361 1632 2424 ἄκων,
1693 2359 1878 2413 πάλιν

376 2425 645 2498 ἐπανῆκε
672 2425 752 2492 τῷ
779 2430 988 2496 θρόνῳ,
1024 2428 1272 2498 εἰρήνην
1299 2429 1563 2482 ἐπειπὼν
1589 2429 1667 2494 τῷ
1697 2429 1848 2496 λαῷ.

389 2614 549 2668 Ἐπεὶ
597 2614 651 2667 δὲ
684 2612 744 2665 τὸ
796 2611 1002 2680 πλῆθος
1038 2610 1137 2680 τῆς
1166 2611 1582 2664 Κωνσταντίνου
1612 2611 1741 2680 περὶ
1771 2611 1880 2664 δεί-

299 2708 410 2776 λην
469 2705 628 2774 ὀψίαν
659 2705 802 2773 ἔγνω
849 2704 911 2756 τὸ
967 2702 1216 2770 γεγονὸς,
1251 2703 1448 2772 ἀθρόον
1489 2703 1626 2773 πρὸς
1690 2705 1880 2756 στάσιν

308 2801 582 2872 μεγίστην
611 2799 886 2865 ἀνήπτετο
911 2811 924 2824 '
956 2797 1052 2849 καὶ
1074 2795 1173 2863 τὴν
1211 2795 1510 2862 ἐκκλησίαν
1541 2795 1878 2848 καταλαϐόν-

303 2893 436 2954 τες,
460 2890 688 2943 πλεῖστά
715 2906 774 2940 τε
799 2887 932 2940 ἄλλα
973 2887 1306 2955 ἀνέκραγον.
1339 2889 1434 2938 καὶ
1460 2889 1549 2939 τὸν
1570 2887 1880 2958 κρατοῦντα

303 2981 766 3052 διελοιδοροῦντο’
798 2981 890 3033 καὶ
933 2979 1009 3042 ὡς
1037 2979 1148 3032 δέοι
1179 2980 1388 3048 μείζονι
1431 2981 1632 3050 συνόδῳ
1665 2982 1883 3049 ἐπιτρέ-

307 3093 441 3128 πειν
465 3077 536 3128 τὰ
574 3076 696 3127 κατ’
735 3074 900 3128 αὐτὸν
927 3074 1026 3126 καὶ
1061 3075 1168 3134 τοῖς
1199 3073 1260 3124 ἐκ
1287 3071 1552 3141 βασιλέως
1579 3074 1881 3143 πεμφθεῖσι

310 3168 603 3224 καθέλκειν
628 3166 718 3220 τοῦ
747 3167 936 3238 θρόνου
970 3166 1232 3234 γενναίως
1260 3165 1582 3219 ἀνθίσταντο
1600 3181 1614 3195 ⁸
1649 3168 1745 3220 καὶ
1768 3167 1881 3221 διαο

307 3259 750 3329 νυκτερεύοντες,
777 3261 857 3322 είς
885 3246 1443 3328 ἐξορίανὰπάγεσθαι
1477 3259 1726 3328 οὐδαμῶς
1758 3261 1885 3324 ξυν-

309 3353 578 3424 εχώρουν.
623 3351 684 3406 '0
729 3352 788 3405 δὲ
829 3353 1086 3422 Ἰωάννης
1113 3353 1298 3411 δείσας
1333 3353 1406 3422 μή
1439 3368 1494 3404 τι
1533 3353 1727 3423 ἓτερον
1794 3353 1882 3421 ἐγ-

311 3446 505 3514 κλημα
558 3443 890 3514 προσπλακῇ
923 3443 1125 3514 τούτῳ,
1160 3444 1193 3513 ἢ
1229 3444 1302 3506 ὡς
1342 3443 1676 3513 θεσπίσματι
1731 3445 1886 3513 βασι-

2569 2192 2799 2249 CAPUT
2840 2190 2979 2245 XVI.
3050 2211 3055 2213 ·

1978 2288 2058 2342 De
2095 2290 2272 2357 priore
2309 2287 2534 2341 Joannis
2579 2287 2784 2347 exsilio,
2819 2283 3098 2357 populique
3126 2283 3186 2334 ob
3215 2282 3272 2357 ir!
3303 2283 3551 2336 concitati

2049 2353 2374 2410 tumultuoso
2425 2357 2657 2410 clamore
2687 2371 2705 2407 :
2735 2367 2783 2407 et
2835 2365 2889 2406 ut
2929 2355 3122 2406 invitus
3167 2353 3342 2404 aedem
3397 2369 3552 2406 suam

2051 2429 2330 2495 receperit,
2361 2443 2542 2496 pacem
2572 2435 2731 2496 atque
2769 2423 3174 2476 benedictionem
3210 2422 3401 2490 papula
3432 2439 3551 2492 pre-

2049 2508 2222 2552 catus.

2051 2613 2214 2668 Plebs
2239 2609 2849 2680 ConStantinopolitana
2879 2607 2972 2662 ubi
3000 2606 3226 2662 circiter
3256 2619 3554 2676 crepuscu-

1979 2707 2091 2761 lum
2141 2705 2344 2760 factum
2383 2705 2487 2758 hoc
2523 2703 2766 2765 rescivit,
2801 2701 2868 2756 ad
2917 2699 3212 2755 tumultum
3253 2699 3548 2753 maximum

1979 2797 2236 2860 excitata,
2271 2804 2433 2863 atque
2462 2793 2752 2849 ecclesiam
2788 2791 3059 2862 ingressa,
3095 2804 3221 2844 cum
3257 2788 3549 2858 quamplu-

1985 2891 2118 2944 rima
2165 2887 2268 2941 alia
2301 2887 2466 2939 verba
2514 2885 2811 2939 vociferata
2861 2894 2966 2947 est,
3005 2892 3118 2936 tum
3163 2881 3550 2950 imperatorem

1982 2979 2250 3035 conviciis
2280 2977 2568 3048 proscidit,
2600 2986 2657 3031 et
2693 2990 2914 3030 causam
2950 2989 3070 3028 eam
3101 2973 3295 3041 majori
3341 2971 3552 3043 synodo

1983 3071 2431 3128 committendam
2477 3084 2601 3124 esse
2648 3067 2884 3124 censuit.
2935 3065 3030 3121 Eis
3061 3064 3303 3134 denique
3337 3065 3429 3134 qui
3481 3065 3550 3118 ab

1984 3163 2319 3231 imperatore
2352 3169 2412 3214 ut
2443 3159 2598 3214 illum
2633 3158 2834 3212 throno
2863 3173 2962 3212 suo
2990 3156 3367 3216 detraherent,
3400 3155 3549 3209 missi

1985 3255 2226 3318 fuerant,
2263 3251 2481 3306 fortiter
2509 3251 2712 3305 restitit
2749 3267 2762 3303 :
2794 3257 2962 3318 atque
2992 3247 3068 3301 ibi
3112 3255 3462 3316 pernoctans,
3497 3245 3551 3300 in

1987 3347 2250 3402 exsilium
2310 3345 2580 3399 Joannem
2626 3343 2823 3396 abduci
2884 3357 2994 3395 non
3058 3339 3330 3409 permisit.
3383 3338 3555 3391 Porro

1985 3439 2246 3503 Joannes,
2294 3451 2362 3490 ne
2411 3434 2546 3504 quid
2581 3434 2810 3488 alterius
2847 3431 3094 3485 criminis
3126 3431 3175 3484 ei
3221 3429 3554 3497 impingere-

311 3537 454 3608 λικῷ
505 3539 953 3610 ἀντιπράττοντι,
1016 3539 1049 3607 ἢ
1103 3539 1178 3601 ῶς
1232 3539 1324 3590 τὸν
1377 3539 1550 3608 δῆμον
1580 3539 1660 3601 είς
1695 3540 1884 3592 στάσιν

1991 3542 2099 3596 tur,
2137 3531 2283 3600 quod
2336 3529 2419 3582 vel
2466 3537 2660 3582 contra
2692 3525 3031 3594 imperialem
3069 3523 3372 3593 iussionem
3411 3523 3554 3576 veni-

314 3631 697 3702 διερεθίζοντι,
729 3631 954 3700 ἡμερῶν
982 3631 1154 3700 τριῶν
1190 3630 1330 3699 μετά
1359 3629 1457 3700 τὴν
1504 3631 1886 3700 καταψήφισιν

314 3724 735 3792 διαγενομένων,
767 3726 900 3794 περὶ
947 3723 1301 3794 μεσημϐρίαν
1334 3723 1637 3793 διασπαρὲν
1667 3723 1728 3776 τὸ
1754 3725 1889 3794 πλῆ-

317 3816 411 3877 θος
443 3817 580 3869 ὅπου
617 3816 681 3883 δή
714 3816 837 3869 ποτ’
864 3816 959 3868 ἐπὶ
990 3816 1059 3870 τὰ
1087 3816 1326 3885 σφέτερα
1359 3814 1489 3885 ἢθη,
1527 3814 1709 3869 λαθὼν
1745 3816 1888 3867 ἐκεί-

316 3925 466 3974 νους,
523 3909 638 3970 τοῖς
691 3907 1001 3974 ἀπάγουσιν
1048 3908 1338 3960 ἐκδᾷδωσιν
1390 3906 1608 3967 ἐαυτὸν,
1666 3910 1730 3959 ἐκ
1778 3905 1890 3958 τῶν

317 3995 470 4066 ἐῴων
504 3995 722 4065 ἀπάρας
778 3995 982 4050 πυλῶν.
1024 3997 1132 4049 Καὶ⁸
1193 3997 1388 4064 πρῶτα
1411 4007 1471 4049 το
1504 3995 1642 4066 πρὸς
1667 3995 1746 4064 τῷ
1772 3995 1890 4047 στόι

319 4105 455 4159 ματι
477 4087 572 4143 τοῦ
606 4089 808 4141 Πόντου
863 4090 1122 4158 κείμενον
1172 4088 1476 4142 κατέλαϐεν
1506 4087 1650 4158 ἱερόν
1672 4102 1688 4121 ο
1749 4087 1892 4140 οὕτω

317 4181 430 4252 γὰρ
471 4180 531 4233 τὸ
567 4179 804 4234 ἐπίνειον
853 4181 1030 4232 ἐκεῖνο
1082 4180 1372 4233 καλεῖται·
1433 4178 1625 4232 ἔπειτα
1672 4177 1762 4231 διὰ
1792 4179 1889 4245 τῆς

317 4275 562 4327 Βιθυνῶν
613 4274 799 4344 ἦγετο.
829 4271 1098 4335 Χαλεπῶς
1147 4273 1204 4324 δὲ
1252 4272 1313 4326 τὸ
1347 4271 1550 4340 πλῆθος
1579 4271 1767 4340 ἔφερε,
1795 4272 1892 4324 καὶ

316 4365 507 4423 δεινῶς
559 4362 886 4428 ἐστασίαζεο
939 4363 1161 4433 βασιλέα
1191 4378 1248 4414 τε
1301 4362 1604 4423 ἔσκωπτον,
1656 4359 1790 4428 πρὸς
1833 4359 1889 4411 δὲ

317 4459 414 4512 καὶ
448 4457 781 4528 Σευηριανὸν
828 4458 922 4509 καὶ
975 4455 1236 4523 Θεόφιλον
1265 4471 1282 4487 ⁸
1315 4456 1483 4522 ἄμφω
1543 4454 1599 4506 δὲ
1661 4453 1892 4521 ἁρχηγὼ

317 4553 421 4620 τῆς
457 4552 578 4606 κατ’
631 4552 841 4604 ἐκείνου
895 4546 1040 4620 ἦσαν
1071 4547 1402 4614 ἐπιϐουλῆς·
1438 4545 1534 4598 καὶ
1580 4545 1781 4614 μᾶλλον
1811 4545 1894 4596 ὅτι

320 4647 416 4700 καὶ
445 4645 777 4716 Σευηριανὸς
810 4643 1109 4711 τηνικαῦτα
1142 4640 1230 4691 ἐπ’
1263 4639 1560 4706 ἐκκλησίας
1602 4637 1889 4698 διδάσκων,

320 4735 514 4806 ἐπῄνει
543 4734 614 4796 ὡς
648 4734 863 4787 δικαίαν
894 4733 994 4801 τὴν
1038 4729 1286 4783 Ἰωάννου
1316 4728 1661 4796 καθαίρεσιν,
1697 4726 1891 4784 εἰπὼν,

328 4847 347 4880 ι
392 4828 452 4880 Εἰ
487 4829 586 4880 καὶ
631 4827 797 4896 μηδὲν
823 4825 953 4879 ἀλλο
992 4822 1218 4892 Ἰωάννῃ
1253 4819 1468 4890 προσῆν
1511 4819 1764 4888 ἔγκλημα
1792 4822 1891 4888 τὴν

1992 3631 2095 3684 ret.
2129 3620 2214 3674 vel
2263 3619 2523 3688 populum
2558 3616 2624 3669 ad
2675 3615 3004 3668 seditionem
3040 3618 3436 3670 commoveret.
3484 3609 3558 3664 ti-

1990 3729 2170 3779 mens,
2199 3713 2372 3766 tribus
2403 3726 2432 3764 a
2468 3707 2926 3764 condemnatione
2957 3706 3154 3760 diebus
3171 3703 3393 3773 elapsis,
3412 3711 3560 3772 post-

1989 3820 2155 3875 quam
2181 3800 2476 3856 multitudo
2503 3801 2646 3854 circa
2674 3797 2956 3851 meridiem
2987 3796 3258 3865 dispersa,
3283 3793 3423 3847 alius
3448 3792 3556 3846 alio

1992 3896 2045 3950 in
2078 3894 2417 3949 domicilium
2469 3906 2630 3946 suum
2677 3904 2736 3943 se
2771 3887 3022 3954 contulit,
3070 3887 3194 3940 illos
3249 3883 3445 3937 fallens
3497 3899 3555 3936 se

1991 4003 2181 4044 eorum
2217 3983 2493 4053 poteSIati,
2531 3982 2623 4050 qui
2655 3995 2780 4034 eum
2811 3979 3144 4033 abducerent
3184 3975 3430 4043 permisit
3458 3993 3474 4030 :
3503 3982 3558 4027 et

1992 4089 2148 4149 porta
2175 4075 2439 4133 Orientali
2468 4088 2746 4143 egressus.
2780 4069 3016 4139 primum
3049 4069 3113 4122 ad
3144 4068 3196 4122 id
3227 4065 3371 4137 quod
3407 4069 3470 4120 ad
3500 4079 3562 4118 οε

1990 4169 2148 4225 Ponti
2179 4169 2344 4222 situm
2374 4177 2482 4231 est,
2515 4164 2684 4232 ἱερὸν,
2733 4161 2840 4214 hoc
2883 4167 2992 4223 est,
3037 4173 3253 4212 sacrum
3287 4157 3382 4226 (ita
3413 4155 3561 4208 enim

1993 4261 2158 4315 statio
2218 4257 2439 4312 navium
2498 4255 2591 4309 illa
2649 4251 2929 4321 vocatur),
2984 4249 3159 4314 venit,
3218 4246 3420 4302 deinde
3469 4260 3566 4314 per

1994 4350 2304 4420 Bithyniam
2339 4351 2537 4400 ductus
2558 4354 2662 4400 est.
2689 4340 2979 4397 Multitudo
3004 4339 3109 4393 hoc
3134 4337 3361 4392 moleste
3395 4337 3562 4398 ferre,

1994 4448 2235 4514 graviter
2298 4441 2654 4504 tumultuari,
2725 4439 3110 4506 imperatorem
3173 4430 3568 4500 perstringere,

1995 4549 2099 4590 nec
2148 4533 2334 4587 minus
2384 4531 2743 4584 Severianum
2794 4535 2850 4581 et
2897 4521 3264 4592 TheOpbilum
3303 4522 3568 4574 conviciis

1994 4627 2371 4699 proscindere.
2416 4626 2591 4678 Ambo
2635 4623 2782 4677 enim
2835 4619 3158 4672 insidiarum
3210 4615 3290 4670 illi
3329 4625 3569 4666 Strucizc

1996 4735 2117 4773 rum
2152 4729 2402 4772 auctores
2451 4724 2608 4768 erant
2645 4729 2660 4769 :
2692 4710 2854 4781 385
2900 4709 3173 4778 przccipue
3223 4704 3368 4775 quod
3405 4703 3568 4756 Seve-

1997 4816 2186 4866 rianus
2230 4812 2286 4864 in
2333 4809 2563 4862 ecclesia
2614 4817 2727 4862 tum
2775 4805 3003 4862 docens,
3053 4795 3567 4852 condemnationem

320 4882 648 4985 καθαίρεσιν
693 4882 1008 4983 ’σχεδιάζοῆ
1064 4882 1217 4963 αὐτά.
1248 4882 1311 4976 γε
1373 4882 1480 4977 μην
1533 4882 1594 4959 τὸ
1651 4882 1884 4968 άλαξὸνα

1996 4904 2225 4961 Joannis
2274 4912 2534 4970 tanquam
2564 4899 2767 4969 justam
2813 4891 3075 4948 laudabat
3108 4907 3120 4941 :
3163 4907 3180 4940 ι
3216 4886 3444 4942 Etiamsi
3484 4883 3569 4936 ni-

319 5005 467 5060 εῐναι
491 5007 684 5076 ἀρκεῖν
711 5019 724 5035 ·
767 5007 836 5057 τὰ
867 5003 967 5072 μὲν
995 5003 1106 5072 γὰρ
1147 5001 1286 5056 ἀλλα
1319 5000 1428 5052 τῶν
1471 4997 1894 5068 ἁμαρτημάτων

319 5097 388 5150 τὸ
438 5095 586 5150 θεῖον
623 5096 736 5157 τοῖς
767 5092 1077 5166 ἀνθρώποις
1111 5091 1338 5161 ἀφίησιν
1363 5107 1377 5122 ο
1438 5091 1600 5154 αὐτὸς
1655 5089 1713 5142 δὲ
1762 5089 1896 5153 Θεὸς

321 5191 438 5250 τοῖς
478 5187 859 5258 ὑπερηφάνοις
919 5184 1219 5255 προφανῶς
1277 5183 1686 5246 ἀντιτάσσεται,
1738 5181 1814 5244 ὡς
1863 5181 1896 5249 ἡ

322 5281 449 5334 θεία
480 5281 629 5347 λέγει
662 5278 874 5348 Γραφή.
928 5295 950 5329 ι
1011 5275 1230 5330 Τούτων
1278 5273 1612 5346 εἰρημένων,
1662 5273 1899 5343 ἐνεμέσα

328 5369 536 5442 μᾶλλον
592 5369 662 5422 τά
715 5368 937 5439 πλήθη,
998 5369 1094 5420 καὶ
1151 5369 1250 5435 τὴν
1304 5366 1477 5438 ὀργὴν
1533 5364 1897 5428 ἀνεκαίνιζεν.

328 5464 572 5532 Ἀσχετα
616 5461 664 5514 δ’
707 5459 1002 5524 ἐστασίαζε
1032 5475 1046 5488 ⁶
1098 5461 1192 5512 καὶ
1227 5458 1340 5512 οὔτ’
1385 5460 1638 5528 ἀγοραῖς,
1691 5455 1806 5510 οὔτ’
1843 5459 1902 5509 ἐν

326 5555 653 5624 ἐκκλησίαις
687 5555 937 5625 ἠνείχετο
967 5556 1217 5625 ἠρεμεῖν.
1261 5553 1552 5622 Ὀδυρμοῖς
1574 5553 1629 5604 δὲ
1659 5554 1748 5604 καὶ
1780 5551 1902 5604 ὀλο-

326 5650 526 5718 λυχαῖς
559 5648 657 5702 σὺν
703 5646 957 5718 δεήσεσιν
987 5647 1116 5716 ἀχρι
1149 5647 1244 5699 καὶ
1278 5645 1384 5699 τῶν
1419 5631 1712 5714 βασιλείων
1741 5645 1909 5713 ἧκον-

306 5759 447 5825 ,τιςι
477 5741 573 5815 τὴν
604 5739 907 5812 ἀνάκλησιν
934 5740 1025 5794 τοῦ
1065 5739 1320 5811 ποιμένος
1353 5737 1608 5809 ἐξῄτουν·
1645 5736 1738 5790 καὶ
1776 5734 1904 5788 ἰδεῖν

1999 4998 2078 5051 hil
2107 4995 2258 5050 aliud
2302 4992 2552 5048 criminis
2581 4997 2750 5053 esset,
2782 4982 3144 5056 quamobrem
3192 4981 3264 5034 ita
3313 4977 3573 5032 Celeriter

1996 5089 2235 5146 Joannes
2262 5089 2652 5141 exauctoratus
2679 5086 2846 5144 esset,
2901 5075 3150 5131 suﬂicere
3187 5083 3366 5126 tamen
3398 5083 3568 5123 unum

1999 5179 2356 5245 hoc,dicens,
2387 5175 2535 5247 quod
2559 5173 2830 5245 superbus
2855 5177 2912 5225 et
2944 5166 3184 5222 insolens
3207 5174 3349 5218 esset
3382 5178 3396 5216 :
3426 5158 3573 5230 quod

2000 5273 2107 5328 alia
2155 5271 2378 5342 quidem
2434 5269 2634 5325 delicta
2689 5267 2831 5322 Deus
2877 5260 3194 5319 hominibus
3242 5255 3572 5315 remitteret,

2003 5364 2395 5435 arrogantibus
2429 5372 2612 5417 autent
2648 5359 2939 5414 manifeste
2970 5354 3272 5412 resisceret,
3305 5344 3575 5417 quemad-

2005 5459 2230 5514 modum
2282 5472 2436 5512 sacra
2489 5463 2786 5508 testaretur
2836 5449 3138 5516 Scriptura.
3178 5461 3197 5494 ι
3247 5441 3344 5496 llis
3392 5443 3460 5494 ah
3508 5453 3577 5492 eo

2007 5550 2190 5604 verbis
2223 5549 2404 5612 dictis,
2439 5545 2674 5615 populus
2717 5540 2888 5610 magis
2916 5541 3077 5592 etiam
3110 5536 3314 5590 factum
3353 5542 3576 5604 propter

2007 5642 2126 5710 ejus
2156 5642 2535 5712 indignitatem
2565 5633 2938 5704 reprehendit,
2977 5630 3224 5698 iramque
3269 5622 3574 5681 renovavit.

2009 5734 2073 5790 Et
2113 5733 2350 5788 tumultu
2403 5728 2605 5802 ingenti
2649 5731 2942 5793 commoto,
3001 5720 3253 5777 homines
3305 5731 3482 5793 neque
3519 5717 3574 5772 iu
