  <div class='ocr_page' id='page_1' title='image "/cluster/home/n/w/nwhite01/storage/ocr_20150623/146/hvd.32044073502601/537.png"; bbox 0 0 3898 6192; ppageno 0'>
   <div class='ocr_carea' id='block_1_1' title="bbox 430 318 535 381">
    <p class='ocr_par' dir='ltr' id='par_1_1' title="bbox 430 318 535 381">
     <span class='ocr_line' id='line_1_1' title="bbox 430 318 535 381; baseline -0.01 0"><span class='ocrx_word' id='word_1_1' title='bbox 430 318 535 381; x_wconf 78' lang='grc' dir='ltr'><strong>98Ἱ</strong></span> 
     </span>
    </p>
   </div>
   <div class='ocr_carea' id='block_1_2' title="bbox 1651 320 2000 392">
    <p class='ocr_par' dir='ltr' id='par_1_2' title="bbox 1651 328 2000 391">
     <span class='ocr_line' id='line_1_2' title="bbox 1651 328 2000 391; baseline -0.009 0"><span class='ocrx_word' id='word_1_2' title='bbox 1651 328 1697 391; x_wconf 85' lang='grc' dir='ltr'>Ν</span> <span class='ocrx_word' id='word_1_3' title='bbox 1712 329 2000 391; x_wconf 72' lang='grc' dir='ltr'><strong>ιϐΕίἮΟῖ</strong></span> 
     </span>
    </p>
   </div>
   <div class='ocr_carea' id='block_1_3' title="bbox 2103 320 3591 392">
    <p class='ocr_par' dir='ltr' id='par_1_3' title="bbox 2114 320 3591 392">
     <span class='ocr_line' id='line_1_3' title="bbox 2114 320 3591 392; baseline 0.001 -3"><span class='ocrx_word' id='word_1_4' title='bbox 2114 322 2451 389; x_wconf 57' lang='lat' dir='ltr'><strong>carus“</strong></span> <span class='ocrx_word' id='word_1_5' title='bbox 3303 320 3309 331; x_wconf 87' lang='lat'><strong><em>&#39;</em></strong></span> <span class='ocrx_word' id='word_1_6' title='bbox 3510 331 3591 392; x_wconf 67' lang='lat' dir='ltr'><strong>tisi</strong></span> 
     </span>
    </p>
   </div>
   <div class='ocr_carea' id='block_1_4' title="bbox 432 422 2000 505">
    <p class='ocr_par' dir='ltr' id='par_1_4' title="bbox 432 431 2000 505">
     <span class='ocr_line' id='line_1_4' title="bbox 432 431 2000 505; baseline 0.004 -20"><span class='ocrx_word' id='word_1_7' title='bbox 432 432 556 486; x_wconf 88' lang='lat' dir='ltr'><strong>foro</strong></span> <span class='ocrx_word' id='word_1_8' title='bbox 607 446 784 503; x_wconf 87' lang='lat' dir='ltr'><strong>neque</strong></span> <span class='ocrx_word' id='word_1_9' title='bbox 839 433 893 488; x_wconf 91' lang='lat' dir='ltr'><strong>in</strong></span> <span class='ocrx_word' id='word_1_10' title='bbox 935 431 1154 503; x_wconf 82' lang='lat' dir='ltr'><strong>templis</strong></span> <span class='ocrx_word' id='word_1_11' title='bbox 1200 435 1351 489; x_wconf 83' lang='lat' dir='ltr'><strong>taciti</strong></span> <span class='ocrx_word' id='word_1_12' title='bbox 1399 449 1520 490; x_wconf 85' lang='lat' dir='ltr'><strong>esse</strong></span> <span class='ocrx_word' id='word_1_13' title='bbox 1556 444 1874 505; x_wconf 86' lang='lat' dir='ltr'><strong>potuerunt,</strong></span> <span class='ocrx_word' id='word_1_14' title='bbox 1912 438 2000 493; x_wconf 87' lang='lat' dir='ltr'><strong>sed</strong></span> 
     </span>
    </p>
   </div>
   <div class='ocr_carea' id='block_1_5' title="bbox 2103 422 3592 505">
    <p class='ocr_par' dir='ltr' id='par_1_5' title="bbox 2113 422 3592 502">
     <span class='ocr_line' id='line_1_5' title="bbox 2113 422 3592 502; baseline -0.003 -14"><span class='ocrx_word' id='word_1_15' title='bbox 2113 439 2318 488; x_wconf 74' lang='grc' dir='ltr'>ἐκεῖνον</span> <span class='ocrx_word' id='word_1_16' title='bbox 2369 431 2577 502; x_wconf 68' lang='grc' dir='ltr'>σφ·ῗδρα</span> <span class='ocrx_word' id='word_1_17' title='bbox 2627 428 2862 494; x_wconf 70' lang='grc' dir='ltr'>ἐφίεντο,</span> <span class='ocrx_word' id='word_1_18' title='bbox 2917 422 2976 478; x_wconf 79' lang='grc' dir='ltr'><strong>οὗ</strong></span> <span class='ocrx_word' id='word_1_19' title='bbox 3034 426 3129 493; x_wconf 74' lang='grc' dir='ltr'>τῆς</span> <span class='ocrx_word' id='word_1_20' title='bbox 3153 426 3352 498; x_wconf 73' lang='grc' dir='ltr'>γλώττη</span> <span class='ocrx_word' id='word_1_21' title='bbox 3409 434 3592 489; x_wconf 63' lang='lat' dir='ltr'><strong>influa-</strong></span> 
     </span>
    </p>
   </div>
   <div class='ocr_carea' id='block_1_6' title="bbox 431 524 2008 594">
    <p class='ocr_par' dir='ltr' id='par_1_6' title="bbox 431 524 2008 594">
     <span class='ocr_line' id='line_1_6' title="bbox 431 524 2008 594; baseline 0.005 -18"><span class='ocrx_word' id='word_1_22' title='bbox 431 524 723 592; x_wconf 75' lang='lat' dir='ltr'><strong>questibns</strong></span> <span class='ocrx_word' id='word_1_23' title='bbox 754 536 916 592; x_wconf 79' lang='lat' dir='ltr'><strong>atque</strong></span> <span class='ocrx_word' id='word_1_24' title='bbox 963 525 1219 578; x_wconf 76' lang='lat' dir='ltr'><strong>lamentis</strong></span> <span class='ocrx_word' id='word_1_25' title='bbox 1249 541 1373 579; x_wconf 88' lang='lat' dir='ltr'><strong>cum</strong></span> <span class='ocrx_word' id='word_1_26' title='bbox 1423 528 1679 594; x_wconf 76' lang='lat' dir='ltr'><strong>pret-ibus</strong></span> <span class='ocrx_word' id='word_1_27' title='bbox 1716 530 1896 584; x_wconf 87' lang='lat' dir='ltr'><strong>mistis</strong></span> <span class='ocrx_word' id='word_1_28' title='bbox 1935 532 2008 584; x_wconf 86' lang='lat' dir='ltr'><strong>ad</strong></span> 
     </span>
    </p>
   </div>
   <div class='ocr_carea' id='block_1_7' title="bbox 434 614 2005 686">
    <p class='ocr_par' dir='ltr' id='par_1_7' title="bbox 434 614 2005 686">
     <span class='ocr_line' id='line_1_7' title="bbox 434 614 2005 686; baseline 0.005 -20"><span class='ocrx_word' id='word_1_29' title='bbox 434 615 776 683; x_wconf 84' lang='lat' dir='ltr'><strong>imperialem</strong></span> <span class='ocrx_word' id='word_1_30' title='bbox 835 614 1059 668; x_wconf 89' lang='lat' dir='ltr'><strong>domum</strong></span> <span class='ocrx_word' id='word_1_31' title='bbox 1125 619 1422 685; x_wconf 72' lang='lat' dir='ltr'><strong>progressi.</strong></span> <span class='ocrx_word' id='word_1_32' title='bbox 1486 621 1726 686; x_wconf 77' lang='lat' dir='ltr'><strong>pastoris</strong></span> <span class='ocrx_word' id='word_1_33' title='bbox 1782 637 2005 677; x_wconf 77' lang='lat' dir='ltr'><strong>revoca-</strong></span> 
     </span>
    </p>
   </div>
   <div class='ocr_carea' id='block_1_8' title="bbox 434 705 2005 781">
    <p class='ocr_par' dir='ltr' id='par_1_8' title="bbox 434 705 2005 781">
     <span class='ocr_line' id='line_1_8' title="bbox 434 705 2005 781; baseline 0.007 -23"><span class='ocrx_word' id='word_1_34' title='bbox 434 705 643 759; x_wconf 86' lang='lat' dir='ltr'><strong>tionetn</strong></span> <span class='ocrx_word' id='word_1_35' title='bbox 693 706 1026 773; x_wconf 75' lang='lat' dir='ltr'><strong>ﬂagitarunt,</strong></span> <span class='ocrx_word' id='word_1_36' title='bbox 1058 722 1299 777; x_wconf 85' lang='lat' dir='ltr'><strong>eumque</strong></span> <span class='ocrx_word' id='word_1_37' title='bbox 1330 710 1517 763; x_wconf 82' lang='lat' dir='ltr'><strong>videre</strong></span> <span class='ocrx_word' id='word_1_38' title='bbox 1549 727 1879 781; x_wconf 80' lang='lat' dir='ltr'><strong>magnopere</strong></span> <span class='ocrx_word' id='word_1_39' title='bbox 1908 714 2005 769; x_wconf 79' lang='lat' dir='ltr'><strong>de-</strong></span> 
     </span>
    </p>
   </div>
   <div class='ocr_carea' id='block_1_9' title="bbox 432 794 2002 875">
    <p class='ocr_par' dir='ltr' id='par_1_9' title="bbox 432 794 2002 875">
     <span class='ocr_line' id='line_1_9' title="bbox 432 794 2002 875; baseline 0.008 -27"><span class='ocrx_word' id='word_1_40' title='bbox 432 794 763 856; x_wconf 82' lang='lat' dir='ltr'><strong>siderarunt,</strong></span> <span class='ocrx_word' id='word_1_41' title='bbox 799 812 862 848; x_wconf 76' lang='lat' dir='ltr'><strong>ex</strong></span> <span class='ocrx_word' id='word_1_42' title='bbox 908 801 1065 866; x_wconf 87' lang='lat' dir='ltr'><strong>cujus</strong></span> <span class='ocrx_word' id='word_1_43' title='bbox 1094 812 1188 852; x_wconf 89' lang='lat' dir='ltr'><strong>ore</strong></span> <span class='ocrx_word' id='word_1_44' title='bbox 1235 800 1484 868; x_wconf 89' lang='lat' dir='ltr'><strong>quotidie</strong></span> <span class='ocrx_word' id='word_1_45' title='bbox 1531 818 1760 858; x_wconf 88' lang='lat' dir='ltr'><strong>aureum</strong></span> <span class='ocrx_word' id='word_1_46' title='bbox 1812 806 1894 875; x_wconf 91' lang='lat' dir='ltr'><strong>(ut</strong></span> <span class='ocrx_word' id='word_1_47' title='bbox 1927 806 2002 860; x_wconf 87' lang='lat' dir='ltr'><strong>ita</strong></span> 
     </span>
    </p>
   </div>
   <div class='ocr_carea' id='block_1_10' title="bbox 433 884 2001 961">
    <p class='ocr_par' dir='ltr' id='par_1_10' title="bbox 433 884 2001 961">
     <span class='ocr_line' id='line_1_10' title="bbox 433 884 2001 961; baseline 0.008 -23"><span class='ocrx_word' id='word_1_48' title='bbox 433 884 635 952; x_wconf 87' lang='lat' dir='ltr'><strong>dicam)</strong></span> <span class='ocrx_word' id='word_1_49' title='bbox 673 885 758 937; x_wconf 77' lang='lat' dir='ltr'><strong>lac</strong></span> <span class='ocrx_word' id='word_1_50' title='bbox 805 885 1148 944; x_wconf 76' lang='lat' dir='ltr'><strong>hausissent.</strong></span> <span class='ocrx_word' id='word_1_51' title='bbox 1198 889 1263 944; x_wconf 77' lang='lat' dir='ltr'><strong>Et</strong></span> <span class='ocrx_word' id='word_1_52' title='bbox 1310 891 1454 957; x_wconf 91' lang='lat' dir='ltr'><strong>quod</strong></span> <span class='ocrx_word' id='word_1_53' title='bbox 1484 907 1629 961; x_wconf 58' lang='lat' dir='ltr'><strong>saepe</strong></span> <span class='ocrx_word' id='word_1_54' title='bbox 1676 894 1794 947; x_wconf 84' lang='lat' dir='ltr'><strong>fieri</strong></span> <span class='ocrx_word' id='word_1_55' title='bbox 1841 895 2001 960; x_wconf 86' lang='lat' dir='ltr'><strong>solet,</strong></span> 
     </span>
    </p>
   </div>
   <div class='ocr_carea' id='block_1_11' title="bbox 431 969 2004 1049">
    <p class='ocr_par' dir='ltr' id='par_1_11' title="bbox 431 969 2004 1049">
     <span class='ocr_line' id='line_1_11' title="bbox 431 969 2004 1049; baseline 0.012 -28"><span class='ocrx_word' id='word_1_56' title='bbox 431 983 543 1021; x_wconf 88' lang='lat' dir='ltr'><strong>non</strong></span> <span class='ocrx_word' id='word_1_57' title='bbox 576 969 734 1037; x_wconf 82' lang='lat' dir='ltr'><strong>pauci</strong></span> <span class='ocrx_word' id='word_1_58' title='bbox 765 972 857 1039; x_wconf 85' lang='lat' dir='ltr'><strong>qui</strong></span> <span class='ocrx_word' id='word_1_59' title='bbox 904 972 1091 1027; x_wconf 90' lang='lat' dir='ltr'><strong>hostili</strong></span> <span class='ocrx_word' id='word_1_60' title='bbox 1125 990 1250 1044; x_wconf 80' lang='lat' dir='ltr'><strong>erga</strong></span> <span class='ocrx_word' id='word_1_61' title='bbox 1292 991 1416 1030; x_wconf 89' lang='lat' dir='ltr'><strong>eum</strong></span> <span class='ocrx_word' id='word_1_62' title='bbox 1446 988 1606 1033; x_wconf 92' lang='lat' dir='ltr'><strong>erant</strong></span> <span class='ocrx_word' id='word_1_63' title='bbox 1633 982 1839 1049; x_wconf 86' lang='lat' dir='ltr'><strong>animo,</strong></span> <span class='ocrx_word' id='word_1_64' title='bbox 1873 999 2004 1039; x_wconf 88' lang='lat' dir='ltr'><strong>sen-</strong></span> 
     </span>
    </p>
   </div>
   <div class='ocr_carea' id='block_1_12' title="bbox 432 1060 2003 1143">
    <p class='ocr_par' dir='ltr' id='par_1_12' title="bbox 432 1060 2003 1143">
     <span class='ocr_line' id='line_1_12' title="bbox 432 1060 2003 1143; baseline 0.011 -31"><span class='ocrx_word' id='word_1_65' title='bbox 432 1060 601 1113; x_wconf 85' lang='lat' dir='ltr'><strong>tentia</strong></span> <span class='ocrx_word' id='word_1_66' title='bbox 631 1071 858 1124; x_wconf 80' lang='lat' dir='ltr'><strong>mutata,</strong></span> <span class='ocrx_word' id='word_1_67' title='bbox 890 1065 1263 1134; x_wconf 77' lang='lat' dir='ltr'><strong>sycophantiis</strong></span> <span class='ocrx_word' id='word_1_68' title='bbox 1291 1068 1466 1123; x_wconf 88' lang='lat' dir='ltr'><strong>virum</strong></span> <span class='ocrx_word' id='word_1_69' title='bbox 1497 1087 1624 1125; x_wconf 87' lang='lat' dir='ltr'><strong>eum</strong></span> <span class='ocrx_word' id='word_1_70' title='bbox 1652 1074 1830 1143; x_wconf 85' lang='lat' dir='ltr'><strong>expeti</strong></span> <span class='ocrx_word' id='word_1_71' title='bbox 1859 1075 2003 1130; x_wconf 83' lang='lat' dir='ltr'><strong>allir-</strong></span> 
     </span>
    </p>
   </div>
   <div class='ocr_carea' id='block_1_13' title="bbox 436 1152 2000 1237">
    <p class='ocr_par' dir='ltr' id='par_1_13' title="bbox 436 1152 2000 1237">
     <span class='ocr_line' id='line_1_13' title="bbox 436 1152 2000 1237; baseline 0.013 -36"><span class='ocrx_word' id='word_1_72' title='bbox 436 1161 682 1213; x_wconf 85' lang='lat' dir='ltr'><strong>ntarunt,</strong></span> <span class='ocrx_word' id='word_1_73' title='bbox 740 1152 901 1221; x_wconf 85' lang='lat' dir='ltr'><strong>cujus</strong></span> <span class='ocrx_word' id='word_1_74' title='bbox 953 1156 1117 1223; x_wconf 88' lang='lat' dir='ltr'><strong>paulo</strong></span> <span class='ocrx_word' id='word_1_75' title='bbox 1180 1167 1306 1211; x_wconf 91' lang='lat' dir='ltr'><strong>ante</strong></span> <span class='ocrx_word' id='word_1_76' title='bbox 1371 1161 1781 1232; x_wconf 80' lang='lat' dir='ltr'><strong>abrogationem</strong></span> <span class='ocrx_word' id='word_1_77' title='bbox 1836 1183 2000 1237; x_wconf 89' lang='lat' dir='ltr'><strong>quam</strong></span> 
     </span>
    </p>
   </div>
   <div class='ocr_carea' id='block_1_14' title="bbox 432 1243 2001 1323">
    <p class='ocr_par' dir='ltr' id='par_1_14' title="bbox 432 1243 2001 1323">
     <span class='ocr_line' id='line_1_14' title="bbox 432 1243 2001 1323; baseline 0.012 -27"><span class='ocrx_word' id='word_1_78' title='bbox 432 1243 673 1297; x_wconf 78' lang='lat' dir='ltr'><strong>maxime</strong></span> <span class='ocrx_word' id='word_1_79' title='bbox 734 1246 1183 1313; x_wconf 71' lang='lat' dir='ltr'><strong>concupiverant.</strong></span> <span class='ocrx_word' id='word_1_80' title='bbox 1251 1251 1509 1317; x_wconf 81' lang='lat' dir='ltr'><strong>Proinde</strong></span> <span class='ocrx_word' id='word_1_81' title='bbox 1561 1255 1747 1323; x_wconf 89' lang='lat' dir='ltr'><strong>plures</strong></span> <span class='ocrx_word' id='word_1_82' title='bbox 1810 1270 2001 1315; x_wconf 86' lang='lat' dir='ltr'><strong>contra</strong></span> 
     </span>
    </p>
   </div>
   <div class='ocr_carea' id='block_1_15' title="bbox 433 1332 1997 1418">
    <p class='ocr_par' dir='ltr' id='par_1_15' title="bbox 433 1332 1997 1418">
     <span class='ocr_line' id='line_1_15' title="bbox 433 1332 1997 1418; baseline 0.012 -32"><span class='ocrx_word' id='word_1_83' title='bbox 433 1332 821 1403; x_wconf 79' lang='lat' dir='ltr'><strong>imperatorem</strong></span> <span class='ocrx_word' id='word_1_84' title='bbox 866 1347 922 1392; x_wconf 92' lang='lat' dir='ltr'><strong>et</strong></span> <span class='ocrx_word' id='word_1_85' title='bbox 964 1339 1234 1407; x_wconf 82' lang='lat' dir='ltr'><strong>synodum</strong></span> <span class='ocrx_word' id='word_1_86' title='bbox 1286 1350 1449 1410; x_wconf 86' lang='lat' dir='ltr'><strong>atque</strong></span> <span class='ocrx_word' id='word_1_87' title='bbox 1501 1343 1647 1413; x_wconf 89' lang='lat' dir='ltr'><strong>ipsos</strong></span> <span class='ocrx_word' id='word_1_88' title='bbox 1690 1347 1997 1418; x_wconf 87' lang='lat' dir='ltr'><strong>episcopos,</strong></span> 
     </span>
    </p>
   </div>
   <div class='ocr_carea' id='block_1_16' title="bbox 432 1421 1998 1504">
    <p class='ocr_par' dir='ltr' id='par_1_16' title="bbox 432 1421 1998 1504">
     <span class='ocr_line' id='line_1_16' title="bbox 432 1421 1998 1504; baseline 0.013 -29"><span class='ocrx_word' id='word_1_89' title='bbox 432 1421 488 1476; x_wconf 85' lang='lat' dir='ltr'><strong>in</strong></span> <span class='ocrx_word' id='word_1_90' title='bbox 538 1425 731 1493; x_wconf 81' lang='lat' dir='ltr'><strong>primis</strong></span> <span class='ocrx_word' id='word_1_91' title='bbox 789 1443 920 1481; x_wconf 79' lang='lat' dir='ltr'><strong>vero</strong></span> <span class='ocrx_word' id='word_1_92' title='bbox 975 1428 1238 1485; x_wconf 83' lang='lat' dir='ltr'><strong>adversus</strong></span> <span class='ocrx_word' id='word_1_93' title='bbox 1292 1432 1657 1504; x_wconf 82' lang='lat' dir='ltr'><strong>Theophilum</strong></span> <span class='ocrx_word' id='word_1_94' title='bbox 1709 1440 1998 1497; x_wconf 73' lang='lat' dir='ltr'><strong>vociferati</strong></span> 
     </span>
    </p>
   </div>
   <div class='ocr_carea' id='block_1_17' title="bbox 431 1514 1998 1587">
    <p class='ocr_par' dir='ltr' id='par_1_17' title="bbox 431 1514 1998 1587">
     <span class='ocr_line' id='line_1_17' title="bbox 431 1514 1998 1587; baseline 0.012 -19"><span class='ocrx_word' id='word_1_95' title='bbox 431 1524 583 1569; x_wconf 85' lang='lat' dir='ltr'><strong>sunt.</strong></span> <span class='ocrx_word' id='word_1_96' title='bbox 615 1514 810 1572; x_wconf 83' lang='lat' dir='ltr'><strong>Latere</strong></span> <span class='ocrx_word' id='word_1_97' title='bbox 833 1520 980 1573; x_wconf 89' lang='lat' dir='ltr'><strong>enim</strong></span> <span class='ocrx_word' id='word_1_98' title='bbox 1011 1521 1055 1574; x_wconf 93' lang='lat' dir='ltr'><strong>is</strong></span> <span class='ocrx_word' id='word_1_99' title='bbox 1082 1536 1206 1574; x_wconf 86' lang='lat' dir='ltr'><strong>cum</strong></span> <span class='ocrx_word' id='word_1_100' title='bbox 1236 1521 1476 1580; x_wconf 81' lang='lat' dir='ltr'><strong>sinistris</strong></span> <span class='ocrx_word' id='word_1_101' title='bbox 1500 1527 1998 1587; x_wconf 80' lang='lat' dir='ltr'><strong>machinationibus</strong></span> 
     </span>
    </p>
   </div>
   <div class='ocr_carea' id='block_1_18' title="bbox 427 1608 1994 1690">
    <p class='ocr_par' dir='ltr' id='par_1_18' title="bbox 427 1608 1994 1690">
     <span class='ocr_line' id='line_1_18' title="bbox 427 1608 1994 1690; baseline 0.011 -29"><span class='ocrx_word' id='word_1_102' title='bbox 427 1608 568 1674; x_wconf 85' lang='lat' dir='ltr'><strong>suis,</strong></span> <span class='ocrx_word' id='word_1_103' title='bbox 608 1618 832 1679; x_wconf 75' lang='lat' dir='ltr'><strong>propter</strong></span> <span class='ocrx_word' id='word_1_104' title='bbox 860 1614 1032 1667; x_wconf 88' lang='lat' dir='ltr'><strong>multa</strong></span> <span class='ocrx_word' id='word_1_105' title='bbox 1075 1614 1362 1671; x_wconf 85' lang='lat' dir='ltr'><strong>manifesta</strong></span> <span class='ocrx_word' id='word_1_106' title='bbox 1396 1618 1618 1683; x_wconf 88' lang='lat' dir='ltr'><strong>indicia,</strong></span> <span class='ocrx_word' id='word_1_107' title='bbox 1654 1636 1761 1676; x_wconf 90' lang='lat' dir='ltr'><strong>non</strong></span> <span class='ocrx_word' id='word_1_108' title='bbox 1794 1624 1994 1690; x_wconf 86' lang='lat' dir='ltr'><strong>potuit.</strong></span> 
     </span>
    </p>
   </div>
   <div class='ocr_carea' id='block_1_19' title="bbox 430 1696 1997 1776">
    <p class='ocr_par' dir='ltr' id='par_1_19' title="bbox 430 1696 1997 1776">
     <span class='ocr_line' id='line_1_19' title="bbox 430 1696 1997 1776; baseline 0.011 -26"><span class='ocrx_word' id='word_1_109' title='bbox 430 1696 619 1767; x_wconf 77' lang='lat' dir='ltr'><strong>Itaque</strong></span> <span class='ocrx_word' id='word_1_110' title='bbox 651 1699 893 1769; x_wconf 79' lang='lat' dir='ltr'><strong>Angusta</strong></span> <span class='ocrx_word' id='word_1_111' title='bbox 943 1702 1081 1772; x_wconf 84' lang='lat' dir='ltr'><strong>ipsa,</strong></span> <span class='ocrx_word' id='word_1_112' title='bbox 1134 1706 1321 1774; x_wconf 80' lang='lat' dir='ltr'><strong>pepuli</strong></span> <span class='ocrx_word' id='word_1_113' title='bbox 1364 1709 1621 1776; x_wconf 85' lang='lat' dir='ltr'><strong>precibus</strong></span> <span class='ocrx_word' id='word_1_114' title='bbox 1664 1723 1909 1775; x_wconf 79' lang='lat' dir='ltr'><strong>exorata,</strong></span> <span class='ocrx_word' id='word_1_115' title='bbox 1938 1723 1997 1769; x_wconf 90' lang='lat' dir='ltr'><strong>et</strong></span> 
     </span>
    </p>
   </div>
   <div class='ocr_carea' id='block_1_20' title="bbox 2112 518 3595 595">
    <p class='ocr_par' dir='ltr' id='par_1_20' title="bbox 2112 518 3595 595">
     <span class='ocr_line' id='line_1_20' title="bbox 2112 518 3595 595; baseline 0.003 -23"><span class='ocrx_word' id='word_1_116' title='bbox 2112 546 2265 595; x_wconf 75' lang='grc' dir='ltr'>στην,</span> <span class='ocrx_word' id='word_1_117' title='bbox 2324 527 2398 587; x_wconf 76' lang='grc' dir='ltr'>ὼς</span> <span class='ocrx_word' id='word_1_118' title='bbox 2455 525 2653 585; x_wconf 69' lang='grc' dir='ltr'>εἰπεῖν,</span> <span class='ocrx_word' id='word_1_119' title='bbox 2710 519 2773 571; x_wconf 62' lang='grc' dir='ltr'>τί,</span> <span class='ocrx_word' id='word_1_120' title='bbox 2820 518 3055 586; x_wconf 78' lang='grc' dir='ltr'><strong>χρυσοῦν</strong></span> <span class='ocrx_word' id='word_1_121' title='bbox 3108 518 3280 570; x_wconf 63' lang='lat' dir='ltr'><strong>tacetve</strong></span> <span class='ocrx_word' id='word_1_122' title='bbox 3317 522 3443 587; x_wconf 72' lang='grc' dir='ltr'>γάλα</span> <span class='ocrx_word' id='word_1_123' title='bbox 3488 520 3595 594; x_wconf 74' lang='grc' dir='ltr'>ἦσαν</span> 
     </span>
    </p>
   </div>
   <div class='ocr_carea' id='block_1_21' title="bbox 2108 605 3597 685">
    <p class='ocr_par' dir='ltr' id='par_1_21' title="bbox 2108 605 3597 685">
     <span class='ocr_line' id='line_1_21' title="bbox 2108 605 3597 685; baseline -0.004 -17"><span class='ocrx_word' id='word_1_124' title='bbox 2108 617 2468 685; x_wconf 80' lang='grc' dir='ltr'>ἁμέλγοντες.</span> <span class='ocrx_word' id='word_1_125' title='bbox 2502 606 2606 665; x_wconf 73' lang='grc' dir='ltr'><strong>Οἷα</strong></span> <span class='ocrx_word' id='word_1_126' title='bbox 2658 609 2716 662; x_wconf 78' lang='grc' dir='ltr'>δὲ</span> <span class='ocrx_word' id='word_1_127' title='bbox 2774 605 2922 675; x_wconf 81' lang='grc' dir='ltr'>φιλεῖ</span> <span class='ocrx_word' id='word_1_128' title='bbox 2948 606 3202 670; x_wconf 78' lang='grc' dir='ltr'><strong>πολλάκις</strong></span> <span class='ocrx_word' id='word_1_129' title='bbox 3250 612 3486 675; x_wconf 72' lang='grc' dir='ltr'>γίνεσθαι,</span> <span class='ocrx_word' id='word_1_130' title='bbox 3526 617 3597 667; x_wconf 77' lang='grc' dir='ltr'>καὶ</span> 
     </span>
    </p>
   </div>
   <div class='ocr_carea' id='block_1_22' title="bbox 2110 696 3598 768">
    <p class='ocr_par' dir='ltr' id='par_1_22' title="bbox 2110 696 3598 768">
     <span class='ocr_line' id='line_1_22' title="bbox 2110 696 3598 768; baseline -0.009 -11"><span class='ocrx_word' id='word_1_131' title='bbox 2110 703 2295 757; x_wconf 73' lang='grc' dir='ltr'>πολλοὶ</span> <span class='ocrx_word' id='word_1_132' title='bbox 2322 702 2431 756; x_wconf 82' lang='grc' dir='ltr'><strong>τῶν</strong></span> <span class='ocrx_word' id='word_1_133' title='bbox 2456 701 2594 768; x_wconf 69' lang='grc' dir='ltr'>πρὸς</span> <span class='ocrx_word' id='word_1_134' title='bbox 2646 699 2860 751; x_wconf 69' lang='grc' dir='ltr'>ἐκείνου</span> <span class='ocrx_word' id='word_1_135' title='bbox 2894 696 3338 766; x_wconf 66' lang='grc' dir='ltr'>ἀπεχθινομένων</span> <span class='ocrx_word' id='word_1_136' title='bbox 3382 702 3598 767; x_wconf 57' lang='lat' dir='ltr'><strong>mam.</strong></span> 
     </span>
    </p>
   </div>
   <div class='ocr_carea' id='block_1_23' title="bbox 2106 788 3598 865">
    <p class='ocr_par' dir='ltr' id='par_1_23' title="bbox 2106 788 3598 865">
     <span class='ocr_line' id='line_1_23' title="bbox 2106 788 3598 865; baseline -0.006 -16"><span class='ocrx_word' id='word_1_137' title='bbox 2106 797 2359 865; x_wconf 73' lang='grc' dir='ltr'>λόμενοι,</span> <span class='ocrx_word' id='word_1_138' title='bbox 2412 788 2873 859; x_wconf 76' lang='grc' dir='ltr'><strong>συκοφαντεῖσθαι</strong></span> <span class='ocrx_word' id='word_1_139' title='bbox 2902 789 2993 840; x_wconf 82' lang='grc' dir='ltr'>τὸν</span> <span class='ocrx_word' id='word_1_140' title='bbox 3037 788 3203 856; x_wconf 84' lang='grc' dir='ltr'>ἀνδρα</span> <span class='ocrx_word' id='word_1_141' title='bbox 3246 788 3598 860; x_wconf 63' lang='grc' dir='ltr'>διισχυρίζοιτο,</span> 
     </span>
    </p>
   </div>
   <div class='ocr_carea' id='block_1_24' title="bbox 2105 879 3596 957">
    <p class='ocr_par' dir='ltr' id='par_1_24' title="bbox 2105 879 3596 957">
     <span class='ocr_line' id='line_1_24' title="bbox 2105 879 3596 957; baseline -0.004 -18"><span class='ocrx_word' id='word_1_142' title='bbox 2105 881 2166 942; x_wconf 72' lang='grc' dir='ltr'><strong>οὗ</strong></span> <span class='ocrx_word' id='word_1_143' title='bbox 2192 885 2390 957; x_wconf 68' lang='grc' dir='ltr'>μικρὸν</span> <span class='ocrx_word' id='word_1_144' title='bbox 2418 881 2654 952; x_wconf 77' lang='grc' dir='ltr'><strong>πρόσθεν</strong></span> <span class='ocrx_word' id='word_1_145' title='bbox 2675 881 2774 950; x_wconf 84' lang='grc' dir='ltr'>τῆς</span> <span class='ocrx_word' id='word_1_146' title='bbox 2796 879 3168 949; x_wconf 71' lang='grc' dir='ltr'>καθαιρέσεως</span> <span class='ocrx_word' id='word_1_147' title='bbox 3194 881 3392 946; x_wconf 86' lang='grc' dir='ltr'>μάλιστ’</span> <span class='ocrx_word' id='word_1_148' title='bbox 3410 884 3596 950; x_wconf 69' lang='grc' dir='ltr'>ἐφίεντο.</span> 
     </span>
    </p>
   </div>
   <div class='ocr_carea' id='block_1_25' title="bbox 2104 965 3599 1040">
    <p class='ocr_par' dir='ltr' id='par_1_25' title="bbox 2104 965 3599 1040">
     <span class='ocr_line' id='line_1_25' title="bbox 2104 965 3599 1040; baseline -0.003 -8"><span class='ocrx_word' id='word_1_149' title='bbox 2104 980 2207 1032; x_wconf 82' lang='grc' dir='ltr'>Διά</span> <span class='ocrx_word' id='word_1_150' title='bbox 2232 994 2315 1030; x_wconf 88' lang='grc' dir='ltr'><strong>τοι</strong></span> <span class='ocrx_word' id='word_1_151' title='bbox 2348 974 2525 1029; x_wconf 89' lang='grc' dir='ltr'>ταῦτα</span> <span class='ocrx_word' id='word_1_152' title='bbox 2576 976 2671 1027; x_wconf 76' lang='grc' dir='ltr'>καὶ</span> <span class='ocrx_word' id='word_1_153' title='bbox 2728 971 2953 1033; x_wconf 86' lang='grc' dir='ltr'>πλείους</span> <span class='ocrx_word' id='word_1_154' title='bbox 2997 965 3136 1039; x_wconf 79' lang='grc' dir='ltr'>ἦσαν</span> <span class='ocrx_word' id='word_1_155' title='bbox 3164 970 3213 1022; x_wconf 80' lang='lat' dir='ltr'><strong>oi</strong></span> <span class='ocrx_word' id='word_1_156' title='bbox 3255 970 3599 1040; x_wconf 74' lang='grc' dir='ltr'>καταῦοώμενοι</span> 
     </span>
    </p>
   </div>
   <div class='ocr_carea' id='block_1_26' title="bbox 2103 1061 3599 1138">
    <p class='ocr_par' dir='ltr' id='par_1_26' title="bbox 2103 1061 3599 1138">
     <span class='ocr_line' id='line_1_26' title="bbox 2103 1061 3599 1138; baseline -0.006 -15"><span class='ocrx_word' id='word_1_157' title='bbox 2103 1069 2198 1123; x_wconf 67' lang='grc' dir='ltr'><strong>τσῦ</strong></span> <span class='ocrx_word' id='word_1_158' title='bbox 2224 1086 2286 1120; x_wconf 84' lang='grc' dir='ltr'><strong>τε</strong></span> <span class='ocrx_word' id='word_1_159' title='bbox 2317 1065 2650 1138; x_wconf 75' lang='grc' dir='ltr'><strong>κρατοῦντος</strong></span> <span class='ocrx_word' id='word_1_160' title='bbox 2672 1064 2768 1117; x_wconf 70' lang='grc' dir='ltr'><strong>καὶ</strong></span> <span class='ocrx_word' id='word_1_161' title='bbox 2794 1062 2894 1131; x_wconf 80' lang='grc' dir='ltr'>τῆς</span> <span class='ocrx_word' id='word_1_162' title='bbox 2926 1061 3149 1114; x_wconf 75' lang='grc' dir='ltr'><strong>συνόδου</strong></span> <span class='ocrx_word' id='word_1_163' title='bbox 3177 1061 3269 1113; x_wconf 74' lang='grc' dir='ltr'>καὶ</span> <span class='ocrx_word' id='word_1_164' title='bbox 3302 1061 3400 1113; x_wconf 79' lang='grc' dir='ltr'><strong>τῶν</strong></span> <span class='ocrx_word' id='word_1_165' title='bbox 3421 1063 3599 1115; x_wconf 75' lang='grc' dir='ltr'>ἐπισκό-</span> 
     </span>
    </p>
   </div>
   <div class='ocr_carea' id='block_1_27' title="bbox 2106 1149 3599 1225">
    <p class='ocr_par' dir='ltr' id='par_1_27' title="bbox 2106 1149 3599 1225">
     <span class='ocr_line' id='line_1_27' title="bbox 2106 1149 3599 1225; baseline -0.005 -13"><span class='ocrx_word' id='word_1_166' title='bbox 2106 1176 2245 1221; x_wconf 89' lang='grc' dir='ltr'>πων,</span> <span class='ocrx_word' id='word_1_167' title='bbox 2285 1158 2378 1210; x_wconf 78' lang='grc' dir='ltr'>καὶ</span> <span class='ocrx_word' id='word_1_168' title='bbox 2424 1156 2659 1225; x_wconf 82' lang='grc' dir='ltr'>μάλιστα</span> <span class='ocrx_word' id='word_1_169' title='bbox 2687 1152 2950 1220; x_wconf 74' lang='grc' dir='ltr'><strong>Θεοφίλου</strong></span> <span class='ocrx_word' id='word_1_170' title='bbox 2972 1166 2988 1182; x_wconf 75' lang='grc'>⁶</span> <span class='ocrx_word' id='word_1_171' title='bbox 3038 1149 3280 1204; x_wconf 76' lang='grc' dir='ltr'><strong>λανθάνει</strong></span> <span class='ocrx_word' id='word_1_172' title='bbox 3321 1151 3419 1219; x_wconf 79' lang='grc' dir='ltr'>γὰρ</span> <span class='ocrx_word' id='word_1_173' title='bbox 3460 1153 3599 1205; x_wconf 71' lang='grc' dir='ltr'>οὐκέτ’</span> 
     </span>
    </p>
   </div>
   <div class='ocr_carea' id='block_1_28' title="bbox 2101 1243 3600 1319">
    <p class='ocr_par' dir='ltr' id='par_1_28' title="bbox 2101 1243 3600 1319">
     <span class='ocr_line' id='line_1_28' title="bbox 2101 1243 3600 1319; baseline -0.004 -13"><span class='ocrx_word' id='word_1_174' title='bbox 2101 1249 2218 1313; x_wconf 76' lang='grc' dir='ltr'>οἶός</span> <span class='ocrx_word' id='word_1_175' title='bbox 2246 1267 2307 1303; x_wconf 84' lang='grc' dir='ltr'><strong>τε</strong></span> <span class='ocrx_word' id='word_1_176' title='bbox 2335 1245 2427 1319; x_wconf 77' lang='grc' dir='ltr'>ἦν,</span> <span class='ocrx_word' id='word_1_177' title='bbox 2473 1247 2551 1310; x_wconf 85' lang='grc' dir='ltr'>ὼς</span> <span class='ocrx_word' id='word_1_178' title='bbox 2577 1249 2641 1300; x_wconf 83' lang='grc' dir='ltr'>ὲκ</span> <span class='ocrx_word' id='word_1_179' title='bbox 2668 1245 2881 1300; x_wconf 79' lang='grc' dir='ltr'>πολλῶν</span> <span class='ocrx_word' id='word_1_180' title='bbox 2910 1243 3225 1313; x_wconf 76' lang='grc' dir='ltr'><strong>τεκμηρίων</strong></span> <span class='ocrx_word' id='word_1_181' title='bbox 3267 1245 3523 1299; x_wconf 72' lang='grc' dir='ltr'>ἐδείκνυτο.</span> <span class='ocrx_word' id='word_1_182' title='bbox 3552 1244 3600 1299; x_wconf 81' lang='grc' dir='ltr'><em>Ἢ</em></span> 
     </span>
    </p>
   </div>
   <div class='ocr_carea' id='block_1_29' title="bbox 2101 1333 3600 1413">
    <p class='ocr_par' dir='ltr' id='par_1_29' title="bbox 2101 1333 3600 1413">
     <span class='ocr_line' id='line_1_29' title="bbox 2101 1333 3600 1413; baseline -0.006 -16"><span class='ocrx_word' id='word_1_183' title='bbox 2101 1342 2234 1413; x_wconf 87' lang='grc' dir='ltr'>γοῦν</span> <span class='ocrx_word' id='word_1_184' title='bbox 2286 1341 2499 1412; x_wconf 75' lang='grc' dir='ltr'><strong>βασιλὶς</strong></span> <span class='ocrx_word' id='word_1_185' title='bbox 2551 1338 2943 1409; x_wconf 78' lang='grc' dir='ltr'>δυσωπηθεῖσα</span> <span class='ocrx_word' id='word_1_186' title='bbox 3001 1340 3070 1406; x_wconf 71' lang='grc' dir='ltr'>τῇ</span> <span class='ocrx_word' id='word_1_187' title='bbox 3116 1333 3210 1388; x_wconf 87' lang='grc' dir='ltr'><strong>τοῦ</strong></span> <span class='ocrx_word' id='word_1_188' title='bbox 3265 1334 3423 1403; x_wconf 84' lang='grc' dir='ltr'>δήμου</span> <span class='ocrx_word' id='word_1_189' title='bbox 3458 1334 3600 1405; x_wconf 74' lang='grc' dir='ltr'>δεήσει</span> 
     </span>
    </p>
   </div>
   <div class='ocr_carea' id='block_1_30' title="bbox 2102 1421 3599 1498">
    <p class='ocr_par' dir='ltr' id='par_1_30' title="bbox 2102 1421 3599 1498">
     <span class='ocr_line' id='line_1_30' title="bbox 2102 1421 3599 1498; baseline -0.007 -14"><span class='ocrx_word' id='word_1_190' title='bbox 2102 1433 2197 1485; x_wconf 72' lang='grc' dir='ltr'>καὶ</span> <span class='ocrx_word' id='word_1_191' title='bbox 2241 1429 2321 1498; x_wconf 86' lang='grc' dir='ltr'>τῷ</span> <span class='ocrx_word' id='word_1_192' title='bbox 2357 1428 2577 1497; x_wconf 78' lang='grc' dir='ltr'><strong>νύκτωρ</strong></span> <span class='ocrx_word' id='word_1_193' title='bbox 2622 1424 3002 1494; x_wconf 80' lang='grc' dir='ltr'>ὲπιγενομίνῳ</span> <span class='ocrx_word' id='word_1_194' title='bbox 3055 1421 3280 1492; x_wconf 80' lang='grc' dir='ltr'>σεισμῷ,</span> <span class='ocrx_word' id='word_1_195' title='bbox 3321 1421 3479 1474; x_wconf 77' lang='grc' dir='ltr'><strong>πείθει</strong></span> <span class='ocrx_word' id='word_1_196' title='bbox 3513 1425 3599 1474; x_wconf 70' lang='lat' dir='ltr'><strong>im-</strong></span> 
     </span>
    </p>
   </div>
   <div class='ocr_carea' id='block_1_31' title="bbox 2101 1511 3598 1586">
    <p class='ocr_par' dir='ltr' id='par_1_31' title="bbox 2101 1511 3598 1586">
     <span class='ocr_line' id='line_1_31' title="bbox 2101 1511 3598 1586; baseline -0.008 -11"><span class='ocrx_word' id='word_1_197' title='bbox 2101 1522 2292 1576; x_wconf 81' lang='grc' dir='ltr'>νεῦσαι</span> <span class='ocrx_word' id='word_1_198' title='bbox 2319 1520 2408 1572; x_wconf 71' lang='grc' dir='ltr'><strong>τὸν</strong></span> <span class='ocrx_word' id='word_1_199' title='bbox 2429 1516 2600 1586; x_wconf 81' lang='grc' dir='ltr'>ἀνδρα</span> <span class='ocrx_word' id='word_1_200' title='bbox 2626 1515 2719 1569; x_wconf 84' lang='grc' dir='ltr'>τὸν</span> <span class='ocrx_word' id='word_1_201' title='bbox 2769 1515 2920 1568; x_wconf 79' lang='grc' dir='ltr'>ὅσιον</span> <span class='ocrx_word' id='word_1_202' title='bbox 2966 1515 3221 1583; x_wconf 76' lang='grc' dir='ltr'><strong>ἀγαγεῖν.</strong></span> <span class='ocrx_word' id='word_1_203' title='bbox 3258 1512 3361 1565; x_wconf 70' lang='grc' dir='ltr'><strong>Καὶ</strong></span> <span class='ocrx_word' id='word_1_204' title='bbox 3383 1512 3441 1581; x_wconf 81' lang='grc' dir='ltr'>δὴ</span> <span class='ocrx_word' id='word_1_205' title='bbox 3471 1511 3598 1582; x_wconf 84' lang='grc' dir='ltr'>Βρίσ-</span> 
     </span>
    </p>
   </div>
   <div class='ocr_carea' id='block_1_32' title="bbox 2101 1603 3586 1679">
    <p class='ocr_par' dir='ltr' id='par_1_32' title="bbox 2101 1603 3586 1679">
     <span class='ocr_line' id='line_1_32' title="bbox 2101 1603 3586 1679; baseline -0.007 -13"><span class='ocrx_word' id='word_1_206' title='bbox 2101 1629 2244 1666; x_wconf 88' lang='grc' dir='ltr'>σωνα</span> <span class='ocrx_word' id='word_1_207' title='bbox 2269 1611 2362 1663; x_wconf 82' lang='grc' dir='ltr'>τὸν</span> <span class='ocrx_word' id='word_1_208' title='bbox 2399 1612 2539 1679; x_wconf 78' lang='grc' dir='ltr'>αὐτῇ</span> <span class='ocrx_word' id='word_1_209' title='bbox 2570 1607 2761 1661; x_wconf 83' lang='grc' dir='ltr'>πιστὸν</span> <span class='ocrx_word' id='word_1_210' title='bbox 2788 1606 2919 1660; x_wconf 73' lang='grc' dir='ltr'>ὄντα</span> <span class='ocrx_word' id='word_1_211' title='bbox 2945 1603 3328 1673; x_wconf 76' lang='grc' dir='ltr'>θαλαμηπόλον</span> <span class='ocrx_word' id='word_1_212' title='bbox 3353 1603 3586 1672; x_wconf 71' lang='grc' dir='ltr'>πέμψασα,</span> 
     </span>
    </p>
   </div>
   <div class='ocr_carea' id='block_1_33' title="bbox 2099 1690 3601 1771">
    <p class='ocr_par' dir='ltr' id='par_1_33' title="bbox 2099 1690 3601 1771">
     <span class='ocr_line' id='line_1_33' title="bbox 2099 1690 3601 1771; baseline -0.007 -14"><span class='ocrx_word' id='word_1_213' title='bbox 2099 1707 2165 1758; x_wconf 77' lang='grc' dir='ltr'>ὲκ</span> <span class='ocrx_word' id='word_1_214' title='bbox 2201 1703 2501 1771; x_wconf 79' lang='grc' dir='ltr'>Πραινέτου</span> <span class='ocrx_word' id='word_1_215' title='bbox 2524 1702 2615 1754; x_wconf 87' lang='grc' dir='ltr'><strong>τδν</strong></span> <span class='ocrx_word' id='word_1_216' title='bbox 2643 1703 2798 1768; x_wconf 77' lang='grc' dir='ltr'>ἆγιον</span> <span class='ocrx_word' id='word_1_217' title='bbox 2844 1698 3136 1765; x_wconf 63' lang='grc' dir='ltr'>ἐπανάγει,</span> <span class='ocrx_word' id='word_1_218' title='bbox 3169 1695 3339 1750; x_wconf 81' lang='grc' dir='ltr'>ἀθῶον</span> <span class='ocrx_word' id='word_1_219' title='bbox 3377 1690 3601 1748; x_wconf 74' lang='grc' dir='ltr'>εἶναιτῶν</span> 
     </span>
    </p>
   </div>
   <div class='ocr_carea' id='block_1_34' title="bbox 430 1788 2000 1868">
    <p class='ocr_par' dir='ltr' id='par_1_34' title="bbox 430 1791 2000 1868">
     <span class='ocr_line' id='line_1_34' title="bbox 430 1791 2000 1868; baseline 0.01 -26"><span class='ocrx_word' id='word_1_220' title='bbox 430 1798 748 1843; x_wconf 67' lang='lat' dir='ltr'><strong>terrzemotu</strong></span> <span class='ocrx_word' id='word_1_221' title='bbox 787 1791 883 1859; x_wconf 88' lang='lat' dir='ltr'><strong>qui</strong></span> <span class='ocrx_word' id='word_1_222' title='bbox 932 1803 1098 1846; x_wconf 87' lang='lat' dir='ltr'><strong>noctu</strong></span> <span class='ocrx_word' id='word_1_223' title='bbox 1147 1795 1326 1849; x_wconf 82' lang='lat' dir='ltr'><strong>factus</strong></span> <span class='ocrx_word' id='word_1_224' title='bbox 1361 1797 1540 1851; x_wconf 88' lang='lat' dir='ltr'><strong>fuerat</strong></span> <span class='ocrx_word' id='word_1_225' title='bbox 1587 1800 1850 1868; x_wconf 88' lang='lat' dir='ltr'><strong>adducta,</strong></span> <span class='ocrx_word' id='word_1_226' title='bbox 1885 1807 2000 1857; x_wconf 85' lang='lat' dir='ltr'><strong>viro</strong></span> 
     </span>
    </p>
   </div>
   <div class='ocr_carea' id='block_1_35' title="bbox 2103 1788 3602 1868">
    <p class='ocr_par' dir='ltr' id='par_1_35' title="bbox 2103 1788 3602 1861">
     <span class='ocr_line' id='line_1_35' title="bbox 2103 1788 3602 1861; baseline -0.008 -13"><span class='ocrx_word' id='word_1_227' title='bbox 2103 1796 2226 1848; x_wconf 85' lang='grc' dir='ltr'>κατ’</span> <span class='ocrx_word' id='word_1_228' title='bbox 2265 1792 2433 1847; x_wconf 85' lang='grc' dir='ltr'>αὑτοῦ</span> <span class='ocrx_word' id='word_1_229' title='bbox 2486 1792 2941 1861; x_wconf 80' lang='grc' dir='ltr'>σκαιωρηθέντων</span> <span class='ocrx_word' id='word_1_230' title='bbox 2976 1788 3432 1858; x_wconf 80' lang='grc' dir='ltr'>διαμηνυσαμὲνη,</span> <span class='ocrx_word' id='word_1_231' title='bbox 3469 1788 3602 1853; x_wconf 75' lang='grc' dir='ltr'>ἑπαγ-</span> 
     </span>
    </p>
   </div>
   <div class='ocr_carea' id='block_1_36' title="bbox 429 1883 2001 1950">
    <p class='ocr_par' dir='ltr' id='par_1_36' title="bbox 429 1883 2001 1950">
     <span class='ocr_line' id='line_1_36' title="bbox 429 1883 2001 1950; baseline 0.011 -17"><span class='ocrx_word' id='word_1_232' title='bbox 429 1895 533 1933; x_wconf 81' lang='lat' dir='ltr'><strong>suo</strong></span> <span class='ocrx_word' id='word_1_233' title='bbox 560 1883 877 1947; x_wconf 83' lang='lat' dir='ltr'><strong>persuadet,</strong></span> <span class='ocrx_word' id='word_1_234' title='bbox 914 1893 971 1936; x_wconf 90' lang='lat' dir='ltr'><strong>ut</strong></span> <span class='ocrx_word' id='word_1_235' title='bbox 1002 1886 1178 1939; x_wconf 85' lang='lat' dir='ltr'><strong>sancti</strong></span> <span class='ocrx_word' id='word_1_236' title='bbox 1215 1886 1321 1940; x_wconf 90' lang='lat' dir='ltr'><strong>viri</strong></span> <span class='ocrx_word' id='word_1_237' title='bbox 1363 1890 1699 1944; x_wconf 79' lang='lat' dir='ltr'><strong>restitutioni</strong></span> <span class='ocrx_word' id='word_1_238' title='bbox 1745 1904 1952 1948; x_wconf 82' lang='lat' dir='ltr'><strong>annuat</strong></span> <span class='ocrx_word' id='word_1_239' title='bbox 1986 1914 2001 1950; x_wconf 89' lang='lat'><strong>:</strong></span> 
     </span>
    </p>
   </div>
   <div class='ocr_carea' id='block_1_37' title="bbox 430 1971 2003 2049">
    <p class='ocr_par' dir='ltr' id='par_1_37' title="bbox 430 1971 2003 2049">
     <span class='ocr_line' id='line_1_37' title="bbox 430 1971 2003 2049; baseline 0.012 -28"><span class='ocrx_word' id='word_1_240' title='bbox 430 1981 486 2024; x_wconf 78' lang='lat' dir='ltr'><strong>t-t</strong></span> <span class='ocrx_word' id='word_1_241' title='bbox 539 1971 770 2026; x_wconf 81' lang='lat' dir='ltr'><strong>Drisone</strong></span> <span class='ocrx_word' id='word_1_242' title='bbox 821 1974 1089 2028; x_wconf 82' lang='lat' dir='ltr'><strong>fidissimo</strong></span> <span class='ocrx_word' id='word_1_243' title='bbox 1139 1978 1478 2033; x_wconf 84' lang='lat' dir='ltr'><strong>cubicularin</strong></span> <span class='ocrx_word' id='word_1_244' title='bbox 1523 1997 1626 2035; x_wconf 89' lang='lat' dir='ltr'><strong>suo</strong></span> <span class='ocrx_word' id='word_1_245' title='bbox 1673 1984 1881 2049; x_wconf 76' lang='lat' dir='ltr'><strong>misso,</strong></span> <span class='ocrx_word' id='word_1_246' title='bbox 1937 2001 2003 2039; x_wconf 76' lang='lat' dir='ltr'><strong>ex</strong></span> 
     </span>
    </p>
   </div>
   <div class='ocr_carea' id='block_1_38' title="bbox 432 2050 2004 2138">
    <p class='ocr_par' dir='ltr' id='par_1_38' title="bbox 432 2050 2004 2138">
     <span class='ocr_line' id='line_1_38' title="bbox 432 2050 2004 2138; baseline 0.008 -21"><span class='ocrx_word' id='word_1_247' title='bbox 432 2063 682 2118; x_wconf 62' lang='lat' dir='ltr'><strong>Praeneto</strong></span> <span class='ocrx_word' id='word_1_248' title='bbox 711 2064 753 2118; x_wconf 88' lang='lat' dir='ltr'><strong>B</strong></span> <span class='ocrx_word' id='word_1_249' title='bbox 778 2064 975 2136; x_wconf 79' lang='lat' dir='ltr'><strong>thynia:</strong></span> <span class='ocrx_word' id='word_1_250' title='bbox 1001 2070 1273 2138; x_wconf 86' lang='lat' dir='ltr'><strong>emporio,</strong></span> <span class='ocrx_word' id='word_1_251' title='bbox 1302 2086 1368 2125; x_wconf 76' lang='lat' dir='ltr'><strong>ex</strong></span> <span class='ocrx_word' id='word_1_252' title='bbox 1408 2050 1637 2127; x_wconf 78' lang='lat' dir='ltr'><strong>adverso</strong></span> <span class='ocrx_word' id='word_1_253' title='bbox 1669 2074 2004 2130; x_wconf 70' lang='lat' dir='ltr'><strong>Nicomediae</strong></span> 
     </span>
    </p>
   </div>
   <div class='ocr_carea' id='block_1_39' title="bbox 430 2155 2002 2224">
    <p class='ocr_par' dir='ltr' id='par_1_39' title="bbox 430 2155 2002 2224">
     <span class='ocr_line' id='line_1_39' title="bbox 430 2155 2002 2224; baseline 0.01 -16"><span class='ocrx_word' id='word_1_254' title='bbox 430 2158 560 2218; x_wconf 84' lang='lat' dir='ltr'><strong>sit-0,</strong></span> <span class='ocrx_word' id='word_1_255' title='bbox 587 2155 851 2211; x_wconf 80' lang='lat' dir='ltr'><strong>Joannem</strong></span> <span class='ocrx_word' id='word_1_256' title='bbox 887 2158 1129 2224; x_wconf 81' lang='lat' dir='ltr'><strong>reduxit,</strong></span> <span class='ocrx_word' id='word_1_257' title='bbox 1159 2161 1457 2217; x_wconf 85' lang='lat' dir='ltr'><strong>immunem</strong></span> <span class='ocrx_word' id='word_1_258' title='bbox 1494 2182 1552 2219; x_wconf 89' lang='lat' dir='ltr'><strong>se</strong></span> <span class='ocrx_word' id='word_1_259' title='bbox 1586 2174 1640 2220; x_wconf 85' lang='lat' dir='ltr'><strong>et</strong></span> <span class='ocrx_word' id='word_1_260' title='bbox 1675 2167 1906 2221; x_wconf 85' lang='lat' dir='ltr'><strong>alienam</strong></span> <span class='ocrx_word' id='word_1_261' title='bbox 1934 2170 2002 2223; x_wconf 86' lang='lat' dir='ltr'><strong>ab</strong></span> 
     </span>
    </p>
   </div>
   <div class='ocr_carea' id='block_1_40' title="bbox 431 2248 2005 2329">
    <p class='ocr_par' dir='ltr' id='par_1_40' title="bbox 431 2248 2005 2329">
     <span class='ocr_line' id='line_1_40' title="bbox 431 2248 2005 2329; baseline 0.008 -26"><span class='ocrx_word' id='word_1_262' title='bbox 431 2249 653 2303; x_wconf 86' lang='lat' dir='ltr'><strong>insidiis</strong></span> <span class='ocrx_word' id='word_1_263' title='bbox 680 2260 869 2305; x_wconf 80' lang='lat' dir='ltr'><strong>contra</strong></span> <span class='ocrx_word' id='word_1_264' title='bbox 902 2251 1055 2306; x_wconf 89' lang='lat' dir='ltr'><strong>illum</strong></span> <span class='ocrx_word' id='word_1_265' title='bbox 1081 2254 1307 2309; x_wconf 88' lang='lat' dir='ltr'><strong>structis</strong></span> <span class='ocrx_word' id='word_1_266' title='bbox 1335 2271 1457 2310; x_wconf 80' lang='lat' dir='ltr'><strong>esse</strong></span> <span class='ocrx_word' id='word_1_267' title='bbox 1487 2248 1771 2311; x_wconf 19' lang='lat' dir='ltr'><strong>tes‘tiiictna</strong></span> <span class='ocrx_word' id='word_1_268' title='bbox 1800 2276 1810 2309; x_wconf 93' lang='lat'>:</span> <span class='ocrx_word' id='word_1_269' title='bbox 1842 2271 2005 2329; x_wconf 75' lang='lat' dir='ltr'><strong>atque</strong></span> 
     </span>
    </p>
   </div>
   <div class='ocr_carea' id='block_1_41' title="bbox 430 2343 2000 2414">
    <p class='ocr_par' dir='ltr' id='par_1_41' title="bbox 430 2343 2000 2414">
     <span class='ocr_line' id='line_1_41' title="bbox 430 2343 2000 2414; baseline 0.005 -20"><span class='ocrx_word' id='word_1_270' title='bbox 430 2343 655 2410; x_wconf 89' lang='lat' dir='ltr'><strong>insuper</strong></span> <span class='ocrx_word' id='word_1_271' title='bbox 717 2356 843 2395; x_wconf 91' lang='lat' dir='ltr'><strong>eum</strong></span> <span class='ocrx_word' id='word_1_272' title='bbox 906 2343 975 2396; x_wconf 91' lang='lat' dir='ltr'><strong>de</strong></span> <span class='ocrx_word' id='word_1_273' title='bbox 1021 2353 1216 2398; x_wconf 80' lang='lat' dir='ltr'><strong>caetero</strong></span> <span class='ocrx_word' id='word_1_274' title='bbox 1268 2360 1326 2399; x_wconf 89' lang='lat' dir='ltr'><strong>se</strong></span> <span class='ocrx_word' id='word_1_275' title='bbox 1389 2355 1446 2398; x_wconf 93' lang='lat' dir='ltr'><strong>ut</strong></span> <span class='ocrx_word' id='word_1_276' title='bbox 1497 2349 1835 2402; x_wconf 78' lang='lat' dir='ltr'><strong>sacerdotem</strong></span> <span class='ocrx_word' id='word_1_277' title='bbox 1884 2350 2000 2414; x_wconf 86' lang='lat' dir='ltr'><strong>Dei,</strong></span> 
     </span>
    </p>
   </div>
   <div class='ocr_carea' id='block_1_42' title="bbox 426 2433 1999 2506">
    <p class='ocr_par' dir='ltr' id='par_1_42' title="bbox 426 2433 1999 2506">
     <span class='ocr_line' id='line_1_42' title="bbox 426 2433 1999 2506; baseline 0.005 -20"><span class='ocrx_word' id='word_1_278' title='bbox 426 2433 840 2503; x_wconf 86' lang='lat' dir='ltr'><strong>liberorumque</strong></span> <span class='ocrx_word' id='word_1_279' title='bbox 876 2450 1102 2488; x_wconf 89' lang='lat' dir='ltr'><strong>suorum</strong></span> <span class='ocrx_word' id='word_1_280' title='bbox 1148 2435 1200 2489; x_wconf 92' lang='lat' dir='ltr'><strong>in</strong></span> <span class='ocrx_word' id='word_1_281' title='bbox 1247 2437 1410 2491; x_wconf 84' lang='lat' dir='ltr'><strong>rebus</strong></span> <span class='ocrx_word' id='word_1_282' title='bbox 1453 2437 1657 2491; x_wconf 82' lang='lat' dir='ltr'><strong>divinis</strong></span> <span class='ocrx_word' id='word_1_283' title='bbox 1690 2439 1999 2506; x_wconf 85' lang='lat' dir='ltr'><strong>doctorem,</strong></span> 
     </span>
    </p>
   </div>
   <div class='ocr_carea' id='block_1_43' title="bbox 428 2526 2003 2598">
    <p class='ocr_par' dir='ltr' id='par_1_43' title="bbox 428 2526 2003 2598">
     <span class='ocr_line' id='line_1_43' title="bbox 428 2526 2003 2598; baseline 0.006 -20"><span class='ocrx_word' id='word_1_284' title='bbox 428 2526 521 2595; x_wconf 90' lang='lat' dir='ltr'><strong>qui</strong></span> <span class='ocrx_word' id='word_1_285' title='bbox 578 2542 675 2596; x_wconf 88' lang='lat' dir='ltr'><strong>per</strong></span> <span class='ocrx_word' id='word_1_286' title='bbox 713 2527 959 2581; x_wconf 90' lang='lat' dir='ltr'><strong>divinum</strong></span> <span class='ocrx_word' id='word_1_287' title='bbox 1014 2527 1294 2581; x_wconf 83' lang='lat' dir='ltr'><strong>lavacrum</strong></span> <span class='ocrx_word' id='word_1_288' title='bbox 1336 2527 1480 2583; x_wconf 84' lang='lat' dir='ltr'><strong>sacri</strong></span> <span class='ocrx_word' id='word_1_289' title='bbox 1534 2541 1724 2598; x_wconf 84' lang='lat' dir='ltr'><strong>partus</strong></span> <span class='ocrx_word' id='word_1_290' title='bbox 1770 2546 1892 2585; x_wconf 90' lang='lat' dir='ltr'><strong>cum</strong></span> <span class='ocrx_word' id='word_1_291' title='bbox 1936 2547 2003 2587; x_wconf 85' lang='lat' dir='ltr'><strong>ea</strong></span> 
     </span>
    </p>
   </div>
   <div class='ocr_carea' id='block_1_44' title="bbox 427 2619 2002 2688">
    <p class='ocr_par' dir='ltr' id='par_1_44' title="bbox 427 2619 2002 2688">
     <span class='ocr_line' id='line_1_44' title="bbox 427 2619 2002 2688; baseline 0.004 -17"><span class='ocrx_word' id='word_1_292' title='bbox 427 2619 748 2672; x_wconf 82' lang='lat' dir='ltr'><strong>societatem</strong></span> <span class='ocrx_word' id='word_1_293' title='bbox 788 2628 953 2688; x_wconf 89' lang='lat' dir='ltr'><strong>atque</strong></span> <span class='ocrx_word' id='word_1_294' title='bbox 991 2620 1430 2674; x_wconf 88' lang='lat' dir='ltr'><strong>communionem</strong></span> <span class='ocrx_word' id='word_1_295' title='bbox 1484 2620 1691 2685; x_wconf 77' lang='lat' dir='ltr'><strong>inierit,</strong></span> <span class='ocrx_word' id='word_1_296' title='bbox 1732 2624 2002 2677; x_wconf 87' lang='lat' dir='ltr'><strong>reveritu-</strong></span> 
     </span>
    </p>
   </div>
   <div class='ocr_carea' id='block_1_45' title="bbox 431 2710 2001 2782">
    <p class='ocr_par' dir='ltr' id='par_1_45' title="bbox 431 2710 2001 2782">
     <span class='ocr_line' id='line_1_45' title="bbox 431 2710 2001 2782; baseline 0.005 -20"><span class='ocrx_word' id='word_1_297' title='bbox 431 2725 548 2764; x_wconf 85' lang='lat' dir='ltr'><strong>ram</strong></span> <span class='ocrx_word' id='word_1_298' title='bbox 580 2725 701 2764; x_wconf 89' lang='lat' dir='ltr'><strong>esse</strong></span> <span class='ocrx_word' id='word_1_299' title='bbox 735 2711 994 2778; x_wconf 86' lang='lat' dir='ltr'><strong>pollicita.</strong></span> <span class='ocrx_word' id='word_1_300' title='bbox 1023 2710 1262 2766; x_wconf 77' lang='lat' dir='ltr'><strong>Joannes</strong></span> <span class='ocrx_word' id='word_1_301' title='bbox 1301 2727 1578 2779; x_wconf 82' lang='lat' dir='ltr'><strong>reversus,</strong></span> <span class='ocrx_word' id='word_1_302' title='bbox 1610 2715 1713 2769; x_wconf 86' lang='lat' dir='ltr'><strong>sub</strong></span> <span class='ocrx_word' id='word_1_303' title='bbox 1748 2718 1903 2782; x_wconf 72' lang='lat' dir='ltr'><strong>urbe,</strong></span> <span class='ocrx_word' id='word_1_304' title='bbox 1933 2714 2001 2769; x_wconf 92' lang='lat' dir='ltr'><strong>ad</strong></span> 
     </span>
    </p>
   </div>
   <div class='ocr_carea' id='block_1_46' title="bbox 429 2801 2004 2871">
    <p class='ocr_par' dir='ltr' id='par_1_46' title="bbox 429 2801 2004 2871">
     <span class='ocr_line' id='line_1_46' title="bbox 429 2801 2004 2871; baseline 0.003 -16"><span class='ocrx_word' id='word_1_305' title='bbox 429 2803 743 2860; x_wconf 82' lang='lat' dir='ltr'><strong>transitum.</strong></span> <span class='ocrx_word' id='word_1_306' title='bbox 780 2801 831 2853; x_wconf 92' lang='lat' dir='ltr'><strong>in</strong></span> <span class='ocrx_word' id='word_1_307' title='bbox 867 2801 1090 2869; x_wconf 76' lang='lat' dir='ltr'><strong>regione</strong></span> <span class='ocrx_word' id='word_1_308' title='bbox 1123 2817 1243 2871; x_wconf 73' lang='lat' dir='ltr'><strong>qua:</strong></span> <span class='ocrx_word' id='word_1_309' title='bbox 1272 2801 1528 2856; x_wconf 72' lang='lat' dir='ltr'><strong>Mariana:</strong></span> <span class='ocrx_word' id='word_1_310' title='bbox 1565 2803 1789 2866; x_wconf 86' lang='lat' dir='ltr'><strong>dicitur,</strong></span> <span class='ocrx_word' id='word_1_311' title='bbox 1824 2822 2004 2859; x_wconf 85' lang='lat' dir='ltr'><strong>mora-</strong></span> 
     </span>
    </p>
   </div>
   <div class='ocr_carea' id='block_1_47' title="bbox 428 2889 1995 2963">
    <p class='ocr_par' dir='ltr' id='par_1_47' title="bbox 428 2889 1995 2963">
     <span class='ocr_line' id='line_1_47' title="bbox 428 2889 1995 2963; baseline 0.003 -18"><span class='ocrx_word' id='word_1_312' title='bbox 428 2899 519 2945; x_wconf 83' lang='lat' dir='ltr'><strong>tus</strong></span> <span class='ocrx_word' id='word_1_313' title='bbox 551 2902 634 2945; x_wconf 83' lang='lat' dir='ltr'><strong>est</strong></span> <span class='ocrx_word' id='word_1_314' title='bbox 666 2910 680 2944; x_wconf 89' lang='lat'>:</span> <span class='ocrx_word' id='word_1_315' title='bbox 712 2905 892 2960; x_wconf 86' lang='lat' dir='ltr'><strong>neque</strong></span> <span class='ocrx_word' id='word_1_316' title='bbox 921 2901 1045 2944; x_wconf 83' lang='lat' dir='ltr'><strong>ante</strong></span> <span class='ocrx_word' id='word_1_317' title='bbox 1076 2889 1472 2960; x_wconf 75' lang='lat' dir='ltr'><strong>frequentioris</strong></span> <span class='ocrx_word' id='word_1_318' title='bbox 1499 2893 1693 2962; x_wconf 84' lang='lat' dir='ltr'><strong>synodi</strong></span> <span class='ocrx_word' id='word_1_319' title='bbox 1724 2893 1995 2963; x_wconf 74' lang='lat' dir='ltr'><strong>discepta~</strong></span> 
     </span>
    </p>
   </div>
   <div class='ocr_carea' id='block_1_48' title="bbox 432 2981 2002 3057">
    <p class='ocr_par' dir='ltr' id='par_1_48' title="bbox 432 2981 2002 3057">
     <span class='ocr_line' id='line_1_48' title="bbox 432 2981 2002 3057; baseline 0.002 -21"><span class='ocrx_word' id='word_1_320' title='bbox 432 2982 638 3036; x_wconf 86' lang='lat' dir='ltr'><strong>tionem</strong></span> <span class='ocrx_word' id='word_1_321' title='bbox 689 2991 855 3051; x_wconf 84' lang='lat' dir='ltr'><strong>atque</strong></span> <span class='ocrx_word' id='word_1_322' title='bbox 888 2981 1162 3057; x_wconf 80' lang='lat' dir='ltr'><strong>judicium</strong></span> <span class='ocrx_word' id='word_1_323' title='bbox 1201 2984 1391 3036; x_wconf 80' lang='lat' dir='ltr'><strong>urbem</strong></span> <span class='ocrx_word' id='word_1_324' title='bbox 1442 2983 1658 3054; x_wconf 79' lang='lat' dir='ltr'><strong>ingredi</strong></span> <span class='ocrx_word' id='word_1_325' title='bbox 1692 2985 1888 3051; x_wconf 87' lang='lat' dir='ltr'><strong>voluit,</strong></span> <span class='ocrx_word' id='word_1_326' title='bbox 1942 2995 2002 3040; x_wconf 90' lang='lat' dir='ltr'><strong>ut</strong></span> 
     </span>
    </p>
   </div>
   <div class='ocr_carea' id='block_1_49' title="bbox 429 3073 2001 3146">
    <p class='ocr_par' dir='ltr' id='par_1_49' title="bbox 429 3073 2001 3146">
     <span class='ocr_line' id='line_1_49' title="bbox 429 3073 2001 3146; baseline 0.001 -18"><span class='ocrx_word' id='word_1_327' title='bbox 429 3073 723 3129; x_wconf 84' lang='lat' dir='ltr'><strong>manifesto</strong></span> <span class='ocrx_word' id='word_1_328' title='bbox 753 3089 1012 3142; x_wconf 73' lang='lat' dir='ltr'><strong>apparere</strong></span> <span class='ocrx_word' id='word_1_329' title='bbox 1120 3090 1219 3146; x_wconf 86' lang='lat' dir='ltr'><strong>per</strong></span> <span class='ocrx_word' id='word_1_330' title='bbox 1272 3074 1527 3144; x_wconf 88' lang='lat' dir='ltr'><strong>injuriam</strong></span> <span class='ocrx_word' id='word_1_331' title='bbox 1580 3074 1767 3146; x_wconf 91' lang='lat' dir='ltr'><strong>inique</strong></span> <span class='ocrx_word' id='word_1_332' title='bbox 1795 3079 1846 3131; x_wconf 90' lang='lat' dir='ltr'><strong>ei</strong></span> <span class='ocrx_word' id='word_1_333' title='bbox 1872 3078 2001 3146; x_wconf 84' lang='lat' dir='ltr'><strong>epi-</strong></span> 
     </span>
    </p>
   </div>
   <div class='ocr_carea' id='block_1_50' title="bbox 2108 1876 3598 1955">
    <p class='ocr_par' dir='ltr' id='par_1_50' title="bbox 2108 1876 3598 1955">
     <span class='ocr_line' id='line_1_50' title="bbox 2108 1876 3598 1955; baseline -0.009 -15"><span class='ocrx_word' id='word_1_334' title='bbox 2108 1885 2411 1955; x_wconf 82' lang='grc' dir='ltr'>γελλομένη</span> <span class='ocrx_word' id='word_1_335' title='bbox 2439 1900 2499 1935; x_wconf 82' lang='grc' dir='ltr'><strong>τε</strong></span> <span class='ocrx_word' id='word_1_336' title='bbox 2534 1881 2630 1936; x_wconf 85' lang='grc' dir='ltr'><strong>τοῦ</strong></span> <span class='ocrx_word' id='word_1_337' title='bbox 2670 1881 2863 1934; x_wconf 74' lang='grc' dir='ltr'>λοιποῦ</span> <span class='ocrx_word' id='word_1_338' title='bbox 2895 1878 2972 1942; x_wconf 84' lang='grc' dir='ltr'><strong>ὡς</strong></span> <span class='ocrx_word' id='word_1_339' title='bbox 3016 1878 3169 1947; x_wconf 79' lang='grc' dir='ltr'>ἱερέα</span> <span class='ocrx_word' id='word_1_340' title='bbox 3195 1876 3324 1930; x_wconf 85' lang='grc' dir='ltr'>Θεοῦ</span> <span class='ocrx_word' id='word_1_341' title='bbox 3351 1878 3433 1929; x_wconf 75' lang='grc' dir='ltr'>καὶ</span> <span class='ocrx_word' id='word_1_342' title='bbox 3458 1876 3509 1928; x_wconf 83' lang='grc' dir='ltr'>δι’</span> <span class='ocrx_word' id='word_1_343' title='bbox 3533 1877 3598 1928; x_wconf 82' lang='lat' dir='ltr'><strong>al-</strong></span> 
     </span>
    </p>
   </div>
   <div class='ocr_carea' id='block_1_51' title="bbox 2106 1966 3599 2048">
    <p class='ocr_par' dir='ltr' id='par_1_51' title="bbox 2106 1966 3599 2048">
     <span class='ocr_line' id='line_1_51' title="bbox 2106 1966 3599 2048; baseline -0.009 -16"><span class='ocrx_word' id='word_1_344' title='bbox 2106 1979 2228 2041; x_wconf 88' lang='grc' dir='ltr'>δοῦς</span> <span class='ocrx_word' id='word_1_345' title='bbox 2260 1977 2406 2048; x_wconf 71' lang='grc' dir='ltr'>ἔχειν</span> <span class='ocrx_word' id='word_1_346' title='bbox 2436 1974 2623 2037; x_wconf 78' lang='grc' dir='ltr'>αὑτὸν,</span> <span class='ocrx_word' id='word_1_347' title='bbox 2656 1972 2752 2026; x_wconf 81' lang='grc' dir='ltr'>καὶ</span> <span class='ocrx_word' id='word_1_348' title='bbox 2797 1972 2871 2032; x_wconf 83' lang='grc' dir='ltr'>ὡς</span> <span class='ocrx_word' id='word_1_349' title='bbox 2908 1968 3274 2040; x_wconf 80' lang='grc' dir='ltr'><strong>μυσταγωγὸν</strong></span> <span class='ocrx_word' id='word_1_350' title='bbox 3302 1969 3400 2021; x_wconf 81' lang='grc' dir='ltr'>τῶν</span> <span class='ocrx_word' id='word_1_351' title='bbox 3437 1966 3599 2036; x_wconf 55' lang='lat' dir='ltr'><strong>{asin-5</strong></span> 
     </span>
    </p>
   </div>
   <div class='ocr_carea' id='block_1_52' title="bbox 2107 2060 3601 2134">
    <p class='ocr_par' dir='ltr' id='par_1_52' title="bbox 2107 2060 3601 2134">
     <span class='ocr_line' id='line_1_52' title="bbox 2107 2060 3601 2134; baseline -0.008 -12"><span class='ocrx_word' id='word_1_352' title='bbox 2107 2068 2312 2122; x_wconf 80' lang='grc' dir='ltr'>παίδων</span> <span class='ocrx_word' id='word_1_353' title='bbox 2340 2063 2733 2134; x_wconf 77' lang='grc' dir='ltr'><strong>γεγενημένον,</strong></span> <span class='ocrx_word' id='word_1_354' title='bbox 2789 2061 2884 2115; x_wconf 70' lang='grc' dir='ltr'>καὶ</span> <span class='ocrx_word' id='word_1_355' title='bbox 2920 2061 2993 2124; x_wconf 84' lang='grc' dir='ltr'>ὡς</span> <span class='ocrx_word' id='word_1_356' title='bbox 3049 2060 3150 2129; x_wconf 83' lang='grc' dir='ltr'>τῆς</span> <span class='ocrx_word' id='word_1_357' title='bbox 3200 2060 3341 2123; x_wconf 88' lang='grc' dir='ltr'>θείας</span> <span class='ocrx_word' id='word_1_358' title='bbox 3382 2060 3601 2127; x_wconf 73' lang='grc' dir='ltr'>κολυμϐή-</span> 
     </span>
    </p>
   </div>
   <div class='ocr_carea' id='block_1_53' title="bbox 2107 2151 3604 2233">
    <p class='ocr_par' dir='ltr' id='par_1_53' title="bbox 2107 2151 3604 2233">
     <span class='ocr_line' id='line_1_53' title="bbox 2107 2151 3604 2233; baseline -0.007 -18"><span class='ocrx_word' id='word_1_359' title='bbox 2107 2162 2239 2233; x_wconf 79' lang='grc' dir='ltr'>θρας</span> <span class='ocrx_word' id='word_1_360' title='bbox 2264 2158 2355 2211; x_wconf 81' lang='grc' dir='ltr'><strong>τοῦ</strong></span> <span class='ocrx_word' id='word_1_361' title='bbox 2386 2158 2534 2228; x_wconf 83' lang='grc' dir='ltr'>ἱεροῦ</span> <span class='ocrx_word' id='word_1_362' title='bbox 2600 2157 2763 2208; x_wconf 86' lang='grc' dir='ltr'>τόκου</span> <span class='ocrx_word' id='word_1_363' title='bbox 2820 2154 2959 2223; x_wconf 83' lang='grc' dir='ltr'>αὐτῇ</span> <span class='ocrx_word' id='word_1_364' title='bbox 3012 2154 3434 2221; x_wconf 54' lang='grc' dir='ltr'>κοινωνήσαντα</span> <span class='ocrx_word' id='word_1_365' title='bbox 3488 2151 3604 2233; x_wconf 91' lang='lat'><strong>&#39;0</strong></span> 
     </span>
    </p>
   </div>
   <div class='ocr_carea' id='block_1_54' title="bbox 2106 2232 3603 2311">
    <p class='ocr_par' dir='ltr' id='par_1_54' title="bbox 2106 2232 3603 2311">
     <span class='ocr_line' id='line_1_54' title="bbox 2106 2232 3603 2311; baseline -0.01 -8"><span class='ocrx_word' id='word_1_366' title='bbox 2106 2232 2418 2304; x_wconf 74' lang='grc' dir='ltr'>επανελθὼν</span> <span class='ocrx_word' id='word_1_367' title='bbox 2449 2247 2505 2300; x_wconf 77' lang='grc' dir='ltr'>ἐν</span> <span class='ocrx_word' id='word_1_368' title='bbox 2526 2261 2634 2298; x_wconf 90' lang='grc' dir='ltr'>τινι</span> <span class='ocrx_word' id='word_1_369' title='bbox 2659 2244 2767 2296; x_wconf 86' lang='grc' dir='ltr'><strong>τῶν</strong></span> <span class='ocrx_word' id='word_1_370' title='bbox 2794 2246 2851 2296; x_wconf 75' lang='grc' dir='ltr'>ἐν</span> <span class='ocrx_word' id='word_1_371' title='bbox 2879 2240 2958 2311; x_wconf 84' lang='grc' dir='ltr'>τῷ</span> <span class='ocrx_word' id='word_1_372' title='bbox 2982 2241 3211 2309; x_wconf 79' lang='grc' dir='ltr'><strong>ἀνάπλῳ</strong></span> <span class='ocrx_word' id='word_1_373' title='bbox 3235 2239 3546 2307; x_wconf 78' lang='grc' dir='ltr'><strong>προαστείων,</strong></span> <span class='ocrx_word' id='word_1_374' title='bbox 3570 2232 3603 2304; x_wconf 78' lang='grc' dir='ltr'>ᾧ</span> 
     </span>
    </p>
   </div>
   <div class='ocr_carea' id='block_1_55' title="bbox 2104 2329 3605 2413">
    <p class='ocr_par' dir='ltr' id='par_1_55' title="bbox 2104 2329 3605 2413">
     <span class='ocr_line' id='line_1_55' title="bbox 2104 2329 3605 2413; baseline -0.01 -17"><span class='ocrx_word' id='word_1_375' title='bbox 2104 2341 2387 2413; x_wconf 81' lang='grc' dir='ltr'>Μαρεαναὶ</span> <span class='ocrx_word' id='word_1_376' title='bbox 2429 2335 2496 2410; x_wconf 78' lang='grc' dir='ltr'>ἦν</span> <span class='ocrx_word' id='word_1_377' title='bbox 2533 2339 2729 2408; x_wconf 69' lang='grc' dir='ltr'>ὄνομα,</span> <span class='ocrx_word' id='word_1_378' title='bbox 2764 2334 3064 2406; x_wconf 76' lang='grc' dir='ltr'>διατρίϐων</span> <span class='ocrx_word' id='word_1_379' title='bbox 3109 2329 3207 2405; x_wconf 75' lang='grc' dir='ltr'><strong>ἦν·</strong></span> <span class='ocrx_word' id='word_1_380' title='bbox 3242 2332 3330 2385; x_wconf 72' lang='grc' dir='ltr'>καὶ</span> <span class='ocrx_word' id='word_1_381' title='bbox 3375 2332 3487 2400; x_wconf 78' lang='grc' dir='ltr'>πρὸς</span> <span class='ocrx_word' id='word_1_382' title='bbox 3513 2333 3605 2399; x_wconf 82' lang='grc' dir='ltr'>μεί-</span> 
     </span>
    </p>
   </div>
   <div class='ocr_carea' id='block_1_56' title="bbox 2105 2423 3604 2499">
    <p class='ocr_par' dir='ltr' id='par_1_56' title="bbox 2105 2423 3604 2499">
     <span class='ocr_line' id='line_1_56' title="bbox 2105 2423 3604 2499; baseline -0.009 -12"><span class='ocrx_word' id='word_1_383' title='bbox 2105 2435 2259 2499; x_wconf 80' lang='grc' dir='ltr'>ζονος</span> <span class='ocrx_word' id='word_1_384' title='bbox 2289 2433 2511 2484; x_wconf 84' lang='grc' dir='ltr'>συνόδου</span> <span class='ocrx_word' id='word_1_385' title='bbox 2541 2428 2833 2498; x_wconf 70' lang='grc' dir='ltr'>διάσκεψιν</span> <span class='ocrx_word' id='word_1_386' title='bbox 2883 2428 3189 2497; x_wconf 78' lang='grc' dir='ltr'>παρῃτεῖτο</span> <span class='ocrx_word' id='word_1_387' title='bbox 3228 2424 3322 2493; x_wconf 77' lang='grc' dir='ltr'><strong>τὴν</strong></span> <span class='ocrx_word' id='word_1_388' title='bbox 3344 2423 3535 2488; x_wconf 73' lang='grc' dir='ltr'>εἴσοδον,</span> <span class='ocrx_word' id='word_1_389' title='bbox 3554 2424 3604 2474; x_wconf 84' lang='grc' dir='ltr'><strong>ἶν’</strong></span> 
     </span>
    </p>
   </div>
   <div class='ocr_carea' id='block_1_57' title="bbox 2100 2514 3606 2594">
    <p class='ocr_par' dir='ltr' id='par_1_57' title="bbox 2100 2514 3606 2594">
     <span class='ocr_line' id='line_1_57' title="bbox 2100 2514 3606 2594; baseline -0.009 -17"><span class='ocrx_word' id='word_1_390' title='bbox 2100 2526 2328 2594; x_wconf 74' lang='grc' dir='ltr'>ἔκδηλον</span> <span class='ocrx_word' id='word_1_391' title='bbox 2374 2523 2609 2591; x_wconf 83' lang='grc' dir='ltr'>γένοιτο,</span> <span class='ocrx_word' id='word_1_392' title='bbox 2638 2520 2836 2587; x_wconf 77' lang='grc' dir='ltr'>λέγων,</span> <span class='ocrx_word' id='word_1_393' title='bbox 2867 2518 2942 2581; x_wconf 81' lang='grc' dir='ltr'><strong>ὡς</strong></span> <span class='ocrx_word' id='word_1_394' title='bbox 2970 2518 3177 2577; x_wconf 79' lang='grc' dir='ltr'>ἀδίκως</span> <span class='ocrx_word' id='word_1_395' title='bbox 3214 2514 3507 2585; x_wconf 79' lang='grc' dir='ltr'>ἀφαιρεθείη</span> <span class='ocrx_word' id='word_1_396' title='bbox 3533 2515 3606 2582; x_wconf 77' lang='grc' dir='ltr'>τὴν</span> 
     </span>
    </p>
   </div>
   <div class='ocr_carea' id='block_1_58' title="bbox 2106 2606 3608 2687">
    <p class='ocr_par' dir='ltr' id='par_1_58' title="bbox 2106 2606 3608 2687">
     <span class='ocr_line' id='line_1_58' title="bbox 2106 2606 3608 2687; baseline -0.009 -17"><span class='ocrx_word' id='word_1_397' title='bbox 2106 2618 2417 2687; x_wconf 79' lang='grc' dir='ltr'>προεδρίαν.</span> <span class='ocrx_word' id='word_1_398' title='bbox 2439 2613 2808 2684; x_wconf 81' lang='grc' dir='ltr'>Παρέλκοντος</span> <span class='ocrx_word' id='word_1_399' title='bbox 2835 2609 2879 2663; x_wconf 85' lang='grc' dir='ltr'>δ’</span> <span class='ocrx_word' id='word_1_400' title='bbox 2905 2607 3054 2663; x_wconf 75' lang='grc' dir='ltr'>οὕτω</span> <span class='ocrx_word' id='word_1_401' title='bbox 3072 2609 3169 2681; x_wconf 77' lang='grc' dir='ltr'><strong>τὴν</strong></span> <span class='ocrx_word' id='word_1_402' title='bbox 3191 2608 3401 2672; x_wconf 81' lang='grc' dir='ltr'>εἴσοδον,</span> <span class='ocrx_word' id='word_1_403' title='bbox 3418 2607 3488 2659; x_wconf 74' lang='grc' dir='ltr'>ἔτι</span> <span class='ocrx_word' id='word_1_404' title='bbox 3507 2606 3608 2676; x_wconf 80' lang='grc' dir='ltr'>μᾶλ-</span> 
     </span>
    </p>
   </div>
   <div class='ocr_carea' id='block_1_59' title="bbox 2103 2697 3609 2777">
    <p class='ocr_par' dir='ltr' id='par_1_59' title="bbox 2103 2697 3609 2777">
     <span class='ocr_line' id='line_1_59' title="bbox 2103 2697 3609 2777; baseline -0.009 -16"><span class='ocrx_word' id='word_1_405' title='bbox 2103 2710 2195 2761; x_wconf 87' lang='grc' dir='ltr'><strong>λον</strong></span> <span class='ocrx_word' id='word_1_406' title='bbox 2210 2707 2509 2777; x_wconf 76' lang='grc' dir='ltr'>ἠγανάκτει</span> <span class='ocrx_word' id='word_1_407' title='bbox 2527 2704 2588 2757; x_wconf 77' lang='grc' dir='ltr'>τὸ</span> <span class='ocrx_word' id='word_1_408' title='bbox 2610 2703 2944 2772; x_wconf 73' lang='grc' dir='ltr'>πλῆθος,καὶ</span> <span class='ocrx_word' id='word_1_409' title='bbox 2963 2701 3094 2760; x_wconf 79' lang='grc' dir='ltr'>τοὺς</span> <span class='ocrx_word' id='word_1_410' title='bbox 3125 2697 3442 2770; x_wconf 78' lang='grc' dir='ltr'>κρατοῦντας</span> <span class='ocrx_word' id='word_1_411' title='bbox 3459 2697 3609 2750; x_wconf 84' lang='grc' dir='ltr'>διελοι-</span> 
     </span>
    </p>
   </div>
   <div class='ocr_carea' id='block_1_60' title="bbox 2102 2788 3606 2867">
    <p class='ocr_par' dir='ltr' id='par_1_60' title="bbox 2102 2788 3606 2867">
     <span class='ocr_line' id='line_1_60' title="bbox 2102 2788 3606 2867; baseline -0.005 -14"><span class='ocrx_word' id='word_1_412' title='bbox 2102 2801 2332 2867; x_wconf 79' lang='grc' dir='ltr'>δορεῖτο.</span> <span class='ocrx_word' id='word_1_413' title='bbox 2386 2797 2477 2850; x_wconf 80' lang='grc' dir='ltr'>Διδ</span> <span class='ocrx_word' id='word_1_414' title='bbox 2509 2794 2684 2848; x_wconf 87' lang='grc' dir='ltr'>πολλά</span> <span class='ocrx_word' id='word_1_415' title='bbox 2716 2792 2985 2863; x_wconf 81' lang='grc' dir='ltr'>βιασθεὶς,</span> <span class='ocrx_word' id='word_1_416' title='bbox 3021 2792 3270 2860; x_wconf 81' lang='grc' dir='ltr'>ἀνάγκης</span> <span class='ocrx_word' id='word_1_417' title='bbox 3315 2788 3606 2857; x_wconf 63' lang='grc' dir='ltr'>ἐπικειμένης</span> 
     </span>
    </p>
   </div>
   <div class='ocr_carea' id='block_1_61' title="bbox 2104 2878 3610 2960">
    <p class='ocr_par' dir='ltr' id='par_1_61' title="bbox 2104 2878 3610 2960">
     <span class='ocr_line' id='line_1_61' title="bbox 2104 2878 3610 2960; baseline -0.009 -17"><span class='ocrx_word' id='word_1_418' title='bbox 2104 2909 2129 2943; x_wconf 89' lang='grc' dir='ltr'><strong>ε</strong></span> <span class='ocrx_word' id='word_1_419' title='bbox 2159 2890 2277 2960; x_wconf 77' lang='grc' dir='ltr'>σῄει</span> <span class='ocrx_word' id='word_1_420' title='bbox 2298 2890 2394 2959; x_wconf 81' lang='grc' dir='ltr'>τὴν</span> <span class='ocrx_word' id='word_1_421' title='bbox 2425 2888 2604 2940; x_wconf 61' lang='grc' dir='ltr'>πόλιν.</span> <span class='ocrx_word' id='word_1_422' title='bbox 2661 2884 2769 2939; x_wconf 73' lang='grc' dir='ltr'>Καὶ</span> <span class='ocrx_word' id='word_1_423' title='bbox 2800 2886 3021 2955; x_wconf 82' lang='grc' dir='ltr'>πλήρης</span> <span class='ocrx_word' id='word_1_424' title='bbox 3052 2884 3155 2951; x_wconf 80' lang='grc' dir='ltr'>μὲν</span> <span class='ocrx_word' id='word_1_425' title='bbox 3196 2881 3302 2936; x_wconf 84' lang='grc' dir='ltr'><strong>τῶν</strong></span> <span class='ocrx_word' id='word_1_426' title='bbox 3334 2878 3610 2934; x_wconf 76' lang='grc' dir='ltr'>πλεόντωνὸ</span> 
     </span>
    </p>
   </div>
   <div class='ocr_carea' id='block_1_62' title="bbox 2103 2970 3608 3050">
    <p class='ocr_par' dir='ltr' id='par_1_62' title="bbox 2103 2970 3608 3050">
     <span class='ocr_line' id='line_1_62' title="bbox 2103 2970 3608 3050; baseline -0.01 -17"><span class='ocrx_word' id='word_1_427' title='bbox 2103 2981 2379 3050; x_wconf 79' lang='grc' dir='ltr'>Βόσπορος</span> <span class='ocrx_word' id='word_1_428' title='bbox 2425 2975 2513 3048; x_wconf 80' lang='grc' dir='ltr'>ἦν,</span> <span class='ocrx_word' id='word_1_429' title='bbox 2565 2977 2751 3030; x_wconf 83' lang='grc' dir='ltr'>ἀλιᾶσι</span> <span class='ocrx_word' id='word_1_430' title='bbox 2811 2975 3205 3029; x_wconf 86' lang='grc' dir='ltr'>καλυπτόντων</span> <span class='ocrx_word' id='word_1_431' title='bbox 3233 2973 3328 3043; x_wconf 80' lang='grc' dir='ltr'>τὴν</span> <span class='ocrx_word' id='word_1_432' title='bbox 3356 2970 3608 3024; x_wconf 78' lang='grc' dir='ltr'>θάλασσαν·</span> 
     </span>
    </p>
   </div>
   <div class='ocr_carea' id='block_1_63' title="bbox 2100 3061 3609 3142">
    <p class='ocr_par' dir='ltr' id='par_1_63' title="bbox 2100 3061 3609 3142">
     <span class='ocr_line' id='line_1_63' title="bbox 2100 3061 3609 3142; baseline -0.005 -15"><span class='ocrx_word' id='word_1_433' title='bbox 2100 3075 2163 3127; x_wconf 83' lang='grc' dir='ltr'>τὸ</span> <span class='ocrx_word' id='word_1_434' title='bbox 2189 3074 2245 3126; x_wconf 83' lang='grc' dir='ltr'>δὲ</span> <span class='ocrx_word' id='word_1_435' title='bbox 2272 3072 2475 3142; x_wconf 84' lang='grc' dir='ltr'>πλῆθος</span> <span class='ocrx_word' id='word_1_436' title='bbox 2511 3070 2734 3141; x_wconf 81' lang='grc' dir='ltr'>σύμπαν</span> <span class='ocrx_word' id='word_1_437' title='bbox 2781 3069 2949 3133; x_wconf 78' lang='grc' dir='ltr'>εὐθὺς</span> <span class='ocrx_word' id='word_1_438' title='bbox 3005 3066 3365 3138; x_wconf 74' lang='grc' dir='ltr'>προσυπηντα</span> <span class='ocrx_word' id='word_1_439' title='bbox 3389 3102 3404 3129; x_wconf 93' lang='grc'><strong>,</strong></span> <span class='ocrx_word' id='word_1_440' title='bbox 3442 3061 3609 3130; x_wconf 70' lang='grc' dir='ltr'>κηροὶις</span> 
     </span>
    </p>
   </div>
   <div class='ocr_carea' id='block_1_64' title="bbox 429 3150 2000 3235">
    <p class='ocr_par' dir='ltr' id='par_1_64' title="bbox 429 3165 1996 3235">
     <span class='ocr_line' id='line_1_64' title="bbox 429 3165 1996 3235; baseline 0.003 -15"><span class='ocrx_word' id='word_1_441' title='bbox 429 3175 711 3235; x_wconf 73' lang='lat' dir='ltr'><strong>seopatum</strong></span> <span class='ocrx_word' id='word_1_442' title='bbox 761 3165 981 3234; x_wconf 88' lang='lat' dir='ltr'><strong>adempt</strong></span> <span class='ocrx_word' id='word_1_443' title='bbox 1001 3186 1077 3218; x_wconf 77' lang='grc' dir='ltr'>,ιιι</span> <span class='ocrx_word' id='word_1_444' title='bbox 1128 3182 1273 3222; x_wconf 80' lang='lat' dir='ltr'><strong>esse.</strong></span> <span class='ocrx_word' id='word_1_445' title='bbox 1325 3166 1462 3222; x_wconf 89' lang='lat' dir='ltr'><strong>Cum</strong></span> <span class='ocrx_word' id='word_1_446' title='bbox 1519 3180 1701 3224; x_wconf 88' lang='lat' dir='ltr'><strong>autetn</strong></span> <span class='ocrx_word' id='word_1_447' title='bbox 1754 3170 1821 3223; x_wconf 91' lang='lat' dir='ltr'><strong>ad</strong></span> <span class='ocrx_word' id='word_1_448' title='bbox 1872 3188 1996 3224; x_wconf 90' lang='lat' dir='ltr'><strong>eum</strong></span> 
     </span>
    </p>
   </div>
   <div class='ocr_carea' id='block_1_65' title="bbox 2103 3150 3612 3235">
    <p class='ocr_par' dir='ltr' id='par_1_65' title="bbox 2103 3150 3612 3233">
     <span class='ocr_line' id='line_1_65' title="bbox 2103 3150 3612 3233; baseline -0.011 -15"><span class='ocrx_word' id='word_1_449' title='bbox 2103 3165 2456 3233; x_wconf 79' lang='grc' dir='ltr'>ἀνημμένους</span> <span class='ocrx_word' id='word_1_450' title='bbox 2484 3161 2900 3231; x_wconf 70' lang='grc' dir='ltr'>ἐπιφερόμενοι,</span> <span class='ocrx_word' id='word_1_451' title='bbox 2928 3160 3027 3212; x_wconf 74' lang='grc' dir='ltr'>σὺν</span> <span class='ocrx_word' id='word_1_452' title='bbox 3054 3156 3394 3229; x_wconf 81' lang='grc' dir='ltr'>ψαλμῳδίαις</span> <span class='ocrx_word' id='word_1_453' title='bbox 3418 3156 3536 3224; x_wconf 67' lang='grc' dir='ltr'>πρὶς</span> <span class='ocrx_word' id='word_1_454' title='bbox 3565 3150 3612 3201; x_wconf 82' lang='grc' dir='ltr'><strong>τὸ</strong></span> 
     </span>
    </p>
   </div>
   <div class='ocr_carea' id='block_1_66' title="bbox 432 3257 2000 3331">
    <p class='ocr_par' dir='ltr' id='par_1_66' title="bbox 432 3257 2000 3331">
     <span class='ocr_line' id='line_1_66' title="bbox 432 3257 2000 3331; baseline 0.003 -21"><span class='ocrx_word' id='word_1_455' title='bbox 432 3259 656 3311; x_wconf 84' lang='lat' dir='ltr'><strong>modum</strong></span> <span class='ocrx_word' id='word_1_456' title='bbox 690 3257 992 3326; x_wconf 78' lang='lat' dir='ltr'><strong>ingressum</strong></span> <span class='ocrx_word' id='word_1_457' title='bbox 1017 3258 1068 3309; x_wconf 92' lang='lat' dir='ltr'><strong>in</strong></span> <span class='ocrx_word' id='word_1_458' title='bbox 1100 3257 1292 3312; x_wconf 87' lang='lat' dir='ltr'><strong>urbem</strong></span> <span class='ocrx_word' id='word_1_459' title='bbox 1324 3257 1615 3327; x_wconf 88' lang='lat' dir='ltr'><strong>proferret,</strong></span> <span class='ocrx_word' id='word_1_460' title='bbox 1641 3260 1810 3331; x_wconf 75' lang='lat' dir='ltr'><strong>magis</strong></span> <span class='ocrx_word' id='word_1_461' title='bbox 1837 3260 2000 3314; x_wconf 84' lang='lat' dir='ltr'><strong>etiam</strong></span> 
     </span>
    </p>
   </div>
   <div class='ocr_carea' id='block_1_67' title="bbox 434 3347 2003 3420">
    <p class='ocr_par' dir='ltr' id='par_1_67' title="bbox 434 3347 2003 3420">
     <span class='ocr_line' id='line_1_67' title="bbox 434 3347 2003 3420; baseline 0.003 -21"><span class='ocrx_word' id='word_1_462' title='bbox 434 3347 597 3416; x_wconf 87' lang='lat' dir='ltr'><strong>plebs</strong></span> <span class='ocrx_word' id='word_1_463' title='bbox 633 3354 715 3401; x_wconf 88' lang='lat' dir='ltr'><strong>est</strong></span> <span class='ocrx_word' id='word_1_464' title='bbox 763 3347 1066 3416; x_wconf 82' lang='lat' dir='ltr'><strong>indignata,</strong></span> <span class='ocrx_word' id='word_1_465' title='bbox 1107 3348 1371 3403; x_wconf 73' lang='lat' dir='ltr'><strong>conviciis</strong></span> <span class='ocrx_word' id='word_1_466' title='bbox 1402 3350 1679 3419; x_wconf 85' lang='lat' dir='ltr'><strong>principes</strong></span> <span class='ocrx_word' id='word_1_467' title='bbox 1736 3353 2003 3420; x_wconf 84' lang='lat' dir='ltr'><strong>perstrin-</strong></span> 
     </span>
    </p>
   </div>
   <div class='ocr_carea' id='block_1_68' title="bbox 428 3434 1997 3511">
    <p class='ocr_par' dir='ltr' id='par_1_68' title="bbox 428 3434 1997 3511">
     <span class='ocr_line' id='line_1_68' title="bbox 428 3434 1997 3511; baseline 0.003 -19"><span class='ocrx_word' id='word_1_468' title='bbox 428 3454 582 3508; x_wconf 76' lang='lat' dir='ltr'><strong>gens.</strong></span> <span class='ocrx_word' id='word_1_469' title='bbox 614 3437 961 3508; x_wconf 86' lang='lat' dir='ltr'><strong>Quapropter</strong></span> <span class='ocrx_word' id='word_1_470' title='bbox 994 3449 1143 3493; x_wconf 85' lang='lat' dir='ltr'><strong>tanta</strong></span> <span class='ocrx_word' id='word_1_471' title='bbox 1192 3441 1297 3495; x_wconf 88' lang='lat' dir='ltr'><strong>sibi</strong></span> <span class='ocrx_word' id='word_1_472' title='bbox 1347 3434 1603 3511; x_wconf 66' lang='lat' dir='ltr'><strong>imposita</strong></span> <span class='ocrx_word' id='word_1_473' title='bbox 1651 3444 1997 3509; x_wconf 76' lang='lat' dir='ltr'><strong>necessitate,</strong></span> 
     </span>
    </p>
   </div>
   <div class='ocr_carea' id='block_1_69' title="bbox 428 3529 1999 3602">
    <p class='ocr_par' dir='ltr' id='par_1_69' title="bbox 428 3529 1999 3602">
     <span class='ocr_line' id='line_1_69' title="bbox 428 3529 1999 3602; baseline 0.004 -20"><span class='ocrx_word' id='word_1_474' title='bbox 428 3529 633 3599; x_wconf 85' lang='lat' dir='ltr'><strong>oppido</strong></span> <span class='ocrx_word' id='word_1_475' title='bbox 680 3545 845 3598; x_wconf 90' lang='lat' dir='ltr'><strong>quam</strong></span> <span class='ocrx_word' id='word_1_476' title='bbox 899 3529 1103 3583; x_wconf 79' lang='lat' dir='ltr'><strong>invitus</strong></span> <span class='ocrx_word' id='word_1_477' title='bbox 1151 3531 1338 3585; x_wconf 87' lang='lat' dir='ltr'><strong>urbem</strong></span> <span class='ocrx_word' id='word_1_478' title='bbox 1375 3540 1459 3586; x_wconf 89' lang='lat' dir='ltr'><strong>est</strong></span> <span class='ocrx_word' id='word_1_479' title='bbox 1509 3535 1809 3602; x_wconf 77' lang='lat' dir='ltr'><strong>ingressus.</strong></span> <span class='ocrx_word' id='word_1_480' title='bbox 1861 3533 1999 3588; x_wconf 85' lang='lat' dir='ltr'><strong>Tum</strong></span> 
     </span>
    </p>
   </div>
   <div class='ocr_carea' id='block_1_70' title="bbox 428 3621 2001 3692">
    <p class='ocr_par' dir='ltr' id='par_1_70' title="bbox 428 3621 2001 3692">
     <span class='ocr_line' id='line_1_70' title="bbox 428 3621 2001 3692; baseline 0.003 -19"><span class='ocrx_word' id='word_1_481' title='bbox 428 3621 813 3689; x_wconf 69' lang='lat' dir='ltr'><strong>navigantibus</strong></span> <span class='ocrx_word' id='word_1_482' title='bbox 839 3621 1119 3691; x_wconf 86' lang='lat' dir='ltr'><strong>Bosporus</strong></span> <span class='ocrx_word' id='word_1_483' title='bbox 1148 3622 1408 3692; x_wconf 90' lang='lat' dir='ltr'><strong>repletus,</strong></span> <span class='ocrx_word' id='word_1_484' title='bbox 1439 3634 1492 3677; x_wconf 89' lang='lat' dir='ltr'><strong>et</strong></span> <span class='ocrx_word' id='word_1_485' title='bbox 1515 3624 1826 3691; x_wconf 82' lang='lat' dir='ltr'><strong>piscatoriis</strong></span> <span class='ocrx_word' id='word_1_486' title='bbox 1853 3625 2001 3679; x_wconf 85' lang='lat' dir='ltr'><strong>navi-</strong></span> 
     </span>
    </p>
   </div>
   <div class='ocr_carea' id='block_1_71' title="bbox 429 3711 1998 3785">
    <p class='ocr_par' dir='ltr' id='par_1_71' title="bbox 429 3711 1998 3785">
     <span class='ocr_line' id='line_1_71' title="bbox 429 3711 1998 3785; baseline 0.004 -22"><span class='ocrx_word' id='word_1_487' title='bbox 429 3711 535 3766; x_wconf 82' lang='lat' dir='ltr'><strong>bus</strong></span> <span class='ocrx_word' id='word_1_488' title='bbox 572 3727 719 3766; x_wconf 89' lang='lat' dir='ltr'><strong>mare</strong></span> <span class='ocrx_word' id='word_1_489' title='bbox 750 3723 1065 3768; x_wconf 88' lang='lat' dir='ltr'><strong>contectum</strong></span> <span class='ocrx_word' id='word_1_490' title='bbox 1097 3723 1215 3778; x_wconf 89' lang='lat' dir='ltr'><strong>est,</strong></span> <span class='ocrx_word' id='word_1_491' title='bbox 1261 3714 1427 3785; x_wconf 77' lang='lat'><strong>386</strong></span> <span class='ocrx_word' id='word_1_492' title='bbox 1456 3725 1511 3769; x_wconf 88' lang='lat' dir='ltr'><strong>et</strong></span> <span class='ocrx_word' id='word_1_493' title='bbox 1549 3717 1706 3783; x_wconf 85' lang='lat' dir='ltr'><strong>plebs</strong></span> <span class='ocrx_word' id='word_1_494' title='bbox 1747 3719 1998 3771; x_wconf 84' lang='lat' dir='ltr'><strong>universa</strong></span> 
     </span>
    </p>
   </div>
   <div class='ocr_carea' id='block_1_72' title="bbox 430 3803 1997 3874">
    <p class='ocr_par' dir='ltr' id='par_1_72' title="bbox 430 3803 1997 3874">
     <span class='ocr_line' id='line_1_72' title="bbox 430 3803 1997 3874; baseline 0.003 -17"><span class='ocrx_word' id='word_1_495' title='bbox 430 3805 483 3857; x_wconf 83' lang='lat' dir='ltr'><strong>ei</strong></span> <span class='ocrx_word' id='word_1_496' title='bbox 534 3804 718 3858; x_wconf 87' lang='lat' dir='ltr'><strong>statim</strong></span> <span class='ocrx_word' id='word_1_497' title='bbox 750 3803 968 3857; x_wconf 71' lang='lat' dir='ltr'><strong>obtiam</strong></span> <span class='ocrx_word' id='word_1_498' title='bbox 1016 3805 1242 3874; x_wconf 84' lang='lat' dir='ltr'><strong>prodiit,</strong></span> <span class='ocrx_word' id='word_1_499' title='bbox 1277 3822 1467 3860; x_wconf 83' lang='lat' dir='ltr'><strong>cereos</strong></span> <span class='ocrx_word' id='word_1_500' title='bbox 1497 3822 1759 3861; x_wconf 84' lang='lat' dir='ltr'><strong>accensos</strong></span> <span class='ocrx_word' id='word_1_501' title='bbox 1794 3807 1997 3871; x_wconf 81' lang='lat' dir='ltr'><strong>ferens,</strong></span> 
     </span>
    </p>
   </div>
   <div class='ocr_carea' id='block_1_73' title="bbox 432 3895 2002 3969">
    <p class='ocr_par' dir='ltr' id='par_1_73' title="bbox 432 3895 2002 3969">
     <span class='ocr_line' id='line_1_73' title="bbox 432 3895 2002 3969; baseline 0.003 -20"><span class='ocrx_word' id='word_1_502' title='bbox 432 3904 490 3949; x_wconf 90' lang='lat' dir='ltr'><strong>et</strong></span> <span class='ocrx_word' id='word_1_503' title='bbox 521 3895 848 3964; x_wconf 86' lang='lat' dir='ltr'><strong>psalmodias</strong></span> <span class='ocrx_word' id='word_1_504' title='bbox 882 3895 950 3949; x_wconf 90' lang='lat' dir='ltr'><strong>ad</strong></span> <span class='ocrx_word' id='word_1_505' title='bbox 986 3911 1102 3951; x_wconf 84' lang='lat' dir='ltr'><strong>rem</strong></span> <span class='ocrx_word' id='word_1_506' title='bbox 1136 3908 1457 3966; x_wconf 83' lang='lat' dir='ltr'><strong>praesentem</strong></span> <span class='ocrx_word' id='word_1_507' title='bbox 1486 3908 1610 3968; x_wconf 89' lang='lat' dir='ltr'><strong>apte</strong></span> <span class='ocrx_word' id='word_1_508' title='bbox 1639 3908 1695 3953; x_wconf 92' lang='lat' dir='ltr'><strong>et</strong></span> <span class='ocrx_word' id='word_1_509' title='bbox 1725 3900 2002 3969; x_wconf 56' lang='lat' dir='ltr'><strong>virgantcr</strong></span> 
     </span>
    </p>
   </div>
   <div class='ocr_carea' id='block_1_74' title="bbox 430 3986 1999 4060">
    <p class='ocr_par' dir='ltr' id='par_1_74' title="bbox 430 3986 1999 4060">
     <span class='ocr_line' id='line_1_74' title="bbox 430 3986 1999 4060; baseline 0.002 -19"><span class='ocrx_word' id='word_1_510' title='bbox 430 3987 769 4055; x_wconf 83' lang='lat' dir='ltr'><strong>compositas</strong></span> <span class='ocrx_word' id='word_1_511' title='bbox 796 3986 1132 4051; x_wconf 84' lang='lat' dir='ltr'><strong>concinens;</strong></span> <span class='ocrx_word' id='word_1_512' title='bbox 1168 4002 1407 4057; x_wconf 85' lang='lat' dir='ltr'><strong>eumque</strong></span> <span class='ocrx_word' id='word_1_513' title='bbox 1444 3988 1514 4042; x_wconf 90' lang='lat' dir='ltr'><strong>ad</strong></span> <span class='ocrx_word' id='word_1_514' title='bbox 1546 3990 1834 4044; x_wconf 68' lang='lat' dir='ltr'><strong>ecclesiam</strong></span> <span class='ocrx_word' id='word_1_515' title='bbox 1871 4005 1999 4060; x_wconf 89' lang='lat' dir='ltr'><strong>pro-</strong></span> 
     </span>
    </p>
   </div>
   <div class='ocr_carea' id='block_1_75' title="bbox 432 4077 2002 4147">
    <p class='ocr_par' dir='ltr' id='par_1_75' title="bbox 432 4077 2002 4147">
     <span class='ocr_line' id='line_1_75' title="bbox 432 4077 2002 4147; baseline 0.004 -16"><span class='ocrx_word' id='word_1_516' title='bbox 432 4077 607 4142; x_wconf 84' lang='lat' dir='ltr'><strong>duxit,</strong></span> <span class='ocrx_word' id='word_1_517' title='bbox 656 4079 1015 4133; x_wconf 87' lang='lat' dir='ltr'><strong>reluctantem</strong></span> <span class='ocrx_word' id='word_1_518' title='bbox 1058 4079 1354 4132; x_wconf 82' lang='lat' dir='ltr'><strong>admodum</strong></span> <span class='ocrx_word' id='word_1_519' title='bbox 1394 4089 1450 4133; x_wconf 87' lang='lat' dir='ltr'><strong>et</strong></span> <span class='ocrx_word' id='word_1_520' title='bbox 1481 4079 1863 4147; x_wconf 81' lang='lat' dir='ltr'><strong>afﬁrmantem,</strong></span> <span class='ocrx_word' id='word_1_521' title='bbox 1904 4096 2002 4138; x_wconf 82' lang='lat' dir='ltr'><strong>eos</strong></span> 
     </span>
    </p>
   </div>
   <div class='ocr_carea' id='block_1_76' title="bbox 431 4168 2003 4243">
    <p class='ocr_par' dir='ltr' id='par_1_76' title="bbox 431 4168 2003 4243">
     <span class='ocr_line' id='line_1_76' title="bbox 431 4168 2003 4243; baseline 0.004 -22"><span class='ocrx_word' id='word_1_522' title='bbox 431 4169 526 4238; x_wconf 90' lang='lat' dir='ltr'><strong>qui</strong></span> <span class='ocrx_word' id='word_1_523' title='bbox 574 4168 848 4222; x_wconf 88' lang='lat' dir='ltr'><strong>sententia</strong></span> <span class='ocrx_word' id='word_1_524' title='bbox 881 4183 982 4223; x_wconf 85' lang='lat' dir='ltr'><strong>sua</strong></span> <span class='ocrx_word' id='word_1_525' title='bbox 1025 4184 1084 4223; x_wconf 92' lang='lat' dir='ltr'><strong>se</strong></span> <span class='ocrx_word' id='word_1_526' title='bbox 1134 4169 1322 4239; x_wconf 87' lang='lat' dir='ltr'><strong>inique</strong></span> <span class='ocrx_word' id='word_1_527' title='bbox 1367 4171 1853 4234; x_wconf 83' lang='lat' dir='ltr'><strong>condemnassent,</strong></span> <span class='ocrx_word' id='word_1_528' title='bbox 1883 4173 2003 4243; x_wconf 81' lang='lat' dir='ltr'><strong>epi-</strong></span> 
     </span>
    </p>
   </div>
   <div class='ocr_carea' id='block_1_77' title="bbox 431 4260 2001 4334">
    <p class='ocr_par' dir='ltr' id='par_1_77' title="bbox 431 4260 2001 4334">
     <span class='ocr_line' id='line_1_77' title="bbox 431 4260 2001 4334; baseline 0.003 -20"><span class='ocrx_word' id='word_1_529' title='bbox 431 4274 654 4328; x_wconf 77' lang='lat' dir='ltr'><strong>scopos,</strong></span> <span class='ocrx_word' id='word_1_530' title='bbox 695 4260 938 4330; x_wconf 80' lang='lat' dir='ltr'><strong>legitime</strong></span> <span class='ocrx_word' id='word_1_531' title='bbox 985 4276 1196 4325; x_wconf 86' lang='lat' dir='ltr'><strong>rursus,</strong></span> <span class='ocrx_word' id='word_1_532' title='bbox 1244 4278 1344 4334; x_wconf 83' lang='lat' dir='ltr'><strong>pro</strong></span> <span class='ocrx_word' id='word_1_533' title='bbox 1387 4278 1451 4316; x_wconf 91' lang='lat' dir='ltr'><strong>eo</strong></span> <span class='ocrx_word' id='word_1_534' title='bbox 1494 4276 1658 4331; x_wconf 83' lang='lat' dir='ltr'><strong>atque</strong></span> <span class='ocrx_word' id='word_1_535' title='bbox 1708 4279 1807 4333; x_wconf 89' lang='lat' dir='ltr'><strong>par</strong></span> <span class='ocrx_word' id='word_1_536' title='bbox 1852 4274 2001 4320; x_wconf 85' lang='lat' dir='ltr'><strong>esset</strong></span> 
     </span>
    </p>
   </div>
   <div class='ocr_carea' id='block_1_78' title="bbox 433 4342 1997 4425">
    <p class='ocr_par' dir='ltr' id='par_1_78' title="bbox 433 4342 1997 4425">
     <span class='ocr_line' id='line_1_78' title="bbox 433 4342 1997 4425; baseline 0.001 -17"><span class='ocrx_word' id='word_1_537' title='bbox 433 4353 719 4408; x_wconf 85' lang='lat' dir='ltr'><strong>absolvere</strong></span> <span class='ocrx_word' id='word_1_538' title='bbox 745 4351 968 4405; x_wconf 88' lang='lat' dir='ltr'><strong>debere.</strong></span> <span class='ocrx_word' id='word_1_539' title='bbox 999 4350 1060 4405; x_wconf 79' lang='lat' dir='ltr'><strong>Vi</strong></span> <span class='ocrx_word' id='word_1_540' title='bbox 1097 4364 1276 4406; x_wconf 87' lang='lat' dir='ltr'><strong>autem</strong></span> <span class='ocrx_word' id='word_1_541' title='bbox 1303 4369 1427 4409; x_wconf 90' lang='lat' dir='ltr'><strong>eum</strong></span> <span class='ocrx_word' id='word_1_542' title='bbox 1452 4342 1687 4424; x_wconf 86' lang='lat' dir='ltr'><strong>plurima</strong></span> <span class='ocrx_word' id='word_1_543' title='bbox 1721 4365 1997 4425; x_wconf 81' lang='lat' dir='ltr'><strong>cegentes,</strong></span> 
     </span>
    </p>
   </div>
   <div class='ocr_carea' id='block_1_79' title="bbox 2103 3241 3613 3325">
    <p class='ocr_par' dir='ltr' id='par_1_79' title="bbox 2103 3241 3613 3325">
     <span class='ocr_line' id='line_1_79' title="bbox 2103 3241 3613 3325; baseline -0.009 -17"><span class='ocrx_word' id='word_1_544' title='bbox 2103 3256 2277 3325; x_wconf 75' lang='grc' dir='ltr'>παρὸν</span> <span class='ocrx_word' id='word_1_545' title='bbox 2305 3253 2752 3323; x_wconf 81' lang='grc' dir='ltr'>συντεθειμέναις</span> <span class='ocrx_word' id='word_1_546' title='bbox 2784 3252 3078 3321; x_wconf 80' lang='grc' dir='ltr'>εὐκόσμως</span> <span class='ocrx_word' id='word_1_547' title='bbox 3109 3248 3413 3319; x_wconf 68' lang='grc' dir='ltr'>ὑπᾴδοντος,</span> <span class='ocrx_word' id='word_1_548' title='bbox 3439 3246 3519 3297; x_wconf 73' lang='grc' dir='ltr'>καὶ</span> <span class='ocrx_word' id='word_1_549' title='bbox 3542 3241 3613 3292; x_wconf 69' lang='grc' dir='ltr'><strong>ἐπὶ</strong></span> 
     </span>
    </p>
   </div>
   <div class='ocr_carea' id='block_1_80' title="bbox 2100 3334 3614 3418">
    <p class='ocr_par' dir='ltr' id='par_1_80' title="bbox 2100 3334 3614 3418">
     <span class='ocr_line' id='line_1_80' title="bbox 2100 3334 3614 3418; baseline -0.008 -19"><span class='ocrx_word' id='word_1_550' title='bbox 2100 3351 2201 3418; x_wconf 77' lang='grc' dir='ltr'>τὴν</span> <span class='ocrx_word' id='word_1_551' title='bbox 2247 3348 2550 3416; x_wconf 77' lang='grc' dir='ltr'>ἐκκλησίαν</span> <span class='ocrx_word' id='word_1_552' title='bbox 2602 3343 3027 3415; x_wconf 67' lang='grc' dir='ltr'>προπέμψαντες</span> <span class='ocrx_word' id='word_1_553' title='bbox 3077 3345 3294 3411; x_wconf 72' lang='grc' dir='ltr'>ἄγουσι,</span> <span class='ocrx_word' id='word_1_554' title='bbox 3326 3339 3528 3391; x_wconf 82' lang='grc' dir='ltr'>πλεῖστα</span> <span class='ocrx_word' id='word_1_555' title='bbox 3564 3334 3614 3402; x_wconf 75' lang='grc' dir='ltr'>δὴ</span> 
     </span>
    </p>
   </div>
   <div class='ocr_carea' id='block_1_81' title="bbox 2103 3427 3614 3507">
    <p class='ocr_par' dir='ltr' id='par_1_81' title="bbox 2103 3427 3614 3507">
     <span class='ocr_line' id='line_1_81' title="bbox 2103 3427 3614 3507; baseline -0.011 -15"><span class='ocrx_word' id='word_1_556' title='bbox 2103 3437 2544 3507; x_wconf 70' lang='grc' dir='ltr'>παραιτούμενον</span> <span class='ocrx_word' id='word_1_557' title='bbox 2592 3437 2688 3489; x_wconf 80' lang='grc' dir='ltr'>καὶ</span> <span class='ocrx_word' id='word_1_558' title='bbox 2725 3436 3165 3505; x_wconf 79' lang='grc' dir='ltr'>ίσχυριζόμενον,</span> <span class='ocrx_word' id='word_1_559' title='bbox 3198 3432 3389 3502; x_wconf 74' lang='grc' dir='ltr'>χρῆναι</span> <span class='ocrx_word' id='word_1_560' title='bbox 3427 3427 3614 3494; x_wconf 76' lang='grc' dir='ltr'>λέγοντα</span> 
     </span>
    </p>
   </div>
   <div class='ocr_carea' id='block_1_82' title="bbox 2102 3517 3616 3599">
    <p class='ocr_par' dir='ltr' id='par_1_82' title="bbox 2102 3517 3616 3599">
     <span class='ocr_line' id='line_1_82' title="bbox 2102 3517 3616 3599; baseline -0.009 -15"><span class='ocrx_word' id='word_1_561' title='bbox 2102 3533 2231 3592; x_wconf 73' lang='grc' dir='ltr'>τοὺς</span> <span class='ocrx_word' id='word_1_562' title='bbox 2260 3530 2822 3599; x_wconf 65' lang='grc' dir='ltr'>καταψηφισαμένους</span> <span class='ocrx_word' id='word_1_563' title='bbox 2844 3525 3000 3588; x_wconf 73' lang='grc' dir='ltr'>αὖθις</span> <span class='ocrx_word' id='word_1_564' title='bbox 3032 3526 3246 3594; x_wconf 78' lang='grc' dir='ltr'>ἱερέας,</span> <span class='ocrx_word' id='word_1_565' title='bbox 3331 3522 3489 3590; x_wconf 76' lang='grc' dir='ltr'>θέμις,</span> <span class='ocrx_word' id='word_1_566' title='bbox 3513 3517 3616 3571; x_wconf 76' lang='grc' dir='ltr'>ἀπο-</span> 
     </span>
    </p>
   </div>
   <div class='ocr_carea' id='block_1_83' title="bbox 2100 3612 3617 3693">
    <p class='ocr_par' dir='ltr' id='par_1_83' title="bbox 2100 3612 3617 3693">
     <span class='ocr_line' id='line_1_83' title="bbox 2100 3612 3617 3693; baseline -0.014 -15"><span class='ocrx_word' id='word_1_567' title='bbox 2100 3620 2465 3692; x_wconf 72' lang='grc' dir='ltr'>ψηφίσασθαι.</span> <span class='ocrx_word' id='word_1_568' title='bbox 2498 3620 2732 3674; x_wconf 86' lang='grc' dir='ltr'>Πλεῖστα</span> <span class='ocrx_word' id='word_1_569' title='bbox 2757 3618 2801 3671; x_wconf 85' lang='grc' dir='ltr'>δ’</span> <span class='ocrx_word' id='word_1_570' title='bbox 2821 3618 3263 3693; x_wconf 43' lang='grc' dir='ltr'>ἀναγκάσαντες,</span> <span class='ocrx_word' id='word_1_571' title='bbox 3299 3614 3388 3666; x_wconf 79' lang='grc' dir='ltr'><strong>ἐπὶ</strong></span> <span class='ocrx_word' id='word_1_572' title='bbox 3410 3612 3490 3664; x_wconf 79' lang='grc' dir='ltr'>τὸν</span> <span class='ocrx_word' id='word_1_573' title='bbox 3524 3612 3617 3660; x_wconf 69' lang='lat' dir='ltr'><strong>tra-</strong></span> 
     </span>
    </p>
   </div>
   <div class='ocr_carea' id='block_1_84' title="bbox 2104 3703 3617 3783">
    <p class='ocr_par' dir='ltr' id='par_1_84' title="bbox 2104 3703 3617 3783">
     <span class='ocr_line' id='line_1_84' title="bbox 2104 3703 3617 3783; baseline -0.009 -16"><span class='ocrx_word' id='word_1_574' title='bbox 2104 3713 2369 3767; x_wconf 76' lang='grc' dir='ltr'>σκοπικὸν</span> <span class='ocrx_word' id='word_1_575' title='bbox 2428 3711 2620 3783; x_wconf 86' lang='grc' dir='ltr'>θρόνον</span> <span class='ocrx_word' id='word_1_576' title='bbox 2690 3712 2852 3764; x_wconf 78' lang='grc' dir='ltr'>αὐτὸν</span> <span class='ocrx_word' id='word_1_577' title='bbox 2898 3710 3258 3771; x_wconf 74' lang='grc' dir='ltr'>ἀνεϐίϐασαν,</span> <span class='ocrx_word' id='word_1_578' title='bbox 3289 3705 3410 3761; x_wconf 78' lang='grc' dir='ltr'>ὥστ’</span> <span class='ocrx_word' id='word_1_579' title='bbox 3438 3703 3617 3772; x_wconf 77' lang='grc' dir='ltr'>εἰρήνην</span> 
     </span>
    </p>
   </div>
   <div class='ocr_carea' id='block_1_85' title="bbox 2100 3788 3614 3874">
    <p class='ocr_par' dir='ltr' id='par_1_85' title="bbox 2100 3788 3614 3874">
     <span class='ocr_line' id='line_1_85' title="bbox 2100 3788 3614 3874; baseline -0.013 -15"><span class='ocrx_word' id='word_1_580' title='bbox 2100 3807 2348 3859; x_wconf 77' lang='grc' dir='ltr'>ἀνειπεῖν</span> <span class='ocrx_word' id='word_1_581' title='bbox 2378 3804 2455 3874; x_wconf 83' lang='grc' dir='ltr'>τῷ</span> <span class='ocrx_word' id='word_1_582' title='bbox 2487 3803 2624 3873; x_wconf 82' lang='grc' dir='ltr'>λαῷ.</span> <span class='ocrx_word' id='word_1_583' title='bbox 2657 3802 2821 3855; x_wconf 82' lang='grc' dir='ltr'>Ταῦτ’</span> <span class='ocrx_word' id='word_1_584' title='bbox 2849 3800 2908 3866; x_wconf 80' lang='grc' dir='ltr'>ιξ</span> <span class='ocrx_word' id='word_1_585' title='bbox 2937 3801 3189 3870; x_wconf 85' lang='grc' dir='ltr'>ἀνάγκης</span> <span class='ocrx_word' id='word_1_586' title='bbox 3212 3788 3614 3867; x_wconf 45' lang='lat' dir='ltr'><strong>«smmum,le</strong></span> 
     </span>
    </p>
   </div>
   <div class='ocr_carea' id='block_1_86' title="bbox 2100 3885 3615 3966">
    <p class='ocr_par' dir='ltr' id='par_1_86' title="bbox 2100 3885 3615 3966">
     <span class='ocr_line' id='line_1_86' title="bbox 2100 3885 3615 3966; baseline -0.012 -15"><span class='ocrx_word' id='word_1_587' title='bbox 2100 3914 2225 3951; x_wconf 89' lang='grc' dir='ltr'>τινα</span> <span class='ocrx_word' id='word_1_588' title='bbox 2248 3896 2455 3966; x_wconf 84' lang='grc' dir='ltr'>σχέδιον</span> <span class='ocrx_word' id='word_1_589' title='bbox 2481 3893 2783 3965; x_wconf 88' lang='grc' dir='ltr'>τηνικαῦτα</span> <span class='ocrx_word' id='word_1_590' title='bbox 2805 3892 3058 3964; x_wconf 74' lang='grc' dir='ltr'>διεξῆλθε</span> <span class='ocrx_word' id='word_1_591' title='bbox 3092 3893 3273 3960; x_wconf 84' lang='grc' dir='ltr'>λόγον,</span> <span class='ocrx_word' id='word_1_592' title='bbox 3302 3885 3615 3959; x_wconf 68' lang='grc' dir='ltr'>χαριεστάτοις</span> 
     </span>
    </p>
   </div>
   <div class='ocr_carea' id='block_1_87' title="bbox 2100 3973 3617 4057">
    <p class='ocr_par' dir='ltr' id='par_1_87' title="bbox 2100 3973 3617 4057">
     <span class='ocr_line' id='line_1_87' title="bbox 2100 3973 3617 4057; baseline -0.024 0"><span class='ocrx_word' id='word_1_593' title='bbox 2100 3987 2357 4057; x_wconf 63' lang='grc' dir='ltr'>ἀφορμὰς</span> <span class='ocrx_word' id='word_1_594' title='bbox 2403 3986 2814 4056; x_wconf 80' lang='grc' dir='ltr'>πορισάμενος·</span> <span class='ocrx_word' id='word_1_595' title='bbox 2873 3984 3067 4054; x_wconf 60' lang='lat' dir='ltr'><strong>tamen</strong></span> <span class='ocrx_word' id='word_1_596' title='bbox 3117 3985 3230 4052; x_wconf 86' lang='grc' dir='ltr'>γὰρ</span> <span class='ocrx_word' id='word_1_597' title='bbox 3276 3978 3510 4047; x_wconf 81' lang='grc' dir='ltr'>Θεόφιλον</span> <span class='ocrx_word' id='word_1_598' title='bbox 3541 3973 3617 4043; x_wconf 77' lang='grc' dir='ltr'><strong>μιν</strong></span> 
     </span>
    </p>
   </div>
   <div class='ocr_carea' id='block_1_88' title="bbox 2102 4063 3618 4163">
    <p class='ocr_par' dir='ltr' id='par_1_88' title="bbox 2102 4063 3618 4163">
     <span class='ocr_line' id='line_1_88' title="bbox 2102 4063 3618 4163; baseline -0.012 -32"><span class='ocrx_word' id='word_1_599' title='bbox 2102 4077 2453 4146; x_wconf 72' lang='grc' dir='ltr'>ἐπιχειρῆσαι</span> <span class='ocrx_word' id='word_1_600' title='bbox 2473 4074 2635 4144; x_wconf 81' lang='grc' dir='ltr'>ὕὸριν</span> <span class='ocrx_word' id='word_1_601' title='bbox 2664 4074 2936 4145; x_wconf 81' lang='grc' dir='ltr'>καταχέαι</span> <span class='ocrx_word' id='word_1_602' title='bbox 2955 4073 3056 4163; x_wconf 69' lang='grc' dir='ltr'><strong>τῇς</strong></span> <span class='ocrx_word' id='word_1_603' title='bbox 3098 4070 3440 4163; x_wconf 72' lang='grc' dir='ltr'>Ἐκκλησίας,</span> <span class='ocrx_word' id='word_1_604' title='bbox 3465 4065 3529 4163; x_wconf 54' lang='lat'><strong>(0-;</strong></span> <span class='ocrx_word' id='word_1_605' title='bbox 3546 4063 3618 4114; x_wconf 75' lang='grc' dir='ltr'><strong>τὸν</strong></span> 
     </span>
    </p>
   </div>
   <div class='ocr_carea' id='block_1_89' title="bbox 2100 4155 3616 4236">
    <p class='ocr_par' dir='ltr' id='par_1_89' title="bbox 2100 4155 3616 4236">
     <span class='ocr_line' id='line_1_89' title="bbox 2100 4155 3616 4236; baseline -0.011 -16"><span class='ocrx_word' id='word_1_606' title='bbox 2100 4166 2418 4236; x_wconf 76' lang='grc' dir='ltr'>Αἰγυπτίων</span> <span class='ocrx_word' id='word_1_607' title='bbox 2455 4164 2681 4235; x_wconf 77' lang='grc' dir='ltr'>βασιλέα</span> <span class='ocrx_word' id='word_1_608' title='bbox 2702 4181 2717 4196; x_wconf 75' lang='grc' dir='ltr'><strong>ο</strong></span> <span class='ocrx_word' id='word_1_609' title='bbox 2752 4155 3091 4232; x_wconf 64' lang='grc' dir='ltr'>ἐπιμανῆναι</span> <span class='ocrx_word' id='word_1_610' title='bbox 3121 4162 3179 4215; x_wconf 75' lang='grc' dir='ltr'>δὲ</span> <span class='ocrx_word' id='word_1_611' title='bbox 3214 4162 3309 4216; x_wconf 80' lang='grc' dir='ltr'>καὶ</span> <span class='ocrx_word' id='word_1_612' title='bbox 3340 4161 3402 4228; x_wconf 74' lang='grc' dir='ltr'>τῇ</span> <span class='ocrx_word' id='word_1_613' title='bbox 3435 4155 3515 4208; x_wconf 84' lang='grc' dir='ltr'><strong>τοῦ</strong></span> <span class='ocrx_word' id='word_1_614' title='bbox 3532 4169 3616 4204; x_wconf 71' lang='grc' dir='ltr'>παι</span> 
     </span>
    </p>
   </div>
   <div class='ocr_carea' id='block_1_90' title="bbox 2100 4244 3618 4332">
    <p class='ocr_par' dir='ltr' id='par_1_90' title="bbox 2100 4244 3618 4332">
     <span class='ocr_line' id='line_1_90' title="bbox 2100 4244 3618 4332; baseline -0.011 -19"><span class='ocrx_word' id='word_1_615' title='bbox 2100 4262 2367 4332; x_wconf 87' lang='grc' dir='ltr'>τριάρχου</span> <span class='ocrx_word' id='word_1_616' title='bbox 2411 4258 2667 4329; x_wconf 77' lang='grc' dir='ltr'>Ἀϐραάμ</span> <span class='ocrx_word' id='word_1_617' title='bbox 2699 4259 2942 4329; x_wconf 75' lang='grc' dir='ltr'>γαμετῇ,</span> <span class='ocrx_word' id='word_1_618' title='bbox 2967 4256 3045 4318; x_wconf 83' lang='grc' dir='ltr'><strong>ὡς</strong></span> <span class='ocrx_word' id='word_1_619' title='bbox 3077 4244 3618 4327; x_wconf 78' lang='grc' dir='ltr'>ἱστοροῦσινἙδραίων</span> 
     </span>
    </p>
   </div>
   <div class='ocr_carea' id='block_1_91' title="bbox 2105 4336 3616 4422">
    <p class='ocr_par' dir='ltr' id='par_1_91' title="bbox 2105 4336 3616 4422">
     <span class='ocr_line' id='line_1_91' title="bbox 2105 4336 3616 4422; baseline -0.011 -18"><span class='ocrx_word' id='word_1_620' title='bbox 2105 4351 2299 4422; x_wconf 55' lang='lat' dir='ltr'><strong>piam.</strong></span> <span class='ocrx_word' id='word_1_621' title='bbox 2353 4349 2631 4413; x_wconf 78' lang='grc' dir='ltr'>Ἐπαίνοις</span> <span class='ocrx_word' id='word_1_622' title='bbox 2681 4349 2740 4402; x_wconf 68' lang='grc' dir='ltr'>δὲ</span> <span class='ocrx_word' id='word_1_623' title='bbox 2770 4348 2866 4402; x_wconf 72' lang='grc' dir='ltr'>καὶ</span> <span class='ocrx_word' id='word_1_624' title='bbox 2921 4348 3014 4401; x_wconf 81' lang='grc' dir='ltr'>τὸν</span> <span class='ocrx_word' id='word_1_625' title='bbox 3046 4347 3182 4400; x_wconf 80' lang='grc' dir='ltr'>λαὸν</span> <span class='ocrx_word' id='word_1_626' title='bbox 3209 4346 3310 4415; x_wconf 82' lang='grc' dir='ltr'>τῆς</span> <span class='ocrx_word' id='word_1_627' title='bbox 3359 4336 3616 4412; x_wconf 70' lang='grc' dir='ltr'>προθυμίας</span> 
     </span>
    </p>
   </div>
   <div class='ocr_carea' id='block_1_92' title="bbox 431 4426 2000 4532">
    <p class='ocr_par' dir='ltr' id='par_1_92' title="bbox 431 4442 1999 4516">
     <span class='ocr_line' id='line_1_92' title="bbox 431 4442 1999 4516; baseline 0.001 -17"><span class='ocrx_word' id='word_1_628' title='bbox 431 4445 488 4500; x_wconf 88' lang='lat' dir='ltr'><strong>in</strong></span> <span class='ocrx_word' id='word_1_629' title='bbox 538 4444 668 4498; x_wconf 87' lang='lat' dir='ltr'><strong>sede</strong></span> <span class='ocrx_word' id='word_1_630' title='bbox 709 4442 1008 4514; x_wconf 78' lang='lat' dir='ltr'><strong>episcopali</strong></span> <span class='ocrx_word' id='word_1_631' title='bbox 1060 4443 1421 4512; x_wconf 82' lang='lat' dir='ltr'><strong>cellocarunt,</strong></span> <span class='ocrx_word' id='word_1_632' title='bbox 1468 4456 1531 4501; x_wconf 90' lang='lat' dir='ltr'><strong>ut</strong></span> <span class='ocrx_word' id='word_1_633' title='bbox 1574 4461 1764 4515; x_wconf 86' lang='lat' dir='ltr'><strong>pacem</strong></span> <span class='ocrx_word' id='word_1_634' title='bbox 1796 4447 1999 4516; x_wconf 83' lang='lat' dir='ltr'><strong>pepqu</strong></span> 
     </span>
    </p>
   </div>
   <div class='ocr_carea' id='block_1_93' title="bbox 2103 4426 3619 4532">
    <p class='ocr_par' dir='ltr' id='par_1_93' title="bbox 2104 4426 3619 4532">
     <span class='ocr_line' id='line_1_93' title="bbox 2104 4426 3619 4532; baseline -0.011 -35"><span class='ocrx_word' id='word_1_635' title='bbox 2104 4441 2507 4513; x_wconf 80' lang='grc' dir='ltr'>ἀποδεξάμενος</span> <span class='ocrx_word' id='word_1_636' title='bbox 2538 4442 2635 4495; x_wconf 78' lang='grc' dir='ltr'>καὶ</span> <span class='ocrx_word' id='word_1_637' title='bbox 2676 4443 2806 4504; x_wconf 76' lang='grc' dir='ltr'>τοὺς</span> <span class='ocrx_word' id='word_1_638' title='bbox 2835 4438 3183 4511; x_wconf 86' lang='grc' dir='ltr'>κρατοῦντας</span> <span class='ocrx_word' id='word_1_639' title='bbox 3210 4434 3465 4532; x_wconf 31' lang='grc' dir='ltr'>τῆςᾼπερξ</span> <span class='ocrx_word' id='word_1_640' title='bbox 3491 4426 3619 4532; x_wconf 43' lang='lat' dir='ltr'><strong>«sev</strong></span> 
     </span>
    </p>
   </div>
   <div class='ocr_carea' id='block_1_94' title="bbox 429 4514 2000 4607">
    <p class='ocr_par' dir='ltr' id='par_1_94' title="bbox 429 4537 2000 4607">
     <span class='ocr_line' id='line_1_94' title="bbox 429 4537 2000 4607; baseline 0.001 -15"><span class='ocrx_word' id='word_1_641' title='bbox 429 4553 500 4592; x_wconf 81' lang='lat' dir='ltr'><strong>ex</strong></span> <span class='ocrx_word' id='word_1_642' title='bbox 542 4537 830 4607; x_wconf 85' lang='lat' dir='ltr'><strong>superiore</strong></span> <span class='ocrx_word' id='word_1_643' title='bbox 869 4538 991 4591; x_wconf 93' lang='lat' dir='ltr'><strong>loco</strong></span> <span class='ocrx_word' id='word_1_644' title='bbox 1039 4538 1394 4591; x_wconf 83' lang='lat' dir='ltr'><strong>annuntiaret</strong></span> <span class='ocrx_word' id='word_1_645' title='bbox 1436 4548 1492 4593; x_wconf 89' lang='lat' dir='ltr'><strong>et</strong></span> <span class='ocrx_word' id='word_1_646' title='bbox 1527 4546 1866 4607; x_wconf 87' lang='lat' dir='ltr'><strong>precaretur.</strong></span> <span class='ocrx_word' id='word_1_647' title='bbox 1903 4537 2000 4593; x_wconf 85' lang='lat' dir='ltr'><strong>His</strong></span> 
     </span>
    </p>
   </div>
   <div class='ocr_carea' id='block_1_95' title="bbox 2103 4514 3618 4607">
    <p class='ocr_par' dir='ltr' id='par_1_95' title="bbox 2104 4514 3618 4607">
     <span class='ocr_line' id='line_1_95' title="bbox 2104 4514 3618 4607; baseline -0.013 -19"><span class='ocrx_word' id='word_1_648' title='bbox 2104 4533 2341 4597; x_wconf 71' lang='grc' dir='ltr'>εὐνοίας,</span> <span class='ocrx_word' id='word_1_649' title='bbox 2379 4533 2594 4586; x_wconf 75' lang='grc' dir='ltr'>πλεῖστ’</span> <span class='ocrx_word' id='word_1_650' title='bbox 2642 4531 3036 4601; x_wconf 78' lang='grc' dir='ltr'>ἀνευφημῆσαι</span> <span class='ocrx_word' id='word_1_651' title='bbox 3083 4529 3148 4582; x_wconf 83' lang='grc' dir='ltr'>τὸ</span> <span class='ocrx_word' id='word_1_652' title='bbox 3200 4525 3400 4596; x_wconf 79' lang='grc' dir='ltr'>πλῆθος</span> <span class='ocrx_word' id='word_1_653' title='bbox 3440 4514 3618 4607; x_wconf 59' lang='grc' dir='ltr'>βασιλέα</span> 
     </span>
    </p>
   </div>
   <div class='ocr_carea' id='block_1_96' title="bbox 430 4603 2000 4699">
    <p class='ocr_par' dir='ltr' id='par_1_96' title="bbox 430 4632 1999 4699">
     <span class='ocr_line' id='line_1_96' title="bbox 430 4632 1999 4699; baseline 0.001 -13"><span class='ocrx_word' id='word_1_654' title='bbox 430 4633 602 4687; x_wconf 80' lang='lat' dir='ltr'><strong>rebus</strong></span> <span class='ocrx_word' id='word_1_655' title='bbox 652 4634 724 4686; x_wconf 86' lang='lat' dir='ltr'><strong>ita</strong></span> <span class='ocrx_word' id='word_1_656' title='bbox 755 4648 822 4686; x_wconf 82' lang='lat' dir='ltr'><strong>ex</strong></span> <span class='ocrx_word' id='word_1_657' title='bbox 863 4633 1191 4687; x_wconf 88' lang='lat' dir='ltr'><strong>necessitate</strong></span> <span class='ocrx_word' id='word_1_658' title='bbox 1221 4632 1453 4699; x_wconf 88' lang='lat' dir='ltr'><strong>quadam</strong></span> <span class='ocrx_word' id='word_1_659' title='bbox 1487 4633 1647 4695; x_wconf 81' lang='lat' dir='ltr'><strong>actis,</strong></span> <span class='ocrx_word' id='word_1_660' title='bbox 1691 4633 1999 4688; x_wconf 88' lang='lat' dir='ltr'><strong>orationem</strong></span> 
     </span>
    </p>
   </div>
   <div class='ocr_carea' id='block_1_97' title="bbox 2103 4603 3621 4699">
    <p class='ocr_par' dir='ltr' id='par_1_97' title="bbox 2104 4603 3621 4694">
     <span class='ocr_line' id='line_1_97' title="bbox 2104 4603 3621 4694; baseline -0.012 -15"><span class='ocrx_word' id='word_1_661' title='bbox 2104 4642 2164 4679; x_wconf 83' lang='grc' dir='ltr'><strong>τε</strong></span> <span class='ocrx_word' id='word_1_662' title='bbox 2198 4628 2292 4679; x_wconf 72' lang='grc' dir='ltr'>καὶ</span> <span class='ocrx_word' id='word_1_663' title='bbox 2318 4624 2421 4694; x_wconf 78' lang='grc' dir='ltr'>τὴν</span> <span class='ocrx_word' id='word_1_664' title='bbox 2450 4622 2702 4691; x_wconf 83' lang='grc' dir='ltr'>βασιλίδα</span> <span class='ocrx_word' id='word_1_665' title='bbox 2724 4620 3012 4692; x_wconf 67' lang='grc' dir='ltr'>ἠρέθισεν,</span> <span class='ocrx_word' id='word_1_666' title='bbox 3041 4621 3118 4683; x_wconf 83' lang='grc' dir='ltr'>ὡς</span> <span class='ocrx_word' id='word_1_667' title='bbox 3146 4619 3226 4690; x_wconf 78' lang='grc' dir='ltr'>μὴ</span> <span class='ocrx_word' id='word_1_668' title='bbox 3248 4612 3523 4685; x_wconf 78' lang='grc' dir='ltr'>δυνηθῆναι</span> <span class='ocrx_word' id='word_1_669' title='bbox 3550 4603 3621 4659; x_wconf 75' lang='grc' dir='ltr'>καὶ</span> 
     </span>
    </p>
   </div>
   <div class='ocr_carea' id='block_1_98' title="bbox 432 4700 2000 4799">
    <p class='ocr_par' dir='ltr' id='par_1_98' title="bbox 432 4723 2000 4799">
     <span class='ocr_line' id='line_1_98' title="bbox 432 4723 2000 4799; baseline -0.001 -19"><span class='ocrx_word' id='word_1_670' title='bbox 432 4737 547 4780; x_wconf 89' lang='lat' dir='ltr'><strong>tum</strong></span> <span class='ocrx_word' id='word_1_671' title='bbox 573 4739 796 4795; x_wconf 82' lang='lat' dir='ltr'><strong>quoque</strong></span> <span class='ocrx_word' id='word_1_672' title='bbox 826 4740 893 4780; x_wconf 80' lang='lat' dir='ltr'><strong>ex</strong></span> <span class='ocrx_word' id='word_1_673' title='bbox 924 4734 1168 4795; x_wconf 86' lang='lat' dir='ltr'><strong>tempore</strong></span> <span class='ocrx_word' id='word_1_674' title='bbox 1202 4723 1269 4778; x_wconf 89' lang='lat' dir='ltr'><strong>ad</strong></span> <span class='ocrx_word' id='word_1_675' title='bbox 1302 4724 1560 4799; x_wconf 73' lang='lat' dir='ltr'><strong>populum</strong></span> <span class='ocrx_word' id='word_1_676' title='bbox 1594 4724 1809 4790; x_wconf 78' lang='lat' dir='ltr'><strong>habuit,</strong></span> <span class='ocrx_word' id='word_1_677' title='bbox 1836 4738 2000 4795; x_wconf 80' lang='lat' dir='ltr'><strong>argu-</strong></span> 
     </span>
    </p>
   </div>
   <div class='ocr_carea' id='block_1_99' title="bbox 2103 4700 3621 4799">
    <p class='ocr_par' dir='ltr' id='par_1_99' title="bbox 2106 4700 3621 4788">
     <span class='ocr_line' id='line_1_99' title="bbox 2106 4700 3621 4788; baseline -0.015 -15"><span class='ocrx_word' id='word_1_678' title='bbox 2106 4720 2198 4773; x_wconf 82' lang='grc' dir='ltr'><strong>τδν</strong></span> <span class='ocrx_word' id='word_1_679' title='bbox 2225 4718 2386 4787; x_wconf 87' lang='grc' dir='ltr'>λόγον</span> <span class='ocrx_word' id='word_1_680' title='bbox 2432 4720 2516 4781; x_wconf 84' lang='grc' dir='ltr'><strong>είς</strong></span> <span class='ocrx_word' id='word_1_681' title='bbox 2546 4716 2720 4788; x_wconf 81' lang='grc' dir='ltr'>πέρας</span> <span class='ocrx_word' id='word_1_682' title='bbox 2751 4716 2950 4782; x_wconf 71' lang='grc' dir='ltr'>ἐλθεῖν,</span> <span class='ocrx_word' id='word_1_683' title='bbox 2989 4713 3107 4768; x_wconf 78' lang='grc' dir='ltr'>ἀλλ’</span> <span class='ocrx_word' id='word_1_684' title='bbox 3154 4710 3390 4785; x_wconf 71' lang='grc' dir='ltr'>ἡμιτελῆ</span> <span class='ocrx_word' id='word_1_685' title='bbox 3416 4700 3621 4759; x_wconf 80' lang='grc' dir='ltr'>κατα.λεῖ-</span> 
     </span>
    </p>
   </div>
   <div class='ocr_carea' id='block_1_100' title="bbox 431 4814 2227 4886">
    <p class='ocr_par' dir='ltr' id='par_1_100' title="bbox 431 4814 2227 4886">
     <span class='ocr_line' id='line_1_100' title="bbox 431 4814 2227 4886; baseline -0.003 -15"><span class='ocrx_word' id='word_1_686' title='bbox 431 4818 634 4871; x_wconf 85' lang='lat' dir='ltr'><strong>tnentis</strong></span> <span class='ocrx_word' id='word_1_687' title='bbox 685 4831 810 4871; x_wconf 88' lang='lat' dir='ltr'><strong>eum</strong></span> <span class='ocrx_word' id='word_1_688' title='bbox 859 4832 1053 4886; x_wconf 76' lang='lat' dir='ltr'><strong>magna</strong></span> <span class='ocrx_word' id='word_1_689' title='bbox 1104 4820 1278 4886; x_wconf 81' lang='lat' dir='ltr'><strong>gratia</strong></span> <span class='ocrx_word' id='word_1_690' title='bbox 1330 4816 1602 4886; x_wconf 87' lang='lat' dir='ltr'><strong>appositis</strong></span> <span class='ocrx_word' id='word_1_691' title='bbox 1649 4831 1805 4873; x_wconf 88' lang='lat' dir='ltr'><strong>usus.</strong></span> <span class='ocrx_word' id='word_1_692' title='bbox 1854 4814 2000 4870; x_wconf 83' lang='lat' dir='ltr'><strong>Dixit</strong></span> <span class='ocrx_word' id='word_1_693' title='bbox 2106 4814 2227 4882; x_wconf 73' lang='grc' dir='ltr'>ψαι.</span> 
     </span>
    </p>
   </div>
   <div class='ocr_carea' id='block_1_101' title="bbox 429 4895 3620 4977">
    <p class='ocr_par' dir='ltr' id='par_1_101' title="bbox 429 4895 3620 4977">
     <span class='ocr_line' id='line_1_101' title="bbox 429 4895 3620 4977; baseline -0.008 -15"><span class='ocrx_word' id='word_1_694' title='bbox 429 4907 600 4975; x_wconf 87' lang='lat' dir='ltr'><strong>enim,</strong></span> <span class='ocrx_word' id='word_1_695' title='bbox 633 4907 996 4977; x_wconf 75' lang='lat' dir='ltr'><strong>Theophilum</strong></span> <span class='ocrx_word' id='word_1_696' title='bbox 1040 4923 1136 4976; x_wconf 87' lang='lat' dir='ltr'><strong>per</strong></span> <span class='ocrx_word' id='word_1_697' title='bbox 1168 4908 1560 4963; x_wconf 85' lang='lat' dir='ltr'><strong>contumeliam</strong></span> <span class='ocrx_word' id='word_1_698' title='bbox 1626 4916 1884 4963; x_wconf 88' lang='lat' dir='ltr'><strong>conatum</strong></span> <span class='ocrx_word' id='word_1_699' title='bbox 1917 4919 2039 4961; x_wconf 86' lang='lat' dir='ltr'><strong>esse</strong></span> <span class='ocrx_word' id='word_1_700' title='bbox 2077 4903 2337 4960; x_wconf 68' lang='lat' dir='ltr'><strong>Ecclesiae</strong></span> <span class='ocrx_word' id='word_1_701' title='bbox 2396 4917 2509 4959; x_wconf 70' lang='lat' dir='ltr'><strong>suae</strong></span> <span class='ocrx_word' id='word_1_702' title='bbox 2549 4901 2810 4972; x_wconf 71' lang='lat' dir='ltr'><strong>iniuriam</strong></span> <span class='ocrx_word' id='word_1_703' title='bbox 2849 4899 3032 4956; x_wconf 86' lang='lat' dir='ltr'><strong>facere</strong></span> <span class='ocrx_word' id='word_1_704' title='bbox 3069 4914 3086 4953; x_wconf 88' lang='lat'><strong>:</strong></span> <span class='ocrx_word' id='word_1_705' title='bbox 3129 4896 3357 4970; x_wconf 83' lang='lat' dir='ltr'><strong>perinde</strong></span> <span class='ocrx_word' id='word_1_706' title='bbox 3381 4900 3525 4957; x_wconf 85' lang='lat' dir='ltr'><strong>atque</strong></span> <span class='ocrx_word' id='word_1_707' title='bbox 3547 4895 3620 4936; x_wconf 75' lang='lat' dir='ltr'><strong>rex</strong></span> 
     </span>
    </p>
   </div>
   <div class='ocr_carea' id='block_1_102' title="bbox 429 4987 3624 5071">
    <p class='ocr_par' dir='ltr' id='par_1_102' title="bbox 429 4987 3624 5071">
     <span class='ocr_line' id='line_1_102' title="bbox 429 4987 3624 5071; baseline -0.006 -17"><span class='ocrx_word' id='word_1_708' title='bbox 429 5000 561 5054; x_wconf 89' lang='lat' dir='ltr'><strong>olim</strong></span> <span class='ocrx_word' id='word_1_709' title='bbox 614 5001 828 5071; x_wconf 60' lang='grc' dir='ltr'><strong>ιῈεςριί</strong></span> <span class='ocrx_word' id='word_1_710' title='bbox 879 5001 931 5054; x_wconf 91' lang='lat' dir='ltr'><strong>in</strong></span> <span class='ocrx_word' id='word_1_711' title='bbox 965 5000 1290 5068; x_wconf 64' lang='lat' dir='ltr'><strong>patriarchae</strong></span> <span class='ocrx_word' id='word_1_712' title='bbox 1331 5000 1566 5055; x_wconf 76' lang='lat' dir='ltr'><strong>Abrabre</strong></span> <span class='ocrx_word' id='word_1_713' title='bbox 1614 5000 1847 5069; x_wconf 79' lang='lat' dir='ltr'><strong>conjuge</strong></span> <span class='ocrx_word' id='word_1_714' title='bbox 1912 4997 2219 5063; x_wconf 87' lang='lat' dir='ltr'><strong>insanierit,</strong></span> <span class='ocrx_word' id='word_1_715' title='bbox 2287 4995 2749 5064; x_wconf 88' lang='lat' dir='ltr'><strong>quemadmodum</strong></span> <span class='ocrx_word' id='word_1_716' title='bbox 2793 4994 2900 5049; x_wconf 86' lang='lat' dir='ltr'><strong>hoc.</strong></span> <span class='ocrx_word' id='word_1_717' title='bbox 2930 4992 3287 5049; x_wconf 66' lang='lat' dir='ltr'><strong>Hebraeorum</strong></span> <span class='ocrx_word' id='word_1_718' title='bbox 3332 4987 3452 5043; x_wconf 90' lang='lat' dir='ltr'><strong>libri</strong></span> <span class='ocrx_word' id='word_1_719' title='bbox 3505 4993 3624 5037; x_wconf 78' lang='lat' dir='ltr'><strong>conl-</strong></span> 
     </span>
    </p>
   </div>
   <div class='ocr_carea' id='block_1_103' title="bbox 430 5078 3622 5162">
    <p class='ocr_par' dir='ltr' id='par_1_103' title="bbox 430 5078 3622 5162">
     <span class='ocr_line' id='line_1_103' title="bbox 430 5078 3622 5162; baseline -0.006 -14"><span class='ocrx_word' id='word_1_720' title='bbox 430 5103 752 5148; x_wconf 77' lang='lat' dir='ltr'><strong>uiemorant.</strong></span> <span class='ocrx_word' id='word_1_721' title='bbox 788 5094 853 5146; x_wconf 84' lang='lat' dir='ltr'><strong>Et</strong></span> <span class='ocrx_word' id='word_1_722' title='bbox 888 5093 1062 5162; x_wconf 85' lang='lat' dir='ltr'><strong>plebis</strong></span> <span class='ocrx_word' id='word_1_723' title='bbox 1095 5082 1421 5162; x_wconf 78' lang='lat' dir='ltr'><strong>propensam</strong></span> <span class='ocrx_word' id='word_1_724' title='bbox 1466 5092 1802 5147; x_wconf 86' lang='lat' dir='ltr'><strong>alacritatem</strong></span> <span class='ocrx_word' id='word_1_725' title='bbox 1852 5090 2106 5144; x_wconf 87' lang='lat' dir='ltr'><strong>laudibus</strong></span> <span class='ocrx_word' id='word_1_726' title='bbox 2170 5101 2527 5160; x_wconf 84' lang='lat' dir='ltr'><strong>prosecutus,</strong></span> <span class='ocrx_word' id='word_1_727' title='bbox 2569 5087 3005 5144; x_wconf 87' lang='lat' dir='ltr'><strong>benevolentiam</strong></span> <span class='ocrx_word' id='word_1_728' title='bbox 3075 5098 3299 5154; x_wconf 81' lang='lat' dir='ltr'><strong>quoque</strong></span> <span class='ocrx_word' id='word_1_729' title='bbox 3362 5078 3622 5151; x_wconf 80' lang='lat' dir='ltr'><strong>principum</strong></span> 
     </span>
    </p>
   </div>
   <div class='ocr_carea' id='block_1_104' title="bbox 427 5172 3625 5266">
    <p class='ocr_par' dir='ltr' id='par_1_104' title="bbox 427 5172 3625 5266">
     <span class='ocr_line' id='line_1_104' title="bbox 427 5172 3625 5266; baseline -0.005 -28"><span class='ocrx_word' id='word_1_730' title='bbox 427 5200 556 5256; x_wconf 77' lang='lat' dir='ltr'><strong>erga</strong></span> <span class='ocrx_word' id='word_1_731' title='bbox 579 5201 637 5238; x_wconf 86' lang='lat' dir='ltr'><strong>se</strong></span> <span class='ocrx_word' id='word_1_732' title='bbox 659 5183 977 5246; x_wconf 83' lang='lat' dir='ltr'><strong>celebravit.</strong></span> <span class='ocrx_word' id='word_1_733' title='bbox 1006 5196 1061 5240; x_wconf 85' lang='lat' dir='ltr'><strong>et</strong></span> <span class='ocrx_word' id='word_1_734' title='bbox 1090 5174 1500 5240; x_wconf 73' lang='lat' dir='ltr'><strong>multiiudinem</strong></span> <span class='ocrx_word' id='word_1_735' title='bbox 1524 5194 1583 5239; x_wconf 91' lang='lat' dir='ltr'><strong>ut</strong></span> <span class='ocrx_word' id='word_1_736' title='bbox 1605 5187 1996 5256; x_wconf 78' lang='lat' dir='ltr'><strong>imperatorem</strong></span> <span class='ocrx_word' id='word_1_737' title='bbox 2035 5190 2098 5235; x_wconf 91' lang='lat' dir='ltr'><strong>et</strong></span> <span class='ocrx_word' id='word_1_738' title='bbox 2166 5183 2575 5266; x_wconf 13' lang='lat' dir='ltr'><strong>irmpcratricem</strong></span> <span class='ocrx_word' id='word_1_739' title='bbox 2617 5180 2811 5235; x_wconf 85' lang='lat' dir='ltr'><strong>faustis</strong></span> <span class='ocrx_word' id='word_1_740' title='bbox 2838 5179 3249 5249; x_wconf 79' lang='lat' dir='ltr'><strong>auspicatisque</strong></span> <span class='ocrx_word' id='word_1_741' title='bbox 3321 5172 3530 5229; x_wconf 79' lang='lat' dir='ltr'><strong>vocibus</strong></span> <span class='ocrx_word' id='word_1_742' title='bbox 3553 5178 3625 5266; x_wconf 54' lang='grc' dir='ltr'>(Ἰν</span> 
     </span>
    </p>
   </div>
   <div class='ocr_carea' id='block_1_105' title="bbox 432 5256 3626 5351">
    <p class='ocr_par' dir='ltr' id='par_1_105' title="bbox 432 5256 3626 5351">
     <span class='ocr_line' id='line_1_105' title="bbox 432 5256 3626 5351; baseline -0.006 -15"><span class='ocrx_word' id='word_1_743' title='bbox 432 5290 662 5346; x_wconf 77' lang='lat' dir='ltr'><strong>nat-ent,</strong></span> <span class='ocrx_word' id='word_1_744' title='bbox 693 5282 830 5337; x_wconf 85' lang='lat' dir='ltr'><strong>adeo</strong></span> <span class='ocrx_word' id='word_1_745' title='bbox 860 5282 1138 5350; x_wconf 71' lang='lat' dir='ltr'><strong>eatitarit,</strong></span> <span class='ocrx_word' id='word_1_746' title='bbox 1170 5293 1225 5337; x_wconf 92' lang='lat' dir='ltr'><strong>ut</strong></span> <span class='ocrx_word' id='word_1_747' title='bbox 1260 5282 1563 5337; x_wconf 86' lang='lat' dir='ltr'><strong>orationem</strong></span> <span class='ocrx_word' id='word_1_748' title='bbox 1601 5284 1667 5338; x_wconf 88' lang='lat' dir='ltr'><strong>ad</strong></span> <span class='ocrx_word' id='word_1_749' title='bbox 1716 5284 1876 5338; x_wconf 82' lang='lat' dir='ltr'><strong>ﬁnem</strong></span> <span class='ocrx_word' id='word_1_750' title='bbox 1933 5265 2238 5350; x_wconf 54' lang='lat' dir='ltr'><strong>perducae</strong></span> <span class='ocrx_word' id='word_1_751' title='bbox 2275 5296 2384 5336; x_wconf 87' lang='lat' dir='ltr'><strong>non</strong></span> <span class='ocrx_word' id='word_1_752' title='bbox 2419 5290 2625 5351; x_wconf 82' lang='lat' dir='ltr'><strong>posset,</strong></span> <span class='ocrx_word' id='word_1_753' title='bbox 2701 5279 2798 5335; x_wconf 89' lang='lat' dir='ltr'><strong>sed</strong></span> <span class='ocrx_word' id='word_1_754' title='bbox 2846 5279 2902 5334; x_wconf 90' lang='lat' dir='ltr'><strong>in</strong></span> <span class='ocrx_word' id='word_1_755' title='bbox 2974 5274 3207 5331; x_wconf 83' lang='lat' dir='ltr'><strong>dimidia</strong></span> <span class='ocrx_word' id='word_1_756' title='bbox 3238 5271 3357 5343; x_wconf 81' lang='lat' dir='ltr'><strong>ejus</strong></span> <span class='ocrx_word' id='word_1_757' title='bbox 3394 5272 3533 5337; x_wconf 79' lang='lat' dir='ltr'><strong>parte</strong></span> <span class='ocrx_word' id='word_1_758' title='bbox 3559 5256 3626 5311; x_wconf 82' lang='lat' dir='ltr'><strong>dl-</strong></span> 
     </span>
    </p>
   </div>
   <div class='ocr_carea' id='block_1_106' title="bbox 429 5376 909 5432">
    <p class='ocr_par' dir='ltr' id='par_1_106' title="bbox 429 5376 909 5432">
     <span class='ocr_line' id='line_1_106' title="bbox 429 5376 909 5432; baseline 0.008 -4"><span class='ocrx_word' id='word_1_759' title='bbox 429 5388 561 5432; x_wconf 83' lang='lat' dir='ltr'><strong>cere</strong></span> <span class='ocrx_word' id='word_1_760' title='bbox 592 5376 909 5432; x_wconf 83' lang='lat' dir='ltr'><strong>desisteret.</strong></span> 
     </span>
    </p>
   </div>
   <div class='ocr_carea' id='block_1_107' title="bbox 1213 5479 1255 5494">
    <p class='ocr_par' dir='ltr' id='par_1_107' title="bbox 1213 5479 1255 5494">
     <span class='ocr_line' id='line_1_107' title="bbox 1213 5479 1255 5494; baseline 0 -3"><span class='ocrx_word' id='word_1_761' title='bbox 1213 5479 1255 5494; x_wconf 57' lang='lat'><strong>‘</strong></span> 
     </span>
    </p>
   </div>
  </div>
