3898 6192
188 316 192 319 _
222 228 328 293 993

1131 223 1728 285 ECCLESIASTlC/E
1769 224 2153 285 HISTORHZ
2194 227 2343 286 ΜΒ.
2385 226 2599 286 XIII.—

3374 234 3483 302 996

220 334 503 407 λυπηρῶν,
536 334 613 397 εἱς
652 333 855 403 ἑαυτὴν
899 327 1055 399 αὖθις
1087 333 1158 388 τὰ
1188 333 1455 403 εἰρημένα
1481 331 1753 399 ἐλάμϐανε
1779 348 1792 363 ⁸

1899 330 2044 385 dicta
2081 347 2145 386 ea
2197 348 2417 388 rursum
2467 336 2522 387 in
2577 348 2637 388 se
2675 335 2907 390 contulit
2951 355 2964 392 :
3011 348 3066 392 et
3112 338 3192 393 ira
3247 342 3479 412 percita,

222 428 395 499 θυμοῦ
412 443 474 480 τε
498 426 833 495 ἐπίμπλατο,
863 426 958 478 καὶ
980 426 1197 479 σύνοδον
1220 424 1375 488 αὖθις
1395 425 1588 495 ἑτέραν
1604 423 1800 493 ’ἁθρέἱ-

218 519 409 585 ζεσθιι
441 517 722 570 ἔσπευδεν.
772 516 833 568 Ὀ
859 516 903 569 δ’
961 516 1309 585 αἰσθόμενος,
1363 514 1519 567 τόσον
1545 515 1642 566 οὐκ
1674 517 1799 567 ἁνε-

139 662 145 667 .
217 613 396 674 δύετο,
432 609 548 663 ἀλλ’
578 608 659 662 ἐτι
694 611 1033 678 σαφέστερον
1066 608 1162 661 καὶ
1190 607 1355 676 ἕτερα
1384 606 1473 660 ἐπ’
1504 606 1799 676 ἐκκλησίας

217 706 416 771 λέγων,
444 704 524 765 εἱς
556 704 726 772 ὀργὴν
748 700 968 770 ἐκείνην
996 700 1250 753 ἀνέκαιεν
1276 716 1291 732 ο
1339 699 1577 770 ὁπηνίκα
1613 700 1676 771 δὴ
1706 700 1801 753 καὶ

216 797 318 863 τὴν
354 793 681 864 περιϐόητον
711 793 804 846 καὶ
837 792 1086 860 ἀοίδιμον
1115 790 1334 861 ἐκείνην
1382 789 1470 844 ἐπ’
1502 792 1799 859 ἐκκλησίας

215 886 437 956 ὁμιλίαν
480 884 729 949 ἐξεῖπεν,
783 876 888 936 ὧδὲ
958 899 1035 953 πη
1084 881 1181 935 τοῦ
1235 882 1395 950 λόγου
1450 884 1793 953 ἀρξάμενος’

220 997 240 1030 ι
283 977 455 1032 Πάλιν
512 975 779 1045 Ἡρωδιὰς
834 974 1130 1042 μαίνεται,
1209 975 1374 1027 πάλιν
1434 976 1792 1044 ταράσσεται,

215 1068 383 1123 πάλιν
408 1067 676 1136 ὀρχεῖται,
709 1064 872 1120 πάλιν
896 1067 995 1135 τὴν
1025 1067 1275 1120 Ἰωάννου
1305 1066 1553 1135 κεφαλὴν
1588 1067 1680 1119 ἐπὶ
1708 1068 1798 1120 πί-

213 1178 384 1223 νακος
424 1159 719 1223 σπουδάζει
772 1158 982 1215 λαϐεῖν.
1024 1177 1043 1210 ι
1082 1160 1195 1212 Καὶ
1224 1158 1283 1212 τὸ
1308 1160 1364 1212 ἐν
1392 1176 1499 1212 τινι
1540 1158 1648 1212 τῶν
1668 1161 1795 1229 ὁμι-

210 1253 350 1307 λιῶν
379 1253 558 1304 ἐκεῖνο
588 1250 939 1320 ἀείμνηστον,
981 1270 998 1303 ι
1027 1250 1125 1303 οὐκ
1159 1249 1247 1302 ἀεὶ
1269 1250 1370 1321 την
1396 1249 1642 1315 εὐδοξίαν
1672 1250 1795 1319 ἐμί-

214 1360 384 1415 σησα,
414 1342 514 1415 τὴν
533 1342 591 1395 δέ
619 1342 836 1408 ἀδοξίαν
866 1343 1176 1413 ἠγάπησα;
1211 1360 1230 1394 ι
1279 1342 1375 1395 καὶ
1406 1341 1505 1409 τὴν
1533 1341 1677 1395 κατὰ
1696 1341 1796 1395 Ἰε-

213 1437 385 1503 ζαϐἐλ
411 1437 655 1498 καὶτοὺς
688 1437 853 1507 ἱερεῖς
882 1437 984 1506 τῆς
1027 1435 1286 1507 αἰσχύνης
1318 1436 1563 1506 ἱστορίαν
1607 1437 1796 1489 ἐπισυ-

211 1527 437 1597 νείρων.
473 1527 541 1579 ’0
571 1526 706 1596 δῆτα
740 1528 820 1587 εἱς
842 1520 955 1579 ὦτα
986 1525 1171 1598 ἐκείνῃ
1193 1526 1367 1593 ἐλθὸν,
1407 1526 1486 1589 είς
1523 1526 1669 1596 μέγα
1701 1525 1793 1579 τὸν

212 1618 391 1688 θυμὸν
442 1620 675 1687 ἀνῆπτε.
722 1618 833 1671 Καὶ
883 1617 1002 1688 μετ’
1027 1619 1206 1683 ὀλίγον
1240 1617 1391 1671 ἄλλοι
1442 1634 1501 1670 τε
1533 1619 1794 1688 παρῆσαν

213 1709 533 1773 ἐπίσκοποι,
572 1705 669 1761 καὶ
700 1706 951 1771 Λεόντιος
1000 1707 1028 1759 ὀ
1067 1705 1422 1776 ’Δγκυρανῶν
1450 1710 1552 1777 τῆς
1587 1710 1793 1778 μικρᾶς

210 1804 504 1868 Γαλατίας,
550 1801 917 1872 Ἀμμώνιοςὸ
947 1803 1270 1866 Λαοδικείας
1315 1803 1414 1874 τῆς
1459 1805 1518 1857 ἐν
1548 1802 1791 1874 Πισιδὶᾳ,

213 1893 471 1965 Βρίσσων
522 1893 806 1948 Φιλίππων
863 1893 973 1946 τῶν
1007 1893 1067 1947 ἐν
1093 1892 1309 1964 Θρᾴκῃ.
1348 1893 1601 1955 Ἀκάκιος
1626 1881 1662 1946 ’ὀ
1689 1896 1789 1964 τῆς

212 1988 278 2042 ἐν
304 1987 473 2058 Συρίᾳ
499 1985 782 2057 Βερροίας,
807 1985 901 2038 καί
923 2001 1066 2048 τινες
1087 1985 1288 2055 ἕτεροι,
1320 1985 1404 2055 ἐφ’
1430 1977 1505 2042 ὧν
1529 1986 1578 2039 οἱ
1599 1985 1791 2057 πρώην

209 2079 368 2148 λόγοι
425 2074 586 2141 αὖθις
632 2076 1000 2131 ἀνεκινοῦντο.
1064 2075 1319 2146 Ἰωάννης
1373 2076 1420 2130 δ’
1453 2077 1545 2130 ἐπὶ
1583 2077 1794 2140 τούτοις

213 2172 464 2244 θαρρῶν,
519 2170 672 2241 ἠξίου
697 2171 763 2223 τὰ
795 2169 1236 2239 κατηγορήματα
1280 2167 1381 2240 ,ἐπὶ
1412 2165 1577 2235 μέσον
1608 2167 1794 2238 ζητεῖ-

213 2261 366 2317 σθαι.
403 2260 544 2329 Ἤδη
587 2256 632 2312 δ’
664 2257 931 2327 ἐνστάσης
981 2256 1080 2325 τῆς
1109 2253 1388 2321 γενεθλίου
1433 2253 1527 2306 τοῦ
1552 2254 1791 2320 Χριστοῦ

213 2351 439 2422 ἑορτῆς,
475 2354 503 2404 ὁ
528 2349 747 2420 κρατῶν
773 2346 966 2417 ὥσπερ
994 2346 1178 2399 εἰώθει
1206 2346 1306 2398 οὐκ
1359 2345 1575 2416 ἀπήντα
1601 2347 1664 2414 τῇ
1701 2346 1792 2397 ἐκ·

209 2445 439 2515 κλησὶᾳ.
471 2443 739 2513 Διεμήνυε
771 2440 826 2492 δὲ
854 2439 1101 2510 Ἰωάννῃ.
1138 2438 1212 2508 μὴ
1249 2438 1513 2506 πρότερον
1542 2437 1688 2507 αὑτῷ
1712 2437 1792 2500 εἱς

213 2537 351 2608 ὄψιν
383 2534 578 2597 ἐλθεῖν,
605 2531 775 2603 πρινὴ
797 2531 1137 2600 ἀποδῦσηται
1173 2531 1240 2582 τὰ
1272 2529 1615 2599 ἐγκλήμαται
1636 2528 1791 2581 Ἐπεὶ

207 2630 271 2683 δὲ
295 2627 580 2698 πρόθυμος
603 2627 681 2687 εἱς
711 2624 1006 2693 ἀπολογίαν
1035 2623 1202 2677 παντὶ
1223 2623 1302 2692 τῷ
1330 2622 1640 2693 βουλομένῳ
1668 2625 1792 2674 ἀντ-

210 2719 515 2787 εδήλωσεν,
555 2717 603 2769 οἱ
651 2717 948 2785 κατήγοροι
974 2713 1086 2767 δέει
1142 2713 1460 2783 ληφθέντες,
1510 2712 1791 2765 ἐπιθέσθαι

210 2815 334 2874 τοῖς
367 2810 708 2879 ἐγκλήμασιν
738 2808 840 2860 οὐκ
887 2805 1175 2878 ἐθάρρουν.
1224 2806 1349 2868 Τοῖς
1403 2806 1448 2858 δ’
1472 2806 1793 2867 ἐπισκόποις

212 2902 421 2964 ἐδόκει,
454 2899 531 2968 μὴ
559 2894 715 2960 αὖθις
754 2899 834 2960 εἱς
873 2899 1057 2966 κρίσιν
1085 2895 1243 2963 ἄγειν
1279 2895 1369 2947 τὸν
1401 2894 1547 2957 ὅπως
1572 2894 1633 2962 δή
1660 2910 1790 2946 ποτε

1905 422 2177 492 synodum
2208 424 2369 477 aliam
2397 424 2515 493 cogi
2546 425 2951 494 quamprimum
2976 429 3208 483 curavit.
3242 430 3483 490 Joannes

1907 527 2076 581 porro
2116 514 2210 567 ubi
2267 514 2319 568 id
2371 524 2560 578 sentit,
2615 524 2825 570 tantum
2868 517 3024 572 abest
3063 535 3122 572 ut
3168 523 3334 575 verba
3383 540 3481 578 sua

1906 606 2243 666 retractarit,
2279 614 2337 659 ιιι
2371 609 2619 675 apertius
2648 607 2814 660 etiam
2853 608 2905 661 in
2950 612 3183 664 ecclesia
3225 613 3329 665 alia
3361 630 3485 681 pro-

1901 694 2145 761 locutus,
2197 697 2264 751 ad
2308 697 2443 751 iram
2480 698 2625 752 illam
2684 684 3034 763 accenderit,
3070 717 3194 756 cum
3230 704 3484 757 decanta-

1906 793 2013 838 tam
2068 786 2215 840 illam
2269 797 2324 842 et
2364 789 2634 844 celebrem
2686 791 2990 846 orationem
3051 794 3104 846 in
3158 796 3359 863 templo
3414 799 3480 849 ad

1906 877 2171 946 populum
2225 878 2439 942 habuit,
2487 880 2757 950 ejusmodi
2800 896 2920 934 eam
2967 883 3150 938 verbis
3205 900 3479 940 exorsus:

1906 988 1924 1019 ι
1965 965 2203 1021 Rursum
2242 967 2506 1023 Herodias
2536 969 2688 1036 furit,
2723 987 2944 1025 rursum
2977 974 3167 1027 turbas
3197 988 3324 1034 etet.
3357 993 3481 1029 rur-

1899 1078 2021 1117 sum
2058 1064 2242 1127 saltat,
2293 1080 2513 1119 rursum
2562 1066 2791 1122 Joannis
2839 1080 3004 1139 caput
3055 1070 3107 1123 in
3156 1072 3308 1127 disco
3335 1074 3484 1127 BXt‘i-

1898 1171 2030 1226 pere
2072 1157 2318 1211 festinat.
2367 1176 2387 1208 ι
2436 1159 2611 1229 Atque
2671 1160 2805 1214 illud
2859 1161 3192 1230 iusuper‘in
3242 1164 3479 1217 llonzilia

1898 1247 2134 1317 quadam
2196 1251 2533 1319 sempiterna
2596 1251 2861 1307 memoria
2914 1253 3141 1324 dignum
3192 1261 3480 1325 usurpavit

1896 1339 2128 1425 verbum
2176 1359 2189 1396 :
2232 1362 2250 1394 ι
2296 1343 2377 1397 An
2442 1360 2559 1398 non
2611 1360 2832 1416 semper
2884 1347 3170 1413 εὖδοξέαν,
3250 1349 3353 1402 hoc
3399 1364 3474 1403 ast

1895 1447 2079 1488 veram
2113 1435 2371 1504 gloriam,
2402 1438 2491 1493 odi
2526 1458 2540 1492 :
2569 1438 2786 1503 ἀδοξὲαν
2819 1451 3026 1503 autem,
3071 1441 3175 1495 hoc
3224 1453 3307 1494 est
3339 1444 3477 1496 infa-

1897 1524 2083 1592 miam,
2116 1527 2331 1583 dilexi?
2362 1548 2381 1581 ι
2439 1532 2506 1584 de
2545 1530 2793 1586 Jesahele
2821 1543 2878 1586 et
2914 1535 3314 1597 sacerdotibus,
3363 1547 3474 1588 tur-

1896 1617 2165 1688 pitudinis
2214 1619 2501 1676 historiam
2551 1621 2780 1690 insuper
2824 1624 3124 1679 adducens.
3173 1625 3329 1692 Quod
3364 1628 3471 1680 'ubi

1895 1710 1962 1764 ad
2013 1725 2174 1766 aures
2225 1711 2485 1766 Eudoxiae
2528 1713 2801 1781 pervenit,
2848 1729 3179 1783 magnopere
3225 1732 3470 1770 annuum

1894 1802 2016 1869 ejus
2048 1802 2129 1857 ira
2150 1802 2426 1856 accendit.
2467 1805 2638 1859 Breve
2666 1805 2971 1862 intercessit
3007 1817 3242 1877 tempus.
3265 1818 3320 1862 et
3345 1823 3470 1862 eum

1895 1891 1987 1946 alii
2036 1889 2286 1962 plerique
2334 1892 2600 1962 episc0pi,
2644 1904 2757 1949 tum
2802 1894 3069 1950 Leontius
3113 1898 3337 1968 Ancyrae
3368 1899 3475 1951 mi-

1895 1982 2051 2037 noris
2095 1983 2361 2044 Galatiae.
2417 1985 2740 2037 Ammonius
2800 1984 3084 2040 Laodiceae
3142 1986 3196 2040 in
3245 1988 3470 2049 Pisidia.

1895 2073 2113 2129 Brissou
2148 2073 2520 2143 Philipporum
2554 2073 2825 2137 Thraciae,
2858 2075 3088 2130 Aeacius
3119 2075 3389 2131 Berrhtna:
3415 2078 3468 2130 in

1895 2163 2070 2235 Syria,
2094 2173 2149 2218 et
2176 2166 2422 2220 nonnulli
2452 2166 2542 2220 alii
2576 2168 2847 2222 antistites
2873 2167 3101 2222 adfuere
3125 2187 3139 2222 :
3163 2169 3307 2238 apud
3332 2185 3473 2238 quos

1895 2270 2057 2309 causa
2089 2256 2241 2325 prior
2271 2266 2531 2311 renovata
2563 2268 2667 2313 est.
2687 2259 2922 2313 Joannes
2963 2268 3174 2325 autem,
3212 2275 3469 2329 magnum

1895 2346 2150 2401 obtinens
2210 2348 2489 2411 animum,
2547 2351 2739 2417 petiit,
2796 2360 2853 2402 ut
2904 2350 2974 2405 de
3030 2352 3356 2407 criminibus
3411 2354 3465 2407 in

1896 2438 2137 2491 medium
2200 2440 2483 2507 productis
2538 2451 2908 2510 quaereretur.
2972 2442 3039 2496 Et
3085 2444 3196 2513 jam
3261 2448 3471 2500 natalis

1893 2529 2098 2584 Christi
2150 2529 2323 2584 festus
2376 2530 2494 2585 dies
2546 2532 2805 2595 instabat,
2854 2544 3022 2602 atque
3077 2535 3373 2604 imperator
3403 2539 3470 2591 de

1896 2636 2049 2672 more
2101 2636 2198 2674 suo
2247 2621 2481 2689 pristino
2538 2624 2589 2676 in
2636 2626 2925 2678 ecclesiam
2985 2642 3095 2680 non
3146 2627 3295 2681 venit
3349 2644 3362 2678 :
3413 2639 3472 2683 ct

1893 2709 2091 2766 Joanni
2129 2714 2496 2775 denuntiavit,
2533 2729 2641 2769 non
2683 2717 2837 2785 prius
2874 2732 2933 2771 se
2979 2718 3033 2772 in
3078 2720 3198 2789 ejus
3243 2735 3476 2787 conspe-

1895 2816 2043 2859 ctum
2072 2816 2365 2860 venturum
2397 2822 2538 2868 esse.
2572 2825 2734 2879 quam
2772 2811 2860 2863 ille
2897 2826 2955 2863 se
2993 2811 3059 2865 de
3090 2813 3319 2882 objectis
3358 2815 3469 2867 cri-

1896 2897 2138 2952 minibus
2164 2908 2470 2968 purgasset.
2509 2900 2681 2954 Porro
2712 2901 2811 2955 ubi
2851 2901 3094 2957 Joannes
3125 2920 3182 2956 se
3215 2904 3473 2959 alacriter

207 2994 313 3048 τὸν
342 2992 528 3064 θρόνον
554 2989 943 3058 ἀφαιρεθέντα.
968 2990 1076 3042 Καὶ
1108 2987 1179 3039 τὰ
1204 2986 1302 3057 μὲν
1326 2987 1460 3041 ἄλλα
1486 2988 1565 3048 είς
1600 2985 1793 3050 ἐξέταο

1895 2990 1961 3045 ad
1989 2989 2278 3044 dicendam
2329 3006 2571 3057 causam,
2607 2998 2930 3063 quicunque
2981 3010 3106 3047 eum
3159 3007 3466 3062 accusaret,

212 3103 309 3140 σιν
342 3081 718 3155 παρῃτοῦντοο
777 3079 915 3151 πρὸς
968 3079 1026 3133 δέ
1090 3077 1252 3130 τοῦτο
1298 3078 1461 3149 μόνον
1497 3077 1795 3146 ἀπολογίαν

210 3176 389 3248 ᾔτουν
416 3177 508 3227 τ’,ν
557 3171 837 3241 Ἰωάννην,
872 3171 990 3234 πῶς
1032 3169 1172 3240 μετὰ
1233 3169 1556 3240 καθαίρεσιν
1588 3169 1663 3239 μὴ
1696 3171 1795 3239 τῆς

214 3268 444 3324 συνόδου
469 3265 625 3328 αὖθις
654 3264 1070 3335 ψηφισαμένης,
1098 3262 1259 3325 αὐτὸς
1292 3262 1471 3331 ἐαυτῷ
1505 3262 1606 3331 τὴν
1639 3262 1796 3331 ἱερω-

212 3361 390 3431 σύνην
421 3357 617 3423 ἐδίδου,
658 3356 754 3410 καὶ
779 3353 1116 3425 εἰσπηδήσας
1142 3352 1312 3424 ἀνέϐη
1337 3352 1429 3407 τὸν
1453 3352 1664 3423 θρόνον.
1684 3353 1792 3407 Τοῦ

207 3454 274 3509 δὲ
306 3448 746 3521 προϐαλλομένου
791 3446 903 3500 τῶν
948 3444 1401 3515 κοινωνησάντων
1446 3444 1639 3512 ἐκείνῳ
1666 3444 1794 3513 ἐξή-

207 3561 383 3600 κοντα
426 3541 745 3596 ἐπισκόπων
797 3538 898 3610 τὴν
956 3537 1173 3607 ψῆφον,
1221 3536 1271 3589 οἱ
1335 3538 1465 3606 περὶ
1517 3536 1791 3601 Λεόντιον,

215 3657 237 3691 ι
292 3636 455 3689 Ἀλλὰ
478 3634 718 3698 πλείους,
757 3631 946 3701 φασιν.
976 3625 1141 3701 ἦσαν,
1177 3624 1222 3683 ὧ
1261 3629 1513 3696 Ἰωάννη,
1567 3627 1661 3680 σοῦ
1690 3645 1795 3681 κα-

208 3725 686 3797 ταψηφισάμενοι,
724 3724 818 3775 καῖ⁵
866 3718 1043 3774 ταῦτα
1084 3718 1181 3772 καὶ
1232 3715 1513 3787 ἱερατικοῦ
1565 3717 1793 3781 κανόνος

211 3815 682 3888 ἀπαγορεύοντος.
729 3834 748 3867 ι
790 3813 1056 3876 Ἐκεῖνος,
1093 3828 1112 3862 ι
1169 3808 1312 3865 Ἀλλ’
1343 3809 1404 3862 οὐ
1430 3808 1529 3878 τῆς
1552 3806 1789 3878 Ἐκκλη-

213 3914 343 3976 ala;
374 3906 529 3973 οὗτος
563 3908 768 3975 κανὼν,
825 3907 935 3962 τῶν
966 3905 1012 3959 δ’
1062 3903 1387 3975 ’Λρειανῶν,
1422 3901 1472 3956 οἳ
1500 3903 1559 3954 ἐν
1587 3900 1791 3954 Ἀντιοο

212 4007 347 4080 χεὶᾳ
388 4002 824 4074 στρατεύσαντες
870 3998 1011 4053 κατὰ
1050 3997 1150 4064 τῆς
1197 3990 1490 4062 omnem
1531 3994 1789 4058 πίστεως,

212 4095 736 4166 συκοφαντήσαντες
807 4090 1171 4152 ’Δθανάσιον,
1223 4087 1324 4156 τὴν
1391 4084 1790 4156 Ἀλεξανδρέων

225 4187 561 4257 Ἐκκλησίαν
604 4184 898 4251 ἀφείλοντο,
930 4180 1027 4234 καὶ
1071 4180 1170 4249 τὴν
1200 4177 1310 4233 τῶν
1333 4178 1677 4247 πραγμάτων
1702 4176 1790 4228 65-

210 4282 388 4342 διότες
421 4277 745 4350 μεταϐολὴν,
773 4274 866 4327 τὸν
892 4273 1096 4327 κανόνα
1119 4271 1307 4327 τοῦτον
1326 4270 1591 4335 ἐξέθεντο,
1623 4284 1788 4322 σπου·

208 4375 314 4446 δὴν
350 4339 650 4440 τιθέμενοι,
681 4339 776 4420 ’τὰ
824 4366 911 4419 ἐπ’
939 4366 1137 4434 ἐκείνῳ
1188 4363 1395 4425 τούτοις
1433 4362 1786 4433 θηρευθέντα,
1817 4339 1868 4399 ι)

211 4471 306 4524 ἴνα
334 4467 412 4540 μὴ
442 4463 747 4537 φωραθεῖεν
776 4463 927 4523 ὄντες
962 4458 1148 4526 κακοὶ,
1205 4457 1539 4523 ἀνεξέταστα
1594 4454 1789 4520 διαμέ-

211 4577 348 4613 νειν.
388 4576 407 4610 ι
442 4555 586 4626 ιιρδς
622 4551 798 4606 ταῦτα
837 4550 1044 4602 ἐκεῖνοι
1082 4546 1251 4618 μηδὲν
1286 4543 1784 4611 άπολογησάμενοι,

210 4650 316 4720 τὴν
342 4646 443 4717 τῆς
477 4642 849 4713 καθαιρέσεως
881 4639 1065 4710 ψῆφον
1108 4636 1433 4707 ἐξήνεγκαν.
1464 4633 1703 4695 Ἐκεῖνος
1730 4631 1787 4685 ει

205 4743 286 4796 τὰ
307 4739 537 4804 δόξαντα
559 4736 787 4795 ἐκείνοις
812 4749 877 4803 με
887 4731 1175 4799 μαθηκὼς,
1197 4727 1384 4781 οὐκέτι
1402 4725 1785 4795 ἐκκλησίαζεν,

208 4833 331 4888 ἀλλ’
366 4834 422 4884 ἐν
452 4829 529 4901 τῷ
554 4825 895 4894 ἐπισκοπείῳ
939 4823 1142 4892 ⁴ἱλρέμει
1174 4817 1461 4872 διατελῶν.
1492 4815 1788 4887 Ληγούσης

206 4924 273 4978 δὲ
308 4921 405 4989 τῆς
428 4914 909 4987 Τεσσαρακοστῆς,
946 4909 1069 4977 κατ’
1102 4908 1271 4976 αὐτὴν
1295 4905 1395 4976 την
1424 4904 1515 4959 τοῦ
1546 4904 1788 4974 μεγάλου

208 5015 500 5070 Σιϐϐάτου
532 5010 747 5079 ἡμέραν
774 5003 994 5072 πέμψας
1025 5001 1227 5069 ἐμήνυε
1260 4996 1514 5067 βασιλεὺς
1541 4995 1787 5065 Ἰωάννῃ,

208 5106 464 5160 κατιέναι
510 5100 604 5154 τοῦ
638 5096 826 5167 θρόνου
854 5092 958 5145 ὑπὸ
995 5089 1234 5154 συνόδων
1262 5088 1365 5159 ηδη
1415 5086 1792 5156 καθῃρημένῳ

204 5199 383 5253 δυεῖν,
452 5194 511 5246 ⁸0
557 5192 614 5245 δὲ
666 5190 866 5260 μέγας,
935 5201 953 5235 ι
991 5181 1136 5250 Ἐγὼ
1186 5179 1343 5249 παρὰ
1394 5177 1490 5231 τοῦ
1539 5178 1789 5247 Σωτῆρος

208 5287 523 5355 ἱερατεύειν
567 5281 808 5352 κληθεὶς,
829 5278 889 5330 οὐ
940 5274 1192 5345 μεθήσω,
1229 5271 1406 5338 λέγει,
1443 5268 1535 5320 τὸν
1577 5268 1790 5338 θρόνον.

207 5383 279 5438 El
310 5382 366 5434 δέ
393 5396 474 5432 σοι
504 5376 661 5429 τοῦτο
688 5371 835 5425 κατὰ
855 5370 1108 5438 γνώμην,
1140 5359 1189 5418 ὧ
1217 5362 1467 5434 βασιλεῦ,
1498 5361 1634 5431 πρδς
1669 5360 1792 5428 βίαν

211 5493 286 5548 με
313 5472 536 5538 ἒξωσον.
569 5486 589 5520 ι
631 5465 861 5518 Ἐκεῖνοι
887 5460 943 5513 δέ
969 5457 1277 5548 δεδοικότες
1305 5454 1381 5524 μή
1414 5449 1656 5548 τιᾼαῦθις
1685 5451 1795 5548 δει-

192 5544 306 5621 ’νὸν
335 5563 660 5632 ἐπιγένοιτο,
691 5558 828 5619 τέως
868 5553 944 5623 τῷ
973 5547 1311 5618 καταγωγίῳ
1335 5547 1430 5600 καὶ
1469 5544 1550 5598 ἔτι
1582 5544 1791 5615 διατρί-

215 5660 337 5712 ϐειν
364 5658 577 5710 εἴασαν.
638 5648 884 5704 Ἐκεὶνου
916 5644 972 5697 δέ
1003 5641 1073 5711 τῇ
1107 5640 1380 5706 ἐπισκοπῇ
1425 5634 1787 5706 ἠρεμοῦντος,

1898 3084 2170 3146 exhibuit,
2200 3083 2509 3138 adversarii
2556 3085 2673 3155 ejus
2720 3086 2917 3140 timore
2965 3087 3136 3156 capti,
3182 3089 3468 3142 criminari

1896 3192 2020 3230 eum
2057 3176 2174 3230 ausi
2213 3192 2319 3230 non
2370 3187 2519 3231 sunt.
2577 3176 2643 3232 Et
2673 3180 2953 3249 episcopis
3000 3181 3177 3235 visum
3223 3198 3330 3235 non
3359 3192 3472 3246 est,

1896 3268 2079 3323 denuo
2104 3283 2233 3323 eum
2275 3268 2327 3321 in
2364 3268 2634 3339 judicium
2680 3271 2920 3335 trahere,
2968 3272 3055 3326 cui
3098 3273 3469 3343 qualicunque

1895 3364 1963 3418 de
1994 3378 2155 3417 causa
2182 3365 2415 3417 thronus
2448 3378 2604 3417 antea
2635 3373 2780 3418 esset
2805 3350 3115 3435 ademptus.
3157 3365 3221 3419 Et
3247 3382 3368 3420 eum
3400 3368 3473 3419 de

1893 3457 2058 3511 rebus
2095 3456 2217 3509 aliis
2248 3455 2531 3524 inquirere
2559 3459 3023 3524 supersederunt,
3063 3468 3177 3509 tum
3212 3466 3269 3509 ut
3301 3458 3368 3510 de
3398 3473 3471 3510 eo

1894 3548 2012 3602 solo
2051 3562 2271 3601 causam
2316 3547 2554 3602 Joannes
2592 3546 2823 3609 diceret,
2878 3549 3263 3616 postularunt:
3301 3547 3469 3616 39o

1895 3654 1992 3693 cur
2031 3647 2156 3709 post
2206 3637 2614 3707 abrogationem
2664 3635 2825 3705 ejus.
2898 3636 3090 3708 synodi
3142 3636 3365 3691 decreto
3409 3646 3464 3691 ct

1894 3729 2219 3783 auctoritate
2253 3743 2359 3781 non
2389 3725 2785 3790 intercedente,
2825 3725 2941 3795 ipse
2962 3726 3063 3781 sibi
3088 3728 3463 3798 episcopatum

1893 3816 2257 3880 contulisset,
2311 3817 2680 3884 throuumque
2733 3815 2985 3870 lnvolans
3026 3818 3463 3873 conscendisset.

1892 3910 2073 3978 Atque
2116 3906 2205 3962 ubi
2251 3906 2492 3964 Joannes
2547 3904 2803 3977 suﬁ'ragia
2860 3907 3161 3976 sexaginta,
3209 3909 3462 3977 quicum

1891 4012 1959 4051 eo
2034 3997 2618 4061 eommunicaverant,
2680 3997 3065 4068 episcOporum
3150 3998 3468 4066 praetendit,

1893 4089 2159 4144 Leontius
2204 4097 2259 4142 et
2310 4090 2400 4158 qui
2444 4104 2569 4143 cum
2626 4103 2692 4144 eo
2738 4098 2899 4143 erant
2946 4103 2963 4142 :
3024 4107 3043 4140 ι
3100 4086 3208 4143 Sed
3255 4091 3466 4157 plures,

1892 4180 2101 4241 dixere,
2144 4189 2323 4246 erant,
2365 4193 2397 4233 ο
2442 4179 2701 4244 Joannes,
2747 4178 2927 4248 quite
2968 4178 3408 4233 condemnarunt
3442 4194 3460 4230 :

1892 4282 1948 4324 et
2000 4269 2233 4335 accedit,
2289 4268 2382 4338 qui
2444 4271 2545 4324 hoc
2603 4268 2723 4324 ﬁeri
2773 4268 3065 4339 prohibet,
3109 4270 3467 4325 sacerdotalis

1894 4375 2091 4416 canon.
2134 4378 2152 4411 ι
2184 4359 2322 4414 Tum
2354 4361 2442 4415 ille
2475 4378 2488 4414 :
2529 4380 2546 4414 ι
2581 4360 2746 4430 Atqui
2793 4361 2839 4415 is
2889 4376 3001 4415 non
3047 4362 3329 4424 Ecclesiae,
3366 4365 3463 4417 sed

1892 4454 2216 4508 Arianorum
2248 4464 2331 4507 cst
2363 4468 2562 4517 canon,
2589 4456 2680 4524 qui
2715 4468 2838 4508 cum
2865 4455 3172 4509 Antiochia!
3198 4457 3466 4511 adversus

1892 4545 2204 4613 ίμοουσίου,
2240 4544 2747 4613 consubstantialis,
2782 4545 2906 4599 ﬁdei
2931 4544 3322 4614 professionem
3368 4546 3469 4600 de-

1892 4645 2189 4698 certarent,
2219 4644 2275 4690 et
2312 4635 2612 4690 Athanasio
2647 4652 2744 4706 per
2782 4637 3196 4708 sycophantiam
3226 4638 3464 4692 circum-

1891 4737 2057 4783 vento
2113 4725 2416 4781 Ecclesiam
2445 4726 2872 4781 Alexandrinam
2913 4728 3241 4786 adimerent.
3277 4741 3467 4781 rerum

1889 4817 2250 4872 mutationem
2282 4816 2470 4880 veriti,
2496 4831 2762 4870 canonem
2795 4818 2957 4871 istum
2985 4817 3281 4872 ediderunt
3309 4834 3323 4870 :
3361 4819 3466 4871 hoc

1891 4909 2164 4979 prmcipue
2208 4921 2405 4977 magno
2449 4907 2635 4961 studio
2681 4916 2926 4978 agentes,
2987 4918 3047 4964 ut
3085 4924 3151 4964 ea
3202 4924 3323 4978 quae
3359 4908 3467 4977 ipsi

1892 5010 2086 5053 contra
2110 4997 2265 5055 illum
2300 4997 2567 5052 insidiose
2605 4998 2901 5052 machinati
2932 4999 3167 5062 fuerant,
3211 5017 3278 5054 ne
3317 4998 3467 5053 scili-

1893 5099 1980 5144 cet
2006 5090 2213 5144 malitia
2251 5105 2443 5144 eorum
2480 5100 2535 5145 et
2576 5092 2897 5160 improbitas
2927 5092 3463 5162 deprehenderetur,

1893 5178 1948 5229 in
1997 5176 2441 5246 disquisitionem
2494 5195 2602 5233 non
2650 5192 3000 5236 vocarentur.
3044 5201 3062 5234 ι
3097 5182 3297 5237 Contra
3347 5181 3470 5237 haec

1892 5269 2058 5324 verba
2088 5268 2164 5321 illi
2194 5284 2316 5322 cum
2352 5268 2487 5322 nihil
2519 5269 2806 5336 dixissent,
2835 5275 3305 5329 coudemnationis
3337 5291 3468 5329 sen-

1896 5361 2122 5416 tentiam
2156 5361 2208 5414 in
2240 5376 2365 5414 eum
2395 5362 2589 5417 tulere.
2622 5363 2717 5417 Ille
2743 5366 2967 5422 decreto
2992 5382 3186 5421 eorum
3216 5369 3462 5437 cognitu,

1893 5466 2199 5511 conventus
2251 5459 2303 5510 in
2354 5458 2594 5511 ecclesia
2635 5458 2872 5526 amplius
2922 5473 3031 5513 non
3085 5458 3219 5527 egit,
3274 5458 3370 5512 sed
3408 5459 3466 5511 in

1893 5548 2196 5618 episcopali
2237 5548 2400 5602 domo
2429 5549 2627 5602 tacitus
2666 5549 2985 5617 permansit.
3023 5547 3472 5619 Quadragesima:

1897 5655 2026 5694 vero
2056 5640 2250 5696 diebus
2277 5639 2510 5706 exactis,
2538 5639 2658 5710 ipso
2692 5641 2869 5711 magni
2918 5641 3147 5699 Sibbati
3190 5643 3305 5709 die,
3337 5642 3468 5695 mis—
