3898 6192
383 419 634 476 omnium
697 415 996 480 levissime,
1064 419 1119 468 e‘t
1178 411 1248 467 ad

389 508 682 566 strandum
718 503 1062 576 ineptissime
1114 514 1277 572 atque
1341 502 1946 558 inconsideratisstme?

382 602 487 658 Ubi
519 611 605 655 est
641 600 931 669 pristinum
967 596 1098 649 illud
1144 594 1387 649 studium
1428 604 1607 660 tuum,
1665 604 1721 649 ct
1754 596 1945 656 ardor,

383 705 546 760 quem
581 701 692 744 tum
721 686 1030 751 obtinuisti,
1062 702 1184 739 cum
1219 701 1282 739 ex
1310 686 1426 754 ipsa
1455 685 1742 740 Antiochia
1768 685 1945 739 virum

387 794 598 836 tantum
629 779 895 843 evocasti,
948 779 1110 848 eique
1154 778 1453 832 Ecc-lesiam
1493 776 1699 832 Christi
1753 793 1949 846 regen-

387 873 512 927 dam
573 869 915 924 attribuisti?
972 869 1129 938 cujus
1188 885 1296 921 non
1367 868 1544 921 solum
1603 867 1948 928 doctrinam,

386 976 574 1015 verum
623 961 786 1014 etiam
845 959 1104 1012 virtutem
1156 958 1447 1025 plurimam
1499 964 1762 1026 expertus
1819 957 1950 1009 satis

385 1054 480 1108 es?
533 1051 773 1108 Tantum
826 1052 1014 1121 igitur.
1083 1059 1138 1104 et
1200 1058 1309 1102 tam
1360 1050 1544 1102 animo
1579 1059 1675 1102 tuo
1723 1047 1951 1100 charum

363 1143 599 1207 .virum,
661 1153 865 1197 temere
923 1142 1062 1196 adeo
1127 1141 1361 1194 ecclesia
1420 1141 1693 1210 ejectum,
1759 1138 1953 1192 exsilio

387 1243 620 1299 mactas,
681 1234 980 1288 Ecclesiam
1021 1232 1228 1287 Christi
1282 1240 1493 1284 rectore
1529 1237 1684 1283 tanto
1713 1226 1955 1282 orbatis?

386 1341 512 1381 cum
545 1341 676 1396 quo,
698 1327 850 1395 juxta
875 1325 1120 1378 divinum
1154 1323 1380 1378 Paulum
1408 1323 1452 1384 ‘,
1487 1334 1548 1375 ut
1579 1329 1954 1390 comparetur,

389 1417 684 1469 universus
747 1414 987 1468 mundus
1079 1413 1278 1482 dignus
1358 1427 1466 1464 non
1523 1412 1638 1465 est?
1701 1410 1957 1464 Sedenim

393 1518 446 1562 te
505 1521 725 1576 quoque
792 1505 989 1558 mulier
1049 1505 1292 1569 seduxit,
1359 1503 1848 1571 miserandumque
1901 1505 1958 1559 in

395 1599 618 1653 modum
649 1598 838 1652 faciles
863 1614 1024 1652 aures
1053 1608 1172 1652 tuas
1208 1598 1481 1662 titillando
1503 1596 1737 1664 decepit.
1761 1594 1962 1661 Quem-

395 1693 690 1746 admodum
721 1693 872 1745 enim
925 1690 1040 1744 Eva
1068 1705 1162 1759 per
1191 1698 1526 1757 serpentem.
1569 1689 1752 1758 primo
1787 1703 1958 1757 gene-

394 1786 469 1839 ris
526 1785 698 1838 nostri
759 1781 1122 1837 auctorizsic
1184 1791 1240 1836 et
1301 1781 1398 1835 tibi
1455 1797 1552 1850 per
1605 1781 1958 1835 sodalitatem

395 1877 669 1930 bonorum
706 1875 948 1942 istorum
1003 1876 1408 1942 episcoporum,
1467 1873 1556 1926 illa
1607 1874 1744 1925 clam
1797 1887 1962 1926 vene-

395 1983 527 2020 num
578 1939 825 2020 immisit.
873 1965 996 2020 llaec
1044 1965 1137 2018 ubi
1179 1980 1408 2033 magnus
1442 1964 1536 2018 ille
1569 1965 1799 2030 audivit,
1848 1980 1957 2017 non

396 2057 726 2126 degenerem
756 2071 812 2108 se
837 2054 1122 2112 exhibuit.
1167 2053 1261 2107 scd
1296 2053 1471 2106 virum
1519 2053 1792 2120 praecipue
1842 2065 1962 2104 esse

398 2149 662 2204 ostendit.
706 2145 845 2200 Cum
884 2146 1158 2215 episcopis
1193 2145 1340 2201 enim
1381 2145 1473 2214 qui
1506 2159 1630 2198 cum
1661 2160 1728 2198 eo
1765 2151 1960 2208 erant,

399 2243 454 2296 in
539 2242 784 2294 divinum
844 2242 1143 2293 sacrarium
1221 2239 1535 2305 ingressus,
1611 2238 1706 2290 ubi
1770 2237 1964 2304 angelo

400 2334 682 2394 Ecclesiae,
708 2348 830 2400 quae
855 2346 990 2400 opus
1019 2341 1159 2391 erat,
1195 2329 1620 2395 commendavit,
1647 2337 1704 2381 et
1733 2328 1800 2381 ad
1843 2327 1966 2381 illos

399 2443 525 2495 qua:
579 2425 958 2488 conveniebat,
1020 2423 1362 2491 prolocutus,
1422 2431 1479 2476 et
1528 2430 1588 2478 ut
1647 2431 1966 2474 constanter

401 2521 563 2576 ﬁdem
601 2520 906 2574 retinerent
956 2531 1056 2570 eos
1096 2513 1418 2568 cohortatus
1446 2525 1560 2577 est,
1592 2530 1781 2568 secum
1827 2515 1964 2581 ipse,

399 2611 680 2684 quomodo
708 2610 914 2679 absque
947 2606 1183 2664 tuinultu
1211 2605 1344 2658 urbe
1371 2605 1747 2673 egrederetur.
1783 2607 1968 2674 dispe-

401 2705 502 2758 xit.
549 2701 669 2756 Jam
721 2699 871 2754 enim
924 2697 1221 2762 multitudo
1260 2693 1604 2756 conﬂuebat,
1650 2707 1708 2747 ιιι
1743 2711 1808 2769 co
1851 2699 1968 2748 viro

400 2797 694 2852 orbaretur
713 2832 728 2857 ,
752 2790 1182 2860 haudquaquam
1217 2787 1605 2841 commissura.
1647 2786 1968 2839 Jumcntum

402 2889 572 2958 igitur
614 2883 760 2954 quod
812 2893 1224 2937 conscensurus
1255 2887 1400 2940 erat,
1431 2876 1760 2930 occidentali
1814 2888 1970 2944 porta

403 2977 603 3033 abduci
634 2975 821 3045 jussit,
845 2973 966 3042 ipse
995 2980 1176 3025 autem
1201 2967 1454 3023 orientali
1480 2969 1638 3023 exiit.
1671 2969 1972 3038 Episcopos

1598 293 2016 355 NlCEPlIl)RI
2053 293 2400 356 CALLISTI

1349 410 1641 482 imperium
1709 413 1946 468 admini-

2072 413 2286 484 ἱριστοῦ
2335 408 2667 480 Ἐκκλησίαν
2717 405 3007 478 χειρίζωνς
3051 404 3112 460 οὗ
3169 406 3244 475 μὴ
3293 404 3407 458 τῶν
3458 404 3642 472 λόγων

3495 282 3641 348 1000

2051 504 2233 573 μόνον,
2253 503 2386 557 ἀλλὰ
2413 504 2508 555 καὶ
2536 503 2630 568 τῆς
2662 500 2862 569 ἀρετῆς
2891 498 3153 565 πλείστην
3185 498 3344 563 ἔσχες
3372 496 3474 565 τὴν
3513 499 3640 548 πεῖ-

2052 612 2169 664 ραν.
2196 595 2298 648 Τδν
2327 595 2506 647 τοίνυν
2539 593 2795 646 τοσοῦτον
2826 594 2920 644 καὶ
2953 591 3035 643 σοὶ
3066 589 3410 657 καταθύμιον
3441 590 3637 650 ἁπλῶς

2049 683 2220 746 οὕτως
2277 683 2483 747 ἐξώσας
2511 686 2610 752 τῆς
2654 681 2985 749 Ἐκκλησίας
3019 680 3293 749 ὑπερορίᾳ
3329 679 3643 731 καταδικα-

2051 776 2188 841 ζεις,
2221 777 2390 844 ἄνδρα
2417 775 2672 828 τοσοῦτον
2707 777 2805 844 τὴν
2850 773 3090 843 Χριστοῦ
3135 771 3475 838 Ἐκκλησίαν
3519 787 3643 821 στε-

2054 873 2248 939 ρήσας,
2277 865 2337 923 οὗ
2367 869 2507 922 κατὰ
2534 869 2625 920 τὸν
2657 867 2802 919 θεῖον
2832 866 3045 918 Παῦλον
3077 865 3201 917 οὑδέ
3229 867 3256 916 ὁ
3288 867 3391 925 rei;
3427 863 3645 928 κόσμος

2053 963 2344 1026 ἀντάξιος;
2389 961 2526 1013 Ἀλλ’
2585 961 2757 1018 ὅντως
2817 960 2909 1010 καὶ
2943 957 3001 1008 σέ
3055 957 3282 1026 παρεῐλε
3325 959 3493 1021 γυνη.
3548 957 3640 1006 καὶ

2055 1053 2306 1116 ἐλεεινῶς
2337 1055 2434 1114 τὰς
2458 1052 2717 1113 εὐκόλους
2751 1069 2844 1103 σου
2875 1051 3043 1112 ἀκοὰς
3071 1049 3499 1118 παρεκρούσατο
3522 1064 3533 1075 ·
3563 1047 3637 1108 ὡς

2055 1146 2163 1215 γὰρ
2200 1143 2314 1196 Εὕα
2345 1143 2431 1196 διὰ
2457 1143 2552 1194 τοῦ
2581 1143 2760 1210 ὄφεως
2789 1142 2864 1209 τῷ
2914 1141 3210 1210 γεννὰρχῃ,
3248 1141 3393 1192 οὕτω
3430 1139 3527 1189 καὶ
3559 1140 3640 1189 σοὶ

2055 1236 2142 1289 διὰ
2167 1236 2265 1306 τῆς
2298 1235 2608 1306 συμμορίας
2651 1238 2761 1288 τῶν
2793 1235 2979 1286 καλῶν
3013 1233 3325 1302 ἱερέων,τὺν
3365 1232 3444 1284 ίδν
3475 1232 3640 1294 ὑπεξο

2057 1329 2254 1398 ἡμεσε.
2312 1327 2476 1380 Ταῦτ’
2531 1328 2771 1390 ἀκούσας
2837 1327 2864 1379 ὁ
2921 1327 3118 1394 μέγας,
3179 1325 3345 1394 μηδὲν
3411 1325 3640 1392 ἀγεννὲς

2060 1419 2370 1484 ὑποδείξας,
2421 1419 2558 1472 ἀλλά
2593 1420 2684 1472 τὸν
2719 1419 2889 1490 ἄνδρα
2935 1419 3145 1486 κυρίως
3199 1418 3406 1480 δείξας.
3441 1419 3642 1468 εῖσεισι

2063 1513 2162 1564 σὺν
2189 1515 2301 1573 τοῖς
2340 1513 2469 1580 περὶ
2520 1510 2685 1564 αὑτὸν
2731 1512 3055 1570 ἐπισκόποις
3098 1509 3190 1562 τὸν
3244 1509 3393 1560 θεῖον
3429 1509 3601 1574 σηκόν
3626 1524 3641 1538 ·

2063 1603 2139 1672 τῷ
2189 1603 2407 1672 ἀγγέλῳ
2453 1621 2514 1656 τε
2549 1605 2648 1670 τῆς
2691 1604 3020 1672 Ἐκκλησίας
3053 1605 3154 1656 ὅσα
3192 1603 3338 1663 είκδς
3374 1603 3647 1664 animii-

2065 1711 2251 1764 μενος,
2284 1693 2556 1755 κάκείνοις
2587 1693 2667 1746 ὅσ*
2719 1694 2886 1764 ὲχρῆν
2917 1692 3252 1760 προσειπὼν,
3312 1693 3544 1760 ἔχεσθαί
3587 1709 3643 1744 τε

2062 1786 2161 1853 τῆς
2197 1769 2435 1848 πίστεως
2466 1791 2603 1854 ἁμετ
2647 1786 2819 1847 θέτως
2855 1786 3295 1853 ἐγγυησάμενος,
3347 1785 3473 1835 καθ’
3514 1786 3643 1836 tau-

2063 1878 2154 1930 τὸν
2185 1878 2551 1941 διεσκοπεῖτο,
2585 1877 2662 1939 ὡς
2694 1876 2759 1930 ἂν
2781 1876 3029 1946 θορύϐων
3057 1878 3187 1930 ἄνευ
3216 1877 3249 1944 ἡ
3282 1876 3457 1940 ἔξοδος
3481 1875 3649 1940 γένη-

2062 1985 2176 2021 ται.
2209 1967 2348 2034 Ἤδη
2378 1968 2488 2036 γὰρ
2529 1966 2589 2018 τὸ
2623 1967 2830 2034 πλῆθος
2878 1967 3141 2038 είσέρῤει,
3178 1967 3276 2034 οὐχ
3303 1960 3415 2018 οἷόν
3447 1983 3504 2016 τε
3545 1965 3646 2034 τὴν

2068 2060 2327 2128 στέρησιν
2353 2060 2673 2126 ὑπενεγκεῖν
2702 2059 2794 2111 τοῦ
2847 2060 3060 2124 ἀνδρός.
3096 2056 3170 2110 Τὸ
3195 2054 3289 2111 οὖν
3342 2057 3645 2122 ὑποζύγιον

2065 2145 2108 2219 ᾧ
2139 2153 2443 2204 ἐπιϐαίνειν
2492 2151 2682 2218 ἔμελλε
2706 2190 2722 2211 .
2779 2151 2865 2202 διὰ
2899 2151 3006 2202 τῶν
3038 2150 3274 2201 δυτικῶν
3306 2149 3464 2215 ἄγει-ι
3517 2152 3643 2200 ἐκέ-

2065 2243 2244 2296 λευεν.
2284 2242 2453 2304 Αὑτὺς
2486 2243 2543 2294 δὲ
2603 2243 2690 2294 διὰ
2720 2242 2829 2294 τῶν
2867 2241 3018 2310 ἐῴων
3075 2241 3224 2311 ἐξῄει
3265 2242 3489 2292 πυλῶν·
3534 2243 3649 2302 τοῖς

2066 2332 2111 2384 δ’
2147 2334 2466 2393 ἐπισκόποις
2511 2333 2604 2383 καὶ
2635 2336 2744 2390 τοῖς
2794 2330 3108 2383 συνελθοῦσι
3155 2333 3264 2384 τῶν
3294 2333 3496 2400 ίερέων
3531 2333 3650 2382 ἐκέ-

2066 2427 2220 2477 λευεν
2250 2425 2673 2495 ὀλοφυρομένας
2719 2441 2778 2475 τε
2835 2426 2925 2476 καὶ
2960 2426 3238 2477 κωκύουσι
3263 2465 3277 2485 ,
3313 2427 3391 2493 μὴ
3428 2426 3655 2477 συνθλίο

2070 2518 2184 2569 ϐειν
2224 2518 2418 2587 ἐκείνῳ
2447 2518 2507 2569 τὸ
2542 2516 2782 2584 πνεῦμα,
2826 2516 2964 2570 ἀλλὰ
3000 2520 3212 2584 στέγειν
3242 2519 3310 2570 τὰ
3342 2520 3652 2588 ἐπερχόμει

2069 2629 2155 2672 να,
2191 2611 2428 2662 καὶτῶν
2479 2609 2786 2679 ἐκκλησιῶν
2838 2611 2910 2678 μὴ
2967 2609 3336 2676 ἀφίστασθαιο
3387 2612 3480 2663 διὰ
3537 2611 3649 2680 γὰρ

2071 2702 2282 2753 πολλῶν
2323 2701 2560 2771 θλίψεων
2619 2701 2719 2771 τὴν
2774 2701 2882 2754 τῶν
2917 2701 3164 2771 οὐρανῶν
3210 2701 3321 2753 δεῖν
3380 2719 3652 2769 πραγμα-

2070 2793 2330 2847 τεύεσθαι
2372 2791 2673 2862 βασιλείαν.
2735 2791 2930 2845 «’Δλλ’
2979 2795 3215 2858 ἀνάγκη,
3277 2793 3362 2853 τὶς
3419 2776 3655 2843 ἐκείνων

2071 2884 2354 2939 ὑπολαϐὼν
2390 2885 2515 2952 ἔφη,
2552 2885 2671 2946 ταῖς
2703 2885 2902 2954 ἀρχαῖς
2949 2885 3057 2934 τῶν
3089 2885 3401 2952 ἐκκλησιῶν
3455 2886 3654 2950 ἐπιμέδ

2074 2993 2285 3055 νοντας,
2314 2979 2380 3046 τῇ
2413 2975 2554 3028 κατὰ
2584 2975 2679 3027 σοῦ
2736 2976 3013 3028 κοινωνεῖν
3057 2975 3381 3045 Ἐκκλησία,
3428 2979 3526 3026 καὶ
3578 2979 3650 3045 τῇ

406 3084 571 3137 porro
624 3077 680 3121 et
735 3064 1072 3126 sacerdotes,
1126 3063 1218 3131 qui
1251 3063 1318 3114 ad
1371 3076 1495 3116 eum
1549 3062 1968 3126 conveniebant,

2081 3071 2147 3138 σῇ
2179 3069 2493 3138 καθαιρέσει
2528 3067 3002 3138 καθυπογρὰφειν.
3042 3086 3060 3120 ι
3108 3068 3165 3119 '0
3195 3068 3252 3118 δὲ
3292 3072 3465 3136 μέγας
3505 3072 3654 3121 ἐκεῖ-

407 3161 691 3230 plorantes
746 3165 912 3225 atque
979 3155 1231 3223 lugentes
1264 3152 1574 3216 admonuit,
1616 3168 1684 3207 nc
1716 3153 1973 3221 spiritum

409 3253 532 3320 ejus
561 3250 896 3319 afﬂigerent,
930 3247 1028 3301 sed
1078 3260 1166 3300 res
1204 3255 1504 3314 praesentes
1555 3245 1685 3300 boni
1717 3247 1976 3301 consulc-

413 3352 560 3404 rent.
625 3357 728 3395 nec
791 3344 856 3394 ah
919 3339 1176 3393 ecclesiis
1219 3337 1594 3403 discederent,
1654 3339 1976 3407 permultas

413 3435 805 3490 tribulationcs
853 3431 1159 3500 parandum
1243 3444 1362 3483 esse
1421 3443 1643 3498 regnum
1711 3431 1976 3483 caelorum

412 3530 644 3584 docens.
675 3527 854 3594 Atque
891 3525 961 3577 ibi
982 3540 1048 3577 ex
1080 3522 1188 3576 illis
1214 3537 1524 3576 sermonem
1548 3522 1666 3591 ejus
1697 3522 1980 3590 excipiens

411 3620 637 3690 quidam
673 3635 688 3672 :
741 3636 758 3669 ι
798 3625 884 3677 At.
922 3615 1125 3684 inquit,
1158 3614 1202 3667 si
1253 3614 1306 3666 in
1353 3613 1769 3681 magistratibus
1805 3616 1981 3667 eccle-

413 3711 622 3763 siarum
659 3706 1149 3776 pernmuserimr-s,
1189 3704 1497 3757 necessitas
1530 3705 1708 3765 nobis,
1744 3714 1804 3757 ut
1853 3719 1976 3757 cum

413 3799 661 3855 Ecclesia
693 3798 790 3851 tibi
824 3797 1154 3850 adversante
1185 3795 1680 3857 communicemus,
1735 3805 1792 3849 et
1823 3796 1981 3849 abdi-

412 3892 614 3946 cationi
683 3899 791 3943 tua:
871 3889 1322 3947 subscrihanius.
1409 3887 1757 3940 incumbet.»
1839 3887 1978 3940 Tum

413 3995 642 4051 magnus
670 3979 833 4049 394
857 3978 1162 4048 ille,majus
1198 3977 1458 4045 quiddam
1485 3993 1647 4046 quam
1681 3992 1776 4046 pro
1811 3979 1983 4032 homi-

413 4073 499 4127 nis
547 4082 713 4140 captu
747 4072 1024 4141 cogitans,
1070 4077 1127 4122 et
1160 4069 1506 4123 occasionem
1538 4069 1898 4123 schismatum
1927 4080 1982 4124 et

412 4163 767 4218 dissidiorum
788 4164 843 4214 iu
863 4161 1105 4215 Ecclesia
1121 4159 1446 4227 praecidens,
1474 4175 1607 4214 voce
1625 4159 1983 4216 submissiore

415 4253 756 4310 subintulit:
807 4271 824 4303 ι
860 4252 927 4307 Ut
978 4253 1201 4320 quidem
1261 4267 1384 4306 cum
1444 4251 1778 4308 adversariis
1846 4255 1984 4308 meis

416 4343 874 4403 communicetis.
931 4343 1344 4397 concedendum
1401 4344 1560 4397 vobis
1604 4360 1729 4399 esse
1790 4345 1978 4400 duco:

415 4446 476 4489 ut
509 4443 692 4489 autem
728 4433 1063 4487 abdicationi
1095 4449 1225 4487 mea:
1264 4433 1536 4487 calculum
1573 4443 1812 4489 vestrum
1844 4436 1980 4506 adji-

415 4526 594 4588 ciatis,
625 4542 732 4580 non
774 4526 1056 4593 permitto.
1119 4524 1336 4579 Nullius
1371 4526 1519 4578 enim
1553 4527 1654 4590 rei,
1690 4543 1790 4581 cur
1823 4527 1980 4583 abdi-

415 4619 628 4672 cationc
689 4617 886 4686 dignus
927 4616 1052 4680 sim,
1107 4616 1238 4669 mihi
1285 4615 1542 4670 conscius
1599 4633 1742 4670 sum.
1776 4636 1795 4669 ι
1854 4619 1979 4674 Hazc

416 4711 757 4781 prolocutus,
789 4710 843 4762 in
892 4724 1108 4762 sacrum
1161 4707 1520 4776 baptistercm
1556 4709 1834 4779 ingressus
1873 4721 1977 4765 est.

414 4805 595 4872 Atque
625 4803 714 4857 ubi
781 4803 846 4856 ad
885 4804 1097 4856 beatam
1136 4801 1510 4872 Olympiadem
1551 4803 1780 4872 ejusque
1805 4811 1982 4858 secta-

421 4895 588 4949 trices
618 4894 868 4964 pervenit
890 4933 904 4954 .
949 4895 1308 4947 vehementer
1337 4904 1560 4964 propter
1590 4894 1884 4949 orbitatem
1923 4904 1980 4950 et

415 4986 717 5040 abitionem
776 4987 896 5054 ejus
940 4985 1282 5054 plangentes,
1339 4985 1654 5040 consolatus
1709 4985 1827 5040 illas
1871 4996 1977 5050 est,

415 5091 620 5145 easque
650 5092 708 5130 se
739 5077 1101 5145 ampliusnon
1131 5076 1344 5129 visuras
1365 5092 1484 5130 esse
1511 5077 1785 5146 praedixit.
1821 5077 1984 5132 Aliis-

418 5184 526 5238 que
558 5168 810 5236 plurimis
852 5169 1036 5220 verbis
1073 5169 1216 5222 inter
1251 5168 1624 5222 festinandum
1681 5169 1978 5236 congestis,

419 5267 700 5326 postremo
735 5268 787 5309 et
822 5257 912 5309 illa
939 5257 1152 5310 addidit
1187 5274 1200 5310 :
1235 5277 1252 5308 ι
1287 5257 1402 5312 Hoc
1433 5274 1464 5312 a
1493 5259 1668 5324 vobis,
1701 5259 1978 5328 inquiens,

423 5357 700 5417 postremo
739 5348 862 5404 loco
893 5358 1022 5418 peto
1043 5389 1056 5412 ,
1085 5365 1153 5403 ne
1185 5349 1316 5418 quid
1350 5351 1417 5406 de
1443 5351 1600 5406 solita
1637 5362 1816 5407 vestra
1838 5353 1980 5407 circa

420 5438 514 5492 Dei
571 5440 856 5510 templum,
921 5439 1010 5493 cui
1059 5439 1350 5506 assidetis,
1399 5441 1728 5498 assiduitate
1765 5451 1820 5498 et
1877 5442 1982 5498 (ide

423 5528 732 5582 remittatis.
785 5529 850 5583 Et
884 5530 1200 5600 quicunque
1241 5533 1499 5586 thronum
1534 5532 1682 5587 hunc
1717 5547 1984 5588 conscen—

505 5714 521 5742 ¹
567 5710 728 5765 llcbr.
765 5729 838 5779 λι,
874 5716 965 5769 58.

2078 3177 2188 3221 νος,
2221 3159 2403 3228 μεῖζόν
2442 3175 2493 3210 τι
2517 3159 2729 3229 φρονῶν
2762 3160 2791 3225 ἦ
2823 3160 2962 3211 κατά
2987 3159 3296 3228 ἄνθρωπον,
3334 3161 3510 3226 φειδοῖ
3539 3161 3654 3212 τῶν

2077 3253 2175 3320 τῆς
2215 3252 2544 3319 Ἐκκλησίας
2577 3251 2892 3319 σχισμάτων
2929 3251 3115 3320 ἡρέμα
3150 3251 3386 3320 ἐπέφερε
3409 3268 3422 3280 ο
3463 3271 3482 3303 ε
3525 3254 3658 3304 Κοι-

2077 3346 2316 3413 νωνῆσαι
2357 3345 2459 3413 μὲν
2504 3346 2647 3412 ὑμᾶς
2682 3347 2792 3406 τοῖς
2834 3344 2959 3413 ἐμοὶ
2989 3345 3252 3407 ἐναντίοις
3287 3347 3656 3413 ἐπιτρεπτέον

2081 3434 2256 3502 ἔγωγε
2291 3435 2541 3504 τίθεμαι·
2573 3438 2640 3504 τῇ
2694 3435 2739 3486 δ’
2799 3436 2902 3504 ἐμῇ
2942 3434 3262 3502 καθαιρέσει
3293 3436 3656 3504 καθυπογρὰο
3721 3435 3726 3439 ’

2083 3543 2204 3592 φειν
2229 3525 2328 3576 οὐκ
2351 3525 2631 3595 ἐπιτρέπω
2656 3539 2670 3554 ⁸
2705 3523 2856 3576 οὐδὲν
2881 3525 2989 3593 γὰρ
3015 3527 3240 3594 ἐμαυτῷ
3275 3528 3655 3595 καθαιρέσεως

2081 3617 2231 3681 ἀξιον
2268 3615 2507 3670 σύνοιδα.
2540 3634 2558 3667 ι
2601 3615 2764 3668 Ταῦτ’
2793 3615 2982 3681 εἰπὼν,
3021 3617 3116 3666 ἐπὶ
3149 3617 3238 3668 τὸν
3274 3618 3420 3686 ἱερὸν
3457 3620 3658 3687 βαπτι-

2084 3712 2257 3776 στῆρα
2303 3708 2474 3778 εἰσῄει
2497 3725 2511 3739 ’
2549 3708 2638 3759 καὶ
2687 3709 2806 3768 ταῖς
2839 3711 2970 3776 περὶ
2998 3709 3098 3772 τὴν
3129 3709 3406 3778 μακαρίαν
3449 3710 3656 3775 Ὀλυμο

2084 3797 2248 3850 πιαδα
2279 3795 2676 3866 ἐντετυχηκὼς,
2728 3795 2896 3848 πολλὰ
2949 3812 3003 3847 τε
3042 3796 3250 3864 σφόδρα
3283 3797 3658 3863 κοπτομέναις

2082 3891 2181 3959 τὴν
2232 3889 2488 3956 στέρησιν
2543 3887 2933 3955 φιλοσοφήσας,
2993 3889 3088 3939 καὶ
3123 3883 3206 3948 ’ὡς
3256 3889 3445 3940 οὐκέτι
3491 3891 3658 3940 αὑτοῖν

2082 3981 2302 4049 ὄψονται
2329 3979 2628 4052 προειπὼν,
2665 3979 2756 4032 καὶ
2795 3977 2930 4030 ἄλλα
2953 3978 3179 4030 πλεῖστα
3200 3979 3557 4048 ἐπισυνείρας
3580 3982 3660 4050 τῷ

2084 4073 2532 4139 κατεπείγεσθαι,
2567 4073 2720 4134 τέλος
2751 4072 2844 4124 καὶ
2880 4069 3057 4122 ταῦτα
3089 4071 3423 4140 προσέθηκε*
3460 4089 3480 4123 ι
3522 4073 3661 4125 Ταύ-

2083 4182 2184 4236 την
2213 4167 2269 4220 δέ
2310 4165 2465 4235 ὑμῶν
2496 4166 2687 4232 δέομαι
2713 4163 2902 4233 δέησιν
2923 4156 3023 4232 τὴν
3057 4163 3320 4231 ἐσχάτην,
3356 4163 3532 4232 μηδὲν
3559 4163 3662 4232 τῆς

2087 4260 2354 4329 συνήθους
2407 4257 2538 4328 περὶ
2571 4257 2662 4310 τὸν
2691 4255 2786 4308 τοῦ
2818 4254 2954 4308 Θεοῦ
3008 4257 3136 4308 ναὸν
3167 4256 3530 4326 προσεδρείας
3562 4259 3662 4308 καὶ

2088 4347 2322 4408 πίστεως
2353 4345 2703 4412 καθυφεῖναι,
2728 4347 2822 4397 καὶ
2843 4343 2901 4406 ὃς
2930 4345 2994 4396 ἂν
3023 4345 3116 4394 ἐπὶ
3136 4343 3227 4395 τὸν
3249 4344 3437 4412 θρόνον
3469 4345 3665 4397 τοῦτον

2083 4439 2294 4494 ἀνέλθοι
2325 4439 2407 4509 (τὸ
2438 4438 2548 4507 γὰρ
2599 4433 2740 4489 εἶναι
2773 4439 2873 4497 τὴν
2911 4435 3245 4505 Ἐκκλησίαν
3285 4436 3499 4504 ἔρημον
3532 4440 3663 4488 ἐπι-

2085 4529 2290 4582 σκόπου
2315 4529 2530 4589 πάντως
2570 4528 2671 4580 οὐκ
2704 4528 2904 4597 ἔσται),
2942 4525 3137 4595 τούτῳ,
3174 4525 3432 4592 καθάπερ
3467 4526 3532 4595 δὴ
3564 4529 3665 4578 καὶ

2083 4620 2228 4688 ἐμοὶ.
2259 4618 2358 4680 τὰς
2406 4617 2653 4685 κεφαλὰς
2697 4618 2858 4688 ὑμεῖς
2891 4616 3242 4680 ὑποκλίνατε,
3271 4618 3371 4670 καὶ
3420 4615 3527 4687 μηῦ
3557 4618 3664 4684 τῆς

2083 4710 2303 4778 ἀγάπης
2337 4711 2392 4760 ἐν
2416 4712 2739 4777 προσευχαῖς
2765 4708 3070 4778 μέμνησθε.
3103 4727 3122 4759 ι
3158 4707 3324 4760 Ταῦτ’
3359 4709 3666 4773 είπὼν,δια

2084 4803 2192 4854 τῶν
2218 4801 2551 4855 ἀνατολικῶν
2575 4799 2723 4870 ἐξῄει
2751 4799 2961 4866 πυλῶν,
2992 4799 3248 4852 τοσοῦτον
3277 4802 3668 4870 μεμφόμενος,

2081 4896 2164 4948 ὅτι
2202 4911 2264 4962 γε
2313 4893 2643 4964 παρανόμως
2675 4887 2769 4946 καὶ
2802 4892 2895 4963 βίᾳ
2946 4892 3230 4962 ἠλαύνετο,
3275 4893 3353 4962 μὴ
3405 4893 3672 4956 ἀξιωθεὶς

2083 4991 2340 5060 κρίσεως,
2378 4981 2443 5057 ἦς
2474 4987 2539 5037 ἐκ
2571 4986 2754 5054 νόμων
2786 4985 2882 5038 καὶ
2914 4986 3124 5054 μοιχοῖς
3169 4985 3265 5037 καὶ
3307 4985 3671 5054 ἀνδροφόνοις

2085 5084 2178 5135 καί
2207 5081 2368 5149 γόησι
2431 5079 2676 5149 μέτεστι.
2731 5079 2842 5132 Καὶ
2894 5077 3186 5146 καταχθεὶς
3219 5075 3404 5138 ἔπλεε,
3445 5079 3672 5146 σμικρῷ

2085 5176 2323 5246 κελητίῳ
2356 5176 2434 5238 είς
2457 5175 2710 5234 Βιθυνίαν
2731 5173 3057 5242 περαιωθεὶς
3080 5179 3139 5226 τὸ
3163 5173 3259 5241 τῆς
3292 5174 3493 5239 σοφίας
3519 5173 3675 5238 ανεξ-

2089 5269 2353 5339 άντλητον
2411 5267 2684 5335 πέλαγος⁸
2744 5265 2999 5317 κάκεῖθέν
3055 5265 3248 5334 τε”τῆς
3299 5263 3423 5317 ὀδοῦ
3460 5267 3671 5333 είλετο,

2089 5363 2168 5425 είς
2201 5379 2257 5414 τι
2285 5359 2394 5412 τῶν
2443 5359 2540 5426 τῆς
2598 5358 2890 5426 Ἀρμενίας
2948 5355 3244 5424 πολίχνιον,
3277 5358 3391 5417 τοῖς
3426 5357 3671 5427 τέρμασι

2087 5456 2187 5524 τῆς
2232 5451 2523 5522 Ῥωμαίων
2571 5449 2673 5518 γῆς
2732 5448 3006 5516 κείμενον,
3054 5447 3186 5514 πρὸς
3214 5447 3293 5513 τῷ
3325 5448 3422 5499 τοῦ
3468 5450 3672 5500 Πόντω

2090 5549 2342 5618 στόματι,
2383 5543 2572 5606 δεινῶς
2603 5542 2833 5614 ἔρημον,
2889 5535 2954 5611 (ὦ
2977 5541 3102 5608 δίκη
3134 5542 3232 5593 καὶ⁵
3278 5544 3438 5612 νόμοι
3471 5542 3674 5602 Θεοῦῑ)
