3898 6192
209 236 335 300 1(οῑ

1078 219 1669 283 ΕΩΟιΕδΙΑΞΤΙΟΕ
1710 211 2096 276 IIISTORUE
2134 208 2256 268 LIB
2323 206 2494 266 XIII.

3308 200 3444 266 10Ἷῖ

200 350 434 406 ἁνοσιως
496 338 958 406 ἀπελαυνόμενος,
1024 335 1288 405 βασιλέως
1342 337 1636 404 γράμμασι
1685 330 1784 394 τὴν

1895 326 2030 381 derit
2066 322 2514 393 (haudquaquam
2549 319 2701 373 enim
2739 315 2980 372 Ecclesia
3016 315 3274 383 episcopo
3297 332 3449 382 pror-

202 438 382 488 ὲκεῐσε
421 433 640 499 οἴκησιν
689 426 1135 489 καταδικασθείς.
1188 425 1499 485 Κούκουσος
1533 423 1576 476 δ’
1611 419 1681 492 ἦν
1711 423 1777 489 τῇ

206 526 435 593 πολίχνῃ
458 523 517 573 τὸ
545 520 838 590 ἐπιχώριον
869 519 1060 585 ὄνομα.
1087 517 1208 570 Τῶν
1237 517 1282 570 δ’
1311 516 1612 568 ὲπιϐούλων
1638 515 1783 565 ἐκεί-

202 632 283 686 νῳ
335 615 397 668 τὺ
431 617 640 681 στῖφος,
683 610 1210 679 ωνδεασκεψάμενοι
1250 608 1325 670 ώς
1357 609 1406 660 εί
1458 608 1655 675 πεῖραν
1686 602 1781 655 τοῦ

201 707 504 776 γενομένου
563 705 591 754 ὁ
624 703 718 755 τοῦ
753 701 890 754 Θεοῦ
923 701 1051 764 λαὸς
1090 701 1340 769 λήψοιτο,
1379 697 1652 759 ἔπιδιώξοι
1688 692 1785 748 αὖ·

207 801 320 860 θις,
355 796 450 850 καὶ
482 794 642 848 πάλιν
666 793 786 863 βίαν
810 791 1114 862 προσθήσει
1145 792 1240 843 καὶ
1269 787 1584 841 ἐπανελθεῖν
1605 788 1784 838 πείσει

204 893 301 944 τὸν
332 891 525 960 μέγαν,
563 889 719 949 ἄλλος
753 886 912 939 ἄλλον
949 884 1373 954 προφθάνοντες,
1403 882 1497 943 τὰς
1526 880 1618 932 τοῦ
1653 879 1782 932 ναοῦ

206 981 386 1044 πύλας
417 980 754 1034 κατέκλειον.
800 977 887 1040 Ὠς
912 977 957 1031 δ’
983 977 1233 1044 ἔγνωσαν
1256 978 1303 1028 oi
1333 976 1433 1027 ἀνὰ
1462 975 1562 1035 τὰς
1587 972 1785 1039 ἀγυιὰς

205 1073 440 1134 διιόντες
478 1071 570 1123 καὶ⁵
605 1069 927 1138 περικύκλῳ
958 1069 1051 1120 τὸν
1087 1067 1211 1120 ναὸν
1239 1065 1434 1131 ἔξωθεν
1459 1064 1778 1131 ἑστηκότες,

209 1163 366 1217 ἄλλοι
402 1163 498 1231 μὶν
596 1162 797 1230 τάχους
844 1156 1006 1228 εἶχον.
1059 1160 1192 1228 πρὸς
1217 1159 1512 1218 θάλασσαν,
1548 1155 1786 1222 οἰόμενοι

206 1254 622 1323 καταλήψεσθαι
661 1253 752 1305 τὸν
780 1253 942 1305 καλὸν
974 1251 1227 1320 ποιμένα,
1261 1250 1590 1318 ἠπείγοντο·
1642 1249 1690 1300 οἱ
1730 1247 1788 1300 δὲ

212 1349 308 1410 καὶ
360 1345 684 1408 δεδοικότες,
727 1344 964 1412 φυγάδες
1005 1339 1166 1413 ἦσαν,
1230 1342 1330 1412 τήν
1369 1357 1425 1392 τε
1469 1342 1660 1394 στάσιν
1692 1341 1784 1392 καὶ

208 1439 307 1491 τὸν
343 1437 542 1489 πυκνὸν
575 1434 805 1504 θόρυϐον
834 1473 848 1496 ,
889 1433 973 1487 ἔτι
1027 1434 1085 1488 δὲ
1113 1435 1206 1486 καὶ
1255 1433 1354 1502 τὴν
1403 1433 1466 1483 ἐκ
1515 1431 1782 1499 βασιλέως

207 1527 382 1599 ὀργὴν
422 1525 788 1596 ύπειδόμενοι.
823 1529 884 1578 Oi
915 1526 971 1578 δὲ
1001 1527 1132 1596 περὶ
1153 1525 1242 1576 τὸν
1265 1522 1398 1576 νεὼν
1449 1521 1528 1574 ἔτι
1586 1520 1786 1588 μᾶλλον

209 1621 483 1690 ἐφραττον
509 1619 609 1682 τὰς
637 1618 894 1680 εἰσόδους,
923 1617 1016 1670 ἐπὶ
1041 1616 1242 1675 ταύτας
1265 1615 1358 1667 τοῦ
1385 1613 1625 1682 πλήθους
1653 1615 1780 1681 συρ-

1884 431 1980 470 sos
2001 414 2233 474 carebit)
2265 421 2324 465 ut
2351 413 2400 466 ei
2438 411 2664 480 ipsiuon
2698 409 2882 463 minus
2918 417 3080 476 atque
3111 405 3242 458 mihi
3275 406 3451 473 capita

1884 519 2062 562 vestra
2103 505 2400 565 inclinetis,
2435 513 2493 557 ct
2521 499 2838 558 dilectionis
2867 513 3003 552 mea:
3029 500 3084 550 in
3106 495 3454 549 orationibus

1884 598 2084 651 vestris
2112 595 2493 650 memineritis.
2534 613 2552 645 ι
2586 593 2815 646 Talibus
2853 591 3036 644 verbis
3068 588 3252 652 dictis,
3275 588 3458 641 orien-

1890 689 1984 742 tali
2040 688 2209 741 exivit
2245 696 2424 756 porta,
2460 685 2598 740 nihil
2655 683 2804 738 aliud
2842 691 3090 751 questus,
3123 695 3283 748 quam
3309 677 3456 746 quod

1887 781 2076 847 inique
2105 789 2298 833 contra
2347 779 2494 847 leges
2527 792 2622 845 per
2655 776 2760 829 vim
2794 775 3192 843 expelleretur,
3240 773 3455 843 judicio

1890 870 2148 924 videlicet
2202 868 2307 922 sibi
2347 869 2640 938 denegato,
2691 867 2839 935 quod
2884 863 3122 933 legibus,
3188 862 3459 916 adulteris

1886 974 2105 1030 quoque
2129 973 2186 1024 et
2211 960 2504 1038 ligmicidis
2533 972 2588 1013 et
2618 958 2811 1012 maleﬂ.
2836 958 2880 1011 is
2909 957 3157 1010 daretur.
3185 954 3457 1010 Caeterum

1887 1055 1953 1108 ad
1982 1068 2128 1108 mare
2166 1052 2438 1106 deductus
2477 1051 2661 1113 solvit,
2694 1061 2748 1104 et
2774 1050 2958 1103 celoce
2989 1063 3160 1117 parvo
3186 1048 3239 1101 in
3274 1047 3461 1116 Bithy-

1890 1145 2036 1198 niam
2095 1143 2480 1197 inexhaustum
2547 1141 2835 1210 sapientia
2901 1140 3128 1208 pelagus
3185 1138 3455 1208 trajecit:

1889 1245 2054 1304 atque
2097 1235 2227 1289 inde
2277 1235 2382 1289 iter
2415 1243 2657 1303 emptum
2697 1242 3029 1300 prosecutus
3059 1242 3164 1296 est,
3201 1231 3266 1284 ad
3302 1229 3458 1300 oppi-

1890 1329 2078 1382 dulmn
2137 1327 2410 1382 Armenia:
2471 1326 2780 1396 quoddam,
2843 1326 2897 1380 in
2975 1325 3176 1380 ﬁnibus
3239 1325 3459 1392 imperii

1890 1417 2146 1480 Romani,
2178 1416 2243 1470 ad
2288 1431 2348 1470 os
2382 1417 2563 1478 Ponti,
2595 1416 2650 1468 in
2707 1415 3009 1470 solitudine
3046 1415 3252 1483 ingenti
3289 1413 3457 1467 situm

1890 1510 1944 1581 (υ
1974 1510 2218 1564 vindicta
2242 1519 2294 1562 et
2327 1511 2409 1563 lex
2442 1510 2563 1580 Dei)
2595 1509 2759 1578 impie
2781 1508 3071 1568 abductos,
3105 1507 3460 1576 imperatoris

1890 1603 2089 1657 litteris
2129 1602 2194 1654 ad
2226 1618 2350 1655 eum
2381 1603 2560 1654 locum
2583 1600 2998 1654 inhabitandum
3033 1599 3456 1652 condemnatus.

213 1688 431 1779 ῥέοντος
467 1711 559 1762 καὶ
617 1707 1015 1776 περιωθῶντος
1063 1706 1348 1775 ἀλλήλους.
1409 1705 1578 1767 Μόλις
1615 1703 1670 1756 δὲ
1722 1705 1778 1772 τῇ

1895 1695 2255 1750 Vernaculum
2318 1694 2504 1762 oppidi
2566 1693 2684 1762 ejus
2742 1706 2942 1744 nomen
3019 1689 3270 1745 Cucusus
3329 1689 3454 1743 fuit.

211 1803 385 1872 πολλῇ
417 1803 648 1870 ἁνθολκῇ
679 1800 786 1853 τῶν
820 1801 959 1852 κατὰ
992 1798 1168 1851 νώτου
1193 1798 1366 1867 ὄχλων
1395 1795 1787 1864 ἐπικειμένων,

211 1887 291 1945 ὧν
323 1892 377 1944 δὲ
425 1891 519 1944 καὶ
553 1891 720 1952 λίθοις
760 1889 1130 1956 κατεαγότων,
1189 1889 1286 1948 τὰς
1321 1885 1493 1956 θύρας
1545 1884 1642 1936 σὺν
1701 1883 1792 1953 βίᾳ

212 1984 676 2047 διαπετάσαντες,
734 1981 902 2052 χύδην
953 1983 1046 2033 ἐπὶ
1079 1980 1176 2050 τὴν
1235 1979 1513 2032 θάλασσαν
1574 1975 1789 2048 ἔρρεον.

222 2073 382 2126 Ἐπεὶ
416 2073 461 2126 δ’
514 2075 718 2125 ἐκεῖνον
745 2073 845 2126 οὐκ
896 2071 1124 2142 ἔφθανον
1151 2111 1165 2134 ,
1215 2069 1330 2124 ἀλλ’
1376 2070 1469 2122 ἐπὶ
1521 2067 1793 2134 πελάγους

209 2166 401 2230 ἑώρων
441 2164 596 2234 τάχει
633 2164 813 2236 πολλῷ
846 2165 906 2218 τὸ
935 2165 1109 2234 ῥόθιον
1161 2163 1466 2224 διαθέοντα,
1503 2161 1596 2213 καί
1647 2176 1790 2222 τινες

207 2257 258 2310 δ’
287 2259 352 2310 ὲκ
384 2260 474 2311 τοῦ
511 2257 792 2326 βασιλικοῦ
835 2257 1086 2327 ξιφήρεις
1137 2257 1414 2326 παρῆσαν,
1468 2252 1563 2322 τὴν
1614 2249 1792 2320 ὁρμὴν

218 2346 648 2410 ἀναστέλλοντες
719 2349 855 2400 πᾶσι
933 2347 1157 2418 τρόποι-ς
1214 2346 1310 2399 καὶ
1380 2343 1787 2415 μηχανήμασιν,

213 2437 414 2488 ἐκεῖνοι
477 2435 666 2506 ὥσπερ
726 2436 1087 2500 ἀπειπόντες,
1140 2435 1241 2497 τὰς
1298 2435 1477 2504 ψυχὰς
1534 2434 1783 2502 προεῖναι

221 2525 424 2594 μᾶλλον
460 2525 772 2594 ἠϐούλοντο.
830 2524 1044 2594 Σφόδρα
1082 2525 1138 2577 δὲ
1191 2526 1290 2594 τὴν
1323 2524 1417 2576 τοῦ
1471 2523 1639 2576 καλοῦ
1676 2537 1794 2575 ποι-

220 2619 386 2686 μένος
457 2619 853 2687 όλοφυρὰμενοι
915 2619 1196 2690 στέρησιν,
1249 2620 1344 2670 καὶ
1393 2619 1506 2680 τοῖς
1560 2619 1792 2687 δάκρυσι

209 2708 294 2774 τῷ
337 2707 501 2778 ῥοθίῳ
541 2709 986 2779 διαμιλλώμενοι,
1013 2711 1280 2776 κατηφεῖς
1327 2710 1420 2761 καὶ
1449 2709 1793 2778 δεδακρυμέ-

211 2814 322 2862 νοι,
373 2798 496 2850 ὅσον
548 2799 830 2863 ἐξικέσθαι
879 2800 978 2870 τὴν
1027 2801 1173 2868 ὃψιν,
1219 2799 1317 2868 τὴν
1342 2799 1537 2852 ἁλιάδα
1581 2800 1793 2868 θεώμε-

213 2906 326 2952 νοι,
361 2889 514 2958 μόλις
571 2893 934 2962 ὑπέστρεφον,
978 2892 1206 2946 κοπετὸν
1234 2889 1346 2944 οἷον
1391 2893 1562 2955 οὐδεὶς
1588 2895 1797 2963 ἀνθρώ-

202 2994 334 3029 πων
363 2977 421 3042 ἐξ
447 2978 639 3042 αἰῶνος
672 2979 703 3048 ἦ
729 2977 865 3033 εἶδεν
891 2980 923 3052 ἢ
965 2980 1268 3052 παρέλαϐεν
1300 2984 1456 3053 ἀκοῇ,
1489 2985 1796 3054 ποιησάμε-

205 3086 316 3120 νοτ.

1894 1787 2285 1841 lnsidiatorum
2347 1799 2477 1838 vero
2523 1785 2643 1854 ejus
2704 1799 2903 1837 manus
2949 1798 3136 1837 secum
3191 1784 3308 1851 ipsa
3372 1798 3459 1835 re-

1895 1886 2118 1948 putans,
2168 1878 2433 1947 populum
2471 1877 2563 1929 Dei
2596 1876 2689 1946 qui
2738 1876 2795 1928 in
2821 1876 3058 1930 ecclesia
3094 1884 3236 1938 erat,
3287 1873 3334 1930 si
3374 1874 3460 1927 fa-

1894 1983 2043 2025 ctum
2076 1969 2128 2024 id
2164 1973 2513 2025 rescisceret.
2551 1983 2771 2022 rursum
2811 1968 2964 2022 illum
3010 1977 3459 2036 prosecutorum,

1893 2062 2112 2130 vimque
2153 2061 2557 2126 adhibituram,
2618 2069 2674 2115 et
2715 2061 2832 2115 viro
2880 2076 3075 2130 magno
3127 2070 3187 2114 ut
3229 2061 3460 2124 rediret.

1895 2168 2287 2222 persuasurum
2360 2168 2514 2218 esse,
2591 2153 2730 2208 alios
2790 2153 2958 2207 alium
3043 2153 3461 2222 praeveniendo,

1899 2247 2085 2316 templi
2120 2257 2306 2316 postes
2339 2247 2680 2300 clauserunt.
2733 2244 2805 2300 Ut
2838 2256 3020 2298 autem
3050 2245 3143 2310 qui
3180 2245 3232 2297 in
3264 2245 3463 2313 plateis

1894 2339 2249 2393 ambulabant
2311 2338 2517 2406 quique
2573 2347 2725 2390 extra
2785 2337 3045 2404 templum
3099 2336 3461 2390 circumcirca

1894 2425 2136 2490 stabant,
2202 2441 2316 2480 rem
2367 2441 2485 2479 eam
2533 2436 2929 2495 cognoverunt,
2987 2427 3184 2495 partim
3238 2427 3460 2495 quidem

1896 2535 2058 2590 quam
2091 2526 2395 2588 potuerunt
2445 2519 2736 2572 celerrime
2771 2517 2836 2571 ad
2891 2533 3060 2582 mare,
3092 2518 3462 2586 comprehen-

1896 2628 2059 2667 surus
2082 2627 2140 2667 se
2176 2627 2300 2666 esse
2341 2611 2544 2664 bonum
2585 2618 2859 2680 pastorem
2887 2611 3289 2676 existimantes,
3330 2626 3459 2679 pro-

1897 2716 2158 2772 perarunt
2185 2723 2196 2757 :
2232 2704 2395 2774 395
2427 2706 2620 2773 partim
2663 2719 2793 2756 vero
2821 2704 3018 2757 timore
3045 2703 3270 2772 perciti,
3308 2703 3464 2773 fuge-

1897 2807 2048 2861 runt,
2084 2798 2415 2852 seditionem
2455 2807 2510 2850 et
2551 2798 2850 2850 tumultum
2885 2811 3129 2866 gravem,
3155 2795 3459 2864 imperato-

1898 2893 1973 2945 ris
2027 2891 2192 2944 etiatn
2247 2891 2383 2943 iram
2432 2901 2758 2943 metuentes.
2818 2889 2918 2955 Qui
2965 2905 3094 2944 vero
3152 2888 3218 2942 ad
3269 2889 3458 2957 templi

1897 2982 2205 3036 custodiam
2254 2983 2658 3043 constiterant,
2722 2983 2894 3051 magis
2949 2981 3114 3035 etiam
3177 2982 3460 3051 magisque

1901 3076 2084 3130 exitus
2107 3075 2274 3144 ipsos,
2308 3075 2373 3128 ad
2408 3090 2547 3144 quos
2577 3075 2868 3130 multitudo
2896 3075 3017 3130 aliis
3051 3076 3188 3128 alios
3233 3075 3375 3129 inter
3404 3088 3464 3128 se

213 3161 680 3231 protrudentibus
734 3163 1080 3230 conﬂuebat,
1141 3165 1484 3221 obstruxere.
1548 3167 1612 3221 Et
1667 3169 1757 3221 vix
1819 3169 2042 3223 tandem
2110 3167 2318 3236 ingenti
2386 3176 2440 3220 et
2479 3167 2706 3221 advcha
2740 3169 3086 3236 repressione
3150 3170 3457 3228 turbarum,

212 3278 245 3309 ιι
289 3266 442 3324 tergo
477 3258 724 3325 postibus
759 3258 1188 3324 imminentium‘,
1224 3260 1583 3329 quarumdam
1650 3265 1814 3316 etiam
1855 3263 2000 3316 saxis
2069 3260 2217 3316 fores
2253 3259 2738 3329 confringeutiutn,
2777 3278 2966 3331 magna
3014 3265 3270 3318 vidlentia
3316 3267 3459 3320 aztles

214 3363 394 3402 sacra:
417 3358 616 3417 apert-.e
658 3360 809 3414 sunt,
843 3359 898 3404 et
952 3350 1186 3419 populus
1212 3351 1502 3406 confertim
1573 3353 1640 3406 ad
1707 3368 1854 3406 mare
1895 3355 2190 3422 percurrit.
2227 3353 2520 3422 Postquam
2550 3367 2683 3407 vero
2712 3354 2866 3408 illum
2907 3355 2981 3409 ibi
3019 3359 3302 3413 consecuti
3351 3375 3461 3414 non

206 3452 370 3505 Iunt,
421 3443 516 3496 sed
552 3443 606 3516 in
641 3444 779 3499 mari
815 3444 1014 3499 ﬂuctus
1088 3445 1258 3500 multa
1333 3447 1614 3502 celeritate
1694 3458 1968 3502 secantem
2038 3448 2316 3510 viderunt,
2359 3458 2415 3502 et
2463 3449 2662 3501 armati
2713 3449 2936 3518 quidam
2997 3467 3062 3505 ex
3114 3455 3462 3524 imperatoria

208 3537 447 3591 cohorte
489 3536 562 3590 ibi
595 3546 794 3606 praesto
840 3539 1014 3601 luere,
1085 3539 1177 3606 qui
1255 3538 1432 3593 modis
1495 3539 1978 3607 molitiouibusqoe
2015 3541 2272 3594 ouinibus
2318 3540 2598 3597 hominum
2667 3543 2932 3612 impetum
3002 3546 3342 3610 inhibebant,
3385 3552 3458 3603 ila

209 3631 390 3684 veluti
440 3649 498 3686 re
555 3633 864 3701 desperata,
928 3634 1092 3688 vitam
1143 3635 1328 3704 potius
1387 3651 1550 3704 quam
1603 3636 1756 3689 illum
1797 3637 2048 3691 amittere
2107 3645 2460 3704 Optaverunt.
2507 3639 2682 3706 Atque
2749 3641 2839 3693 ubi
2870 3641 3159 3697 orbitatem
3215 3660 3366 3697 suam
3408 3661 3463 3700 et

215 3724 351 3779 boni
383 3726 615 3792 pastoris
661 3727 957 3783 abitionem
1025 3730 1385 3785 vehementer
1455 3729 1843 3797 deploraront,
1883 3739 1939 3784 et
1988 3731 2354 3801 lacrytnarum
2426 3733 2474 3786 vi
2544 3748 2668 3787 cum
2735 3734 2994 3789 ﬂuetibus
3079 3737 3450 3802 decertarunt,

211 3817 400 3870 maesti
464 3827 630 3887 atque
686 3817 906 3884 ﬂentes,
959 3830 1224 3889 quantum
1283 3821 1459 3875 oculis
1513 3823 1771 3889 consequi
1816 3831 2134 3891 potuerunt,
2195 3825 2507 3878 naviculotn
2568 3827 2782 3890 intuiti,

2872 3831 3090 3883 tandem
3180 3848 3319 3902 a‘gre
3407 3836 3459 3889 in

223 3915 422 3969 urbem
453 3925 579 3967 sunt
618 3916 864 3978 reversi,
902 3930 1028 3971 cum
1089 3931 1157 3971 eo
1182 3917 1438 3985 planctu,
1472 3931 1636 3984 quem
1680 3931 1844 3970 nemo
1885 3932 2178 3987 unquama
2205 3919 2403 3972 saeculo
2422 3919 2703 3974 hominum
2745 3923 2826 3976 vel
2879 3923 3046 3988 vidit,
3074 3927 3157 3979 vel
3225 3931 3460 3997 accepit.

788 4031 1039 4086 ΚΕΦΑΛ.
1080 4030 1210 4086 KX.

209 4125 354 4190 Περὶ
384 4121 491 4189 τῆς
525 4123 675 4174 κατὰ
709 4125 815 4176 τοῦ
844 4123 1126 4177 Ἰωάννου
1152 4121 1248 4176 διὰ
1290 4123 1508 4192 ξίφους
1538 4124 1779 4176 ἐπιϐου-

284 4193 406 4260 λῆς
434 4210 447 4222 ·
485 4192 582 4244 καὶ
606 4194 738 4258 περὶ
766 4193 870 4262 τοῦ
901 4195 1227 4260 οὐρανόθεν
1248 4193 1620 4262 πεμφθέντος
1647 4198 1782 4259 θεη-

285 4266 478 4346 Jdtoy
517 4263 706 4329 πυρὸς
729 4260 802 4330 τῇ
831 4263 1130 4331 ἐκκλησίᾳ
1153 4264 1252 4316 καὶ
1279 4260 1401 4329 τοῖς
1434 4264 1782 4327 βασιλείοις

290 4349 513 4398 autem.

287 4445 414 4504 Οἷον
434 4449 490 4501 δέ
525 4465 592 4520 με
628 4449 705 4518 τῷ
752 4445 916 4500 πάθει
957 4448 1325 4516 συγχεόμενον
1367 4448 1568 4516 μικροῦ
1609 4447 1785 4516 παρέ-

210 4544 448 4613 δραμεν,
485 4543 705 4610 ἔλεγχον
741 4540 838 4610 μὲν
869 4539 1072 4607 ἀκριϐῆ
1096 4540 1190 4604 τῆς
1216 4538 1323 4589 τῶν
1362 4538 1654 4608 μοχθηρῶν
1684 4557 1784 4592 κα-

212 4637 343 4697 uia;
371 4635 492 4704 ἔχον
524 4634 782 4705 ἐμφανῶς
831 4633 1128 4702 παριστᾴν,
1165 4633 1266 4696 ὅση
1315 4631 1358 4682 δ’
1394 4631 1460 4684 αὗ
1491 4621 1787 4700 κηδεμονία

211 4727 297 4794 τῷ
333 4727 553 4796 μεγαλῳ
583 4727 796 4794 προσῆν
826 4727 888 4776 ἐκ
917 4723 1074 4776 Θεοῦ.
1107 4724 1177 4774 Τὸ
1202 4725 1311 4792 γὰρ
1347 4724 1580 4792 πονηρὸν
1611 4727 1790 4776 ἐκεῖνο

211 4821 516 4888 συνέδριον,
548 4820 669 4870 ἐπεὶ
706 4817 843 4884 μετὰ
875 4816 982 4869 τῶν
1012 4815 1190 4870 ἄλλων
1245 4815 1338 4867 καὶ
1384 4816 1552 4885 φονᾷν
1593 4817 1788 4877 αὐτοὺς

205 4911 344 4971 ἔδει,
375 4910 591 4978 οἰκέτην
613 4907 732 4959 ρτῶν
765 4925 909 4970 τινος
943 4907 1333 4976 πρεσϐυτέρων
1382 4905 1687 4976 (Ἑλπίδιος
1719 4903 1790 4975 ἦν

205 5003 364 5071 σύτῴ
393 5001 585 5070 ὄνομα)
646 5003 982 5069 πεντήκοντα
1031 4999 1305 5068 χρυσίνων
1354 4999 1450 5066 τὴν
1496 4997 1675 5061 δεξιὰν
1706 5016 1792 5065 μι-

205 5093 581 5160 σθωσάμενοι,
613 5093 689 5153 είς
724 5093 884 5158 φόνον
910 5091 986 5160 τῷ
1014 5091 1153 5159 ἁγίῳ
1188 5092 1526 5157 ἀνέπεμπον.
1561 5089 1681 5142 Τῶν
1713 5109 1792 5154 τις

200 5186 268 5237 δὲ
304 5184 730 5252 παρατυχόντων
779 5184 840 5235 τὸ
863 5184 957 5236 τοῦ
1005 5184 1211 5253 δρόμου
1259 5187 1423 5252 τάχος
1457 5185 1788 5251 πυθόμενος,

197 5278 284 5338 ὠς
312 5269 480 5342 εἴχεν,
510 5276 760 5343 ἐπέσχεν.
798 5273 855 5325 Ὀ
904 5273 961 5324 δὲ
995 5275 1160 5343 μηδὲν
1187 5273 1382 5335 εἰπὼν,
1416 5275 1559 5342 ξίφει
1614 5291 1795 5342 παρα-

199 5365 404 5431 χρῆμα
431 5363 608 5415 παίει·
647 5359 764 5414 εἶτα
818 5364 912 5415 καὶ
967 5363 1247 5432 δεύτερον,
1302 5365 1368 5432 τῇ
1434 5363 1526 5416 τοῦ
1573 5364 1790 5432 πρώτου

202 5457 396 5524 πληγῇ
431 5455 797 5524 ὲκϐοήσαντα·
833 5456 926 5506 ἐπὶ
971 5451 1050 5506 δὲ’
1079 5457 1253 5524 τούτῳ
1295 5457 1386 5507 καὶ
1417 5455 1598 5522 τρίτον
1630 5454 1788 5508 ἄλλον

201 5551 444 5601 ὲκέντει.
484 5547 732 5616 Θορύϐου
758 5546 836 5610 δὲ,
868 5547 942 5608 ώς
977 5548 1146 5612 εἰκὸς,
1176 5549 1270 5600 καὶ
1306 5549 1434 5617 βοῆς
1459 5549 1789 5615 ἐπιγενομέ-

202 5638 580 5707 νης,ἐφευγεν
611 5637 940 5707 ἁνακρὰτος.
965 5639 1177 5690 Πολλῶν
1208 5640 1250 5692 δ’
1282 5640 1677 5694 ἐπιδιωκόντων
1701 5639 1792 5691 καὶ

459 5731 729 5792 Ρηιιοι.
779 5735 895 5796 Gn.
937 5734 1180 5794 CXLV!

2464 4031 2688 4090 CAPUT
2737 4033 2877 4089 ΧΧΙ.

1883 4123 1960 4177 De
1995 4123 2551 4202 subornatisjoanni
2598 4128 3024 4202 percnssoribius,
3067 4140 3116 4182 et
3161 4132 3222 4184 de
3267 4133 3388 4202 igne
3429 4152 3461 4189 α

1955 4195 2196 4273 vindicta
2229 4195 2404 4273 divina
2439 4194 2502 4245 de
2539 4198 2664 4248 caelo
2730 4199 2784 4250 in
2825 4201 3099 4253 ecclesiam
3139 4216 3185 4255 et
3228 4194 3462 4273 im'pera-

1957 4266 2084 4318 toris
2117 4265 2250 4318 cedes
2285 4267 2461 4318 misso.

1961 4439 2094 4493 Illud
2126 4455 2292 4508 porro
2318 4441 2466 4495 luctu
2501 4443 2864 4496 conturbatus
2904 4457 3094 4511 parum
3126 4445 3303 4498 abfuit
3327 4448 3461 4515 quin

1889 4535 2257 4605 praeterirem,
2303 4537 2448 4604 quod
2511 4538 2673 4604 paulo
2706 4547 2834 4592 ante
2883 4537 3185 4592 discessum
3230 4540 3458 4594 Jmnnis

1889 4644 1984 4681 seu
2019 4629 2202 4696 potius
2227 4628 2280 4680 in
2311 4627 2689 4696 ipsodiscesso
2722 4629 2842 4698 ejus
2878 4628 3080 4682 factum
3112 4639 3264 4683 certo
3295 4645 3460 4700 argu-

1892 4731 2076 4773 mento
2110 4719 2516 4787 manifestoque
2546 4720 2750 4773 indicio
2782 4732 2886 4782 est,
2921 4735 3045 4774 cum
3081 4720 3459 4790 improborum

1893 4813 2111 4866 illorum
2140 4811 2359 4865 malitia:
2386 4820 2440 4863 et
2467 4811 2778 4879 iniquitatis
2811 4851 2825 4875 ,
2867 4821 2981 4865 tum
3013 4813 3211 4867 divinae
3245 4814 3312 4869 de
3349 4831 3463 4870 ma-
3527 4792 3531 4796 4

1893 4921 2002 4973 gno
2031 4904 2126 4956 illo
2176 4909 2294 4956 viro
2339 4919 2483 4957 curae
2526 4913 2692 4970 atque
2739 4903 3120 4972 providentia.
3163 4907 3458 4976 Maliguum

1895 5010 2132 5064 namque
2155 4994 2580 5049 conciliabulum
2605 4996 2762 5060 illud,
2792 4997 3236 5066 quandoquidem
3256 5003 3483 5053 caadem'

1893 5089 2056 5141 etiam
2095 5103 2190 5141 eos
2234 5103 2401 5155 super
2445 5088 2551 5140 alia
2601 5087 2845 5142 facinora
2895 5101 3112 5152 patrare
3146 5096 3458 5159 Oportebat,

1893 5194 2112 5231 servum
2146 5179 2452 5248 presbyteri
2478 5179 2763 5247 cujusdam
2798 5179 2995 5248 Elpidii
3029 5184 3273 5245 nomine,
3299 5184 3463 5252 quin-

1895 5269 2154 5338 quaginta
2199 5270 2384 5324 aurcis
2423 5271 2615 5324 dextra
2651 5271 2771 5341 ejus
2803 5273 3098 5335 conducta,
3137 5275 3202 5326 ad
3255 5276 3460 5329 credent

1897 5362 2073 5416 sancti
2105 5361 2205 5413 viri
2245 5361 2645 5416 submiserunt.
2689 5364 2858 5433 Cujus
2907 5380 3030 5418 cum
3059 5365 3349 5418 accelerati
3393 5363 3461 5417 ad

1897 5454 2267 5522 episc0paletn
2324 5456 2546 5508 domum
2601 5471 2796 5509 cursus
2845 5471 3064 5510 causam
3129 5455 3357 5526 quidam
3409 5459 3461 5511 ei

1897 5545 2038 5598 forte
2068 5547 2263 5600 obvios
2290 5550 2618 5614 requireret,
2645 5561 2904 5616 eumque,
2935 5557 2993 5601 ut
3021 5550 3220 5616 putuit,
3257 5549 3464 5604 Ietine-

1901 5647 1983 5692 ret
2019 5655 2032 5693 :
2068 5638 2158 5693 ille
2206 5640 2360 5694 nullo
2393 5654 2659 5708 responso
2701 5639 2855 5705 dato,
2895 5641 3077 5694 statim
3132 5642 3281 5700 hunc
3330 5658 3463 5701 ense

2945 5736 3024 5795 32
