3898 6192
407 245 547 304 1003
1630 241 1677 302 N
1688 240 1971 302 lCEPI-IO‘

2089 241 2428 303 CALLISTI
3524 239 3669 303 1034

398 355 840 415 transverberat;
865 347 1066 404 deinde
1094 349 1328 404 alterum
1353 363 1572 419 quoque
1598 351 1828 421 iugulat,
1862 348 1954 415 qui

2073 347 2209 413 Ξοαῖς
2264 353 2360 404 καὶ
2419 352 2660 421 σχήμασι
2724 350 3264 420 παρακελευομένων
3334 349 3442 401 uno
3498 351 3665 418 χεῖρα

399 446 464 498 ad
494 446 654 515 primi
687 445 836 499 illius
878 437 1044 499 ictum
1073 441 1510 506 exclamaverat;
1547 441 1771 496 tertium
1810 441 1965 494 insu-

2073 444 2244 494 ποιεῖν
2278 443 2370 496 τὸν
2419 443 2692 511 φεύγοντα
2722 437 2814 496 οἷα
2863 443 3059 512 φόνους
3107 440 3566 510 ἐξειργασμένον,
3596 443 3664 493 ὲκ

398 551 494 606 per
522 536 790 591 confodit.
823 537 1061 600 Etcum,
1093 535 1254 590 sicuti
1284 535 1400 588 ﬁeri
1425 536 1586 595 solet,
1622 534 1889 587 tumultus
1909 543 1967 587 et

2073 533 2349 604 βαλανείου
2374 553 2458 599 τις
2485 535 2832 604 λελουμένος,
2865 535 2929 588 ἐκ
2967 534 3064 587 τοῦ
3100 536 3451 606 παρήκοντος
3475 535 3660 598 διιὼν,

397 628 721 684 vociferatio
759 635 950 682 exorta
984 636 1150 690 esset,
1187 627 1280 681 ille
1315 637 1494 680 tamen
1529 625 1800 679 violenter
1823 622 1966 677 eﬂ‘u-

2073 625 2502 695 συνελάμϐανεν.
2535 627 2714 690 Εὐθὺς
2752 626 2808 680 δὲ
2833 628 2926 682 καὶ
2957 619 3117 689 οὗτος
3144 627 3223 696 τῷ
3270 625 3660 696 παραξιφιδίῳ

399 723 478 790 git
515 739 529 774 :
561 720 858 788 multisque
889 735 1013 773 eum
1040 718 1527 788 persequentibus,
1568 726 1728 785 atque
1757 716 1965 769 clamo-

2073 717 2322 787 πληγεὶς,
2357 718 2549 788 νεκρὸς
2581 717 2781 773 ἔκειτο.
2826 719 2984 771 Ἑπεὶ
3011 718 3068 771 δὲ
3101 717 3388 784 πανταχοῦ
3421 717 3661 784 διαφεύ-

400 814 552 867 ribus
607 811 889 881 signisque
936 808 1416 871 denuntiantibus,
1461 816 1519 860 ut
1560 820 1858 874 percussor
1910 807 1962 859 in

2073 825 2176 875 γων
2206 807 2311 862 ὑπὸ
2331 808 2426 861 τοῦ
2463 807 2707 878 πλήθους
2740 809 3032 878 θηρευθεὶς
3063 807 3378 876 ἐκυκλώθη,
3436 808 3539 860 ἐπὶ
3586 810 3656 862 τά

396 904 521 974 luga
551 911 811 970 exceptus
846 901 1430 971 comprehenderetur,
1459 899 1622 970 396
1649 913 1715 951 ex
1768 897 1966 952 balneo

2073 899 2317 970 βασίλεια
2371 900 2591 968 ἄγεται.
2643 899 2766 954 Τῶν
2821 899 2864 953 δ’
2899 901 3366 972 ἀπεχθανομένων
3422 901 3653 975 Ἰωάννῃ

396 996 616 1064 quidam
658 1002 780 1064 post
813 993 1074 1047 lotionem
1130 1007 1259 1047 casu
1315 991 1553 1060 quodam
1595 1003 1922 1066 progressus
1947 1027 1963 1053 ,

2073 994 2227 1045 αὐτόν
2249 1009 2308 1046 τε
2342 987 2485 1048 εἶναι
2516 993 2633 1055 ἕνα,
2665 993 2760 1046 καὶ
2790 994 2916 1050 τοὺς
2942 995 3020 1055 είς
3048 992 3209 1046 τοῦτο
3227 993 3652 1062 προαγαγόντας

396 1089 678 1140 hominem
745 1083 1189 1153 comprehendit.
1253 1082 1456 1135 Verum
1507 1089 1563 1132 et
1611 1080 1700 1133 hic
1741 1094 1964 1148 quoque

2073 1087 2222 1156 δίκην
2250 1087 2416 1158 ᾔτουν
2448 1087 2656 1142 λαϐεῖν.
2700 1087 2760 1140 Ὀ
2785 1086 2842 1139 δὲ
2876 1085 3123 1157 ὕπαρχος
3156 1086 3347 1140 τοῦτον
3392 1084 3649 1154 παραλαο

396 1177 687 1231 coul‘estim
731 1178 970 1246 pugione
1000 1175 1144 1230 ictus
1176 1175 1456 1236 concidit,
1485 1183 1538 1226 et
1576 1182 1828 1227 mortuus
1859 1181 1962 1227 est.

2073 1178 2197 1242 ϐῶν,
2221 1179 2296 1242 ὡς
2346 1181 2440 1232 ἐπὶ
2471 1179 2762 1249 τιμιωρίαν
2793 1180 3066 1250 φυλάξων,
3107 1179 3204 1249 τὴν
3244 1177 3377 1248 βοὴν
3416 1176 3512 1230 τοῦ
3554 1176 3650 1244 δή-

394 1270 500 1326 Ubi
546 1279 728 1324 autem
759 1270 814 1321 in
859 1277 1042 1337 partes
1066 1282 1256 1320 omnes
1283 1265 1621 1335 profugiens,
1652 1281 1681 1318 a
1713 1265 1964 1318 inultitu-

2073 1284 2169 1335 μου
2204 1267 2357 1337 μόλις
2386 1269 2757 1324 κατέστειλεν.
2795 1272 2907 1324 Kal
2937 1271 3094 1332 ἄλλος
3119 1271 3387 1340 δαιμονᾷν
3415 1270 3650 1338 ὐποκρι-

395 1363 546 1426 dine,
576 1376 695 1432 qua:
725 1375 852 1414 eum
897 1358 1289 1422 circumdedit,
1329 1367 1523 1426 captus
1563 1366 1677 1418 est,
1707 1357 1760 1409 in
1794 1357 1966 1424 impe-

397 1454 590 1508 rialem
639 1454 862 1506 domum
914 1465 1039 1505 eum
1082 1451 1170 1503 illa
1214 1449 1489 1503 abduxit:
1528 1457 1582 1502 et
1629 1463 1752 1501 cum
1783 1447 1851 1500 ab
1899 1462 1965 1501 eo

2066 1361 2313 1427 νόμενος,
2335 1361 2664 1430 ἐγχειρίδιον
2701 1364 2767 1434 τῇ
2805 1362 2952 1432 χειρὶ
2983 1361 3254 1432 κατέχων,
3282 1362 3360 1423 ὡς
3383 1361 3480 1413 ἐπὶ
3507 1377 3645 1429 σφα-

2065 1453 2168 1520 γὴν
2201 1450 2296 1503 τοῦ
2331 1451 2488 1520 ἁγίου
2528 1452 2990 1523 παρεσκευάζετο.
3024 1455 3207 1523 Μήπω
3248 1453 3308 1506 δὲ
3345 1455 3414 1523 τῇ
3446 1452 3649 1522 πράξει

399 1547 494 1615 qui
542 1561 685 1599 unus
739 1561 804 1598 ex
864 1544 972 1598 illis
1015 1544 1109 1611 qui
1167 1543 1431 1596 Joannem
1472 1539 1742 1605 odissent,
1796 1550 1960 1602 esset,

2073 1541 2340 1595 ἐπιϐαλὼν
2363 1545 2657 1614 φωραθεὶς.
2674 1540 2872 1615 οἷάπερ
2893 1545 3099 1613 ὼνητός
3123 1545 3203 1612 τῷ
3219 1545 3456 1614 ὑπάρχῳ
3475 1560 3653 1613 προσ-

401 1649 516 1691 tum
546 1637 614 1690 ab
648 1637 728 1692 eis
757 1636 849 1706 qui
893 1636 1045 1690 illum
1088 1635 1154 1688 ad
1191 1634 1401 1688 facinus
1428 1641 1636 1685 tantum
1679 1631 1969 1698 produxis~

2073 1633 2281 1700 άγεται.
2339 1634 2514 1704 Πρινὴ
2549 1636 2593 1689 δ’
2629 1637 2817 1699 αἰκίας
2869 1636 3080 1697 λαϐεῖν,
3121 1635 3382 1705 Ἰωάννης
3415 1635 3656 1687 ἐπισκό-

397 1741 538 1791 sent,
585 1742 774 1797 punias
826 1726 1120 1780 sumendas
1166 1739 1288 1779 esse
1349 1722 1633 1798 ﬂagitavit.
1673 1721 1966 1776 Praefectus

2073 1689 2202 1788 πους
2230 1689 2451 1795 πέμψας
2479 1689 2590 1780 τῶν
2648 1689 3008 1796 ἀμφ’.αὐτὺν,
3042 1689 3142 1795 τῆς
3175 1689 3454 1797 τιμωρίας
3515 1727 3657 1790 tesi.

397 1835 532 1873 vero
569 1819 857 1872 hominem
895 1818 1157 1885 suscepit,
1189 1816 1354 1870 veluti
1386 1815 1450 1868 ad
1481 1814 1810 1883 supplicium
1837 1829 1962 1866 eum

2073 1817 2211 1881 λετο,
2252 1821 2325 1888 μή
2353 1835 2475 1871 τινα
2505 1822 2734 1889 πάσχειν
2761 1821 2829 1873 δι’
2864 1819 3028 1875 αὑτὸν
3050 1821 3351 1891 ᾑρημένος.
3379 1819 3496 1871 Kal
3523 1818 3655 1870 ἄλλο

397 1917 867 1973 conscrvaturus,
905 1909 1314 1977 clamoremque
1363 1907 1543 1975 plebis
1592 1906 1958 1975 compescuit.

2073 1907 2124 1959 δέ
2153 1923 2206 1959 τι
2240 1907 2478 1976 συμϐὰν,
2506 1908 2664 1976 ἔργον
2697 1907 2796 1976 μὲν
2824 1907 3079 1978 προνοίας
3102 1905 3261 1974 Θεοῦ,
3290 1906 3452 1971 δόξαν
3471 1906 3530 1958 δὲ
3558 1905 3654 1957 τοῦ

399 2004 557 2058 Alius
616 2015 840 2070 quoque
895 1999 1167 2054 dmmOnio
1229 1998 1424 2068 agitari
1488 2014 1546 2052 se
1611 1997 1964 2059 assimulans,

2073 1998 2270 2051 οἰκείου
2303 1997 2654 2068 θεράποντος,
2679 2003 2757 2062 είς
2783 2000 2946 2068 φόϐον
2965 1999 3021 2052 δὲ
3049 2001 3141 2051 καὶ
3159 1980 3521 2068 συναίσθησιν
3541 2000 3656 2050 τῶν

400 2096 696 2165 pugionem
749 2107 914 2146 manu
951 2100 1144 2146 tenens
1194 2089 1258 2144 ad
1294 2089 1499 2145 caedem
1553 2089 1728 2144 sancti
1762 2088 1865 2142 viri
1907 2102 1967 2141 se

2073 2094 2280 2163 σφόδρα
2311 2093 2601 2163 τολμηρῶν
2657 2096 2750 2146 καὶ
2792 2094 3058 2162 θρασέων,
3094 2095 3168 2155 ὼς
3207 2094 3351 2154 ὲνον,
3384 2093 3652 2161 διηγήσο-

403 2185 616 2253 para-vit
651 2201 665 2238 :
698 2185 792 2238 sed
825 2184 1036 2238 scelere
1073 2183 1317 2234 nondum
1356 2190 1566 2246 patrato
1601 2179 1968 2248 comprehen-

2075 2203 2193 2252 μαι.
2226 2187 2364 2241 Καθ’
2389 2187 2456 2258 ῆν
2486 2188 2596 2257 γὰρ
2649 2187 2862 2259 ἡμέραν
2893 2190 2922 2241 ὁ
2972 2188 3142 2257 μέγας
3167 2171 3268 2254 τῆς
3310 2187 3651 2256 Ἐκκλησίας

401 2290 516 2337 sus,
549 2286 809 2344 tanquam
845 2273 913 2327 ad
957 2272 1224 2342 ﬂagitium
1259 2271 1311 2324 id
1348 2271 1599 2325 mercede
1632 2270 1966 2333 conductus,

2073 2279 2247 2350 ἀστὴρ
2289 2280 2490 2334 ὡσανεὶ
2518 2281 2689 2334 δύνων
2740 2280 2874 2350 πρὸς
2902 2281 3002 2351 τὴν
3062 2281 3364 2350 ὑπερορίαν
3418 2281 3648 2349 ἐχώρει,

401 2369 468 2420 ad
514 2366 834 2437 przelectum
888 2364 1075 2418 itidem
1125 2363 1400 2418 abductus
1460 2369 1565 2415 est.
1631 2361 1963 2431 Priusquam

2073 2371 2184 2439 πῦρ
2219 2372 2281 2422 ὲκ
2307 2371 2473 2439 μέσου
2505 2369 2598 2422 τοῦ
2630 2370 2822 2440 θρόνου
2852 2370 3226 2440 άναθορὺν,ὲφ⁹
3261 2371 3320 2424 οὗ
3352 2373 3414 2426 τὸ
3438 2372 3542 2439 τῆς
3574 2373 3653 2424 δι-

401 2470 592 2515 autem
623 2466 897 2513 tormenta
923 2457 1001 2511 illi
1044 2456 1476 2522 adhiberentur,
1511 2456 1754 2512 Joannes
1782 2455 1970 2509 missis

2073 2459 2368 2523 δασκαλίας
2399 2459 2762 2530 προσεδρεῦον
2801 2460 2919 2528 φῶς
2957 2461 3396 2528 κατεπύρσευεν,
3426 2464 3650 2525 οὐδενδς

403 2547 497 2616 qui
539 2561 665 2601 cum
698 2560 766 2600 eo
803 2553 966 2601 erant
995 2545 1308 2614 episcopis,
1355 2545 1626 2615 supplicio
1679 2560 1802 2600 eum
1841 2561 1971 2602 exe-

2073 2552 2422 2620 ἐμϐαλόντος,
2469 2553 2730 2621 ἐξαπίνης
2763 2553 2852 2606 διὰ
2883 2552 2992 2606 τῶν
3045 2554 3210 2623 ἱερῶν
3255 2556 3523 2624 άνεῖρπεν
3568 2557 3652 2617 είς

405 2641 524 2702 mit,
559 2638 704 2709 quod
742 2638 1017 2694 neminem
1045 2654 1142 2692 sua
1179 2652 1340 2691 causa
1379 2639 1491 2706 pati
1522 2638 1824 2708 quidquam
1853 2637 1971 2692 vel-

2074 2647 2207 2716 ωιος
2243 2645 2509 2712 ἁλύσεων,
2552 2647 2645 2700 καὶ
2667 2647 2764 2718 τὴν
2800 2648 3104 2717 ἐκκλησίαν
3152 2651 3420 2704 πάντοθεν
3452 2653 3657 2705 ἐπεϐόα

404 2732 498 2785 let.
550 2729 763 2784 Accidit
815 2742 1036 2798 quoque
1102 2727 1252 2782 aliud
1301 2728 1584 2797 quiddam,
1631 2729 1776 2798 quod
1838 2743 1971 2783 sane

2075 2755 2255 2802 σκετο,
2289 2739 2472 2794 πᾶσάν
2501 2755 2558 2792 τε
2581 2739 2776 2808 ἀθρόον
2796 2740 3098 2811 διαδραμὸν
3132 2743 3376 2814 ἑνεμήθη
3403 2763 3418 2778 ο
3454 2745 3650 2798 ἔπειτα

404 2821 765 2891 providentiae
820 2820 916 2875 Dei
971 2820 1174 2874 factum
1218 2819 1450 2884 exstitit,
1499 2819 1736 2875 ministri
1785 2829 1969 2875 autem

2073 2837 2166 2889 καὶ
2194 2837 2296 2906 τὴν
2325 2835 2526 2905 στέγην
2561 2835 2850 2904 διαφαγὺν,
2883 2839 3027 2891 κατὰ
3068 2837 3240 2892 νώτου
3286 2839 3399 2893 τῶν
3426 2839 3653 2894 σεπτῶν

406 2916 523 2984 ejus
557 2929 679 2969 esse
706 2916 880 2968 visum
915 2923 999 2968 est
1029 2929 1042 2967 :
1090 2913 1144 2966 id
1194 2911 1284 2968 hic
1312 2913 1378 2966 ad
1423 2921 1690 2969 terrorem
1726 2927 1783 2969 et
1820 2929 1971 2969 com-

2073 2927 2338 2996 δωμάτων
2377 2925 2594 2996 ἐχώρει.
2651 2926 2893 2998 Σφοδρδν
2937 2927 2983 2980 δ’
3010 2929 3225 2982 ἐκεῖθεν
3284 2931 3512 3000 πνεῦμα
3552 2934 3653 2986 καὶ

405 3007 701 3060 motionem
763 3006 1044 3058 hominum
1115 3005 1516 3074 praecipitanter
1571 3005 1862 3061 audacium
1917 3015 1971 3061 et

2077 3018 2248 3088 βίαιον
2277 3017 2663 3087 ἔκλαϐόμενον,
2699 3017 2794 3072 ἐπὶ
2813 3017 2905 3072 τὸν
2935 3019 3350 3089 παρακείμενον
3383 3024 3522 3092 προς
3553 3041 3657 3091 με-

408 3100 862 3163 temerariorum,
930 3107 1198 3167 quantum
1253 3106 1468 3168 potero,
1530 3114 1820 3169 exponam.
1889 3101 1970 3155 Eo

2075 3107 2350 3180 σημϐρίαν
2379 3109 2475 3176 τῆς
2507 3109 2812 3178 συγκλήτου
2851 3108 3052 3180 βουλῆς
3080 3107 3254 3176 οἷκον,
3305 3114 3516 3183 καίπερ
3561 3116 3656 3169 διὰ

409 3203 648 3255 namque
695 3187 782 3241 die
829 3201 941 3255 quo
985 3201 1238 3256 magnum
1275 3185 1532 3240 Ecclesiae
1579 3187 1750 3250 sidus,
1801 3187 1971 3242 veluti

2077 3199 2291 3267 μακροῦ
2327 3198 2603 3268 κείμενον,
2639 3199 2971 3266 ἔξετίνασσε.
3009 3201 3120 3255 Καὶ
3145 3199 3214 3272 ἦν
3242 3205 3375 3257 ἰδεῖν
3413 3209 3656 3276 πρᾶγμα

407 3279 685 3344 occidens,
720 3277 774 3331 in
807 3277 1060 3332 exsilium
1081 3276 1236 3344 abiit,
1270 3276 1413 3346 ignis
1445 3292 1513 3331 ex
1535 3277 1717 3332 medio
1745 3278 1966 3343 throno,

2073 3290 2212 3342 θεῖον
2236 3290 2310 3352 ὡς
2337 3290 2575 3360 ἀληθῶς,
2608 3292 2702 3343 καὶ
2735 3291 2856 3344 λίαν
2877 3291 3113 3356 ἐξαίσιον
3134 3309 3150 3324 ο
3181 3295 3214 3364 ἡ
3241 3294 3353 3363 γάρ
3378 3297 3533 3363 φλὸξ,
3560 3293 3653 3352 οἷά

408 3372 465 3424 in
493 3383 602 3439 quo
633 3368 898 3424 doctrina:
923 3368 1011 3422 illa
1042 3369 1136 3423 lux
1165 3368 1459 3423 considens
1482 3380 1873 3424 coruscaverat
1896 3412 1910 3434 ,
1939 3389 1968 3425 a
2071 3397 2154 3439 τις
2183 3379 2426 3439 ἔμψυχος
2460 3381 2901 3439 παραδραμοῦσα
2956 3382 3024 3436 τά
3067 3368 3076 3439 i

408 3465 630 3520 nemine
685 3463 992 3532 conjectus,
1026 3462 1268 3526 emicans
1308 3463 1606 3531 derepente
1645 3479 1742 3531 per
1784 3479 1971 3518 sacras

407 3567 629 3612 catenas
689 3557 743 3611 in
802 3555 1036 3610 sublime
1089 3553 1384 3624 prorepsit,
1435 3561 1492 3607 et
1548 3553 1842 3608 ecclesiam
1904 3569 1972 3608 ex

409 3649 558 3704 oznni
612 3659 768 3718 parte
808 3647 1051 3718 carpsit,
1101 3659 1333 3715 eamque
1381 3659 1606 3714 prorsus
1642 3659 1972 3714 percurrens

409 3742 672 3810 depastus
701 3748 784 3793 est
825 3754 842 3794 :
877 3736 1077 3792 deinde
1109 3745 1256 3792 tecto
1281 3751 1498 3806 quoque
1526 3744 1875 3804 consumpto,
1904 3735 1972 3789 ad

411 3843 625 3902 tergum
660 3846 940 3887 sacrarum
975 3829 1174 3885 aedium
1219 3843 1543 3892 conversus,
1569 3837 1626 3882 et
1661 3827 1972 3882 vehementi

410 3926 765 3994 violentoque
801 3923 930 3977 inde
961 3932 1122 3976 vento
1150 3931 1430 3991 exceptus,
1463 3922 1769 3991 proximam
1812 3922 1977 3976 meri-

413 4020 560 4073 diem
599 4032 791 4071 versus
818 4024 1046 4069 senatus
1071 4013 1282 4068 curiam
1305 4053 1318 4077 ,
1351 4015 1608 4084 quamvis
1637 4015 1974 4085 longiuscule

412 4108 688 4172 dissitam,
716 4106 938 4160 invasit.
991 4103 1228 4159 Cernere
1256 4115 1380 4158 erat
1411 4119 1526 4158 rem
1563 4104 1804 4159 divinam
1835 4106 1972 4174 fere,

412 4209 468 4251 ct
526 4197 686 4250 valde
736 4195 1140 4248 admirandam.
1221 4195 1464 4249 Flamma
1523 4212 1756 4265 namque
1800 4199 1971 4254 veluti

2071 3397 2154 3443 τις
2183 3379 2426 3450 ἔμψυχος
2460 3381 2901 3452 παραδραμοῦσα
2956 3382 3024 3436 τά
3065 3386 3270 3452 μεταξὺ
3305 3386 3649 3459 ὑπερήλατο,

2070 3476 2147 3536 ὡς
2189 3473 2253 3526 ἂν
2293 3474 2368 3545 μὴ
2399 3477 2466 3546 τῇ
2514 3475 2781 3545 ὲγγύτητι
2813 3474 3154 3546 ἀνθρώπινόν
3199 3495 3288 3542 τις
3337 3481 3554 3552 οίηθείη
3591 3483 3659 3536 τὸ

2073 3563 2255 3634 ἔργον.
2316 3567 2424 3620 Καὶ
2459 3567 2543 3630 είς
2586 3569 2738 3637 τρεῖς
2797 3567 2949 3638 ὥρας
3002 3570 3237 3624 είσάπαν
3278 3573 3340 3625 τὸ
3390 3574 3658 3628 τοσοῦτον

2073 3659 2235 3728 ἔργον
2266 3657 2362 3711 καὶ
2411 3659 2606 3729 χρόνου
2639 3660 3020 3731 ὑπερτερῆσαν
3074 3662 3296 3728 πολλοῦ,
3328 3663 3434 3736 ὕλῃ
3463 3667 3563 3734 μὲν
3591 3669 3654 3731 ις

2076 3747 2426 3801 πολυτέλειαν
2459 3748 2686 3820 πρώτην
2737 3749 2964 3820 ἀνῆκον,
3009 3754 3342 3822 περικαλλὲς
3377 3755 3435 3809 δὲ
3467 3757 3653 3820 ἄλλως

2076 3840 2168 3892 καὶ
2199 3837 2558 3907 ὡραιότατον,
2584 3841 2966 3912 παρανάλωμα
2993 3843 3186 3912 γέγονε
3221 3847 3482 3916 χωρῆσαν
3513 3851 3656 3916 πρὸς

2076 3931 2135 3983 τὸ
2169 3931 2245 4000 μὴ
2271 3930 2350 3984 ὃν.
2385 3930 2568 3984 Πάντα
2607 3931 2754 3985 δὲτὰ
2782 3931 2971 4003 κύκλῳ
3012 3937 3297 4006 παρέρπον
3321 3938 3382 3990 τὺ
3413 3940 3530 4011 πῦρ
3556 3943 3657 3993 καὶ

2076 4021 2482 4091 διανεμόμενον,
2513 4021 2606 4074 τοῦ
2657 4023 2903 4077 οἰκίσκου
2947 4026 3110 4096 μόνου
3143 4029 3406 4097 ἐφείδετο,
3458 4031 3490 4084 δ
3542 4034 3655 4086 τῶν

2079 4111 2239 4166 θείων
2293 4113 2506 4168 σκευῶν
2555 4111 2666 4186 εἶχε
2715 4116 2811 4187 τὴν
2844 4118 3117 4191 φυλακήν.
3149 4122 3258 4176 Καὶ
3284 4123 3450 4176 τοῦτο
3494 4121 3656 4194 οἶμαι

2076 4201 2329 4271 γενέσθαι
2361 4203 2460 4257 οὐκ
2505 4203 2690 4258 ἁθεείο
2718 4206 2794 4270 ὥς
2845 4209 2912 4263 ἂν
2943 4209 3020 4280 μή
3045 4229 3156 4266 τινι
3185 4213 3294 4267 τῶν
3352 4217 3654 4286 ᾑρημένων

413 4289 655 4341 animata
678 4295 848 4348 esset,
893 4284 1121 4339 aediﬁcia
1147 4301 1265 4355 quae
1299 4287 1355 4340 in
1387 4287 1569 4342 medio
1599 4298 1760 4344 erant
1783 4331 1796 4353 ,
1836 4307 1971 4361 prae-

2083 4296 2438 4361 συκοεραντείν
2466 4296 2675 4364 γένοιτο
2707 4299 2930 4370 ἀφορμὴ
2950 4305 3015 4372 τῇ
3050 4305 3160 4357 τῶν
3202 4284 3661 4378 ιερῶν-ἀπωλείᾳ

419 4379 628 4434 tericus
692 4375 976 4439 transiliit,
1031 4391 1100 4430 ne
1146 4377 1401 4432 videlicet
1454 4381 1698 4448 proxima
1747 4398 1971 4453 qumque

2081 4385 2334 4455 διαϐολὴν
2379 4389 2639 4454 γενναίαν
2699 4391 2967 4460 ῥάπτειν,
3004 4397 3097 4447 καὶ
3133 4375 3327 4464 μῶμον
3375 4398 3459 4468 τῷ
3509 4375 3658 4470 enim

419 4470 732 4540 carpendo,
788 4468 1089 4522 humanum
1141 4470 1194 4523 id
1248 4471 1520 4539 quispiam
1595 4471 1798 4528 factum
1856 4491 1971 4530 esse

2086 4476 2545 4548 προστρίψασθαι.
2594 4481 2666 4532 Τό
2711 4499 2772 4548 γε
2810 4484 2917 4552 μὴν
2947 4485 3061 4556 πῦρ
3087 4487 3267 4557 δείλης
3296 4488 3459 4557 ὀψίας
3486 4468 3658 4558 ἀρξά.

417 4571 658 4633 putaret.
693 4560 1006 4630 Tribusque
1028 4561 1180 4616 boris
1213 4576 1353 4648 Opus
1379 4571 1613 4623 tantum,
1642 4565 1787 4633 quod
1813 4565 1971 4637 longe

2089 4585 2268 4638 μενον,
2298 4570 2496 4638 μέχρις
2530 4569 2604 4622 ’ἐω
2643 4574 2735 4624 καὶ⁵
2783 4577 3096 4647 περαιτέρω
3137 4577 3336 4648 ἐχώρει
3369 4581 3510 4648 πρὸς
3553 4582 3658 4643 τὰς

417 4655 673 4708 durasset
705 4664 974 4722 tempore,
1004 4652 1233 4705 materia
1261 4643 1485 4721 q’uidem
1511 4654 1668 4724 longe
1695 4658 1971 4724 pretiosis-

2086 4663 2166 4713 ἔτι
2207 4658 2552 4725 συνεστώσας
2609 4661 2741 4726 ὔλας
2783 4643 2952 4735 ἕρπον
2975 4643 3026 4730 ,1
3063 4643 3198 4722 καὶ-⁷
3223 4643 3425 4739 θοίνην⁷
3475 4672 3659 4725 πάντα

419 4751 580 4809 sima,
620 4747 796 4801 forma
833 4755 1018 4801 autem
1056 4745 1230 4800 multo
1288 4746 1658 4815 pulcherrima
1690 4759 1971 4804 construc-

2089 4751 2428 4821 ποιούμενον.

423 4858 561 4909 tum,
597 4845 665 4898 ad
704 4841 977 4898 excidium
1010 4857 1242 4912 vergens
1277 4842 1626 4912 conﬂagravit
1670 4844 1772 4913 (ι).
1802 4846 1974 4903 Porro
2018 4849 2334 4906 incendium
2385 4852 2488 4902 hoc
2554 4865 2884 4921 proserpens
2931 4854 3032 4924 (Ξ),
3071 4857 3317 4912 aediliciis
3391 4861 3662 4914 omnibus

423 4944 478 4997 in
521 4939 755 4993 circuitu
800 4939 1175 5017 consumptis,
1204 4939 1525 4993 abazdicula
1556 4955 1619 4994 ea
1662 4941 1776 4994 sola
1839 4943 2126 5010 abstinuit,
2190 4945 2280 4999 ubi
2344 4959 2498 4999 saera
2563 4963 2688 5002 vasa
2724 4959 2856 5003 sunt
2906 4963 3206 5006 asservata.
3239 4952 3402 5023 397
3455 4956 3538 5007 Ac
3590 4971 3662 5010 ne

423 5029 477 5082 id
541 5027 765 5097 quidem
829 5028 1038 5097 absque
1077 5030 1267 5084 divino
1329 5031 1555 5084 nurnine
1601 5030 1808 5086 factum
1863 5049 1985 5090 esse
2023 5047 2190 5106 puto,
2259 5047 2319 5091 ut
2381 5054 2446 5091 ue
2470 5039 2969 5096 calumniatoribus
3001 5045 3218 5099 occasio
3266 5061 3436 5111 esset,
3471 5064 3664 5102 sacra-

424 5140 544 5177 rum
574 5123 986 5193 rerumjactura
1020 5125 1284 5194 insignem
1326 5125 1732 5195 sycophantiam
1759 5129 1977 5192 suendi,
2020 5132 2313 5201 virumque
2381 5144 2631 5186 sanctum
2699 5149 2797 5202 per
2843 5135 3333 5204 reprehensionem
3366 5143 3664 5209 carpendi.

433 5218 678 5273 Flamma
716 5233 838 5286 qua:
864 5217 1084 5272 circiter
1113 5221 1498 5289 crepusculum
1529 5221 1765 5291 grassari
1836 5233 2098 5292 coeperat,
2131 5225 2196 5279 ad
2223 5240 2479 5279 auroram
2521 5239 2692 5295 usque
2754 5236 2810 5282 et
2870 5230 3102 5286 ulterius
3164 5247 3487 5302 progressa,
3551 5249 3669 5288 ma-

429 5311 623 5366 teriam
657 5325 777 5380 quae
805 5309 1017 5378 reliqua
1043 5310 1224 5364 adhuc
1256 5322 1393 5374 erat,
1432 5317 1720 5381 occupavit
1745 5324 1800 5368 et
1825 5316 2148 5370 combussit.

495 5493 570 5569 (ί)
603 5491 1082 5569 Socrat.librpv1.
1116 5507 1236 5569 cap.
1295 5492 1398 5569 l8._
1532 5562 1541 5569 _
1661 5564 1672 5569 _
2082 5497 2254 5550 sarios
2319 5509 2698 5568 regesserunt:
2755 5501 2910 5569 quasi
2981 5518 3077 5558 eos
3112 5519 3218 5559 una
3268 5520 3397 5560 cum
3424 5509 3671 5565 ecclesia

498 5561 902 5652 Siigltdversarii
931 5561 1498 5652 Joan‘n‘isniuceudiuu‘i
1532 5562 1633 5615 huc
1660 5564 1713 5643 in
1739 5574 1976 5652 sectato-
2081 5561 2406 5652 conuburcré
2436 5570 2586 5624 vivos
2615 5561 2907 5628 voluerint.
2939 5571 3180 5643 (Sozam.
3213 5574 3314 5630 lib.
3349 5561 3673 5652 uti,

431 5643 520 5683 res
553 5633 669 5698 ejus
696 5633 1020 5701 reiecerunt.
1047 5633 1113 5686 At
1142 5635 1218 5686 illi
1244 5648 1429 5687 ςυίιιω
1469 5634 1670 5686 factum
1698 5635 1750 5687 in
1785 5636 1973 5689 adver-
2084 5637 2196 5705 ‘22).
