3898 6192
219 258 360 324 1005

796 375 1050 429 ΚΕΦΛΛ.
1091 376 1213 432 KB'.

209 485 353 563 Περί
379 484 487 563 τοῦ
519 486 848 563 γενομένου
878 489 1138 563 διωγμοῦ
1177 493 1298 556 τοῖς
1335 495 1794 563 προσκειμένοις

278 555 362 632 ςῷ
395 555 811 632 Χρυοροτόμῳ
825 576 838 588 ο
865 559 966 612 καί
993 555 1074 625 ὧς
1104 562 1169 632 ἠᾼ
1190 555 1521 632 Ἑκκλῇο-ία
1560 555 1655 617 διὰ
1681 555 1794 632 rip"

278 626 521 681 ἐκείνου
545 626 760 681 ἄδικον
783 629 1110 696 ὑπερορίαν
1131 626 1437 700 διῄρηται.

280 739 346 792 Οί
386 739 444 792 δὲ
486 741 716 810 πονηροὶ
753 740 877 794 δέον
921 742 1126 812 μᾶλλον
1165 746 1414 802 ἐντεῦθεν
1454 755 1690 806 συνιέναι
1732 756 1792 807 τὸ

205 828 362 890 δέον,
396 831 614 900 μάλιστ’
636 832 895 902 ἀφορμῆς
925 833 1018 887 xui.
1046 834 1214 904 ἄλλης
1242 837 1606 911 δραξάμενοι,
1637 845 1793 899 ἐπαι-

206 913 474 984 τιώμενοι
499 919 614 980 τοῖς
644 920 1069 988 προσκειμένοις
1093 923 1340 997 Ἰωάννῃ,
1368 928 1440 992 ὡς
1471 932 1668 1002 ἐκείνῳ
1697 951 1792 1002 χα-

211 1006 491 1075 ριζόμενοι
519 1011 721 1077 ἐνῆκαν
748 1013 808 1064 τὸ
836 1012 968 1082 πῦρ,
998 1013 1188 1078 δεινῶς
1214 1019 1474 1083 ἐκόλαζον
1498 1037 1514 1053 ο
1543 1026 1636 1077 καὶ
1662 1027 1790 1078 πολ·

205 1097 340 1161 λοῦς
380 1102 482 1168 μὲν
515 1101 625 1153 τῶν
660 1103 1019 1169 ἐπισκόπων,
1057 1110 1156 1161 οὐκ
1196 1110 1414 1178 ὀλίγους
1451 1114 1511 1166 δὲ
1550 1118 1645 1169 καὶ
1682 1120 1789 1172 τῶν

210 1188 406 1257 ἱερέων
435 1192 529 1243 καὶ
559 1193 866 1263 κληρικῶν,
899 1197 995 1251 καὶ
1025 1198 1136 1251 τῶν
1166 1201 1341 1256 ἄλλων
1369 1206 1420 1258 οἶ
1449 1209 1545 1277 τῆς
1576 1209 1786 1262 ἐκείνου

208 1279 436 1348 μερίδος
485 1279 622 1352 ἦσαν
669 1286 761 1338 καὶ
812 1289 1008 1359 ἐκείνῳ
1058 1293 1575 1365 συνεξεληλυθότες,
1626 1302 1787 1365 εὐθὺς

209 1369 636 1442 συλλαϐόμενοι,
679 1377 736 1428 ὲν
773 1377 1081 1450 Χαλκηδόνι
1120 1386 1438 1457 καθεῖρξαν.
1470 1391 1690 1461 Ἐτεροι
1729 1395 1786 1447 δὲ

203 1466 302 1517 καὶ
333 1467 437 1518 ἀνὰ
463 1467 560 1536 τὴν
587 1467 744 1522 πόλιν
774 1473 1082 1541 περιιόντες
1109 1475 1450 1548 ἁπανταχοῦ,
1485 1483 1540 1535 εἴ
1564 1503 1688 1541 τινα
1719 1487 1786 1542 τά

203 1556 422 1609 ἐκείνου
455 1561 672 1628 φρονεῖν
699 1563 1150 1633 κατεμηνύοντο,
1184 1569 1345 1633 εὐθὺς
1377 1573 1781 1643 συλλαμϐάνον·

202 1662 321 1708 τες,
359 1647 463 1700 ὑπὸ
504 1652 756 1718 φρουρὰν
788 1653 1088 1718 ἐποιοῦντο,
1130 1661 1222 1711 καὶ
1265 1661 1368 1714 ὑπὸ
1407 1666 1657 1736 ἀνάθεμα
1691 1670 1782 1723 τὸν

203 1735 362 1799 ἅγιον
395 1737 723 1794 ὑποϐάλλειν
754 1744 1088 1813 ἠνάγκαζον.
1121 1750 1260 1814 Τοὺς
1289 1752 1333 1804 δ’
1359 1735 1655 1823 ἄλλους,ίοῖ
1683 1763 1782 1832 τὴν

201 1826 316 1878 τῶν
347 1833 805 1899 πονηρευομένων
831 1835 1134 1907 ἐκκλησίαν
1163 1843 1408 1911 ἐμίσουν,
1436 1848 1666 1920 ὲξορίαι,
1694 1826 1785 1924 δη..

211 1919 439 1986 μεὺσεις
458 1960 474 1985 ,
504 1922 725 1976 Θάνατοι
747 1965 762 1991 ,
797 1928 932 1996 πρὸς
960 1930 1017 1982 δὲ
1051 1934 1294 1986 ποικίλαι
1320 1919 1572 2004 κολάσεις
1598 1919 1782 2013 διεμε-

207 2009 450 2076 ρέζοντο.
476 2007 660 2067 Ἦσαν
681 2014 729 2067 δ’
747 2012 895 2071 οὗτοι
921 2020 1209 2076 ἐπίσκοποι
1235 2027 1329 2078 καὶ
1359 2028 1544 2097 ἱερεῖς,
1573 2036 1665 2087 καὶ
1686 2007 1783 2089 ἀλη-

208 2103 317 2158 λως
350 2097 450 2166 τὴν
485 2101 796 2172 ἀσκητικὴν
832 2105 1149 2176 φιλοσοφίαν
1181 2112 1554 2182 ἠγαπηκότες.
1579 2119 1782 2193 Ἐχρῆν

208 2188 305 2241 καὶ
353 2191 463 2259 γάρ
512 2193 607 2245 τοῦ
662 2196 828 2248 καλοῦ
884 2200 1148 2268 ποιμένος
1199 2204 1421 2272 ἀνόμοις
1473 2188 1781 2279 ἐκδοθέντος

202 2279 388 2347 χερσὶ,
419 2280 487 2332 τά
511 2299 569 2334 τε
601 2284 854 2354 πρόϐατα
884 2287 1376 2362 διασκορπισθῆναι
1406 2299 1500 2348 καὶ
1525 2300 1601 2369 τῷ
1631 2301 1778 2356 διδα-

205 2370 396 2440 σκάλῳ
423 2373 620 2443 ἐπίσης
650 2376 759 2429 τῶν
785 2378 1026 2450 ἀνιαρῶν
1055 2386 1441 2455 συμμετέχειν.
1469 2390 1531 2444 Οἱ
1563 2393 1661 2461 μὲν
1688 2396 1780 2449 οὖν

203 2461 482 2532 ἐπλήρουν
512 2467 610 2530 τὰς
637 2465 868 2535 ἔγγιστα
899 2473 1167 2540 φυλακὰς,
1198 2477 1244 2528 oi
1273 2477 1320 2529 δ’
1345 2482 1400 2542 ἐς
1429 2481 1529 2551 τὴν
1563 2487 1778 2556 πορρωσ

208 2552 358 2620 τέρω
386 2552 696 2609 ἐστέλλοντο
720 2558 969 2630 ἤπειρον,
996 2564 1090 2615 καὶ
1119 2568 1337 2636 μακράν
1361 2569 1551 2625 ἔπλεον
1579 2552 1779 2631 Θάλασο

209 2657 346 2708 σαν,
383 2646 580 2716 νήσους
620 2651 962 2720 οἰκήσοντες,
1002 2659 1271 2727 πρότερον
1307 2664 1530 2724 πολλαῖς
1571 2670 1776 2736 αἰκίαις

201 2739 699 2805 κατεργασθέντες.
735 2739 837 2796 Οἷα
880 2745 935 2798 δὲ
980 2749 1161 2813 αὐτοῖς
1198 2754 1264 2806 τὰ
1307 2757 1448 2810 κατὰ
1486 2761 1580 2820 τὰς
1623 2763 1775 2823 ὁδοὺς

200 2829 528 2897 συνέπιπτε,
558 2836 708 2899 ποῖος
737 2836 891 2904 λόγος
924 2841 1422 2914 ὲκτραγῳδήσειενς
1454 2850 1633 2918 Ὤμοῖς
1666 2855 1772 2925 γὰρ

193 2920 302 2970 καὶ
348 2926 738 2991 πονηροτάτοις
782 2929 1092 2995 ὲκδοθέντες
1137 2935 1425 3003 ἀνδράσιν,
1467 2937 1634 3008 ὠμῶς
1677 2920 1770 2999 καλ

1077 261 1680 328 ECCLESIASTICIE
1720 268 2108 331 IIISTORLE
2154 275 2296 336 LIB.
2335 276 2508 338 Xlll.

1822 386 1873 444 A

3342 289 3469 358 1006

2488 394 2718 452 CAPUT
2757 399 2873 455 XII.

1898 500 1972 552 De
2015 503 2372 593 persecutione
2404 523 2589 593 Aquam
2627 511 3051 593 iinpertuierunt
3115 522 3205 590 qui
3240 521 3468 593 Chryso-

1963 582 2130 651 sfomo
2171 573 2456 660 fulserunt}
2494 590 2637 660 ft'ut
2681 573 2914 639 Ecclesia
2948 573 3468 660 proptériinj-usiu'm

1961 642 2076 704 eius
2101 644 2348 697 exsilium
2379 649 2444 699 sit
2472 650 2658 703 divisa.

1963 751 2222 808 Sedenim
2279 757 2530 812 homines
2555 763 2817 828 perversi,
2849 779 2974 818 cum
2999 765 3052 820 id
3077 771 3224 838 quod
3249 787 3467 841 aequum

1892 853 2014 898 erat
2069 847 2340 914 conjicere
2395 860 2560 919 atque
2622 851 2931 925 intelligere
2994 859 3122 913 inde
3178 861 3464 928 deberent,

1892 939 2178 994 occasione
2237 941 2418 1006 potius
2475 944 2581 998 alia
2641 958 2881 1016 arrepta,
2936 950 3162 1007 Joannis
3219 954 3462 1013 fautores

1890 1026 2163 1085 criminati
2198 1041 2368 1086 sunt:
2405 1043 2570 1104 atque
2605 1037 2658 1090 in
2703 1053 2818 1104 eos,
2869 1042 3035 1094 veluti
3068 1044 3143 1096 illi
3175 1048 3466 1115 gratificati

1891 1116 2208 1175 incendium
2260 1123 2309 1177 id
2349 1125 2716 1195 excitassent,
2771 1131 3010 1199 graviter
3058 1136 3466 1194 animadverte-

1893 1217 2024 1260 runt
2050 1225 2064 1262 :
2101 1211 2413 1283 multosque
2441 1217 2752 1288 episcopos,
2783 1238 2883 1276 nec
2913 1239 3117 1292 paucos
3141 1230 3464 1286 sacerdotes

1889 1307 1944 1352 et
1981 1301 2249 1366 clericos,
2284 1307 2535 1378 aliosque
2574 1310 2701 1364 item
2738 1314 2831 1381 qui
2866 1314 2921 1368 in
2950 1314 3178 1371 Joannis
3216 1321 3464 1389 partibus

1885 1404 2072 1458 erant,
2121 1404 2177 1448 et
2213 1411 2336 1450 cum
2373 1414 2441 1454 eo
2479 1401 2613 1457 urbe
2642 1403 2929 1470 exierant,
2977 1411 3163 1464 statim
3208 1428 3463 1484 compre-

1886 1483 2090 1543 hensos
2131 1488 2477 1548 Chalcedone
2526 1494 2582 1548 in
2654 1497 2871 1553 vincula
2924 1503 3306 1573 conjecerunt.
3355 1507 3461 1562 Alii

1886 1595 2052 1649 porro
2085 1583 2139 1637 in
2174 1585 2313 1639 urbe
2343 1587 2545 1656 passim
2578 1588 3020 1659 obambulantes,
3056 1598 3102 1650 si
3130 1597 3254 1666 quis
3283 1599 3368 1653 eis
3398 1609 3460 1653 ut

1884 1672 2112 1729 Joannis
2160 1679 2445 1735 studiosus
2494 1683 2768 1740 indicatus
2824 1697 3003 1752 esset,
3055 1704 3183 1744 eum
3235 1707 3458 1761 quoque

1885 1765 2023 1821 citra
2074 1783 2279 1824 moram
2328 1783 2664 1841 rapuerunt,
2712 1786 2876 1848 atque
2913 1783 3176 1837 custodiae
3223 1787 3460 1840 manda-

1883 1866 2046 1919 runt,
2094 1869 2149 1914 et
2197 1871 2256 1916 ut
2307 1866 2655 1924 anathemate
2705 1875 2882 1927 virum
2938 1885 3188 1930 sanctum
3237 1876 3452 1944 feriret,

1883 1963 2204 2020 coegerunt.
2243 1955 2392 2009 Alios
2431 1968 2614 2013 autem
2647 1962 2851 2029 quibus
2885 1965 3116 2020 ecclesia
3153 1969 3458 2037 malignan-

1884 2041 2019 2095 tium
2055 2059 2219 2098 exosa
2253 2055 2410 2112 erat,
2445 2051 2668 2117 exsilia,
2699 2053 2969 2110 honorum
3006 2058 3452 2126 t-onliscationes,

1883 2148 2047 2188 neces
2079 2145 2134 2189 et
2187 2143 2454 2194 tormenta
2503 2143 2651 2198 varia
2692 2145 3106 2218 disjunxerunt.
3149 2153 3322 2207 Erant
3352 2142 3453 2209 au-

1884 2233 1990 2278 tem
2022 2225 2132 2289 isti,
2166 2229 2409 2300 episcopi
2442 2241 2498 2287 et
2525 2236 2862 2297 sacerdotes.
2897 2250 2954 2294 et
2989 2245 3303 2298 nionasticae
3333 2247 3456 2314 phi-

1881 2313 2146 2384 losophiae
2207 2313 2529 2379 sectatores.
2596 2324 2900 2395 Oportebat
2959 2333 3164 2386 etenim
3228 2313 3451 2402 pastore

1879 2404 2026 2460 bono
2087 2408 2380 2478 impiorum
2438 2415 2692 2470 manibus
2751 2419 2990 2488 tradito,
3047 2438 3179 2477 Oves
3227 2439 3450 2494 quoque

1881 2498 2143 2571 dispergi,
2180 2510 2236 2556 et
2263 2507 2581 2562 earumdem
2617 2525 2738 2564 cum
2781 2514 3042 2582 magistro
3075 2531 3446 2574 aerumnarum

1880 2589 2177 2658 participes
2233 2591 2371 2648 ﬁeri.
2433 2596 2621 2667 Itaque
2677 2601 2768 2654 alii
2829 2604 3113 2660 custodias
3169 2608 3448 2675 proximas

1875 2680 2326 2752 compleverunt;
2377 2687 2466 2741 alii
2501 2690 2554 2743 in
2584 2692 2924 2765 ‘uiteriorem
2961 2696 3108 2750 missi
3149 2701 3447 2756 continuen-

1875 2779 2014 2833 tem.
2054 2787 2264 2831 vastum
2293 2781 2564 2850 trajecere
2598 2799 2774 2848 mare,
2811 2786 3021 2843 insulas
3055 2791 3443 2858 inltahitaturi,

1874 2878 1998 2917 cum
2048 2869 2270 2933 quidem
2326 2871 2511 2925 multis
2549 2875 2703 2941 prius
2753 2877 2970 2947 injuriis
3019 2893 3205 2936 essent
3234 2887 3436 2944 affecti.

1873 2954 2006 3020 Quae
2047 2975 2175 3014 vero
2211 2961 2318 3018 illis
2360 2964 2416 3018 in
2458 2966 2804 3034 profectione
2840 2973 3068 3030 adversa
3110 2978 3439 3047 acciderint,

195 3012 589 3083 ἀπανθρώπως
617 3016 887 3088 ἔπασχον,
908 3023 1167 3093 οὐδεμιᾶς
1193 3027 1404 3095 φειδοῦς
1436 3033 1766 3103 ἀξιούμενοι,

199 3103 312 3134 κη’.
364 3106 410 3134 λς
465 3106 562 3134 ..ἓ-υ
608 3110 826 3134 ;-_~..'.-.
1027 3113 1129 3134 ,ηρ
1287 3119 1333 3134 Α.
1368 3121 1431 3134 ...ι
1731 3129 1742 3134 -

1883 3012 1918 3020 _
2091 3012 2100 3014 ἡ
2155 3012 2164 3013 ,
2213 3012 2316 3018 η--
2458 3012 2803 3034 ,-,._-..-....
2840 3012 3068 3030 ...ηωσα
3110 3012 3439 3047 “suum...”

1874 3063 2121 3116 qumnam
2165 3054 2341 3107 oratio
2391 3056 2612 3124 tragicis
2657 3062 2841 3118 verbis
2882 3071 3239 3134 exposuerit?
3290 3073 3442 3131 Feris

194 3103 317 3155 Καὶ
363 3106 412 3156 oi
464 3106 562 3174 μὲν
604 3110 972 3180 ἀσπλάγχνως
1021 3113 1162 3168 οὕτω
1209 3119 1333 3172 καθ’
1357 3121 1474 3174 όδδν
1527 3129 1770 3180 κατετεί-

195 3211 357 3246 νοντο
381 3211 394 3225 ·
428 3199 476 3248 οί
507 3198 552 3250 δ’
578 3201 908 3269 ἐφεστρίδιον
936 3204 1061 3275 δίχα
1097 3208 1310 3277 φόρτων
1342 3214 1500 3282 δίκην
1531 3222 1770 3286 γυμναῖς

193 3288 604 3356 ὲπερῤίπτοντο
638 3292 922 3362 ἡμιόνοις,
959 3298 1132 3366 ἱερεῖα
1169 3302 1421 3376 καθάπερ
1456 3306 1488 3377 ἢ
1526 3312 1764 3379 σφάγια,

197 3380 347 3430 κατὰ
379 3382 618 3452 κεφαλὴν
648 3385 1039 3455 αἰωρούμενοι.
1070 3391 1182 3460 Τὴν
1207 3393 1252 3446 δ’
1276 3395 1596 3467 ὑπεροψίαν,
1627 3403 1692 3454 τά
1721 3404 1764 3454 δ’

191 3471 384 3542 ὀνείδη
404 3513 418 3538 ,
448 3473 584 3526 ἀλλὰ
610 3475 704 3544 τὴν
734 3477 933 3548 χλεύην
952 3518 967 3542 ,
995 3481 1087 3533 τὸν
1116 3483 1292 3552 βαρὺν
1321 3488 1577 3559 μυκτῆρα
1599 3531 1613 3556 ,
1640 3510 1764 3555 τους

193 3564 621 3633 καταγέλωτας,
665 3567 700 3621 ἃ
746 3571 928 3641 πολλῷ
971 3572 1295 3646 δριμύτερον
1339 3581 1622 3635 καθίενται
1667 3588 1761 3654 τῆς

197 3658 404 3726 ψυχῆς,
434 3659 466 3730 ἢ
497 3661 702 3731 πληγαὶ
734 3665 827 3716 καὶ
858 3666 1151 3738 ἐπάλληλοι
1185 3670 1466 3739 μάστιγες,
1494 3673 1530 3727 ἃ
1561 3678 1764 3745 μᾶλλον

185 3752 394 3803 εὐκτὸν
422 3753 638 3806 ἐποίουν
664 3756 756 3808 τὸν
783 3756 1006 3810 θάνατον
1024 3799 1038 3822 ,
1068 3761 1153 3823 τίς
1185 3763 1366 3828 ἱκανὸς
1394 3765 1760 3837 διηγήσασθαι

183 3838 352 3905 ,λόγος
376 3855 390 3903 ;
416 3839 826 3911 Ἐντρυφῶντες
855 3845 911 3898 δὲ
939 3850 1005 3917 τῇ
1037 3849 1258 3902 ἐκείνων
1287 3853 1537 3927 αἰσχύνῃ,
1571 3860 1628 3909 ἐν
1659 3875 1762 3926 χα-

189 3936 547 4002 μαιτυπείοις
593 3937 875 3992 ἐποιοῦντο
915 3940 1014 4002 τὰς
1056 3943 1406 4009 καταλύσεις,
1446 3951 1540 4002 καὶ
1581 3948 1760 4013 ἄλλοις

183 4026 495 4094 αἰσχίστοις
526 4030 890 4096 καταγωγίοις
921 4031 968 4081 οἱ
1002 4031 1284 4103 βδελυρίας
1318 4040 1540 4105 μεστοὶ,
1572 4043 1669 4094 οὐκ
1702 4047 1758 4097 ὲν

187 4121 365 4187 ἱεροῖς
399 4120 587 4187 οἴκοις,
621 4121 652 4190 ἢ
684 4121 862 4184 ἄλλοις
895 4124 1210 4195 ἐπιτηδείως
1238 4125 1419 4197 ἔχουσι
1449 4132 1630 4196 τόποις
1663 4138 1756 4203 ἐγ-

181 4211 463 4274 κλείοντες
488 4229 500 4241 ·
532 4211 570 4265 ἃ
607 4215 779 4285 μικρά
812 4217 1029 4278 πάντως
1064 4219 1161 4272 καὶ
1193 4220 1266 4282 ὡς
1299 4222 1453 4275 οὐδὲν
1487 4225 1753 4294 ἐνόμιζον,

183 4305 218 4372 ἢ
257 4305 353 4371 τῆς
380 4301 630 4358 Ἰωάννου
670 4308 886 4378 μερίδος
920 4308 1265 4379 διαζυγῆναι.
1300 4314 1364 4368 Ei
1397 4317 1451 4369 δὲ
1489 4319 1580 4371 καί
1614 4337 1754 4383 τινες

1872 3142 2017 3194 enim
2051 3154 2106 3197 et
2141 3144 2564 3214 improbissimis
2596 3155 2877 3210 commissi
2915 3157 3272 3229 hmuinibus,
3309 3180 3442 3222 crti-

1871 3231 2071 3286 deliter
2101 3244 2155 3288 et
2194 3235 2570 3294 inhumaniter
2604 3242 2671 3295 ab
2699 3244 2782 3299 eis
2814 3255 2943 3302 sunt
2974 3254 3188 3306 tractati
3217 3269 3232 3319 ;
3263 3271 3440 3326 neque

1871 3324 1951 3378 eis
1977 3326 2227 3394 quapiam
2265 3328 2318 3382 in
2348 3345 2405 3385 re
2434 3341 2519 3385 est
2551 3349 2799 3401 parsum.
2835 3338 2904 3392 Et
2933 3343 3183 3398 nonnulli
3216 3324 3437 3416 qu-idem

1869 3426 2068 3484 pneter
2097 3419 2634 3476 commiserationem
2656 3440 2874 3482 omnem
2908 3431 2962 3484 in
2994 3433 3076 3487 via
3112 3435 3185 3491 ita
3219 3443 3436 3496 tractati

1867 3517 2015 3559 sunt.
2042 3506 2300 3563 Nonnulli
2328 3525 2456 3564 vero
2485 3513 2604 3566 sine
2633 3517 2869 3572 amiculo
2911 3522 3236 3580 clitellarum
3265 3530 3438 3586 instar

1864 3596 2030 3651 nudis
2074 3597 2258 3667 iniecti
2305 3611 2436 3655 sunt
2458 3604 2644 3669 mulis,
2678 3607 2821 3661 haud
2851 3610 3013 3665 aliter
3035 3631 3197 3683 quant
3233 3620 3432 3681 hostia:

1865 3698 1957 3740 aut
2009 3688 2242 3744 victima:
2301 3691 2355 3744 in
2399 3703 2563 3763 caput
2619 3697 2878 3754 deorsum
2936 3719 3159 3762 versum
3209 3714 3430 3773 sublati.

1863 3777 2030 3848 398
2061 3780 2484 3850 DeSpicientiam
2525 3804 2674 3852 vero,
2709 3795 2980 3863 convicia,
3005 3799 3271 3870 ludibria,
3305 3827 3434 3880 gra-

1864 3882 1958 3923 ves
1987 3886 2222 3937 sannas,
2259 3874 2566 3944 illusiones,
2601 3897 2724 3950 qua:
2755 3888 2940 3943 acrius
2976 3893 3220 3951 animum
3257 3874 3429 3968 pene-

1865 3966 2026 4023 trant,
2061 3971 2156 4015 ant
2193 3964 2375 4036 plagas
2431 3979 2487 4022 et
2521 3970 2789 4030 alternata
2824 3976 3013 4047 ﬂagra,
3045 3999 3166 4052 qua:
3197 3964 3428 4048 utortem

1861 4051 2242 4119 Optabiliorem
2276 4059 2587 4128 reddidere,
2627 4081 2746 4134 quae
2775 4070 2940 4125 verba
2980 4051 3116 4131 satis
3144 4093 3430 4149 expresse-

1863 4143 2010 4196 rint?
2057 4145 2124 4199 Et
2169 4149 2315 4218 quod
2363 4151 2418 4206 in
2465 4153 2661 4210 horum
2707 4162 2919 4228 pudore
2962 4174 3023 4220 et
3066 4143 3292 4228 infamia
3323 4177 3426 4233 sibi

1859 4233 2085 4290 delicias
2127 4239 2392 4309 facerent,
2438 4244 2492 4298 in
2541 4247 2826 4317 lupanaria
2865 4265 3032 4326 atque
3091 4262 3198 4319 alia
3235 4266 3430 4326 fcedis-

1858 4323 1993 4378 sima
2029 4326 2303 4384 domicilia
2327 4373 2341 4392 .
2374 4345 2430 4388 et
2468 4351 2574 4391 non
2620 4340 2674 4394 in
2713 4323 2970 4402 honestas
3002 4351 3150 4408 aedes
3193 4356 3432 4415 diverte-

182 4397 369 4448 αὐτῶν
402 4399 682 4467 διαφυγεῖν
721 4401 952 4470 ἴσχυσαν
973 4443 987 4468 ,
1024 4403 1177 4458 οὐδὲν
1209 4400 1372 4476 ἦττον
1406 4410 1558 4462 αὐτοὶ
1603 4412 1750 4479 σξῶν

183 4490 421 4512 L_-:-,-,._-
476 4507 587 4512 -..λα
638 4493 703 4512 ,εἰ
796 4496 872 4512 3,’
924 4511 933 4512 κ
1135 4497 1150 4512 \
1219 4499 1308 4512 Cn.
1499 4504 1511 4512 ι
1695 4505 1705 4512 ι

1872 4427 2016 4482 runt,
2057 4421 2248 4478 aliisve
2289 4425 2505 4484 idoneis
2534 4430 2675 4487 locis
2720 4435 2819 4490 hos
2855 4437 3236 4512 incluserunt,
3271 4467 3430 4508 exse-

179 4490 426 4554 ἐγίνοντο
474 4493 736 4562 τιμωροὶ,
788 4496 1007 4557 ἀοίκους
1061 4497 1158 4548 καὶ
1209 4499 1447 4564 ἀϐάτους
1495 4504 1750 4572 ἐσχατιάς

177 4581 401 4644 ἑαυτοῖς
427 4585 950 4654 καταψηφισάμενοι
971 4601 989 4619 ο
1015 4590 1112 4658 τὴν
1141 4592 1282 4656 μετά
1311 4591 1516 4663 θηρίων
1539 4595 1752 4664 οἴκησιν

174 4671 390 4738 μᾶλλον
421 4671 453 4741 ἢ
488 4674 607 4742 μετ’
634 4675 938 4745 ἀνθρώπων
967 4678 1139 4743 οὕτως
1169 4683 1372 4751 ἀγρίως
1405 4684 1498 4737 καὶ
1527 4686 1748 4755 ἀπηνῶς

169 4763 436 4832 ἐχόντων,
478 4766 623 4835 ἔχειν
668 4768 938 4838 ἑλόμενοι.
984 4773 1368 4844 Διαφερόντως
1419 4778 1607 4845 μέντοι
1652 4781 1749 4850 τὴν

167 4852 436 4921 τοιαύτην
477 4854 693 4908 ἀδικίαν
730 4859 779 4909 οἱ
816 4860 918 4928 τῆς
963 4861 1234 4934 Εὐρώπης
1277 4865 1630 4932 ἐδδελύξαντο
1673 4872 1748 4923 ἱε-

166 4942 310 5007 ρεῖς.
353 4943 463 5010 Τῆς
506 4946 613 5014 γὰρ
655 4947 765 5001 τῶν
807 4949 1147 5018 δεδρακότων
1191 4957 1474 5019 κοινωνίας
1514 4960 1746 5030 ἀποκρι-

165 5033 357 5096 θέντες
383 5033 524 5105 ἦσαν
552 5039 673 5090 καθ’
697 5041 945 5104 ἑαυτούς.
975 5045 1046 5095 Οὐ
1082 5045 1188 5115 μὴν
1213 5047 1270 5098 δὲ
1296 5048 1430 5101 ἀλλὰ
1456 5053 1550 5102 καὶ
1572 5051 1743 5105 Ἰλλυ-

162 5127 280 5197 ριοὶ
329 5131 420 5181 καὶ
464 5134 510 5183 οἱ
558 5132 806 5186 πλεῖστοι
854 5136 963 5188 τῶν
1013 5141 1145 5207 πρὸς
1193 5140 1266 5192 ἒω
1315 5142 1603 5198 ἐπίσκοποι
1645 5148 1743 5217 τῆς

155 5218 421 5270 Ἰωάννου
442 5221 659 5290 μερίδος
687 5223 950 5291 ἐγένοντο.
968 5227 1039 5278 Τὸ
1067 5229 1122 5281 δὲ
1151 5230 1250 5299 τῆς
1284 5232 1612 5303 Ἐκκλησίας
1641 5239 1740 5290 οὐκ

154 5308 500 5376 ἐμερίσαντο
542 5312 739 5383 σῶμα·
782 5313 925 5368 ὥστε
971 5321 1065 5370 καὶ
1102 5320 1196 5373 τοῦ
1241 5324 1484 5391 μεγάλου
1529 5327 1739 5396 Ιιατρὸς

149 5398 617 5470 τελευτήσαντος,
650 5406 699 5458 oi
732 5407 977 5476 ἑσπέριοι
1015 5411 1203 5480 ἱερεῖς,
1238 5415 1298 5466 οὐ
1334 5417 1597 5487 πρότερον
1628 5419 1737 5471 τῶν

145 5494 218 5542 ἐν
256 5493 514 5565 Αἰγύπτῳ
553 5497 645 5550 καὶ
680 5498 788 5568 ἕῳ,
821 5501 926 5554 τῶν
961 5502 1009 5552 τ’
1037 5505 1093 5554 ὲν
1126 5504 1387 5576 Βοσπόρῳ
1419 5511 1511 5560 καὶ
1543 5509 1732 5582 Θρᾴκῃ

143 5585 259 5648 τὴν
290 5588 577 5640 κοινωνίαν
608 5591 931 5658 ἠσπάσαντο
952 5635 967 5657 ,
999 5595 1158 5664 ἄχρις
1189 5592 1248 5651 οὗ
1279 5601 1378 5667 τὴν
1414 5599 1606 5670 κλῆσιν
1635 5600 1730 5651 τοῦ

147 5675 448 5730 θεσπεσίου
489 5681 693 5736 ἐκείνου
730 5684 952 5752 ἀνδρὸς,
989 5689 1099 5749 τοῖς
1136 5688 1394 5743 τεθνεῶσι
1433 5691 1731 5758 συνέταξαν

1843 4610 1904 4651 et
1936 4616 2036 4669 pro
2069 4604 2244 4660 nihilo
2278 4612 2466 4677 potius
2501 4614 2590 4668 isti
2626 4616 2894 4685 habuere,
2925 4601 3086 4692 quam
3114 4638 3173 4682 ut
3197 4601 3428 4688 a‘Joan-

1851 4693 1936 4745 nis
1972 4697 2220 4761 partibus
2265 4702 2478 4772 sejungi
2514 4721 2572 4758 se
2614 4717 2959 4776 paterentur.
3005 4716 3162 4781 Quod
3205 4724 3251 4774 si
3288 4739 3425 4778 non-

1850 4785 1984 4838 nulli
2010 4802 2201 4840 eorum
2231 4791 2522 4863 profugere
2555 4808 2876 4866 potuerunt,
2905 4806 3269 4866 nihilominus
3317 4815 3420 4885 ipsi

1847 4890 1877 4928 a
1904 4877 2099 4945 seipsis
2135 4895 2324 4948 poenas
2357 4898 2734 4954 sumpserunt,
2768 4892 2834 4944 ad
2867 4893 2985 4947 loca
3017 4897 3130 4951 sola
3165 4899 3421 4972 inviaque

1845 4976 1902 5020 et
1943 4981 2220 5025 extremas
2268 4973 2336 5026 ad
2387 4992 2513 5031 oras
2559 4980 2771 5048 seipsos
2801 4986 3249 5047 condemnantes.
3286 4994 3419 5050 Cum

1845 5058 1976 5112 feris
2006 5060 2208 5129 quippe
2235 5062 2350 5127 illi,
2390 5081 2554 5134 quam
2590 5083 2715 5124 cum
2771 5071 3088 5134 hominibus
3129 5089 3235 5135 tam
3266 5101 3422 5154 agre-

1843 5149 2022 5202 stibus
2078 5161 2135 5203 et
2185 5153 2543 5221 truculentis,
2604 5159 2852 5217 habitare
2884 5167 3217 5225 maluerunt.
3267 5149 3422 5242 Eius-

1801 5268 1804 5270 η
1843 5239 1987 5291 mmli
2017 5241 2273 5309 iujuriam
2305 5259 2403 5299 seu
2436 5247 2788 5317 iniquitatem
2811 5271 3160 5329 summopere
3186 5239 3420 5333 Europa:

1841 5329 2096 5385 detestati
2134 5345 2264 5390 sunt
2311 5338 2580 5408 episc0pi.
2629 5341 2764 5397 Nam
2809 5349 2877 5400 ab
2925 5363 3121 5403 eorum
3163 5355 3257 5426 qui
3291 5329 3419 5410 talia

1838 5421 2193 5489 admiserant,
2222 5431 2612 5487 communione
2642 5435 2892 5503 discreti,
2931 5439 2984 5494 in
3013 5424 3262 5509 partibus
3288 5462 3422 5502 con-

1839 5512 2049 5568 stitere.
2089 5515 2288 5588 Illyrici
2319 5535 2564 5590 quoque,
2596 5533 2651 5578 et
2685 5525 2909 5595 plurimi
2948 5533 3002 5585 in
3039 5531 3263 5590 Oriente
3297 5539 3418 5606 epi-

1837 5605 2026 5672 scopi,
2071 5606 2330 5667 factionis
2370 5612 2600 5672 Joannis
2643 5617 2903 5686 fuerunt,
2943 5623 3198 5682 Ecclesia)
3231 5605 3417 5684 autem

1837 5710 2036 5768 corpus
2086 5717 2193 5756 non
2244 5703 2574 5764 diviserunt.
2617 5711 2685 5766 Et
2737 5729 2932 5785 magno
2974 5718 3076 5774 hoc
3119 5719 3280 5776 Patre
3322 5723 3416 5779 de-
