3898 6192
429 291 574 364 1007

1652 263 2078 359 Ntcspnont
2119 297 2458 358 CALLISTI

3562 293 3706 360 1008

425 412 651 476 functo,
698 409 940 480 episcopi
983 406 1368 465 Occidentales
1420 425 1528 466 non
1577 413 1730 483 prius
1757 413 1994 482 Egypti,

2111 411 2459 473 ἐπισκόποις.
2489 408 2636 462 Ἀλλ’
2668 409 2773 462 οὐδ’
2807 407 3106 480 ’Δρσάκιον
3139 408 3234 462 τὸν
3273 408 3490 462 ἐκείνου
3527 409 3708 463 διάδο-

425 504 708 565 Orientis.
755 501 1016 571 Bospori,
1052 509 1110 554 et
1152 500 1400 556 Thraciae
1429 503 1717 573 episcopos
1745 504 1811 558 ad
1852 520 2003 557 coni-

425 595 740 650 muuionem
786 607 939 646 suam
981 589 1361 654 admiserunt,
1398 607 1561 660 quam
1594 607 1795 646 nomen
1827 593 1998 646 divini

424 689 573 743 illius
619 686 717 740 viri
755 685 808 738 iu
857 692 1198 737 mortuorum
1253 683 1646 753 episcoporum
1692 685 1997 754 catalognm

424 781 685 835 retulere.
723 775 828 829 Sed
883 791 1062 844 neque
1110 775 1400 829 Arsacium
1451 789 1830 831 successorem
1877 776 2000 845 ejus

421 876 506 928 vel
548 869 973 940 compellatione
1019 867 1132 922 sola
1162 866 1368 938 dignati
1413 876 1561 921 sunt.
1599 866 1742 933 Quin
1774 875 1830 922 et
1861 868 2000 921 Atti-

422 984 571 1030 cum,
627 963 721 1034 qui
771 960 1000 1016 Arsacio
1059 960 1394 1015 substitutus
1443 970 1559 1024 est,
1603 971 1659 1014 et
1696 961 2000 1028 legationes

421 1058 625 1112 inultas
669 1055 736 1110 ad
782 1069 879 1109 eos
921 1051 1100 1114 misit,
1146 1066 1401 1121 saepeque
1433 1066 1530 1121 per
1562 1051 1997 1120 pacificationem

2105 519 2198 574 χον
2232 501 2394 571 ψιλῆς
2440 499 2570 564 γοῦν
2607 501 2965 571 προσρήσεως
3009 500 3366 567 κατηξίωσαν
3394 515 3411 528 ⁶
3448 500 3570 553 ἀλλ’
3594 501 3708 554 οὐδ.

2117 593 2398 660 ’Δττικδν,
2432 592 2488 655 ὃς
2531 593 2649 662 μετ’
2677 593 2970 664 Ἀρσάκιον
3001 591 3252 661 ἐγεγόνει
3278 609 3294 623 ·
3331 593 3425 644 καὶ
3463 593 3580 659 γὰρ
3612 596 3707 646 καὶ

2102 685 2294 739 τοῦτον
2332 685 2503 738 πολλὰ
2539 684 3052 754 πρεσϐευσάμενον,
3088 683 3355 746 πολλάκις
3393 684 3452 736 δὲ
3488 683 3596 751 τῆς
3630 685 3705 735 εί-

2103 779 2272 845 ρήνης
2303 777 2489 845 τυχεῖν
2521 771 2867 839 ἀξιώσαντα,
2904 775 3083 844 χρόνῳ
3119 773 3302 842 πολλῷ
3339 776 3704 843 προσήκαντο

2105 865 2368 936 ὕστερον,
2403 869 2503 937 τὴν
2535 865 2630 920 τοῦ
2673 866 2915 936 μεγάλου
2957 866 3340 936 προσηγορίαν
3371 867 3489 926 τοῖς
3539 867 3701 933 ίεροῖς

2103 959 2382 1030 διπτύχοις
2416 959 2806 1031 ἐγγράψαντα,
2841 959 2917 1023 ὡς
2955 959 3153 1030 μικρὸν
3185 961 3486 1028 προϊόντες
3524 957 3698 1026 δηλὼο

2110 1071 2302 1123 σομεν.

421 1153 707 1208 conciliari
755 1153 837 1208 eis
885 1149 1134 1212 studuit,
1170 1147 1333 1216 longo
1368 1155 1494 1216 post
1526 1154 1776 1216 tempore
1811 1157 2204 1217 susceperunt,
2256 1147 2348 1204 ubi
2380 1147 2561 1219 magni
2587 1146 2690 1202 viri
2756 1162 2958 1203 nomen
2983 1147 3158 1202 sacris
3223 1146 3436 1201 tabulis
3506 1145 3696 1200 inscri-

421 1247 569 1318 psit,
616 1246 776 1301 sicuti
813 1245 977 1315 paulo
1011 1251 1134 1311 post
1161 1240 1430 1294 dicemus.

901 1359 1065 1430 399
1109 1357 1335 1414 CAPUT
1368 1355 1534 1413 xxnt

424 1459 501 1513 De
545 1457 721 1526 Tigrio
781 1456 1212 1526 presbyterouet
1270 1447 1524 1526 Eutrapio
1597 1452 1906 1526 lectore.___et_
1938 1467 2002 1526 ea

492 1519 626 1596 qua;
648 1519 864 1597 propter
911 1519 1083 1593 ipsum
1134 1519 1274 1586 facta
1325 1530 1401 1572 est
1451 1525 1505 1576 in
1553 1526 1752 1575 somnis
1801 1521 1998 1576 Sisiuio

399 1635 410 1640 -
489 1613 704 1653 τιδιοηε.

494 1713 570 1766 Eo
623 1720 868 1780 tempore
920 1709 1160 1764 maximo
1207 1711 1448 1764 excitato
1496 1718 1684 1769 metu.
1735 1706 1993 1776 quoniam

2693 1351 2944 1410 ΚΕΦΛΛ.
2982 1353 3110 1408 ΚΓ.

2107 1450 2242 1516 Περὶ
2309 1448 2415 1502 τοῦ
2458 1445 2871 1514 πρεσϐυτέρου
2918 1447 3172 1512 Τι’γῬίου,
3207 1447 3307 1500 καί
3355 1448 3692 1514 Εὐτροκίσυ

2175 1519 2279 1572 τοῦ
2308 1517 2726 1586 ἀναγνώστου,
2774 1517 2870 1569 καὶ
2914 1517 3023 1570 τοῦ
3052 1516 3150 1569 διὰ
3207 1516 3436 1571 τοῦτον
3463 1519 3695 1587 ὀνείρα-

2172 1606 2300 1655 τος.

2172 1702 2489 1770 Τηνικαῦτα
2505 1699 2560 1752 δὲ
2583 1701 2848 1768 μεγίστου
2871 1698 3040 1768 φόόου
3064 1701 3274 1772 ἀνηρτη
3285 1702 3484 1772 μένου,
3510 1705 3694 1776 ἐπειδὴ

421 1804 638 1874 plebem
689 1803 932 1872 quietam
993 1802 1258 1872 deinceps
1312 1818 1408 1869 per
1464 1801 1794 1854 seditionem
1858 1797 1994 1850 nihil

2111 1797 2195 1850 καὶ
2225 1795 2253 1846 ὁ
2285 1795 2452 1862 δῆμος
2487 1793 2752 1859 λωφήσας
2785 1791 2948 1862 δῆλος
2980 1787 3050 1861 ἦν
3084 1770 3160 1862 μη
3192 1770 3295 1846 τού
3323 1795 3530 1848 λοιποῦ
3568 1770 3695 1850 ora;

423 1907 699 1948 moturam
745 1907 864 1945 esse
897 1893 1214 1956 constabat,
1245 1893 1398 1947 urbis
1443 1893 1734 1962 praefectus
1769 1890 1998 1961 Optatus

423 1985 644 2056 publice
691 1999 790 2054 pro
833 1984 1131 2048 tribunali,
1179 1983 1247 2039 de
1296 1985 1552 2038 incendio
1589 1984 1722 2046 hoc,
1772 1993 1828 2038 et
1878 1997 1999 2050 qua:

423 2074 854 2144 ronilagraverat
883 2083 1108 2128 senatus
1133 2073 1308 2137 curia,
1341 2075 1700 2142 quaestionem
1724 2072 1996 2135 exercuit,

423 2169 737 2237 multosque
772 2183 839 2220 eo
879 2165 981 2220 sub
1019 2175 1286 2236 praetextu
1335 2166 1576 2235 graviter
1625 2166 1799 2220 torsit.
1843 2164 1998 2230 Quod

422 2262 567 2314 enim
601 2259 1048 2328 superstitionem
1088 2259 1334 2313 Graecam
1385 2260 1770 2328 proﬁtebatur,
1817 2259 1872 2312 in
1904 2272 2000 2311 no-

381 2369 386 2376 '
421 2356 552 2408 stris
585 2353 742 2406 malis
776 2353 945 2406 veluti
989 2352 1211 2406 delicias
1252 2360 1608 2416 consectans,
1651 2363 1704 2406 et
1739 2352 1998 2406 ecclesia-

422 2446 572 2501 sticis
601 2445 854 2499 cladibus
897 2443 1166 2509 illudens,
1211 2459 1340 2499 casu
1375 2461 1442 2500 eo
1488 2444 1908 2510 delectabatur;
1943 2454 1999 2498 et

422 2536 809 2607 presbyterum
859 2536 1174 2604 quemdam,
1223 2535 1313 2589 cui
1362 2550 1563 2588 nomen
1608 2544 1726 2588 erat
1756 2533 1996 2604 Tigrius,

421 2629 654 2697 arripuit
684 2646 698 2682 :
736 2627 902 2696 eique
937 2627 1186 2682 vestibus
1220 2627 1502 2691 detractis,
1537 2627 1687 2682 nudo
1725 2627 1908 2698 ﬂagris
1943 2629 1997 2682 in

423 2731 574 2788 tergo
611 2721 798 2790 plagas
837 2720 1024 2774 intulit
1055 2737 1066 2772 :
1102 2729 1157 2773 et
1188 2735 1432 2789 eousque
1486 2719 1762 2774 hominem
1807 2734 2002 2774 excar-

425 2813 694 2876 niticavit,
726 2813 902 2867 donec
933 2813 1154 2867 articuli
1191 2814 1309 2882 ejus
1343 2813 1714 2868 solverentur.
1754 2813 2002 2866 Manibus

424 2904 571 2958 enim
605 2902 948 2972 pedibusque
981 2913 1130 2956 arcte
1161 2904 1397 2967 vinetus,
1425 2919 1586 2970 quam
1616 2905 1851 2958 maxime
1885 2903 2000 2958 licri

423 2992 624 3060 potuit,
658 2991 934 3045 distentus
964 3001 1069 3045 est.
1097 2991 1318 3061 'l‘igrius
1351 3007 1482 3046 vero
1515 2993 1616 3047 iste
1644 3008 1844 3062 genere
1871 2995 2000 3048 bar-

2102 1885 2308 1949 σιάζειν
2331 1925 2348 1949 ,
2383 1886 2411 1937 ὁ
2447 1884 2545 1953 τῆς
2587 1884 2800 1944 πόλεως
2845 1883 3125 1954 ὕπαρχος,
3168 1887 3443 1950 Ὀπτᾶτος
3485 1888 3694 1956 δνορια,

2100 1977 2336 2048 δημοσίᾳ
2375 1974 2757 2046 προκαθίσας,
2797 1975 2961 2044 δῆθεν
2995 1979 3062 2030 τὰ
3099 1977 3232 2045 περὶ
3267 1979 3371 2048 τῆς
3411 1983 3698 2050 πυρκαϊᾶς

2101 2072 2196 2124 καὶ
2229 2067 2325 2121 τοῦ
2356 2068 2452 2137 τῆς
2487 2069 2814 2138 γερουσίας,
2847 2070 3026 2121 εἰτουν
3058 2068 3153 2120 τοῦ
3187 2069 3590 2141 βουλευτηρίου
3621 2075 3698 2126 οῑ-

2102 2180 2234 2225 κου,
2269 2159 2525 2229 ἐξήταζε.
2564 2158 2802 2222 Πολλοὺς
2839 2159 2898 2212 δὲ
2935 2161 3002 2230 τῇ
3039 2164 3314 2230 προφάσει
3348 2164 3552 2218 τούτου
3589 2166 3698 2218 δειο

2101 2253 2208 2316 νῶς
2261 2253 2693 2322 ἐτιμωρήσατοο
2747 2252 2818 2306 τὰ
2865 2253 2974 2320 γὰρ
3015 2250 3287 2321 Ἑλλήνων
3339 2258 3698 2326 πρεσὸεύων,

2101 2343 2291 2412 ὥσπερ
2333 2345 2444 2407 τοῖς
2490 2343 2785 2412 ἡμεςέροις
2840 2346 3032 2407 κακοῖς
3078 2345 3394 2414 ἐντρυφῶν,
3440 2351 3543 2402 καὶ
3584 2353 3700 2414 ταῖς

2102 2434 2592 2504 ἐκκλησιαστικαῖς
2641 2433 2960 2501 ἐπεγγελῶν
3014 2438 3345 2505 συμφοραῖς,
3405 2439 3476 2491 δι’
3504 2441 3698 2509 ἡδονῆς

2103 2523 2218 2596 εἶχε
2259 2527 2321 2577 τὸ
2367 2526 2670 2592 συμπεσόν.
2719 2527 2830 2578 Καὶ
2873 2526 2937 2596 δὴ
2986 2543 3106 2580 τινα
3154 2529 3564 2600 πρεσϐύτερον,
3613 2534 3700 2586 Τί-

2105 2632 2258 2684 γριον
2291 2613 2464 2683 ὖνομα
2485 2655 2500 2679 ,
2537 2613 2854 2680 συλλαϐὼν,
2889 2615 3178 2686 ὑφαιρεῖτό
3211 2636 3269 2671 τε
3303 2623 3410 2690 τὴν
3447 2623 3662 2691 ἐσθῆτα
3683 2666 3699 2686 ,

2105 2706 2296 2775 γυμνῷ
2324 2723 2380 2758 τε
2409 2707 2554 2759 κατὰ
2585 2709 2752 2776 νώτου
2783 2707 2957 2777 ἐπῆγε
2989 2710 3088 2771 τας
3120 2711 3407 2779 μάστιγας
3429 2729 3445 2742 ·
3481 2716 3578 2767 καὶ
3609 2718 3704 2768 ἐπὶ

2103 2799 2261 2852 τόσον
2292 2801 2546 2868 ᾐκίσατο,
2576 2800 2678 2863 ἕως
2711 2795 2772 2852 οὗ
2806 2803 3001 2872 ἐκείνῳ
3033 2802 3251 2874 διελύθη
3284 2809 3354 2858 τὰ
3389 2809 3577 2878 ἄρθρα
3608 2826 3624 2840 ο
3658 2810 3708 2861 εἰ

2104 2907 2162 2943 τε
2194 2891 2304 2961 γὰρ
2341 2891 2499 2953 πόδες
2533 2891 2626 2944 καὶ
2658 2893 2713 2944 αί
2743 2895 2926 2964 χεῖρες
2959 2895 3224 2964 ἀσφαλῶς
3257 2897 3667 2967 δεσμευθεῖσαι
3692 2942 3708 2964 ,

2105 2982 2190 3050 ἐφ’
2216 2984 2340 3035 ὅσον
2385 2983 2533 3051 ἐξῆν,
2575 2985 2918 3038 διετείνοντο.
2951 2985 3013 3039 ’0
3057 2987 3114 3040 δὲ
3160 2988 3390 3058 Τίγριος
3432 2984 3601 3055 οὗτος
3650 2995 3708 3046 τὸ

423 3085 592 3138 harns
625 3083 844 3152 quidem
876 3092 930 3136 et
965 3083 1280 3148 eunuchus,
1313 3099 1422 3138 non
1449 3083 1519 3138 ab
1547 3085 1662 3154 ipsa
1693 3086 1997 3151 nativitate,

2111 3078 2208 3148 μὲν
2249 3077 2407 3145 γένος
2453 3077 2730 3147 βάρϐαρος
2772 3074 2865 3151 ἦν,
2912 3079 3167 3151 εὐνοῦχος
3209 3081 3267 3134 δέ
3304 3083 3407 3136 οὐκ
3450 3085 3564 3137 ἀπὸ
3607 3104 3706 3154 γαρ

423 3175 549 3229 fuit.
595 3175 662 3229 Et
708 3175 970 3244 quoniam
1021 3173 1075 3227 in
1126 3174 1287 3228 herili
1334 3175 1530 3240 domo,
1590 3192 1689 3245 pro
1733 3193 1800 3230 eo
1835 3188 2000 3246 atque

425 3268 639 3328 debuit.
673 3267 996 3319 servitutem
1029 3267 1242 3330 scrviit,
1279 3267 1678 3335 praeclariorem
1715 3284 1874 3337 quam
1901 3284 2001 3338 pro

425 3361 570 3414 servi
612 3371 774 3429 captu
818 3358 1036 3412 laudem
1077 3359 1181 3413 sibi
1236 3360 1596 3429 comparavit.
1651 3361 2001 3432 Quapropter

424 3453 681 3507 libertate
710 3453 965 3514 donatus,
998 3459 1226 3520 propter
1263 3467 1479 3507 morum
1513 3454 1911 3509 humanitatem
1947 3464 2002 3507 et

425 3544 784 3607 modestiam,
837 3543 1012 3598 multo
1064 3545 1444 3599 intercedente
1490 3556 1736 3615 tempore
1775 3547 1840 3599 ad
1875 3564 2002 3617 pre-

424 3636 633 3708 sbyteri
664 3647 890 3689 evectus
931 3644 1014 3690 est
1054 3635 1401 3706 dignitatem.
1451 3637 1579 3693 Erat
1619 3654 1852 3709 namque
1889 3655 1999 3693 mo-

426 3729 656 3783 deratus
701 3726 1022 3791 admodum,
1065 3737 1122 3781 et
1166 3727 1540 3796 mquabilitate
1585 3730 1706 3783 vita:
1751 3730 1996 3800 insignis.

428 3821 567 3892 Erga
609 3819 942 3890 indigentes,
977 3821 1021 3874 si
1062 3821 1186 3891 quis
1225 3823 1388 3887 alius,
1425 3832 1479 3875 et
1513 3822 1628 3892 ipse
1668 3823 1822 3878 valde
1855 3838 2005 3878 com-

429 3912 660 3975 modus,
705 3921 762 3966 et
811 3911 865 3966 iu
917 3912 1163 3982 hospites
1211 3915 1304 3982 qui
1355 3913 1420 3967 ad
1461 3931 1586 3968 eum
1624 3915 1999 3979 divertissent,

425 4006 719 4075 benignus.
750 4005 956 4061 Deinde
984 4006 1285 4074 Eutropius
1311 4007 1474 4061 etiam
1500 4007 1675 4060 lector
1697 4006 2006 4076 productus

424 4107 530 4160 est,
579 4110 704 4149 eum
755 4096 914 4165 quasi
968 4095 1342 4151 incendiarius
1389 4112 1484 4166 per
1532 4097 1743 4152 indices
1790 4099 2004 4153 delatus

427 4189 662 4242 l'uisset.’
680 4187 746 4240 Et
790 4189 1028 4256 primum
1072 4189 1294 4256 quidem
1343 4189 1484 4243 boiis
1512 4189 1768 4244 distentis
1802 4193 2002 4259 SIPplllS

428 4286 608 4332 tortus
634 4286 740 4340 est,
787 4286 976 4345 postea
1023 4289 1204 4334 autem
1239 4281 1285 4333 ci
1330 4280 1566 4336 fustibus
1597 4290 1650 4335 et
1679 4282 1848 4335 clavis
1881 4299 2002 4336 ossa

429 4369 794 4432 comminuta,
843 4369 1062 4438 ungulis
1119 4370 1315 4424 deinde
1368 4374 1648 4436 membra,
1699 4375 1907 4439 latera,
1950 4386 2005 4430 et

2111 3168 2311 3237 στρός·
2367 3167 2564 3238 δυνατῇ
2613 3168 2670 3221 δὲ
2719 3169 2867 3240 οίκίᾳ
2917 3169 3309 3236 δεδουλευκὼς,
3358 3173 3434 3235 ὠς
3492 3177 3703 3244 χρεὼν,

2111 3258 2385 3330 ἐπῃνέθη,
2428 3259 2588 3324 δόξαν
2629 3262 2687 3314 οὐ
2733 3261 2876 3314 κοιτά
2917 3261 3102 3314 δοῦλον
3144 3265 3532 3332 κτησάμενος’
3578 3267 3706 3320 ὅθεν

2111 3353 2395 3424 ἐλευθερίᾳ
2429 3353 2708 3423 τιμηθεὶς,
2744 3355 2820 3426 τῷ
2855 3355 2949 3410 τοῦ
2985 3356 3194 3426 τρόπου
3232 3360 3480 3410 ἐπιεικεῖ
3520 3359 3706 3429 πολλῷ

2109 3444 2187 3513 τῷ
2211 3445 2366 3515 μέσῳ
2388 3447 2566 3516 χρόνῳ
2589 3447 2683 3500 καὶ
2707 3449 2786 3509 εἰς
2813 3449 3190 3518 πρεσϐυτέρου
3219 3450 3498 3518 προῆλθεν
3518 3451 3705 3515 ἀξίαν.

2111 3533 2221 3590 Ἦν
2251 3539 2306 3590 δὲ
2339 3537 2400 3590 τὸ
2432 3532 2565 3609 ἦθος
2603 3539 2824 3610 μέτριος
2860 3540 2958 3594 καὶ
2994 3540 3410 3604 ἐπιεικέστατος
3440 3559 3458 3574 ο
3492 3541 3620 3595 λίαν
3650 3544 3709 3597 δέ

2112 3629 2297 3694 δεξιῶς
2331 3626 2446 3700 εἶχε
2476 3631 2604 3700 περὶ
2631 3634 2756 3694 τοὺς
2788 3631 3080 3700 δεομένους
3110 3633 3270 3702 είπερ
3296 3649 3382 3695 τις
3411 3635 3515 3687 καὶ
3545 3637 3603 3687 εῖ
3625 3652 3707 3698 τις

2113 3724 2472 3795 ἐπιξενωθείη
2517 3723 2689 3795 αὐτῷ.
2738 3725 2882 3795 Πρὸς
2924 3724 2989 3795 δὴ
3035 3725 3212 3796 τούτῳ
3255 3728 3354 3780 καὶ
3395 3729 3706 3798 Εὐτρόπιος

2113 3813 2472 3886 ἀναγνώστης
2510 3819 2785 3887 προήγετο
2807 3854 2822 3878 ,
2855 3819 3270 3886 καταμηνυθεὶς
3305 3821 3610 3889 ἐπαφεῖναι
3651 3825 3706 3874 τὸ

2114 3905 2248 3974 πῦρ.
2299 3907 2409 3959 Καὶ
2455 3905 2521 3976 δὴ
2567 3907 2761 3975 πρῶτα
2809 3907 2908 3978 μὲν
2953 3909 3159 3978 βοείαις
3204 3904 3706 3982 κατατεινομέσις

2115 3999 2374 4069 συχνάκις
2415 4000 2672 4069 ᾐκίζετο·
2715 3989 2912 4055 ἐπειτᾶ
2957 4002 3136 4068 ξύλοις
3181 4007 3276 4056 καὶ
3323 4007 3594 4075 ῥοπάλοις
3641 4009 3706 4060 τα

2113 4091 2247 4144 όστᾶ
2287 4091 2581 4144 συνεθλάτο
2606 4107 2620 4121 °
2655 4089 2837 4156 ὄνυξιν
2876 4093 2970 4146 ἐπὶ
3001 4094 3215 4156 τούτοις
3249 4097 3319 4147 τὰ
3365 4097 3512 4168 μέλη
3558 4098 3705 4162 ἐξαί-

2115 4202 2269 4248 νετο,
2309 4183 2551 4254 πλευρὰς
2585 4202 2645 4238 τε
2683 4187 2774 4239 καὶ
2813 4187 3043 4256 παρειάς
3068 4203 3081 4215 ·
3119 4187 3272 4250 τέλος
3311 4189 3534 4256 πυρσὸν
3567 4194 3704 4244 ἀνα-

2117 4277 2320 4345 φθέντα
2353 4277 2601 4330 κάτωθεν
2635 4279 2947 4347 ὑπεδέχετο.
2985 4279 3074 4342 Ὠς
3101 4280 3160 4334 δὲ
3195 4280 3367 4350 μηδὲν
3397 4275 3545 4336 εῖναι
3577 4286 3704 4336 διω-

2121 4371 2377 4439 μολόγει.
2420 4372 2561 4440 μετὰ
2595 4373 2693 4434 τὰς
2732 4375 3031 4444 είρημένας
3070 4375 3342 4444 βασάνους
3377 4378 3443 4445 τῇ
3483 4379 3708 4446 φρολρᾷ

428 4461 662 4516 maxillre
695 4463 948 4524 concism,
985 4472 1264 4532 postremo
1295 4462 1565 4518 ﬂammant
1603 4483 1885 4523 accensam
1923 4474 2001 4522 in-

2111 4462 2499 4528 κατεκλείετο,
2539 4464 2635 4516 καὶ
2667 4464 2840 4516 ταῦτα
2875 4464 2993 4526 νέος
3033 4468 3128 4519 καὶ
3160 4465 3500 4536 ἀπαλόχρως
3541 4469 3706 4535 μαλι-

427 4551 644 4606 t'erioris
696 4553 947 4621 corporis
989 4553 1242 4623 partibus
1291 4557 1336 4609 is
1388 4557 1624 4624 excepit.
1680 4560 1858 4628 Atque
1909 4561 1999 4615 ubi

425 4645 564 4698 nihil
613 4655 696 4698 est
728 4645 1038 4708 confessus,
1082 4657 1200 4713 post
1235 4661 1330 4702 eos
1377 4649 1469 4718 qui
1524 4649 1653 4703 dicti
1697 4661 1827 4705 sunt
1875 4667 2002 4705 cru-

425 4739 600 4792 ciatus
629 4740 888 4792 custodiae
914 4739 1166 4794 inclusus
1195 4749 1298 4805 est,
1324 4756 1447 4795 cum
1478 4741 1698 4810 juvenis
1723 4754 1776 4798 ct
1812 4755 2004 4799 tenero

427 4829 662 4882 maxime
697 4844 926 4898 corpore
961 4842 1127 4884 esset.
1165 4829 1266 4884 Ubi
1300 4832 1466 4885 etiam
1504 4834 1776 4901 correptis
1817 4829 2006 4902 putr’e-

425 4921 555 4974 dine
583 4919 869 4982 membris.
907 4921 1060 4976 brevi
1090 4921 1257 4975 vitam
1289 4923 1449 4977 liniit.
1482 4923 1684 4979 Verum
1715 4925 2006 4979 enimvero

425 5028 590 5086 grave
630 5013 766 5067 mihi
803 5029 910 5068 non
949 5013 1138 5080 fuerit,
1173 5017 1449 5069 somnium
1487 5033 1708 5086 quoque
1742 5019 1890 5088 quod
1939 5019 2005 5072 de

424 5121 492 5159 eo
519 5103 740 5172 accidit,
776 5104 1024 5159 historia:
1059 5105 1190 5158 huic
1222 5113 1488 5160 attexere.
1524 5106 1728 5161 Sisinio
1767 5122 2005 5175 namque

423 5201 684 5268 cpiscOpo
719 5197 1020 5253 dormienti
1054 5200 1314 5252 assistere
1374 5199 1524 5252 visus
1550 5207 1635 5253 est
1663 5201 1747 5252 vir
1782 5201 2005 5268 quidam

424 5293 602 5347 forma
632 5299 690 5345 ct
721 5291 1056 5360 proceritate
1091 5289 1312 5352 illustri,
1350 5290 1540 5344 habitu
1575 5291 1738 5345 etiam
1771 5292 2006 5345 honesto

423 5394 480 5437 et
509 5383 699 5454 gravi,
733 5382 801 5436 ad
838 5389 1083 5436 sanctam
1119 5382 1376 5436 sacrilicii
1409 5397 1558 5435 aram
1584 5426 1596 5448 ,
1634 5382 1821 5452 templi
1855 5383 2004 5450 quod

427 5475 707 5544 Stephano
735 5474 1124 5545 protomartyri
1155 5474 1399 5529 dicatum
1422 5483 1527 5528 est.
1554 5473 1718 5545 400
1745 5473 2009 5529 Conster-

428 5578 553 5620 nata
586 5584 716 5623 vero
756 5569 1126 5623 admiratioiie
1175 5575 1354 5621 mente
1387 5582 1513 5622 eum
1561 5582 1683 5622 esse
1728 5569 2007 5638 apparuit,

429 5659 576 5726 quod
625 5663 773 5716 viros
820 5663 993 5716 bonos
1027 5677 1137 5715 non
1183 5661 1479 5723 invenerit,
1515 5662 1673 5731 cujus
1715 5661 1792 5714 rei
1841 5662 2012 5731 gratia

436 5759 603 5804 tu;am
652 5751 1115 5818 perambulaverit
1165 5754 1403 5807 urbem:
1454 5764 1505 5809 et
1556 5753 1698 5824 quod
1757 5754 1812 5809 in
1862 5764 2009 5806 tanta

2111 4573 2210 4608 στα
2252 4555 2347 4611 ῶν.
2379 4557 2554 4609 Ὅπου
2597 4556 2662 4628 δὴ
2712 4557 3104 4610 συσσαπέντιυν
3146 4557 3300 4628 αὑτῷ
3340 4559 3454 4610 τῶν
3498 4561 3704 4626 μελῶν,

2108 4650 2322 4704 ἀπεόίω
2373 4650 2512 4718 μετά
2564 4648 2763 4718 βραχύ.
2803 4647 2944 4716 Ἐγὼ
2993 4650 3038 4703 δ’
3067 4650 3169 4702 οὐκ
3221 4651 3448 4720 ὀκνήσω
3504 4653 3604 4704 καὶ
3651 4653 3707 4703 τὸ

2112 4743 2326 4810 συμϐὰν
2361 4743 2453 4792 ἐπὶ
2487 4742 2662 4810 τούτῳ
2702 4741 2837 4810 ὄναρ
2873 4743 2937 4810 τῇ
2985 4747 3280 4812 συγγραφῇ
3324 4743 3702 4812 παραδοῦναι.

2110 4829 2336 4898 Σισινίῳ
2370 4829 2479 4897 γὰρ
2508 4829 2583 4898 τῷ
2617 4831 2906 4900 ἐπισκόπῳ
2939 4830 3260 4884 καθεύδοντι
3295 4833 3441 4902 ἀνήρ
3475 4851 3560 4896 τις
3594 4836 3704 4887 ἐδό-

2111 4938 2199 4973 κει
2251 4922 2656 4990 παρίστασθαι,
2713 4923 2900 4975 κάλλει
2953 4923 3050 4977 καὶ
3102 4923 3328 4994 μεγέθει
3378 4925 3702 4996 διαφανής·

2113 5017 2286 5084 σεμνῇ
2319 5014 2374 5066 δὲ
2410 5016 2476 5084 τῇ
2513 5013 2746 5085 ἀναϐολῇ
2785 5017 3128 5086 κεχρημένος
3165 5011 3229 5089 ἦν
3252 5058 3266 5081 ,
3307 5019 3466 5084 παρὰ
3503 5021 3568 5070 τὸ
3613 5021 3700 5070 θυ-

2113 5107 2432 5175 σιαστήριον
2461 5106 2554 5158 τοῦ
2587 5105 2693 5160 νεὼ
2715 5147 2730 5170 ,
2762 5107 2820 5170 ὃς
2853 5108 3114 5178 Στεφάνῳ
3146 5109 3331 5161 ἀνεῖτο
3365 5110 3444 5180 τῷ
3481 5128 3697 5181 πρῶτος

2117 5198 2380 5267 μάρτυρι.
2420 5197 2619 5268 Ἐᾡκει
2671 5199 2729 5252 δὲ
2779 5200 3102 5269 ἀδημονεῖν,
3160 5201 3244 5253 ὅτι
3301 5201 3380 5274 μὴ
3440 5204 3701 5274 ἀνδράσιν

2111 5291 2338 5357 ἀγαθοῖς
2369 5292 2613 5360 ἐντύχοι,
2644 5294 2736 5345 καὶ
2765 5292 2940 5346 ταῦτα
2967 5293 3161 5348 τούτου
3195 5293 3360 5364 χάριν
3389 5298 3586 5349 πᾶσαν
3615 5300 3701 5363 τὴν

2115 5384 2270 5436 πόλιν
2297 5385 2704 5455 περιεληλυθώς
2729 5400 2744 5414 ο
2778 5386 2870 5438 ἐπὶ
2897 5387 3092 5439 σπάνει
3122 5386 3178 5439 δέ
3208 5389 3460 5460 τοσαύτῃ
3493 5389 3704 5457 ἀνδρῶν

2113 5475 2334 5542 ἀγαθῶν
2369 5475 2528 5546 μόνον
2557 5475 2798 5546 διαφανῆ
2828 5473 2970 5530 εἶναι
3000 5477 3331 5549 Εὐτρόπιον.
3375 5479 3471 5531 Ἐν
3502 5481 3705 5546 ἐκπλή-

2119 5568 2196 5633 ξει
2230 5568 2286 5621 δὲ
2318 5567 2611 5636 γενόμενον
2640 5568 2718 5638 τῷ
2752 5569 3056 5640 καινοτέρῳ
3089 5572 3188 5634 τῆς
3219 5569 3402 5638 ὅψεως
3434 5573 3529 5622 τὸν
3565 5573 3711 5625 Σισί-

2117 5679 2250 5723 νιον,
2282 5661 2637 5728 διαναστῆναί
2673 5677 2728 5713 τε
2762 5661 2986 5727 εὐθέως,
3021 5662 3115 5714 καί
3146 5678 3255 5714 τινι
3285 5663 3398 5714 τῶν
3433 5662 3532 5716 ὑπ’
3559 5662 3712 5730 αὐτῷ

2118 5751 2507 5823 πρεσὸυτέρων
2551 5751 2608 5805 τὸ
2650 5751 2786 5824 ὗναρ
2832 5752 3313 5824 ἐκδιηγήσασθαι,
3354 5753 3616 5807 κελεύειν
3657 5768 3713 5806 τε
