3898 6192
378 303 511 368 1011

1601 303 2025 366 NICEPHORI
2061 301 2406 364 CALLISTI

3509 293 3653 355 Mi"!

373 428 545 496 niqne
592 429 949 498 pecuniarum
1003 431 1354 494 renuntiasti,
1405 438 1466 484 ut
1510 445 1600 485 eas
1650 433 1713 484 de
1754 438 1952 484 caztero

2069 423 2227 488 δῦτως
2258 423 2316 476 εὖ
2351 421 2652 493 πράξοντες
2679 437 2692 450 ο
2758 420 2945 473 οἴκτου
2994 437 3051 471 τε
3091 419 3207 488 ἅμα
3244 415 3340 470 καὶ
3395 415 3499 480 τῆς
3553 417 3652 466 ἐπὶ

373 521 542 574 veluti
579 522 749 575 divini
779 524 917 588 juris
941 521 1132 586 factas,
1157 523 1363 578 rectius
1391 524 1597 593 majore
1631 538 1754 576 cum
1782 522 1950 590 :nqui-

375 621 484 666 tate
517 612 826 682 dispenses,
867 613 1270 682 obnoxiamque
1312 625 1362 669 te
1397 615 1592 669 rationi
1637 615 1947 677 reddendze,

373 704 418 757 si
459 705 590 773 quid
619 705 687 758 de
714 705 796 759 eis
829 718 1028 774 praeter
1061 708 1332 761 rationem
1369 708 1572 760 factum
1607 707 1792 770 fuerit,
1829 722 1948 760 esse

373 794 535 849 scias.
596 795 782 864 itaque
840 796 1256 860 liberalitatem,
1295 798 1340 852 si
1402 799 1535 852 mihi
1603 799 1946 868 obsequeris,

372 884 674 954 petentium
729 886 1035 956 indigentia
1087 891 1354 945 metieris.
1407 892 1604 946 Plures
1647 893 1792 944 enim
1845 892 1951 947 hoc

378 976 543 1030 i-nodo
574 976 971 1042 abundabunt,
1005 987 1060 1033 et
1096 981 1536 1035 misericordiam
1571 982 1732 1035 simul
1757 992 1810 1036 et
1837 983 1950 1036 dis-

375 1065 712 1132 pensationis
751 1081 972 1131 curam,
1009 1083 1172 1135 quam
1212 1069 1262 1121 in
1327 1069 1514 1122 divina
1552 1072 1782 1138 pecunia
1819 1085 1953 1124 con-

373 1156 575 1209 sectari
608 1159 890 1221 convenit,
920 1158 1300 1221 conservabis,
1333 1162 1950 1229 compensationemque

373 1257 429 1300 et
464 1248 698 1316 grat'am
733 1259 1131 1317 congruentem
1167 1255 1543 1320 consequeris.
1585 1271 1603 1304 ι
1640 1253 1717 1306 Ex
1754 1268 1818 1306 eo
1850 1251 1952 1321 igi-

377 1345 466 1389 tur
513 1347 758 1407 tempore
793 1339 844 1392 in
876 1340 1048 1392 solam
1085 1353 1401 1395 sanctorum
1435 1359 1618 1396 curam
1655 1359 1790 1411 opes
1824 1359 1952 1398 suas

375 1432 693 1500 impendere
719 1435 1026 1499 constituit,
1053 1445 1107 1490 et
1129 1436 1347 1510 liberali
1371 1453 1532 1490 manu
1560 1437 1780 1491 virtutis
1803 1452 1953 1491 ama-

376 1536 525 1580 tores
576 1540 864 1595 prosecuta
912 1538 1030 1592 est,
1083 1529 1376 1598 largitione
1426 1532 1772 1585 convenienti
1826 1546 1950 1583 cum

375 1616 655 1672 hilaritate
689 1634 806 1672 usa.
843 1620 922 1674 Ac
954 1622 1155 1674 multos
1183 1622 1272 1676 illa
1301 1622 1518 1690 quidem
1549 1622 1686 1678 alios
1726 1633 1951 1692 propter

375 1709 738 1764 excellentem
791 1712 1219 1780 hospitalitatem
1267 1714 1573 1768 liberaliter
1616 1724 1671 1769 et
1716 1715 1950 1784 benigne

376 1800 628 1868 excepit,
681 1802 735 1854 in
785 1803 979 1870 primis
1021 1813 1203 1858 autem
1249 1805 1301 1858 in
1337 1805 1663 1873 Theophilo,
1708 1808 1949 1861 amicum

378 1889 528 1942 illum
571 1901 626 1944 et
665 1892 892 1946 charum
938 1895 1047 1947 Deo
1091 1911 1210 1950 esse
1263 1909 1397 1959 rata,
1446 1900 1946 1968 magnanimitatem

379 1994 532 2032 suam
581 1982 859 2034 ostendit:
895 1985 1146 2051 quamvis
1189 1996 1243 2038 et
1289 1985 1400 2054 ipsa
1453 1987 1856 2055 improbitatem
1896 2001 1954 2045 et

377 2072 741 2125 contumelias
788 2074 986 2142 lingua:
1031 2077 1153 2145 ejus
1205 2094 1313 2131 non
1361 2079 1583 2146 eﬂ‘ugit,
1632 2083 1703 2135 ob
1734 2096 1950 2138 causam

381 2164 558 2225 illam,
593 2167 736 2232 quod
770 2176 826 2218 et
855 2165 946 2218 Dei
983 2179 1231 2224 amantes
1265 2170 1409 2223 viros
1446 2171 1566 2225 illos
1598 2173 1949 2227 Ammonium

380 2266 436 2307 et
468 2254 737 2308 lsidorum
774 2257 1012 2326 hospitio
1041 2262 1275 2328 excepit,
1311 2261 1498 2330 eisque
1531 2263 1764 2333 benigne
1797 2265 1951 2319 fecit.

381 2346 604 2400 Etcum
649 2351 739 2417 qui
775 2350 864 2416 pie
908 2351 1208 2404 secundum
1249 2352 1419 2406 Deum
1449 2354 1732 2420 viverent,
1764 2373 1956 2412 omnes

385 2439 707 2504 honoravit,
769 2439 1132 2511 flagrantique
1191 2444 1376 2497 animo
1434 2446 1558 2501 illos
1621 2451 1956 2519 competenti

382 2545 512 2583 cura
541 2530 791 2600 dignata,
823 2534 904 2587 eis
945 2534 1231 2588 inservivit
1265 2554 1276 2587 :
1315 2546 1427 2590 tum
1476 2541 1750 2608 przecipue
1785 2541 1956 2612 Chry-

382 2633 626 2678 sostomo
664 2625 808 2678 Patri
842 2626 1056 2680 addicta
1091 2636 1144 2680 ct
1175 2627 1462 2684 familiaris
1515 2646 1680 2700 quam
1715 2633 1953 2688 maxime

384 2714 516 2778 fttit,
557 2726 664 2770 tota
697 2732 760 2770 ex
796 2717 946 2771 illius
979 2730 1112 2772 nutu
1145 2729 1201 2773 et
1237 2736 1332 2774 ore
1367 2723 1612 2790 pendens
1635 2765 1650 2788 ,
1686 2733 1739 2778 et
1777 2735 1956 2780 vestes

385 2815 547 2875 atque
578 2807 761 2862 cibum
794 2824 991 2862 crassae.
1023 2809 1188 2880 hujus
1216 2812 1462 2866 materiae
1491 2824 1771 2881 expertem
1791 2857 1804 2874 .
1837 2816 1956 2870 cul-

389 2907 609 2967 tumque
666 2899 816 2952 illum
871 2915 971 2969 pro
1022 2916 1088 2955 eo
1136 2913 1302 2971 atque
1348 2903 1534 2957 decuit
1582 2905 1683 2957 rite
1735 2921 1955 2973 parans,

386 2989 548 3059 402
575 3005 673 3043 nec
700 3006 810 3044 non
839 2991 894 3044 in
921 2992 1044 3046 aliis
1075 2992 1243 3047 rebus
1270 2994 1528 3048 omnibus
1548 2995 1597 3048 ei
1631 2995 1955 3060 inserviens,

387 3091 444 3134 et
479 3082 881 3148 quodammodo
914 3083 1141 3152 perinde
1179 3094 1345 3154 atque
1377 3086 1578 3140 Thecla
1610 3088 1782 3141 altera
1817 3090 1959 3143 I'au—
1993 3122 2035 3184 η

377 3173 502 3226 ium
533 3189 896 3243 consequens.
953 3176 1214 3232 Sedenim
1239 3178 1473 3232 incendii
1507 3179 1670 3246 hujus
1701 3191 1961 3248 praetextu

392 3275 447 3317 et
496 3266 612 3333 ipsa
652 3273 763 3318 tum
805 3266 870 3318 ad
905 3268 1145 3336 praefecti
1194 3269 1434 3322 tribunal
1487 3269 1756 3324 constitit.
1794 3271 1970 3339 Atque

394 3358 490 3411 illo
546 3357 963 3428 interrogante,
1002 3378 1019 3410 ι
1056 3360 1184 3429 quid
1233 3361 1304 3412 ita
1364 3361 1582 3414 tandem
1627 3360 1973 3416 Christiano-

398 3467 514 3503 rum
561 3451 849 3505 ecclesiam
915 3452 1315 3508 incendisset?
1371 3472 1387 3505 ι
1448 3456 1754 3524 composito
1805 3456 1970 3524 placi-

395 3543 575 3608 doque
607 3540 774 3594 animi
820 3549 966 3595 statu
997 3542 1087 3596 illa
1114 3584 1128 3609 ,
1165 3561 1183 3594 ι
1226 3543 1342 3597 Non
1376 3544 1478 3597 hoc
1500 3587 1514 3610 ,
1549 3547 1654 3611 ait,
1685 3561 1717 3599 ο
1747 3561 1968 3615 praeses,

399 3634 522 3687 vita:
561 3649 694 3688 meae
729 3634 1042 3688 institutum
1073 3647 1177 3688 est.
1214 3635 1590 3691 Substantiam
1619 3640 1790 3702 enim,
1822 3639 1968 3708 quod

401 3731 513 3798 ipse
541 3743 760 3799 quoque
786 3729 953 3798 nosti,
982 3745 1158 3784 meam
1192 3745 1299 3784 non
1325 3733 1576 3800 exiguam
1608 3733 1725 3787 fere
1754 3750 1969 3790 omnem

403 3823 454 3875 in
488 3837 772 3876 sacrorum
807 3821 1057 3877 fanorum
1105 3824 1561 3878 instaurationem
1610 3826 1900 3896 insumpsi.
1949 3845 1967 3877 ι

401 3912 502 3969 Ubi
536 3929 667 3967 vero
692 3913 782 3967 ille
810 3913 1155 3969 subobscure
1186 3929 1244 3969 se
1274 3915 1422 3968 illius
1449 3914 1613 3968 vitam
1641 3916 1782 3971 scire
1809 3917 1975 3986 signi-

405 4009 630 4066 ticaret,
695 4003 1018 4073 Olympias,
1081 4025 1100 4056 ι
1172 4006 1412 4061 Proinde
1476 4006 1680 4077 judieis
1749 4024 1971 4073 munus,

404 4099 603 4166 inquit,
655 4098 926 4166 relinque,
973 4099 1421 4169 accusatorisque
1463 4115 1752 4169 personam
1794 4116 1972 4164 sume,

385 4202 458 4247 'et
504 4193 644 4247 alius
687 4195 850 4248 nobis
895 4194 1057 4248 detur
1096 4195 1286 4265 judcx.
1325 4215 1344 4248 ι
1379 4197 1554 4250 Porro
1581 4196 1838 4265 quoniam
1871 4196 1978 4248 cri-

405 4299 529 4338 men
572 4285 847 4355 objectum
898 4286 1228 4340 testimoniis
1263 4286 1591 4342 confirmare
1631 4302 1738 4340 non
1774 4287 1974 4352 potuit.

404 4388 637 4442 eamque
663 4375 906 4445 legitime
939 4391 1170 4445 arguere
1201 4393 1308 4432 non
1338 4378 1514 4443 licuit,
1542 4380 1608 4432 ad
1637 4377 1740 4431 alia
1770 4377 1972 4431 sensim

2049 520 2162 580 τοῖς
2197 517 2400 578 θεῖκοῖς
2439 515 2692 584 χρήμασι
2725 509 3294 576 κατεσπουδασμένης
3315 511 3412 558 καὶ
3435 507 3652 557 οἰκονο-

2055 609 2219 678 μικῆς
2255 607 2537 677 φροντίδος
2571 603 2856 676 ἐπιτεύξῃ,
2917 602 3240 671 ἀνηκούσης
3277 599 3647 666 εὐτυχήσασα

2051 701 2306 770 ἀμοιϐῆς.
2346 719 2363 750 ι
2443 699 2534 763 Ἐξ
2594 697 2810 749 ἐκείνου
2867 694 3051 746 τοίνυν
3086 695 3166 754 εἰς
3192 693 3291 752 τάς
3323 690 3433 742 τῶν
3467 689 3650 756 ἁγίων

2052 792 2349 859 θεραπείας
2384 789 2553 859 μόνας
2579 786 2843 840 ἐκκενοῦν
2872 786 3013 852 έγνω
3037 801 3052 816 ο
3089 782 3368 851 φιλοτίμῳ
3401 800 3463 833 τε
3494 782 3648 849 χειρὶ

2051 887 2177 948 τοὺς
2207 886 2305 955 τῆς
2356 883 2559 950 ἀρετῆς
2615 880 2855 947 ἐραστὰς
2909 876 3142 943 ἐξένιζε,
3197 879 3288 928 καὶ
3328 875 3646 943 θεραπείας

2052 977 2205 1046 ἠξίου
2241 977 2339 1044 τῆς
2369 973 2684 1043 ἀνηκούσης
2726 970 2846 1039 μεθ’
2882 970 3222 1039 ἱλαρότητος.
3262 967 3509 1028 Πολλοὺς
3541 965 3644 1034 μὲν

2052 1067 2144 1120 οὖν
2173 1069 2266 1120 καὶ
2286 1066 2481 1127 ἄλλους
2507 1065 2594 1117 διὰ
2629 1065 2690 1116 τδ
2722 1062 2911 1129 περιὸν
2943 1061 3043 1128 τῆς
3079 1059 3393 1127 φιλοξενίας
3427 1057 3638 1124 φιλοτε-

2056 1173 2173 1226 μως
2233 1155 2539 1221 ἐδεξιοῦτο·
2594 1152 2734 1206 ἀλλὰ.
2766 1153 2830 1221 δὴ
2868 1152 2963 1204 καὶ
3017 1151 3109 1202 ἐπὶ
3136 1149 3412 1216 Θεοφίλῳ,
3448 1148 3544 1200 ἇτε
3575 1147 3637 1214 δὴ

2055 1250 2210 1317 φίλον
2254 1248 2480 1317 οίομένη
2541 1245 2704 1310 Θεοῦ,
2753 1245 2814 1298 τὸ
2856 1242 3242 1314 μεγαλόψυχον
3272 1238 3634 1302 sudatio.th

2053 1342 2156 1396 κᾶν
2190 1341 2426 1400 εἰσάπαν
2461 1341 2558 1392 καὶ
2583 1337 2724 1407 αὕτη
2752 1337 2812 1391 τδ
2842 1336 3036 1404 ἰταμὸν
3067 1334 3166 1402 τῆς
3217 1333 3443 1387 ἐκείνου
3471 1330 3645 1398 γλώτ-

2052 1449 2151 1500 της
2182 1431 2277 1484 κα)⁸
2304 1430 2635 1501 ἐφύϐριστον
2667 1430 2767 1483 οὐκ
2817 1426 3152 1494 ἀπέδρασεν,
3187 1426 3376 1480 αἰτίαν
3411 1424 3644 1494 σχοῦσα.

2051 1524 2133 1576 ὅτι
2167 1523 2262 1575 καὶ
2321 1521 2450 1584 τοὺς
2499 1520 2772 1588 θεοφιλεῖς
2805 1520 3054 1582 ἐκείνους
3112 1517 3314 1586 ἄνδρας
3340 1517 3473 1578 τοὺς
3517 1517 3646 1581 περὶ

2066 1610 2376 1680 Ἀμμώνιον
2427 1610 2524 1663 καὶ
2568 1609 2840 1678 Ἰσίδωρον
2890 1607 3214 1674 ἐπιξενοῦσα
3241 1601 3302 1657 εὖ
3334 1605 3633 1674 ἔπραττεν.

2054 1702 2269 1764 Πάντας
2303 1703 2402 1772 μὲν
2427 1699 2520 1754 οῦν
2545 1701 2673 1764 τοὺς
2701 1701 2844 1754 κατά
2893 1699 3029 1753 Θεὸν
3059 1698 3272 1761 ζῶντας
3318 1696 3517 1763 ἐτίμα.
3548 1695 3644 1746 11‘-

2057 1791 2278 1861 θερμῶς
2301 1789 2551 1860 ἐκήδετο,
2585 1790 2682 1842 καὶ
2705 1789 2802 1858 τῆς
2825 1787 3141 1858 ἀνηκούσης
3167 1785 3436 1857 προνοίας
3463 1785 3650 1852 ἠξίου·

2061 1882 2140 1949 τῷ
2169 1882 2225 1934 δὲ
2260 1881 2632 1951 Χρυσοστόμῳ
2660 1881 2835 1951 Πατρὶ
2885 1879 3259 1950 διαφερόντως
3290 1877 3442 1945 μάλα
3473 1891 3652 1943 προσ-

2062 1973 2264 2039 έκειτο,
2293 1974 2384 2026 καὶ
2419 1974 2658 2042 συνήθης
2718 1973 2880 2043 εἰπερ
2911 1990 2996 2035 τις
3023 1967 3112 2042 ἦν,
3165 1970 3265 2039 ὅλη
3295 1969 3401 2037 τῆς
3433 1968 3654 2021 ἐκείνου

2063 2069 2156 2132 καὶ
2191 2068 2362 2138 ῥοπῆς
2386 2070 2481 2119 καὶ
2511 2067 2762 2134 γλώσσης
2796 2067 2999 2133 ἑαυτὴν
3033 2065 3416 2132 ἔξαρτὴσασα.
3451 2063 3657 2131 ἱμάτιὰ

2061 2176 2120 2212 τε
2155 2159 2248 2211 καὶ
2287 2159 2448 2213 ἆῦλον
2473 2159 2690 2228 ἐκείνην
2731 2157 2944 2227 τροφήν
2999 2172 3059 2208 τε
3092 2156 3185 2208 καὶ
3223 2154 3541 2224 θεραπείαν
3579 2155 3657 2214 ὡς

2065 2251 2209 2312 εἰκὸς
2245 2248 2668 2321 εὐτρεπίζουσα,
2699 2249 2795 2305 καὶ
2819 2248 2991 2302 τάλλα
3023 2247 3203 2300 πάντα
3232 2246 3530 2314 γινομένη.
3559 2247 3656 2296 καὶ

2063 2345 2266 2408 τρόπον
2296 2344 2488 2411 ἓτερον
2535 2343 2716 2397 Θέκλα
2741 2360 2824 2405 τις
2853 2336 2965 2396 οἷον
3009 2342 3146 2411 ἄλλη
3177 2341 3253 2411 τῷ
3283 2340 3492 2409 Παύλῳ
3525 2342 3654 2404 see-

2069 2431 2302 2499 πομένη.
2337 2433 2416 2501 Τῇ
2449 2433 2505 2486 δὲ
2552 2433 2829 2502 προφάσει
2876 2431 2974 2485 τοῦ
3028 2432 3324 2500 φλέγοντος
3356 2432 3457 2483 καὶ
3509 2429 3653 2497 αὕτη

2066 2521 2389 2591 τηνικαῦτα,
2445 2523 2522 2592 τῷ
2580 2523 2673 2576 τοῦ
2728 2524 2977 2598 ὑπάρχου
3033 2524 3341 2590 παρίστατο
3414 2521 3654 2591 βήματι.

2077 2612 2371 2680 Ἐρομένου
2413 2613 2457 2666 δ’
2493 2615 2704 2666 ἐκείνου
2759 2614 2811 2666 τί
2862 2615 2925 2682 δή
2982 2630 3113 2666 ποτε
3149 2613 3249 2682 τὴν
3300 2615 3656 2683 Χριστιανῶν

2067 2705 2368 2773 ἐκκλησίαν
2443 2706 2820 2775 ἐμπρήσειεν,
2873 2706 3056 2773 ἐκείνη
3143 2706 3399 2776 ἠρεμαίῳ
3470 2706 3658 2775 Ψυῖἧῖ

2067 2798 2471 2867 καταστήματι,
2504 2821 2523 2850 α
2557 2801 2670 2870 Οὐχ
2696 2798 2863 2870 αῦτη,
2888 2794 2932 2852 ὦ
2963 2800 3193 2869 ἕπαρχε,
3226 2800 3353 2866 ἔφη,
3388 2800 3490 2866 τῆς
3514 2799 3658 2865 ἐμῆς

2067 2888 2250 2960 βιοτῆς
2283 2892 2313 2959 ἡ
2350 2890 2695 2959 προαίρεσις.
2729 2890 2840 2961 Τὴν
2870 2892 2979 2961 γὰρ
3020 2892 3161 2961 ἐμὴν
3207 2891 3399 2943 οὐσίαν
3440 2891 3654 2959 πολλὴν

2067 3001 2130 3051 γε
2169 2978 2356 3048 οὖσαν,
2393 2985 2686 3038 ἐπίστασαι
2718 2986 2776 3039 δὲ
2806 2987 2902 3039 καὶ
2941 2987 3128 3049 αὐτὸς,
3167 2988 3358 3056 σχεδον
3389 2989 3454 3039 τὸ
3491 2988 3656 3042 πλεῖ-

2068 3093 2213 3137 στον,
2255 3078 2333 3139 είς
2367 3077 2670 3131 ἀνανέωσιν
2701 3080 2868 3149 ἱερῶν
2901 3079 3084 3148 σηκῶν
3114 3080 3500 3147 ὲκδαπανῆσαι
3523 3083 3652 3147 ἐγέ-

2074 3187 2216 3222 νετο.
2250 3189 2268 3222 ι
2302 3169 2410 3223 Τοῦ
2442 3171 2488 3222 δ’
2510 3171 2752 3241 αἰσχρῶς
2774 3171 3127 3240 αἰνιξαμένου
3162 3174 3255 3226 τὸν
3281 3175 3505 3242 ἐκείνης
3540 3175 3657 3243 βίον

2070 3263 2292 3327 εἰδέναι,
2332 3283 2350 3314 ι
2394 3264 2604 3316 Οὐκοῦν
2641 3266 2798 3331 ἀφεὶς
2838 3264 3102 3328 δικάζειν,
3137 3259 3316 3328 εἶπεν,
3350 3267 3434 3327 εἰς
3463 3267 3658 3334 σχῆμα

2071 3355 2411 3426 κατηγορίας
2447 3357 2739 3425 μετάϐηθι,
2772 3358 2863 3410 καὶ
2893 3357 3056 3421 ἄλλος
3093 3357 3252 3424 ἡμῶν
3291 3359 3506 3409 ὲσείται
3538 3377 3661 3427 npt-

2069 3447 2188 3514 τῆς.
2240 3464 2258 3496 ι
2297 3444 2450 3498 Ἐπεὶ
2485 3447 2530 3499 δ’
2563 3448 2884 3516 ἀμάρτυρον
2919 3442 3032 3516 εἶχε
3061 3446 3121 3500 τὸ
3151 3445 3431 3515 ἔγκλημα,
3453 3453 3553 3500 καὶ
3599 3450 3661 3499 ὲν

2071 3536 2197 3606 δίκῃ
2233 3537 2549 3606 μέμφεσθαι
2598 3537 2699 3591 οὐκ
2756 3537 2908 3606 ἐνῆν,
2950 3539 3035 3606 ἐφ’
3087 3537 3257 3607 ἕτερα
3299 3538 3486 3607 ἡρέμα
3521 3556 3661 3607 μετο

2076 3628 2297 3682 έϐαινε·
2365 3631 2458 3682 καὶ
2510 3629 2822 3698 συμϐούλου
2875 3630 3043 3683 τόπον
3090 3631 3282 3700 ῶσπερ
3340 3631 3658 3698 ἀναλαϐὼν,

2075 3723 2466 3790 κατεμέμφετο
2514 3722 2709 3792 ὅτιπερ
2750 3723 3006 3776 Ἰωάννου
3077 3721 3358 3791 ἒξέχοιτο,
3411 3727 3510 3777 καὶ
3573 3725 3662 3776 διὰ

2074 3813 2234 3868 τοῦτο
2265 3813 2365 3882 τὴν
2389 3814 2489 3882 τῆς
2512 3812 2847 3880 Ἐκκλησίας
2870 3818 3161 3867 κοινωνίαν
3179 3816 3241 3867 οὐ
3274 3816 3662 3883 καταδέχοιτο,

2075 3907 2196 3967 ὲξὸν
2230 3905 2526 3976 μεταμέλῳ
2582 3907 2963 3976 χρησαμένην,
3015 3906 3367 3976 ἀπηλλάχθαι
3397 3912 3665 3977 πραγμα.

2075 4011 2202 4048 των.
2249 3994 2313 4046 Ἢ
2355 3993 2411 4046 δὲ
2469 3990 2741 4064 μακαρία,
2777 4010 2794 4041 ι
2828 3992 2902 4062 μὴ
2959 3991 3118 4061 θέμις
3173 3989 3318 4047 εἶναι
3374 3995 3537 4062 ἔλεγε
3565 3996 3664 4066 τὴν

2074 4083 2312 4156 δημοσίᾳ
2365 4084 2734 4152 συκοφαντίαν
2775 4084 3118 4146 ὑποστᾶσαν,
3170 4084 3245 4155 μὴ
3276 4086 3475 4152 μέντοι
3505 4087 3664 4139 6:11-

2079 4177 2286 4246 στηρίῳ
2344 4175 2756 4245 διελεγχθεῖσαν
2817 4178 2932 4239 τοῖς
2991 4178 3522 4248 κατηγορημένοις,
3586 4183 3666 4241 εἰς

2076 4271 2245 4340 ἄλλην
2274 4269 2577 4337 ἀπολογίαν
2619 4271 2966 4339 μεταχωρεῖν
3023 4270 3287 4339 μέμψεων
3317 4271 3664 4328 ἀνευθύνων,

2091 4359 2232 4413 Ἀλλ’
2268 4360 2322 4413 εἴ
2353 4376 2435 4412 σοι
2461 4360 2628 4422 δοκεῖ,
2653 4354 2734 4420 οἷς
2769 4376 2836 4427 με
2869 4357 3063 4430 πρώην
3085 4358 3427 4429 ἐγράψαντο,
3469 4360 3666 4414 κέλευε

405 4464 698 4534 praefectus
741 4468 976 4522 transiit.
1007 4469 1076 4524 Et
1100 4471 1251 4539 quasi
1285 4468 1584 4524 consiliarii
1629 4468 1808 4522 locum
1850 4483 1964 4522 sus-

2082 4455 2416 4520 συνηγόρους
2442 4448 2882 4521 προστήσασθαι.
2914 4449 2974 4502 El
3003 4449 3110 4517 γάρ
3136 4466 3201 4518 με
3228 4449 3455 4516 βιάσαιο
3484 4468 3668 4520 παρα-

409 4557 676 4626 eepisset,
706 4573 826 4613 eam
878 4561 1254 4630 reprehendit,
1285 4561 1426 4631 quod
1477 4561 1704 4615 Joannis
1738 4559 1978 4614 necessi-

412 4646 656 4702 tudinem
704 4648 1004 4716 retineret,
1038 4658 1096 4704 et
1121 4659 1409 4718 propterea
1439 4645 1702 4702 Ecclesiae
1738 4659 1984 4698 commu-

412 4738 636 4794 nionem
676 4756 783 4795 non
837 4743 1128 4810 reciperet.
1163 4755 1291 4796 cum
1332 4740 1383 4796 ei
1435 4738 1780 4812 resipiscenti
1818 4735 1981 4790 facile

411 4839 596 4896 esset,
643 4833 870 4902 negotio
914 4833 1274 4902 molestiaque
1311 4831 1465 4886 omni
1502 4828 1747 4885 liberari.
1784 4828 1980 4916 Verum

413 4921 574 4975 beata
605 4921 696 4976 illa
739 4921 892 4976 nefas
925 4938 1046 4978 esse
1077 4924 1236 4986 dixit,
1289 4937 1410 4976 eam
1455 4937 1578 4991 quae
1623 4919 1841 4990 publice
1886 4934 1984 4987 per

417 5011 830 5081 sycophantiam
862 5013 1076 5078 delata,
1105 5023 1157 5069 et
1191 5013 1246 5067 in
1278 5013 1490 5083 judicio
1520 5013 1587 5066 de
1617 5011 1851 5065 crimine
1880 5011 1982 5062 ob-

410 5105 560 5175 jecto
598 5119 704 5157 non
747 5107 997 5160 convicta
1038 5115 1206 5173 esset,
1253 5105 1320 5160 ad
1365 5105 1594 5160 alterius
1639 5103 1739 5166 rei,
1775 5117 1896 5172 quae
1929 5102 1984 5154 in

359 5193 382 5214 ’
416 5196 627 5251 crimen
665 5206 830 5266 atque
869 5198 1136 5268 judicium
1182 5214 1289 5251 non
1336 5199 1612 5259 venisset,
1647 5210 1866 5250 causam
1900 5193 1985 5247 di-

415 5288 648 5344 cendam
683 5290 938 5344 transire.
981 5309 999 5342 ι
1035 5290 1194 5356 Quod
1231 5291 1278 5344 si
1319 5291 1456 5350 tibi,
1504 5290 1701 5358 inquit,
1748 5287 1988 5350 videtur,

412 5382 546 5452 jube
577 5397 665 5436 me
693 5391 956 5451 patronos
984 5383 1290 5452 producere
1321 5381 1616 5436 criminum
1646 5395 1837 5433 eorum
1867 5393 1987 5447 quae

419 5473 671 5542 proxime
699 5474 833 5528 mihi
870 5484 998 5530 sunt
1027 5476 1314 5529 intentata.
1345 5473 1480 5528 Nam
1510 5473 1554 5526 si
1581 5485 1776 5540 cogere
1808 5469 1983 5534 voles,

423 5573 482 5619 ut
526 5581 614 5620 me
656 5577 850 5623 contra
892 5570 1042 5638 leges
1081 5568 1304 5638 synaxis
1341 5575 1398 5620 et
1427 5572 1731 5619 conventus
1761 5576 1886 5616 cum
1920 5561 1990 5616 iis

419 5670 559 5723 quos
599 5658 821 5713 minime
871 5659 1029 5714 decet
1069 5658 1394 5729 participem
1436 5655 1632 5710 faciam
1665 5671 1678 5707 :
1716 5651 1984 5706 facturam

419 5757 509 5799 ne
552 5758 661 5800 non
691 5759 813 5804 esse
855 5749 1018 5813 scito,
1045 5765 1167 5820 quae
1197 5749 1278 5805 eis
1304 5747 1485 5803 facere
1514 5746 1841 5815 permissum
1875 5759 1988 5800 non

2082 4543 2262 4613 νόμως
2294 4542 2567 4606 συνάξεων
2600 4542 2970 4611 συμμετέχειν
2997 4537 3078 4604 οἷς
3117 4541 3178 4594 οὗ
3205 4540 3408 4610 χρεὼν,
3442 4542 3556 4596 ῖτθι
3592 4544 3667 4612 μὴ

2084 4636 2394 4706 πράξουσαν
2420 4635 2456 4689 ἃ.
2505 4634 2581 4705 μὴ
2610 4637 2824 4703 ἐφεῖται
2863 4631 2944 4699 οἷς
2972 4636 3225 4689 εὐσεϐεῖν
3275 4636 3555 4704 αἵρεσις.»
3609 4637 3667 4690 '0

2085 4727 2332 4797 ὕπαρχος
2357 4725 2403 4780 δ’
2426 4726 2520 4782 οὖν
2552 4728 2628 4789 ὡς
2653 4729 2796 4796 ἔγνω
2822 4729 2898 4799 μὴ
2933 4727 3226 4782 πείσεσθαι
3254 4732 3320 4797 τῇ
3357 4729 3666 4800 Ἐκκλησία

2085 4823 2384 4886 κοινωνεῖν,
2415 4821 2536 4874 τότε
2568 4821 2667 4891 μὶν
2693 4821 2856 4889 δῆθεν
2891 4821 3046 4891 ἠφίει
3070 4821 3411 4891 συνηγόρους
3444 4822 3664 4890 εὑρεῖν-

2085 4912 2277 4966 ἄλλοτε
2307 4913 2364 4965 δὲ
2395 4912 2474 4980 τῷ
2503 4913 2844 4982 δικαστηρίῳ
2871 4911 3232 4980 παραγαγὼν,
3279 4914 3512 4980 χρυσίου
3544 4911 3669 4964 πολ-

2085 5003 2178 5056 λοῦ
2205 5003 2594 5067 κατεδίκαζεν·
2633 5003 2880 5072 οἰόμενος
2913 5004 3026 5072 γὰρ
3057 4998 3124 5072 ἦν
3157 5002 3246 5056 διά
3287 5001 3467 5055 ταῦτα
3499 5020 3668 5072 μετα-

2087 5096 2280 5148 θέσθαι
2317 5099 2415 5165 τῆς
2473 5094 2655 5164 δόξης.
2703 5096 2922 5165 Ἐκείνη
2981 5095 3037 5149 δὲ
3083 5095 3262 5150 ταῦτα
3321 5094 3460 5164 παρ’
3511 5097 3666 5148 οὐδὲν

2086 5189 2441 5259 λογισαμένη,
2477 5189 2538 5242 οὐ
2571 5189 2714 5242 κατά
2737 5206 2788 5241 τι
2826 5187 2924 5240 τοῦ
2963 5187 3167 5240 σκοποῦ
3213 5188 3531 5257 καθυφῆκε.
3573 5189 3665 5241 Διά

2045 5305 2053 5313 ·
2086 5300 2168 5335 τοι
2194 5281 2352 5335 τοῦτο
2401 5283 2498 5334 καὶ
2553 5281 2651 5350 τὴν
2702 5280 3124 5335 Κωνσταντίνου
3183 5279 3450 5344 λιποῦσα,
3483 5281 3588 5349 τὴν
3615 5281 3666 5330 ὲν

2087 5376 2312 5442 Κυζίκῳ
2337 5373 2619 5444 διατριϐὴν
2651 5372 3063 5440 κατησπάζετο.
3095 5368 3209 5450 Et?
3247 5374 3469 5426 ἐκεῖθεν
3495 5374 3669 5441 ὑπερ-

2086 5469 2245 5539 ορίαν
2271 5468 2452 5535 φυγὴν
2483 5469 2542 5519 ὲν
2588 5469 2654 5535 τῇ
2689 5465 2934 5518 Βιθυνῶν
2985 5465 3339 5536 Νικομηδείᾳ
3371 5465 3670 5518 κατεδικά-

2087 5562 2242 5624 ζετοο
2275 5558 2526 5626 ἀφθόνως
2555 5557 2613 5610 δὲ
2662 5559 2729 5611 τά
2767 5558 3005 5630 χρειώδη
3039 5558 3267 5629 Ἰωάννῃ
3301 5560 3360 5610 ὲν
3391 5557 3672 5627 ὑπερόρια

2085 5651 2322 5717 διάγοντι
2352 5653 2621 5717 ἔπεμπεν,
2657 5651 2732 5714 ὡς
2772 5652 2983 5704 ἐκεῖνον
3029 5653 3283 5706 ἐντεῦθεν
3321 5652 3550 5714 πολλοῖς
3615 5668 3672 5702 τε

2087 5744 2379 5815 ἐπαρκεῖν,
2402 5744 2498 5798 καὶ
2518 5744 2618 5799 οὐκ
2638 5743 2852 5814 ὀλίγους
2877 5744 3188 5816 ὠνούμενον
3214 5745 3314 5815 τῆς
3343 5745 3454 5798 τῶν
3484 5743 3672 5797 Ἰσαύ-
