3898 6192
285 316 423 381 1013

1150 319 1748 386 ΕΟΕΙΕΞΙΑΞΤΙΟᾹΞ
1784 326 2174 385 ΙΙΙὸΤΟΒΙᾸΞ
2214 326 2353 387 LIB.
2397 324 2566 385 ΧΙΙῘ.

3384 312 3521 374 1οἰ4

282 450 396 500 ρων
454 432 858 501 αἰχμαλωσίας,
896 433 1011 494 τοῖς
1048 431 1202 494 ίδίοις
1254 433 1589 490 ἀποδιδόναι.
1640 436 1849 488 Ἐκεῖσε

1961 445 2057 500 est,
2092 437 2187 507 qui
2221 437 2307 507 pic
2339 436 2445 491 sibi
2480 433 2772 489 vivendum
2804 445 2923 486 esse
2955 436 3284 485 slatucrunt.
3327 445 3344 476 ι
3381 428 3525 480 l‘raz—

276 522 337 575 δὲ
368 522 601 577 πλεῖστα
657 522 1000 578 διαδιώσασα
1048 524 1167 594 ἐτη,
1214 525 1314 585 τὰς
1349 526 1457 578 τῶν
1522 527 1851 595 πειρασμῶν

280 614 509 683 νιφάδας
544 612 800 676 ποικίλας
823 614 933 667 τῶν
965 614 1201 684 θλίψεων
1241 616 1322 685 τῷ
1353 617 1489 686 πρὸς
1520 618 1653 669 Θεὸν
1686 618 1848 687 ἔρωτι

272 707 549 770 γενναίως
570 707 976 776 ὑπενεγκοῦσα,
1007 710 1099 761 τὸν
1123 710 1225 777 τῆς
1247 711 1529 778 ὑπομονῆς
1555 711 1854 783 ἀνεδήσατο

276 796 548 865 στέφανον
589 812 604 827 ο
631 797 661 850 δ
687 798 1049 867 μοναστήρεον
1074 800 1132 851 ὲν
1173 801 1239 868 τῇ
1270 800 1687 855 Κωνσταντίνου
1723 816 1852 853 συν-

276 887 572 955 εστήσατο,
598 886 820 957 Μαρίνῃ
850 886 1232 941 καταλιποῦσα
1270 890 1337 958 τῇ
1375 886 1675 956 συγγενίδι,
1710 888 1855 942 ἀπα-

278 972 561 1042 ράτρωτον
598 973 952 1044 ἑπισκήψασα
974 974 1068 1027 τὸν
1101 973 1194 1028 τοῦ
1243 975 1607 1045 μοναστηρίου
1654 974 1854 1029 κανόνα

274 1063 582 1132 διατηρεῖν.
618 1065 890 1132 Ἔγγιστα
918 1063 964 1118 δ’
988 1060 1056 1137 ἦν
1087 1066 1149 1119 τὸ
1188 1067 1556 1136 μοναστήριον
1611 1065 1708 1119 τοῦ
1754 1067 1855 1137 τῆς

275 1153 443 1221 ἁγίας
462 1155 702 1225 Εἰρήνης
737 1155 831 1210 καὶ
856 1157 958 1224 τῆς
984 1154 1080 1210 τοῦ
1114 1156 1256 1211 Θεοῦ
1289 1158 1467 1225 Λόγου
1491 1158 1690 1226 Σοφίας
1717 1174 1855 1229 προ-

275 1246 443 1317 τέρου
482 1246 653 1316 σηκοῦ
675 1262 692 1278 ⁸
737 1245 765 1300 δ
791 1246 949 1315 λόγος
995 1248 1286 1318 διαρκέσαι
1317 1249 1447 1318 ἄχρι
1479 1250 1579 1317 τῆς
1613 1249 1856 1312 στάσεως

277 1338 405 1406 ἥτις
436 1337 580 1391 Νίκα
606 1338 846 1407 ἐλέγετο.
905 1338 1038 1391 Τότε
1062 1340 1120 1393 δὲ
1150 1338 1247 1394 τοῦ
1294 1340 1395 1409 τῆς
1447 1340 1650 1409 Σοφίας
1706 1340 1855 1410 ἱεροῦ

279 1427 720 1498 ἐμπρησθέντος,
756 1430 982 1483 κάκεῖνο
1013 1429 1404 1501 συνδιεφθάρη.
1446 1431 1610 1485 Ἀλλὰ
1632 1431 1729 1486 τοῦ
1759 1449 1857 1501 με·

277 1519 472 1583 γίστου
504 1518 687 1587 πο).λῷ
722 1517 953 1590 ὕστερον
986 1519 1148 1583 αὖθις
1172 1521 1565 1590 ἀνεγερθέντος
1595 1521 1722 1586 νεὼ,
1752 1524 1855 1575 κά-

281 1610 433 1661 κεῖνο
482 1610 582 1679 τὴν
640 1611 918 1683 προτέραν
970 1612 1272 1682 εὐκοσμίαν
1332 1614 1484 1682 ἔσχε,
1529 1615 1625 1668 καὶ
1686 1617 1767 1678 είς
1793 1615 1856 1668 τὸ

276 1698 507 1768 ἀρχαῖον
557 1700 903 1770 ἀποκατέστη
964 1701 1205 1772 ἀξίωμα,
1255 1704 1491 1775 Σεργίας
1541 1706 1858 1777 ἡγουμένης

275 1791 487 1846 αὐτοῦ·
522 1792 557 1863 η
588 1792 655 1862 δὴ
698 1794 911 1847 καὶτὸν
944 1793 1047 1863 τῆς
1088 1771 1387 1865 μακαρίας
1413 1797 1531 1866 βίον
1561 1771 1857 1869 nam.
1890 1771 1931 1826 Β

281 1899 417 1950 ματι
446 1883 866 1948 καταλέλοιπεν,
900 1886 958 1940 ὲν
993 1878 1039 1955 ᾧ
1084 1886 1149 1957 δὴ
1180 1888 1277 1940 καὶ
1334 1886 1495 1940 τοῦτο
1531 1887 1859 1960 ίστορούσης

274 1972 429 2027 εστιν
481 1975 703 2029 ἀκούειν
724 2014 740 2039 ,
774 1976 851 2041 ὡς
884 1978 1009 2031 ἐπεὶ
1048 1979 1106 2032 ἑν
1150 1978 1492 2051 Νικομηδείᾳ
1522 1980 1556 2049 ἠ
1587 1980 1710 2034 ὁσία
1744 1981 1861 2035 ἔτε-

275 2065 447 2121 λεύτα
483 2068 819 2138 Ὀλυμπιὰς,
874 2071 1008 2141 πρὶν
1037 2070 1268 2143 ἢτάφος
1310 2073 1483 2143 αὐτὴν
1513 2073 1855 2142 ὐποόἇξαιτο,

274 2156 358 2227 τῷ
385 2159 503 2212 τότε
531 2159 819 2230 ίερατικῶς
845 2159 1045 2232 ὲξηγου
1054 2164 1207 2234 μένῳ
1228 2164 1332 2235 τῆς
1353 2165 1701 2238 Νικομήδους
1722 2167 1857 2240 δναρ

274 2251 593 2319 ἐφίσταται,
629 2258 688 2308 rb
717 2256 900 2327 τίμιον
933 2256 1193 2327 λείψανον
1226 2258 1604 2330 γλωσσοκόμῳ
1634 2260 1857 2331 ἐνθέμεφ

274 2364 393 2407 νον.
424 2348 502 2416 τῷ
537 2347 686 2417 βυθῷ
731 2350 1023 2418 ἐπαφεῖναι
1062 2365 1076 2379 ·
1111 2350 1249 2404 ὅπου
1294 2351 1343 2404 δ’
1370 2351 1438 2404 ἂν
1469 2352 1649 2407 έκεῖνο
1679 2354 1857 2428 σχὰσῃ

272 2438 373 2491 τὸν
399 2438 589 2505 πλοῦν,
644 2442 763 2494 ἐκεῖ
790 2442 972 2495 καὶτὸ
1026 2442 1190 2512 σῶμα
1220 2443 1318 2513 τῆς
1348 2444 1502 2507 ὁσίας
1539 2446 1853 2509 καταξιοῦν.

278 2531 395 2586 Καὶ
423 2535 485 2587 τὸ
542 2534 642 2604 μὲν
701 2535 949 2603 ἐγίνετο·
982 2535 1184 2606 ἔφθανε
1224 2538 1283 2592 δὲ
1306 2540 1406 2610 τὴν
1430 2540 1728 2611 παραλίαν,
1828 2545 1856 2597 ὁ

272 2623 376 2677 τοῦ
407 2625 708 2680 ἀποστόλου
736 2628 912 2697 Θωμᾶ
941 2629 1075 2692 νεὼς
1107 2629 1323 2698 ἵδρυται
1349 2647 1362 2662 ·
1416 2632 1647 2703 Βρόχθοι
1682 2636 1854 2703 ἐγχωο

278 2715 416 2784 ρίως
454 2718 483 2770 ὁ
513 2719 676 2783 τόπος
709 2721 1052 2791 ὠνόμασται.
1086 2723 1259 2777 Ἔνθα
1286 2724 1410 2796 θείᾳ
1442 2725 1565 2796 ὄψει
1617 2727 1855 2793 ἐξιόντες

274 2810 330 2862 οῖ
357 2809 448 2863 τὸν
479 2812 643 2865 τόπον
700 2814 1004 2878 οίκοῦντες,
1057 2816 1119 2871 τὸ
1156 2817 1303 2888 ἱερὸν
1340 2820 1557 2891 ἐκείνης
1611 2822 1749 2892 πρὸς
1778 2822 1855 2893 τῷ

277 2900 415 2970 ἱερῷ
435 2901 812 2974 θυσιαστηρίῳ
832 2904 1126 2959 κατέθεντο
1149 2907 1427 2977 λείψανον,
1446 2908 1661 2978 μυρίων
1683 2909 1855 2964 νόσων

277 2991 582 3062 θεραπείας
629 2995 989 3062 ἀξιουμένων,
1035 2998 1313 3069 δαιμόνων
1369 3001 1850 3071 ἀπελαυνομένων,

1956 528 2131 582 fectus
2184 536 2476 595 postquam
2529 522 2822 587 intellexit,
2882 518 3202 590 persuaderi
3252 530 3412 579 eam,
3466 522 3526 569 ut

1955 634 2081 673 cum
2120 618 2368 674 Ecclesia
2404 615 2860 676 communicaret,
2892 626 3002 666 non
3038 624 3218 680 posse,
3262 618 3375 662 tum
3407 605 3526 677 qui-

1956 709 2081 763 dem
2144 710 2233 764 ille
2284 725 2406 766 eam
2455 707 2753 764 advocatos
2802 703 2909 760 sibi
2959 717 3205 774 quaerere
3254 699 3524 770 permisit.

1961 801 2085 856 Alio
2112 816 2241 855 vero
2268 811 2515 870 tempore
2548 799 2600 854 in
2626 799 2718 869 jus
2746 798 2987 858 citatam,
3020 807 3217 864 magno
3247 792 3365 846 auri
3394 805 3529 859 pon-

1955 891 2088 948 dere
2135 907 2233 960 per
2279 890 2792 947 condemnationem
2847 886 3147 948 multavit,
3198 884 3528 939 sententiam

1956 999 2077 1039 eam
2111 999 2290 1048 suam,
2319 984 2389 1038 ob
2413 996 2633 1039 causam
2663 982 2849 1045 talem,
2882 988 3212 1034 mutaturam
3240 991 3359 1031 esse
3386 976 3533 1029 arbi-

1959 1086 2156 1133 tratus.
2204 1076 2407 1132 Verum
2454 1075 2546 1129 illa
2594 1075 2713 1129 haec
2757 1087 2858 1143 pro
2907 1070 3082 1127 nihilo
3126 1070 3304 1132 duxit,
3350 1083 3531 1137 neque

1956 1168 2257 1238 quidquam
2293 1169 2360 1222 de
2393 1167 2678 1236 proposito
2711 1165 2946 1219 consilio
2977 1178 3078 1218 suo
3110 1161 3343 1216 remisit.
3385 1159 3531 1225 Qun-

1957 1261 2103 1315 circa
2132 1258 2665 1328 ConstantinOpolim
2696 1256 2865 1313 etiam
2895 1254 3142 1331 reliquit,
3169 1262 3225 1309 et
3248 1252 3531 1322 Cyzicum,

1956 1363 2019 1409 ut
2047 1352 2122 1408 ibi
2154 1352 2398 1423 degeret,
2426 1368 2486 1408 se
2521 1352 2779 1408 contulit.
2810 1349 3020 1406 Deinde
3050 1364 3184 1404 vero
3214 1363 3278 1402 ex
3308 1363 3375 1401 eo
3410 1347 3531 1402 luco

1958 1444 2025 1499 ad
2055 1443 2310 1499 exsilium
2355 1443 2411 1498 in
2456 1442 2832 1500 Nicomediam
2873 1440 3233 1511 Bithynorum
3260 1446 3343 1492 est
3383 1436 3537 1489 dam-

1960 1545 2111 1591 nata.
2140 1536 2375 1591 Abunde
2402 1552 2532 1592 vero
2560 1551 2650 1590 res
2674 1534 3014 1591 necessarias
3036 1532 3233 1589 Joanni
3259 1528 3533 1586 exsulanti

1959 1626 2351 1696 suppeditavit,
2384 1627 2522 1683 adeo
2558 1634 2617 1682 ut
2650 1627 2741 1682 ille
2775 1641 2841 1682 ex
2874 1641 2938 1682 ea
2974 1623 3306 1681 liberalitate
3335 1621 3537 1676 multo-

1962 1734 2082 1773 rum
2115 1734 2336 1788 quoque
2364 1718 2606 1789 inopiam
2637 1718 2977 1782 sublevaret,
3007 1726 3065 1771 et
3096 1729 3203 1773 non
3238 1727 3442 1784 paucos
3468 1726 3538 1766 ex

1961 1809 2277 1867 Isaurorum
2322 1810 2646 1880 captivitate
2688 1810 3002 1880 redemptos
3028 1808 3144 1863 suis
3187 1812 3535 1861 restitueret.

1959 1903 2037 1960 lbi
2082 1918 2208 1958 cum
2257 1903 2350 1958 illa
2398 1917 2577 1960 annos
2618 1902 2889 1973 plurimos
2932 1898 3322 1970 transegisset,
3373 1895 3537 1968 403

1962 1992 2446 2063 tentationumque
2509 1991 2781 2063 procellas
2856 2000 2913 2048 et
2967 1988 3292 2046 aﬂlictiones
3356 1988 3539 2043 varias

1957 2083 2180 2153 egregio
2234 2082 2290 2137 in
2347 2083 2520 2139 Deum
2582 2096 2776 2138 amore
2853 2079 3072 2136 fortiter
3141 2078 3536 2140 sustinuisset,

1959 2176 2241 2245 patientiae
2278 2176 2497 2231 tandem
2534 2190 2798 2232 coronam
2832 2173 3098 2243 suscepit.
3140 2170 3535 2227 Monasterium

1957 2266 2103 2336 quod
2140 2265 2618 2335 Constantinopoli
2667 2266 2994 2328 constituit,
3040 2262 3266 2318 Marine
3297 2270 3540 2332 cognata:

1958 2373 2073 2412 sua:
2113 2359 2455 2428 relinquens,
2493 2373 2614 2412 eam
2666 2357 2985 2411 monasterii
3026 2356 3267 2425 regulam
3307 2353 3540 2408 inviola-

1958 2458 2068 2503 tam
2094 2463 2427 2505 conservare
2455 2448 2642 2518 jussit.
2684 2447 2811 2502 Fuit
2840 2446 2895 2500 id
2944 2460 3111 2515 prope
3142 2453 3346 2500 sancta:
3383 2443 3543 2498 Pacis

1954 2555 2011 2601 et
2034 2544 2192 2600 Verbi
2220 2545 2315 2600 Dei
2334 2544 2628 2614 Sapientiae
2655 2541 2949 2614 pristinum
2981 2542 3269 2612 templum,
3289 2551 3344 2596 et
3365 2555 3540 2609 usque

1953 2637 2023 2693 ad
2057 2637 2383 2693 seditionem
2412 2652 2558 2701 eam,
2581 2652 2704 2706 quae
2731 2635 2900 2699 Νίκα,
2931 2634 3037 2689 hoc
3060 2642 3167 2701 est,
3205 2632 3377 2697 Vince,
3395 2631 3543 2687 dicc-

1955 2730 2140 2796 batur,
2163 2727 2404 2786 duravit.
2427 2728 2565 2783 Tum
2587 2743 2720 2784 vero
2751 2727 3046 2798 Sapientia:
3076 2725 3281 2796 templo
3321 2733 3540 2788 exusto,

1951 2832 2012 2879 ει
2054 2822 2231 2891 ipsum
2287 2818 2663 2891 conﬂagravit.
2688 2817 2959 2874 Caeterum
3006 2816 3246 2872 maxime
3275 2831 3344 2873 eo
3381 2816 3546 2886 longe

1955 2921 2076 2983 post
2107 2910 2311 2979 templo
2350 2909 2630 2974 restituto,
2664 2908 3067 2964 monasterium
3094 2906 3201 2963 hoc
3250 2906 3543 2975 pristinam

1953 3015 2173 3071 quoque
2198 3002 2410 3071 recepit
2443 3009 2817 3066 venustatem,
2836 3008 3002 3069 atque
3030 2998 3099 3053 ad
3126 3009 3369 3054 veterem
3389 3001 3551 3053 resti-

277 3086 378 3137 καὶ
433 3085 613 3140 ἄλλων
662 3090 968 3158 τεραστίων
1022 3093 1177 3164 παρά
1231 3093 1390 3162 δόξαν
1444 3096 1854 3167 γεγενημένων.

1962 3100 2140 3148 tutum
2189 3104 2274 3149 est
2320 3092 2670 3164 dignitatem,
2701 3090 2892 3160 Sergia
2938 3090 2989 3145 ei
3026 3088 3393 3160 prasidente,
3427 3103 3550 3156 qua:

298 3170 604 3243 Ἱστόρηταί
631 3192 696 3243 γε
731 3176 837 3247 μὴν
861 3178 999 3247 μετὰ
1020 3179 1182 3233 τοῦτο
1202 3178 1394 3245 ἔθνους
1417 3183 1693 3255 ἐπιδρομῇ
1720 3202 1861 3256 συμ-

281 3267 582 3335 μετασχεῖν
637 3266 740 3337 τῆς
791 3271 1069 3340 πυρκαϊᾶς
1126 3273 1223 3327 καὶ
1275 3274 1368 3329 τὸν
1414 3275 1507 3330 τοῦ
1560 3278 1860 3333 ἀποστόλου

278 3355 447 3412 νεών.
491 3356 696 3429 Ἐγγὺς
748 3359 806 3413 δὲ
835 3365 971 3433 πρὸς
1009 3363 1287 3419 θάλασσαν
1334 3366 1429 3421 τοῦ
1460 3367 1720 3439 λειψάνου
1747 3388 1861 3424 κει-

283 3452 477 3518 μένου,
506 3450 564 3504 τὸ
592 3452 693 3521 μὲν
724 3452 1107 3525 γλωσσόκομον
1136 3457 1388 3529 δαπάνην
1409 3459 1488 3531 τῷ
1541 3462 1678 3525 πυρὶ
1708 3463 1864 3530 γενέ-

283 3544 434 3610 σθαι,
461 3546 531 3599 τὰ
559 3545 618 3599 δι
646 3562 712 3614 γε
741 3546 977 3617 λείψανα
1003 3551 1115 3614 τοῖς
1144 3550 1454 3615 θαλαττίοις
1485 3553 1863 3625 παρερῤίφθαι

285 3636 491 3707 ῥοθίοις
522 3653 538 3668 ⁸
577 3638 711 3693 ὅπου
768 3640 813 3693 δ’
855 3642 1041 3695 ἐκεῖνα
1088 3642 1326 3710 γένοιτο,
1384 3645 1627 3714 ὕφαιμον
1676 3649 1774 3700 καὶ
1804 3648 1864 3700 τὸ

284 3732 430 3803 ὕδωρ
485 3732 871 3798 καθίστασθαι,
922 3734 1128 3788 ὡσανεὶ
1179 3736 1594 3807 ἐνδεικνυμένου
1642 3740 1777 3794 Θεοῦ
1803 3742 1866 3795 τὸ

280 3826 380 3895 τῆς
405 3824 704 3896 ὁμολογίας
744 3827 930 3899 ἐκείνῃ
992 3828 1320 3898 μαρτύριον.
1374 3831 1604 3901 Σεργίου
1626 3832 1692 3903 δὴ
1715 3850 1867 3904 τηνιο

282 3919 464 3973 καῦτα
492 3919 988 3990 πατριαρχοῦντος,
1022 3920 1277 3992 Ἰωάννην
1312 3922 1530 3993 πέμψαι
1561 3925 1867 3995 πρεσϐύτε-

283 4027 418 4082 ρονο
452 4011 546 4065 κα)⁸
574 4012 643 4065 τὰ
681 4012 802 4083 ιερὰ
831 4013 1048 4084 ἐκείνης
1080 4013 1485 4085 ἀναλεξάμενον
1519 4016 1766 4086 λείψανα,
1788 4018 1867 4088 τῷ

279 4104 458 4174 αὐτῆς
486 4105 842 4176 μοναστηρίῳ
866 4104 1128 4172 ἐνθεῖναι,
1156 4106 1317 4176 ὅπερ,
1337 4106 1410 4169 ὡς
1435 4107 1673 4177 εἴρηται,
1698 4113 1869 4178 μέσον

279 4200 408 4251 ταῖν
432 4198 579 4251 δυοῖν
626 4196 954 4268 ὲκκλησίαιν
1014 4198 1117 4268 τῆς
1171 4199 1373 4267 Σοφίας
1410 4216 1471 4253 τε
1506 4202 1599 4254 καὶ
1629 4202 1869 4271 Εἰρήνης

278 4291 697 4362 ἀνῳκοδόμησε.
724 4291 1026 4345 Διετείνετο
1065 4292 1124 4345 δὲ
1159 4294 1188 4346 ὁ
1220 4292 1522 4363 εἰρημένος
1565 4293 1868 4364 πρεσϐύτε-

282 4401 405 4454 ρος,
440 4385 518 4447 ὡς
551 4380 660 4437 εἶδε
696 4382 832 4437 πολύ
857 4401 909 4438 τι
942 4380 1086 4453 αἷμα
1118 4384 1472 4456 ὖπερδλύσαν
1507 4385 1708 4451 αὐτῶν,
1733 4388 1870 4456 ὁπη-

1966 3188 2134 3244 etiam
2168 3186 2344 3243 beata:
2373 3187 2541 3258 hujus
2578 3185 2799 3241 femina:
2825 3186 2993 3240 vitam
3023 3183 3395 3253 conscriptam
3422 3181 3552 3236 reli-

1963 3281 2127 3351 quit:
2174 3281 2230 3336 in
2273 3296 2382 3351 qua
2422 3279 2558 3336 illud
2591 3293 2813 3349 quoque
2856 3294 2974 3334 eam
3023 3285 3548 3332 commemorantem

1963 3375 2153 3430 audire
2228 3373 2380 3437 licet,
2429 3373 2577 3443 quod
2634 3381 2925 3441 postquam
2978 3368 3311 3424 Nicomedia:
3361 3378 3553 3422 sancta

1963 3462 2246 3536 Olympias
2292 3464 2437 3519 diem
2469 3479 2632 3519 suum
2681 3463 2839 3526 obiit,
2888 3461 3211 3531 priusquam
3255 3460 3552 3529 scpulturae

1967 3556 2345 3620 mandaretur,
2385 3554 2653 3624 temporis
2681 3555 2803 3624 ejus
2832 3551 3249 3607 Nicomediensi
3282 3551 3550 3620 episcopo

1968 3646 2021 3701 in
2049 3646 2257 3702 somnis
2288 3644 2650 3718 praeceperit,
2694 3651 2755 3698 ut
2796 3641 3139 3697 venerandas
3168 3641 3435 3710 reliquias
3463 3656 3556 3694 ar-

1967 3736 2106 3791 cula!
2146 3734 2437 3806 impositas
2469 3736 2582 3792 alto
2616 3734 2753 3789 mari
2789 3733 3180 3796 committeret,
3211 3741 3269 3786 et
3296 3746 3551 3801 quocun-

1967 3844 2076 3900 que
2107 3829 2357 3884 locorum
2403 3827 2495 3882 illa
2539 3840 2766 3883 cursum
2806 3833 3040 3889 teneret,
3074 3825 3148 3879 ibi
3189 3838 3390 3892 corpus
3433 3822 3554 3894 ejus

1968 3924 2318 3994 sepeliretur.
2377 3923 2434 3977 Id
2472 3921 2541 3978 ab
2591 3922 2856 3991 episcopo
2912 3920 3158 3983 factum,
3207 3927 3264 3975 et
3310 3933 3438 3994 arca
3482 3920 3552 3973 ad

1971 4017 2312 4071 maritimum
2344 4016 2529 4071 locum
2551 4014 2750 4070 .delata
2778 4025 2883 4076 est,
2915 4012 3005 4067 ubi
3044 4011 3283 4082 apostoli
3326 4009 3555 4066 Thomas

1969 4108 2267 4162 delubrum
2324 4105 2566 4177 positum
2600 4115 2722 4162 est:
2756 4105 2824 4159 ab
2850 4102 3047 4158 incolis
3073 4102 3228 4156 locus
3255 4101 3302 4156 is
3331 4100 3553 4155 Broeliti

1970 4200 2172 4256 dictus.
2221 4198 2299 4255 lbi
2334 4198 2521 4254 divina
2567 4184 3084 4253 visioue'admoniti
3129 4194 3223 4264 qui
3269 4193 3552 4264 regionem

1969 4305 2092 4345 eam
2140 4290 2410 4354 incolunt,
2440 4289 2733 4351 exierunt,
2780 4296 2837 4342 et
2871 4300 3059 4343 sacras
3103 4285 3255 4343 illius
3290 4283 3555 4353 reliquias

1972 4384 2040 4438 ad
2074 4390 2322 4438 sanctam
2345 4379 2603 4437 sacriﬁcii
2627 4394 2777 4434 aram
2804 4386 3196 4451 reposuerunt,
3223 4392 3364 4448 quas
3391 4377 3556 4433 innu-

281 4474 417 4528 νίκα
437 4474 584 4528 αὐτὰ
616 4474 932 4543 ἀνελέγετο,
960 4474 1095 4528 ὥσθ’
1142 4475 1518 4546 ὑπερδραμεῖν
1549 4477 1720 4531 αὐτοῦ
1774 4479 1859 4530 καὶ

1977 4472 2334 4529 tnerabilium
2372 4472 2692 4526 morborum
2726 4484 2881 4535 cura,
2911 4470 3335 4539 daemonumque
3367 4469 3559 4539 expul-

278 4564 354 4619 τὰ
382 4566 614 4631 ἔπιπλα,
655 4568 752 4621 καὶ
783 4567 1033 4621 κάτωθεν
1069 4565 1285 4638 ῥεῦσαι.
1316 4568 1396 4621 Τὰ
1429 4567 1520 4622 ῖσα
1544 4568 1599 4622 δὲ
1629 4574 1724 4625 καὶ
1755 4570 1873 4625 ἓτε-

281 4674 382 4728 ρος
409 4652 540 4710 εἶδε.
575 4658 795 4712 Πολλῶν
848 4658 907 4711 δὲ
937 4659 1388 4729 συρῤευσάντων,
1453 4659 1661 4729 ἰάματα
1692 4664 1869 4733 παρά-

277 4751 412 4814 δοξα
449 4748 609 4821 ὤφθη
637 4751 935 4822 δαιμονίων
956 4751 1233 4805 πλείστων
1258 4750 1649 4807 ἀπελαθέντων
1669 4769 1682 4783 ’
1716 4755 1776 4808 ἓν
1809 4756 1869 4811 δὲ

277 4843 494 4897 τούτων
555 4842 889 4913 ἀστραγάλῳ
923 4841 1189 4910 γυναικὸς
1239 4841 1560 4912 ὲμφωλεῦον
1607 4844 1864 4910 ἐξέωσεν.

294 4932 459 4988 Ἀλλὰ
489 4933 728 4990 τοσαῦτα
756 4935 857 5005 μὲν
881 4935 1008 5004 περὶ
1034 4933 1137 5005 τῆς
1159 4935 1440 5005 μακαρίας
1478 4935 1864 5007 Ὀλυμπιάδος.

1974 4565 2153 4629 sione,
2213 4564 2447 4633 aliisque
2507 4561 2814 4633 prodigiis,
2874 4576 2996 4623 qua:
3042 4576 3207 4630 supra
3268 4561 3555 4616 hominum

1973 4656 2293 4727 opinionem
2342 4657 2419 4710 ibi
2468 4666 2599 4710 sunt
2649 4653 2922 4715 exhibita,
2972 4653 3119 4706 Dens
3150 4653 3407 4723 dignatus
3448 4662 3555 4708 est.

1974 4749 2254 4807 Memoriae
2283 4763 2506 4821 quoque
2547 4746 2828 4817 proditum
2860 4755 2944 4800 est
2966 4786 2978 4807 ,
3018 4754 3207 4815 postea
3236 4746 3556 4802 incursione

1973 4843 2163 4899 hostili
2216 4842 2481 4911 templum
2535 4842 2642 4893 hoc
2681 4837 2929 4908 Apostoli
2980 4836 3266 4892 incensum
3301 4851 3464 4904 esse;
3500 4847 3558 4892 et

1977 4934 2125 5010 quod
2162 4932 2409 5002 reliquiae
2439 4930 2557 4987 ista:
2589 4944 2762 5001 prope
2795 4927 2963 4984 maris
2995 4929 3170 4983 undas
3199 4929 3318 4985 sitat
3347 4937 3555 4992 essent,

278 5043 468 5083 arcam
511 5027 735 5099 quidem
781 5029 894 5101 igni
923 5036 1332 5101 consumptam,
1368 5029 1512 5100 ipsas
1567 5042 1750 5088 autem
1805 5034 1861 5089 in
1897 5033 2095 5089 ﬂuctus
2148 5027 2316 5083 maris
2375 5023 2651 5095 proiectas
2680 5036 2822 5078 esse.
2884 5021 3006 5088 Quo
3076 5036 3208 5075 vero
3283 5021 3407 5075 loco
3451 5019 3557 5076 illae

268 5126 465 5187 alant,
500 5121 703 5178 undam
732 5123 905 5193 ipsam
937 5132 1224 5180 cruentam
1256 5124 1595 5189 constitisse,
1623 5126 1739 5182 Deo
1767 5126 1937 5182 veluti
1980 5124 2275 5182 exbibente
2300 5123 2557 5190 martyris
2602 5115 2753 5171 illius
2822 5113 3250 5171 confessionem.
3302 5112 3554 5183 Sergium

282 5231 454 5286 porro
475 5217 571 5287 qui
602 5228 714 5273 tum
741 5218 1110 5289 patriarcbam
1141 5219 1331 5291 gessit,
1356 5219 1627 5276 Joannem
1656 5221 2039 5291 presbyterum
2062 5231 2130 5272 eo
2153 5213 2404 5280 misisse;
2428 5225 2667 5282 eumque
2684 5223 2839 5265 sacra
2870 5208 2993 5280 ejus
3015 5222 3141 5263 ossa
3163 5207 3412 5269 collecta,
3438 5220 3555 5260 mo-

281 5314 534 5369 nasterio
565 5314 716 5370 illius
744 5314 1026 5382 intulisse,
1054 5316 1199 5387 quod
1223 5315 1340 5384 ipsa
1366 5313 1549 5382 (sicuti
1581 5313 1788 5371 dictum
1821 5313 1924 5385 est)
1990 5312 2115 5368 loco
2143 5309 2324 5365 medio
2347 5307 2489 5362 inter
2520 5305 2632 5361 duo
2655 5304 2950 5375 Sapientiae
2971 5313 3027 5358 et
3054 5303 3209 5358 Pacis
3240 5302 3437 5372 templa
3457 5317 3558 5358 ex-

291 5405 510 5460 citavit.
531 5405 825 5476 Presbyter
844 5414 1051 5470 autem,
1080 5418 1244 5474 quem
1265 5404 1527 5468 diximus,
1553 5401 1919 5466 conﬁrmavit,
1944 5416 2070 5456 cum
2101 5397 2366 5469 reliquias
2391 5411 2487 5452 eas
2510 5395 2814 5466 colligeret,
2853 5407 3100 5462 magnam
3134 5393 3244 5446 vim
3271 5394 3557 5465 sanguinis

279 5513 530 5568 scsuper
548 5499 630 5553 eis
655 5499 1048 5554 scaturientem
1086 5496 1312 5565 vidisse,
1337 5496 1477 5552 adeo
1502 5504 1559 5552 ut
1591 5503 1802 5551 vestem
1844 5508 2062 5564 quoque
2108 5493 2230 5564 ejus
2271 5488 2578 5560 contigerit.
2612 5497 2779 5557 atque
2842 5485 2969 5539 inde
3027 5481 3341 5539 deﬂuxerit.
3390 5483 3558 5559 404

281 5591 492 5646 Eadem
560 5592 702 5650 alius
750 5607 971 5665 quoque
1031 5590 1188 5648 vidit.
1228 5591 1451 5648 Etcum
1502 5590 1658 5646 multi
1700 5588 2039 5645 conﬂuerent
2090 5587 2359 5653 homines,
2408 5586 2720 5641 sanationes
2791 5581 3036 5637 miritieae
3108 5578 3370 5635 exhibitas
3427 5588 3557 5635 sunt

283 5687 632 5745 daemonibus
699 5687 953 5759 plurimis
1001 5685 1191 5759 ejectis
1227 5703 1241 5742 :
1280 5674 1538 5755 quorum
1595 5697 1738 5739 unus
1764 5682 1873 5738 talo
1902 5680 2146 5737 mulieris
2177 5678 2465 5746 incubans,
2496 5676 2722 5732 abactas
2777 5682 2880 5730 est.
2927 5671 3050 5727 Ηῑεε
3089 5670 3155 5726 dc
3186 5670 3341 5726 beata
3375 5669 3556 5741 Olym~

293 5782 477 5845 Diade.
