3898 6192
222 291 359 352 1017

221 402 483 473 δέχεται·
545 408 604 461 ὃν
639 409 799 479 λόγος
859 416 972 490 ἔχει
1038 425 1179 489 μετὰ
1240 427 1504 498 κοίμησιν

219 495 538 566 ἀδημονεῖν,
564 505 661 555 καὶ
686 505 827 560 Θεοῦ
866 508 1076 565 δεῖσθαι
1111 513 1381 572 δεικνύειν
1425 517 1478 574 οἱ
1509 525 1672 593 χοροῦ
1711 528 1808 578 καὶ

219 588 470 684 στάσεως
497 592 708 648 ἐκεῖνον
741 598 920 668 ἠξίου.
985 603 1074 657 Ἐν
1110 607 1368 664 ἐκστάσει
1403 613 1459 665 δὲ
1491 588 1806 684 γενόμενον,

217 680 436 779 παντας
471 685 574 755 μὲν
597 688 794 756 ἁγίους
829 693 984 760 ἰδεῖν,
1011 700 1154 752 κατὰ
1187 701 1393 756 κύκλον
1418 680 1807 779 ἐφεξῆς-ἐστηέ

217 771 386 836 κότας
407 788 424 804 ⁶
462 777 676 832 ἐκεῖνον
697 780 754 833 δὲ
787 783 863 854 μὴ
902 785 1116 850 τούτοις
1145 791 1281 862 ὀρᾷν
1321 771 1663 865 ἐναρίθμιον.
1689 771 1808 850 Δεί-

216 865 327 928 νῶς
362 867 409 919 δ’
444 869 758 942 ἀχθομένῳ,
801 876 1041 946 ἄγγελον
1070 883 1220 952 αὐτῷ
1262 886 1555 954 ἐπιστῆναι
1577 904 1591 920 ο
1624 890 1684 942 ὃν
1713 893 1807 944 καὶ

215 957 404 1056 τδῇτῆς
439 960 618 1032 λύπης
650 964 819 1034 ἄχθος
854 969 1122 1041 ἀνέχοντα
1173 975 1448 1036 ἐπειπεῖν.
1471 979 1548 1042 ῶς
1583 980 1806 1056 Ἰωάννῃ

213 1049 357 1119 ἄλλη
413 1069 500 1115 τις
553 1056 795 1127 ἐγγύτης
847 1060 990 1130 Θεῷ,
1050 1066 1146 1119 καὶ
1184 1067 1282 1120 σὺν
1316 1070 1501 1135 αὐτοῖς
1552 1049 1808 1142 ἀγγέλοις

214 1142 504 1213 εἰληφέναι
559 1147 722 1200 αὐτὸν
768 1151 940 1222 γέρας
1008 1155 1199 1226 ὑμνεῖν
1260 1159 1352 1214 τὸν
1401 1162 1560 1231 Θεὸν,
1591 1165 1720 1219 ἔνθα
1761 1169 1805 1220 δ’

212 1234 414 1306 ικεένῳ
439 1238 470 1306 ἡ
497 1239 711 1305 στάσις,
747 1245 846 1296 οὐκ
891 1247 1104 1315 ἐφεῖται
1135 1253 1250 1315 τοῖς
1296 1254 1513 1320 πολλοῖς
1559 1260 1808 1328 παρακύ-

215 1339 400 1419 ⁸πτειν.
461 1344 479 1378 ι
525 1330 716 1384 Ἀπιθι
759 1336 962 1403 τοίνυν,
1015 1341 1110 1393 καὶ
1166 1341 1229 1394 τὸ
1279 1343 1383 1414 τῆς
1427 1347 1609 1418 ψυχῆς
1640 1350 1804 1419 ἄλγος

213 1409 496 1509 θεράπευε
516 1431 532 1447 θ
561 1419 625 1470 τὸ
661 1423 770 1492 γὰρ
795 1423 870 1493 μὴ
905 1425 1039 1497 δρᾷν
1073 1445 1134 1482 σε
1153 1409 1348 1485 τοῦτον
1374 1409 1535 1488 οὐαί
1563 1409 1639 1507 μὴ
1666 1409 1807 1509 παρτ

212 1506 380 1598 εἶναι,
429 1507 488 1562 τὸ
525 1509 582 1563 δὲ
619 1513 730 1566 τῶν
782 1515 996 1570 πολλῶν
1027 1520 1336 1592 ὑπερεῖναι,
1366 1528 1460 1578 καὶ
1509 1528 1570 1580 τὸ
1615 1506 1804 1598 περιδν

211 1595 316 1664 τῆς
341 1603 510 1668 τιμῆς
528 1602 769 1671 ἐμποιεῖ.
806 1626 826 1660 ι
879 1609 1119 1676 Ἐκεῖνος
1144 1615 1246 1683 μὲν
1290 1611 1385 1669 οὖν
1413 1617 1578 1672 αὐτὸν
1609 1595 1804 1674 ὑποδέ-

213 1705 375 1758 χεται
399 1707 413 1721 ·
437 1691 517 1784 τὰ
572 1694 630 1746 δὲ
689 1699 834 1751 κατὰ
866 1700 969 1770 τὴν
996 1702 1114 1755 ὁδὸν
1153 1705 1287 1776 ἄλλη
1315 1725 1402 1772 τις
1453 1712 1734 1782 τραγῳδία
1768 1713 1800 1784 ἦ

213 1781 407 1833 κακῶν
433 1783 599 1848 Ἰλιὰς
624 1786 890 1860 ἄντικρύς
918 1795 1069 1848 ἐστιν
1097 1813 1110 1827 ’
1143 1797 1246 1852 ὅσα
1278 1800 1390 1869 γὰρ
1425 1781 1634 1873 ὑπέστή
1662 1781 1800 1858 πανλ

210 1873 468 1938 τοδαποῖς
503 1883 899 1948 προσπαλαίων
933 1891 1149 1953 κακοῖς,
1185 1891 1272 1953 τίς
1321 1891 1389 1947 ἂν
1427 1894 1592 1948 ἄλλου
1618 1896 1800 1965 λὲγονι

210 1983 308 2029 τος
333 1969 552 2042 ἤδιον¹ἢ
593 1974 963 2049 ἀληθέστερον
990 1981 1334 2056 ἀκούσειενῆ
1365 1986 1532 2040 αὑτοῦ
1583 1989 1798 2043 ἐκείνου

207 2060 614 2131 διηγουμένους
649 2068 746 2121 καὶ
795 2070 972 2123 ταῦτα
1005 2074 1116 2145 γὰρ
1148 2076 1180 2145 ή
1211 2077 1391 2147 χρυσῆ
1425 2079 1648 2147 γλῶττα
1678 2081 1802 2154 ἄρι-

208 2169 317 2205 στα
346 2157 441 2208 καὶ
471 2155 547 2222 ὡς
583 2161 754 2233 ἐχρῆν
804 2162 1075 2234 διεξῆλθε.
1104 2168 1483 2242 Κωνσταντίῳ
1515 2174 1626 2245 γὰρ
1664 2193 1800 2246 πρῖ-

207 2247 469 2340 σξυτὲρῳ
499 2251 661 2317 εὐθὺς
722 2258 786 2308 ἐκ
819 2256 1060 2322 Νικαίας
1111 2261 1362 2330 γράφων,
1392 2265 1566 2320 ταῦτα
1622 2269 1795 2340 δηλοῖ,

204 2336 357 2392 οὕτω
386 2344 526 2397 κατὰ
561 2347 715 2416 ῥῆμα
744 2348 962 2415 διεξιών
981 2369 996 2386 ο

1122 309 1726 378 EL’CLESIASTICI‘F
1771 325 2161 390 HlSTORI/E
2203 334 2351 395 LIB.
2402 335 2572 397 XIII.

3361 343 3497 408 1018

1554 431 1812 486 Ἰωάννου
1845 429 1884 495 λ
1921 443 2158 510 excepit.
2198 442 2354 497 llunc
2378 445 2520 500 fama
2549 456 2653 507 est.
2693 458 2814 518 post
2849 449 3077 508 Joannis
3111 452 3346 517 obitum,
3370 472 3494 509 cum

1919 531 1972 585 in
2030 549 2268 590 mcerore
2305 537 2512 606 ingenti
2563 549 2728 604 esset,
2783 541 2955 597 Deum
2998 561 3211 607 orasse,
3271 555 3330 600 ut
3388 548 3495 602 sib1

1915 623 2214 686 indicaret,
2253 644 2490 697 quanam
2523 633 2653 687 sede
2704 645 2760 688 et
2790 637 3026 692 statione
3058 639 3210 692 illum
3240 640 3498 710 dignatus

1913 722 2294 786 esset;‘atque
2347 735 2472 773 cum
2522 722 2575 775 in
2628 726 2833 779 exstasi
2881 737 3268 784 consternatus
3323 743 3493 795 esset,

1914 815 2135 860 sanctos
2165 809 2391 877 quidem
2429 829 2623 869 omnes
2662 818 3026 874 circumcirca
3073 822 3268 876 ordine
3314 824 3499 876 censi-

1911 904 2120 949 stentes
2173 899 2403 963 vidisse,
2446 904 2596 958 illum
2658 918 2844 962 autem
2905 911 2959 963 in
3018 927 3210 966 eorum
3262 931 3495 968 numero

1914 1001 2023 1041 non
2057 994 2430 1060 conspexisse.
2463 998 2617 1061 Quod
2652 1001 2744 1054 ubi
2781 1005 3026 1070 graviter
3060 1007 3206 1070 tulit,
3229 1011 3488 1078 angelum

1910 1076 1961 1130 ei
1999 1086 2270 1135 astantem
2333 1085 2547 1140 doloris
2599 1089 2911 1144 molestiam
2986 1093 3259 1148 ademisse
3312 1076 3495 1165 atque

1915 1170 2150 1239 dixisse,
2189 1175 2352 1231 aliam
2385 1178 2583 1235 Joanni
2608 1182 2817 1245 sedem,
2867 1186 2974 1239 Deo
3017 1187 3492 1256 propinquiorem,

1912 1261 2295 1335 honoremque
2355 1273 2822 1340 praestantiorem,
2858 1284 2918 1330 ut
2956 1292 3064 1331 una
3122 1294 3246 1331 cum
3283 1280 3496 1348 angelis

1911 1355 2083 1410 Deum
2131 1359 2390 1416 laudibus
2426 1363 2612 1428 vehat,
2648 1365 2838 1421 datum
2871 1383 3013 1432 esse,
3051 1370 3118 1423 ad
3159 1372 3487 1426 stationem-

1909 1461 2017 1514 que
2069 1465 2189 1503 eam
2226 1457 2541 1520 perspicere
2580 1473 2687 1510 non
2745 1458 2928 1514 multis
2983 1461 3310 1528 permissum
3345 1476 3490 1515 esse.

1916 1540 2070 1594 «Aloi
2136 1541 2342 1612 itaque,
2383 1546 2584 1616 inquit,
2614 1560 2670 1602 et
2727 1551 2897 1604 animi
2962 1550 3212 1606 dolorem
3279 1554 3490 1608 omitte.

1910 1633 2069 1698 Quod
2135 1635 2283 1688 enim
2351 1637 2500 1694 hunc
2562 1656 2670 1695 non
2725 1641 2899 1707 vides,
2949 1659 3057 1698 non
3105 1657 3396 1714 propterea
3448 1647 3495 1701 is

1909 1739 2018 1779 non
2045 1725 2224 1792 adest,
2269 1729 2364 1783 sed
2395 1733 2582 1800 potius
2612 1749 2781 1802 supra
2832 1737 3034 1790 multos
3071 1747 3154 1791 est
3189 1755 3202 1792 :
3236 1749 3401 1808 atque
3436 1738 3490 1792 id

1906 1815 2231 1872 excellentis
2251 1829 2337 1873 est
2369 1820 2599 1876 honoris
2625 1824 2919 1879 indicium.
2960 1844 2978 1879 ι
3013 1827 3112 1881 ille
3138 1843 3292 1892 sane,
3330 1830 3490 1884 sicuti

1908 1905 2176 1974 diximus,
2207 1908 2476 1965 Joannem
2509 1915 2755 1984 excepit.
2787 1914 2920 1982 Quae
2951 1933 3084 1971 vero
3119 1920 3167 1974 ei
3203 1920 3256 1973 in
3290 1921 3492 1976 itinere

1907 1996 2182 2064 accidere,
2229 2003 2499 2072 tragoedia
2528 2003 2658 2070 alia,
2693 2020 2790 2060 seu
2828 2007 3101 2063 malorum
3155 2010 3284 2064 Ilias
3336 2028 3492 2080 pror-

1904 2103 2000 2141 sus
2018 2098 2171 2143 sunt.
2207 2094 2381 2155 Quam
2409 2094 2579 2148 variis
2601 2096 2748 2150 enim
2780 2111 2904 2150 cum
2937 2101 3204 2154 aerumnis
3228 2101 3495 2157 collucta—

1904 2195 1993 2239 lus
2024 2186 2122 2247 sit,
2155 2201 2183 2239 a
2216 2188 2442 2243 nemine
2471 2205 2535 2244 ea
2567 2206 2732 2260 quam
2765 2191 2832 2246 ab
2864 2191 2984 2263 ipso
3018 2207 3490 2252 commemorante

1896 2277 2200 2345 jucundius
2249 2288 2346 2333 aut
2379 2283 2569 2336 verius
2601 2285 2898 2354 quisquam
2949 2289 3294 2357 cognoverit.
3351 2289 3487 2343 Nam

1897 2383 1963 2422 ea
2003 2386 2227 2441 quoque
2292 2373 2436 2427 mala
2473 2389 2643 2430 aurea
2679 2377 2771 2430 illa
2803 2377 3018 2447 lingua,
3054 2380 3129 2433 ita
3178 2389 3237 2435 ut
3276 2381 3488 2446 decuit,

204 2432 423 2543 optime
448 2440 726 2543 capo-suit.
762 2443 845 2498 Ad
875 2443 1256 2508 Constantium
1311 2453 1585 2526 siquidem
1627 2459 2009 2531 presbyterum
2081 2432 2151 2521 ex.
2217 2468 2334 2536 ipsa
2406 2469 2591 2523 statim
2656 2470 2837 2526 NiCa'a
2869 2432 3136 2538 scribens,
3165 2475 3278 2529 haac
3308 2473 3490 2543 verbi,-

205 2527 418 2584 talibus
453 2529 733 2601 signiﬁcat
774 2555 788 2594 :

793 2682 1048 2744 ΚΕΦΑΛ.
1091 2689 1218 2746 KZ'.

214 2781 546 2875 Ἐξισνζοξὴ
581 2791 690 2875 τοῦ
711 2794 878 2874 θείου
899 2798 1346 2875 Χριυσοστόμουί
1363 2806 1516 2875 ὑπὲρ
1540 2807 1661 2862 τῶν
1687 2809 1796 2864 τοῦ

278 2821 382 2839 σιιυ
399 2821 546 2867 ἱυαιιι
584 2821 689 2845 ιυυ
711 2821 878 2849 υειυυ
899 2821 1218 2866 Λρυσοστο
1267 2821 1339 2858 0v
1363 2821 1516 2875 ῡπερ
1540 2825 1661 2862 των
1687 2821 1796 2864 τοῦ

278 2857 444 2944 ’Gfov'
471 2859 820 2944 ἐκξλῃσιῶν
841 2883 854 2898 ο
892 2869 993 2922 καὶ
1027 2821 1262 2942 μερικιςι
1286 2874 1399 2944 τῆς
1433 2877 1562 2932 κατ’
1607 2881 1796 2935 αὑτὸν

274 2925 519 2995 ὲξορίας
540 2929 640 3000 διή
651 2925 844 3000 Mane.

280 3056 303 3092 ι
343 3039 422 3112 Τῇ
452 3044 692 3120 τετάρτῃ
741 3048 838 3103 τοῦ
897 3051 1155 3124 Πανέμου
1191 3059 1366 3129 μηνὸς
1427 3063 1649 3134 μέλλων
1683 3067 1792 3122 ἀπὸ

193 3132 308 3202 τῆς
335 3134 572 3231 Νικαίας
600 3139 866 3213 ὲξορμᾷν,
897 3146 1074 3200 ταῦτα
1103 3132 1490 3226 διαπέμπομαι
1521 3158 1592 3214 τὰ
1612 3162 1793 3231 γράμ-

197 3243 356 3324 ματα
408 3229 557 3324 πρὸς
586 3232 687 3304 τὴν
718 3236 818 3308 σὴν
849 3237 1168 3297 θεοσέϐειαν
1221 3249 1589 3318 παρακαλῶν,
1651 3229 1790 3324 saep

137 3395 148 3402 ὁ
192 3318 298 3417 ἀεὶ
315 3322 655 3417 παρακαλῶν
683 3327 785 3380 οὐκ
821 3327 1191 3405 ὲπαυσάμηνο
1249 3339 1354 3392 κᾶν
1409 3318 1790 3417 χαλεπώτερος

190 3407 300 3462 τοῦ
325 3409 418 3464 νῦν
447 3415 773 3486 κατέχοντος
804 3422 1034 3494 γένηται
1086 3429 1114 3480 δ
1154 3430 1389 3500 χειμὼν,
1418 3434 1524 3488 κᾶν
1562 3438 1789 3503 μείζονα

190 3503 270 3595 τα
299 3502 540 3572 κύματα,
576 3509 650 3579 μὴ
676 3509 981 3570 διαλείπειν
1008 3518 1077 3571 τὰ
1107 3526 1308 3576 σαυτοῦ
1337 3502 1681 3595 πληροῦντα,
1709 3529 1791 3594 είς

191 3593 306 3666 τὴν
332 3596 654 3661 οἰκονομίαν
675 3595 744 3672 ἦς
795 3603 1033 3675 ὲξαρχῆς
1061 3609 1188 3679 ἥψω
1211 3627 1225 3641 ο
1258 3612 1402 3679 λέγω
1423 3593 1486 3685 δὴ
1525 3618 1620 3670 τοῦ
1665 3593 1786 3673 Έλέ

192 3687 468 3755 ληνισμοῦ
493 3689 594 3759 τὴν
617 3691 960 3762 καθαίρεσιν,
981 3698 1089 3752 τῶν
1111 3701 1422 3773 ἐκκλησιῶν
1453 3707 1551 3771 τὰς
1575 3710 1787 3763 οἰκοδο-ν

193 3776 336 3846 μὰς,
367 3779 476 3832 τῶν
513 3781 703 3853 ψυχῶν
744 3783 844 3854 τὴν
873 3789 1218 3859 ἐπιμέλειαν.
1281 3797 1370 3868 Μὴ
1409 3799 1472 3868 δή
1498 3816 1556 3851 σε
1594 3799 1788 3856 ὕπτιον

190 3871 426 3924 ποιείτω
458 3871 568 3925 τῶν
597 3879 948 3947 πραγμάτιον
983 3882 1017 3950 ἡ
1066 3884 1361 3942 δυσκολίαο
1397 3891 1518 3943 οὐδὲ
1554 3892 1658 3962 γὰρ
1685 3911 1786 3946 κυ-

191 3962 470 4032 ϐερνήτης
508 3965 570 4017 τὸ
622 3968 863 4040 πέλαγος
922 3973 1069 4044 ὁρῶν
1122 3981 1456 4049 μαινόμενον
1488 3985 1578 4036 καὶ
1613 3984 1786 4038 διανι-

190 4055 506 4123 στάμενον,
569 4059 946 4132 ἀποστήσεται
1001 4068 1113 4122 τῶν
1178 4072 1420 4126 οίάκωνο
1476 4076 1594 4129 ἀλλ’
1665 4077 1787 4132 οὐδὲ

193 4146 386 4216 ἰατρὸς
407 4149 500 4202 τὸν
533 4156 811 4221 κάμνοντα
840 4157 1057 4226 βλέπων
1081 4164 1146 4232 τῇ
1199 4166 1341 4235 νόσῳ
1385 4168 1782 4238 κρατούμενον,

189 4237 550 4329 ἀναχωρήσει
607 4248 707 4316 τῆς
769 4248 1108 4318 θεραπείαςο
1173 4253 1309 4308 ἀλλὰ
1358 4258 1481 4310 τότε
1544 4237 1784 4329 μάλιστα

188 4328 430 4394 ἕκαστος
463 4335 670 4390 τούτων
701 4341 767 4409 τῇ
813 4342 976 4414 τέχνῃ
1035 4347 1302 4414 χρήσεται
1336 4351 1429 4404 καὶ
1479 4356 1544 4424 τῇ
1580 4355 1783 4425 προθυ-

1816 3102 1863 3167 C

2360 2700 2526 2772 406
2561 2700 2787 2759 CAPUT
2827 2701 3043 2760 xxvu.

1909 2809 2147 2882 Epistola
2183 2811 2290 2890 diui
2321 2812 2702 2890 Chrysostami,
2736 2831 2830 2890 pro
2866 2815 3094 2890 ecclesiis
3130 2815 3268 2872 Dei:
3299 2818 3485 2890 singu-

2245 2883 2377 2938 laris
2403 2883 2470 2938 de
2500 2884 2686 2939 exsilio
2721 2883 2836 2955 ejus
2871 2889 3137 2942 narratio.

1974 3080 1994 3116 ι
2017 3061 2200 3118 Nicaea
2226 3073 2424 3132 quarto
2455 3065 2662 3121 mensis
2687 3065 2820 3121 Julii
2861 3066 2952 3123 die
2980 3067 3292 3135 soluturus,
3320 3070 3486 3126 hasce

1896 3153 1964 3208 ad
1990 3155 2249 3224 pietatem
2281 3165 2429 3212 tuam
2473 3156 2598 3213 dedi
2638 3159 2875 3222 litteras.
2904 3159 2973 3215 ad
3005 3161 3061 3216 id
3089 3171 3142 3217 te
3166 3163 3486 3227 cobortans,

1895 3245 1962 3300 ad
1991 3246 2138 3316 quod
2174 3263 2460 3318 nunquam
2505 3250 2789 3306 cohortari
2839 3251 2980 3308 desii
3028 3269 3043 3307 :
3075 3255 3328 3324 quamvis
3361 3272 3487 3326 ιιι-ιιι

1896 3341 2017 3395 vior
2072 3351 2344 3410 praesente
2409 3353 2741 3414 tempestate
2796 3347 3076 3416 procella,
3133 3351 3483 3419 majoresque

1894 3433 2096 3488 ﬂuctus
2129 3435 2413 3504 ingruant,
2448 3444 2509 3490 ut
2539 3453 2608 3492 ne
2649 3438 2990 3494 intermittas
3024 3455 3091 3494 ea
3139 3457 3262 3509 qua:
3312 3441 3478 3497 ollicii

1895 3523 1972 3576 tui
1999 3532 2151 3586 sunt,
2183 3524 2238 3577 in
2279 3540 2344 3578 ea
2380 3540 2544 3593 quam
2576 3527 2644 3580 ab
2675 3527 2836 3582 initio
2869 3528 3066 3596 cepisti
3110 3529 3471 3584 administra-

1894 3616 2066 3678 tione,
2097 3616 2400 3686 adimplere
2436 3634 2449 3672 :
2480 3617 2681 3673 Graecae
2700 3619 3118 3689 superstitionis
3138 3624 3480 3678 extermina-

1895 3709 2100 3763 tionem
2132 3709 2281 3772 dico,
2310 3710 2677 3765 ecclesiarum
2706 3711 3124 3775 adilicationes,
3159 3716 3471 3770 animarum

1891 3813 2103 3853 curam.
2136 3799 2330 3868 Neque
2367 3809 2418 3855 te
2475 3800 2738 3870 supinum
2794 3811 2892 3857 aut
2946 3804 3237 3859 socordem
3289 3821 3476 3860 rerum

1891 3889 2187 3945 diﬂicultas
2239 3891 2426 3945 faciat.
2481 3891 2671 3962 Neque
2724 3893 2875 3947 enim
2956 3895 3314 3966 gubernator,
3376 3896 3473 3950 ubi

1891 3998 2044 4037 mare
2075 3984 2254 4053 ipsum
2277 3984 2543 4038 concitari
2576 3993 2633 4039 et
2654 3984 2844 4040 furere
2872 3985 3042 4052 videt,
3075 4001 3105 4040 a
3139 3987 3298 4040 navis
3319 3987 3476 4041 clavo

1891 4087 1948 4131 et
1998 4075 2391 4144 gubernaculis
2441 4075 2682 4131 discedit
2741 4091 2756 4129 :
2810 4091 2993 4146 neque
3050 4077 3325 4142 medicus,
3378 4077 3475 4132 ubi

1887 4185 2092 4240 aegrum
2123 4171 2314 4224 morbo
2338 4170 2540 4240 corripi
2565 4169 2764 4234 cernit,
2797 4170 3083 4224 curatione
3114 4168 3471 4236 supersedet:

1887 4261 1984 4316 sed
2017 4270 2134 4315 tum
2169 4263 2408 4316 maxime
2439 4262 2945 4332 uterquesistorum
3002 4271 3178 4315 artem
3229 4277 3384 4314 suam
3417 4269 3478 4316 et

1886 4352 2386 4422 promptitudinem
2436 4353 2686 4408 adhibet.
2743 4354 2864 4408 Non
2937 4362 2988 4410 te
3043 4353 3108 4408 ad
3161 4353 3475 4408 socordiam

192 4420 318 4491 μία.
351 4425 444 4516 ,Μὴ
475 4427 772 4516 δὴγῦπτιον
800 4435 1024 4489 ποιείτω
1070 4455 1128 4490 σε
1163 4441 1232 4493 τὰ
1263 4420 1637 4514 συμϐαίνοντα
1664 4464 1680 4481 ο
1713 4449 1774 4500 ού

1898 4420 2141 4513 redigant
2176 4445 2473 4515 praesentia
2509 4445 2688 4512 mala;
2733 4461 2842 4500 non
2891 4445 3038 4498 enim
3087 4446 3155 4498 de
3209 4446 3292 4498 eis
3347 4460 3473 4513 quae

188 4514 303 4585 γὰρ
337 4515 479 4588 ὑπὲρ
536 4515 612 4572 ῶν
648 4522 895 4577 ποιοῦσιν
926 4528 1076 4596 ἡμᾶς
1109 4530 1291 4599 ἕτεροι
1355 4537 1566 4599 κακῶν,
1621 4539 1780 4607 λόγον

185 4607 440 4679 δώσομεν
465 4627 480 4641 ·
514 4613 654 4666 ἀλλὰ
698 4617 791 4669 καὶ
823 4621 1021 4688 μισθὸν
1061 4622 1374 4694 ληψόμεθα.
1429 4629 1489 4679 Εί
1518 4630 1575 4682 δὲ
1624 4633 1780 4684 αὐτοὶ

181 4699 261 4753 τὰ
293 4702 424 4770 παρ’
453 4703 666 4758 ἑαυτῶν
694 4709 768 4779 μὴ
799 4711 1234 4784 είσενέγκοιμεν,
1264 4717 1400 4772 ἀλλὰ
1430 4723 1780 4793 ρᾳθυμήσαι-

182 4810 314 4863 μεν,
345 4795 498 4848 οὐδὲν
523 4799 601 4860 είς
625 4801 784 4854 τοῦτο
817 4804 976 4874 ἡμῶν
1002 4811 1376 4878 προστήσεται
1412 4814 1439 4865 ὁ
1464 4814 1574 4867 τῶν
1601 4833 1778 4885 πραγ-

183 4885 383 4954 μάτων
443 4887 699 4958 θόρυϐος.
777 4894 939 4948 Ἐπεὶ
994 4897 1089 4951 καὶ
1146 4901 1362 4965 Παῦλος
1423 4904 1778 4977 δεσμωτήρια

177 4979 377 5044 οἰκῶν,
412 4984 503 5035 καὶ
535 4984 612 5055 τῷ
637 4985 780 5059 ξύλῳ
809 4990 1263 5062 προσδεδεμένος,
1292 4996 1362 5047 τὰ
1383 4996 1550 5049 αὐτοῦ
1573 5000 1774 5052 ὲποίει’

175 5071 285 5123 καὶ
307 5070 491 5135 Ἰωνᾶς
521 5077 580 5126 ὲν
617 5078 818 5147 γαστρὶ
849 5079 944 5132 τοῦ
972 5080 1266 5136 Θαλαττίου
1309 5085 1504 5156 θηρίου
1537 5089 1774 5159 φερόμε-

172 5175 312 5222 νος⁹
348 5164 440 5215 καὶ
471 5165 521 5216 οί
563 5171 711 5235 τρεῖς
777 5170 968 5231 παῖδες
999 5171 1048 5222 οἱ
1093 5174 1154 5225 ἐν
1202 5177 1272 5245 τῇ
1312 5178 1529 5247 καμίνῳ
1561 5178 1772 5251 διατρί-

173 5253 410 5315 ϐοντες·
442 5257 536 5308 καὶ
569 5259 762 5314 οὐδένα
795 5262 1004 5316 τούτων
1033 5265 1102 5318 τὰ
1137 5267 1362 5321 ποικίλα
1418 5269 1774 5342 δεσμωτήρια

169 5344 363 5400 ταῦτα
422 5351 805 5424 ῥᾳθυμότερον
857 5360 1144 5428 πεποίηκε.
1207 5359 1376 5413 Ταῦτ’
1407 5359 1502 5416 οὖν
1545 5362 1768 5427 ἐννοῶν,

168 5439 423 5492 δέσποτᾶ
457 5458 584 5510 μου,
648 5448 742 5498 καὶ
801 5447 1057 5519 Φοινίκης
1097 5451 1477 5521 καὶἋραϐίας
1531 5455 1772 5507 καὶτῶν

171 5529 331 5584 κατὰ
361 5531 460 5602 τὴν
485 5536 753 5608 ἀνατολὴν
777 5541 851 5608 μὴ
888 5541 1071 5613 παύσῃ
1100 5543 1404 5612 φροντίζων
1437 5547 1766 5616 ἐκκλησιῶν·

171 5622 342 5686 εἰδὼς
380 5625 461 5678 ὅτι
497 5627 722 5681 πλείονα
746 5631 894 5704 λήψῃ
925 5636 1015 5686 τὸν
1058 5635 1275 5704 μισθὸν,
1301 5638 1409 5708 ὅσῳ
1454 5639 1549 5690 καὶ
1577 5638 1768 5691 τοσού-

171 5729 290 5767 των
316 5713 489 5769 ὄντων
519 5717 629 5773 τῶν
653 5719 1017 5791 κωλυμὲτων,
1076 5725 1140 5778 τὰ
1171 5726 1322 5796 παρὰ
1350 5725 1548 5780 σ,.υτοῦ
1582 5729 1767 5799 εἰσφέ-

1887 4537 2052 4591 nobis
2093 4537 2414 4592 inferuntur
2465 4537 2895 4599 calamitatibus,
2949 4537 3230 4603 rationem,
3270 4537 3474 4590 redde-

1888 4642 2033 4690 mus,
2063 4627 2197 4695 quin
2228 4629 2416 4698 potius
2448 4629 2763 4682 mercedem
2811 4628 3171 4698 accipiemus.
3223 4627 3278 4681 Si
3337 4643 3473 4681 vero

1885 4733 1948 4772 ea
1977 4734 2100 4788 quae
2134 4722 2191 4772 in
2230 4721 2390 4774 nobis
2422 4729 2574 4784 sunt,
2606 4721 2659 4774 in
2687 4719 2991 4774 Ecclesiam
3023 4735 3133 4773 non
3158 4719 3470 4774 contuleri-

1885 4827 2031 4878 mus,
2063 4812 2158 4866 sed
2218 4812 2435 4868 desides
2495 4813 2790 4875 luerimus,
2825 4813 2962 4866 nihil
3015 4827 3117 4866 nos
3167 4827 3233 4866 ca
3296 4812 3351 4866 in
3407 4829 3468 4867 re

1883 4906 2172 4976 adjuvabit
2203 4915 2297 4961 aut
2337 4907 2593 4962 defendet
2629 4908 2896 4962 malorum
2937 4909 3210 4963 tumultus
3240 4928 3253 4963 ε
3287 4924 3467 4977 quau-

1881 4997 2180 5067 doquidem
2213 5008 2268 5053 et
2300 4998 2504 5053 Paulus
2537 5013 2815 5053 carcerem
2849 5000 3116 5065 incolens,
3146 5001 3200 5054 in
3231 5001 3470 5056 vinculis

1884 5089 2124 5142 cilicium
2170 5104 2332 5143 suum
2367 5091 2516 5145 fecit.
2579 5091 2649 5145 Et
2694 5091 2861 5146 Jonas
2913 5091 2966 5145 in
3022 5104 3214 5147 ventre
3272 5093 3466 5148 bellum

1881 5181 2112 5233 marium
2141 5181 2389 5235 inclusus
2413 5180 2544 5246 fuit,
2582 5192 2638 5237 et
2671 5191 2784 5236 tres
2814 5185 2973 5254 pueri
3015 5185 3069 5238 in
3097 5189 3318 5239 camino
3347 5200 3465 5237 ver-

1878 5271 1980 5323 sati
2016 5279 2187 5324 sunt:
2225 5287 2404 5340 neque
2441 5283 2622 5327 tamen
2659 5273 2858 5328 horum
2883 5290 3214 5344 quemquam
3249 5275 3462 5329 vincula

1878 5363 2026 5416 varia
2057 5362 2122 5416 ad
2157 5363 2423 5418 desidiam
2457 5367 2743 5435 redegere.
2777 5366 2903 5422 Hzec
2931 5370 3044 5436 ipsa
3079 5378 3258 5421 tecum
3295 5381 3462 5435 repu-

1880 5463 2024 5517 tans,
2067 5455 2288 5510 domine
2331 5459 2426 5518 mi,
2471 5473 2536 5511 ne
2579 5459 2830 5513 omiseris
2872 5459 3187 5522 thniciaa,
3222 5459 3461 5524 Arabizc,

1875 5556 1932 5602 et
1963 5547 2205 5602 Orientis
2246 5549 2601 5604 ecclesiarum
2643 5567 2834 5606 curam
2868 5568 3061 5622 gerere
3096 5569 3110 5606 :
3159 5553 3288 5608 illud
3338 5568 3460 5622 per-

1875 5654 2099 5693 suasum
2134 5641 2369 5705 habens,
2401 5643 2735 5713 locupletem
2771 5653 2822 5699 te
2851 5645 3165 5699 mercedem
3204 5656 3457 5715 receptu-

1874 5746 1996 5785 rum
2075 5745 2227 5798 essc,
2318 5733 2361 5786 si
2437 5742 2510 5787 tot
2593 5743 2646 5789 et
2731 5736 2900 5792 tantis
2971 5734 3474 5793 intercedentibus
