3898 6192
236 328 360 392 1021

1169 336 1770 399 ECCLESlASTIC/E
1810 341 2198 403 HISTORIA!
2233 346 2364 404 LIB
2422 346 2592 408 Xlll.

3347 350 3489 408 102‘2

232 464 348 498 πον.
399 446 564 498 Ἀλλά
593 448 682 500 καὶ
713 447 808 500 τοῦ
845 449 1099 516 σώματος
1139 451 1272 518 ἡμῖν
1303 450 1809 516 ἀπαγορεύσαντος,

1933 457 2172 512 homines
2201 459 2521 528 impetrant,
2557 470 2618 512 ut
2653 456 2704 509 in
2753 455 3113 528 antmniorem
3141 455 3466 510 vieiniorem

229 540 323 590 καὶ
355 537 450 590 τοῦ
491 538 658 604 φόϐου
693 540 801 591 τῶν
841 540 1109 608 ἰσαύρων
1156 544 1336 596 πάντα
1367 543 1817 612 πολιορκοῦντος,

231 631 330 700 τῆς
395 634 602 701 μικρᾶς
655 632 868 703 ταύτης
906 637 1000 687 καὶ
1033 635 1287 696 εὐτελοῦς
1319 637 1418 688 οὐκ
1470 637 1820 706 ἐπετύχομεν

231 722 476 792 χάριτος.
513 723 650 787 Δόξα
678 723 756 792 τῷ
782 724 905 794 Θεῷ
929 728 1026 778 καὶ
1076 726 1164 780 διὰ
1195 727 1356 780 τοῦτο
1381 742 1395 757 ·
1431 729 1490 782 ού
1526 731 1820 798 παυόμεθα

230 815 339 882 γὰρ
373 814 539 866 αὑτὸν
573 817 668 868 ἐπὶ
699 817 832 869 πᾶσι
868 816 1209 882 δοξάζοντες.
1246 818 1347 887 Εῐη
1372 820 1433 873 τὸ
1451 820 1624 888 ὄνομα
1652 822 1818 874 αὑτοῦ

229 902 596 973 εύλογημένον
639 907 719 968 εἰς
750 907 878 970 τοὺς
931 908 1159 972 αἰῶνας.
1210 910 1357 964 Ἰστε
1384 914 1491 982 γὰρ
1525 912 1601 976 ὡς
1639 914 1821 967 πάντα

231 994 484 1062 Θορύϐων
507 997 605 1048 καὶ
653 998 899 1067 ταραχῆς
936 1001 1357 1070 πεπλήρωνται’
1401 1005 1494 1056 καὶ
1553 1006 1650 1073 οὐχ
1678 1005 1821 1073 ὑπὲρ

230 1087 870 1152 κωνσταντινουπόλεως
919 1093 1027 1161 χρὴ
1089 1094 1250 1160 μόνον
1304 1096 1671 1162 παρακαλεῖν,
1704 1096 1820 1148 ἀλλ’

232 1175 374 1238 ὑπὲρ
406 1176 503 1245 τῆς
550 1178 880 1249 οἰκουμένης
916 1181 1171 1250 άπάσης’
1222 1185 1529 1255 ἐπειδήπερ
1565 1187 1818 1239 ἐντεῦθεν

231 1265 545 1335 ἀρξάμενον
574 1269 634 1320 τὸ
698 1271 870 1323 κακὸν
892 1311 906 1334 ,
940 1275 1197 1342 καθάπερ
1233 1277 1475 1345 εἴρηται,
1531 1277 1817 1348 πανταχοῦ

233 1360 332 1427 τῆς
363 1359 469 1428 γῆς
495 1361 597 1424 τὰς
648 1363 948 1431 ἐκκλησίας
1024 1366 1372 1433 λυμαίνεται.
1411 1369 1818 1439 Ἐϐδυμήκοντα

232 1452 416 1504 τοίνυν
449 1455 667 1524 ἡμέρας
696 1456 1079 1521 ἀναλώσαντες
1105 1459 1246 1539 κατά
1275 1462 1378 1532 τὴν
1405 1462 1542 1527 ὁδὸν,
1560 1464 1662 1532 ὀψέ
1687 1480 1818 1517 ποτε

235 1543 641 1615 ἀπηντήκαμεν
701 1549 784 1610 είς
845 1551 946 1618 τὴν
1007 1553 1348 1618 Κουκουσδν,
1402 1555 1464 1608 τὸ
1509 1555 1692 1620 πάσης
1720 1559 1815 1626 τῆς

233 1637 562 1708 οἰκουμένης
626 1641 971 1710 ἐρημότατον
1023 1645 1245 1717 χωρίον.
1303 1647 1466 1701 Ὅθεν
1505 1648 1818 1716 λογίζεσθαι

231 1730 299 1797 τῇ
337 1726 743 1799 Θαυμασιότητι
797 1733 954 1802 ὑμῶν
982 1734 1217 1801 ἔξεστιν,
1272 1739 1373 1792 ὅσα
1400 1740 1494 1792 καὶ
1523 1741 1691 1809 ἡλίκα
1720 1757 1817 1793 πε-

243 1818 524 1887 πόνθαμεν
554 1824 721 1886 κακὰ,
745 1828 1002 1894 πυρετοῖς
1022 1827 1321 1898 άφορήτοις
1348 1831 1695 1896 παλαίοντες,
1721 1831 1816 1884 καὶ⁵

245 1909 397 1980 φόϐῳ
452 1911 744 1983 Ἰσαυρικῷ
778 1915 1256 1988 πολιορκούμενοι.
1309 1921 1421 1974 Καὶ
1451 1920 1624 1975 ταῦτα
1650 1921 1817 1989 λέγω,

241 2003 345 2054 οὐκ
369 2003 540 2068 ἀξιῶν
581 2005 871 2076 ἐνοχλῆσαι
933 2027 1057 2064 τινα
1113 2011 1255 2067 ὥστε
1285 2013 1431 2084 ἡμᾶς
1474 2012 1819 2084 μεταστῆσαι

230 2093 510 2149 ἐντεῦθεν.
548 2095 624 2150 Τὸ
661 2100 770 2169 γὰρ
795 2101 1188 2168 χαλεπώτατον
1216 2104 1554 2176 διηνύσαμεν
1573 2106 1670 2174 τῆς
1696 2103 1819 2158 ὁδοῦ

225 2186 332 2255 τὴν
358 2187 765 2257 ταλαιπωρίαν.
798 2193 936 2246 Ἀλλ’
968 2194 1116 2264 ὑμᾶς
1161 2195 1326 2266 χάριν
1355 2197 1512 2261 αἰτῶ,
1569 2197 1632 2249 τὸ
1687 2213 1816 2248 συν·-

226 2277 376 2348 εχῶς
406 2280 536 2349 ἡμῖν
563 2283 820 2350 γράφειν,
854 2285 949 2337 καὶ
977 2287 1118 2357 ὑπὲρ
1159 2289 1270 2340 τῶν
1303 2290 1616 2358 ἐκκλησιῶν
1651 2308 1815 2360 cpe-v-

223 2365 430 2427 τέξειν.
473 2385 490 2417 ι
523 2368 630 2420 Καὶ
660 2366 817 2434 αὖθις
862 2373 1026 2425 πάλιν
1059 2376 1224 2442 φησίν
1245 2395 1257 2407 ο
1300 2397 1317 2427 ι
1355 2379 1514 2432 Ἐπεὶ
1545 2380 1641 2432 καὶ
1668 2380 1817 2448 ἡμᾶς

223 2457 419 2525 τρίτον
451 2457 571 2522 ἔτος
626 2463 685 2515 ἐν
737 2463 923 2534 ἐξορίᾳ
973 2465 1375 2536 διατρίῦοντας,
1423 2469 1589 2538 λιμῷ,
1616 2470 1815 2539 λοιμῷ,

224 2551 523 2620 πολέμοις,
585 2553 930 2625 πολιορκίαις
981 2559 1288 2627 συνεχέσιν,
1352 2562 1561 2632 ἐρημίᾳ
1599 2563 1814 2630 ἀφάτῳ,

226 2643 456 2714 θανάτῳ
514 2645 896 2718 καθημερινῷ,
956 2651 1258 2722 μαχαίραις
1321 2653 1678 2721 Ἰσαυρ;καῖς,
1717 2658 1816 2727 οὐχ

228 2736 321 2800 ὡς
349 2737 507 2809 ἔτυχε
540 2740 858 2809 παρακαλεῖ
910 2742 1008 2795 καὶ
1057 2746 1470 2814 παραμυθεῖται
1504 2749 1564 2801 τὸ
1592 2751 1816 2820 διαρκὲς

228 2827 337 2880 καὶ
369 2829 600 2898 μόνιμον
634 2830 789 2896 ὑμῶν
819 2831 920 2901 τῆς
969 2833 1305 2898 διαθέσεως,
1351 2839 1449 2906 τῆς
1499 2839 1814 2909 παρρησίας

227 2921 303 2972 τὸ
329 2920 568 2986 ἀκλινές.
600 2923 764 2978 Ὅθεν
787 2926 836 2978 εί
859 2926 955 2978 καὶ
983 2926 1078 2980 τοῦ
1110 2929 1344 2997 ἐδάφους
1365 2931 1461 2983 καὶ
1487 2932 1596 2985 τῶν
1618 2935 1817 3004 τειχῶν

229 3012 344 3080 τῆς
379 3013 587 3078 πόλεως
623 3017 1027 3089 ἐκδεὸλήμεθα,
1055 3019 1156 3090 τῆς
1187 3021 1246 3075 δὲ
1281 3023 1486 3094 κυρίως
1513 3025 1725 3089 πόλεως
1756 3027 1816 3080 ού

1922 565 2029 618 que
2053 550 2232 605 locum
2269 551 2788 604 condemnarentur.
2824 548 3024 602 Verum
3052 561 3176 600 cum
3209 557 3263 600 et
3296 562 3498 615 corpus

1921 656 2194 695 aerumnas
2221 641 2382 695 hasce
2417 641 2656 695 tolerare
2689 641 2940 706 deneget,
2969 649 3024 693 et
3052 649 3231 693 metus
3281 639 3498 694 Isauro-

1923 747 2044 784 rum
2074 733 2256 786 omnia
2288 731 2688 790 circumvallet.
2725 746 2946 799 parvam
2995 730 3137 784 hanc
3177 739 3236 784 et
3277 738 3495 783 tenuem

1923 825 2152 892 gratiam
2208 824 2460 878 obtinere
2496 840 2607 877 non
2661 838 2972 893 possumus.
3025 822 3107 876 Sit
3157 837 3223 876 eo
3278 835 3500 889 qunque

1923 919 2145 973 nomine
2179 918 2288 971 Deo
2329 915 2521 986 gloria.
2576 915 2695 970 Non
2749 915 2894 969 enim
2939 912 3246 982 gloriﬁcare
3283 929 3407 966 eum
3444 915 3499 966 iu

1921 1011 2180 1064 omnibus
2205 1008 2534 1062 desinimus.
2559 1007 2641 1061 Sit
2673 1021 2872 1060 nomen
2903 1006 3024 1075 ejus
3053 1004 3400 1058 benedictum
3443 1003 3498 1057 in

1924 1102 2144 1156 sa’cula.
2184 1100 2350 1155 Scitis
2387 1114 2650 1168 namque,
2703 1099 2820 1152 loca
2871 1097 3054 1150 omnia
3088 1095 3417 1148 tumultibus
3444 1101 3501 1149 et

1925 1193 2106 1247 turbis
2145 1206 2268 1246 esse
2300 1191 2458 1259 plena
2498 1205 2646 1244 :nec
2687 1205 2786 1258 pro
2839 1187 3314 1256 Constantinopoli
3362 1186 3499 1247 sola,

1919 1283 2020 1337 sed
2081 1297 2180 1351 pro
2247 1281 2509 1335 universo
2554 1279 2688 1335 orbe
2724 1277 2977 1334 oratione
3020 1285 3072 1331 et
3113 1276 3500 1331 cohortatione

1919 1386 2058 1440 opus
2087 1380 2187 1425 est.
2233 1370 2362 1424 Inde
2391 1369 2540 1424 enim
2603 1369 2758 1424 initio
2788 1377 3030 1438 sumpto,
3065 1367 3227 1421 sicuti
3291 1366 3498 1419 dictum

1918 1472 2022 1527 est,
2061 1463 2264 1516 malum
2294 1462 2411 1516 loca
2436 1461 2618 1515 omnia
2645 1459 2976 1530 pervadens,
3014 1457 3276 1513 ecclesias
3310 1468 3502 1509 omnes

1923 1557 2126 1608 turbat.
2171 1553 2528 1623 Septuaginta
2557 1551 2754 1606 diebus
2784 1551 2838 1605 in
2887 1551 3082 1604 itinere
3135 1545 3498 1615 consumptis,

1919 1646 2218 1715 aliquando
2249 1643 2473 1698 tandem
2521 1641 2802 1698 Cucusum
2851 1643 3210 1712 pervenimus
3256 1657 3269 1693 :
3318 1640 3497 1692 locum

1921 1739 2090 1790 totius
2134 1737 2320 1803 orbis,
2371 1745 2598 1806 propter
2643 1735 3040 1798 solitudinem,
3093 1732 3497 1804 gravissimum.

1924 1827 2162 1882 Proinde
2188 1828 2494 1882 reverentia
2529 1835 2710 1881 vestra
2749 1825 3010 1895 colligere
3044 1833 3246 1894 potest,
3274 1838 3396 1891 quae
3447 1831 3503 1876 et

1921 1928 2128 1988 quanta
2166 1917 2564 1987 pertulerimus
2596 1917 2763 1980 mala,
2792 1913 3317 1970 insustentabilibus
3341 1913 3506 1966 febri-

1920 2008 2024 2064 bus
2084 2007 2409 2074 eonﬂietati,
2466 2017 2524 2063 et
2582 2015 2730 2063 metu
2782 2006 3026 2062 Isaurico
3079 2004 3502 2060 circumvallati.

1920 2098 2097 2169 Atque
2123 2099 2240 2154 hinc
2260 2099 2483 2169 quidem
2502 2098 2648 2160 dico.
2680 2113 2789 2153 non
2817 2097 2962 2166 quod
2993 2095 3155 2151 velim
3177 2109 3504 2164 quemquam

1921 2194 2179 2261 cuiquam
2232 2192 2528 2247 molestum
2577 2205 2723 2256 esse,
2757 2201 2815 2244 et
2857 2202 3043 2259 petere
3101 2197 3162 2243 ut
3213 2188 3321 2242 alio
3379 2187 3506 2242 inde

1922 2283 2240 2337 transferar.
2265 2283 2399 2336 Nam
2431 2281 2576 2352 quod
2612 2280 2972 2334 durissimum
3024 2278 3148 2340 fuit,
3172 2278 3273 2333 ria:
3297 2277 3509 2331 scilic«-t

1919 2391 2243 2438 aerumnam,
2276 2374 2630 2444 pertulimus.
2669 2371 2774 2427 Sed
2818 2372 2965 2426 illam
3003 2388 3032 2426 a
3070 2369 3226 2426 vobis
3273 2370 3505 2439 gratiam

1919 2476 2069 2538 peto,
2100 2475 2160 2521 ut
2220 2467 2419 2521 crebro
2466 2468 2532 2519 ad
2586 2479 2688 2519 nos
2725 2463 3004 2523 scribatis,
3055 2472 3110 2517 et
3149 2459 3506 2515 ecclesiarum

1919 2575 2112 2612 curam
2147 2563 2371 2628 geratis.
2417 2577 2434 2608 ι
2492 2559 2557 2610 Et
2587 2572 2778 2610 rursus
2827 2555 3008 2623 inquit
3045 2571 3058 2608 :
3092 2570 3110 2603 ι
3145 2551 3509 2620 Quandoqui-

1919 2650 2044 2704 dem
2072 2659 2127 2704 et
2149 2665 2248 2704 nos
2278 2650 2498 2705 tertium
2532 2650 2642 2717 jam
2677 2661 2879 2701 annum
2929 2647 2982 2700 in
3014 2643 3211 2698 exsilio
3266 2651 3510 2712 agentes,

1920 2741 1976 2796 in
2035 2742 2198 2806 fatue,
2257 2751 2434 2809 peste,
2500 2739 2679 2802 bellis,
2746 2737 3030 2792 coutinuis
3097 2733 3509 2788 obsidionibus.

1921 2834 2222 2889 solitudine
2270 2831 2603 2892 incredibili,
2655 2840 2830 2884 morte
2875 2828 3236 2898 quotidiana,
3285 2825 3514 2880 ensibus

1921 2924 2203 2989 lsaurieis,
2255 2942 2361 2978 non
2406 2923 2764 2978 mediocriter
2808 2925 3018 2976 animat
3093 2930 3149 2974 et
3194 2917 3513 2974 consolatur

1921 3017 2234 3073 aﬂectionis
2279 3027 2474 3072 vestra:
2537 3015 2933 3083 abundantia,
2969 3024 3026 3068 et
3077 3010 3413 3070 constantia,
3457 3020 3514 3062 et

236 3106 696 3176 μετῳκίσθημεν.
733 3109 796 3162 ΕΞ
819 3112 929 3181 γὰρ
956 3111 1113 3181 ὑμεῖς
1148 3115 1182 3184 ἠ
1217 3114 1390 3180 πόλις,
1430 3117 1550 3186 μεθ’
1586 3119 1738 3188 ὑμῶν
1762 3121 1820 3174 δὲ

1933 3112 2140 3166 ﬁducia:
2171 3111 2464 3165 stabilitas.
2491 3108 2842 3177 Quapropter
2879 3107 3046 3161 etiam
3075 3105 3119 3157 si
3151 3104 3271 3158 solo
3294 3112 3350 3156 et
3373 3115 3514 3156 mm-

236 3197 410 3266 ὴμεῖς
435 3198 522 3250 ἀεὶ
554 3200 651 3252 καὶ
684 3200 742 3254 ἐν
767 3201 920 3272 ὑμῖν,
953 3203 1178 3275 εὔδηλον
1208 3207 1290 3259 ὅτι
1316 3208 1414 3261 καὶ⁵
1445 3210 1678 3265 ἐνταῦθα
1707 3212 1825 3266 διά-

237 3304 461 3355 γοντες,
493 3289 594 3359 τὴν
635 3291 790 3345 πόλιν
825 3293 1086 3364 οἰκοῦμεν
1125 3297 1364 3366 ἐκείνην.
1428 3302 1540 3354 Καὶ
1589 3303 1696 3373 γὰρ
1737 3307 1824 3358 ἐν-

234 3379 585 3466 διαιτώμεϐα
639 3384 795 3454 ὑμῶν
850 3389 972 3450 ταῖς
1026 3388 1267 3460 ψυχαῖς·
1333 3395 1428 3447 καὶ
1462 3395 1711 3466 ὅπουπερ
1759 3397 1826 3450 ἂν

239 3463 423 3538 ὦμεν,
473 3476 684 3538 πάντας
744 3477 890 3546 ὑμᾶς
920 3479 1046 3538 τοὺς
1091 3482 1358 3550 σφοδροὺς
1409 3485 1568 3556 ἡμῶν
1590 3463 1828 3557 ἐραστὰς

241 3560 350 3611 ἐπὶ
383 3560 623 3626 διανοίας
657 3567 1051 3637 περιφέροντες
1083 3569 1311 3641 ἄπιμεν.
1343 3591 1362 3624 ι

815 3855 1071 3912 ΚΕΦΛΛ.
1123 3857 1258 3914 κη’.

243 3943 397 4013 Περὶ
460 3945 788 4018 Ἀροξακίολυ
843 3947 1216 4018 πατριάρχου
1263 3955 1834 4008 Κωνσταντινουπό-

322 4021 498 4100 θείως,
557 4013 988 4100 alaerit-ﬁxa}
1171 4025 1315 4100 τοὺς
1365 4025 1499 4100 ,περὶ
1553 4024 1832 4100 Ἰωάννην

327 4087 540 4141 ἐδίωκε
565 4103 580 4119 ⁸
620 4088 718 4140 καὶ
739 4091 819 4153 ὡς
848 4087 1248 4158 ἐτελεύτησεν
1274 4093 1342 4144 ἐν
1357 4087 1598 4163 βραχεῖ.

323 4201 515 4256 Ταῦτα
567 4202 670 4271 μὲν
712 4203 768 4255 αἱ
804 4201 1121 4254 ἐπιστολαί·
1175 4203 1236 4255 οὐ
1285 4203 1468 4271 πολλῷ
1497 4205 1554 4256 δὲ
1601 4205 1834 4278 ὕστερον

242 4297 646 4369 χειροτονεῖται
677 4296 776 4365 τῆς
806 4296 1222 4349 Κωνσταντίνου
1274 4295 1588 4367 Ἀρσάκιος,
1622 4299 1834 4353 Νεκτα-

252 4392 378 4460 ρίου
422 4388 520 4441 τοῦ
571 4387 678 4459 πρὸ
737 4388 988 4442 Ἰωάννου
1050 4389 1150 4458 τὴν
1206 4389 1465 4461 τοιαύτην
1527 4391 1835 4463 ἐπισκοπὴν

226 4480 596 4541 ’διιθύναντος
626 4479 855 4549 ἀδελφός
877 4496 891 4510 σ
938 4481 1079 4551 ἀνὴρ
1119 4482 1294 4548 πρᾶος
1335 4478 1478 4535 εἶναι
1510 4483 1707 4547 δοκῶν,
1737 4485 1832 4537 καὶ

255 4575 392 4644 περὶ
446 4573 510 4625 τὸ
536 4575 693 4625 Θεῖον
747 4573 985 4642 μάλιστα
1039 4573 1298 4643 εὐλαϐής.
1342 4575 1597 4645 Ἀχρείαν
1647 4576 1705 4631 δέ
1741 4577 1842 4646 τὴν

257 4669 397 4734 περὶ
447 4665 618 4719 αὐτοῦ
674 4665 835 4730 δόξαν
892 4665 1117 4718 ἐποίουν
1151 4667 1410 4736 κληρικοί
1456 4685 1624 4735 τινες,
1657 4667 1694 4721 ἃ
1745 4669 1842 4738 μὲν

251 4757 548 4812 ἐδούλοντο
613 4757 874 4827 δρῶντες,
910 4755 1108 4826 ἐκείνῳ
1139 4756 1195 4808 δέ
1246 4761 1346 4826 τὴν
1379 4758 1563 4810 αἰτίαν
1609 4759 1835 4832 ἐπιγρα·

253 4845 512 4915 φόμενοι.
549 4844 736 4912 Πολλῴ
760 4843 816 4895 δέ
852 4844 1078 4915 χείρονα
1110 4843 1317 4913 μᾶλλον
1351 4845 1539 4898 τοῦτον
1567 4847 1742 4898 ἐποίει
1775 4847 1842 4899 τὰ

249 4937 522 5008 τηνικάδε
555 4937 844 5006 συμϐάντα
872 4937 1004 5005 περὶ
1043 4937 1169 5001 τοὺς
1229 4937 1452 5008 Ἰωάννη
1502 4940 1842 5010 προσκειμέ-

257 5046 411 5093 νους.
458 5029 616 5082 Ἐπεὶ
646 5028 753 5098 γὰρ
782 5027 932 5097 αὐτῷ
979 5045 1038 5080 τε
1069 5029 1162 5082 καὶ
1192 5031 1260 5100 τῇ
1312 5030 1432 5081 κατ’
1458 5029 1621 5082 αὐτὸν
1644 5029 1843 5100 ἐκκλη-

255 5122 357 5192 σία
383 5123 666 5175 κοινωνεῖν
696 5123 729 5192 ἢ
762 5120 1120 5191 συνεύχεσθαι
1148 5120 1439 5190 ἀπηξίουν,
1480 5120 1516 5173 ἆ
1551 5138 1614 5174 τε
1645 5121 1709 5193 δὴ
1735 5121 1844 5174 τῶν

252 5213 310 5266 τ’
339 5213 647 5267 ἐπιϐούλων
694 5215 789 5266 καὶ
821 5211 1176 5280 συκοφαντῶν
1229 5211 1484 5264 Ἰωάννου
1532 5213 1845 5280 ἀναμεμιγ-

262 5308 448 5377 μένων
475 5307 680 5370 αὐτοῖς,
718 5305 841 5360 καθ’
873 5305 1104 5367 ἑαυτοὺς
1137 5305 1193 5357 δὲ
1238 5302 1606 5376 ἐκκλησίαζον
1652 5303 1840 5374 ἁθροι-

256 5401 488 5469 ζόμενοι
509 5415 524 5430 ο
559 5400 662 5455 άνά
690 5417 748 5452 τε
776 5398 875 5462 τὰς
898 5399 1161 5467 ἐσχατιὰς
1192 5397 1289 5449 καὶ
1317 5395 1477 5456 στοὰς
1503 5395 1600 5464 τῆς
1636 5397 1844 5458 πόλεως

252 5493 456 5561 λόγους
490 5490 622 5561 περὶ
651 5488 846 5544 τούτου
874 5488 1153 5560 προσῆγεν
1192 5487 1466 5558 Ἀρκαδίιρ
1493 5487 1573 5558 τῷ
1605 5485 1842 5556 βασιλεῖ.

254 5585 379 5642 Καὶ
399 5585 465 5656 δὴ
501 5583 892 5655 συνηγμένοις,
923 5580 1204 5652 πεμφθείς
1233 5599 1319 5643 τις
1350 5579 1565 5635 ἐκεῖθεν
1604 5580 1701 5633 καὶ
1743 5579 1846 5634 οὐκ

257 5680 467 5750 ἀγεννῆ
519 5669 770 5734 νεολαίαν
804 5678 1322 5750 προσεπαγόμινος,
1369 5675 1428 5730 τὸ
1480 5672 1584 5744 μὲν
1638 5671 1845 5740 πλῆθος

262 5774 522 5838 παίοντες
558 5772 738 5842 ξύλοις
777 5776 872 5830 καὶ
895 5771 1074 5836 -λίθοις
1094 5810 1110 5840 ,
1141 5769 1357 5826 ἐκεῖθεν
1416 5767 1651 5838 ἧλαυνον
1677 5781 1692 5798 ο
1724 5765 1844 5820 ὅσοι

1930 3204 2098 3258 nibus
2129 3203 2288 3274 ejt'cti
2321 3216 2534 3267 sumus,
2572 3214 2702 3254 vera
2727 3209 2908 3254 tamen
2941 3196 3170 3251 civitate
3192 3191 3370 3249 exacti
3403 3208 3516 3246 non

1932 3311 2145 3352 sumus.
2209 3296 2267 3353 Si
2326 3296 2474 3350 enim
2533 3307 2628 3347 vos
2685 3277 2964 3347 civitatem
3023 3288 3242 3352 facitis,
3303 3297 3360 3342 et
3416 3302 3518 3340 nos

1933 3386 2220 3442 vobiscum
2251 3401 2474 3454 semper
2502 3393 2557 3439 et
2594 3384 2651 3437 in
2675 3383 2834 3437 vobis
2864 3396 3078 3442 sumus,
3109 3379 3242 3433 satis
3273 3381 3513 3440 censtat,

1932 3480 2100 3534 etiam
2149 3478 2278 3532 dum
2313 3476 2401 3530 hic
2443 3477 2676 3543 agimus,
2712 3473 2905 3526 urbem
2943 3486 3046 3525 nos
3078 3469 3223 3523 illam
3252 3468 3516 3523 incolere.

1932 3570 1993 3623 ln
2020 3567 2223 3623 animis
2266 3567 2414 3621 enim
2464 3565 2670 3620 vestris
2704 3577 2998 3618 versamur
3035 3579 3050 3615 :
3096 3573 3152 3614 et
3201 3559 3518 3626 ubicunque

1934 3672 2147 3722 sumus,
2179 3671 2374 3711 omnes
2404 3669 2503 3710 vos
2533 3654 2896 3708 vehementes
2926 3650 3102 3705 nostri
3141 3656 3416 3703 amatores
3460 3647 3518 3701 in

1934 3760 2120 3808 mente
2150 3759 2334 3804 nostra
2361 3746 2879 3804 cireumferimus.»

2358 3860 2525 3932 409
2568 3857 2794 3913 CAPUT
2849 3855 3062 3911 xxvut

1936 3957 2016 4013 De
2055 3956 2278 4012 Arsacia
2313 3923 2623 4024 pa-triarcha
2665 3948 3301 4024 Constanlitwpolilano,
3338 3923 3518 4024 qualis

2005 4030 2049 4082 is
2082 4027 2287 4096 fuerit:
2313 4019 2375 4077 ἐτ
2410 4033 2465 4076 ιιι
2500 4021 2729 4074 Joannis
2769 4029 3054 4074 sectatores
3096 4026 3397 4089 persecutus
3428 4019 3522 4081 sit,

2009 4105 2060 4151 et
2091 4097 2252 4167 paulo
2285 4103 2400 4166 post
2433 4103 2694 4146 mortuus.

2007 4207 2263 4279 Epistolas
2305 4207 2385 4262 sic
2428 4205 2655 4281 habent.
2692 4202 2813 4258 Non
2835 4203 3007 4257 multo
3027 4214 3157 4256 vero
3175 4201 3533 4270 postepisem

1936 4317 2042 4374 pus
2071 4299 2718 4369 Constantinopolitanus
2753 4297 3051 4351 ordinatur
3087 4295 3383 4358 Arsacius,
3418 4293 3531 4348 Ne-

1941 4395 2121 4459 ctarii,
2158 4393 2252 4464 qui
2289 4401 2417 4449 ante
2464 4392 2734 4448 Joannem
2760 4390 3140 4460 episcopatum
3168 4403 3293 4440 eum
3330 4386 3533 4456 gessit,

1867 4493 1909 4548 ι’)
1937 4486 2239 4540 fraterzvir
2263 4482 2513 4554 placidus
2535 4481 2759 4553 quidem
2782 4473 3086 4552 judicatus,
3111 4487 3168 4532 et
3197 4492 3324 4547 erga
3353 4477 3532 4530 Deum

1947 4579 2182 4635 maxime
2206 4576 2513 4646 religiosus.
2533 4574 2734 4630 Gloriae
2757 4583 2939 4628 autem
2959 4572 3078 4641 ejus
3095 4568 3284 4624 clerici
3299 4567 3530 4637 quidam

1945 4669 2266 4733 obfuerunt,
2287 4668 2384 4738 qui
2415 4664 2688 4737 quidquid
2717 4664 2962 4726 voluere,
3014 4661 3291 4722 fecerunt,
3324 4669 3381 4714 et
3406 4658 3531 4712 cul-

1948 4778 2069 4833 pam
2103 4777 2323 4816 omnem
2357 4761 2412 4814 in
2441 4775 2566 4816 eum
2595 4757 2972 4813 contulerunt.
3013 4752 3357 4808 Deteriorem
3389 4765 3533 4806 vero

1945 4871 2072 4912 eum
2145 4854 2322 4909 multo
2379 4853 2562 4907 fecere
2595 4865 2660 4904 ea
2709 4862 2833 4918 qua:
2881 4845 3110 4902 Joannis
3153 4843 3533 4900 sectatoribus

1946 4945 2222 5002 accidere.
2260 4945 2559 5013 Postquam
2597 4939 2745 4995 enim
2771 4953 2898 4994 cum
2921 4952 2990 4995 eo
3017 4946 3080 4996 et
3111 4951 3241 4992 cum
3287 4934 3532 4990 ecclesia

1946 5037 2088 5108 ejus,
2146 5037 2201 5089 in
2237 5052 2345 5105 qua
2406 5035 2765 5088 insidiatores
2789 5040 2845 5086 et
2893 5030 3246 5100 sycophantae
3300 5026 3534 5084 Joannis

1947 5128 2106 5184 multi
2136 5129 2259 5183 aliis
2284 5127 2537 5198 permisti
2567 5132 2780 5188 essent,
2810 5121 3228 5178 communicare
3269 5128 3327 5175 et
3357 5132 3528 5174 orare

1949 5220 2270 5282 noluerunt,
2295 5227 2354 5273 et
2379 5233 2511 5274 suos
2539 5217 2646 5272 sibi
2667 5223 2978 5271 conventus
3007 5214 3062 5268 in
3087 5212 3356 5268 extremis
3381 5211 3527 5266 locis

1947 5316 2003 5364 et
2033 5308 2342 5378 porticibus
2362 5307 2605 5364 civitatis
2631 5315 2888 5376 egerunt,
2943 5319 3057 5360 rem
3089 5317 3212 5357 eam
3258 5301 3326 5357 ad
3356 5303 3529 5355 Arca-

1949 5401 2531 5473 dium'imperatorem
2561 5401 2782 5456 detulit.
2838 5399 3031 5468 Itaque
3065 5395 3136 5451 ad
3165 5410 3263 5450 eos
3290 5409 3530 5465 congre-

1948 5505 2104 5569 gatos
2129 5493 2358 5565 quidam
2381 5510 2506 5550 cum
2527 5508 2636 5548 non
2656 5488 3063 5548 contemnenda
3093 5486 3328 5542 militum
3359 5500 3527 5541 manu

1949 5590 2176 5644 missus.
2208 5587 2292 5642 llli
2324 5585 2737 5642 multitudinem
2773 5581 3013 5640 fustibus
3040 5586 3098 5634 et
3127 5578 3272 5634 saxis
3301 5577 3528 5648 pulsan-

1949 5690 2053 5747 tes,
2074 5680 2203 5736 inde
2242 5679 2597 5750 depulerunt.
2631 5677 2958 5746 Quicunque
2987 5680 3171 5730 autem
3231 5671 3377 5728 inter
3401 5667 3532 5725 illos

1949 5769 2267 5827 ardentiore
2292 5784 2421 5841 erga
2451 5766 2719 5826 Joannem
2752 5765 2962 5834 animo,
2995 5773 3052 5822 et
3070 5761 3230 5836 quasi
3263 5759 3521 5819 multitu-
3596 5781 3600 5784 ·
