3898 6192
254 318 393 384 1025

1178 310 1772 373 ECCLESIASTICIE
1814 313 2201 373 lllSTORMi
2240 312 2386 374 LIB.
2427 314 2601 377 XIII.

3356 313 3494 381 1026

235 435 439 491 σιλείου
491 427 768 501 ἀσκητικά
815 444 958 490 τινες
996 424 1135 479 εἷναί
1189 443 1376 496 φασιν.
1426 425 1539 495 Οὐχ
1580 421 1731 490 ὦτος
1761 425 1807 479 δ’

1920 434 1993 481 εει
2008 425 2322 492 translatus,
2344 435 2396 481 et
2413 435 2634 497 propter
2649 440 2810 497 quem
2828 426 2879 481 in
2901 424 3142 483 Ecclesia
3162 426 3495 486 oﬂ'endicula

232 529 384 584 ἐστὶν
415 521 737 584 Εὖστάθιος,
792 520 820 572 δ
863 521 944 581 είς
989 517 1326 587 ’Δντιόχειαν
1371 516 1598 588 ὕστερον
1643 535 1810 587 μετα-

230 622 356 683 ϐὰς,
378 618 449 672 δι’
477 616 536 669 ὃν
567 614 663 666 καὶ
695 613 763 665 τὰ
792 610 934 665 κατὰ
961 610 1230 663 Παυλῖνον
1258 608 1353 661 καὶ
1391 609 1693 661 Φλαϐιανδν
1717 610 1811 661 καὶ

234 715 510 781 Εὑάγριον
541 710 605 776 τῇ
655 704 958 773 Ἐκκλησία
990 700 1290 771 ἐπισυνέϐη
1334 700 1629 754 σκάνδαλα.
1679 697 1737 752 '0
1766 698 1811 752 δ’

242 801 490 863 Ἀττικὸς
527 801 605 861 εἰς
639 797 836 863 ἄνδρας
869 795 970 864 ἢδη
1010 791 1257 854 τελέσας,
1283 792 1417 860 προς
1445 791 1545 860 τὴν
1576 790 1811 843 καθόλου

242 893 507 962 Ἑκκλησ⁷
515 909 580 945 αν
600 888 883 958 μετέθετο,
910 885 979 939 τὰ
997 884 1334 939 Μακεδονίου
1349 882 1657 938 ἀποϐαλών.
1686 880 1812 951 Εἶχε

230 985 289 1039 δὲ
321 985 382 1037 τὸ
408 985 651 1050 φρουιεῖν,
682 979 743 1031 οὐ
782 978 1018 1049 μαθήσει
1060 979 1426 1046 κτησάμενος,
1457 974 1597 1029 ἀλλὰ
1627 974 1812 1043 φύσει.

232 1076 325 1129 Διὸ
350 1078 453 1128 κάν
481 1076 596 1136 τοῖς
653 1073 956 1141 πρακτέοις
1006 1070 1432 1141 ἐπηϐολώτατος
1476 1065 1546 1139 ἦν
1569 1086 1581 1101 ·
1617 1068 1740 1122 λίαν
1770 1067 1815 1121 δ’

232 1165 627 1219 ἐπιϐουλεῦσαι
660 1166 757 1219 καὶ
793 1165 1077 1236 διαδρᾶσαι
1111 1161 1270 1227 αὖθις
1303 1163 1600 1232 ἐπιδουλὴν
1626 1160 1813 1226 δεξιώ-

232 1277 389 1321 τατος
425 1275 438 1287 ·
476 1259 634 1312 τόσον
662 1259 719 1311 δέ
752 1257 813 1309 τδ
836 1253 967 1326 ἦθος
996 1255 1287 1323 ἐπαγωγὸν
1320 1250 1487 1323 εἶχεν,
1519 1254 1596 1315 ὡς
1629 1253 1818 1321 σχεδον

238 1346 808 1421 πᾶσικεχαρισμένος
855 1345 1020 1402 εἶναι.
1054 1348 1134 1399 Τὰ
1168 1346 1225 1399 δὲ
1268 1345 1406 1415 πρὸς
1443 1345 1569 1407 τοὺς
1614 1344 1816 1412 ἐκκλη-

238 1441 560 1503 σιαστικοὺς
587 1441 779 1509 λόγους
812 1438 1019 1510 ἀφελὴς
1048 1434 1138 1509 ἦν,
1168 1438 1264 1493 καὶ
1296 1438 1573 1501 τοιούτους
1618 1438 1817 1500 αὐτοὺς

239 1532 534 1598 ἐξετίθετο,
578 1532 719 1585 ὥστε
769 1533 907 1601 μήτε
943 1532 1097 1600 παρὰ
1142 1530 1254 1583 τῶν
1287 1530 1575 1599 ἀκροατῶν
1618 1545 1818 1597 μετεγ-

239 1626 577 1695 γράφεσθαι.
607 1625 745 1693 μήτε
781 1623 888 1694 μὴν
912 1622 1263 1676 παντάπασιν
1290 1623 1541 1692 ἀμοιρεῖν
1569 1620 1818 1684 παιδείας

1918 516 2007 570 illa
2067 517 2215 571 inter
2272 516 2558 572 Paulinum
2589 525 2644 573 et
2668 516 2965 584 Meletium,
3009 528 3065 575 et
3091 518 3408 575 Flavianum
3444 528 3496 574 et

1916 607 2212 679 Evagrinm
2267 609 2549 665 exstitere.
2580 610 2795 665 Atticus
2825 610 2915 666 ubi
2941 613 3083 665 inter
3113 612 3263 667 viros
3297 628 3497 667 census

1914 710 2020 761 est,
2062 698 2361 756 Macedonii
2391 701 2649 771 Opinione
2687 704 2908 774 rejecta,
2929 702 2995 757 ad
3019 702 3320 758 Ecclesiam
3372 705 3495 759 uni-

1920 790 2183 845 versalem
2204 806 2262 846 se
2288 794 2543 858 contulit,
2565 809 2670 848 non
2695 804 2801 850 tam
2830 794 3081 848 doctrina
3104 810 3267 862 quam
3295 805 3490 851 natura

1915 880 2161 951 prudens
2195 898 2211 936 :
2246 894 2585 953 quapropter
2616 884 2670 937 in
2699 885 2865 939 rebus
2890 884 3116 956 agendis
3159 884 3317 941 facile
3345 888 3491 955 quod

1917 972 2092 1028 voluit
2114 983 2399 1029 assecutus
2414 983 2515 1038 est,
2550 975 2895 1030 instruendis
2925 975 3090 1031 simul
3118 984 3176 1031 et
3224 976 3494 1047 emigien-

1917 1065 2004 1121 dis
2062 1064 2279 1120 insidiis
2333 1064 2661 1120 dexteritate
2694 1069 2853 1121 m‘ra.
2912 1066 3072 1138 411
3129 1069 3188 1123 In
3244 1070 3492 1127 moribus

1917 1157 2037 1227 ejus
2070 1156 2154 1210 ha:
2193 1156 2416 1211 fuerunt
2456 1157 2750 1220 illecebrae.
2784 1167 2842 1213 ut
2863 1157 2978 1214 fere
2999 1159 3256 1215 omnibus
3302 1172 3492 1231 gratus

1919 1254 1975 1299 et
1998 1244 2200 1301 charus
2220 1256 2386 1303 esset.
2421 1246 2482 1301 ln
2521 1247 2869 1304 orationibus
2923 1249 3317 1305 ecclesiasticis
3361 1240 3496 1307 sim-

1923 1337 2045 1406 plex
2068 1336 2193 1403 fuit,
2234 1352 2441 1408 easque
2470 1339 2606 1395 tales
2623 1339 2820 1404 edidit.
2858 1350 2921 1396 ut
2943 1357 3123 1411 neque
3174 1342 3245 1397 ab
3280 1344 3499 1399 audito-

1921 1431 2076 1485 ribus
2126 1430 2654 1496 transcriberentur,
2706 1447 2889 1502 neque
2946 1431 3178 1488 omnino
3238 1433 3495 1491 doctrina

1919 1521 2233 1577 liberaliore
2257 1530 2313 1578 et
2337 1522 2607 1594 elegantia
2630 1534 2900 1580 carerent.
2927 1525 2995 1582 Et
3025 1542 3151 1583 cum
3171 1528 3255 1582 vir
3281 1542 3494 1582 summa

1920 1614 2202 1685 diligentia
2230 1627 2398 1680 esset,
2435 1625 2804 1687 Opportunum
2839 1626 3053 1687 tempus
3106 1628 3321 1683 nactus,
3359 1619 3496 1674 sub-

239 1715 553 1788 ἀνηκούσης
582 1718 795 1784 λόγους.
845 1714 1144 1784 Ἐπιμελὴς
1178 1713 1223 1767 δ’
1250 1714 1329 1776 εἰς
1346 1712 1515 1782 ἄκρον
1548 1711 1645 1777 ὢν,
1672 1714 1724 1766 εἷ
1740 1728 1815 1778 πη

1924 1708 2053 1762 inde
2081 1718 2328 1763 oratores
2369 1708 2587 1765 Graecos
2635 1709 2968 1764 celebriores
3008 1711 3239 1781 legendo
3259 1725 3319 1765 se
3343 1726 3498 1764 exer-

239 1807 437 1879 καιρὸν
482 1807 677 1877 ἐθήρα,
711 1807 837 1868 τοὺς
869 1807 1001 1876 παρ’
1035 1805 1297 1875 Ἕλλησιν
1320 1806 1411 1857 ἐπὶ
1444 1806 1703 1874 ῥητορεία
1730 1801 1821 1853 εὑ-

240 1900 653 1971 δοκιμήσαντας
711 1900 949 1969 ῥήτορας
988 1899 1219 1969 ἤσκητο.
1270 1897 1384 1950 Καὶ
1439 1896 1658 1962 ἰδιώτης
1722 1893 1821 1964 μὲν

237 1987 384 2045 εἶναι
438 1992 644 2044 ἐδόκειο
700 1990 761 2055 ἐξ
812 1990 1045 2044 ἐκείνων
1089 1989 1146 2042 δέ
1179 1988 1493 2059 μαρτυρίας
1526 1985 1816 2056 παράγων.

229 2080 490 2143 καὶτοὺς
542 2079 926 2150 ἐπιστημόνως
976 2080 1266 2151 μετιόντας
1304 2078 1623 2131 ἐλάνθανεν.
1671 2077 1821 2130 Ἐπι-

230 2172 568 2243 μελέστατος
624 2172 681 2225 δέ
739 2173 877 2242 πρὸς
917 2173 979 2226 τὸ
1033 2171 1292 2241 ὁμόδοξον
1350 2169 1426 2225 ὣν
1477 2171 1575 2225 καὶ
1632 2169 1818 2240 ἤπιος,

227 2267 347 2328 τοῖς
380 2264 559 2327 ἄλλως
608 2264 642 2334 ἢ
700 2262 776 2326 ὡς
827 2264 1025 2334 ἐκείνῳ
1074 2263 1252 2316 ἐδόκει
1296 2262 1557 2332 φρονοῦσι
1589 2260 1819 2330 φοὸερὸς

233 2357 479 2427 μάλιστα
528 2352 614 2427 ἧν,
649 2358 713 2410 ἐκ
752 2356 847 2410 τοῦ
883 2357 1082 2426 ρᾁτου
1140 2373 1201 2408 τε
1246 2355 1387 2425 ἔχων
1435 2355 1552 2417 δέος
1588 2355 1818 2417 ἐκείνοις

228 2448 532 2518 ἐμῦἀλλειν
595 2449 759 2518 μόνον
805 2447 1164 2518 βουλόμενος’
1224 2448 1388 2501 πάλιν
1427 2446 1472 2498 δ’
1505 2442 1571 2498 αὖ
1621 2446 1818 2515 ἀθρόον

230 2542 735 2613 μεταϐαλλόμενος,
761 2542 897 2610 πρὸς
926 2542 989 2594 τὸ
1036 2542 1213 2607 πρᾶον
1252 2541 1617 2610 μεταχωρεῖν.
1637 2539 1695 2591 '0
1720 2540 1819 2607 μέν

224 2626 330 2687 οὖν
356 2634 599 2695 τοιοῦτος
625 2631 714 2704 ἦν,
747 2633 821 2696 ὡς
851 2636 899 2686 οἱ
927 2634 1093 2685 αὑτοῦ
1129 2634 1326 2697 πεῖραν
1361 2631 1648 2701 εἰληφότες
1675 2630 1818 2683 ἱστό-

229 2741 438 2795 ρησαν.
471 2724 677 2778 Τούτου
701 2725 747 2778 δ’
777 2722 1003 2776 ἐπὶτῶν
1035 2725 1237 2777 οἰάκων
1263 2722 1415 2787 ὄντος
1444 2722 1543 2792 τῆς
1589 2721 1821 2791 Ἐκκλη-

230 2816 383 2881 σίας,
422 2815 591 2878 πολύς
613 2833 699 2877 τις
724 2817 947 2884 ἐγένετο
991 2816 1100 2868 τῶν
1144 2815 1367 2886 Ἰωάννῃ
1400 2814 1817 2885 προσκειμένων

224 2909 258 2961 ὁ
291 2906 558 2976 διωγμὸς,
591 2907 684 2960 τοῦ
717 2906 976 2960 πλείστου
1016 2907 1220 2977 μέρους
1258 2908 1356 2977 τῆς
1400 2907 1475 2960 ἔω
1527 2906 1623 2960 καὶ⁹
1652 2906 1817 2959 ἐσπε-

230 2999 358 3070 ρίου
390 2998 594 3070 λήξεως
646 3000 1055 3070 ἐκτρεπομένου
1104 3000 1207 3071 τὴν
1235 2999 1533 3053 κοινωνίαν
1564 3000 1663 3067 τῆς
1696 2998 1816 3052 κατ’

1923 1799 2056 1854 cuit.
2100 1798 2236 1853 Tum
2269 1801 2490 1854 demum
2512 1840 2527 1863 ,
2585 1815 2708 1854 cum
2739 1801 2905 1855 idiota
2937 1816 3034 1854 seu
3064 1799 3216 1854 rudis
3263 1814 3385 1854 esse
3412 1800 3496 1853 vi-

1922 1889 2166 1951 deretur.
2229 1892 2544 1947 testimonia
2591 1891 2661 1946 ab
2690 1891 2799 1946 illis
2853 1899 3163 1957 mutuatus,
3195 1906 3291 1946 eos
3321 1891 3492 1945 etiam

1921 1984 2015 2054 qui
2050 1984 2265 2039 erudite
2289 1999 2414 2039 cum
2463 2001 2531 2041 eo
2556 1996 2805 2055 agerent,
2841 1981 3058 2040 fefellit.
3083 1985 3334 2054 Cumque
3368 1996 3494 2040 stu-

1921 2079 2268 2135 diosissimus
2322 2089 2377 2136 et
2434 2079 2684 2149 placidus
2757 2080 2991 2134 maxime
3062 2094 3190 2150 erga
3246 2079 3497 2149 ejusdem

1920 2175 2208 2230 sententia:
2231 2184 2552 2238 sectatores,
2586 2185 2700 2229 tum
2740 2165 2823 2230 eis
2866 2175 2961 2245 qui
2991 2174 3153 2230 aliter
3184 2189 3346 2243 quam
3379 2174 3497 2242 ipse

1920 2266 2592 2329 sentirent,formidabilis
2622 2260 2917 2336 plurimum
2946 2266 3067 2321 fuit.
3105 2264 3195 2320 Eis
3216 2265 3495 2345 facillime,

1921 2357 2274 2412 dummmodo
2302 2356 2493 2421 vellet,
2535 2358 2786 2411 timorem
2833 2358 3080 2411 incutere
3129 2355 3309 2425 potuit
3360 2374 3374 2409 :
3440 2364 3497 2409 et

1920 2464 2141 2503 rursum
2174 2456 2321 2502 totus
2360 2458 2625 2513 mutatus,
2682 2448 2750 2502 ad
2798 2448 3115 2502 comitatem
3169 2461 3230 2501 se
3281 2447 3494 2502 retulit.

1920 2538 2066 2593 Talis
2091 2537 2182 2593 ille
2217 2538 2318 2593 fuit
2350 2538 2549 2594 :sicuti
2581 2539 2673 2608 qui
2703 2555 2827 2592 eum
2856 2554 3184 2608 cognovere,
3219 2538 3499 2592 memoria:

1920 2631 2270 2686 mandarunt.
2314 2631 2392 2686 Eo
2437 2641 2619 2686 autem
2663 2631 2960 2687 Ecclesiam
3016 2633 3378 2702 gubernante,
3414 2631 3501 2685 in-

1919 2733 2135 2792 gentem
2191 2722 2419 2777 Joannis
2505 2723 2737 2778 studiosi
2792 2725 2971 2780 tulere
3027 2725 3496 2794 persecutionem,

1920 2832 2042 2869 cum
2071 2814 2292 2885 quidem
2324 2817 2558 2870 maxima
2588 2827 2644 2870 et
2675 2815 2921 2871 Orientis
2947 2825 3003 2872 et
3035 2815 3349 2871 Occidentis
3369 2831 3496 2885 pars

1920 2907 2178 2962 Ecclesiae
2245 2908 2364 2979 ejus
2423 2911 2865 2963 communionem
2948 2918 3318 2971 aversaretur.
3378 2909 3500 2975 Quo

1919 3008 2164 3067 tempore
2190 3000 2410 3067 Ephesii
2447 3000 2775 3070 impunitate
2814 3012 3058 3070 arrepta,
3094 3017 3216 3070 qua:
3269 3002 3350 3056 eis
3382 3002 3498 3056 visa

224 3091 401 3146 αὑτὸν
438 3091 790 3161 Ἐκκλησίας.
818 3092 956 3145 Καθ’
987 3091 1045 3145 δν
1101 3093 1166 3162 δὴ
1203 3091 1396 3161 χρόνον
1428 3091 1476 3144 οξ
1510 3092 1569 3143 ἐν
1614 3091 1817 3161 Ἐφέσῳ

1929 3104 2078 3155 Sttlll,
2116 3091 2301 3145 omnia
2336 3108 2555 3148 movere
2597 3104 2652 3148 et
2702 3102 2918 3149 mutare
2954 3096 3270 3149 voluerunt.
3310 3095 3499 3165 Itaque

224 3184 420 3248 ἀδείας
444 3184 805 3265 δραξάμενοι,
843 3178 875 3257 ᾖ
910 3185 1096 3253 σφίσιν
1140 3184 1357 3249 ἐδόκει,
1394 3183 1558 3238 πάντ’
1608 3184 1820 3237 ἐκίνουν

226 3280 334 3329 καὶ
368 3277 775 3346 μεταστρέφειν
806 3276 1113 3331 ἐϐούλοντο.
1150 3278 1262 3331 Καὶ
1292 3278 1420 3340 τοὺς
1461 3276 1561 3346 μὲν
1588 3277 1693 3329 ὑπὸ
1723 3275 1819 3328 τοῦ

227 3367 407 3423 καλοῦ
437 3369 701 3438 ποιμένος
746 3369 843 3422 καὶ
876 3368 952 3430 ὡς
976 3368 1097 3439 Θεῷ
1126 3370 1284 3439 φίλον
1322 3373 1433 3432 τοῖς
1469 3368 1683 3440 θρόνοις
1713 3371 1817 3422 ἐνι-

223 3461 541 3533 δρυμένους
576 3461 903 3532 ἐξήλαυνον·
945 3462 1209 3532 βεόήλους
1240 3464 1294 3517 δέ
1344 3480 1498 3526 τινας
1543 3464 1639 3518 καὶ
1673 3479 1821 3530 παμ-

231 3554 475 3625 μιᾶρους
502 3554 902 3609 ἀντικαθίστων
927 3558 1039 3619 τοῖς
1067 3554 1286 3623 θώκοις,
1318 3556 1389 3625 μή
1412 3573 1556 3619 τινος
1581 3555 1817 3623 βασάνου

226 3645 340 3716 τῆς
377 3647 715 3717 χειροτονίας
746 3648 1175 3717 προηγουμένης
1197 3662 1213 3678 ·
1244 3646 1360 3699 ἀλλ’
1402 3646 1578 3710 οὕτως
1611 3647 1819 3698 εἰκαῖον

228 3739 414 3791 ἐδόκει
466 3739 528 3791 τὸ
575 3742 816 3810 πρᾶγμα
846 3742 941 3793 καὶ
976 3741 1271 3811 πρόχειρον
1318 3740 1392 3804 ὡς
1426 3740 1591 3809 μόνον
1630 3737 1819 3808 βούλε-

230 3827 388 3895 σθαι,
423 3830 456 3899 ἦ
489 3848 543 3883 τι
584 3829 812 3895 διδόναι,
848 3831 943 3883 καὶ
986 3832 1363 3902 εὐχερέστατα
1397 3831 1498 3899 τὴν
1532 3830 1819 3902 ἱεραρχίαν

227 3921 566 4011 λαμὸἁνειν.
605 3923 714 3977 Καὶ
741 3922 862 3992 δῆθ’
893 3925 941 3975 οἱ
989 3923 1371 3989 ἐκϐληθέντες,
1405 3921 1594 3987 δεξιῶς
1631 3922 1823 3992 μετελ-

228 4013 425 4074 θόντες
461 4014 588 4075 τοὺς
621 4013 731 4065 τῶν
775 4014 1036 4066 τοιούτων
1084 4016 1527 4083 καταφρονητάς,
1583 4015 1821 4080 είοαγω-

228 4103 341 4172 γῆς
401 4102 742 4172 ἐτύγχανον,
798 4106 1126 4175 χρημάτων,
1183 4105 1321 4173 cpt-:6!
1364 4106 1462 4174 τὴν
1522 4105 1820 4174 ἱερωσύνην

228 4194 559 4264 ὠνούμενοι.
596 4196 662 4249 Οἳ
693 4196 758 4268 δὴ
810 4198 905 4249 καὶ
963 4196 1335 4266 Ἡρακλείδην
1384 4198 1614 4263 ἐκεῖνον,
1677 4195 1737 4250 ὃν
1791 4196 1820 4249 ὁ

232 4291 418 4357 μέγας
462 4289 691 4357 Ἐφέσου
725 4288 988 4360 πρόεδρος
1023 4290 1416 4361 καταστήσειε,
1455 4292 1822 4362 συνεπιψηφι·

230 4381 482 4445 ζομένων
512 4384 577 4451 τῇ
618 4382 814 4450 πράξει
877 4384 973 4435 καὶ
1025 4384 1205 4437 ἄλλων
1263 4383 1647 4454 ἐὸδομήκοντα
1691 4386 1817 4436 ἐπι·

231 4470 482 4537 σκότιων,
515 4472 607 4523 ἐπὶ
645 4474 895 4544 τέσσαρα
929 4472 1025 4543 ἐτη
1059 4475 1359 4543 ὠμοτάτως
1403 4476 1813 4548 καθείρξαντες,

230 4559 432 4613 ἔπειτα
484 4560 810 4627 καθελόντες
847 4563 940 4616 τὸν
990 4566 1379 4619 κατάπτυστον
1427 4567 1523 4620 καὶ
1557 4565 1849 4637 προφανῆ¹

231 4651 483 4705 κίναιδον
527 4652 716 4722 ἄνδρα,
762 4654 855 4708 τὸν
916 4653 1203 4727 βδελυρίας
1256 4658 1439 4725 πὲσης
1484 4659 1819 4727 ἀνάμεστον,

228 4744 328 4796 τὸν
371 4742 462 4796 τοῦ
502 4742 794 4813 τριϐούνου
830 4746 1106 4813 Βίκτωρος
1153 4745 1517 4816 εὐνοῦχον,τῷ
1549 4745 1644 4798 τοῦ
1676 4761 1821 4815 παρ-

230 4836 395 4888 θένου
451 4834 627 4904 θρόνῳ
675 4828 741 4906 (ὦ
792 4836 918 4907 δίκη
980 4840 1073 4891 καὶ
1128 4839 1296 4908 ἀνοχῇ
1349 4838 1522 4891 Θεοῦί
1583 4837 1821 4903 ἀναξίως

228 4927 663 4996 ἐγκαθιστῶσιν.

312 5130 392 5203 (1)
449 5130 623 5203 Nemo
669 5131 898 5203 gradum
952 5131 1247 5187 sacerdotii
1303 5129 1816 5200 venalitateipretii

232 5202 538 5273 mercetur.
557 5202 836 5273 Quantum
860 5203 1095 5273 quisque
1120 5211 1387 5273 meretur,
1406 5217 1515 5273 nun
1546 5211 1811 5273 quantum

231 5282 372 5333 dare
402 5271 621 5339 sutlicit,
645 5272 973 5329 aestimetur.
999 5271 1119 5328 Non
1148 5272 1349 5344 pretio,
1393 5272 1490 5329 sed
1554 5271 1816 5343 precibus

1348 5468 1362 5497 Ἰ

1924 3182 2073 3237 viros
2118 3198 2148 3235 a
2197 3183 2344 3236 bono
2410 3194 2628 3252 pastore
2659 3186 2781 3250 rite,
2818 3195 2873 3240 et
2922 3186 3086 3241 sicuti
3136 3186 3249 3241 Deo
3278 3198 3499 3257 gratum

1923 3288 2025 3339 est,
2062 3277 2113 3329 in
2146 3278 2359 3332 tlironis
2383 3279 2612 3334 collatos
2637 3281 2922 3350 ejecerunt
2946 3320 2962 3345 ,
2991 3280 3182 3350 eisque
3236 3280 3500 3351 profanos

1920 3371 2184 3439 quosdam
2203 3383 2256 3425 et
2282 3373 2525 3441 impuros
2546 3389 2772 3440 prorsus
2789 3373 3043 3427 homines
3063 3372 3499 3438 substituerunt,

1922 3465 2067 3516 milia
2088 3466 2464 3534 exploratione
2490 3481 2753 3519 manuum
2789 3464 3129 3532 impositioni
3156 3472 3440 3534 prazeunte
3481 3482 3496 3517 :

1923 3557 2130 3626 quippe
2160 3557 2234 3610 ita
2266 3573 2402 3611 vana
2449 3565 2506 3611 et
2533 3556 2712 3611 facilis
2751 3571 2814 3611 ea
2849 3571 2935 3610 res
2994 3555 3109 3610 visa
3140 3563 3248 3617 est.
3303 3564 3363 3608 ut
3426 3554 3497 3609 ad

1921 3649 2300 3720 episcopatum
2323 3650 2734 3719 promptissime
2762 3649 3176 3717 suscipiendum
3225 3648 3359 3703 satis
3398 3662 3494 3702 es-

1922 3750 2028 3803 set,
2065 3739 2109 3794 si
2140 3740 2263 3809 quis
2324 3741 2375 3793 id
2412 3741 2574 3794 modo
2606 3740 2790 3805 vellet,
2848 3749 2944 3793 aut
2990 3739 3200 3808 aliquid
3243 3739 3496 3794 donaret.

1922 3831 2160 3888 Proinde
2187 3832 2279 3901 qui
2313 3832 2518 3886 dudum
2546 3847 2575 3885 a
2601 3830 2811 3887 Joanne
2864 3830 3206 3886 exauctorati
3258 3831 3498 3896 fuerant,

1922 3920 2209 3975 commode
2243 3936 2423 3974 rerum
2459 3919 2647 3975 talium
2682 3929 3090 3988 contemptores
3141 3921 3403 3990 aggressi,
3442 3922 3496 3974 in

1922 4012 2163 4068 Ecclesia
2214 4023 2341 4067 sunt
2373 4012 2696 4077 introducti,
2743 4010 3062 4081 episcopatu
3099 4011 3260 4081 (proli
3294 4013 3518 4081 pudor!)

1923 4106 2153 4175 pecunia
2188 4107 2490 4174 redempta.
2542 4106 2645 4171 Qui
2701 4104 2867 4158 etiam
2919 4101 3267 4159 Heraclidem
3319 4105 3498 4168 illum,

1922 4212 2085 4265 quem
2116 4211 2343 4265 magnus
2372 4195 2611 4250 Joannes
2659 4194 2879 4271 Ephesi.
2916 4194 3237 4264 episcopum
3280 4209 3502 4249 creave-

1926 4297 2029 4351 rat,
2089 4288 2521 4357 suﬁragantibus
2580 4289 2630 4343 ei
2687 4288 2813 4342 aliis
2867 4302 3092 4357 quoque
3154 4287 3503 4358 septuaginta

1923 4380 2221 4449 episcOpis,
2256 4380 2322 4433 ad
2356 4396 2553 4443 annos,
2592 4391 2833 4451 quatuor
2857 4381 3245 4439 crudelissimo
3285 4383 3499 4439 carceri

1851 4450 1891 4502 ι)
1921 4473 2298 4528 incluserunt:
2328 4483 2382 4528 et
2418 4450 2619 4543 postea,
2669 4474 2939 4545 dignitate
2984 4475 3036 4528 ei
3094 4474 3353 4545 abrogata
3401 4476 3503 4547 (l),

1923 4567 2317 4621 exsecrandum
2341 4576 2398 4622 et
2430 4567 2779 4622 manifestqu
2802 4567 3101 4633 cinaedum,
3120 4568 3508 4624 detestationis

1926 4660 2107 4714 omnis
2138 4659 2384 4729 plenum,
2418 4661 2621 4714 tribuni
2654 4658 2889 4714 Victoris
2934 4661 3279 4720 eunuchum,
3303 4662 3356 4711 in
3389 4662 3503 4712 vir-

1925 4752 2070 4822 ginis
2101 4752 2203 4804 viri
2233 4752 2430 4806 throno
2460 4752 2515 4820 (ο
2540 4750 2778 4806 vindicta
2800 4759 2857 4806 et
2882 4750 3149 4823 patientia
3179 4748 3274 4802 Dei
3295 4748 3334 4817 l)
3364 4747 3507 4802 indi—

1925 4841 2188 4912 gnissime
2219 4841 2585 4897 collocarunt.

1925 5132 2211 5254 ordilnetur
2264 5129 2516 5186 antistes.
2549 5127 2609 5182 L.
2652 5125 2712 5183 Si
2738 5142 3078 5199 quemquam.
3132 5123 3197 5182 C.
3223 5126 3291 5184 dc
3331 5127 3506 5198 θρίω.

1925 5212 1980 5254 et
2011 5217 2042 5254 e
2064 5217 2146 5254 er.

1925 5212 1980 5256 Cl.
2011 5212 2146 5256 cler.
