3898 6192
196 279 340 349 1029

1127 279 1735 343 ΕΟΟΙΕΞῘΛΞΤΙΕΑΞ
1776 278 2168 340 HISTORLE
2207 278 2354 338 LIB.
2397 276 2569 340 XIII.

3324 281 3459 340 1030

191 405 289 465 τὰς
319 397 573 467 συνάξεις
608 398 863 453 ἐποίουν
902 386 963 451 οὗ
996 396 1159 467 χάριν
1190 399 1288 450 καλ⁴
1320 395 1536 449 πολλῶν
1576 396 1777 450 δεινῶν

1886 394 1954 449 ab
1988 392 2235 449 Ecclesia
2271 392 2528 463 sejuncti,
2592 404 2829 462 synaxes
2856 398 2913 445 et
2969 399 3276 446 conventus
3329 405 3461 446 suos

193 490 596 564 ιπειράθησαν.

778 693 1032 746 ΚΕΦΔΛ.
1067 689 1199 746 AA'.

190 787 336 857 napi
386 783 488 855 τῆς
551 786 616 866 £3-
662 785 930 866 ’Ῥώμης
984 782 1310 866 πρεσϐείας
1342 782 1460 837 τῶν
1509 783 1779 837 εὐσεϐῶν

559 856 715 924 ὑπὲρ
748 853 860 924 τῆς
888 853 1168 908 Ἰωάννου
1207 854 1407 922 δίκης.

263 971 410 1025 Ἀλλ’
443 970 587 1025 οὕτω
634 969 824 1034 κακῶς
859 968 1092 1040 ἐχούσης
1144 972 1242 1035 τῆς
1283 929 1780 1041 Ἐκκλησίαςῖτῇ

188 1081 337 1127 τινες
369 1063 690 1117 ἐπισκόπων
717 1063 813 1117 καὶ
846 1061 1156 1132 κληρικῶν,
1186 1061 1339 1133 ζήλῳ
1376 1060 1508 1134 θείῳ
1553 1063 1777 1132 διαφλε-

89 1175 101 1185 κ
189 1155 404 1219 γέντες,
448 1154 593 1224 ὑπὲρ
625 1152 879 1208 Ἰωάννου
908 1154 1003 1206 καὶ
1036 1151 1138 1221 τῆς
1175 1153 1430 1225 πονηρῶς
1461 1153 1556 1206 καὶ
1576 1154 1779 1219 ἀθλίως

192 1245 429 1315 ἐχούσης
463 1244 817 1315 Ἐκκλησίας.
870 1242 972 1313 τῆς
1018 1242 1092 1297 ἕω
1123 1243 1463 1313 ἀπάραντες,
1494 1244 1594 1316 τὴν
1641 1262 1779 1316 πρε·

193 1336 466 1405 σϐυτέραν
511 1335 936 1405 κατελάμϐανον
981 1334 1226 1405 Ῥώμην,
1275 1336 1370 1389 καὶ
1400 1335 1500 1406 τὴν
1530 1335 1779 1407 χαλεπὴν

191 1429 412 1496 εκείνην
449 1427 763 1498 τραγῳδίαν
817 1426 1422 1498 κατέλεγονιφνωρίῳ
1456 1427 1778 1498 παραστάν-

191 1537 287 1584 τες
318 1521 395 1589 τῷ
424 1519 657 1592 βασιλεῖ,
683 1519 767 1573 ἑτι
795 1520 852 1575 δὲ
881 1519 979 1574 καὶ
1007 1518 1343 1591 Ἰννοκεντίῳ
1368 1519 1447 1592 τῷ
1482 1519 1776 1591 Ῥωμαίων

190 1615 503 1681 ὲπισκόπῳ.
538 1612 695 1667 Μετά
743 1612 854 1683 γὰρ
887 1612 982 1667 τὸν
1034 1613 1204 1666 πολὺν
1257 1614 1471 1666 ἐκεῖνον
1522 1614 1778 1682 Δάμασον

192 1707 440 1777 Σιρίκιος
486 1706 587 1776 τὴν
620 1703 937 1775 ἐπισκοπὴν
982 1704 1279 1773 διεδέχετο.
1338 1705 1546 1758 Τούτου
1590 1705 1645 1758 δὲ
1679 1704 1776 1775 ἐτη

194 1798 598 1852 πεντεκαίδεκα
630 1795 1012 1863 διανύσαντος,
1038 1797 1398 1861 Ἀναστάσιος
1420 1801 1500 1861 είς
1532 1798 1624 1851 τὸν
1653 1798 1778 1871 θρό-

1883 499 2079 557 egere:
2144 499 2308 555 quam
2344 484 2416 540 ob
2476 498 2700 540 causam
2768 483 2971 540 multas
3025 483 3192 539 etiam
3246 486 3456 554 experti

1884 586 2016 633 sunt
2056 592 2352 633 aerumnas.

2438 686 2667 746 CAPUT
2694 687 2886 744 XXXI.

1883 781 1962 837 De
2007 782 2270 854 legatione
2313 800 2477 853 quam
2518 783 2592 854 pii
2626 779 2850 836 Romam
2895 782 2958 835 de
3003 781 3228 836 Joannis
3256 783 3459 853 judicio

2528 854 2808 908 miserunt.

1955 964 2093 1021 Cum
2118 966 2363 1022 Ecclesia
2404 967 2479 1022 ita
2533 940 3164 1038 adimeretur/Episcopi
3227 967 3458 1037 quidam

1881 1071 1939 1119 et
1974 1062 2187 1132 clerici,
2214 1064 2401 1119 divino
2432 1064 2552 1120 zelo
2572 1078 2672 1135 pro
2695 1064 2905 1121 Joanne
2928 1074 2984 1120 et
3004 1064 3271 1129 Ecclesia,
3303 1065 3464 1135 cujus

1885 1166 1996 1210 tam
2032 1157 2213 1212 malus
2243 1166 2295 1212 et
2324 1157 2679 1213 miserandus
2713 1165 2895 1212 status
2925 1166 3093 1224 esset,
3140 1158 3459 1227 ﬂagrantes,

1880 1263 1945 1302 ex
1973 1248 2199 1305 Oriente
2222 1248 2453 1305 Romam
2484 1259 2726 1306 veterem
2759 1259 2890 1306 sunt
2915 1250 3461 1350 profectiygravem-

1879 1355 1987 1409 que
2019 1340 2343 1410 tragoediam
2376 1339 2536 1394 istam
2568 1338 2811 1394 Honorio
2845 1337 3181 1408 imperatori
3200 1347 3255 1392 et
3296 1337 3461 1392 luno-

1880 1433 2063 1485 centio
2098 1430 2281 1486 Romae
2308 1429 2570 1501 episcopo
2595 1439 3117 1488 commemorarunt.
3172 1429 3306 1484 Nam
3334 1437 3460 1499 post

1880 1537 2137 1593 magnum
2158 1523 2311 1578 illum
2346 1521 2921 1589 Damasum,Siricius
2954 1522 3271 1593 quindecim
3298 1522 3460 1576 annis

1879 1614 2255 1683 episcopatum
2290 1614 2606 1670 Romanum
2634 1615 2835 1670 tenuit.
2866 1615 2926 1669 Ei
2954 1625 3136 1670 autem
3170 1613 3454 1678 defuncto,

1885 1706 2200 1762 Anastasius
2232 1710 2561 1776 subrogatus
2582 1718 2685 1762 est.
2720 1706 2823 1779 Qui
2858 1705 3109 1777 ubi-post
3150 1705 3453 1760 triennium

1882 1797 2140 1858 decessit.
2175 1799 2531 1854 Innocentius
2557 1800 2739 1854 locum
2762 1801 2883 1869 ejus
2917 1813 3015 1869 per
3046 1800 3455 1853 successionem

194 1908 288 1943 νον
324 1891 580 1959 ἀνήγετο.
613 1889 772 1945 Μετὰ
799 1890 855 1943 δὲ
890 1887 1084 1943 τοῦτον
1112 1891 1242 1960 τρία
1276 1890 1374 1959 ἐτη
1407 1890 1777 1945 διαϐιώσαντα

1886 1891 2051 1961 cepit.
2083 1889 2220 1946 Tres
2250 1890 2324 1944 illi
2351 1904 2540 1945 secum
2574 1890 2812 1945 attulere
2868 1892 3170 1959 epistolas;
3223 1905 3467 1959 quarum

192 1981 547 2048 Ἰννοκέντιος
586 1986 798 2056 ταύτην
833 1985 1079 2055 ἐπλήρου
1110 1987 1210 2054 τὴν
1252 1985 1534 2057 διαδοχήν.
1575 1988 1684 2040 Καὶ
1713 1987 1777 2051 ἃς

1886 2000 1989 2037 una
2018 1999 2201 2038 aurea:
2235 1983 2382 2037 illius
2414 1984 2614 2054 lingua:
2674 1992 2816 2045 erat,
2870 1982 3215 2036 calamitates
3267 1997 3459 2036 omnes

192 2078 459 2148 ἐφέροντο
502 2077 685 2140 δόντες
716 2078 1039 2140 ἐπιστολάς·
1086 2080 1232 2144 τρεῖς
1278 2078 1321 2129 δ’
1352 2074 1515 2148 ἦσαν,
1560 2073 1634 2134 ὧν
1680 2080 1777 2149 μία

1886 2075 2231 2132 exactissime
2262 2088 2558 2130 recensens
2595 2092 2609 2130 :
2645 2073 2909 2137 secunda,
2944 2074 3112 2128 totius
3141 2072 3459 2129 Constanti-

163 2205 167 2208 ~
194 2166 302 2234 μὲν
332 2166 428 2235 τῆς
449 2167 661 2237 χρυσῆς
691 2171 785 2222 καὶ
810 2166 1058 2237 γλώττης
1096 2168 1314 2237 ἐκείνης
1342 2162 1431 2239 ἦν,
1466 2170 1536 2222 τά
1567 2187 1777 2240 συμπε-

1886 2166 2214 2235 ηοροιὶιεηω
2242 2165 2398 2221 urbis
2429 2164 2562 2221 cieri
2593 2164 2944 2227 communis;
2999 2164 3179 2232 tertia,
3218 2163 3459 2234 quadra-

192 2262 361 2311 σόντα
382 2259 559 2313 πάντα
576 2259 717 2331 πρὸς
748 2259 946 2314 λεπτὸν
974 2259 1220 2314 διιοῦσα’
1256 2260 1393 2330 ἄλλη
1422 2261 1479 2314 δὲ
1509 2261 1663 2331 κοινὴ
1687 2265 1780 2317 τοῦ
1810 2250 1822 2317 ῗ

196 2349 844 2413 κωνσταντινουπόλεως
875 2350 1080 2419 κλήρου
1126 2350 1324 2413 ταντός
1344 2366 1358 2380 ⁸
1386 2331 1548 2422 τρίτη
1588 2352 1643 2405 δὲ
1673 2353 1781 2408 τῶν

1883 2258 2034 2328 ginta
2095 2257 2312 2312 illorum
2348 2256 2762 2328 episcoporum,
2793 2256 2888 2326 qui
2949 2257 3355 2313 communionis
3404 2267 3462 2313 et

1882 2350 2124 2421 partium
2164 2346 2390 2406 Joannis
2416 2359 2596 2405 erant.
2624 2352 2717 2407 Eis
2746 2350 2997 2415 redditis,
3023 2359 3233 2404 tantum
3268 2350 3323 2405 in
3349 2350 3460 2406 illis

191 2442 617 2512 τεσσαράκοντα
650 2442 993 2510 επισκόπων,
1026 2442 1076 2496 οἳ
1109 2442 1211 2512 τῆς
1257 2442 1513 2497 Ἰωάννου
1563 2445 1780 2516 μερίδος

1884 2444 2061 2497 zelum
2091 2441 2488 2508 accenderunt,
2527 2452 2752 2514 prapter
2771 2443 3115 2498 calamitates
3130 2458 3226 2498 eas
3259 2444 3457 2499 dolen-

189 2529 341 2604 ἦσαν
371 2534 468 2588 καὶ
498 2534 819 2605 κοινωνίας..
840 2535 1061 2599 Ταύτας
1090 2535 1156 2603 δὴ
1191 2535 1627 2606 ἐγχειρίσαντες,
1654 2553 1777 2589 τοσ-

1888 2533 2058 2599 tibus,
2099 2542 2162 2590 ut
2190 2535 2354 2590 ambo
2381 2534 2448 2590 ad
2506 2535 2895 2606 imperatorem
2923 2534 3219 2591 Arcadium
3249 2535 3460 2610 littems

188 2628 357 2680 οὖτον
395 2627 556 2697 ζῆλον
610 2629 843 2692 εκείνοις
911 2626 1128 2698 ἀνῆψαν
1198 2628 1617 2700 περιπαθήσασι
1668 2630 1783 2693 τοῖς

188 2719 418 2783 δεινοῖς,
448 2719 525 2784 ὡς
557 2720 651 2774 καὶ
674 2720 845 2790 ἀμφω
877 2720 1155 2793 Ἀρκαδίῳ
1187 2721 1268 2792 τῷ
1306 2722 1519 2792 βασιλεῖ
1549 2724 1783 2793 διαπέμ-
1818 2772 1821 2781 .

189 2812 406 2882 ψασθαι
434 2813 765 2884 γράμματα,
815 2814 907 2867 τὸν
936 2813 1031 2866 ἐπὶ
1074 2816 1185 2877 τοῖς
1228 2814 1648 2886 πεπραγμένοις
1674 2832 1782 2885 μα·
1810 2872 1813 2901 i

190 2908 334 2977 κρδν
364 2905 531 2960 ὕπνον
563 2908 774 2961 ἐκείνου
816 2906 1263 2975 διεγκαλοῦντας.
1313 2908 1580 2978 ᾘτιῶντο
1601 2908 1658 2962 δὲ
1687 2911 1781 2962 καὶ¹
1816 2942 1819 2951 ι

186 3002 299 3073 τὴν
325 3000 588 3071 δευτέραν
617 3000 921 3070 ὑπερορίαν
952 2998 1028 3063 ὡς
1056 3000 1134 3070 μὴ
1162 2999 1385 3069 θεσμοῖς
1406 3000 1782 3073 γεγενημένην

1884 2627 2163 2694 dederint,
2193 2625 2519 2683 diutttrnum
2544 2628 2600 2683 in
2632 2628 2802 2683 rebus
2825 2627 3142 2700 hujusmodi
3199 2643 3457 2685 somnum

1886 2719 2010 2789 ejus
2041 2718 2532 2789 reprehendentes.
2560 2717 2871 2790 Carpebant
2894 2736 3026 2776 vero
3050 2721 3286 2776 alterum
3315 2736 3456 2790 quo-

1885 2824 1993 2877 que
2027 2809 2306 2872 exsilium,
2358 2824 2470 2880 quo
2522 2808 2766 2866 Joannes
2791 2819 2991 2880 praeter
3044 2809 3460 2867 ecclesiasticas

1882 2899 2199 2956 sanctiones
2223 2899 2454 2955 aﬂectus
2490 2900 2670 2956 fuerat
2698 2917 2713 2955 :
2738 2913 2993 2970 oportere
3027 2901 3381 2963 aﬂirmantcs.
3415 2903 3460 2957 si

1885 3008 2007 3062 qua:
2037 2990 2113 3046 illi
2158 3009 2303 3048 verte
2326 2994 2631 3050 honestatis
2656 3003 2714 3049 et
2745 2993 3005 3050 Ecclesiae
3047 2995 3306 3065 tranquill
3334 2997 3463 3053 tatis

186 3094 678 3165 ἐκκλησιαστικοῖς
697 3110 712 3124 ·
747 3095 844 3148 καὶ
882 3092 1107 3164 χρῆναι,
1139 3094 1301 3162 είπερ
1334 3110 1387 3146 τι
1417 3093 1615 3165 ἐκείνῳ
1644 3094 1776 3165 μέλ-

1886 3100 2009 3140 cura
2026 3093 2194 3149 esset.
2219 3084 2383 3158 414
2410 3086 2735 3157 episcopum
2756 3086 2812 3141 in
2835 3084 3022 3141 sedem
3042 3103 3196 3142 suam
3223 3088 3411 3143 reduci
3437 3128 3454 3151 ,

186 3187 293 3240 λον
316 3186 411 3239 τοῦ
443 3202 503 3238 τε
533 3185 738 3256 κυρίως
766 3184 937 3239 καλοῦ
968 3185 1067 3240 καὶ
1093 3184 1196 3253 τῆς
1237 3186 1381 3239 κατά
1417 3187 1519 3257 τὴν
1546 3188 1779 3259 Ἐκκλη-

191 3276 328 3329 σίαν
357 3274 604 3343 εἰρήνης,
637 3275 732 3326 τὸν
783 3273 886 3342 μὶν
930 3272 1080 3342 ἱερέα
1118 3273 1284 3326 πάλιν
1331 3276 1413 3338 εἱς
1444 3274 1537 3329 τὸν
1577 3277 1778 3330 οίκεῖον

189 3365 507 3434 ἐπανάγειν
539 3365 733 3435 θρόνον
754 3380 768 3393 ·
816 3363 1161 3436 ἀθροῖσαικδὶ
1206 3366 1303 3418 καὶ
1339 3367 1484 3420 κατά
1512 3368 1781 3422 Θεσσαλο-

196 3457 368 3526 νίκην
403 3456 644 3521 σύνοδον,
695 3455 793 3511 ἀτε
823 3455 892 3528 δὴ
929 3443 1096 3526 μέσον
1125 3456 1388 3526 κειμένην
1434 3455 1546 3511 τῶν
1600 3457 1662 3522 ἐξ
1704 3458 1779 3513 ἕω

188 3554 299 3605 καὶ
337 3550 558 3621 Ῥώμης
588 3550 834 3620 ἡκόντων
861 3562 876 3578 ⁸
912 3548 1380 3617 μεταστέλλεσθαι
1409 3549 1468 3604 δὲ
1496 3553 1597 3622 τῆς
1628 3550 1781 3606 Ἀλε-

190 3646 437 3717 ξάνδρου
478 3646 574 3701 καὶ
605 3645 894 3716 Θεόφιλον,
924 3645 982 3706 ὃς
1016 3645 1140 3699 τάδε
1174 3646 1355 3701 πάντα
1388 3646 1609 3718 συνέχεε
1631 3662 1645 3678 ·
1683 3647 1780 3703 καὶ

190 3740 393 3794 τοῦτον
442 3738 537 3793 τὸν
580 3740 786 3809 τρόπον
814 3740 1082 3810 κανονικῇ
1116 3738 1216 3792 καὶ
1260 3737 1466 3792 ἀπαθεῖ
1497 3738 1679 3811 διαίτῃ
1709 3740 1778 3793 τά

190 3832 346 3887 κατά
374 3832 468 3885 τὸν
500 3830 755 3899 Ἰωάννην
797 3830 1016 3884 ἅπαντα
1064 3826 1383 3898 εὐθετῆσαι.
1431 3827 1636 3880 Τούτου
1669 3828 1778 3899 γὰρ

189 3922 365 3994 χάριν
400 3917 616 3988 πέμψαι
665 3916 761 3972 καί
803 3932 960 3980 τινας
1007 3914 1120 3968 τῶν
1150 3913 1373 3969 Ἰταλῶν
1414 3914 1777 3976 ἐπισκόπους,

192 4013 511 4083 συνείδησιν
555 4009 768 4079 ἀγαθὴν
811 4008 907 4062 καὶ
934 4007 1142 4078 ἀψευδῆ
1175 4006 1333 4077 δίκην
1363 4007 1486 4069 ταῖς
1523 4004 1777 4077 καρδίαις

190 4106 598 4175 κεκτημένους,
655 4102 865 4169 ελεγον.
912 4098 1149 4153 Τοιαῦτα
1182 4098 1283 4168 μὲν
1315 4096 1587 4169 ’Δρκαδίῳ
1638 4096 1666 4150 ὂ
1713 4111 1774 4149 τε

206 4195 476 4265 Ὀνώριος
525 4196 621 4247 καὶ
658 4190 1006 4254 Ἰννοκέντιος
1057 4188 1341 4259 ἔπεμπονο
1394 4187 1432 4243 ἃ
1464 4188 1521 4242 δὲ
1549 4187 1780 4261 Ἰωάννη

192 4290 299 4345 καὶ
325 4290 436 4350 τοῖς
467 4289 527 4341 ὲν
560 4286 748 4355 κλήρῳ
778 4284 1146 4353 ἀντέγραφον,
1181 4282 1392 4344 τούτοις
1419 4283 1533 4345 τοῖς
1566 4281 1777 4352 ῥήμασι

195 4379 546 4448 περιείχοντο
570 4392 583 4405 ·
612 4376 760 4445 ἀπερ
798 4374 913 4443 ἐγὼ
944 4376 1009 4427 ἐκ
1038 4373 1137 4443 τῆς
1173 4371 1464 4443 Ῥωμαίων
1489 4372 1774 4426 διαλέκτου

1881 3185 1938 3231 et
1967 3177 2239 3247 synodum
2267 3176 2698 3243 Thessalonica,
2738 3193 2862 3249 qua:
2911 3178 2966 3233 in
2996 3179 3180 3234 medio
3215 3194 3247 3233 e
3288 3180 3460 3234 Roma

1880 3275 1936 3321 et
1984 3284 2051 3322 ex
2106 3265 2331 3323 Oriente
2376 3267 2730 3325 venientibus
2765 3270 2860 3334 sit,
2892 3269 3038 3341 cogi.
3091 3270 3458 3342 TbeOpbilunt

1880 3360 2049 3415 etiam
2080 3360 2533 3427 Alexandrinum,
2559 3361 2653 3433 qui
2690 3363 2873 3419 omnia
2918 3378 2983 3419 ea
3014 3364 3348 3429 miscuisset,
3371 3381 3465 3422 ac-

1880 3453 2015 3509 ciri:
2039 3465 2207 3527 atque
2231 3455 2306 3511 ita
2337 3455 2559 3512 demum
2591 3459 2886 3524 canonico,
2908 3460 3185 3531 nullisque
3212 3461 3457 3518 ad‘ectio—

1881 3546 2048 3601 nibus
2075 3555 2337 3617 corrupto
2385 3547 2618 3618 judicio,
2669 3547 2899 3605 Joannis
2952 3565 3174 3606 causam
3235 3567 3459 3608 onmem

1882 3638 1989 3692 rite
2014 3646 2069 3692 et
2100 3636 2297 3694 ordine
2326 3637 2530 3695 decidi.
2559 3637 2732 3709 Cujus
2759 3640 2841 3696 rei
2877 3640 3049 3711 gratia
3084 3657 3144 3698 se
3169 3643 3337 3698 Italos
3356 3645 3458 3699 ali-

1879 3737 2016 3797 quot
2066 3729 2357 3800 episcopos
2384 3728 2606 3786 misisse
2652 3730 3006 3799 addiderunt,
3057 3735 3453 3793 conscientiam

1879 3820 2082 3876 bonam
2112 3831 2168 3876 et
2195 3822 2471 3893 judicium
2501 3831 2713 3879 rectum
2750 3824 2804 3879 in
2846 3826 3110 3881 cordibus
3167 3827 3283 3884 suis
3310 3828 3457 3884 obti-

1880 3924 2101 3971 nentes.
2136 3914 2264 3970 Hec
2315 3917 2399 3972 sic
2457 3915 2525 3970 ad
2556 3915 2852 3971 Arcadium
2906 3919 3185 3974 Honorius
3216 3930 3270 3975 et
3296 3921 3457 3975 Inno-

1878 4005 2093 4060 centius
2120 4009 2412 4078 scripsere.
2444 4006 2575 4075 Quae
2605 4024 2737 4063 vero
2769 4009 2967 4066 Joanni
3012 4010 3177 4066 etiam
3223 4021 3278 4067 et
3306 4014 3460 4068 clero

1882 4099 2243 4169 rescripsere,
2298 4088 2633 4172 eju'scemodi
2699 4103 2886 4158 verbis
2912 4103 3305 4160 continentur:
3334 4123 3459 4176 quas

1879 4203 1981 4257 ego
2009 4204 2075 4244 ex
2102 4190 2350 4245 Romano
2404 4207 2659 4247 sermone
2695 4202 2929 4263 utraque
2990 4196 3044 4250 in
3072 4194 3314 4252 Graecam
3349 4200 3461 4254 liu-

1880 4296 2039 4352 guutn
2093 4281 2354 4336 translata
2413 4284 2641 4351 inveni,
2682 4294 2739 4340 et
2785 4286 3033 4343 historia:
3094 4288 3225 4345 huic
3255 4293 3456 4363 adjeci.

1880 4370 2125 4442 Epistoln
2150 4371 2218 4426 ad
2246 4372 2516 4429 Joannem
2555 4374 2633 4431 sic
2683 4376 2889 4432 habet:

197 4473 443 4542 ἑκάτερα
463 4469 663 4539 εὑρὼν,
694 4472 775 4532 εἰς
800 4466 1040 4538 Ἕλληνα
1066 4466 1320 4535 γλῶσσαν
1344 4465 1780 4536 μεταδληθέντα,
1817 4469 1888 4540 τῇ
1952 4467 2249 4537 συγγραφῇ
2278 4465 2628 4540 παρεθέμην.
2665 4468 2731 4523 Ἦ
2763 4470 2863 4541 μὲν
2883 4469 2976 4526 οὖν
3003 4475 3141 4544 πρὸς
3205 4473 3462 4549 Ἰωάννην

196 4569 412 4633 εγραφε
442 4561 645 4617 τοιάδεσ

792 4651 1046 4707 ΚΕΦΔΛ.
1077 4652 1205 4709 AB’.

207 4750 606 4810 Ἰννοκεντιόυ
633 4746 851 4802 πάππα
897 4743 1122 4813 Ῥώμης
1154 4743 1471 4816 ἑπιστολαι
1497 4742 1606 4799 δύο
1629 4763 1774 4816 πεμ-

270 4821 516 4894 φθεῖσαι
547 4819 627 4884 τῷ
652 4835 716 4894 τε
768 4816 903 4894 ἱερῷ
925 4818 1331 4894 Χρυσςστέμῳ
1382 4815 1452 4868 ἐν
1484 4815 1778 4894 ὑπερορίᾳ

273 4885 564 4959 διάγοντι,
598 4889 695 4943 καὶ
725 4885 805 4953 τῷ
825 4887 1028 4954 κλήρῳ
1053 4885 1160 4954 τῆς
1199 4887 1777 4941 Κωνσταντινουπό-

271 4968 443 5027 leue.

278 5094 297 5128 ι
342 5075 402 5127 Ei
432 5075 528 5127 καὶ
566 5074 746 5128 πάντα
798 5072 883 5125 δεῖ
913 5072 1006 5126 τὸν
1051 5072 1293 5126 ἀναίτιον
1340 5074 1658 5145 προσδοκᾷν
1707 5073 1776 5127 τά

186 5168 443 5242 χρηστὰ,
484 5170 580 5221 καὶ
605 5167 759 5236 παρὰ
786 5164 880 5219 τοῦ
909 5165 1047 5218 Θεοῦ
1088 5166 1178 5218 τὸν
1207 5164 1356 5219 ἔλεον
1381 5168 1580 5231 αἰτεῖν,
1625 5168 1776 5237 ὅμως

188 5262 302 5316 καὶ
330 5260 464 5330 παρ’
509 5258 669 5331 ἡμῶν
723 5261 821 5326 τὴν
854 5256 1210 5321 ἀνεξικακίαν
1263 5258 1771 5328 συμϐουλευόντων,

186 5357 273 5409 τὰ
298 5351 614 5424 καθήκοντα
635 5352 945 5422 γράμματα
968 5352 1055 5404 διὰ
1081 5352 1362 5419 Κυριακοΰ
1392 5352 1488 5405 τοῦ
1516 5353 1771 5406 διακόνου

189 5445 605 5513 ἑξαπέσταλται
626 5460 641 5475 ·
677 5444 818 5497 ὥστε
856 5444 933 5513 μὴ
965 5443 1130 5497 πλέον
1150 5443 1445 5514 δυνηθῆναι
1485 5446 1585 5514 τὴν
1612 5445 1773 5515 ὓὸριν

186 5548 259 5595 ὲν
292 5540 373 5610 τῷ
402 5537 711 5607 συντρίϐειν
737 5536 798 5589 τὸ
823 5537 1027 5605 ἀγαθὸν
1059 5534 1300 5598 συνειδὸς
1327 5537 1384 5588 ὲν
1410 5536 1488 5606 τῷ
1510 5535 1775 5599 ὶλπξζειν.

184 5631 343 5689 Οὐδὲ
376 5630 486 5699 γὰρ
533 5628 769 5698 ὀφείλεις
797 5626 1118 5695 διδαχθῆναι
1155 5626 1183 5678 ὁ
1215 5624 1487 5679 τοσούτων
1523 5624 1668 5676 λαῶν
1699 5624 1772 5676 δι-

186 5724 476 5787 δάσκαλος
506 5724 604 5778 καὶ
633 5723 854 5789 ποιμὴν,
886 5723 1012 5784 τοὺς
1044 5721 1298 5790 ἀρίστους
1324 5721 1411 5773 ἀεὶ
1451 5719 1546 5774 καὶ
1577 5717 1773 5771 πολλά-

1809 4680 1857 4736 D

2437 4659 2662 4717 CAPUT
2684 4659 2903 4717 XXXII.

1878 4748 2178 4826 Innocentii
2236 4768 2390 4821 papa:
2450 4751 2714 4826 Romani
2746 4752 2981 4826 epistola:
3061 4754 3218 4818 dum,
3270 4769 3456 4814 sancto

1949 4821 2323 4904 Citrysostoma
2355 4821 2531 4877 exsuli
2572 4835 2622 4878 et
2665 4821 2808 4878 clero
2855 4824 3457 4896 ConstantinOpolitauo

1953 4906 2145 4946 1111880.
3437 4919 3441 4923 ’

1958 5088 1978 5121 ι
2013 5069 2251 5127 Tametsi
2280 5072 2628 5127 innocentem
2659 5073 2803 5129 bona
2860 5076 3044 5131 omnia
3096 5089 3444 5150 exspectare,

1879 5170 1934 5218 et
1957 5178 1986 5216 a
2011 5163 2119 5216 Deo
2134 5163 2564 5220 misericordiam
2586 5175 2771 5237 petere
2800 5172 3110 5233 conveniat,
3132 5180 3313 5226 tamen
3351 5188 3453 5227 nos

1833 5294 1837 5298 .
1880 5257 2228 5325 quoque,qui
2282 5258 2588 5313 tolerantiae
2631 5260 2895 5314 malorum
2943 5276 3199 5318 suasorcs
3236 5278 3447 5323 sumus,

1878 5348 2089 5403 litteras
2152 5349 2336 5414 hasce,
2379 5366 2480 5420 pro
2508 5366 2577 5407 eo
2636 5364 2803 5423 atque
2831 5354 3039 5417 decuit,
3061 5371 3185 5409 cum
3216 5356 3446 5427 Cyriacu

1881 5439 2115 5495 diacono
2135 5440 2202 5495 ad
2237 5450 2291 5497 te
2329 5442 2600 5507 dedimus,
2638 5459 2711 5499 ne
2765 5444 3210 5500 adversariorum
3246 5446 3447 5516 injuria

1883 5532 2005 5600 plus
2025 5534 2216 5602 possit,
2254 5534 2384 5589 dum
2418 5535 2626 5606 amigit,
2662 5551 2826 5607 quam
2896 5537 3037 5593 bona
3083 5537 3451 5603 conscientia,

1884 5622 2015 5677 dum
2042 5625 2097 5678 in
2145 5639 2240 5694 spe
2269 5639 2397 5681 cum
2427 5628 2517 5683 illa
2552 5628 2812 5683 luctatur.
2849 5628 2969 5683 Non
3012 5628 3161 5684 enim
3199 5645 3341 5700 opus
3365 5639 3450 5685 est

1887 5717 2073 5773 doceri
2101 5728 2174 5784 te,
2217 5727 2296 5774 tot
2349 5723 2675 5793 populorum
2720 5722 3002 5779 ductorem
3033 5730 3088 5779 et
3146 5732 3451 5794 pastorem,
