3898 6192
556 217 686 282 1031

1775 220 2196 283 NICEPHORI
2241 219 2582 278 CALLISTI

3601 227 3697 294 Ῑθῗῖ

549 333 790 402 optimos
835 347 1086 404 quosque
1144 348 1288 403 sape
1321 345 1486 404 atque
1536 335 1673 389 adeo
1728 351 1949 406 semper
2000 351 2121 405 pro-

2237 351 2320 396 χες
2353 331 2768 402 δνλκιμάζεςθαι,
2807 332 2853 384 εί
2891 332 2946 384 ἐν
2978 333 3041 403 τῇ
3076 333 3222 403 ἐκμῇ
3251 333 3336 400 τῆς
3365 334 3595 404 ὑπομονῆς
3624 358 3697 392 1::-

554 425 699 490 bari,
763 441 830 480 an
873 426 930 480 in
993 427 1178 495 vigore
1235 427 1514 494 patientia
1559 428 1878 496 persistant,
1943 442 2120 496 neque

555 516 722 571 alicui
775 517 1028 571 dolorum
1079 517 1253 573 labori
1289 519 1508 574 cedant.
1533 519 1600 574 Et
1623 531 1707 574 est
1753 519 2002 590 profecto
2035 535 2124 574 res

554 609 771 662 stabilis
822 618 876 663 et
935 607 1112 674 firma,
1145 609 1482 666 conscientia
1537 613 1679 667 bona
1713 611 1766 666 in
1799 612 1956 664 malis
2007 625 2130 679 qua

552 699 752 770 injuste
780 701 1052 763 accidunt,
1075 703 1332 758 omnibus
1355 720 1370 758 :
1393 718 1515 772 qua
1547 705 1648 758 nisi
1713 707 1836 774 quis
1869 702 2128 773 patientia

555 801 754 854 vincat,
789 790 1054 846 indicium
1090 793 1155 847 de
1187 809 1245 848 se
1289 794 1443 849 mala
1512 794 1844 864 suspicionis
1895 793 2126 863 prabet.

553 884 744 937 Oana
776 899 1012 954 namque
1046 886 1321 941 sustinere
1377 886 1562 952 debet,
1592 888 1688 957 qui
1725 887 1835 940 Deo
1856 887 2122 954 primum,

552 976 753 1030 deinde
783 992 897 1032 sua
928 992 1148 1047 quoque
1181 980 1405 1035 confidit
1431 980 1814 1036 conscientia.
1852 978 2123 1045 Quando-

549 1073 771 1140 quidem
801 1071 978 1125 bonus
1023 1084 1186 1141 atque
1215 1073 1478 1128 honestus
1501 1075 1586 1127 vir
1614 1073 1862 1127 exerceri
1925 1074 1994 1127 ad
2035 1088 2128 1141 pa-

550 1162 802 1215 tientiam
837 1162 1071 1217 maxime
1119 1173 1316 1232 potest,
1358 1165 1504 1218 vinci
1536 1173 1718 1217 autem
1753 1180 1860 1217 non
1920 1170 2127 1234 potest.

549 1250 688 1305 Nam
738 1261 974 1305 mentem
1022 1253 1142 1323 ejus
1204 1255 1402 1307 divina
1431 1253 1751 1308 custodiunt
1791 1253 2120 1322 Scriptura.

551 1343 848 1397 Abundant
864 1352 1049 1399 autem
1074 1345 1340 1414 exemplis
1362 1345 1630 1400 lectiones
1647 1361 1837 1409 sacra,
1859 1361 1995 1413 quas
2021 1362 2089 1414 po
2106 1373 2129 1386 ς

551 1437 683 1504 pulo
714 1436 1018 1490 tradimus:
1044 1445 1100 1490 et
1128 1451 1320 1492 omnes
1351 1452 1519 1507 prope
1541 1449 1763 1494 sanctos
1788 1437 1956 1491 variis
2005 1452 2126 1491 mo-

558 1529 645 1584 dis
665 1538 722 1583 et
765 1530 1116 1583 continenter
1171 1530 1330 1584 malis
1378 1530 1611 1584 afflictos
1658 1545 1800 1593 esse,
1855 1544 1978 1583 cum
2017 1529 2123 1583 fide

551 1631 880 1676 attestantur
906 1639 920 1687 ;
955 1623 1158 1692 quippe
1183 1623 1276 1689 qui
1308 1632 1565 1691 tanquam
1617 1624 1670 1676 in
1701 1623 1884 1691 aliquo
1914 1621 2124 1694 judicio

558 1712 854 1781 explorati,
895 1716 1110 1766 tandem
1137 1712 1216 1766 sic
1234 1711 1300 1765 ad
1333 1728 1592 1766 coronam
1623 1712 1900 1781 patientia:
1930 1727 2127 1782 perve-

553 1819 704 1858 nere.
730 1803 1058 1858 Consoletur
1092 1803 1257 1874 igitur
1287 1804 1615 1858 charitatem
1644 1813 1818 1871 tuam,
1847 1804 2018 1859 frater
2046 1821 2130 1858 re-

553 1894 977 1958 verendissime,
1001 1896 1341 1950 conscientia
1377 1904 1492 1959 tua,
1521 1912 1640 1965 qua
1674 1897 1726 1950 in
1753 1897 2130 1952 tribulationi-

554 1987 660 2042 bus
705 1987 962 2040 solatium
1016 1987 1239 2041 virtutis
1291 1988 1521 2042 obtinet.
1591 1987 1753 2058 415
1798 1989 2128 2058 InSpiciente

552 2091 792 2146 namque
815 2077 932 2146 ipso
961 2077 1192 2131 Domino
1220 2077 1458 2139 Christo,
1489 2078 1542 2132 in
1573 2089 1738 2147 portu
1782 2078 1953 2148 pacis,
1986 2094 2123 2147 pura

553 2170 830 2223 constabit
856 2168 1216 2222 conscientia.
1250 2187 1267 2220 ι
1304 2169 1427 2223 Hac
1458 2167 1813 2223 Innocentius
1839 2168 1904 2222 ad
1937 2169 2127 2224 divum

553 2259 1003 2330 Cbrysostomum
1033 2260 1276 2329 scripsit.
1306 2260 1546 2328 Epistola
1575 2270 1756 2314 autem
1791 2261 1860 2314 ad
1900 2261 2128 2316 clericos

555 2351 670 2404 hac
698 2359 826 2403 est:
870 2367 888 2398 ι
930 2351 1287 2403 Innocentius
1332 2351 1624 2420 episcopus
1677 2351 2014 2421 presbyteris
2072 2361 2128 2404 et

556 2441 833 2508 diaconis,
865 2441 1076 2512 totique
1106 2441 1252 2496 clero
1277 2452 1332 2496 et
1355 2442 1556 2511 populo
1577 2443 1832 2497 Ecclesia
1863 2441 2128 2498 Constan-

560 2531 962 2601 tinopolitana,
988 2546 1111 2600 qua
1137 2531 1240 2586 sub
1275 2530 1485 2586 Joanne
1511 2535 1768 2603 episcopo
1808 2541 1910 2600 est,
1941 2533 2126 2587 fratri-

552 2621 658 2678 bus
703 2621 936 2689 dilectis,
987 2623 1245 2679 salutem.
1306 2623 1386 2678 Ex
1426 2625 1626 2680 litteris
1679 2625 1996 2681 dilectionis
2030 2642 2125 2682 ve-

557 2727 707 2778 stra,
753 2732 890 2784 quas
947 2733 1047 2786 per
1103 2717 1436 2773 Germanum
1485 2719 1861 2791 presbyterum
1892 2731 1947 2774 et
1989 2718 2126 2774 Cas-

551 2810 767 2862 sianum
820 2808 1111 2864 diaconum
1155 2809 1224 2865 ad
1271 2824 1372 2864 nos
1424 2809 1676 2875 dedistis,
1705 2827 1924 2866 scenam
1957 2813 2128 2866 malo-

553 2915 697 2966 rum,
729 2916 892 2968 quam
924 2901 998 2954 ob
1023 2901 1214 2954 oculos
1239 2901 1518 2971 posuistis,
1552 2902 1718 2956 anxia
1750 2903 2124 2958 sollicitudine

550 2991 782 3058 cognovi
807 3007 822 3044 :
856 2998 910 3044 et
933 2990 1137 3060 quibus
1157 2993 1416 3047 arumnis
1435 2992 1701 3062 malisque
1721 2993 1856 3048 fides
1887 2995 2122 3060 laboret,
2157 3027 2199 3086 ο

557 3083 792 3150 repetita
857 3082 1057 3151 sapius
1118 3083 1356 3138 lectione
1418 3085 1692 3154 perspexi.
1745 3084 1846 3140 Cui
1899 3087 1975 3141 rei
2011 3086 2125 3141 sola

554 3171 836 3239 patientia
883 3171 1185 3225 consolatio
1235 3171 1506 3250 medetur.
1558 3171 1718 3227 Dabit
1775 3171 1920 3227 enim
1971 3172 2124 3226 brevi

551 3263 699 3316 Deus
724 3271 914 3316 noster
936 3261 1330 3316 afﬂictionibus
1363 3262 1526 3316 tantis
1559 3262 1746 3330 tinent,
1768 3279 1904 3333 quas
1952 3264 2125 3318 susti-

549 3355 738 3410 nuisse
794 3352 1062 3423 proderit.
1093 3353 1348 3408 Sedenim
1381 3353 1522 3408 hanc
1552 3355 1725 3423 ipsam
1758 3355 2122 3409 necessariam

547 3446 1004 3510 consolationem,
1034 3445 1088 3499 in
1112 3445 1266 3500 initio
1301 3445 1546 3516 cpistola
1569 3446 1881 3502 dilectionis
1913 3455 2120 3502 vestra

549 3541 800 3608 positam,
832 3539 1123 3594 consilium
1145 3538 1596 3608 propositumque
1625 3550 1866 3594 vestrum
1892 3539 2124 3595 laudan-

551 3640 636 3684 tes
667 3625 1062 3696 intelleximus,
1105 3630 1274 3683 multa
1312 3631 1591 3699 patientia
1616 3631 1929 3686 testimonia
1969 3648 2122 3687 com-

553 3720 902 3788 plectentem.
928 3718 1371 3774 Consolationem
1399 3736 1636 3790 namque
1662 3730 1930 3790 nostram,
1955 3739 2118 3792 quam

549 3811 618 3864 ad
679 3826 777 3865 vos
832 3809 1072 3865 scribere
1125 3810 1437 3876 debuimus,
1502 3813 1700 3866 litteris
1755 3813 1859 3882 ipsi
1925 3815 2122 3869 vestris

552 3903 996 3973 praoccupastis.
1035 3901 1162 3956 Eam
1195 3903 1467 3973 siquidem
1500 3905 1883 3962 laborantibus
1934 3907 2088 3961 Domi
2110 3939 2123 3947 -

551 4014 656 4051 nus
719 4005 908 4050 noster
956 3995 1202 4066 prabere
1240 3997 1562 4066 patientiam
1616 3998 1776 4061 solet,
1807 4008 1866 4053 ut
1896 4001 1951 4054 in
1989 4001 2120 4070 ipsis

552 4089 1006 4142 tribulationibus
1046 4102 1104 4141 se
1133 4086 1280 4156 ipSOS
1315 4087 1516 4142 Christi
1544 4090 1689 4142 servi
1723 4095 1998 4156 solentur,
2029 4108 2120 4146 se-

548 4194 675 4233 cum
698 4179 799 4247 ipsi
831 4187 1174 4248 reputantes,
1196 4177 1388 4232 eadem
1413 4188 1574 4234 antea
1601 4182 1824 4246 sanctis,
1859 4197 1982 4252 qua
2015 4182 2118 4251 ipsi

553 4268 868 4339 patiuntur.
903 4267 1195 4324 accidisse.
1228 4267 1335 4324 Sed
1395 4277 1450 4324 et
1481 4285 1583 4324 nos
1628 4287 1696 4326 ex
1743 4273 1876 4342 ipsis
1912 4274 2115 4328 litteris

551 4359 749 4413 vestris
775 4356 974 4412 afferre
1001 4357 1156 4414 vobis
1185 4359 1440 4412 solatium
1476 4375 1788 4428 possumus.
1824 4363 1942 4417 Non
1971 4365 2116 4419 enim

2227 4369 2460 4439 Χριστοῦ
2503 4369 2681 4422 δοῦλοι
2732 4369 3201 4438 παριμυθῶνται,
3245 4363 3619 4430 ἀναλογιζόμενοι
3645 4356 3677 4402 ἐν
3767 4379 3769 4391 ι

2222 4461 2408 4521 αὑταί,
2449 4461 2543 4512 καὶ
2595 4459 2864 4528 πρότερον
2895 4459 3232 4527 γεγενῆσθαι
3269 4458 3384 4520 τοὺς
3411 4454 3562 4520 ἁγίους
3586 4447 3677 4508 ἅπερ
3765 4473 3767 4485 ί

547 4451 618 4505 ab
651 4466 738 4514 eo,
773 4461 831 4505 ut
855 4450 1009 4505 vobis
1050 4451 1458 4516 condoleamus,
1487 4453 1650 4506 alieni
1679 4469 1908 4510 sumus:
1944 4457 2118 4525 siqui-

547 4543 671 4597 dem
699 4551 756 4595 et
782 4557 882 4596 nos
904 4543 957 4596 in
995 4542 1152 4597 vobis
1195 4542 1514 4613 afﬂigimur.
1551 4543 1686 4610 Quis
1711 4563 1946 4617 namque
1975 4548 2116 4602 ferre

546 4635 739 4705 possit,
763 4651 884 4704 qua
911 4635 980 4688 ab
1012 4635 1118 4688 illis
1135 4635 1517 4705 designantur.
1551 4652 1688 4706 quos
1715 4640 1950 4694 maxime
1981 4657 2115 4696 con-

547 4726 1064 4795 vcniebatpacifica
1085 4727 1506 4796 tranquillitatis
1537 4736 1593 4782 et
1654 4731 1968 4786 concordia
2000 4745 2118 4787 stu-

545 4817 730 4872 diosos
749 4833 870 4873 esse
889 4818 910 4872 ?
928 4819 1083 4874 Nunc
1100 4821 1320 4874 insolito
1343 4837 1494 4876 more
1515 4823 1743 4879 sedibus
1759 4827 2114 4882 ecclesiarum

545 4925 770 4964 suarum
800 4912 1120 4965 innocentes
1155 4911 1456 4981 ejiciuntur
1495 4913 1762 4985 episcOpi.
1803 4919 1956 4982 Quod
1985 4935 2115 4987 sane

544 5005 758 5073 primus
788 5003 956 5057 frater
979 5013 1034 5057 ct
1060 5005 1266 5076 collega
1325 5014 1536 5067 noster,
1584 5008 1881 5078 cpiscOpus
1929 5022 2113 5066 vester

541 5096 800 5156 Joannes,
857 5111 955 5163 per
1021 5096 1277 5166 injuriam
1304 5107 1388 5151 est
1413 5114 1628 5166 passus,
1657 5115 1821 5154 causa
1883 5103 2110 5170 indicta,

543 5199 600 5241 et
626 5187 856 5242 crimine
879 5202 1056 5256 neque
1085 5187 1325 5256 objecto,
1355 5205 1532 5258 neque
1568 5191 1776 5245 audito.
1818 5192 1950 5258 Qua
1987 5210 2115 5248 vero

543 5280 662 5334 hac
718 5278 995 5348 prohibita
1038 5279 1180 5333 ratio
1237 5289 1345 5346 est,
1399 5289 1456 5334 ut
1471 5281 1668 5352 judicii
1695 5287 1970 5353 specimen
2004 5303 2114 5341 nou

543 5383 818 5436 servetur,
871 5380 967 5424 aut
1004 5370 1072 5425 de
1123 5386 1287 5426 causa
1323 5387 1431 5426 non
1472 5377 1773 5442 quaeratur?
1808 5377 1862 5429 In
1932 5379 2114 5432 locum

541 5466 847 5519 viventium
896 5465 1283 5536 episcoporum
1332 5466 1424 5520 alii
1489 5467 1878 5537 subrogantur:
1933 5471 2116 5540 quasi,

544 5555 641 5622 qui
690 5556 759 5609 ab
777 5554 1047 5626 ejusmodi
1096 5555 1318 5612 delictis
1353 5568 1742 5629 prorumpunt,
1784 5577 1814 5614 a
1851 5564 2114 5631 quopiam

540 5646 778 5714 judicari
793 5648 1004 5716 possint
1023 5657 1170 5706 recte
1191 5650 1491 5720 quidquam
1521 5651 1602 5708 vel
1625 5651 1809 5708 dicere
1831 5654 1911 5708 Vel
1934 5656 2112 5710 facere

2240 427 2562 494 ραμένουσι,
2614 425 2711 476 καὶ
2759 424 2940 477 οὐδενὶ
2999 423 3143 495 πόνῳ
3189 425 3522 490 κακοπαθείας
3554 431 3700 483 ὑποπὶο

2238 533 2453 569 πτουσι.
2503 517 2612 570 Καὶ
2661 515 2812 568 ἔστιν
2847 515 2921 577 ὡς
2955 515 3168 582 ἀληθῶς
3200 516 3403 586 βέϐαιον
3445 521 3630 590 πρᾶγμα
3657 524 3699 575 τὸ

2239 608 2475 671 συνειδὸς
2511 611 2592 667 εἰς
2638 607 2816 660 πάντα.
2860 606 2929 658 τὰ
2966 606 3160 668 ἀδίκως
3208 609 3700 682 συμπίπτονταοᾰπερ

2235 703 2282 754 εί
2336 703 2409 771 μὴ
2469 700 2714 768 νικήσειε
2745 716 2832 762 τις
2877 699 3186 767 ὑπομένων,
3236 701 3506 769 τεκμήριον
3547 705 3698 774 φαύλης

2236 793 2566 862 ὑπολήψεως
2621 792 2869 862 ἐκφέρει.
2904 792 3086 845 Πάντα
3111 793 3217 860 γὰρ
3251 793 3512 861 ὑπομένειν
3533 794 3698 862 ὀσείλιι,

2231 887 2310 957 τῷ
2335 885 2454 956 Θεῷ
2485 887 2724 955 πρῶτον,
2759 881 2879 938 εἶτα
2920 887 3012 940 καὶ
3042 885 3120 956 τῷ
3162 885 3270 954 ἰδίῳ
3303 887 3545 949 πεποιθὼς
3574 905 3698 942 συνεί-

2229 977 2371 1032 δότι·
2417 976 2580 1029 ὁπότε
2627 975 2864 1046 μάλιστα
2916 975 3285 1043 γυμνάζεσθαι
3331 976 3402 1037 είς
3441 978 3696 1048 ὑπομονὴνό

2238 1067 2402 1129 καλὸς
2435 1068 2530 1119 καὶ
2570 1066 2775 1134 ἀγαθὸς
2807 1066 3053 1128 δύναται,
3086 1066 3326 1118 νικᾶσθαι
3355 1065 3403 1118 δὲ
3431 1066 3512 1118 οὔ·
3542 1071 3700 1138 ἐπειδήο

2232 1179 2338 1232 περ
2369 1161 2518 1228 αὑτῷ
2551 1160 2647 1229 τὴν
2675 1160 2922 1212 διάνοιαν
2953 1161 3010 1212 αι
3041 1159 3180 1212 θεῖαι
3208 1160 3406 1228 Γραφαὶ
3427 1160 3694 1228 φυλάττουσι·

2233 1251 2621 1321 περιττεύουσι
2649 1253 2757 1321 γὰρ
2785 1248 3179 1318 ὑποδείγμασιν
3205 1252 3254 1304 ai
3281 1251 3409 1304 θεῖαι
3445 1251 3698 1319 ἀναγνώσεις

2227 1345 2292 1408 ἃς
2315 1348 2424 1407 τοῖς
2452 1345 2600 1406 λαοῖς
2634 1342 3048 1411 παραδιδδαμεν
3071 1361 3082 1371 ·
3117 1343 3312 1404 αἵτινες
3345 1343 3520 1406 πάντας
3566 1344 3696 1413 σχεδὸν

2228 1437 2353 1499 τοὺς
2391 1437 2579 1502 ἁγίους
2608 1433 3100 1502 καταπεπονῆσθαι
3131 1434 3388 1504 διαφόρως
3421 1437 3502 1489 καὶ
3523 1437 3696 1504 συνεχῶς

2229 1523 2622 1586 ἐπιστώσαντο,
2652 1522 2748 1575 καὶ
2770 1521 3166 1591 δοκιμάζεσθαι
3193 1521 3424 1591 καθάπερ
3445 1521 3492 1573 ἐν
3515 1539 3598 1573 τινι
3618 1522 3696 1574 δια·

2232 1613 2464 1680 γνώσειο
2517 1613 2660 1666 οὑτω
2698 1630 2757 1665 τε
2803 1613 2883 1672 εἰς
2927 1613 3020 1664 τὸν
3078 1613 3332 1679 στέφανον
3373 1611 3460 1680 τῆς
3491 1612 3694 1680 ὑπομονῆς

2237 1704 2577 1774 ἐληλυθέναι.
2624 1703 3033 1772 Παραμυθείτω
3080 1703 3177 1771 τὴν
3210 1702 3410 1770 ἀγάπην
3441 1719 3516 1754 σου
3541 1703 3638 1753 αὑτὸ
3655 1703 3696 1753 ιδ

2239 1799 2499 1861 συνειδὸς,
2545 1798 2738 1864 ἀδελφέ
2786 1795 3116 1866 τιμιώτατε,
3155 1795 3285 1862 ὅπερ
3309 1797 3360 1846 ἐν
3391 1798 3488 1856 ταῖς
3517 1795 3694 1862 θλίψεσιν

2237 1889 2352 1960 ἔχει
2371 1890 2469 1961 τὴν
2493 1889 2856 1960 παραμυθίαν
2880 1888 2974 1957 τῆς
2999 1887 3228 1956 ἀρετῆς.
3250 1887 3601 1946 Ἐποπτεὺοντος
3617 1887 3692 1952 γὰρ

2235 1981 2329 2034 τοῦ
2369 1982 2642 2034 Δεσπότου
2688 1978 2948 2049 Χριστοῦ,
2998 1981 3058 2031 ἐν
3108 1978 3184 2048 τῷ
3233 1979 3398 2048 λιμένι
3434 1979 3510 2042 τῆς
3535 1979 3693 2045 εἰρήνης

2235 2075 2633 2142 καθαρισθεῖσα
2676 2074 2705 2141 ἡ
2754 2071 3067 2140 συνείδησις
3104 2073 3366 2140 στήσεται.
3407 2089 3422 2122 ι
3456 2070 3595 2121 Ταῦτα
3621 2070 3688 2135 μὲν

2234 2167 2372 2234 πρὸς
2401 2167 2495 2218 τὸν
2523 2165 2668 2218 θεῖον
2702 2164 3097 2234 Χρυσὸστομον
3140 2162 3458 2225 Ίννοκέντιος
3487 2163 3684 2231 ἔγραφεν

2233 2255 2269 2309 ἃ
2297 2256 2478 2309 δὲκαὶ
2519 2255 2656 2326 πρὸς
2695 2255 2824 2316 τοὺς
2871 2253 3196 2323 κληρικοὺς,
3244 2254 3298 2306 ἐν
3352 2251 3529 2313 τούτοις
3565 2246 3681 2319 ἦσαν·

2240 2366 2257 2398 ι
2294 2348 2644 2408 ’Ῑννοκέντιος
2685 2344 3008 2408 ἐπίσκοπος,
3047 2345 3423 2416 πρεσϐυτέροις
3457 2341 3685 2396 2116:416-

2234 2457 2366 2505 νοις,
2399 2441 2492 2494 καὶ
2525 2437 2692 2491 παντὶ
2721 2435 2799 2506 τῷ
2829 2437 3015 2507 κλήρῳ
3043 2439 3137 2490 καὶ
3161 2436 3236 2505 τῷ
3262 2437 3365 2507 λαῷ
3395 2439 3476 2506 τῆς
3504 2435 3684 2486 Κωντανο

2231 2533 2596 2595 τινουπὸλεως
2643 2532 2976 2603 Ἐκκλησίας
3025 2532 3141 2594 τοῖς
3199 2529 3299 2583 ὑπὸ
3353 2529 3431 2581 τὸν
3474 2530 3684 2582 ἐπίσκοπον

2233 2623 2489 2693 Ἰωάννην
2549 2624 2860 2695 ἀγαπητοῖς
2927 2621 3180 2689 ἀδελφοῖς
3244 2619 3449 2690 χαίρειν.
3499 2618 3571 2670 Ἐκ
3615 2616 3685 2668 τῶν

2233 2715 2580 2783 γραμμάτων
2610 2714 2716 2782 τῆς
2742 2713 3017 2783 ὑμετέρας
3058 2713 3297 2782 ἀγάπης.
3338 2713 3474 2765 ἆτινα
3507 2712 3572 2764 διὰ
3595 2708 3687 2776 Γερ-

2237 2804 2408 2874 μανοῦ
2450 2804 2543 2857 τοῦ
2579 2803 2983 2875 πρεσϐυτέρου,
3029 2805 3126 2858 καὶ
3159 2804 3448 2858 Κασσιανοῦ
3476 2802 3548 2855 τοῦ
3565 2801 3688 2854 διακό-

2232 2915 2323 2949 νου
2356 2897 2768 2958 άπεστάλκατε,
2810 2899 2910 2967 τὴν
2941 2899 3153 2965 σκηνὴν
3184 2896 3286 2948 τῶν
3335 2894 3496 2948 κακῶν
3517 2893 3585 2963 ,ην
3620 2893 3689 2957 πρὸ

2231 2985 2340 3038 τῶν
2389 2985 2688 3055 ὀφθαλμῶν
2737 2984 2973 3054 ἐθήκατε
3001 2987 3063 3037 ἐν
3096 2985 3334 3056 μερίμνῳ
3360 2982 3573 3054 φροντίδι,
3598 2996 3687 3031 κατ-

2235 3077 2474 3146 έμαθον·
2535 3079 2692 3141 ὅσαις
2735 3095 2792 3130 τε
2847 3079 2882 3148 ἡ
2921 3077 3112 3140 πίστις
3169 3078 3355 3144 κάμνει
3389 3075 3688 3138 ταλαιπωρίαις

2235 3172 2332 3224 καὶ
2369 3171 2573 3236 πόνοις,
2608 3171 3092 3242 ἐπαναληιρθείσας
3121 3170 3367 3230 πολλάκις
3391 3172 3444 3236 τῇ
3471 3165 3690 3230 ἀναγνώσει

2229 3264 2496 3318 κατεῖδον.
2533 3265 2710 3332 Ὅπερ
2765 3265 2998 3334 πρᾶγμα
3053 3265 3189 3334 μόνη
3238 3264 3268 3332 ἡ
3316 3257 3596 3330 παράκλησις
3625 3254 3688 3318 τῆς

2229 3358 2508 3428 ὑπομονῆς
2561 3359 2731 3412 ἰᾶται.
2786 3355 2960 3409 Δώσει
2990 3356 3107 3428 γὰρ
3155 3357 3213 3408 ἐν
3254 3359 3394 3424 τάχει
3439 3355 3464 3405 ὁ
3501 3352 3688 3420 ἡμέτερος

2227 3452 2358 3515 Θεὸς
2383 3454 2502 3512 ταῖς
2531 3450 2828 3513 τοσαύταις
2856 3449 3076 3519 θλίψεσι
3100 3447 3272 3509 τέλος,
3295 3447 3380 3498 καὶ
3405 3443 3543 3496 ταῦτα
3570 3437 3690 3490 συνοί-

2229 3563 2311 3599 σει
2347 3546 2788 3614 συνενηνοχέναι.
2820 3541 2988 3596 Ἀλλά
3019 3542 3130 3614 γάρ
3163 3541 3328 3612 αὑτὴν
3356 3540 3442 3608 τὴν
3471 3531 3688 3600 ἀναγκαίαν

2228 3637 2598 3706 παράκλησιν,
2631 3638 2688 3687 ἐν
2721 3637 2864 3705 ἀρχῇ
2917 3634 3020 3704 τῆς
3066 3632 3349 3702 ἐπιστολῆς
3386 3629 3470 3697 τῆς
3498 3622 3688 3694 ὑμετέρας

2223 3730 2442 3797 ἀγάπης
2473 3729 2758 3798 κειμένην,
2791 3727 3246 3796 ἐγκωμιάζοντες
3289 3722 3429 3793 ὑμῶν
3454 3721 3534 3788 τὴν
3556 3715 3688 3786 πρόθε·

2226 3837 2309 3873 σιν
2341 3819 2761 3888 ἐπεγνώκαμεν,
2807 3818 3008 3882 πολλὰς
3054 3818 3190 3888 πρὸς
3217 3818 3274 3870 τὸ
3317 3813 3561 3882 ὑπομένειν
3595 3821 3686 3874 μαρ-

2222 3915 2417 3982 τυρίας
2444 3913 2828 3982 περιέχουσαν.
2855 3910 2964 3980 Τὴν
2987 3911 3101 3980 γάρ
3125 3910 3389 3981 ἡμετέραν
3410 3901 3684 3974 παράκλησιν»

2223 4006 2290 4075 ἣν
2321 4006 2608 4073 ὀφείλομεν
2634 4004 2763 4071 ὑμῖν
2795 4004 3134 4069 ἐπιστεῖλαι,
3163 4004 3275 4064 τοῖς
3298 3999 3544 4069 ὑμετέροις
3565 3990 3683 4061 rpite
3776 3997 3777 4021 ‘

2225 4114 2357 4166 μασι
2391 4094 2797 4164 προεφθάσατε.
2849 4095 3070 4164 Ταύτην
3120 4094 3229 4164 γάρ
3275 4094 3380 4154 τοῖς
3424 4081 3684 4155 κάμνουσινὸ

2222 4187 2492 4256 ἡμέτερος
2520 4187 2795 4255 Δεσπότης
2830 4187 3113 4257 ὑπομονὴν
3151 4186 3396 4254 παρέχειν
3433 4173 3680 4231 εῖωθεν·ίιι
3772 4199 3773 4205 η

2225 4281 2321 4330 καὶ
2366 4280 2422 4330 ἐν
2461 4281 2580 4339 ταῖς
2629 4277 2842 4346 θλίψεσι
2896 4280 3284 4346 τυγχάνοντες,
3331 4273 3530 4331 ἑαυτοὺς
3555 4269 3590 4319 οἱ
3622 4280 3677 4314 τιν

2221 4552 2376 4605 αὑτοὶ
2409 4555 2699 4620 πάσχουσι.
2737 4554 2847 4606 Καὶ
2879 4553 3038 4621 ἡμεῖς
3071 4551 3129 4604 δέ
3165 4551 3222 4615 ἐξ
3251 4549 3419 4603 αὐτῶν
3443 4539 3677 4608 τῶνύμιτέ-

2225 4663 2334 4716 ρων
2362 4647 2709 4716 γραμμάτων
2741 4647 3022 4716 δυνάμεθα
3051 4648 3184 4715 ὑμῖν
3215 4643 3537 4714 προσενέγκαι
3558 4630 3673 4698 παρὰ·
3761 4653 3763 4669 ί

2221 4740 2411 4804 κλῃσιν
2433 4752 2445 4765 ’
2475 4738 2533 4788 οὑ
2564 4737 2671 4804 γὰρ
2701 4736 2793 4788 τοὺ
2824 4735 3113 4804 συναλγεῖν
3142 4736 3271 4804 ὑμῖν
3299 4736 3446 4802 ἐσμεν
3470 4729 3672 4790 ἀλλότριον

2223 4826 2520 4894 ἐπειδήπερ
2554 4826 2648 4878 καὶ
2693 4827 2852 4895 ἡμεῖς
2886 4822 3234 4894 κολαζόμεθα
3263 4827 3316 4876 ἐν
3361 4823 3490 4891 ὑμῖν.
3518 4815 3586 4877 τίς
3609 4810 3670 4877 γάρ

2223 4922 2445 4986 ἐνέγκαι
2475 4920 2765 4988 δυνήσεται
2790 4921 2856 4970 τὰ
2877 4919 3368 4988 ἐξαμαρτανύμενα
3400 4911 3666 4965 ὑπ’ἐκείνωνέ
3755 4939 3757 4949 ι

2221 5007 2471 5073 οὕστινας
2521 5009 2691 5079 ἐχρῆν
2727 5009 2968 5078 μάλιστα
3000 5009 3098 5061 τοῦ
3145 5007 3373 5076 γαληνοῦ
3402 5005 3484 5072 τῆς
3510 5000 3665 5067 εἰρήνης·

2221 5103 2318 5154 καὶ
2377 5103 2549 5169 αὐτῆς
2609 5101 2952 5163 σπουδαστὰς
3005 5097 3150 5153 εἶναι
3205 5101 3298 5169 τῆς
3342 5095 3570 5165 ὁμονοίας·
3607 5087 3663 5136 λλ

2222 5193 2613 5265 ἐξηλλαγμένῳ
2653 5196 2841 5266 τρόπῳ
2878 5197 2985 5249 ἀπὸ
3018 5196 3120 5264 τῆς
3167 5197 3444 5267 προεδρίας
3469 5190 3554 5242 τῶν
3584 5184 3662 5234 ἰδίει

2222 5286 2532 5350 ἐκκλησιῶν
2584 5286 2913 5350 ἐξωθοῦνται
2965 5289 3139 5342 ἀθῶοι
3216 5291 3393 5358 ἱερεῖς,
3445 5286 3497 5334 ὐ
3536 5278 3581 5344 δὴ
3621 5273 3662 5320 κεί
3747 5307 3749 5319 .

2223 5379 2436 5450 πρῶτοι
2467 5382 2493 5432 ὁ
2521 5381 2751 5450 ἀδελφὸς
2785 5383 2943 5452 ἡμῶν
2974 5385 3066 5434 καὶ
3095 5379 3485 5448 συλλειτουργδς
3505 5372 3662 5426 Ἰωάν“τῖἐ
3741 5369 3747 5452 ΙΙ

2221 5473 2249 5524 ὁ
2291 5472 2556 5544 ὑμέτερος
2591 5473 2891 5537 ἐπίσκοπος
2949 5474 3148 5538 ἀδίκως
3197 5474 3436 5530 πέπονθε.
3489 5465 3664 5560 μηδεμιῇ

2225 5563 2400 5634 τυχὼν
2423 5566 2740 5635 ἀκροάσεως
2762 5583 2775 5598 ⁸
2813 5569 2966 5620 οὐδὲν
2996 5565 3254 5636 ἔγκλημα
3299 5566 3582 5632 ἐπιφέρεται,
3607 5562 3656 5600 σαί

2225 5659 2590 5714 εἰσακούεται.
2633 5662 2739 5714 Καὶ
2779 5660 2853 5725 τίς
2896 5664 2926 5730 ἡ
2959 5661 3381 5728 ἀπηγορευμένῃ
3412 5655 3591 5706 ἐπίνοια.
3621 5655 3665 5690 ιιι
