3898 6192
260 419 398 482 1033

1170 415 1767 478 ΕΟΩιΕΞΙΑΞΤΙΟιΕ
1806 414 2190 474 ΒιδΤΟΒιιΈ
2234 416 2377 475 LEB.
2420 415 2583 475 ΧΗῘ.

3362 414 3495 479 1034

256 530 333 599 μὴ
362 529 636 598 πρόφασις
689 525 927 596 κρίσεως
964 526 1196 597 γένηται
1230 526 1265 597 ἢ
1299 525 1549 597 ζητηθῇς
1600 525 1693 587 Et;
1736 523 1819 575 τό-

1926 524 2122 590 posse?
2170 524 2461 593 Nunquam
2516 540 2646 579 sane
2702 533 2890 594 patres
2939 531 3153 579 nostros
3188 524 3310 579 talia
3334 542 3494 579 ausos

253 636 393 683 πους
420 617 642 684 ζώντων
671 619 862 689 ίερέων
904 617 1052 672 ἄλλοι
1095 617 1589 672 ἀποκαθίστανται·
1622 616 1698 678 ὡς
1727 616 1822 666 δυο

252 711 506 780 ναμένων
534 711 643 764 τῶν
682 712 745 763 ὲκ
776 709 1024 764 τοιούτου
1063 709 1537 779 πλημμελήματος
1568 708 1823 777 ὁρμωμέ-

251 820 382 865 νων,
413 800 592 873 ὀρθῶς
630 819 685 854 τι
732 802 902 872 ἔχειν,
958 800 992 873 ἢ
1045 800 1392 870 πεπρᾶχθαι,
1439 799 1471 868 ἢ
1521 799 1627 852 ὑπό
1680 816 1824 861 τινος

252 894 555 963 κριθῆναις
584 892 722 947 Οὐδὲ
747 893 857 963 γὰρ
882 891 1103 947 πώποτε
1129 891 1281 959 παρὰ
1304 894 1412 945 τῶν
1433 889 1688 960 πατέρων
1714 888 1826 942 τῶν

251 986 545 1056 ήμετέρων
596 984 829 1038 τοιαῦτα
862 983 1228 1053 τετολμῆσθαι
1273 981 1638 1052 ἐγνώκαμενο
1687 979 1827 1035 ἀλλὰ

255 1077 465 1148 μᾶλλον
499 1076 852 1132 κεκωλῦσθαι
908 1077 970 1129 τδ
1024 1075 1219 1146 μηδενὶ
1271 1077 1352 1138 είς
1400 1073 1570 1128 τόπον
1620 1073 1826 1137 ζῶντος

251 1168 590 1236 χειροτονεῖν
619 1166 782 1221 ἄλλον
807 1165 1060 1220 δεδόσθαι
1087 1165 1362 1231 ἐξουσίαν.
1395 1166 1473 1220 Ού
1501 1166 1612 1235 γὰρ
1640 1179 1826 1235 χειρο-

248 1258 404 1311 τονία
451 1259 714 1328 ἀδόκιμος
761 1257 859 1328 τὴν
899 1257 1071 1330 τιμὴν
1104 1258 1328 1312 δύναται
1378 1255 1679 1325 ἀφελέσθαι
1724 1254 1824 1309 τοῦ

254 1349 475 1421 ίερέωςυ
523 1349 830 1422 ἐπειδήπερ
883 1349 1005 1403 οὐδὲ
1052 1348 1352 1411 ἐπίσκοπος
1404 1347 1631 1403 δύναται
1679 1343 1824 1402 εἶναι

249 1441 487 1505 ἐκεῖνος,
508 1438 569 1504 ὃς
593 1439 797 1505 ἀδίκως
819 1439 1263 1494 ὑποκαθίσταται
1284 1454 1299 1470 ο
1334 1442 1417 1494 ὅτι
1448 1439 1543 1493 καὶ
1574 1438 1824 1510 περὶτῆς

246 1530 360 1583 τῶν
394 1530 645 1585 κανόνων
706 1528 1115 1601 παραφυλακῆς
1155 1529 1370 1593 τούτοις
1424 1529 1538 1583 δεῖν
1588 1528 1826 1582 ἔπεσθαι

247 1622 564 1694 γράφομεν,
614 1622 817 1683 οἵτινες
848 1623 906 1675 ὲν
936 1621 1146 1691 Νικαίᾳ
1190 1620 1330 1674 εἰσὶν
1382 1620 1718 1690 ὡρισμένοι*
1744 1612 1827 1682 οἷς

252 1718 440 1787 μόνοις
475 1717 680 1787 ὀφείλει
715 1715 1159 1785 ὲξακολουθείνή
1194 1714 1463 1785 καθολικὴ
1501 1714 1824 1785 Ἐκκλησία,

249 1809 351 1864 καὶ
398 1808 624 1872 τούτους
662 1806 980 1878 γνωρίζειν.
1037 1807 1097 1859 Εί
1147 1805 1205 1859 δὲ
1258 1806 1441 1877 ἕτεροι
1497 1807 1601 1860 ὑπό
1657 1825 1826 1860 τινων

1926 610 2093 684 416
2123 610 2314 676 fuisse,
2356 615 2449 668 sed
2481 615 2664 683 potius
2693 613 2935 669 vetuisse
2980 615 3362 683 cognovimus,
3428 633 3496 669 ne

1926 707 2012 761 cui
2042 707 2095 760 in
2125 708 2303 761 locum
2324 707 2559 762 viventis
2590 723 2688 777 per
2725 709 3123 763 ordinationem
3156 708 3320 762 alium
3364 711 3489 763 sub

1926 798 2186 853 stituendi
2209 800 2278 854 sit
2294 810 2553 869 potestas.
2576 799 2796 855 Minime
2810 801 2956 854 enim
2974 801 3248 854 ordinatio
3268 804 3495 871 ποι-ρτυικι
3556 858 3559 861 γ

1928 887 2196 944 honorem
2231 890 2474 945 adimere
2509 891 2768 959 episcopo
2802 900 3012 961 potest:
3047 892 3494 960 quandoquidem

1929 994 2107 1049 neque
2131 982 2423 1051 episcopus
2449 981 2538 1036 ille
2571 996 2692 1037 esse
2723 992 2921 1052 potest,
2959 982 3049 1051 qui
3072 982 3258 1052 inique
3293 986 3496 1037 subsli-

1928 1071 2125 1126 tuitur.
2186 1072 2320 1127 Nam
2362 1084 2627 1143 quantum
2659 1075 2724 1127 ad
2771 1089 3042 1128 canonum
3091 1077 3495 1131 obsvrvantiam

1928 1164 2148 1228 attinet,
2184 1165 2488 1220 canonibus
2536 1166 2951 1237 obsequendum
3010 1183 3132 1223 esse
3181 1170 3498 1232 scribimus.

1929 1256 2022 1324 qui
2052 1255 2246 1312 Nicaea:
2287 1268 2415 1313 sunt
2443 1259 2650 1314 decreti
2675 1277 2689 1312 :
2720 1275 2859 1329 quos
2888 1261 3034 1315 solos
3064 1263 3368 1316 consectari
3403 1266 3500 1317 de—

1928 1356 2016 1400 cet
2042 1346 2357 1403 Ecclesiam‘
2373 1351 2717 1413 catholicam,
2746 1360 2803 1405 et
2824 1366 2919 1407 eos
2938 1352 2992 1406 in
3012 1353 3249 1407 medium
3280 1355 3495 1407 aliene.

1931 1434 2029 1491 Sin
2063 1439 2155 1492 alii
2190 1455 2219 1493 a
2252 1440 2580 1509 quibusdam
2616 1442 2993 1512 proferuntur,
3016 1461 3043 1496 a
3074 1444 3309 1499 Nic-cenis
3330 1461 3390 1499 ca
3435 1462 3500 1499 o-

1927 1528 2095 1582 nibus
2138 1529 2512 1597 dissonantes,
2559 1539 2615 1586 et
2652 1533 2942 1588 hazreticos
2966 1544 3220 1589 auctores
3263 1537 3503 1590 referen-

1930 1623 2029 1679 tes,
2069 1617 2105 1672 ii
2140 1632 2170 1671 a
2191 1619 2481 1674 catholicis
2514 1621 2790 1691 episcopis
2822 1622 3174 1694 rejiciuntnr.
3203 1624 3244 1678 ll
3267 1625 3499 1679 l‘l‘t‘iiCO'

1932 1723 2052 1761 rum
2079 1724 2313 1777 namque
2343 1711 2563 1766 inventa
2588 1713 2878 1768 catholicis
2915 1715 3342 1770 canonibusmu
3371 1728 3497 1770 sunt

1930 1798 2291 1857 adnecteada.
2356 1805 2584 1873 Semper
2625 1804 2825 1859 etenim
2876 1805 2952 1860 illi
2983 1821 3081 1875 per
3119 1809 3390 1861 (σιω-σήμ
3446 1819 3501 1860 ct

248 1902 680 1972 προσφέρονται,
716 1901 914 1964 οίτινες
950 1900 1058 1954 ἀπὸ
1087 1898 1196 1952 τῶν
1231 1898 1477 1952 κανόνων
1504 1898 1611 1952 τῶν
1643 1900 1700 1952 ὲν
1727 1898 1819 1951 Νι-

1931 1891 2137 1945 nefaria
2164 1893 2409 1957 decreta,
2438 1895 2663 1950 Patrum
2690 1892 3042 1951 Nicaenorum
3074 1897 3362 1952 consilium
3397 1917 3503 1951 nuo

246 1994 386 2065 καίᾳ
407 1994 763 2065 διαφωνοῦσι,
790 1995 886 2049 καὶ
910 1994 1015 2047 ὑπὸ
1034 1993 1332 2065 αίρετικῶν
1355 1993 1671 2063 ἐλέγχονται
1702 2010 1828 2047 συν-

244 2088 537 2158 τετάχθαι,
584 2087 731 2143 eam
783 2088 940 2159 παρὰ
996 2088 1106 2141 τῶν
1159 2085 1465 2141 καθολικῶν
1506 2087 1827 2141 ἐπισκόπων

245 2181 678 2237 ἀποδάλλονται.
739 2180 824 2233 Τὰ
881 2182 990 2249 γὰρ
1030 2178 1136 2233 ὑπὸ
1168 2179 1277 2232 τῶν
1329 2179 1627 2250 αίρετικῶν
1672 2179 1829 2250 εὗρε-

243 2275 435 2339 θέντα,
470 2272 644 2327 ταῦτα
674 2271 912 2326 οὐκέστι
941 2273 1056 2335 τοῖς
1086 2271 1400 2336 καθολικοῖς
1430 2272 1620 2325 κανόσι
1658 2287 1828 2340 προσ-

244 2365 471 2419 άπτειν.
501 2365 617 2419 ’Δεὶ
637 2365 746 2433 γὰρ
775 2363 865 2418 διὰ
893 2362 1003 2416 τῶν
1026 2361 1294 2416 ἐναντίων
1321 2361 1419 2416 καὶ
1449 2359 1705 2431 ἀθέσμων
1726 2363 1826 2434 τὴν

238 2453 357 2509 τῶν
386 2455 445 2505 ὲν
472 2452 682 2525 Νικαίᾳ
731 2450 920 2522 μειοῦν
953 2449 1154 2521 βουλὴν
1202 2448 1501 2503 ἐθέλουσιν.
1549 2449 1624 2502 Ού
1661 2449 1825 2520 μόνον

240 2542 342 2602 οὖν
376 2549 615 2618 λέγομεν
661 2548 875 2610 τούτοις
930 2546 1007 2617 μὴ
1058 2545 1171 2600 δεῖν
1231 2542 1638 2610 έξακολουθεῖν,
1687 2544 1827 2598 ἀλλὰ

243 2641 456 2711 μᾶλλον
511 2639 712 2703 αὐτοὺς
751 2641 891 2711 μετὰ
940 2638 1238 2710 αίρετικῶν
1296 2640 1392 2691 καὶ
1441 2635 1825 2709 σχισματικῶν

238 2734 542 2804 δογμάτων
566 2728 709 2787 εἶναι
744 2730 1146 2803 κοίτακριτέους
1168 2747 1183 2762 ·
1213 2731 1469 2795 καθάπερ
1498 2734 1594 2787 καὶ
1624 2726 1825 2803 πρότε-

244 2844 344 2900 ρον
397 2827 626 2895 γέγονεν
683 2827 743 2878 ὲν
776 2827 842 2896 τῇ
880 2824 1120 2895 Σαρδικῇ
1155 2824 1361 2895 συνόδῳ
1417 2823 1524 2878 ὑπὸ
1566 2824 1675 2877 τῶν
1718 2826 1826 2892 πρὸ

243 2920 279 2989 ἡ
289 2919 407 2988 μῶν
438 2917 783 2972 ἐπισκόπων.
808 2916 889 2971 Τά
919 2917 1029 2988 γὰρ
1051 2916 1371 2991 πραχθέντα
1396 2918 1824 2987 κατακρίνεσθαι

243 3011 460 3081 μᾶλλον
511 3012 815 3082 προσῆκεν,
854 3010 886 3080 ἢ
939 3009 1202 3080 ἄντικρυς
1234 3009 1344 3063 τῶν
1397 3009 1640 3066 κανόνων
1670 3012 1825 3079 γενό-

243 3122 428 3174 μενα,
473 3103 624 3174 ἔχειν
672 3105 795 3158 τινὰ
826 3103 1179 3175 βεϐαιότητα,
1216 3104 1437 3175 ἀδελφοὶ
1473 3105 1818 3175 τιμιώτατοι.

236 3194 413 3250 Ἀλλὰ
467 3198 520 3250 τί
573 3197 717 3251 κατὰ
767 3197 879 3250 τῶν
930 3197 1193 3250 τοιούτων
1237 3196 1333 3251 νῦν
1382 3197 1442 3251 ἑν
1482 3198 1561 3269 τῷ
1590 3200 1893 3277 παρόντιε

238 3289 589 3357 ποιήσομεν;
624 3285 935 3353 Ἀναγκαία
967 3285 1084 3337 ἐστὶ
1110 3284 1408 3353 διάγνωσις
1443 3287 1725 3358 συνοδικὴ,
1754 3291 1821 3361 ἢν

234 3381 340 3434 καὶ
380 3378 552 3432 πάλαι
582 3377 802 3448 ἔφημεν
833 3377 1287 3447 συναθροιστέαν.
1319 3378 1474 3447 Μόνη
1512 3379 1623 3449 γάρ
1668 3382 1821 3435 ἐστιν

233 3474 370 3544 ἥτις
405 3469 635 3524 δύναται
687 3468 789 3533 τὰς
819 3469 1066 3537 κινήσεις
1097 3467 1207 3522 τῶν
1230 3467 1492 3521 τοιούτων
1525 3472 1822 3524 καταστεῖ-

235 3563 335 3617 λαι
367 3561 737 3632 καταιγίδωνο
781 3555 849 3632 ἧς
905 3561 993 3614 ίνα
1029 3559 1311 3631 τύχωμεν,
1355 3560 1632 3632 χρήσιμον
1681 3561 1820 3624 τέως

235 3652 640 3724 ὑπερτίθεσθαι
661 3650 762 3724 τὴν
792 3651 1042 3722 ἰατρείαν
1078 3653 1142 3723 τῇ
1175 3651 1432 3722 βουλήσει
1452 3651 1549 3706 τοῦ
1576 3652 1819 3722 μεγάλου

233 3747 383 3821 βιοῦ
428 3745 659 3800 καὶτοῦ
710 3744 953 3816 Χριστοῦ
1005 3743 1174 3799 αὐτοῦ
1218 3744 1315 3798 τοῦ
1364 3743 1578 3815 Κυρίου
1635 3745 1815 3815 ἡμῶν.

236 3840 431 3896 Πάντα
457 3842 560 3895 ὃσα
589 3838 688 3893 νῦν
717 3840 796 3908 τῷ
818 3838 997 3909 φθόνῳ
1017 3835 1112 3891 τοῦ
1143 3837 1393 3892 διασόλου
1414 3838 1553 3909 πρὸς
1580 3839 1679 3911 τὴν
1708 3840 1819 3894 τῶν

234 3932 454 3987 πιστῶν
511 3931 849 4000 δοκιμασίαν
915 3932 1294 3999 τετάρακται,
1370 3930 1814 4001 πραῡνθήσεται.

232 4022 411 4077 υύδὶν
438 4022 736 4093 ὀφείλομεν
766 4024 834 4092 τῇ
879 4022 1203 4092 στερρότητι
1247 4022 1349 4091 τῆς
1391 4022 1627 4087 πίστεως
1666 4023 1819 4094 παρὰ

229 4111 333 4167 τοῦ
368 4112 578 4181 Κυρίου
613 4111 939 4167 ἀπελπίσαι.
976 4111 1088 4164 Καὶ
1119 4111 1229 4181 γὰρ
1284 4111 1444 4182 ἡμεῖς
1476 4113 1648 4167 πολλὰ
1695 4131 1819 4168 σκε-

230 4204 512 4275 πτόμεθα,
565 4203 623 4257 δν
679 4204 882 4274 τρόπον
925 4204 960 4274 ή
996 4202 1217 4267 σύνοδος
1238 4205 1639 4275 οίκουμενικῶς
1684 4224 1814 4261 συνο

230 4297 456 4368 αχθείη,
480 4298 633 4359 ὅπως
660 4299 726 4366 τῇ
761 4295 1017 4366 βουλήσει
1066 4294 1160 4349 τοῦ
1192 4295 1329 4350 Θεοῦ
1360 4299 1455 4351 καὶ
1476 4299 1814 4369 ταραχώδεις

231 4388 484 4459 κινήσεις
517 4386 857 4440 παύσωνται.
906 4386 1325 4457 ’Υπομείνωμεν
1365 4387 1459 4442 οὖν
1505 4387 1678 4453 τέως·
1720 4391 1816 4445 καὶ

1929 1996 2101 2036 nuere
2126 1982 2446 2041 intendunt.
2468 1984 2816 2057 Quapropter
2847 2002 2956 2042 non
3011 1988 3187 2044 solum
3223 1990 3327 2043 hoc
3361 1991 3501 2044 dici-

1929 2086 2075 2136 mus,
2111 2071 2243 2128 istos
2275 2075 2615 2144 sequendum
2650 2092 2761 2131 non
2786 2091 2931 2143 esse,
2956 2093 3144 2132 verum
3177 2081 3344 2134 etiam
3374 2098 3499 2135 cum

1928 2161 2272 2219 haereticiset
2290 2166 2659 2224 schismaticis
2683 2184 2778 2224 seu
2805 2169 3112 2226 dissidiosis
3154 2174 3502 2241 dogmatibus

1929 2255 2434 2312 condemnandum:
2460 2258 2918 2328 quemadmodum
2940 2272 3100 2315 antea
3116 2261 3167 2315 in
3192 2262 3258 2317 Sa
3269 2265 3381 2317 rdic
3417 2266 3501 2320 nsi

1928 2346 2163 2400 concilio
2194 2346 2262 2401 ab
2285 2348 2583 2419 episcopis,
2630 2349 2722 2418 qui
2775 2365 2876 2404 nos
2904 2363 3329 2422 praecesserunt,
3381 2356 3499 2410 fac-

1932 2443 2045 2489 tum
2067 2444 2170 2491 est.
2204 2436 2340 2490 Nam
2369 2453 2489 2507 quae
2511 2438 2592 2493 sic
2622 2454 2910 2508 perperam
2940 2439 3497 2507 subintroducuutur,

1928 2528 2101 2600 magis
2168 2529 2432 2584 damnare
2476 2530 2755 2596 convenit,
2791 2546 2954 2598 quam
3024 2540 3081 2585 ut
3115 2547 3236 2601 qua:
3292 2533 3499 2587 directe

1929 2632 2119 2677 contra
2148 2637 2387 2678 canones
2412 2630 2759 2689 statuuntur,
2794 2625 3031 2694 aliquam
3066 2627 3329 2691 habeant,
3391 2629 3501 2680 fra-

1931 2724 2043 2770 tres
2105 2715 2572 2781 reverendissimi,
2650 2714 2989 2771 ﬁrmitatem.
3043 2715 3313 2772 Caeterum
3364 2716 3498 2789 quid

1926 2816 2120 2864 contra
2153 2808 2289 2864 istos
2324 2807 2378 2862 in
2404 2809 2702 2879 praesentia
2728 2807 3051 2880 agendum?
3109 2810 3369 2881 Synodali
3407 2828 3498 2866 co-

1926 2901 2169 2972 gnitione
2194 2916 2438 2972 peropus
2466 2912 2572 2968 εει,
2590 2917 2752 2972 quam
2782 2901 2988 2960 dudum
3005 2904 3168 2958 etiam
3195 2905 3495 2975 cogendam

1926 3009 2048 3051 esse
2073 2997 2412 3057 censuimus.
2448 2994 2575 3051 Sola
2616 2996 2761 3051 enim
2793 2996 2885 3052 illa
2920 2998 3108 3053 talium
3130 2998 3495 3069 procellarum

1926 3101 2109 3149 motus
2143 3097 2327 3164 sopire
2359 3102 2543 3165 potest
2572 3110 2587 3148 :
2618 3111 2782 3166 quam
2824 3105 2887 3152 ut
2927 3095 3305 3163 obtineamus,
3362 3099 3498 3154 utile

1925 3200 2072 3241 nunc
2097 3185 2289 3253 fuerit,
2313 3187 2640 3245 medicinam
2671 3199 2726 3246 et
2754 3205 2913 3260 opem
2965 3190 3108 3248 hanc
3152 3192 3219 3245 ad
3249 3190 3500 3247 volunta-

1927 3288 2035 3335 tem
2069 3283 2250 3352 magni
2282 3282 2377 3338 Dei
2406 3293 2461 3339 et
2489 3284 2694 3341 Christi
2724 3286 2867 3357 ejus,
2928 3284 3147 3341 Domini
3178 3287 3379 3349 nostri,
3411 3303 3499 3341 re-

1921 3372 2088 3428 ferre.
2126 3373 2321 3431 Omnia
2353 3393 2476 3447 qua:
2502 3379 2702 3435 diaboli
2731 3380 2956 3447 invidia,
2998 3381 3066 3435 ad
3121 3382 3364 3437 ﬁdelium
3399 3397 3497 3436 ex-

1921 3468 2288 3537 plorationem
2320 3479 2449 3524 sunt
2474 3472 2821 3539 perturbata,
2870 3473 3239 3542 paeabuntur.
3264 3474 3493 3530 Stabiis-

1925 3566 2039 3613 tate
2082 3558 2212 3614 ﬁdei
2240 3559 2378 3614 nihil
2417 3575 2529 3615 non
2560 3577 2786 3631 sperare
2838 3580 2867 3616 a
2926 3564 3162 3619 Domino
3204 3564 3494 3621 debemus.

1918 3648 2031 3704 Nos
2057 3649 2279 3720 quidem
2337 3652 2574 3707 multum
2628 3654 3001 3712 deliberamus
3046 3666 3103 3711 et
3144 3658 3494 3728 dispicimus,

1920 3744 2198 3815 quomodo
2230 3745 2560 3802 universalis
2584 3749 2829 3819 synodus
2885 3765 3281 3823 congregetur,
3347 3764 3406 3809 ut
3427 3756 3495 3811 de

1920 3837 2203 3895 voluntate
2234 3840 2333 3896 Dei
2373 3841 2679 3897 turbulenti
2714 3843 2805 3903 isti
2843 3858 3025 3904 motus
3043 3863 3490 3917 compescantur.

1919 3933 2112 4001 Itaque
2144 3933 2357 3989 interea
2413 3936 2823 4006 sustineamus;
2874 3949 2931 3995 et
2996 3942 3276 4010 patientiae
3330 3961 3494 4000 muro

1920 4022 2349 4092 circumvallati,
2373 4025 2561 4082 omnia
2584 4028 2791 4084 auxilio
2816 4031 2916 4086 Dei
2947 4033 3124 4087 nostri
3176 4034 3491 4091 restitutum

1918 4114 1989 4169 iri
2056 4130 2362 4186 speremus.
2409 4119 2758 4191 Quaecunque
2812 4137 2945 4178 vero
3007 4139 3104 4180 vos
3156 4128 3494 4184 sustinuisse

1917 4206 2237 4280 scripsistis,
2263 4225 2330 4266 ea
2358 4226 2583 4282 quoque
2605 4215 2791 4270 omnia
2815 4225 3000 4285 antea,
3029 4221 3283 4288 quamvis
3309 4221 3492 4275 diver-

1918 4301 1998 4356 sis
2029 4301 2266 4358 maxiine
2285 4306 2650 4375 temporibus,
2678 4323 2708 4362 a
2728 4309 2954 4380 collegis
2973 4312 3176 4369 vestris
3190 4312 3488 4385 episcopis.

1919 4392 2221 4460 Demetrio,
2260 4394 2488 4467 Eulysio
2516 4406 2574 4453 et
2604 4396 2869 4466 Palladio,
2913 4404 3010 4472 qui
3039 4405 3270 4460 Romam
3318 4400 3490 4462 vene-

228 4481 314 4551 τῷ
369 4479 541 4551 τείχει
595 4482 693 4550 τῆς
745 4478 1031 4548 ὑπομονῆς
1074 4479 1458 4551 όχυρούμενοι,
1499 4483 1815 4556 ἐλπίσωμεν

1925 4499 2075 4555 runt,
2103 4498 2162 4545 et
2215 4490 2506 4547 nobiscum
2539 4492 2791 4559 luerunt,
2820 4498 3273 4565 percunctatione
3321 4515 3491 4556 accu-

231 4575 419 4626 πάντα
448 4576 512 4644 τῇ
542 4572 766 4644 βοηθείᾳ
786 4571 882 4624 τοῦ
910 4571 1047 4625 Θεοῦ
1070 4573 1237 4643 ἡμῶν.
1256 4574 1810 4651 ἀποκατασταθῆναι.

1925 4592 2038 4637 rata
2053 4584 2435 4653 cognovimus.
2460 4602 2479 4637 ι
2524 4583 2688 4656 4ι7
2717 4562 2844 4643 ιιπέ
2868 4598 3020 4652 sunt,
3078 4605 3203 4659 quae
3229 4592 3298 4646 ad
3328 4593 3493 4647 cleri-

228 4667 426 4719 ιιάντα
457 4665 514 4718 δὲ
549 4666 652 4721 ὅσα
691 4666 834 4735 ὑμᾶς
862 4664 1197 4732 ὑφίστασθαι
1229 4668 1516 4739 είρήκατε,
1546 4673 1643 4726 καὶ
1677 4674 1812 4744 πρό..

223 4774 398 4827 τερον
428 4758 855 4828 συνδραμόντων
886 4759 966 4819 είς
989 4758 1088 4829 τὴν
1135 4757 1354 4830 Ῥώμην
1384 4761 1493 4814 τῶν
1522 4765 1809 4838 ὑμετέρων

221 4849 571 4915 ἐπισκόπων,
608 4852 660 4902 εἰ
699 4850 795 4903 καὶ
840 4848 910 4902 τά
958 4850 1194 4919 μάλιστα
1240 4850 1522 4921 διαφόροις
1569 4858 1807 4927 χρόνοις,

1917 4690 2015 4731 cos
2067 4678 2137 4731 ah
2178 4676 2500 4733 Innocentio
2543 4677 2684 4733 datae
2719 4680 2920 4736 litterae
2960 4684 3361 4738 continebant:
3416 4701 3488 4739 ev

1916 4770 2119 4837 quibus
2142 4769 2401 4838 colligere
2426 4770 2575 4836 licet,
2601 4786 2724 4841 qua
2747 4771 2826 4827 illi
2860 4774 3134 4829 sententia
3153 4783 3210 4829 et
3239 4776 3485 4831 studium

1917 4866 1987 4920 de
2000 4860 2209 4918 Joanne
2237 4864 2425 4919 fuerit.
2463 4896 2471 4904 ι

218 4947 479 5011 τουτέστι
509 4948 846 5019 Δημητρίου,
877 4947 1144 5001 Εὐλυσίου
1194 4948 1290 5002 καὶ
1336 4951 1669 5022 Παλλαδίου,
1729 4962 1928 5026 οίτινες
1974 4962 2095 5033 μεθ’
2124 4961 2280 5034 ήμῶν
2329 4957 2502 5034 ἦσαν,
2572 4959 2756 5033 τελείᾳ
2822 4963 3091 5035 ἐρωτήσει
3161 4965 3490 5037 μεμαθήκα-

221 5061 357 5116 μεν.
398 5064 417 5096 ι
457 5044 645 5098 Ταῦτα
677 5046 774 5099 καὶ
811 5047 882 5098 τὰ
939 5045 1076 5114 πρὸς
1116 5046 1243 5110 τοὺς
1285 5047 1590 5120 κληρικοὺς
1626 5053 1986 5128 διελόμσανον
2014 5058 2359 5129 γράμματν
2404 5058 2463 5125 ἐξ
2495 5051 2574 5114 ὧν
2628 5059 2886 5129 συνάγειν
2911 5060 3083 5128 ἔστιν,
3116 5062 3277 5115 ὁποία
3308 5080 3391 5126 τις
3419 5060 3503 5137 ﬁv-

214 5137 427 5208 ἐκείνῳ
451 5139 594 5210 ὑπὲρ
621 5137 870 5193 Ἰωάννου
897 5139 1090 5210 γνώμη
1125 5158 1182 5194 τε
1210 5144 1308 5197 καὶ
1338 5145 1567 5217 σπουδή.

806 5255 1056 5308 ΚΕΦΔΛ.
1092 5254 1217 5310 AF’.

200 5347 365 5419 Περὶ
396 5345 517 5402 τῶν
549 5348 617 5402 ἐκ
659 5347 886 5419 Ῥώμης
905 5346 1239 5419 πρέσϐεων,
1270 5349 1389 5405 ὅσα
1420 5356 1804 5412 πεπόνθασιν

436 5418 767 5482 ὑποϐολαῖς
804 5417 1105 5483 Εὺδυξίας
1144 5420 1243 5473 καί
1273 5420 1568 5478 Ἀττικοῦ.

288 5533 373 5588 Τὰ
413 5530 548 5600 γοῦν
586 5530 815 5585 τοιαῦτα
851 5532 1177 5600 γράμματα,
1213 5531 1293 5587 ἔτι
1333 5535 1387 5588 δὲ
1429 5538 1523 5590 καὶ
1563 5539 1662 5609 τὴν
1703 5539 1803 5610 τῆς

196 5629 442 5685 σ’δνόδυυ
471 5627 677 5697 ψῆφον.
706 5625 741 5697 ἢ
769 5625 856 5679 διὰ
881 5625 981 5696 τήν
1014 5624 1267 5679 Ἰωάννου
1298 5628 1477 5681 αίτίαν
1508 5631 1564 5684 ὲν
1600 5632 1805 5707 Ἰταλίᾳ

290 5769 367 5840 (ι)
389 5765 849 5842 δοιοηιλεοιὶὶιῇι,
880 5764 1171 5842 episcopos
1187 5764 1472 5842 quinque,
1490 5775 1547 5822 et
1573 5769 1802 5842 presby-

194 5834 370 5895 teros
421 5839 563 5892 duos
588 5834 848 5890 Ecclesiae
900 5834 1154 5888 Κυιιι.ιιιί
1186 5834 1492 5893 Honorium
1549 5834 1799 5900 e'tArc'a-

465 5936 735 5994 ΡΑτιιῡι.
769 5937 863 5997 Gn
921 5932 1016 5992 CX
1032 5930 1153 5992 LVI

2444 5265 2673 5323 CAPUT
2718 5268 2958 5329 XXXIII.

1912 5355 1990 5411 De
2020 5356 2211 5428 iegatis
2244 5356 2412 5413 Roma
2445 5365 2641 5425 missis,
2676 5365 2859 5427 qualia
2895 5367 2931 5420 ii
2964 5365 3220 5424 Eudoxio:
3247 5383 3296 5424 et
3328 5375 3485 5428 Auici

2366 5434 2697 5501 suggestione
2729 5437 2834 5488 sint
2867 5439 3029 5506 passi.

1979 5544 2200 5601 Littera:
2233 5546 2363 5616 ipsa
2412 5548 2549 5603 tales
2598 5548 2772 5605 fuere.
2819 5551 3048 5623 Insuper
3102 5572 3235 5611 vero
3291 5563 3482 5631 synodi

1905 5637 2135 5694 decreto
2168 5637 2267 5710 (ί),
2296 5656 2418 5710 quae
2443 5641 2675 5697 Joannis
2696 5658 2857 5700 causa
2888 5645 2941 5699 in
2969 5646 3120 5703 Italia
3142 5662 3329 5708 coacta
3358 5654 3481 5714 fuit.

1906 5774 2059 5828 dium
2100 5788 2223 5860 esse
2265 5777 2665 5860 _missos,_“qni
2713 5781 2896 5836 locum
2927 5793 3236 5860 etqtempus
3289 5791 3480 5860 synodi

1906 5845 2166 5914 cogenda:
2188 5856 2466 5918 peterent,
2507 5845 2604 5906 lib:
2652 5867 2771 5919 vttt,
2800 5869 2923 5923 cap.
2951 5858 3052 5910 ult.

2970 5950 3044 6014 33
