3898 6192
535 366 672 431 1035
1740 358 2154 422 NlCEPlIORl

532 481 587 533 in
618 492 815 533 manus
841 483 1088 545 recepto,
1115 474 1211 529 Dei
1260 488 1449 528 amans
1483 472 1752 544 Eutylius
1794 475 2086 530 Beneventi
2113 479 2162 538 Α

530 570 843 637 episcopus,
871 564 1166 635 Cathegius
1222 575 1281 621 et
1300 563 1657 630 Gaudentius,
1684 579 1807 618 cum
1841 564 2090 620 Valentio

530 672 587 715 et
614 657 894 715 Bonifaeio
927 657 1278 727 presbyteris,
1317 655 1487 710 Roma
1517 655 1834 727 Byzantium
1860 653 2088 724 profecti

533 762 678 809 sunt.
720 749 1099 820 Sequebantur
1122 763 1216 802 eos
1240 748 1500 819 Cyriacus
1528 756 1583 802 et
1615 747 1941 810 Demetrius,
1981 759 2088 800 una

535 858 656 898 cum
713 841 957 897 Palladio
1016 849 1072 894 et
1124 839 1366 910 Eulysio,
1426 839 1518 908 qui
1574 837 1799 893 Joannis
1850 839 2089 908 partium

533 932 763 989 studiosi
829 945 896 985 eo
951 940 1235 993 venerant,
1310 939 1364 983 et
1429 931 1747 1001 tragmdiam
1824 929 2087 985 malorum

533 1038 752 1078 omnem
784 1021 892 1076 illis
931 1028 1318 1089 exposuerant.
1363 1018 1498 1074 Cum
1528 1029 1708 1073 autem
1743 1018 1798 1073 in
1827 1017 2090 1077 Graeciam

532 1113 931 1184 pervenissent,
993 1112 1048 1165 in
1108 1124 1304 1164 manus
1362 1109 1566 1164 tribuni
1613 1108 1936 1180 cujusdam,
1997 1107 2091 1179 qui

535 1207 761 1262 insidias
784 1206 865 1260 eis
901 1204 1225 1270 tetenderat,
1254 1201 1583 1257 inciderunt.
1618 1201 1733 1257 Non
1760 1202 1904 1255 enim
1924 1201 2093 1254 latere

536 1309 836 1368 potuerunt
861 1297 1184 1351 feminarum
1211 1295 1501 1364 pessimam
1531 1293 1833 1349 Eudoxiam
1865 1291 2094 1363 legatio-

535 1393 623 1446 nis
652 1390 770 1460 ejus
804 1387 1081 1441 mandata.
1131 1386 1197 1440 Et
1224 1384 1369 1453 quod
1413 1399 1604 1438 eorum
1655 1382 1942 1437 sententia:
1996 1397 2093 1437 seu

533 1480 790 1543 consilio,
822 1478 916 1547 qui
944 1475 1275 1545 legationem
1306 1488 1426 1527 eam
1477 1472 1760 1537 miserant,
1795 1486 1913 1527 arte
1957 1486 2093 1541 qua-

534 1573 657 1625 alam
691 1572 1089 1629 adversaretur,
1121 1566 1368 1619 actiones
1388 1579 1578 1617 eorum
1608 1561 1899 1617 contrariis
1923 1564 2097 1615 actio-

535 1663 697 1715 nibus
742 1657 1028 1729 praevenit.
1096 1655 1441 1723 Quapropter
1492 1652 1936 1707 Thessalonicam
1990 1651 2096 1706 illis

534 1752 746 1816 videre,
787 1758 954 1817 atque
1001 1761 1153 1815 papae
1201 1744 1434 1807 litteras,
1489 1758 1625 1812 quas
1677 1742 1742 1795 ad
1793 1743 1913 1812 ejus
1943 1741 2096 1795 urbis

536 1843 855 1912 episcopum
888 1836 1149 1907 Anysium
1186 1833 1455 1894 ferebant,
1492 1832 1723 1886 reddere
1762 1832 2091 1902 permissum
2126 1807 2167 1863 ῃ

538 1949 648 1986 nun
681 1939 789 1985 est.
823 1926 930 1982 Sed
962 1925 1183 1981 duobus
1238 1922 1473 1994 navigiis
1506 1922 1769 1992 impositi,
1803 1932 2091 1992 postquam

539 2029 592 2080 in
620 2039 788 2078 unum
807 2037 873 2076 ex
899 2018 1177 2074 suburbiis
1194 2015 1811 2084 Constantinopolitante
1835 2015 2093 2081 civitatis,

538 2114 685 2184 quod
717 2111 955 2179 Athyras
1008 2115 1258 2169 vocatur,
1312 2113 1704 2174 pervenerunt,
1741 2120 1841 2174 per
1876 2104 1985 2158 vim
2038 2104 2095 2158 in

539 2204 847 2263 custodiam
884 2207 1016 2255 sunt
1043 2196 1278 2266 conjecti
1314 2212 1329 2250 :
1383 2195 1588 2264 quibus
1636 2210 1735 2265 per
1764 2195 2095 2250 calumniam

538 2299 816 2370 obiectum
850 2303 954 2355 est,
987 2290 1131 2361 quod
1164 2290 1426 2344 ditionem
1474 2288 1707 2341 alienam
1735 2287 1877 2341 ultra
1909 2286 2099 2341 termi-

538 2405 641 2444 nos
664 2402 795 2443 suos
825 2387 1125 2445 turbarent,
1150 2390 1203 2435 et
1235 2394 1358 2434 cum
1389 2376 1686 2433 Orientalis
1722 2376 1936 2448 imperii
1967 2391 2100 2432 con-

539 2479 765 2534 tumelia
796 2476 870 2531 ibi
898 2474 1181 2529 adessent.
1230 2469 1463 2525 Romani
1521 2467 1706 2538 igitur,
1738 2476 1793 2521 et
1837 2465 2100 2537 Cyriacus

538 2575 859 2644 episcopus,
899 2567 1106 2638 quique
1134 2578 1257 2618 cum
1283 2576 1350 2616 eo
1399 2570 1582 2626 erant,
1610 2559 1838 2613 seorsim
1865 2559 2099 2629 quisque

540 2666 595 2720 in
631 2661 910 2719 custodias
940 2655 1160 2716 inclusi,
1190 2652 1320 2707 torti
1373 2661 1503 2706 sunt
1561 2660 1618 2704 et
1644 2651 1905 2703 aerumnis
1932 2647 2103 2717 pluri-

538 2756 645 2810 mis
664 2751 866 2814 all‘ecti,
902 2754 963 2801 ut
1005 2747 1218 2801 litteras
1269 2742 1537 2812 “agitatas
1571 2738 1904 2811 proferrent.
1941 2739 2103 2794 Post-

541 2861 705 2919 quam
739 2852 920 2898 autem
958 2839 1036 2895 illi
1068 2853 1126 2892 se
1177 2851 1271 2891 eas
1325 2851 1435 2889 non
1501 2833 1654 2901 prius
1708 2830 1936 2886 daturos
1980 2844 2101 2884 esse

542 2941 903 3001 al'lirmaruut,
940 2944 1105 3003 quam
1147 2928 1542 2998 imperatorem
1570 2923 1860 2986 vidissent,
1913 2928 2103 2991 utpote

542 3032 610 3086 ad
648 3043 774 3085 eum
807 3024 996 3096 legati,
1027 3029 1304 3093 postremo
1339 3016 1591 3072 Valerius
1620 3014 1979 3085 quidam,“
2025 3011 2105 3066 fe-

545 3124 707 3177 ritate
736 3127 790 3173 et
824 3112 1112 3171 temeraria
1146 3109 1378 3165 audacia
1416 3122 1617 3160 nomen
1645 3114 1702 3159 et
1723 3103 2100 3159 celebritatem
2130 3126 2173 3182 ε

544 3224 846 3280 aucupans,
867 3203 1108 3277 episcopi
1134 3202 1322 3266 unius,
1350 3199 1494 3271 apud
1515 3212 1677 3268 quem
1700 3196 1896 3251 littera
1922 3203 2103 3258 erant,

546 3306 744 3377 pollice
773 3302 970 3365 fracto,
1024 3296 1225 3364 scripta
1270 3293 1389 3364 ipsa
1443 3300 1498 3346 et
1547 3289 1766 3344 vascula
1817 3287 2103 3360 quaedam,

544 3396 734 3452 adhaec
770 3387 1038 3463 quidquid
1069 3385 1180 3441 illis
1214 3384 1282 3439 ad
1326 3397 1416 3437 res
1452 3381 1796 3437 necessarias
1838 3377 2108 3449 parandas

545 3498 663 3544 erat
686 3485 922 3557 argenti,
973 3480 1025 3535 ei
1057 3477 1265 3548 eripuit
1315 3475 1424 3530 :id
1479 3475 1623 3544 quod
1678 3473 1771 3528 ille
1824 3487 1937 3526 non
1990 3470 2108 3526 sine

546 3579 789 3648 maligno
818 3571 1049 3630 consilio
1078 3569 1232 3633 fecit,
1259 3574 1321 3622 ut
1342 3563 1652 3634 sumptibus
1683 3561 1948 3618 omnibus
1978 3574 2108 3630 spo-

547 3672 690 3736 liati,
748 3667 930 3723 facere
977 3659 1187 3731 aliquid
1240 3658 1341 3723 illi,
1395 3656 1539 3727 quod
1604 3654 1943 3726 prohibitum
2002 3660 2108 3717 est,

550 3759 879 3817 necessitate
904 3754 1281 3822 adigerentur.
1314 3749 1481 3821 5.18
1507 3746 1782 3802 Postridie
1830 3747 1952 3816 ejus
1997 3743 2110 3799 diei

551 3854 643 3908 alii
677 3848 903 3922 plurimi
938 3845 1171 3911 aﬂuere,
1208 3841 1324 3897 sive
1357 3841 1425 3894 ab
1455 3839 1571 3908 ipsa
1604 3839 1867 3901 Augusta,
1909 3850 2009 3891 seu
2044 3835 2112 3889 ab

551 3944 732 3999 Attico
760 3938 915 3995 missi
966 3953 984 3992 :
1048 3935 1143 4006 qui
1197 3932 1268 3988 ab
1324 3929 1438 3986 illis
1482 3929 1786 4000 petierunt,
1818 3933 1881 3981 ut
1936 3925 2113 3979 tribus

552 4035 800 4091 millibus
829 4041 1184 4086 nummorum
1227 4037 1522 4079 aureorum
1565 4021 1828 4091 receptis,
1861 4033 1985 4075 cum
2021 4025 2115 4072 At-

551 4129 662 4181 tico
689 4120 1182 4182 communicarent,
1212 4113 1442 4171 Joannis
1468 4121 1652 4168 autem
1681 4124 1901 4166 causam
1936 4110 2115 4177 despi-

553 4225 763 4273 cerent.
803 4214 921 4267 Hoc
977 4210 1056 4266 illi
1121 4222 1183 4263 se
1232 4207 1477 4262 facturos
1537 4218 1764 4276 prorsus
1820 4213 2109 4276 negarunt.

555 4308 768 4366 Accidit
796 4306 947 4362 enim
1004 4301 1274 4357 divinitus
1300 4297 1585 4367 quiddam,
1638 4296 1787 4367 quod
1813 4310 1936 4351 eam
1997 4308 2111 4349 rem

556 4396 862 4471 prohibuit.
898 4395 1033 4450 Nam
1076 4392 1172 4447 uni
1220 4405 1288 4446 ex
1343 4388 1561 4458 (Emylii
1616 4388 1886 4452 diaconis,
1946 4388 2115 4442 Paulo

556 4491 800 4555 nomine,
830 4488 954 4542 viro
982 4493 1136 4541 casto
1156 4491 1213 4539 et
1240 4481 1550 4545 moderato,
1588 4479 1773 4534 divum
1795 4479 2115 4548 Apostolum

556 4584 787 4640 Paulum
808 4585 1161 4652 apparentem
1186 4572 1393 4630 dixisse
1421 4571 1608 4628 lerunt
1648 4586 1664 4624 :
1704 4588 1725 4621 ι
1765 4569 1959 4625 Videte
1982 4583 2113 4638 quo-

554 4676 718 4731 modo
759 4679 1012 4728 accurate
1043 4672 1163 4740 (seu
1190 4661 1610 4732 circumspecte)
1636 4659 1952 4723 ambuletis,
1999 4659 2120 4714 dies

552 4766 704 4822 enim
732 4763 862 4819 mali
908 4767 1073 4824 sunt;
1110 4776 1131 4809 ι
1191 4754 1517 4827 promissam
1558 4751 1700 4807 forte
1744 4749 1996 4808 fraudem
2038 4750 2119 4805 sie

558 4855 916 4910 iuhibentem.
984 4847 1244 4904 Sedenim
1274 4860 1400 4901 cum
1452 4843 1530 4898 illi
1562 4842 1983 4913 promissionem
2018 4855 2117 4896 seu

552 4945 923 5004 conditionem
951 4941 1190 4998 oblatam
1240 4954 1353 4995 non
1384 4936 1716 5006 reciperent,
1749 4934 1846 4992 sed
1878 4932 2117 4990 reditum

559 5042 613 5094 in
658 5038 959 5093 [tertianam
998 5034 1188 5086 urbem
1223 5028 1479 5098 precibus
1508 5035 1803 5096 peterent:
1842 5024 2118 5089 Valerius,

558 5128 651 5199 q‘ui
699 5124 979 5196 egregium
1016 5119 1152 5173 illud
1198 5117 1301 5171 viri
1346 5115 1541 5184 optimi
1581 5114 1800 5170 facinus
1842 5114 1896 5170 in
1922 5114 2120 5184 pollice

562 5218 816 5291 patravit,
841 5214 908 5268 ad
939 5212 1079 5265 male
1102 5208 1371 5279 agendum
1396 5217 1677 5271 strenuus,
1703 5206 1854 5277 putri
1881 5206 2119 5276 cuipiam

558 5322 611 5366 et
641 5314 910 5364 vetustate
945 5300 1195 5372 squalido
1234 5299 1450 5369 navigio
1494 5313 1591 5352 eos
1621 5298 1967 5360 commissos,
1997 5296 2118 5350 exi-

561 5401 695 5452 tium
727 5396 808 5449 eis
839 5402 1057 5447 struens
1078 5387 1355 5450 videlicet,
1403 5387 1631 5442 Romam
1682 5386 1887 5441 revecti
1930 5384 2117 5456 jussit.

562 5490 638 5542 liii
670 5503 794 5542 cum
830 5498 1047 5541 summo
1088 5480 1332 5551 pericqu
1383 5480 1721 5548 navigantes,
1762 5493 1903 5547 aegre
1958 5476 2121 5533 Latn-

562 5592 783 5647 psacum
843 5576 1191 5645 appulerunt.
1243 5572 1376 5626 lude
1431 5574 1554 5622 navi
1609 5578 1836 5633 mutata,
1879 5578 2117 5639 quatuor

564 5669 840 5723 mensibus
910 5668 1110 5737 elapsis
1179 5667 1404 5720 Ruinam
1485 5678 1805 5733 pervenere,
1874 5670 1930 5715 et
1979 5664 2121 5733 apud

552 5758 939 5814 innocentium
989 5773 1176 5823 papam
1212 5756 1487 5827 sigillatim
1543 5770 1663 5825 quae
1710 5756 1790 5809 eis
1841 5756 2124 5822 accidere;

2199 358 2541 419 carus“
3530 363 3622 428 1035

2191 475 2453 542 συνέστη,
2488 471 2593 525 ἀνά
2632 472 2818 542 χεῖρας
2857 468 3104 534 λαϐόντες
3144 471 3192 524 ei
3228 470 3342 541 περὶ
3370 473 3445 525 τίον
3469 474 3627 548 θεοφιὶῆ

2187 564 2474 637 Δίμύλιον,
2507 560 2828 615 Βενεϐενδοῦ
2859 560 2915 616 δέ
2945 554 3092 623 οὗτος
3121 561 3407 628 ἐπίσκοπος,
3432 565 3630 636 Καθήτιόν

2188 673 2248 710 τε
2292 657 2388 710 καὶ
2430 654 2781 717 Γαυδέντιον,
2827 653 2926 707 σὺν
2968 652 3257 723 Οὑαλεντίῳ
3295 655 3378 708 καὶ
3412 656 3632 730 Romanis

2188 750 2301 812 τοῖς
2349 746 2761 818 πρεσϐυτέροις,
2812 745 2877 797 ἐκ
2910 742 3121 817 Ῥώμης
3168 745 3294 816 πρὸς
3332 747 3386 800 τδ
3420 747 3632 812 Βυζάντιον

2189 840 2380 912 ᾔεσαν.
2424 839 2625 892 Εἵπετο
2666 837 2711 890 δ’
2741 837 2927 899 αὐτοῖς
2964 835 3228 906 Κυριακδς
3264 837 3350 890 καὶ
3381 840 3632 909 Δημήτριος.

2193 929 2408 997 σύναμα
2458 926 2741 994 Παλλαδίῳ
2791 926 2886 979 καὶ
2935 924 3211 996 Εὐλυσίῳ·
3260 925 3305 978 οῖ
3346 927 3429 997 τῆς
3458 929 3632 998 Ἰωάννφδ

2194 1020 2412 1091 μερίδος
2454 1018 2626 1082 ὄντες,
2675 1019 2858 1071 ἐκεῖσε.
2898 1016 2963 1087 δὴ
3007 1016 3369 1086 παρεγένοντο,
3408 1016 3483 1070 καὶ
3514 1019 3636 1074 πάντα

2192 1110 2421 1173 ἐκείνοις
2456 1107 2925 1180 ἐξετραγῴδησαν.
2964 1108 3089 1161 Ἀνά
3118 1107 3173 1161 δέ
3200 1106 3290 1178 τὴν
3323 1106 3509 1161 Ἑλλάδα
3530 1110 3635 1177 γενό-

2194 1217 2367 1271 μενοι,
2393 1201 2496 1255 ὑπό
2519 1217 2621 1253 τινι
2648 1198 2983 1270 ἐνεδρεύοντι
3004 1198 3110 1252 τῶν
3133 1198 3403 1268 χιλιάρχων
3421 1201 3487 1262 είς
3507 1202 3636 1271 χεῖρας

2193 1288 2575 1358 ἐμπίπτουσιν.
2612 1287 2747 1343 οὐδέ
2786 1287 2897 1357 γάρ
2937 1282 3004 1356 ἦν
3036 1287 3214 1341 λαθεῖν
3242 1287 3332 1357 τὴν
3362 1289 3636 1359 πονηροτάτην

2192 1379 2467 1448 γυναικῶν
2501 1379 2758 1444 Εὐδοξίαν
2789 1379 2858 1435 τὰ
2889 1379 2989 1448 τῆς
3032 1378 3368 1450 στελλομένης
3403 1379 3635 1449 πρεσϐείας.

2204 1471 2669 1542 Ἀντιτεχνωμένη
2717 1470 2773 1523 δὲ
2816 1473 2881 1541 τῇ
2926 1469 3120 1542 γνώμῃ
3161 1471 3265 1523 τῶν
3304 1470 3639 1523 ἀποστειλάντων

2194 1562 2538 1632 προέφθανεν
2576 1561 3040 1632 άντιπράττουσα.
3081 1560 3446 1631 Θεσσαλονίκην
3480 1563 3554 1630 μὲν
3578 1557 3639 1614 οὖν

2194 1653 2255 1707 οὐ
2292 1652 2633 1722 συνεχώρουν
2662 1651 2904 1714 ἐκείνους
2941 1651 3071 1704 ίδεῖν
3094 1665 3109 1681 ο
3142 1651 3255 1704 οὐδὲ
3283 1651 3376 1722 γάρ
3404 1654 3434 1706 ά
3459 1653 3559 1719 api;
3581 1651 3640 1704 τδν

2195 1743 2412 1809 ἐκείνης
2445 1741 2743 1795 ἐπίσκοπον
2782 1741 3030 1795 ’Δνύσιον
3062 1742 3154 1795 τοῦ
3190 1742 3371 1796 πάππα
3401 1742 3641 1811 ἐπεφέροντο

2197 1833 2523 1904 γράμματα,
2553 1832 2737 1886 δοῦναι
2764 1831 2912 1886 είων.
2942 1832 3078 1884 Auct
3102 1832 3271 1886 τοίνυν
3295 1833 3468 1895 πλοίοις
3488 1833 3640 1894 τούτους

2198 1924 2586 1988 ἐπιϐαλόντες,
2638 1923 2764 1976 ἐπεὶ
2812 1924 2869 1983 ἐς
2918 1923 3243 1992 προάστειον
3285 1924 3372 1994 τῆς
3413 1923 3641 1989 πόλεως,ὃ

2208 2013 2443 2084 ’Δθύρας
2473 2013 2751 2077 καλεῖται,
2783 2010 3048 2080 ἔφθανον,
3084 2011 3267 2077 βιαίως
3292 2008 3449 2083 εἶργον
3471 2015 3639 2083 φρουρᾷ,

2198 2103 2293 2158 ἅτε
2340 2104 2500 2175 δῆθεν
2546 2103 2837 2175 ὑπερόριον
2882 2105 3230 2173 ἐνοχλοῦντας
3274 2105 3449 2175 ἀρχὴν,
3483 2106 3553 2159 καὶ
3583 2106 3643 2157 ἐπὶ

2200 2195 2356 2266 ὕϐρει
2391 2197 2491 2265 τῆς
2524 2196 2709 2252 ἐνθάδε
2744 2194 3023 2266 βασιλείας
3059 2199 3443 2268 γεγενημένους,
3468 2196 3644 2264 διαϐολὴν

2200 2288 2628 2354 κατεσκεύαζον.
2658 2288 2725 2342 Οἵ
2750 2306 2810 2340 τε
2843 2284 2938 2342 οὖν
2968 2288 3265 2359 Ῥωμαῖοι,
3294 2292 3379 2344 καὶ
3405 2291 3446 2343 oi
3470 2290 3564 2359 περὶ
3585 2290 3644 2342 τὸν

2200 2383 2498 2436 ἐπίσκοπον
2522 2380 2803 2452 κυριακὸν
2823 2381 3231 2449 ἐγκλεισθέντες
3253 2384 3418 2453 χωρὶς,
3436 2382 3645 2452 ὴτάζοντο,

2198 2473 2295 2527 καὶ
2331 2474 2522 2535 δεινοῖς
2564 2472 2839 2535 πλείστοις
2878 2473 3314 2541 περιεϐάλλοντο,
3346 2476 3403 2527 τά
3431 2474 3649 2544 γράμματι

2200 2563 2613 2634 ἀπαιτούμενοι.
2647 2562 2737 2626 Ὠς
2773 2562 2818 2617 δ’
2845 2566 3050 2618 ἐκεῖνοι
3080 2562 3141 2617 τὸ
3175 2566 3247 2635 μὴ
3279 2565 3436 2619 δοῦναι
3461 2564 3650 2633 διισχυρί-

2201 2654 2354 2719 ζοντο
2385 2654 2680 2724 πρότερον,
2714 2654 2763 2706 εί
2796 2654 2871 2722 μὴ
2904 2652 3135 2723 βασιλέα
3165 2655 3446 2718 θεάσαιντο,
3470 2653 3651 2722 πρέσϐεις

2200 2746 2352 2810 ὄντες
2371 2785 2386 2810 ,
2416 2744 2566 2807 τέλος
2596 2743 2891 2814 Οὐαλέριος
2919 2763 3003 2808 τις
3038 2749 3104 2799 ἐκ
3134 2745 3406 2817 θηριωδῖας
3429 2746 3505 2798 καὶ
3528 2743 3656 2811 ἰταμό-

2201 2852 2362 2907 τητος
2391 2835 2560 2902 ὄνομα
2592 2833 2771 2903 ἐαυτῷ
2800 2834 3108 2904 περιθεῖναι
3137 2836 3449 2907 βουλόμενος,
3474 2833 3655 2898 ἐνδςτῶν

2204 2926 2521 2979 ἐπισκόπων
2544 2925 2636 2978 τὸν
2660 2925 2945 2996 ἀντίχειρα
2965 2927 3264 2991 διακλάσας
3287 2921 3448 2999 παρίἶι
3467 2929 3518 2981 τὰ
3533 2927 3656 2996 γράμ-

2210 3034 2351 3090 ματα
2370 3012 2458 3088 ἦν,
2475 3017 2614 3070 αὐτὰ
2629 3033 2688 3071 τε
2711 3016 2962 3085 ἀφείλετο
2983 3019 3055 3072 τὰ
3079 3020 3297 3086 πυκτία,
3314 3021 3395 3073 καί
3411 3037 3508 3073 τινα
3524 3017 3657 3086 σκεύη.

2206 3109 2297 3162 καὶ
2338 3110 2436 3162 ὅσα
2478 3108 2542 3178 δὴ
2591 3109 2726 3178 πρὸς
2770 3107 2971 3177 ὢνησιν
3015 3110 3126 3163 τῶν
3172 3111 3458 3181 ἐπιτηδείων
3491 3110 3662 3180 ἀργύρια

2205 3197 2364 3275 ἦσαν,
2399 3201 2500 3253 οὐκ
2532 3200 2640 3254 ἄπο
2689 3200 2787 3254 καὶ
2816 3201 2974 3254 τοῦτο
3013 3206 3254 3274 πονηρᾶς
3287 3203 3479 3274 γνώμης
3504 3205 3663 3271 διαπρα-

2209 3293 2473 3361 ξάμενος,
2505 3292 2593 3345 ῐνα
2619 3291 2728 3345 τῶν
2755 3292 2892 3360 πρδς
2920 3294 3119 3362 χρείαν
3147 3295 3334 3359 ἐνδεεῖς
3358 3294 3664 3357 καταστάντες,

2207 3384 2413 3455 πρᾶξαί
2439 3400 2492 3436 τι
2519 3382 2630 3436 τῶν
2659 3384 3138 3455 ἀπηγορευμένων
3162 3387 3534 3457 ἀναγκασθεῖεν.
3553 3383 3610 3453 τῇ
3628 3382 3667 3435 δέ

2207 3470 2467 3540 ὑστεραίᾳ
2496 3469 2645 3524 ἄλλοι
2668 3488 2727 3524 τε
2757 3471 3002 3526 πλεῖστοι
3036 3474 3311 3546 παρῆσαν,
3336 3475 3420 3530 εἰτ’
3437 3478 3490 3529 ἐκ
3508 3474 3583 3545 τῆς
3603 3472 3668 3542 βα·

2210 3563 2425 3626 σιλίδος,
2458 3562 2569 3615 εἴτε
2600 3564 2695 3616 καὶ
2718 3562 2851 3633 παρ’
2874 3564 3041 3617 αὐτοῦ
3072 3566 3137 3637 δὴ
3168 3566 3476 3637 πεμφθέντες
3497 3563 3568 3617 τοῦ
3591 3564 3668 3616 ’Δι-

2207 3651 2362 3707 τικοῦ
2386 3669 2400 3684 ·
2427 3651 2479 3706 οῖ
2506 3652 2602 3705 καὶ
2630 3651 2837 3721 ἠξίουν,
2867 3654 3201 3722 τρισχιλίους
3230 3648 3462 3715 λαϐόντας
3485 3647 3670 3723 χρυσοῦς,

2208 3742 2535 3812 κοινωνῆσαι
2568 3741 2668 3810 μιν
2701 3741 2955 3812 Ἀττικῷ,
2983 3744 3091 3813 τῆς
3124 3743 3180 3797 δὲ
3213 3745 3439 3798 Ἰωάννου
3463 3743 3585 3810 δίκης
3604 3754 3670 3791 κα·

2211 3839 2499 3907 ταφρονεῖν
2522 3851 2538 3868 ο
2581 3836 2709 3899 τοὺς
2749 3837 2804 3891 δέ
2846 3839 3084 3909 πάμπαν
3126 3841 3490 3911 ἀπαγορεῦσαι.
3524 3834 3672 3904 Συνέϐη

2211 3929 2392 4000 γάρτι
2422 3929 2518 3982 καὶ
2549 3928 2820 3999 θειότερον
2856 3925 3067 4001 εἶργον,
3107 3933 3250 4004 μάλα
3273 3934 3366 4004 τὴν
3396 3932 3574 4002 πρᾶξιν.
3599 3928 3674 3980 Ἑνὶ

2210 4019 2322 4087 γὰρ
2363 4016 2470 4069 τῶν
2512 4017 2780 4087 Αίμυλίου
2825 4018 3125 4087 διακόνων,
3176 4023 3362 4093 Παύλῳ
3396 4020 3480 4093 τὴν
3515 4018 3674 4087 κλῆσιν,

2216 4108 2454 4179 σώφρονι
2478 4108 2572 4161 καὶ
2601 4108 2804 4178 μετρίῳ
2830 4109 3004 4179 άνδρὶ,
3030 4113 3125 4165 τὸν
3151 4114 3290 4166 θεῖον
3315 4113 3561 4166 ἀπόστολον
3582 4106 3677 4160 Παῦ-

2213 4203 2307 4255 λον
2328 4202 2661 4270 ἐπιφανέντα
2683 4204 2858 4255 εἰπεῖν
2878 4202 3098 4272 λέγεται
3118 4219 3132 4233 ·
3166 4224 3185 4259 ι
3218 4207 3437 4259 Βλέπετε
3459 4204 3552 4265 πῶς
3571 4201 3676 4269 ἀκρι-

2215 4293 2328 4355 ϐῶς
2367 4294 2761 4364 περιπατεῖτε⁶
2793 4293 2850 4346 αί
2887 4294 3093 4364 ἡμέραι
3133 4296 3244 4368 γάρ
3285 4295 3516 4364 πονηραί·
3550 4289 3677 4347 ilco;

2212 4384 2316 4454 τὴν
2343 4385 2552 4456 ὐπεσχη
2562 4385 2730 4454 μένην
2756 4385 2974 4459 ἀπάτην
2998 4387 3285 4457 ἐπέχοντα.
3312 4385 3397 4457 Μὴ
3416 4384 3499 4454 τὴν
3519 4378 3677 4448 εἰσήττγ

2149 4457 2194 4514 D
2221 4494 2307 4529 σιν
2334 4479 2515 4531 τοίνυν
2545 4457 2980 4544 εἰσδεξαμένων,
3009 4478 3148 4531 ἀλλὰ
3178 4479 3281 4550 τὴνί
3304 4480 3358 4540 ἐς
3385 4474 3563 4543 Ῥώμην
3580 4473 3681 4524 ἀντι·

2218 4568 2518 4622 ϐολούντων
2544 4566 2824 4629 ἐπάνοδον,
2855 4567 3186 4639 Οὐαλλέριος
3214 4571 3241 4621 ό
3267 4568 3324 4620 τὸ
3350 4567 3436 4619 τοῦ
3463 4562 3680 4630 ἀντίχειρος

2220 4659 2638 4730 ἁριστούργημα
2674 4659 3197 4731 διαπεπραγμένος,
3232 4658 3395 4719 δεινὸς
3428 4655 3493 4708 ὧν
3518 4652 3588 4705 καὶ
3617 4662 3681 4700 ιιι·

2219 4755 2522 4823 κουργῆσαι
2546 4791 2560 4815 ,
2596 4750 2791 4822 σαπρῷ
2822 4766 2928 4804 τινι
2961 4750 3059 4803 καὶ
3091 4748 3418 4820 γεγηρακότι
3445 4742 3578 4811 πλοίῳ
3600 4734 3680 4789 τώ·

2220 4859 2347 4904 τους
2374 4841 2696 4905 πιστεύσας,
2724 4840 2799 4905 ὡς
2831 4840 2897 4895 ἂν
2928 4840 3188 4910 πρόνοιαν
3219 4837 3477 4898 ἀπωλείας
3500 4841 3683 4901 πραγμα-

2219 4934 2515 5003 τευόμενος
2533 4972 2548 4997 ,
2578 4932 2718 5002 πρὸς
2742 4933 2843 5003 τὴν
2883 4931 3101 5002 Ῥώμην
3129 4930 3421 4999 ἀνάγεσθαι
3450 4916 3680 4992 παρηγγύα·

2221 5026 2333 5080 Καὶ
2360 5024 2425 5094 δὴ
2455 5023 2532 5093 τῷ
2561 5022 2681 5095 πλῷ
2707 5025 2765 5076 ἐν
2797 5022 2915 5094 χρῷ
2945 5023 3193 5076 κινδύνου
3228 5021 3376 5090 μόλις
3397 5019 3456 5086 τῇ
3481 5007 3683 5080 Λαμψάκῳ

2222 5117 2515 5188 προσσχεῖν
2531 5114 2829 5182 ἐξεγένετο.
2844 5114 3088 5171 Ἐκεῖθεν
3098 5114 3155 5166 δέ
3170 5114 3233 5166 τὸ
3246 5111 3456 5165 ἀκάτιον
3468 5098 3684 5173 inmiti?“

2221 5224 2323 5271 νει,
2372 5208 2650 5275 τεττάρων
2698 5206 3115 5276 παρῳχηκότων
3170 5203 3371 5272 μηνῶν,
3419 5198 3505 5266 τὴν
3533 5191 3682 5255 Ῥώμην

2223 5297 2521 5352 κατέλαϐον
2547 5311 2561 5325 ·
2595 5298 2692 5351 καὶ
2725 5286 3059 5367 ἰννοκεντίῴ
3085 5295 3167 5366 τῷ
3194 5295 3387 5364 πάππα
3414 5280 3684 5359 ἐμφανισθέν·

2220 5408 2334 5455 τες,
2365 5390 2506 5443 κατὰ
2542 5390 2708 5459 μέρος
2738 5390 2808 5443 τὰ
2840 5389 3194 5458 συμπεσόντα
3226 5384 3547 5459 ἀνήγγελλον.
3574 5370 3683 5445 μηδὲν

2225 5482 2447 5545 εἰδότες.
2493 5482 2548 5534 εί
2588 5499 2641 5534 τι
2689 5481 2755 5554 δὴ
2797 5485 2910 5546 τοῖς
2960 5481 3083 5549 περὶ
3136 5478 3402 5549 κυριακὸν
3441 5468 3686 5536 ἐπεγένετο·

2225 5575 2360 5630 ἀλλὰ
2391 5575 2525 5645 μηδέ
2560 5577 2690 5643 περὶ⁵
2715 5575 2965 5630 Ἰωάννου
2986 5614 3001 5643 ,
3029 5575 3058 5628 ὃ
3086 5590 3140 5629 τι
3169 5574 3234 5640 δὴ
3263 5570 3404 5640 αὒτῷ
3430 5561 3591 5628 συνίει]
3617 5570 3687 5624 μα’

2227 5665 2339 5719 Θεῐν
2374 5666 2773 5735 ἐξισχύσαντες.
2811 5666 2880 5719 Ἃ
2913 5665 2977 5736 δὴ
3008 5664 3097 5719 τὸν
3131 5664 3337 5732 νωθρὸν
3360 5654 3597 5728 Ἀρκάδων

2226 5757 2468 5827 λάμϐα.ε
2494 5730 2638 5822 ’τέως
2658 5798 2673 5826 ,
2706 5757 2779 5822 ὡς
2816 5730 3045 5828 ὕστερον
3074 5730 3287 5826 ὑπῆρξε
3324 5749 3509 5821 μαθεῖν.
3532 5737 3624 5795 Ἐπὶ
3646 5730 3688 5802 εξ
