3898 6192
318 417 455 482 1ὒ37

1195 419 1786 481 ECCLESIASTIC/E
1826 418 2212 481 HISTORIA?
2250 420 2391 481 LIB.
2440 418 2609 485 XIII.
2712 454 2717 460 -

3419 415 3552 481 i038

309 536 525 599 τούτοις
556 537 786 592 πλεῖστα
812 539 1202 611 ἀγανακτήσας
1230 541 1259 593 ό
1282 542 1383 611 τῆς
1415 537 1637 607 Ῥώμης
1666 537 1886 591 ὲπίσκο-
1914 541 1939 598 Α

2011 538 2399 600 'enuutiarunt,
2476 538 2614 592 nihil
2688 539 2944 601 scientes,
2993 538 3124 608 quid
3187 539 3270 592 vel
3327 538 3551 610 Cyriaco

316 644 419 690 πος
441 625 814 695 Ἰννοκέντιος,
842 632 1056 686 τοιάνδε
1086 630 1413 699 συνθέμενος
1442 630 1543 702 τὴν
1572 629 1884 700 ἐπιστολὴν,

315 718 432 781 τοῖς
463 720 595 789 περὶ
615 716 925 790 Ἃρκάδιον,
947 721 1200 777 Ἀττικόν
1222 738 1281 774 τε
1313 721 1405 774 καὶ
1433 719 1696 788 Θεόφιλον
1721 717 1889 784 ἐξαπ-

318 808 602 876 έστειλεν,
650 811 945 883 ἀφορισμῷ
993 813 1086 866 καὶ
1134 813 1456 882 καθαιρέσει
1506 812 1706 874 αὐτοὺς
1754 811 1888 865 ὑπο-

314 898 623 955 ϐάλλουσαν
650 915 667 931 ·
700 900 797 956 καὶ
840 901 1013 979 ταῦτα
1065 900 1273 974 μαθὼν,
1318 903 1381 955 οὐ
1427 901 1610 972 πολλῷ
1658 901 1889 973 ὓστερον

313 991 413 1045 καὶ
440 992 546 1060 τὴν
578 992 837 1064 τελευτὴν
868 994 945 1065 τῷ
986 995 1161 1064 Πατρὶ
1202 995 1526 1063 ἐπιστῆναι,
1562 993 1658 1046 ἰπὶ
1697 992 1887 1064 πόρῤω

315 1083 417 1151 τῆς
444 1081 663 1152 ἐξορίας
692 1084 1051 1155 ἁπαγομένῳ,
1078 1086 1155 1149 ὡς
1187 1088 1383 1155 μικρὸν
1410 1083 1689 1154 προϊόντες
1717 1080 1889 1150 δηλὼ-

319 1189 512 1240 σομεν.
557 1172 619 1228 Ἦ
653 1175 840 1244 μέντοι
871 1175 1129 1246 ἐπιστολὴ
1159 1174 1373 1237 τούτοις
1404 1175 1518 1237 τοῖς
1549 1175 1759 1245 ῥήμασι
1790 1189 1889 1226 πε-

319 1263 608 1333 ριείληπτο
632 1281 651 1299 ο

1987 629 2220 699 ejusque
2254 628 2575 695 comitibus,
2626 629 2713 683 vel
2743 629 2940 684 Joanni
2972 629 3073 699 ipsi
3105 628 3389 685 acciderit.
3430 629 3553 684 Haec

1991 729 2106 775 tum
2137 736 2361 792 segnem
2410 723 2703 779 Arcadium
2750 724 3003 779 latuere:
3068 724 3121 778 id
3164 723 3308 795 quod
3366 732 3554 793 postea

1989 811 2428 869 animadvertere
2456 814 2633 869 licuit.
2688 813 2852 871 Hisce
2892 832 3026 871 vero
3060 815 3127 871 de
3161 816 3343 871 causis
3376 816 3549 870 Iuno-

1990 904 2208 959 centius
2243 905 2524 960 Romanus
2573 908 2867 978 episcopus
2902 908 3194 976 plurimum
3221 907 3555 977 indignatus.

1989 992 2279 1062 epistolam
2330 995 2687 1064 compositam
2734 997 2801 1052 ad
2836 997 3153 1061 Arcadium,
3206 996 3447 1052 Atticum
3504 1004 3560 1051 et

1994 1081 2363 1154 Theophilum
2395 1084 2565 1149 dedit,
2599 1102 2705 1157 qua
2735 1089 2859 1143 illos
2904 1087 3464 1143 excommunicationi
3504 1098 3559 1142 et

1995 1173 2434 1229 exauctorationi
2464 1175 2724 1246 subjecit,
2785 1192 2910 1231 cum
2943 1177 3164 1246 quidem
3193 1176 3561 1247 cognovisset,

1996 1280 2110 1318 non
2145 1265 2320 1320 multo
2348 1277 2472 1336 post
2513 1268 2732 1325 Patrem
2770 1271 2921 1325 illum
2969 1279 3200 1325 mortem
3235 1269 3562 1339 oppetiisse,

320 1362 378 1414 in
436 1361 656 1432 longius
719 1362 978 1418 exsilium
1065 1362 1407 1430 abductum,
1459 1358 1926 1434 quemadmodum
1970 1361 2256 1430 paululum
2304 1365 2585 1435 progressi
2632 1379 2994 1436 exponemus.
3081 1364 3322 1435 Epistola
3379 1362 3565 1418 verbis

320 1454 639 1525 hujusniodi
669 1459 981 1528 conscripta
1014 1457 1116 1514 fuit
1147 1474 1164 1512 :

899 1575 1155 1632 ΚΕΦΔΔ.
1191 1574 1313 1629 ΛΔ’.

714 1685 1118 1742 ἰννοκεντίου
1170 1687 1389 1741 πάππα
1454 1686 1682 1756 Ῥώμης
1744 1687 1897 1754 πρὸς

398 1757 720 1825 Ἀρκάδιον
762 1757 865 1810 καί
912 1757 1239 1825 Εὑδοξίαν,
1295 1757 1612 1827 ἀφορισμῷ
1668 1756 1844 1811 αὐτοὶ

396 1827 862 1883 ὑποϐάλλουσα.

335 1688 667 1754 Ἐπιστολὴ

406 1961 426 1995 ι
476 1942 634 2011 Φωνὴ
675 1941 911 2011 αἵματος
953 1938 1045 1994 τοῦ
1092 1937 1321 2008 ἀδελφοῦ
1370 1955 1471 2010 μου
1498 1937 1752 1993 Ἰωάννου
1801 1937 1900 2008 βοᾷ

331 2038 469 2107 πρὸς
509 2035 642 2089 Θεὸν
683 2034 830 2088 κατὰ
871 2031 988 2098 σοῦ,
1030 2032 1280 2102 βασιλεῦ,
1322 2031 1399 2095 ὣς
1444 2048 1575 2086 ποτε
1604 2031 1767 2087 Ἅϐελ
1805 2029 1900 2085 τοῦ

330 2129 539 2182 δικαίου
584 2125 727 2181 κατὰ
770 2123 868 2178 τοῦ
918 2124 1310 2192 ἀδελφοκτόνον
1362 2123 1500 2177 Κάῖν
1524 2139 1540 2157 ·
1593 2124 1690 2177 καὶ
1738 2124 1903 2176 παντὶ

330 2220 520 2291 τρόπῳ
546 2216 995 2289 ἐκδικηθήσεται.
1024 2216 1100 2270 Οὐ
1136 2216 1297 2287 μόνον
1320 2216 1376 2270 δὲ
1400 2214 1560 2269 τοῦτο
1585 2213 1899 2285 πέπρακας,

330 2312 470 2366 ἀλλὰ
499 2311 596 2364 καὶ
622 2312 677 2362 ὲν
703 2308 883 2378 καιρῷ
912 2307 1136 2379 εἰρήνης
1162 2306 1404 2376 διωγμὸν
1435 2306 1611 2377 μέγαν
1634 2306 1779 2361 κατά
1803 2306 1904 2376 τῆς

332 2400 427 2455 τοῦ
470 2398 609 2453 Θεοῦ
637 2397 965 2468 Ἐκκλησίας
1005 2397 1101 2452 καὶ
1138 2396 1249 2451 τῶν
1293 2397 1486 2467 ίερέων
1529 2397 1695 2451 αὐτοῦ
1744 2414 1904 2451 συνε-

334 2491 541 2561 στήσω.
566 2488 838 2554 Ἐξέωσας
863 2487 957 2543 τὸν
983 2488 1156 2558 μέγαν
1179 2488 1277 2559 τῆς
1302 2487 1630 2558 οἰκουμένης
1655 2486 1908 2543 διδάσκα-

331 2585 428 2637 λον
454 2585 518 2637 ὲκ
540 2582 634 2637 τοῦ
663 2581 854 2653 θρόνου
884 2580 1050 2636 αὐτοῦ
1077 2580 1338 2652 ἀκρίτως,
1368 2579 1732 2645 συνεκδιώξας
1758 2578 1908 2649 αὐτῷ

337 2673 435 2725 καὶ
475 2672 567 2725 τὸν
608 2671 845 2741 Χριστόν
873 2685 888 2702 ·
929 2669 1053 2723 οὔτε
1098 2670 1211 2740 γὰρ
1256 2668 1430 2733 οὕτως
1471 2668 1738 2740 ὀδύρομαι
1783 2667 1909 2738 περὶ

1844 1774 1968 1856 ῙςΒ

1949 1508 2035 1525 ἐι-α

2422 1565 2590 1639 419
2636 1565 2863 1624 CAPUT
2906 1568 3149 1623 χχχιιι

2003 1679 2253 1752 Epicteto
2287 1678 2596 1752 Innocentii
2637 1696 2791 1752 papa
2830 1681 3056 1735 Romani
3101 1682 3172 1735 ad
3209 1683 3492 1737 Arcadium
3522 1691 3573 1736 et

2132 1749 2456 1814 Eudoxiam,
2489 1749 3021 1805 mommunicationi
3047 1767 3134 1805 eos
3157 1753 3464 1823 subjiciam.

2082 1928 2228 1985 «Vox
2276 1929 2567 1999 sanguinis
2590 1931 2780 1985 fratris
2828 1931 2937 1986 mei
2983 1930 3210 1986 Joannis
3257 1931 3458 1986 clamat
3505 1932 3570 1986 ad

2004 2018 2177 2076 Deum
2226 2029 2420 2077 contra
2477 2031 2554 2087 te,
2607 2038 2642 2078 o
2696 2022 3022 2092 imperator,
3076 2022 3239 2077 sicuti
3296 2024 3576 2092 quaedam

2002 2112 2142 2167 Abel
2165 2111 2304 2181 justi
2356 2123 2550 2168 contra
2580 2113 2914 2182 parricidam
2969 2113 3144 2180 Cain;
3193 2124 3251 2171 et
3301 2115 3349 2170 is
3397 2116 3575 2171 modis

2004 2204 2265 2259 omnibus
2305 2204 2697 2261 vindicabitur.
2724 2205 2838 2262 Nec
2872 2207 2930 2261 id
2961 2206 3127 2262 modo
3159 2206 3455 2273 admisisti,
3478 2209 3574 2263 sed

2003 2296 2169 2348 etiam
2196 2295 2348 2364 pacis
2379 2303 2624 2365 tempore
2645 2296 3085 2367 persecutionem
3107 2312 3359 2368 magnam
3382 2300 3573 2353 adver-

2005 2401 2099 2441 sus
2129 2386 2301 2441 Deum
2345 2396 2403 2442 et
2431 2386 2733 2442 Ecclesiam
2764 2388 2886 2459 ejus
2919 2388 3231 2445 concitasti.
3277 2390 3497 2460 chcisti
3543 2406 3575 2445 e

2008 2477 2211 2533 throno
2242 2491 2368 2542 suo,
2396 2493 2454 2534 re
2483 2494 2593 2534 non
2611 2478 2877 2549 judicata,
2909 2495 3165 2550 magnum
3217 2482 3383 2537 totius
3426 2483 3578 2537 orhis

2007 2569 2314 2633 doctorem,
2343 2581 2399 2625 et
2430 2586 2537 2625 una
2565 2585 2689 2626 cum
2717 2580 2785 2628 eo
2818 2573 3099 2630 Christum
3136 2589 3464 2645 persecutus
3492 2591 3574 2630 es.

2006 2659 2197 2732 Neque
2226 2661 2296 2718 de
2336 2662 2433 2719 illo
2456 2663 2533 2719 ita
2573 2679 2779 2734 queror
2804 2669 3034 2736 (sortem
3064 2668 3236 2733 enim,
3271 2684 3368 2724 seu
3408 2669 3582 2724 haere-

338 2762 553 2816 ἐκείνου
602 2753 789 2832 (οὗτος
837 2760 948 2830 γὰρ
999 2760 1090 2813 τὸν
1142 2757 1341 2830 κλῆρον
1388 2758 1551 2828 ἔλαχε
1610 2757 1750 2828 μετὰ
1798 2757 1908 2811 τῶν

2011 2751 2238 2808 ditatem
2276 2769 2399 2809 cum
2435 2759 2642 2812 sanctis
2669 2759 2939 2827 apostolis
2959 2759 3017 2813 in
3050 2760 3147 2815 Dei
3173 2770 3231 2815 et
3263 2761 3578 2818 Servatoris

340 2851 515 2921 ἁγίων
542 2852 858 2907 ἀποστόλων
884 2852 942 2904 ἐν
967 2853 1034 2922 τῇ
1059 2848 1152 2905 τοῦ
1182 2850 1317 2905 Θεοῦ
1347 2851 1443 2905 καὶ
1472 2850 1723 2921 Σωτῆρος
1751 2849 1912 2920 ἡμῶν

2012 2845 2186 2900 nostri
2209 2845 2337 2902 Jesu
2359 2845 2566 2903 Christi
2603 2863 2775 2919 regno
2805 2862 3138 2907 consecutus
3166 2858 3299 2922 est),
3330 2855 3582 2924 quamvis

340 2943 520 3016 Ἰησοῦ
555 2941 798 3013 Χριστοῦ
837 2941 1160 3014 βασιλείᾳ),
1195 2941 1299 2999 κᾶν
1398 2942 1673 3012 ἀφόρητος
1703 2942 1739 3012 ἡ
1774 2958 1915 3013 συμ-

2015 2934 2383 2991 intolerabilis
2397 2937 2615 3008 jactura
2646 2954 2709 2994 ea
2741 2938 2813 2994 sit
2846 2957 2861 2995 :
2893 2944 2989 2997 sed
3022 2941 3235 3012 all‘ligor
3264 2954 3582 3014 propterea,

344 3037 532 3108 φορά·
571 3035 711 3091 ἀλλὰ
749 3033 1041 3105 ὓλίὸομαι,
1081 3035 1386 3103 φροντίζων
1426 3034 1641 3104 πρῶτον
1682 3033 1782 3105 μιν
1814 3033 1915 3105 τῆς

2016 3027 2163 3097 quod
2214 3027 2457 3097 primum
2505 3029 2575 3085 de
2635 3030 2942 3087 animarum
3009 3043 3314 3089 vestrarum
3366 3036 3583 3113 salute.

347 3124 628 3195 σωτηρίας
664 3123 772 3178 τῶν
804 3123 1085 3194 ὑμετέρων
1117 3121 1327 3192 ψυχῶν,
1362 3122 1456 3177 καὶ
1487 3122 1621 3193 περὶ
1650 3123 1761 3177 τῶν
1794 3139 1917 3177 στε-

2019 3119 2220 3173 deinde
2241 3118 2311 3173 de
2331 3119 2412 3175 eis
2437 3120 2532 3190 qui
2559 3121 2987 3191 sapientissima,
3011 3125 3284 3194 spirituali
3314 3134 3369 3179 et
3396 3125 3585 3182 divina

349 3215 628 3288 ρηθέντων
673 3217 767 3269 καὶ
819 3212 1178 3284 λιμωξάντων
1223 3214 1324 3282 τῆς
1371 3212 1584 3269 ἑκείνου
1634 3213 1912 3281 πανσόφου

2020 3211 2270 3267 doctrina
2306 3222 2363 3268 et
2425 3213 2774 3271 institutione
2803 3217 2924 3288 ejus
2977 3217 3177 3283 orbati,
3231 3217 3373 3273 fame
3436 3220 3589 3275 verbi

348 3307 444 3360 καὶ
488 3302 866 3375 πνευματικῆς
911 3304 1063 3367 θείας
1101 3302 1324 3373 διδαχῆς
1364 3304 1462 3359 καὶ
1498 3301 1804 3367 νουθεσίας.
1838 3302 1914 3357 Οὐ

2021 3302 2117 3359 Dei
2152 3305 2552 3373 coniiciuntur,
2586 3322 2708 3364 sum
2740 3309 3034 3365 sollicitus.
3068 3309 3189 3365 Non
3217 3312 3363 3365 enim
3400 3312 3592 3368 rei-ele-

345 3398 459 3467 γὰρ
511 3396 673 3467 μόνον
712 3396 745 3466 ὴ
789 3392 1443 3449 Κωνσταντινουπολιτῶν
1485 3393 1750 3463 ἐκκλησία
1793 3393 1917 3463 ἐζη-

351 3487 537 3559 μιώθη
576 3488 677 3557 τῆς
716 3486 927 3541 ἑκείνου
972 3486 1298 3557 μελιρῥύτου
1339 3484 1608 3555 γλώττης,
1646 3485 1783 3539 ἀλλὰ
1826 3485 1919 3539 καὶ

347 3583 503 3636 πᾶσα
536 3582 570 3651 η
608 3579 833 3649 ὑφήλιος
868 3581 1187 3653 ἐχήρευσεν,
1207 3579 1521 3634 ἀπολέσασαι
1556 3577 1797 3633 τοιοῦτον
1830 3577 1919 3631 ιν-

2021 3392 2104 3448 sia
2141 3404 2353 3449 tantum
2379 3394 2993 3469 Constantinopolitana
3036 3403 3257 3457 mellitas
3290 3403 3441 3458 illius
3484 3404 3595 3459 lin-

2022 3499 2144 3557 gnte
2182 3487 2456 3557 iacturam
2479 3488 2635 3549 fecit.
2661 3491 2755 3545 sed
2785 3499 2840 3545 et
2872 3492 3023 3547 orbis
3058 3492 3161 3546 sub
3186 3494 3301 3547 sole
3350 3504 3495 3548 tutus
3526 3495 3593 3549 ad

2024 3577 2321 3634 orbitatem
2369 3581 2631 3637 redactus
2669 3591 2776 3648 est,
2830 3585 2945 3638 viro
2982 3594 3090 3637 tam
3133 3584 3320 3639 divino
3365 3588 3593 3653 amisso,

352 3677 479 3731 θεον
507 3675 705 3746 ἄνδρα,
738 3674 1024 3744 πειθηνίας
1060 3675 1190 3744 μιᾶς
1218 3671 1479 3741 γυναικὸς
1508 3669 1920 3741 παραχωρησά-

353 3787 457 3841 σης
485 3768 644 3825 τοῦτο
676 3765 932 3835 γενέσθαι
963 3767 1027 3821 τὸ
1057 3764 1557 3838 δραματούργημα.
1593 3762 1738 3834 Πλὴν
1767 3761 1922 3816 ἐκδέ-

352 3864 521 3936 ξηταε
562 3861 663 3932 τὴν
706 3859 958 3915 ιντεῦϐεν
1002 3859 1274 3929 τιμωρίαν
1323 3859 1420 3913 καὶ
1464 3856 1566 3927 τὴν
1621 3855 1922 3925 μέλλουσαν

2027 3859 2358 3921 praesentem
2397 3852 2486 3908 hic
2531 3868 2750 3922 poenam
2801 3867 2858 3908 et
2907 3855 3152 3910 futurum
3198 3859 3595 3928 sempiternum

352 3953 712 4024 ἀτελεύτητον
747 3953 1006 4017 κόλασιν,
1036 3951 1099 4004 οὗ
1136 3950 1276 4018 μετὰ
1310 3949 1511 4011 πολλὰς
1543 3946 1749 4011 ταύτας
1782 3946 1918 4015 ἡμέ-

2030 3942 2366 4012 supplicium
2400 3958 2514 3999 non
2543 3954 2667 4014 post
2702 3946 2905 4001 multos
2958 3948 3126 4003 hosce
3178 3949 3297 4003 dies
3341 3950 3392 4005 ei
3434 3952 3601 4005 adve-

359 4064 461 4119 ρας
510 4044 886 4116 ἐπερχομένην
934 4044 1094 4112 αὐτῇ.
1149 4043 1215 4095 Εἰ
1261 4040 1371 4108 γὰρ
1421 4039 1518 4093 καὶ
1566 4039 1597 4092 ό
1651 4039 1924 4108 μακάριος

2033 4035 2210 4090 niens.
2249 4035 2492 4092 Tametsi
2538 4037 2687 4092 enim
2735 4040 2928 4092 beatus
2971 4038 3213 4095 Joannes
3251 4042 3421 4096 vitam
3467 4044 3602 4097 reli.

368 4138 624 4209 Ἰωάννης
665 4137 760 4190 τὸν
801 4137 917 4206 βίον
957 4133 1242 4199 κατέλιπε,
1282 4134 1382 4203 τὴν
1424 4131 1612 4185 πίστιν
1651 4131 1920 4202 τηρήσας,

2032 4125 2172 4195 quit,
2219 4125 2327 4182 lide
2356 4136 2596 4191 servata,
2625 4137 2680 4183 et
2709 4126 3106 4185 ﬂuctuantibus
3139 4134 3511 4199 confirmatis;
3544 4138 3600 4191 in

358 4231 461 4286 καὶ
499 4228 758 4299 στηρίξας
793 4227 922 4289 τοὺς
961 4225 1389 4292 σαλευομένουςο
1429 4221 1546 4276 ἀλλ’
1572 4224 1654 4285 εἰς
1688 4221 1927 4291 ἄληκτον

2032 4228 2235 4274 εισι-ηε
2263 4230 2444 4274 tamen
2476 4219 2676 4275 saecula
2708 4221 3173 4290 sempiternarum
3200 4224 3519 4281 deliciarum
3547 4239 3605 4283 ct

359 4319 536 4374 αιῶνα
571 4321 671 4387 τὴν
707 4316 1053 4385 ἀδαπάνητον
1088 4311 1304 4383 τρυφὴν
1339 4310 1437 4366 καὶ
1473 4310 1742 4366 ἀθάνατον
1781 4308 1928 4381 ζωὴν

2035 4307 2363 4364 immortalis
2389 4309 2514 4365 vita
2539 4310 2921 4367 baereditatem
2951 4322 3037 4369 est
3063 4324 3419 4370 consecutus.
3449 4317 3601 4373 Nova

361 4406 827 4477 ἐκληρονόμησεν.
870 4401 934 4457 Ἦ
977 4401 1038 4457 δὲ
1081 4405 1179 4457 νέα
1226 4397 1453 4462 Δαλιδὰς
1498 4397 1746 4463 Εὔδοξία,
1788 4399 1928 4452 κατὰ

2036 4409 2220 4455 autem
2251 4401 2419 4457 Dalila
2460 4401 2729 4469 Eudoxia,
2750 4418 2873 4473 quae
2897 4405 3156 4475 paulatim
3186 4416 3239 4463 te
3268 4410 3476 4464 erroris
3507 4427 3602 4464 seu

363 4499 562 4571 μικρὸν
586 4497 665 4568 τῷ
691 4494 836 4566 ξυρῷ
858 4495 960 4565 τῆς
989 4493 1200 4563 πλάνης
1229 4491 1516 4563 ξυρήσασά
1541 4508 1625 4558 σε,
1649 4491 1931 4563 ἐπήγαγεν

2034 4490 2383 4548 seductionis
2414 4493 2684 4548 novacula
2732 4497 3008 4563 totondit,
3054 4499 3492 4555 exsecrationem
3538 4519 3608 4557 ex

360 4593 532 4661 ἑαυτῇ
576 4592 825 4656 κατάραν
867 4589 931 4641 ἐκ
974 4584 1184 4639 πολλῶν
1228 4585 1538 4652 στομάτων,
1581 4583 1931 4654 δημεύσασα

2035 4584 2335 4638 multorum
2366 4598 2465 4639 ore
2495 4585 2599 4641 sibi
2633 4585 2738 4654 ipsi
2781 4587 3110 4654 introduxit,
3141 4605 3309 4659 grave
3354 4600 3410 4645 et
3453 4595 3603 4662 quod

363 4682 586 4752 φορτίον
600 4676 1021 4750 ἁμαρτημάτων
1042 4672 1182 4744 βαρὺ
1206 4673 1298 4728 καὶ
1317 4671 1750 4736 δυσσάστακτον,
1766 4688 1935 4741 προσ-

2035 4672 2240 4744 gestari
2294 4682 2533 4744 nequeat
2598 4686 2947 4745 peccatorum
3013 4679 3232 4749 pondus
3302 4682 3604 4752 colligaus,

365 4773 523 4831 Θεῖσα
546 4768 705 4824 τοῦτο
730 4770 842 4828 τοῖς
869 4766 1063 4834 πρώην
1086 4761 1258 4831 αὐτῆς
1284 4762 1672 4832 ἁμαρτήμασι.
1699 4760 1793 4814 Διὸ
1818 4759 1932 4828 ἐγὼ

2035 4772 2203 4832 atque
2262 4764 2317 4818 id
2380 4764 2658 4834 prioribus
2719 4768 2962 4837 peccatis
3021 4768 3135 4825 suis
3201 4766 3604 4841 superaddi-ns.

363 4869 393 4921 ό
423 4863 708 4933 ἐλάχιστος
737 4858 834 4911 καὶ
864 4853 1213 4926 ἁμαρτωλὸς,
1238 4852 1314 4915 ὡς
1347 4850 1659 4915 πιστευθεὶς
1690 4850 1781 4905 τὸν
1811 4851 1936 4921 Θρό-

2037 4854 2231 4926 ltaque
2285 4871 2386 4926 ego
2432 4858 2713 4924 minimus,
2773 4869 2828 4914 et
2878 4869 3160 4929 peccator,
3223 4865 3314 4919 cui
3352 4860 3607 4923 'thronus

363 4973 459 5010 νον
489 4952 585 5009 τοῦ
622 4948 862 5022 μεγάλου
894 4945 1196 5002 ἀποστόλου
1233 4945 1466 5015 Πέτρου,
1499 4943 1750 5015 dryopij
1783 4944 1843 4999 σέ
1875 4961 1935 4998 τε

2036 4946 2219 5016 magni
2243 4947 2475 5016 apostoli
2503 4948 2651 5003 Petri
2675 4949 2917 5007 creditus
2947 4963 3314 5026 cst,-segrego
3337 4967 3392 5011 et
3415 4958 3605 5028 rejicio

318 5036 322 5039 ’
366 5045 629 5114 κάκείνην
656 5041 755 5110 τῆς
787 5039 1143 5109 μεταλήψεως
1171 5036 1281 5091 τῶν
1305 5035 1594 5107 ἀχράντων
1620 5038 1937 5109 μυστηρίων

2040 5045 2096 5092 te
2136 5045 2192 5093 et
2222 5039 2371 5093 illam
2411 5054 2442 5093 a
2478 5042 2837 5110 perceptione
2880 5044 3360 5102 immaculatorum
3403 5058 3605 5121 myste-

371 5135 615 5211 Χριστοῦ
643 5133 738 5188 τοῦ
766 5131 901 5186 Θεοῦ
929 5128 1089 5202 ἡμῶν
1115 5145 1130 5160 ·
1161 5128 1223 5183 οὐ
1257 5128 1364 5199 μὴν
1394 5126 1530 5181 ἀλλὰ
1559 5129 1655 5183 καὶ
1683 5132 1938 5183 παντοῖον

370 5232 672 5283 ἐπίσκοπον
701 5224 736 5294 ἢ
765 5221 1027 5292 κληρικὶιν
1054 5218 1183 5272 ὅντα
1210 5217 1305 5273 τοῦ
1334 5217 1619 5288 τάγματος
1648 5217 1745 5283 τῆς
1775 5217 1938 5286 ἁγίας

371 5321 470 5375 τοῦ
513 5318 649 5376 Θεοῦ
687 5314 1050 5385 Ἐκκλησίας,
1093 5309 1408 5381 τολμῶντας
1450 5308 1800 5378 δπιχειρῆσαι
1844 5309 1937 5362 καὶ

2024 3670 2382 3737 persuasione
2416 3669 2582 3725 unius
2611 3671 2882 3734 mulieris,
2919 3670 3160 3727 fabulam
3197 3673 3341 3729 hanc
3364 3685 3422 3730 et
3468 3691 3595 3745 spe-

2026 3759 2303 3814 ctaculum
2329 3760 2582 3817 exhiberi
2634 3763 2876 3819 sinente.
2912 3764 3113 3820 Verum
3143 3766 3381 3837 excipiet
3404 3768 3500 3822 illa
3540 3780 3599 3825 et

2038 5132 2249 5186 riorum
2299 5132 2509 5189 Christi
2573 5134 2669 5190 Dei
2731 5138 2905 5191 nostri
2967 5157 2981 5194 :
3047 5143 3365 5209 episcopum
3435 5145 3603 5199 etiam

2039 5239 2281 5292 omnem,
2315 5235 2410 5279 aut
2431 5227 2691 5282 clericum
2728 5229 2939 5286 ordinis
2970 5242 3172 5287 sancta:
3197 5234 3292 5289 Dei
3324 5232 3605 5301 Ecclesiae,

2039 5318 2133 5387 qui
2193 5316 2584 5373 administrare
2651 5330 2744 5374 aut
2790 5325 3053 5378 exhibere
3111 5340 3173 5378 ea
3222 5326 3379 5380 vobis
3439 5344 3608 5384 ausus

378 5412 703 5485 μεταδοῦναι
751 5410 903 5480 ὑμῖν,
945 5407 1036 5475 ἀφ’
1060 5399 1126 5475 ἦς
1175 5402 1322 5474 ὥρας
1367 5402 1648 5470 ἀναγνῶτε
1698 5417 1801 5470 μου
1849 5399 1939 5454 τὸν

2044 5409 2225 5474 fuerit,
2279 5410 2348 5467 ab
2395 5424 2459 5464 ea
2516 5411 2651 5466 hora
2702 5427 2807 5478 qua
2881 5425 3180 5483 praesentes
3232 5416 3439 5473 vinculi
3503 5422 3609 5476 mci

376 5511 625 5580 παρόντα
651 5508 876 5576 δεσμὸν,
906 5503 1011 5557 ὑπὸ
1040 5501 1359 5571 καθαίρεσιν
1383 5495 1546 5554 εἶναι.
1572 5499 1637 5553 Ei
1666 5499 1721 5553 δὲ
1753 5499 1939 5568 βιάση-

2046 5502 2287 5573 legeritis
2319 5502 2554 5569 litteras,
2587 5504 2855 5574 dignitate
2892 5520 2987 5559 sua
3016 5508 3309 5577 excidisse,
3343 5510 3606 5568 decerno.

380 5604 477 5656 οοέ
505 5618 650 5663 τινα,
679 5598 754 5662 ὡς
786 5597 1152 5662 ἐξουσιασταὶ,
1184 5593 1278 5646 καὶ
1304 5590 1673 5662 παρεξέλοητε
1699 5591 1823 5652 τοὺς
1852 5591 1939 5643 δο-

2043 5592 2207 5664 420
2255 5594 2485 5661 Quodsi,
2540 5604 2599 5648 ut
2633 5596 2887 5652 homines
2940 5608 3212 5667 potentes,
3277 5619 3608 5674 quemquam

378 5695 574 5757 θέντας
622 5694 748 5761 ὑμῖν
797 5690 1020 5761 κανόνας
1073 5685 1224 5756 παρὰ
1268 5682 1362 5736 τοῦ
1408 5682 1660 5752 Σωτῆρος
1707 5681 1795 5735 διὰ
1836 5682 1939 5735 τῶν

2045 5686 2110 5738 ad
2140 5687 2192 5738 id
2233 5688 2285 5739 vi
2320 5686 2639 5755 adegeritis,
2673 5696 2728 5741 et
2776 5703 3015 5744 canones
3052 5693 3210 5747 vobis
3253 5711 3283 5748 a
3321 5696 3613 5750 Servatore

382 5784 556 5851 ἁγίων
586 5752 899 5838 ἀποστόλων
921 5819 935 5847 ,
970 5778 1156 5832 ἔσεσθε
1191 5775 1582 5846 ἐπιστάμενοι,
1621 5774 1695 5837 ὡς
1729 5774 1939 5843 πρῶτον

2044 5792 2146 5846 per
2168 5788 2387 5833 sanctos
2426 5752 2704 5848 apostolos
2748 5781 2978 5838 traditos
3010 5784 3333 5849 transgressi
3378 5789 3609 5846 fueritis.
