3898 6192
514 332 652 398 1039

1723 343 2137 407 NICEPIIORI
2181 349 2526 410 CALLISTI

3522 367 3618 435 M0

510 447 707 503 scitote
754 461 864 502 non
915 463 1139 517 parvunt
1189 449 1242 503 id
1278 449 1434 505 vobis
1496 462 1775 522 peccatum
1827 456 1965 523 fore,
2021 460 2052 511 it

2144 508 2147 517 ,
2181 462 2281 531 μὲν
2313 463 2375 513 οὐ
2418 463 2615 533 μικρὸν
2652 461 2777 531 ὑμῖν
2810 460 2868 514 τὸ
2904 463 3195 536 ἁμάρτημα
3232 469 3477 539 γενήσεται
3508 480 3551 531 ἐν
3571 487 3617 552 τῇ

512 538 789 595 horrenda
839 540 929 594 illa
969 541 1164 611 judicii
1211 541 1349 598 die:
1398 559 1521 600 cum
1579 548 1853 602 neminem
1909 550 2074 619 hujus

510 626 638 681 vitae
691 627 871 683 honor
916 637 974 682 et
1022 628 1258 699 dignitas
1303 632 1564 702 adjuvare
1612 635 1836 703 poterit,
1872 654 2068 691 arcana

511 726 694 773 autem
721 730 773 774 et
801 719 983 774 abdita
1014 721 1264 776 cordium
1289 724 1391 778 sub
1417 725 1608 780 oculos
1627 727 1869 781 omnium
1895 728 2073 782 eﬂ‘un-

510 810 712 866 dentur
734 820 898 881 atque
926 813 1356 869 exhibebuntur.
1404 816 1713 883 Arsacium,
1767 833 1931 888 quem
1972 835 2071 889 pro

510 918 706 972 magno
741 904 951 959 Joanne
1000 904 1055 959 in
1094 907 1350 961 thronum
1404 909 1771 978 episcopalem
1808 910 2071 979 produxi—

508 994 628 1056 stis,
656 994 820 1047 etiam
858 1006 981 1065 post
1040 996 1253 1052 obitum
1296 1008 1737 1069 exauctoramus,
1798 1017 1903 1055 una
1945 1016 2069 1056 cum

505 1082 763 1139 omnibus
823 1086 917 1156 qui
993 1088 1245 1142 consulto
1298 1101 1422 1142 cum
1473 1104 1539 1144 eo
1590 1091 2071 1146 communicarunt

504 1172 812 1243 episcopis,
843 1174 1004 1245 cujus
1040 1177 1206 1231 etiam
1241 1192 1440 1233 nomen
1476 1195 1633 1234 sacro
1678 1181 2066 1251 episcOporum

504 1265 630 1319 albo
664 1282 773 1319 non
822 1266 1178 1322 inscribatur.
1232 1269 1494 1339 Indignus
1539 1271 1686 1325 enim
1735 1286 1801 1326 eo
1860 1271 2069 1326 honore

502 1365 611 1419 cst,
648 1358 821 1427 utqui
849 1359 1225 1429 episcopatum
1259 1363 1413 1430 quasi
1458 1363 1731 1418 adulterio
1764 1356 2064 1432 'polluerit.

501 1445 692 1503 Omnis
731 1448 999 1518 siquidem
1042 1451 1325 1521 plantatio,
1364 1468 1485 1520 qua:
1509 1469 1539 1506 a
1580 1452 1737 1507 Patre
1776 1465 1965 1508 nostro
2008 1454 2065 1508 in

501 1539 655 1593 cmlis
686 1539 927 1608 plantata
955 1556 1065 1594 non
1096 1551 1200 1603 est.
1247 1542 1617 1598 eradicabitur
1649 1545 1686 1597 ⁸.
1739 1544 1821 1598 Ad
1880 1544 2064 1599 Theo-

502 1629 638 1698 phili
687 1630 1104 1701 abrogationem
1140 1631 1392 1687 addimus
1421 1634 2060 1702 excommunicationem,

499 1720 1019 1776 anathematismum
1074 1734 1132 1778 et
1186 1725 1493 1779 absolutam
1534 1740 1565 1779 a
1636 1724 2063 1781 Christianismo

496 1810 909 1867 alienationem.
941 1831 960 1864 ι
995 1812 1123 1869 Haec
1154 1813 1506 1871 Innocentius
1549 1831 1649 1885 pro
1699 1817 1907 1871 Joanne
1962 1833 2062 1886 pn-

496 1916 672 1970 gnans
723 1903 971 1973 scripsit.
1020 1904 1211 1973 Neque
1256 1920 1387 1959 vero
1442 1909 1606 1961 etiant
1656 1907 1920 1972 Atticum,
1965 1908 2058 1976 qui

498 2001 621 2061 post
657 1993 942 2049 Arsacium
974 1995 1232 2050 thronum
1261 1995 1439 2066 magni
1472 1996 1618 2051 illius
1638 1996 1922 2059 involavit,
1951 2014 2059 2052 non

497 2087 795 2143 accusavit.
838 2088 1040 2144 Verum
1075 2097 1133 2142 ut
1153 2102 1216 2142 ea
1250 2103 1338 2143 res
1395 2089 1699 2158 composita
1730 2098 1916 2159 postea
1963 2091 2057 2155 sit,

497 2177 733 2234 historia
754 2178 876 2235 loco
906 2192 1009 2235 suo
1043 2180 1318 2236 ostendet.

1023 2337 1251 2395 CAPUT
1316 2339 1532 2396 XXXV.

495 2448 571 2502 De
592 2450 891 2505 incursione
916 2446 1147 2525 gentium
1171 2453 1522 2525 barbararum
1540 2456 1594 2508 in
1616 2456 1748 2525 ﬁnes
1770 2453 2053 2521 Romanos,

562 2536 622 2594 eo
671 2531 904 2594 tempore
948 2523 1135 2594 facta;
1187 2524 1321 2594 etde
1352 2526 1570 2594 exortis
1618 2523 1892 2594 tyrannis,
1944 2526 2057 2581 Sti-

562 2591 749 2654 licone,
790 2593 1063 2656 Alariclto,
1102 2593 1302 2659 Attalo,
1339 2592 1507 2656 Sara,
1539 2604 1587 2647 et
1621 2591 1743 2649 aliis
1766 2612 1785 2649 .'
1820 2604 1871 2649 et
1900 2607 1956 2650 ut
1989 2598 2054 2649 ab

561 2659 813 2735 glariclto
835 2659 1000 2735 Roma
1028 2663 1095 2735 sit
1119 2672 1276 2735 capta
1300 2679 1319 2716 :
1344 2677 1393 2718 et
1422 2664 1486 2716 de
1510 2663 1755 2733 formosa
1780 2667 2055 2735 cujusdam

562 2728 816 2785 Romana:
847 2730 1081 2785 mulieris
1104 2728 1374 2788 castitate.

565 2883 771 2939 Eadem
797 2887 1324 2957 tempestate,sicuti
1357 2888 1410 2943 in
1472 2889 1726 2945 omnibus
1771 2889 2057 2959 episcopo-

491 2991 610 3029 rum
635 2976 1070 3032 dissensionibus
1096 2979 1340 3048 reperire
1372 2989 1476 3045 est,
1510 2995 1597 3035 res
1623 2979 1788 3033 etiam
1826 2979 2056 3048 publicae

491 3069 821 3123 tumultibus
875 3078 1005 3123 sunt
1061 3072 1303 3139 repletae.
1349 3069 1533 3124 IIunni
1572 3084 1810 3139 namque
1855 3069 2052 3123 Istrum

492 3160 843 3232 transgressi,
929 3160 1225 3214 Thraciam
1291 3168 1573 3215 vastantes
1634 3169 2048 3230 percurrerunt,

490 3253 723 3307 lluldam
773 3253 851 3323 (l)
905 3252 1101 3308 ducem
1144 3252 1440 3308 habentes.
1485 3252 1554 3308 Et
1600 3251 1778 3308 Isauri
1824 3251 2049 3321 quidam

488 3344 771 3411 praedones
791 3358 1055 3414 perquam
1095 3343 1218 3407 feri,
1250 3343 1453 3414 ingenti
1482 3351 1669 3399 coacta
1700 3342 2051 3399 multitudine

487 3435 825 3490 I’hueniciam
855 3445 1021 3504 atque
1060 3434 1302 3499 Cariam,
1331 3442 1387 3488 et
1437 3448 1560 3504 quae
1601 3435 1658 3489 in
1708 3434 1890 3490 medio
1933 3436 2051 3491 sita:

485 3537 617 3583 sunt
669 3528 854 3592 nrbes,
907 3525 1329 3582 excursionibus
1381 3526 1752 3597 extremisque
1798 3526 2050 3582 cladibus

484 3628 770 3673 vexarunt.
801 3617 996 3673 Stilico
1020 3632 1262 3688 quoque,
1293 3616 1520 3673 Honorii
1567 3633 1746 3684 socer,
1776 3633 2049 3689 opumque

483 3721 538 3764 et
586 3712 867 3780 copiarum
925 3710 1070 3766 illius
1129 3712 1376 3766 omnium
1434 3712 1584 3778 dux,
1631 3711 1717 3765 vir
1775 3726 2047 3777 summus,

484 3801 647 3856 simul
699 3812 755 3857 et
801 3803 1173 3857 Romanorum
1221 3812 1277 3858 et
1325 3802 1684 3858 barbarorum
1748 3801 1816 3856 ad
1879 3816 2049 3858 novas

487 3909 575 3947 res
639 3894 1006 3963 spectantium
1080 3894 1266 3949 studia
1321 3895 1427 3950 sibi
1482 3894 1771 3950 conciliata
1815 3894 2044 3957 habetis,

480 4000 606 4038 ctun
668 3984 939 4055 praefectis
986 4000 1176 4040 eorum
1232 3985 1379 4057 egit,
1439 3994 1495 4041 et
1549 3986 1893 4041 committere
1962 3985 2047 4039 iu-

486 4087 569 4129 ter
604 4091 661 4129 se
716 4076 1086 4145 imperatores
1138 4076 1387 4130 tentavit.
1430 4076 1608 4145 Atque
1637 4075 1753 4137 ubi,
1815 4085 1876 4130 ut
1917 4075 2045 4130 Ala—

485 4166 638 4219 richo
709 4164 1040 4220 Gotthorum
1115 4166 1243 4221 duci
1299 4166 1676 4222 ducendarum
1771 4167 2050 4222 Romana-

482 4273 602 4311 rum
635 4256 917 4325 copiarum
948 4256 1190 4326 dignitas
1233 4258 1594 4325 tribueretur,
1648 4257 1910 4329 suﬂ‘ragio
1943 4273 2044 4312 suo

475 4348 685 4413 ell‘ccit,
750 4350 801 4401 in
844 4349 1088 4419 Illyricos
1135 4350 1348 4404 movit:
1382 4358 1439 4404 et
1483 4364 1550 4405 eo
1595 4349 1814 4405 Jovium
1849 4365 2045 4419 quem-

2176 553 2388 625 φοϐερᾷ
2407 556 2588 626 ἡμέρᾳ
2603 554 2701 622 τῆς
2722 555 2976 623 κρίσεως,
2993 559 3110 611 οὔτε
3128 561 3185 612 οὐ
3198 560 3452 632 δυνήσεται
3465 568 3619 641 ἀξίωμα

2177 643 2433 714 βιωτικόν
2461 662 2582 699 τινα
2609 647 2889 718 ὠφελῆσαι
2909 666 2923 681 ο
2955 649 3169 703 ἐκείνων
3193 650 3245 704 δὲ
3273 653 3335 706 τὰ
3360 656 3483 720 ἐντὸς
3507 661 3621 730 ἔην.

2176 736 2433 805 θήσονται
2469 738 2605 807 πρὸς
2642 740 2945 810 ὑπόδειγμα
2977 742 3207 797 πάντων.
3246 743 3492 814 ’Δρσάκιον
3516 751 3558 803 δὲ
3581 754 3621 805 ὃν

2173 826 2498 897 είσηγάγετε
2540 830 2619 892 είς
2653 832 2745 883 τὸν
2781 831 2968 900 θρόνον
3000 832 3096 902 τῆς
3135 835 3406 904 ἐπισκοπῆς
3438 840 3532 892 ἀντὶ
3554 846 3621 894 τοῦ

2174 916 2412 982 μεγάλου
2450 917 2726 985 Ἰωάννου,
2769 923 2862 974 καὶ
2908 922 3044 991 μετὰ
3083 924 3294 978 θάνατον
3333 927 3619 1000 καθαιροῐμεν

2172 1005 2269 1057 σὺν
2301 1009 2435 1060 πᾶσι
2466 1011 2574 1072 τοῖς
2611 1013 3110 1082 συγκοινωνήσασιν
3139 1014 3277 1086 αὐτῷ
3305 1017 3516 1086 προθέσει
3541 1024 3619 1073 ἐτι-

2172 1097 2395 1160 σκόποις
2422 1114 2437 1129 ο
2469 1091 2683 1164 οὗτινος
2706 1101 2845 1170 μηδὲ
2872 1102 2932 1155 τὸ
2961 1102 3126 1173 ὄνομα
3150 1104 3445 1176 ὲγγραφήτω
3464 1113 3548 1173 τοῖς
3572 1112 3620 1162 is-

2173 1189 2281 1256 ροῖς
2308 1187 2594 1260 διπτύχοις
2615 1208 2628 1222 ·
2660 1192 2879 1258 ἀνάξιος
2904 1194 3010 1262 γάρ
3034 1194 3177 1247 ἐστιν
3201 1196 3270 1257 ὡς
3295 1198 3537 1267 μοιχεύσας
3554 1204 3618 1270 τὴν

2167 1280 2473 1353 ἐπισκοπὴν
2496 1298 2511 1313 ’
2543 1284 2696 1336 πᾶσα
2726 1285 2836 1353 γὰρ
2867 1283 3064 1353 φυτεία
3100 1285 3171 1355 μὴ
3204 1288 3489 1354 φυτευθεῖσα
3515 1294 3619 1362 παρὰ

2166 1371 2259 1425 τοῦ
2297 1372 2509 1443 [ἰατρὸς
2542 1375 2702 1445 ἡμῶν
2738 1375 2830 1428 τοῦ
2866 1378 2925 1429 ὲν
2957 1377 3225 1448 οὐρανοῖς,
3259 1378 3616 1450 ὲκριζωθήσεται.

2167 1463 2581 1534 Προστιθέμεθα
2628 1471 2694 1537 τῇ
2745 1466 3066 1537 καθαιρέσει
3112 1469 3352 1537 Θεοφίλου
3391 1473 3618 1541 ἀφορισμδν

2166 1555 2264 1607 καὶ
2306 1555 2773 1627 ἁναθεματισμδν,
2815 1561 2911 1614 καὶ
2947 1559 3157 1613 τελείαν
3196 1561 3498 1631 ἀλλοτρίωσιν
3527 1567 3621 1635 Χρι-

2165 1644 2509 1716 στιανισμοῦ.
2556 1665 2577 1701 ι
2620 1649 2857 1704 Τοιαῦτα
2902 1650 3004 1721 μὲν
3038 1653 3070 1705 ὁ
3102 1651 3416 1715 Ἰννοκέντιος
3449 1653 3620 1723 ἔγραφεν

2168 1734 2309 1806 ὑπὲρ
2343 1737 2594 1791 Ἰωάννου
2620 1739 3026 1811 διαμαχόμενος
3048 1757 3067 1773 ⁸
3091 1743 3188 1794 οὐκ
3209 1741 3305 1807 ἔξω
3329 1743 3478 1813 μέντοι
3495 1744 3619 1808 alsia;

2165 1827 2343 1882 εποίει
2387 1829 2486 1884 καὶ
2523 1832 2772 1886 ’Δττικδν
2817 1833 2937 1902 μετ’
2967 1833 3251 1902 ’Δρσάκιον
3289 1834 3357 1902 τῷ
3392 1836 3526 1906 θρόνῳ
3553 1835 3617 1888 τοῦ

2167 1919 2406 1987 μεγάλου
2448 1924 2953 1995 ἑπεισπηδήσαντα.
2979 1924 3123 1978 Ἀλλ’
3148 1926 3286 1988 ὅπως
3320 1926 3460 1979 ταῦτα
3493 1929 3616 1997 χρὸνῳ

2163 2007 2391 2078 ὕστερον
2420 2009 2754 2080 διαλέλυται,
2785 2016 2818 2085 η
2855 2014 3087 2086 καθεξῆς
3118 2016 3314 2086 ἱστορία
3340 2016 3533 2087 δηλώσει.

2738 2356 2991 2412 ΚΕΦΔΔ.
3027 2354 3148 2410 AE'.

2159 2469 2653 2544 Περὶρπιδρομῇς
2674 2470 2877 2544 sas-(Br
2914 2473 3241 2544 τηνικαῦτα
3270 2474 3617 2544 γεγενημένην

2227 2540 2325 2594 καί
2356 2540 2494 2612 περί
2521 2540 2642 2594 τῶν
2658 2540 3138 2599 ἐπαναστάντων
3157 2540 3620 2612 copiiserant“)!-

2228 2625 2444 2678 χωνος,
2484 2610 2871 2681 Ἀλλαριχου,
2892 2612 3196 2678 Ἀττάλου,
3221 2610 3418 2681 Σόρου,
3437 2616 3511 2667 καί
3535 2614 3619 2666 tri-

2219 2694 2376 2751 pwrf
2411 2679 2507 2751 καί
2550 2680 2632 2751 ὡς
2677 2679 2835 2733 ἑάλω
2863 2680 3194 2751 Ἀλλαρίχῳ
3229 2683 3264 2750 ἠ
3297 2679 3485 2751 "Pqu
3507 2699 3519 2714 ·
3554 2683 3623 2736 καί

2227 2748 2359 2870 πὲρί
2394 2747 2504 2817 τῆς
2553 2747 2869 2818 σώφρονος
2897 2750 2967 2805 ἐν
3010 2747 3205 2821 Ῥώλιῃ
3246 2747 3438 2820 ὡραίας
3475 2747 3623 2821 γυναι·

2227 2834 2261 2870 κ
2301 2836 2353 2870 c.

2224 2834 2353 2883 κος.

2228 2910 2363 2979 Περὶ
2399 2909 2458 2963 δὲ
2490 2909 2682 2965 τοῦτον
2712 2909 2805 2966 τδν
2838 2912 3066 2984 χρόνον,
3097 2915 3172 2978 ὡς
3212 2914 3397 2970 ἐπίπαν
3422 2915 3540 2968 εστιν
3562 2915 3624 2966 εὖ·

2159 3003 2273 3069 ρεῖν
2302 3002 2421 3065 ταῖς
2453 3002 2562 3054 τῶν
2596 3001 2759 3073 ίερῶν
2787 3005 3114 3074 διχονοίαις,
3147 3007 3239 3061 καὶ
3265 3007 3328 3062 τὰ
3357 3006 3486 3067 κοινὰ
3509 3005 3623 3073 θορύ-

2080 3116 2122 3173 c
2156 3090 2267 3145 ϐων
2297 3091 2478 3163 πλήρη
2512 3095 2873 3166 γεγενημένα.
2906 3095 3102 3151 Οὖννοι
3134 3098 3231 3168 μιν
3256 3100 3355 3169 γὰρ
3376 3098 3454 3152 τὸν
3474 3097 3627 3165 Ἵστρον

2153 3183 2672 3252 διαπεραιωθέντες,
2715 3186 2816 3254 τὴν
2859 3187 3089 3258 Θρᾴκην
3125 3189 3364 3261 δῃοῦντες
3400 3187 3625 3247 κατέθεον,

2152 3271 2458 3342 ἡγούμενον
2490 3270 2699 3344 Οῦλδην
2730 3273 2964 3345 ἔχοντες.
2997 3275 3234 3347 Ἰσαυροὶ
3263 3278 3317 3331 δὲ
3342 3275 3505 3348 λῃσταί
3526 3289 3628 3333 τινες

2153 3362 2437 3434 θηριιῖιδεις
2463 3364 2523 3428 ἐς
2553 3364 2687 3418 πολύ
2715 3380 2769 3418 τι
2798 3366 3006 3438 πλῆθος
3037 3368 3416 3441 ἁθροισθέντες,
3438 3366 3628 3433 θοινίκην

2149 3470 2210 3506 τε
2244 3454 2339 3506 καὶ
2372 3455 2586 3526 Καρίαν
2616 3456 2714 3509 καὶ
2743 3457 2844 3521 τὰς
2875 3460 2935 3511 εν
2970 3460 3129 3531 μέσῳ
3158 3459 3350 3514 τούτων
3369 3457 3519 3519 πόλεις
3536 3471 3629 3508 κατι

2153 3544 2411 3615 ἔδραμον,
2454 3547 2893 3619 κακουργοῦντες
2932 3550 3002 3604 τὰ
3039 3552 3262 3621 ἔσχατα.
3299 3552 3394 3605 Καὶ
3428 3547 3629 3615 Στελίχων

2162 3637 2423 3708 Ὀνωρίου
2451 3638 2552 3708 μὶν
2577 3640 2865 3711 κηδεστὴς,
2889 3641 2952 3696 οὐ
2979 3644 3091 3713 μὴν
3110 3642 3158 3697 δ’
3179 3641 3309 3695 ἀλλὰ
3328 3641 3411 3695 καί
3429 3638 3511 3710 τῆς
3527 3635 3632 3691 intl-

2148 3743 2240 3780 vou
2284 3727 2465 3800 πάσης
2505 3729 2791 3801 δυνάμεως
2828 3732 3219 3804 ἐξηγούμενος,
3250 3733 3381 3803 ἀνὴρ
3416 3728 3632 3797 διαφερδν

2147 3836 2256 3883 τως
2292 3820 2467 3890 μέγας
2498 3821 2811 3892 γενόμενος,
2845 3823 2909 3877 τὸ
2941 3826 3098 3894 παρὰ
3128 3822 3403 3893 Ῥωμαίοις
3429 3819 3509 3873 καὶ
3535 3817 3634 3887 βιρ-

2149 3910 2340 3981 ϐἁροις
2380 3911 2699 3982 νεωτερίζον
2737 3912 2878 3983 ἔχων
2914 3915 3257 3985 πειθόμενον,
3294 3915 3398 3975 τοῖς
3433 3911 3633 3981 ἄρχουσιν

2146 4000 2375 4054 δκείνων
2407 4002 2487 4064 εἰς
2524 4001 2718 4068 λόγους
2757 4003 2927 4059 ἐλθὼν
2947 4046 2963 4072 ,
3002 4004 3327 4075 συγκρούειν
3359 4002 3475 4072 πρὸς
3508 3999 3633 4052 iam

2146 4091 2225 4153 τὰ
2263 4091 2510 4161 βασίλεια
2561 4096 2762 4163 πεῖραν
2811 4096 3094 4166 προσῆγεν
3119 4112 3136 4128 ’
3173 4094 3453 4165 ’Δλλαρίχφ
3492 4107 3541 4143 τε
3580 4087 3633 4155 τῷ

2146 4185 2437 4254 ἡγουμένῳ
2482 4184 2592 4237 τῶν
2640 4184 2852 4240 Γότθων
2904 4187 3169 4257 πρόξενος
3223 4185 3502 4247 καταστὰς,
3537 4180 3634 4232 Ῥω·

2148 4274 2325 4344 μαίων
2382 4276 2722 4346 στρατηγίας
2776 4276 2999 4348 ἀξίωμα
3053 4278 3388 4349 περιθεῖναι,
3418 4271 3632 4341 Ἰλλυριοῖς

2145 4364 2540 4435 ὲπανέστησεν,
2571 4365 2765 4421 Ἰόϐιόν
2796 4385 2919 4423 τινα
2953 4368 3202 4440 ὕπαρχον
3235 4368 3449 4428 ἐκείνοις
3474 4377 3630 4433 προκι-

480 4441 611 4493 dam
668 4439 965 4509 praemisit,
1033 4454 1093 4495 re
1152 4440 1225 4495 ita
1293 4440 1636 4511 composita,
1699 4451 1760 4497 ut
1822 4452 1877 4497 et
1927 4443 2044 4513 ipse

2148 4458 2420 4523 ταστήσας
2439 4493 2456 4521 ,
2494 4456 2822 4529 συνθέμενος
2858 4460 2997 4529 μετὰ
3174 4461 3444 4530 Ῥωμαίων
3472 4455 3629 4523 συμϐι-

476 4546 603 4584 eum
661 4529 926 4586 Romanis
985 4531 1205 4586 Arcadii
1278 4531 1515 4587 ducibus
1568 4532 2037 4601 congrederetur,

474 4623 636 4696 421
673 4632 730 4679 el
760 4623 1005 4695 regionis
1035 4622 1203 4678 etiam
1241 4622 1360 4694 ejus
1396 4622 1627 4694 populos
1661 4622 1893 4678 Honorii
1939 4625 2041 4679 im-

476 4719 635 4786 perio
689 4715 1011 4789 subjiceret.
1067 4716 1365 4771 Alariehus
1418 4723 1604 4770 autem
1652 4715 1897 4770 exercitu
1970 4730 2037 4771 ex

477 4809 741 4866 Dalmatia
788 4818 842 4863 et
884 4809 1186 4871 Pannonia,
1230 4815 1374 4862 terra
1403 4806 1659 4873 barbara,
1687 4817 1948 4877 suscepto
1981 4810 2036 4863 in

475 4902 901 4955 mediterraneas
943 4903 1093 4954 venit
1127 4899 1241 4971 (2),
1309 4899 1630 4970 Graeciaque
1687 4910 1745 4956 et
1801 4901 2036 4956 Athenis

474 4993 671 5063 captis,
709 4992 944 5047 vicinam
974 5007 1197 5062 quoque
1232 4992 1555 5048 Dalmatiam
1588 4992 1843 5048 vastavit.
1869 4992 2041 5049 Dein-

474 5090 542 5140 de
605 5086 879 5158 lllyricum
950 5086 1272 5155 ingressus,
1331 5095 1499 5156 atque
1572 5084 1891 5156 aliquandiu
1957 5085 2036 5140 ibi

476 5190 739 5243 moratus,
772 5196 874 5250 per
923 5181 1085 5249 Alpes
1140 5181 1198 5234 in
1257 5180 1466 5236 Italiam
1516 5181 1701 5247 rediit,
1768 5180 2036 5237 Stilicone

474 5271 754 5340 angustias
840 5286 1029 5325 earum
1097 5272 1250 5326 illum
1320 5273 1562 5327 transire
1627 5274 2033 5342 permittente,

476 5374 664 5433 utpote
720 5364 816 5435 qui
861 5363 1089 5418 insidias
1137 5363 1458 5434 imperatori
1503 5374 1772 5418 strueret.
1833 5364 2028 5420 Postea

472 5457 762 5511 Alarichus
791 5472 915 5511 eum
953 5456 1080 5511 inde
1110 5455 1383 5527 proﬁcisci
1414 5457 1595 5522 vellet,
1629 5455 1851 5513 Ilonorii
1882 5458 2033 5514 litte-

551 5598 569 5625 ⁸
613 5594 801 5648 Matth.
828 5611 945 5658 χιιι,
987 5596 1073 5651 15.

539 5768 624 5836 (l)
655 5767 735 5820 Al.
770 5768 968 5822 "uidit:
994 5782 1205 5828 vocant.

2146 4546 2257 4600 λεῖν
2290 4548 2652 4617 στρατηγῶν,
2687 4549 2827 4604 ὥστε
2867 4551 2967 4606 καὶ
2997 4554 3125 4615 τοὺς
3166 4554 3267 4606 ἀνὰ
3296 4550 3402 4604 τόδε
3431 4548 3483 4601 τὸ
3509 4544 3628 4611 κλίμα

2143 4640 2419 4709 ὑπηκόους
2454 4641 2700 4712 Ὀνωρίῳ
2732 4644 2998 4711 ὑποτάξαι
3028 4646 3194 4715 δῆθεν
3222 4644 3298 4715 τῷ
3331 4641 3527 4714 βασιλεῖ.
3548 4636 3630 4689 Ἀλ-

2142 4731 2366 4801 λάριχος
2393 4732 2451 4786 δδ
2483 4733 2816 4805 παραλαϐὼν
2844 4737 2936 4790 τὸν
2966 4738 3200 4807 στρατὸν
3211 4766 3233 4802 -,
3264 4735 3370 4789 ἀπό
3395 4748 3446 4785 τε
3469 4729 3629 4795 Δαλμα-

2141 4823 2259 4886 τίας
2293 4826 2390 4876 καὶ
2422 4824 2717 4889 Παννονίας
2756 4826 3034 4898 βαρϐάρου
3069 4826 3175 4898 γῆς
3208 4830 3286 4889 είς
3317 4825 3410 4886 τὰς
3433 4819 3633 4893 ἠπείρους

2142 4915 2377 4988 ἐγένετο.
2422 4916 2651 4972 Ἐλλάδα
2698 4920 2757 4972 δὲ
2807 4922 2903 4973 καὶ
2936 4921 3168 4991 Ἀθήνας
3219 4919 3380 4982 ἑλὼν,
3427 4915 3506 4968 καὶ
3545 4910 3632 4968 τοὺς

2142 5011 2431 5080 προσεχεῖς
2462 5010 2751 5083 Δαλμάτας
2783 5012 3054 5083 ληῖζεται.
3081 5011 3355 5066 Ἐπελθὼν
3382 5008 3434 5061 δὲ
3461 5007 3543 5074 τὴν
3562 5000 3633 5052 Ίλο

2142 5098 2335 5169 λυρίδα
2354 5140 2369 5166 ,
2400 5104 2496 5155 καὶ
2533 5102 2716 5156 ίκανδν
2753 5105 2943 5174 χρόνον
2973 5107 3085 5169 τοῖς
3117 5106 3237 5158 ἐκεῖ
3266 5099 3549 5170 διατρίψας,
3571 5092 3635 5144 διδ

2141 5189 2250 5243 τῶν
2280 5191 2528 5247 Ἄλπεων
2558 5197 2638 5258 είς
2665 5194 2766 5266 τὴν
2791 5195 3020 5249 Ἰταλίαν
3047 5197 3343 5259 ἐπάνεισιν,
3372 5188 3634 5255 Στελίχωνυς

2141 5280 2292 5350 αὐτῷ
2324 5285 2422 5347 τὰς
2455 5286 2631 5349 πύλας
2665 5286 2884 5349 ἀνέντος
2913 5287 3025 5341 τῶν
3054 5287 3337 5345 Ἄλπεων,
3369 5280 3444 5335 ἆτ’
3468 5273 3634 5330 ὲιτιϐον⁴

2139 5371 2238 5435 λάς
2269 5375 2681 5445 παλαμωμένου
2710 5379 2790 5450 τῷ
2820 5378 3050 5449 βασιλεῖ.
3082 5371 3191 5432 Εἶτ’
3216 5373 3414 5429 ἐκεῖθεν
3436 5364 3635 5436 ἐκδημεῖν

2143 5465 2380 5534 μέλλων.
2414 5472 2736 5540 γράμμασιν
2769 5470 3031 5542 ὀνωρίου
3061 5470 3154 5538 τῆς
3184 5469 3277 5522 ἐπὶ
3303 5467 3361 5521 τὺ
3387 5464 3545 5531 πρόσω
3574 5470 3634 5507 ω-

2203 5780 2277 5851 (2>
2310 5779 2420 5838 Hoc
2447 5782 2662 5839 Sozom.
2698 5799 2803 5839 non
2832 5783 2991 5839 habet
3027 5783 3116 5839 lib.
3147 5798 3221 5849 Ix,
3256 5796 3368 5848 cap.
3398 5776 3447 5833 6.
