3898 6192
249 300 377 364 1οί1

1161 294 1753 365 ΕΟΟιΕδΙΑδΤΠΖΕ
1792 303 2176 365 HISTORLE
2214 306 2359 369 LIB.
2394 306 2565 370 Xlll.

3347 314 3492 377 illi?

245 420 397 487 ρείας
440 422 657 495 ἐσχέθη.
688 426 957 496 ’Ὕστερον
991 402 1046 477 δὲ
1086 424 1248 485 αὐτὸς
1287 423 1383 475 καὶ
1418 422 1677 491 Ὅνώριον
1709 422 1777 473 διε

1882 456 1891 477 ι
1920 421 1992 472 ris
2025 420 2124 486 il).
2156 436 2225 477 ne
2263 414 2506 493 caep’tum
2562 422 2667 478 iter
2692 435 3143 494 persequeretur,
3172 429 3482 495 prohibitus

242 511 452 562 κ’ῖιλυεν
499 516 579 575 είς
627 516 726 586 τὴν
777 517 1192 571 Κωνσταντίνου
1245 514 1508 584 μέλλοντα
1553 516 1813 584 ἐκδημεῖν

241 601 415 667 φειδοῖ
440 604 534 657 τοῦ
571 607 855 674 ἀδελφιδοῦ
876 649 892 671 ,
930 608 1068 661 ὥστε
1105 609 1331 672 πιστοὺς
1363 609 1630 679 ἄρχοντας
1664 607 1811 678 αὖτῷ

240 695 581 762 καταστῆσαι
613 698 741 766 ἄρτι
774 699 1181 766 ὁρφανισθέντι.
1216 698 1412 761 Δεδιὼς
1448 702 1540 753 καὶ
1571 700 1678 769 γὰρ
1706 694 1808 769 ἦν.

240 786 315 855 μή
347 803 398 838 τι
426 786 513 839 διὰ
542 790 601 840 τὸ
626 789 727 858 τῆς
756 790 973 859 ἡλικίας
1001 792 1189 854 ἀτελὲς
1218 792 1379 846 πάθοι
1408 795 1436 846 ὁ
1466 794 1591 854 παῖς
1622 793 1810 846 Θεοδό-

239 893 374 941 σιος.
401 879 644 933 Ἐκώλυε
682 881 782 949 μὲν
807 882 900 936 οὖν
928 885 1134 937 ἐκεῖνον
1155 923 1170 946 ,
1205 886 1504 952 ἀναγκαῖον
1530 885 1703 951 λέγων
1732 881 1808 938 εῖ-

237 983 323 1017 ναι
356 967 539 1036 μένειν
570 970 628 1020 ὲν
651 969 857 1037 Ἰταλία
886 971 977 1024 διὰ
1003 973 1102 1040 τὴν
1133 972 1363 1040 ἔναγχος
1391 974 1684 1043 τυραννίδα
1713 990 1807 1042 γε·

234 1060 548 1130 γενημένην
583 1062 642 1114 ὲν
684 1062 996 1133 ’Δριηλάτῳ
1023 1065 1173 1135 παρᾶ
1210 1066 1305 1119 τοῦ
1345 1067 1755 1120 Κωνσταντίνου
1783 1084 1797 1099 ·

233 1149 397 1211 αὐτὸς
427 1148 486 1201 δὲ
518 1152 716 1215 πείσας
749 1156 843 1209 καὶ
872 1153 1098 1224 θάτερον
1125 1156 1235 1209 τῶν
1265 1158 1561 1227 σκήπτρων
1590 1158 1799 1235 λαῦών,

230 1237 258 1287 ὃ
290 1236 530 1308 λασαρον
563 1239 821 1309 Ῥωμαῖοι
853 1241 1113 1310 καλοῦσι,
1143 1245 1416 1317 τέσσαράς
1441 1264 1501 1300 τε
1531 1264 1800 1318 στρατιω-

230 1325 338 1376 τῶν
368 1327 637 1395 ἀριθμοὺς
666 1330 926 1400 είληςὼς,
956 1333 1090 1403 πρὸς
1113 1334 1172 1388 δὲ
1198 1336 1293 1389 καὶ
1320 1337 1622 1406 γράμματα
1649 1338 1800 1407 βασι-

228 1414 365 1478 λέως
388 1418 488 1484 τὴν
512 1419 598 1470 ἐπ’
617 1421 886 1491 ἀνατολῆς
910 1423 1093 1490 ἄφιξιν
1116 1427 1503 1494 ἐπιτρέποντα,
1528 1429 1631 1500 ήδη
1662 1430 1798 1498 πρὸς

225 1508 292 1573 τῇ
335 1507 498 1577 ἐξόδῳ
536 1503 628 1578 ἦνο
664 1510 855 1580 Φήμης
894 1512 951 1567 δὲ
991 1518 1429 1587 περιηχηθείσης
1468 1519 1546 1584 ώς
1577 1519 1653 1589 τῷ
1694 1521 1796 1589 υίῴ

225 1596 478 1667 Εύχερίῳ
497 1639 512 1664 ,
548 1604 953 1670 συνεργούντων
983 1607 1091 1660 τῶν
1120 1609 1179 1663 ὲν
1206 1608 1469 1679 δυνάμει,
1502 1614 1793 1681 τυραννίδα

1915 520 2021 565 est.
2088 512 2294 568 Deinde
2328 528 2461 568 vero
2495 522 2552 569 et
2605 512 2799 571 Stilieo
2834 515 3135 572 Honorium
3169 520 3477 588 impedivit,

1914 606 2216 676 quominus
2271 608 2811 674 Constantinopolim
2863 622 3090 679 propter
3141 612 3331 667 fratris
3377 616 3474 668 lilii

1914 714 2103 753 curam
2136 701 2489 763 concederet,
2529 713 2587 756 ut
2632 703 2825 761 lideles
2866 704 3154 773 przefectos
3182 705 3232 759 ei
3264 708 3473 760 consti-

1913 798 2111 854 tueret,
2142 789 2235 859 qui
2264 804 2373 844 non
2406 790 2480 844 ita
2510 789 2723 860 pridem
2755 792 2995 861 pupillus
3037 792 3213 849 factus
3251 793 3421 847 fuerat
3459 813 3469 846 :

1909 881 2116 935 veritus
2157 882 2371 937 scilicet
2414 882 2532 946 ille,
2593 898 2660 937 ne
2695 892 2923 953 propter
2956 892 3202 938 teneram
3252 896 3468 939 aetatem

1907 971 2256 1026 Theodosius
2322 987 2462 1041 puer
2520 973 2738 1028 adversi
2803 974 3103 1043 quidquam
3166 985 3464 1043 pateretur.

1908 1063 2165 1133 lmpediit
2216 1065 2363 1119 hunc
2417 1064 2587 1135 igitur
2643 1066 2858 1129 Stilieo,
2893 1067 3204 1121 necessario
3231 1084 3356 1122 eum
3413 1069 3467 1124 itt

1905 1153 2059 1208 ltalia
2108 1170 2331 1210 manere
2362 1155 2565 1211 debere
2596 1156 2813 1219 dicens,
2875 1167 3103 1227 propter
3157 1160 3461 1227 proximam

1904 1246 2244 1314 tyrannidem
2267 1247 2409 1316 apud
2431 1248 2700 1303 Arelatem
2722 1264 2749 1303 a
2769 1248 3129 1304 Constantino
3144 1252 3461 1306 excitatam.

1902 1337 2017 1392 Hoc
2054 1354 2178 1392 cum
2228 1339 2304 1393 illi
2354 1340 2746 1408 persuasisset,
2802 1341 3037 1395 alterum
3087 1356 3154 1396 ex
3208 1346 3460 1409 sceptris.

1899 1445 1994 1482 seu
2015 1429 2230 1488 vexillis
2262 1430 2469 1498 potius,
2490 1430 2744 1499 arripuit,
2767 1431 2911 1500 quod
2948 1432 3179 1486 Romani
3210 1434 3458 1487 labarum

1896 1530 2140 1574 vocant:
2190 1520 2469 1590 simulque
2521 1530 2763 1591 quatuor
2807 1522 3042 1576 militum
3095 1526 3345 1587 ordines,
3405 1534 3460 1577 et

1899 1612 2245 1682 imperatoris
2271 1615 2502 1679 litteras,
2531 1614 2736 1682 quibus
2763 1614 2816 1667 ei
2853 1614 3123 1683 profectio
3153 1615 3455 1672 Orientalis

225 1686 588 1758 καθίστησιν,
622 1692 680 1744 ἐν
717 1695 907 1749 στάσεί
942 1697 1000 1750 τὸ
1042 1704 1435 1769 στρατιωτικὸν
1468 1707 1777 1773 γενόμενονη

1897 1702 2337 1771 permittebatur,
2382 1706 2620 1773 accepit,
2660 1714 2829 1773 atque
2863 1706 2918 1760 in
2953 1706 3362 1774 expeditionem
3398 1726 3456 1762 se

224 1777 419 1847 πρῶτα
453 1783 550 1849 μὲν
581 1784 854 1840 κτείνουσι
885 1790 976 1840 τὸν
1004 1791 1105 1859 τῆς
1141 1790 1370 1857 Ἰταλίας
1406 1796 1501 1849 καὶ
1534 1797 1777 1851 Γαλατῶι

1894 1795 2067 1849 dedit.
2103 1795 2205 1850 Ubi
2244 1812 2375 1850 vero
2404 1796 2546 1850 fama
2575 1796 2877 1861 increbuit,
2914 1798 3263 1867 tyrannidem
3297 1799 3450 1853 illum

224 1868 492 1940 ὕπαρχον,
521 1875 615 1926 καὶ
641 1876 833 1941 ἄλλους
865 1878 1150 1947 βασιλικὰς
1181 1886 1359 1955 ἀρχὰς
1387 1888 1791 1960 ίπιτετραμμέυ

223 1975 368 2020 νους.
413 1960 489 2013 Οὐ
536 1962 714 2031 πολλῷ
750 1966 795 2016 δ’
823 1966 1052 2038 ὕστερον
1093 1973 1241 2040 παρὰ
1281 1975 1390 2028 τῶν
1433 1978 1490 2030 ὲν
1527 1978 1786 2050 Ῥασέννῃ

222 2050 571 2115 στρατιωτῶν
599 2055 695 2106 καὶ
724 2056 888 2118 αὐτὸς
915 2058 1227 2130 ἀναιρεῖται
1258 2065 1525 2136 Στελίχων
1549 2084 1564 2099 ’
1594 2068 1788 2125 ἔπειτα

122 2156 129 2163 ·
218 2137 277 2230 δε
307 2142 400 2194 καὶ
429 2143 456 2193 ὁ
483 2142 670 2221 τούτου
703 2148 815 2211 υίὸς
844 2150 1104 2220 Εύχέριος
1134 2156 1435 2213 κτίννυται.
1466 2161 1528 2212 Oi
1564 2162 1662 2230 μὲν
1691 2159 1786 2216 οὖν

218 2229 361 2284 οὕτω
409 2235 754 2303 φωραθέντες
802 2242 1063 2308 κακόνους
1111 2241 1253 2300 εῖναι
1300 2249 1378 2317 τῷ
1426 2229 1639 2321 βασιλεῖ
1681 2250 1783 2308 ὧδε

218 2322 537 2379 ἀπώλοντοο
583 2331 722 2397 μετὰ
762 2332 821 2385 δὲ
863 2334 963 2403 τὴν
1005 2336 1212 2391 τούτων
1257 2340 1539 2411 ἀναίρεσιν
1581 2345 1640 2397 τὺ
1686 2346 1785 2399 σὺν

215 2415 448 2505 ἐκείνοις
488 2420 760 2491 βάρϐαρον
781 2460 798 2487 ,
832 2424 908 2495 τῷ
949 2431 1334 2500 προειρημένῳ
1372 2432 1673 2505 Ἀλλαρίχῳ
1706 2438 1782 2505 τῷ

212 2501 400 2572 Γότθῳ
451 2506 749 2577 συμμίξαν,
799 2510 899 2579 τὴν
942 2513 1161 2585 Ῥώμην
1209 2518 1467 2589 ἐπειρᾶτο
1518 2501 1736 2585 πορθεῖν
1756 2501 1776 2556 '-

209 2592 406 2651 ἔπειτα
434 2602 561 2670 περὶ
590 2602 817 2672 εἰρήνης
844 2604 1162 2677 Ἀλλαρίχου
1193 2612 1332 2680 πρὸς
1359 2613 1617 2685 Ὀνώριον
1643 2616 1779 2686 πρέ-

209 2687 365 2750 σόεις
396 2690 726 2759 πέμψαντος,
757 2697 879 2749 ἐπεὶ
905 2697 1274 2768 ἀπετύγχανε,
1303 2703 1533 2771 πολλοὺς
1562 2709 1654 2759 καὶ
1684 2708 1777 2761 ἄλ-

207 2776 339 2841 λους
371 2778 679 2853 βαρϐάρους
712 2787 1045 2856 ἐπαγαγὼν,
1077 2792 1179 2861 τὴν
1213 2792 1434 2862 Ῥώμην
1462 2797 1616 2862 αὖθις
1648 2802 1777 2853 ἑπο-

204 2868 420 2939 λιόρκει
458 2875 923 2946 παρακαθήμενος
946 2898 962 2912 ο
999 2886 1094 2935 καὶ
1128 2884 1221 2937 τὸν
1254 2889 1498 2958 ποταμὸν
1531 2889 1777 2960 Θύμϐριν

207 2960 450 3029 συσχὼν,
493 2963 551 3026 ὃς
596 2966 683 3019 διὰ
729 2969 895 3037 μέσου
938 2973 1051 3041 ῥέει
1093 2976 1191 3044 τῆς
1239 2978 1467 3044 πόλεως,
1514 2980 1772 3036 διεκώλυε

1893 1887 2005 1941 lilio
2032 1887 2336 1951 Eucherio,
2364 1888 2447 1942 eis
2476 1886 2873 1958 adjuvantibus
2895 1888 2989 1957 qui
3022 1904 3147 1944 cum
3179 1899 3454 1959 potestate

1890 1978 2034 2047 apud
2074 1978 2251 2047 ipsum
2285 1986 2465 2043 erant,
2497 1994 2723 2046 parare;
2758 1976 2984 2042 milites.
3016 1980 3287 2036 seditione
3336 1998 3456 2035 mo-

1889 2082 1964 2137 ta,
1996 2072 2234 2141 primum
2293 2074 2458 2128 Italiae
2504 2074 2775 2129 etGallia:
2805 2075 3149 2144 praefectum,
3205 2077 3457 2147 aliosque

1887 2166 2090 2234 quibus
2123 2166 2463 2235 imperatorii
2501 2166 2852 2236 magistratus
2893 2168 3172 2224 commissi
3206 2168 3448 2232 fuerant,

1886 2266 2152 2312 necarunt
2183 2276 2197 2312 :
2226 2240 2429 2312 deinde
2471 2258 2636 2326 paulo
2676 2268 2799 2325 post
2850 2260 3130 2315 Ravennae
3174 2276 3204 2315 a
3258 2261 3450 2316 militi-

1884 2345 1988 2400 bus
2020 2355 2075 2400 et
2107 2346 2225 2414 ipse
2273 2345 2485 2409 Stilico,
2537 2363 2662 2402 mox
2698 2347 2864 2402 etiam
2912 2349 3056 2405 filius
3086 2351 3207 2420 ejus
3239 2351 3449 2406 Euclio-

1886 2437 2309 2507 rinsjugulatus
2337 2446 2443 2492 est.
2491 2438 2673 2507 Atque
2720 2439 2813 2493 isti
2856 2440 3108 2508 quidem,
3152 2442 3299 2510 quod
3343 2446 3444 2495 ad-

1882 2547 2078 2587 versus
2095 2532 2486 2602 imperatorem
2505 2533 2858 2603 conspirasse
2879 2534 3208 2606 deprehensi
3235 2544 3440 2598 essent.

1880 2624 1946 2677 ad
1987 2624 2131 2677 hunc
2164 2626 2385 2679 modum
2415 2626 2696 2681 interiere.
2741 2624 2869 2681 Post
2897 2642 3091 2681 eorum
3144 2637 3327 2683 autem
3361 2629 3443 2682 io-

1882 2714 2125 2778 teritnm,
2154 2716 2249 2784 qui
2293 2733 2416 2769 eum
2472 2716 2580 2771 illis
2633 2717 2850 2772 fuerant
2896 2719 3133 2783 barbari,
3187 2722 3238 2775 ei
3270 2737 3436 2791 quem

1878 2808 2116 2863 diximus
2146 2809 2402 2863 Alaricho
2432 2809 2637 2865 Gouho
2672 2811 2979 2879 conjuncti,
3013 2813 3240 2867 Romam
3271 2830 3443 2885 expuo

1877 2914 2046 2969 gnare
2084 2901 2321 2970 aggressi
2374 2909 2523 2955 sunt.
2567 2902 2645 2955 lbi
2701 2903 2989 2959 Alarichus
3030 2905 3099 2960 de
3144 2921 3275 2973 pace
3317 2923 3440 2962 ora-

1880 3001 2026 3046 tores
2055 2992 2123 3045 ad
2159 2992 2459 3047 llonoriutn
2484 2996 2632 3050 misit
2662 3014 2676 3049 :
2710 3012 2875 3066 quam
2912 2997 3004 3052 ttbi
3033 3014 3142 3053 non
3167 3002 3433 3063 obtinuit,

204 3052 383 3122 ταύτῃ
407 3055 515 3107 τῶν
540 3059 860 3128 ἐπιτηδείων
883 3066 981 3132 τὴν
1006 3067 1214 3121 εῖσοδον
1240 3072 1304 3122 ἐκ
1335 3072 1542 3143 Πὸρτου
1571 3075 1769 3144 ἀνάγε-

1882 3082 1996 3136 aliis
2024 3098 2245 3151 quoque
2279 3085 2466 3140 multis
2514 3086 2765 3142 barbaris
2802 3089 3080 3152 adductis,
3129 3091 3433 3147 Romanam

208 3143 360 3239 603:,
402 3148 685 3239 AMéTthOV
734 3154 782 3206 δ’
809 3158 839 3208 ὁ
889 3158 1094 3227 Πόρτος
1138 3161 1239 3230 τῆς
1281 3163 1499 3237 Ῥώμης
1548 3168 1771 3239 νεώριον

204 3237 362 3330 τρισὶ
400 3237 582 3307 λιμέσι
625 3250 1132 3318 περιγραφόμενον,
1177 3256 1270 3307 καὶ
1310 3259 1387 3319 είς
1433 3263 1635 3330 μικρᾶς
1660 3237 1772 3316 ἠπό-

205 3325 349 3388 λεως
387 3333 844 3402 παρατεινόμενον
877 3339 1109 3408 μέγεθος
1150 3342 1326 3410 (οὕτω
1359 3325 1467 3416 γὰρ
1497 3325 1558 3402 τὸ
1589 3351 1768 3404 ἐκεῖσε

204 3418 447 3472 ιπίνειον
483 3419 743 3492 Ῥωμαῖοι
777 3427 1057 3499 καλοῦσι).
1096 3432 1270 3502 Λιμοῦ
1306 3435 1351 3487 δ’
1376 3437 1767 3509 ἐπιγενομένου

204 3511 276 3577 τῇ
312 3512 505 3566 σπάνει
535 3515 1012 3585 τώνοάναγκαίων,
1044 3524 1180 3587 πρὸς
1212 3524 1267 3578 δὲ
1301 3529 1395 3580 καὶ
1425 3529 1638 3600 λοιμοῦ.
1674 3532 1765 3586 καὶ

204 3600 320 3657 τῶθ
363 3602 562 3661 δούλων
610 3608 711 3677 ἤδη
763 3610 900 3679 πρὸς
937 3608 1251 3684 Ἀλλάριχον
1299 3617 1761 3686 αὐτομολούντων,

200 3699 380 3752 ἐδόκει
409 3699 559 3754 θύειν
590 3706 723 3755 πᾶσι
755 3707 920 3767 ναοῖς.
954 3705 1187 3762 Θοῦσκοι
1215 3709 1273 3762 δέ
1304 3728 1451 3776 τινες
1484 3716 1763 3786 μετακλη-

203 3785 430 3851 θέντες.
481 3790 842 3862 ὑπισχνοῦντο
891 3798 1159 3864 σκηπτοῖς
1207 3813 1314 3851 τισι
1367 3801 1460 3853 καὶ
1512 3785 1762 3872 βρονταῖς

200 3881 332 3943 τοὺς
387 3879 697 3949 βαρόἀρους
750 3883 959 3936 ἐκεῖθεν
1010 3886 1278 3943 ἐλαύνειν.
1333 3890 1604 3960 Εῖργᾳστο
1653 3897 1762 3967 γὰρ

196 3969 360 4022 τοῦτο
390 3970 576 4034 αὐτοῖς
608 3972 702 4024 καὶ
736 3974 865 4042 περὶ
897 3974 1052 4028 πόλιν
1081 3976 1270 4047 ἄλλην,
1300 3980 1538 4051 Λσρνίαν
1564 3985 1756 4055 ὄνομα,

194 4061 267 4133 ἢν
297 4062 400 4130 οὐχ
432 4055 576 4115 εἷλεν
609 4063 924 4134 ’Δλλάριχος
956 4069 1190 4137 παριών.
1224 4069 1299 4123 ού
1340 4073 1447 4142 μὴν
1480 4072 1689 4145 ὤνησεν
1726 4078 1758 4148 ἡ

189 4152 420 4222 τοιαύτη
468 4155 700 4210 ἐπίνοια.
733 4155 889 4210 Ὅσοι
931 4159 1042 4228 γὰρ
1087 4159 1149 4215 εὖ
1194 4156 1339 4233 εῖχον
1387 4167 1754 4235 φρονήματος,

189 4245 341 4296 κατὰ
373 4244 536 4313 μῆνιν
567 4245 717 4300 θείαν
746 4249 915 4303 ταῦτα
946 4252 1275 4307 πεπονθέναι
1310 4256 1613 4326 Ῥωμαίους
1645 4261 1759 4312 ἑνό-

190 4334 352 4405 μιζον
386 4340 453 4407 τῇ
497 4339 662 4410 πολλῇ
706 4343 959 4414 ῥᾳστώνῃ
998 4349 1092 4400 καὶ
1134 4346 1401 4419 ἀκολασίᾳ
1443 4351 1508 4420 ἢν
1548 4352 1756 4404 ἐπεδεί-

1851 3172 2062 3226 mrbetn
2110 3172 2329 3228 obsedit
2369 3192 2382 3227 :
2436 3185 2492 3228 et
2540 3175 2780 3231 'l‘iberim
2827 3192 3043 3231 amnem
3080 3177 3155 3246 (2)
3191 3183 3286 3247 qui
3338 3196 3435 3246 per

1874 3262 2067 3317 urbem
2097 3264 2332 3323 mediam
2370 3265 2509 3330 nuit,
2541 3267 2811 3323 cohibens
2839 3269 2939 3338 (5),
2974 3285 3041 3322 ne
3073 3284 3160 3324 res
3185 3285 3436 3325 necessao

1872 3353 1968 3409 ria)
2022 3369 2088 3409 ex
2139 3365 2304 3424 portu
2366 3356 2420 3411 in
2473 3357 2666 3413 urbem
2725 3360 3175 3429 importarentur,
3229 3363 3432 3418 ellecit.

1869 3447 2070 3502 Portus
2116 3457 2301 3503 autem
2349 3451 2649 3505 maximum
2699 3454 2892 3506 navale
2936 3455 3307 3510 Romanorum
3349 3468 3433 3511 est

1869 3538 1971 3605 (sic
2001 3539 2147 3592 enim
2206 3539 2286 3593 illi
2336 3541 2557 3594 navium
2593 3544 2891 3597 stationem
2938 3546 3261 3613 appellant),
3320 3556 3432 3599 tres

1868 3628 2079 3684 habens
2132 3641 2428 3699 receptus,
2483 3632 2848 3701 amplitudine
2901 3651 3123 3704 parvam
3185 3638 3430 3694 referens

1868 3720 2081 3775 urbem.
2099 3720 2261 3792 422
2280 3721 2416 3777 Cum
2438 3722 2602 3792 igitur
2628 3738 2861 3779 annonae
2893 3728 3145 3794 penuria,
3163 3729 3333 3785 fames
3348 3731 3426 3801 (4)

1865 3812 2026 3867 simul
2060 3823 2118 3868 et
2162 3813 2334 3883 pestis
2368 3824 2563 3870 exorta
2590 3826 2759 3878 esset.
2794 3828 2850 3873 et
2876 3820 2987 3889 jam
3017 3823 3160 3876 servi
3203 3823 3270 3878 ad
3303 3825 3427 3878 Ala-

1864 3905 2078 3960 richum
2115 3907 2540 3978 transfugerent.
2567 3908 2826 3966 Romanis
2847 3913 3200 3970 senatoribus
3223 3916 3425 3971 Caeca:

1863 3998 2299 4066 superstitionis,
2332 4010 2392 4055 ut
2435 4000 2490 4054 in
2526 4001 2801 4071 Capitolio
2831 4013 2886 4058 ct
2920 4006 3140 4074 templis
3166 4008 3425 4062 omnibus

1862 4090 2125 4145 sacriﬁcia
2192 4091 2405 4157 tierent,
2468 4094 2694 4161 placuit.
2743 4094 2917 4151 Acciti
2980 4107 3165 4153 autem
3217 4098 3418 4155 Thusei

1859 4181 2107 4250 quidam,
2151 4184 2356 4238 tonitru
2396 4197 2451 4239 et
2497 4185 2826 4242 fulminibus
2867 4203 2926 4242 se
2981 4188 3244 4246 barbaros
3292 4192 3421 4247 inde

1857 4275 2220 4343 propulsuros
2248 4290 2372 4331 esse
2406 4276 2632 4345 polliciti
2671 4291 2822 4333 sunt.
2856 4277 2988 4334 Nam
3022 4280 3078 4336 id
3122 4282 3197 4336 illi
3227 4283 3293 4338 ad
3324 4300 3422 4338 ur-

1859 4366 1982 4421 hem
2040 4368 2225 4433 aliam,
2281 4370 2369 4424 cui
2421 4386 2621 4428 nomen
2685 4371 2901 4429 Larnizc
2959 4376 3061 4445 (5).
3121 4376 3413 4433 fecerant:

152 4432 165 4443 ’
187 4446 421 4495 κνυντο,
452 4430 526 4493 ώς
562 4435 654 4484 καὶ
690 4434 854 4487 αὐτόν
888 4438 1007 4489 ποτ’
1041 4437 1360 4512 Ἀλλᾶριχον
1391 4446 1539 4497 τουτὶ
1574 4461 1753 4513 παρα·-

1882 4475 2019 4529 ιιιιιιη
2055 4462 2246 4515 urbem
2289 4463 2584 4520 Alarichus
2631 4466 2911 4523 obsessam
2950 4483 3059 4523 non
3094 4473 3285 4539 cepit:
3323 4472 3416 4526 sed

184 4521 380 4584 δεῖξαι.
420 4523 634 4596 Ἀγαθῷ
669 4525 777 4594 γάρ
807 4543 915 4580 τινι
950 4529 1104 4600 ἀνδρὶ
1138 4534 1491 4604 παραινοῦντι
1529 4536 1750 4608 Ῥώμης

1882 4521 2144 4607 ίοιιείιίυιιι
2192 4565 2549 4625 ereptumque
2598 4557 2650 4612 id
2705 4521 2908 4615 frustra
2962 4521 3414 4631 fuitjs'iq‘uide‘tn

186 4612 491 4681 φείδεσθαι,
526 4619 619 4669 καὶ
653 4618 728 4689 μὴ
759 4620 934 4675 αἴτιον
960 4624 1235 4680 τοσούτων
1264 4628 1452 4682 κακῶν
1480 4629 1747 4697 γίνεσθαι,

1882 4645 1945 4699 ‘ui
1996 4655 2203 4701 rectam
2249 4648 2576 4704 obtinebant
2625 4661 2887 4716 mentem,
2938 4653 3181 4709 vindicta
3226 4657 3413 4711 divina

180 4709 396 4759 ἐκεῖνον
441 4710 603 4776 φάναι
651 4710 905 4780 λέγεται,
967 4715 1042 4779 ώς
1097 4736 1116 4769 ι
1144 4718 1294 4774 ἄκων
1343 4722 1623 4776 ἐπιϐάλλει
1672 4724 1750 4793 τῷ

1882 4738 2132 4792 lomanos
2159 4738 2274 4793 haec
2298 4737 2407 4807 pati
2442 4740 2849 4806 existimarunt,
2899 4753 3125 4813 propter
3159 4745 3412 4813 ingentes

177 4800 369 4867 ἔργῳ’
416 4820 436 4851 ι
479 4804 719 4872 συνεχῶς
762 4808 873 4874 γάρ
917 4824 1039 4860 τινα
1081 4811 1447 4881 ἐπικείμενον,
1490 4815 1746 4885 ἐνοχλεῖν,

1887 4825 2099 4892 elicias,
2158 4836 2214 4882 et
2264 4800 2401 4897 quas
2446 4831 2784 4886 exhibebant
2833 4800 3114 4890 libidines.
3153 4800 3407 4905 l‘luqttnd

176 4893 284 4959 τὴν
318 4893 541 4965 Ῥώμην
570 4900 813 4968 πορθεῖν.
847 4903 913 4954 "O
944 4904 1037 4955 καὶ
1066 4904 1316 4972 ἐποίησε.
1352 4906 1485 4960 Τότε
1521 4910 1619 4978 μὲν
1652 4907 1747 4963 οὖν

1882 4916 2140 4986 liquando
2182 4893 2299 4986 ipse
2349 4935 2569 4988 quoque
2616 4920 2909 4977 Alarichus
2959 4928 3224 4980 ostendit.
3269 4893 3403 4984 liam

175 4985 439 5054 χρήματα
465 4987 668 5052 λαϐὼν,
695 4990 797 5058 τὴν
822 4992 1141 5063 πολιορκίαν
1164 4997 1363 5064 διέλυε,
1394 5000 1744 5070 συνθεμένων

1885 4985 1994 5063 ouo
2033 4985 2250 5064 cuidam
2280 4985 2421 5079 gviro
2464 4985 2542 5081 (θ)
2588 5029 2710 5066 eum
2761 5015 3068 5070 cohortattti
3114 5027 3172 5072 ut
3222 5021 3406 5077 Roma:

182 5075 508 5145 Ῥωμαίων,
541 5079 762 5149 βασιλέα
793 5084 1005 5138 πείθειν
1034 5088 1113 5150 εἰς
1145 5089 1371 5160 εἰρήνην
1400 5092 1564 5148 αὐτὸν
1592 5093 1744 5164 δέχε-

1883 5112 2116 5159 areeret.
2156 5118 2334 5170 neque
2385 5110 2465 5157 tot
2514 5107 2784 5161 malorum
2837 5120 3030 5164 auctor
3084 5112 3262 5175 fieret,
3317 5117 3404 5169 di-

169 5166 326 5219 σθαι.
370 5169 479 5222 Καὶ
521 5172 817 5243 πρεσσείας
860 5176 1182 5247 γενομένης,
1216 5182 1266 5232 oi
1302 5183 1562 5236 τάναντία
1606 5201 1739 5254 φρο-

1882 5193 1988 5246 isse
2040 5190 2239 5258 fertur,
2285 5214 2303 5244 ι
2337 5194 2567 5249 invitum
2625 5212 2683 5252 se
2730 5215 2852 5255 eam
2910 5218 3023 5256 rem
3090 5207 3336 5275 aggredi.
3376 5227 3394 5259 ι

244 5331 328 5410 (ξι)
356 5329 620 5411 Similiter
652 5332 769 5411 haec
798 5335 868 5411 ita
898 5337 1159 5411 dicuntur
1200 5342 1343 5411 apud
1390 5343 1538 5400 Paul.
1587 5345 1734 5400 Diae.

158 5399 237 5453 de
270 5401 388 5479 ipso
415 5402 703 5479 Aluﬂcho:
732 5404 835 5471 Qui
867 5421 992 5461 cum
1021 5399 1303 5466 discedere
1326 5399 1608 5479 voluisset,
1633 5399 1739 5470 llo?

156 5472 312 5549 nor-“ii
343 5469 549 5549 litteris
582 5469 962 5549 retcnmsest,
993 5480 1136 5533 sicut
1166 5481 1281 5549 ipse
1310 5469 1607 5538 confessus,
1624 5469 1734 5540 est.

236 5538 318 5605 (‘2)
342 5537 681 5614 Sogomenus
708 5537 1020 5614 Alarichutn
1043 5537 1351 5614 praesidium
1373 5537 1603 5608 militum
1630 5537 1736 5609 fre;

156 5624 345 5678 quens
372 5609 437 5662 ad
473 5626 689 5666 amnem
730 5613 968 5669 Tiberim
1001 5609 1294 5674 collocasse
1340 5621 1492 5675 dicit.

127 5714 134 5721 .
177 5677 186 5678 “
235 5677 316 5749 (5)
349 5678 589 5750 Σνσχών,
647 5698 807 5738 amne
838 5697 1125 5756 occupato.
1177 5689 1393 5745 Sozom.
1428 5693 1732 5763 ἐπιστήσας
1787 5699 1790 5702 ’

1840 5345 2072 5417 τύϐριδι.

1912 5418 1989 5487 (4)
2020 5420 2168 5474 Adeo
2200 5419 2372 5500 fames
2402 5422 2581 5477 Roma-
2617 5424 2865 5500 invaluit,
2884 5439 2955 5500 Aul
3004 5430 3251 5483 homines
3302 5448 3401 5500 pro

1840 5486 2406 5567 frtt'mento_eastatteis
2434 5505 2736 5567 uterentur.
2753 5486 3034 5550 Creditum
3059 5514 3274 5567 quoque
3294 5486 3399 5564 est,

1837 5557 2375 5630 quosdamhumanis
2403 5564 2660 5617 carnibus
2686 5580 2789 5615 non
2812 5557 3164 5624 abstinuisSe.
3188 5557 3401 5630 Sozam;

1906 5629 1985 5689 (ὅ)
2026 5628 2251 5697 Videtur
2287 5631 2596 5697 legendum,
2629 5632 2875 5690 Narniw.

1909 5700 1983 5765 (6)
2027 5696 2306 5751 Monacho.
2336 5696 2551 5754 Sozam.
