3898 6192
512 282 648 346 1043

1677 292 2126 357 :NlCEPHORI
2165 300 2506 361 CALLISTI

3509 315 3610 380 lOil

502 396 780 452 Continue
813 399 960 456 enim
1007 401 1299 468 quemdam
1348 404 1453 459 sibi
1506 406 1912 476 imminentem,
1949 428 2066 466 mo—

2202 415 2388 480 οῦντες
2423 417 2728 488 Ἀλλαρίχῳ
2762 419 3009 487 ἐμποδὼν
3037 423 3100 490 τῇ
3135 422 3313 496 είρήνη
3341 429 3611 488 καθίσταντο.

505 489 705 544 festum
770 505 912 560 esse,
969 491 1307 562 Romamque
1357 506 1575 554 vastare
1633 501 1851 571 jubere.
1906 503 2064 570 Quod

453 595 455 597 ί
509 581 672 632 etiam
705 581 924 636 tandem
959 582 1111 638 fecit.
1149 584 1226 640 Ac
1265 596 1380 640 tum
1423 590 1647 658 quidem
1691 593 1925 662 pecunia
1971 609 2064 648 ac-

507 678 687 739 cepta,
723 671 1066 728 obsidionem
1098 677 1260 730 solvit
1289 697 1301 732 :
1337 695 1462 734 cum
1507 682 1739 738 Romani
1772 687 1916 755 pacti
1941 703 2067 742 cum

507 774 575 813 eo
606 770 812 824 essent,
845 762 1168 830 imperatori
1215 784 1274 823 se
1308 787 1591 840 suasuros,
1626 785 1687 829 ut
1721 791 1908 844 pacem
1942 794 2065 832 cum

510 867 578 904 eo
613 851 799 905 iniret.
831 853 901 906 Et
937 854 1211 924 legatione
1238 862 1424 928 missa,
1460 866 1551 932 qui
1583 866 1842 923 Alariclto
1873 869 2069 924 adver-

509 942 795 1008 sabantur,
819 943 1236 1016 impedimento,
1264 968 1333 1007 ne
1357 970 1461 1024 pax
1487 972 1550 1011 ea
1570 971 1869 1024 constaret,
1893 963 2069 1018 fuere.

513 1032 690 1102 Atque
723 1035 1044 1092 Innocentio
1072 1040 1399 1108 legationem
1425 1047 1688 1114 obeunte,
1721 1051 2071 1120 imperatoris

512 1125 717 1180 litteris
751 1142 1050 1196 persuasus
1080 1133 1393 1202 Alarichus,
1429 1140 1496 1194 ad
1531 1142 1837 1198 Ariminum
1877 1147 2067 1202 urbem

509 1216 810 1282 concessit,
857 1235 980 1287 quae
1005 1223 1263 1280 ducentis
1289 1235 1346 1281 et
1373 1228 1561 1284 decem
1593 1234 1785 1288 stadiis
1811 1236 2070 1294 Ravenna

511 1306 696 1362 distat.
737 1307 928 1377 lbique
978 1325 1104 1366 eum
1146 1327 1213 1368 eo
1256 1331 1286 1370 e
1334 1332 1495 1373 muro
1528 1322 1832 1380 collocutus
1882 1325 2072 1384 Jovius

513 1396 682 1452 ltalize
747 1399 1082 1469 praefectus,
1152 1407 1474 1475 petitionem
1554 1414 1673 1482 ejus
1749 1414 2071 1486 imperatori

514 1488 782 1553 ostendit,
825 1491 1030 1546 debere
1059 1508 1186 1548 eum
1233 1512 1332 1565 per
1380 1498 1595 1556 litteras
1639 1503 1833 1558 ducem
1869 1509 2069 1576 przetici

512 1579 793 1669 exercitus
842 1583 1134 1654 utriusque
1166 1600 1421 1644 censens.
1455 1586 1637 1660 Atque
1669 1593 1760 1648 ille
1807 1597 1911 1652 alia
1953 1605 2075 1669 qut-

487 1668 637 1732 ,dem
670 1670 720 1724 ei
755 1675 1029 1728 concessit
1062 1694 1075 1729 :
1110 1676 1436 1745 dignitatem
1471 1691 1655 1738 autem
1699 1701 1818 1741 eam
1852 1699 1910 1742 ut
1939 1668 2072 1744 con-

2179 507 2528 562 ⁶Ιννοκεντίου
2560 509 2616 562 δὲ
2650 509 3124 579 πρεσϐευσαμένου
3143 554 3158 577 ,
3188 516 3408 578 πεισθεὶς
3435 521 3616 592 Ἀλλάρι-

2169 616 2262 668 χος
2295 598 2555 668 βασιλέως
2587 600 2912 669 γράμμασιν
2933 641 2947 665 ,
2980 601 3057 663 είς
3092 602 3344 674 Ἀρίμινον
3367 601 3452 677 ἧκε
3479 612 3616 676 πόλιν,

2171 690 2304 742 δέκα
2337 691 2433 742 καὶ
2465 689 2755 752 διακοσίοις
2792 691 3022 752 σταδίοις
3055 691 3318 761 διέχουσαν
3345 698 3428 764 τῆς
3455 699 3619 753 Ῥαϐένο

2171 797 2268 850 νης
2287 795 2302 811 ·
2330 780 2458 835 ἔνθα
2485 783 2564 844 είς
2589 782 2784 848 λόγους
2811 783 2873 834 ὲκ
2895 783 3088 851 τειχῶν
3103 782 3280 845 Ἰὁϐιος
3303 786 3329 837 ό
3350 787 3430 853 τῆς
3447 788 3620 854 Ἰταλίας

2174 870 2418 940 ὕπαρχος
2451 871 2714 940 ὁμιλήσας
2735 912 2750 936 ,
2783 873 2844 923 τὸ
2877 870 3119 941 βούλημα
3147 873 3321 942 ἐδήλου
3348 875 3415 942 τῷ
3443 876 3620 943 βασιλεῖ,

2170 962 2246 1026 ὡς
2286 963 2396 1015 δέοι
2439 963 2600 1016 αὑτὸν
2641 963 2846 1026 δέλτοις
2889 964 3055 1034 τιμᾷν
3097 966 3377 1034 στρατηγὸν
3413 966 3624 1035 δυνάμεως

2173 1051 2463 1121 ἑκατέρας.
2499 1051 2561 1106 ’0
2583 1053 2641 1105 δὲ
2679 1053 2847 1106 τᾶλλα
2887 1054 2987 1122 μὲν
3023 1053 3210 1115 ἐδίδου,
3233 1054 3374 1119 ἀξίας
3405 1056 3453 1107 δὲ
3482 1056 3622 1110 οὔποτε

2175 1141 2508 1213 μεταδώσειν
2547 1143 2854 1197 κατένευεν.
2881 1143 3067 1205 ’Ῑὸϐιος
3101 1143 3159 1196 δὲ
3197 1144 3411 1204 ἀϐούλως
3439 1147 3488 1198 τὸ
3517 1148 3626 1212 δόξαν

2171 1231 2249 1300 τῷ
2291 1230 2501 1301 βασιλεῖ
2541 1232 2935 1298 ἀναγινώσκειν
2960 1230 3256 1300 Ἀλλαρίχῳ
3290 1232 3520 1287 ἐκέλευεν.
3543 1237 3626 1290 Ἐπὶ

2172 1321 2228 1374 δὲ
2257 1324 2322 1392 τῇ
2357 1323 2582 1391 ἀρνήσει
2612 1322 2705 1374 τοῦ
2737 1319 3049 1392 ἀξιώματος
3078 1322 3340 1390 ὀργισθείς
3359 1322 3626 1394 Ἀλλὰριχος,

2174 1412 2247 1474 ὼς
2297 1412 2657 1482 ὑϐρισμένος.
2707 1412 2908 1482 ἀθρόον
2955 1415 3023 1482 τῇ
3074 1412 3319 1481 σάλπιγγι
3362 1416 3559 1482 σημήνας
3589 1419 3627 1469 ιδ

2175 1502 2459 1566 ἐνυάλιον,
2507 1504 2602 1556 ἐπὶ
2641 1502 2868 1572 Ῥώμην
2911 1502 3132 1570 ἠλαυνε.
3175 1503 3352 1566 Δείσας
3391 1505 3437 1556 δὲ
3471 1505 3628 1570 Ἰόύιος,

2176 1593 2596 1663 παρασκεύαζεν
2639 1593 2866 1663 ὀμνύειν
2910 1593 3040 1656 τοὺς
3079 1595 3204 1663 περὶ
3240 1595 3403 1656 αὑτὸν.
3443 1597 3502 1665 μή
3541 1615 3631 1651 ποτε

2177 1684 2434 1755 εἰρηνικὰ
2493 1685 2589 1738 καὶ
2644 1684 2723 1754 τῷ
2783 1683 3047 1753 βαρϐάρῳ
3103 1684 3370 1753 φρονῆσαι.
3400 1686 3631 1758 ’Δλλάριχος

510 1758 703 1824 ferret,
762 1763 1006 1817 nondum
1043 1767 1260 1820 statuit.
1310 1768 1505 1824 Jovius
1541 1773 1855 1829 inconsulte
1900 1779 2077 1849 impe-

2199 1750 2244 1826 ἑὲ.
2280 1750 2341 1826 τὸ
2391 1771 2614 1841 ἀξίωμα
2662 1750 3187 1844 παραιτησᾶμενος,
3231 1750 3400 1842 έτερον
3435 1750 3539 1845 ᾔτει.

513 1853 717 1906 ratoris
745 1851 1034 1909 decretum
1076 1857 1339 1914 Alaricbo
1375 1861 1480 1931 legi
1526 1863 1717 1932 jussit.
1757 1867 1948 1938 Itaque
1985 1871 2078 1926 ille

431 1945 434 1950 ’
513 1954 742 2014 propter
772 1949 1097 2017 dignitatem
1136 1952 1240 2006 sibi
1280 1953 1628 2024 denegatam,
1658 1960 1886 2028 perinde
1918 1972 2081 2032 atque

519 2038 720 2108 injuria
772 2039 1003 2095 affectus
1052 2053 1218 2110 esset,
1258 2046 1596 2117 indignatus,
1658 2053 1784 2105 tuba
1847 2053 2080 2108 classico

519 2131 642 2184 cani
675 2131 850 2200 jusso,
884 2133 1112 2187 Romam
1149 2137 1454 2193 contendit.
1485 2139 1678 2195 Jovius
1719 2151 1898 2198 autem
1931 2156 2079 2200 metu

521 2225 831 2292 perculsus,
863 2241 931 2281 ne
967 2227 1021 2280 in
1065 2229 1460 2297 suspicionem,
1491 2233 1726 2301 perinde
1757 2245 1925 2305 atque.
1952 2236 2078 2291 bar-

522 2314 660 2368 baro
690 2315 917 2382 faveret,
954 2317 1098 2386 apud
1127 2319 1516 2389 imperatorem
1554 2323 1847 2390 incideret,
1875 2327 2082 2397 impru-

523 2408 746 2462 dentius
771 2409 937 2462 etiam
975 2426 1139 2479 quam
1172 2423 1330 2466 antra
1353 2413 1710 2483 jurisjurandi
1737 2430 2081 2475 sacramento

522 2515 653 2555 suos
683 2499 891 2569 adegit.
916 2516 983 2554 ne
1016 2517 1204 2570 pacem
1239 2519 1477 2572 unquam
1512 2521 1634 2560 cum
1667 2507 1906 2563 barbaro
1938 2511 2082 2566 face-

519 2597 664 2642 rent.
724 2587 896 2644 [θοι-το
926 2590 1218 2644 Alaricbus
1265 2592 1366 2660 tl),
1422 2591 1688 2662 dignitate
1741 2605 2078 2665 contempta,

519 2682 658 2736 nihil
708 2683 946 2752 amplius
979 2683 1126 2752 quod
1187 2685 1418 2738 Romani
1471 2685 1758 2749 haberent,
1796 2688 1972 2756 petiit.
2008 2689 2078 2742 Et
2117 2737 2129 2750 ,

519 2775 612 2828 ubi
641 2775 727 2830 bis
759 2775 1146 2844 episcoporum
1183 2776 1458 2843 legatione
1491 2778 1680 2839 missa,
1708 2780 1851 2847 quod
1884 2789 2077 2849 postu-

517 2869 694 2932 larit,
728 2885 838 2924 non
875 2869 1229 2938 impetravit,
1271 2870 1500 2924 Romam
1551 2887 1746 2927 rursus
1792 2873 2082 2928 obsidione

519 2962 694 3016 cinxit
722 2979 736 3014 :
770 2972 1045 3030 portuque
1077 2971 1257 3030 capto,
1296 2962 1575 3016 Romanos
1604 2963 1678 3028 vi,
1714 2971 1771 3016 ut
1814 2963 2079 3028 Attalum,

2180 1867 2269 1919 δὲν
2321 1864 2620 1934 Ῥωμαίοις
2673 1863 2964 1934 τυγχάνον.
3020 1863 3110 1926 Ὠς
3160 1863 3215 1916 δὲ
3263 1863 3336 1926 δὶς
3384 1866 3633 1938 πρεσϐευτάς

2185 1972 2345 2026 μενος
2399 1954 2820 2022 ἀπετύγχανεν,
2874 1952 3050 2005 ἐλθὼν
3107 1952 3395 2021 ἐπολιόρκει
3440 1953 3635 2022 τὴνῬὼ-

2184 2064 2313 2117 μην.
2386 2045 2557 2100 Ἐλὼν
2620 2045 2679 2098 δὲ
2738 2044 2797 2097 τὸ
2866 2045 3108 2096 ἐπίνειον
3168 2044 3394 2111 Πόρτον,
3447 2045 3635 2098 ’Δτταλόν

2180 2157 2323 2202 τινα,
2376 2136 2624 2208 ὕπαρχον
2665 2135 2973 2204 τηνικαῦτα
3004 2135 3105 2204 τῆς
3152 2134 3350 2198 πόλεως
3389 2136 3518 2198 ὄντα,
3550 2137 3628 2189 Ῥω

2185 2230 2379 2300 μαίου;
2406 2228 2590 2292 ὲϐίαζε
2621 2227 2847 2298 βασιλέα
2874 2227 3210 2297 ψηφίζεσθαι
3230 2244 3243 2257 ·
3274 2228 3300 2280 δ
3324 2228 3407 2280 καὶ
3432 2227 3637 2294 ίποίησαν.

2193 2320 2432 2380 Ἐκεῖνος
2465 2319 2522 2370 δὲ
2556 2317 2784 2381 πολλοὺς
2828 2319 3124 2387 Ῥωμαίων
3162 2318 3250 2370 ἐπὶ
3281 2317 3369 2380 τὰς
3394 2318 3531 2386 ἀρχὰς
3553 2334 3640 2384 προ·

2182 2409 2534 2477 ϐαλλόμενος,
2567 2409 2663 2461 καὶ
2707 2407 3030 2479 Ἀλλάριχον
3064 2409 3375 2478 ἐχειροτόνει
3421 2409 3641 2475 στρατηγὸν

2183 2502 2451 2571 ἑκατέρας
2513 2501 2798 2572 δυνάμεως
2829 2516 2844 2530 ⁶
2892 2499 3222 2568 Ἀδαοῦλφον
3272 2499 3358 2552 τδν
3395 2499 3478 2568 τῆς
3500 2501 3643 2560 οἰκείας

2183 2599 2433 2668 γαμετῆς
2487 2595 2718 2664 ἀδελφὸν
2774 2595 3026 2665 ἡγεμόνα
3087 2595 3193 2646 τῶν
3231 2593 3416 2646 ἱππέων
3461 2593 3644 2644 καθίστα.

2191 2689 2459 2750 ’Ἄτταλος
2480 2688 2538 2741 δὲ
2582 2687 2925 2756 συγκαλέσας
2975 2686 3040 2738 τὸ
3069 2684 3285 2755 πλῆθος,
3320 2685 3452 2749 λόγον
3473 2680 3646 2749 διεξῆλθε

2189 2781 2338 2851 μάλα
2366 2779 2642 2850 λαμπρὸν,
2694 2778 3131 2848 ὑπισχνούμενος
3164 2777 3228 2830 τὰ
3258 2779 3438 2845 πάτρια
3463 2777 3512 2843 τῇ
3559 2789 3649 2838 car-

2184 2873 2368 2944 κλήτῳ
2399 2871 2564 2940 ἀθιγῆ
2617 2871 2872 2940 τηρῆσαι,
2904 2871 3006 2938 τήν
3047 2885 3105 2921 τε
3165 2868 3238 2920 Eo)
3288 2869 3446 2919 πᾶσαν
3487 2866 3557 2918 καὶ
3584 2863 3650 2916 Δί·

2184 2979 2392 3032 γυπτον
2439 2963 2683 3032 ὑπήκοον
2751 2958 2973 3022 Ἰταλοῖς
3031 2957 3271 3027 ποιῆσαι.
3304 2956 3444 3008 licio
3479 2953 3555 3023 μὲν
3591 2945 3652 3002 ὧδ’

521 3056 678 3110 urbis
736 3063 852 3108 tum
924 3054 1268 3123 praefectum,
1335 3056 1728 3124 imperatorem
1797 3067 2084 3119 crearent.

2199 3054 2580 3124 ἐπαιρόμενος,
2635 3051 2746 3104 οὐδ’
2779 3051 2858 3111 είς
2897 3048 3151 3103 ὲνιαυτδν
3193 3043 3340 3117 ἦρξε,
3387 3045 3450 3114 μὴ
3483 3039 3652 3132 πεισθεὶς

520 3150 724 3218 coegit.
770 3149 828 3202 ld
880 3147 958 3201 illi
993 3147 1196 3201 fecere.
1263 3146 1426 3217 423
1461 3147 1678 3202 Attalus
1725 3157 1910 3202 autem
1959 3166 2084 3203 cum

524 3241 790 3294 Romanis
830 3239 1018 3292 multis
1046 3239 1403 3308 magistratus
1429 3239 1728 3303 concessit,
1763 3249 1875 3293 tum
1913 3241 2089 3295 Alari-

523 3334 689 3387 chum
724 3342 1084 3399 utrarumque
1131 3331 1413 3397 copiarum
1461 3330 1657 3384 ducem
1699 3330 1852 3396 fecit,
1883 3331 2089 3386 Adaul-

523 3426 808 3494 pltnmque
868 3423 1120 3492 conjugis
1170 3422 1290 3490 ejus
1353 3422 1576 3476 fratrem
1628 3423 1946 3490 praefectum
2007 3423 2086 3494 (2)

525 3521 772 3587 equitum
835 3516 1145 3570 constituit.
1203 3515 1271 3569 Et
1337 3515 1690 3569 multitudine
1746 3525 2083 3582 convocata,

524 3610 868 3679 Splendidam
900 3607 972 3661 ad
1007 3621 1128 3661 eam
1166 3606 1474 3660 orationem
1513 3606 1726 3668 habuit,
1759 3607 1936 3676 patria
1961 3607 2086 3676 jura

527 3703 792 3758 inviolata
824 3699 1040 3756 senatui
1075 3715 1133 3754 se
1181 3708 1662 3764 conservaturum,
1693 3698 2088 3769 Orientemque

527 3793 849 3846 universun‘t
886 3799 942 3846 et
983 3789 1280 3860 Aigyptum
1316 3789 1466 3844 ltalis
1512 3788 1892 3858 subjecturum
1932 3788 2091 3857 polli-

522 3887 688 3940 citus.
733 3886 912 3954 Atque
960 3883 1051 3938 ille
1100 3883 1181 3936 sic
1223 3882 1420 3948 elatus,
1459 3897 1569 3936 non
1604 3881 1876 3950 integrum
1912 3881 2088 3949 impe-

523 3978 669 4032 rarit
712 3991 943 4038 annum,
987 3973 1137 4044 quod
1180 3973 1460 4039 Alariclio,
1504 3984 1564 4027 ut
1597 3971 1826 4026 Honorii
1879 3971 2090 4024 militia:

525 4071 699 4125 duces
745 4075 1170 4132 cxauctoraret,
1221 4082 1330 4120 non
1383 4067 1649 4136 paruerit.
1695 4065 1762 4120 Et
1813 4063 2093 4120 Honorius

524 4174 779 4218 oratores
809 4163 878 4218 ad
907 4163 1151 4217 Attalum
1191 4160 1360 4226 misit,
1386 4174 1624 4228 eumque
1653 4158 1721 4213 ad
1749 4157 1968 4226 imperii
2001 4170 2092 4211 so—

525 4257 814 4314 cietatem,
880 4255 926 4308 si
991 4268 1142 4306 arma
1207 4261 1476 4322 poneret,
1540 4251 1813 4305 invitavit.
1876 4250 1970 4304 llle
2035 4250 2087 4304 id

529 4347 745 4416 respuit
777 4365 790 4400 :
819 4356 876 4402 et
906 4345 1210 4400 Honorium
1241 4346 1474 4399 insulam
1500 4345 1764 4409 incolere,
1799 4345 2095 4414 privatam-

2207 3144 2510 3214 Ἀλλαρίχῳ
2569 3142 2694 3204 τοὺς
2767 3141 3028 3212 Ὀνωρίου
3093 3139 3336 3193 καθελεῖν
3381 3131 3652 3205 στρατηγούς.

2205 3235 2461 3306 Ὀνώριος
2488 3235 2586 3304 μὲν
2611 3235 2720 3302 γὰρ
2747 3232 2984 3301 πέμψας,
3024 3231 3283 3284 Ἀτταλον
3301 3219 3654 3280 κοινωνδνίκὰλιι

2195 3329 2286 3383 τοῦ
2338 3332 2574 3396 κράτους
2603 3325 2672 3378 τὰ
2701 3324 2842 3378 ὅπλα
2887 3321 3149 3392 ῥίψαντα.
3193 3322 3248 3373 ’0
3277 3319 3318 3371 δ’
3342 3320 3430 3371 οὐκ
3453 3317 3655 3383 ἠνέσχετο,

2195 3417 2311 3470 ἀλλ’
2341 3414 2535 3484 ἐκείνῳ
2567 3412 2733 3481 νῆσον
2782 3410 2952 3462 οἰκεῖν
3016 3407 3258 3472 ἐκέλευε,
3307 3407 3390 3459 καὶ
3440 3398 3658 3456 ἰδιωτεύειν

2195 3509 2494 3582 αἱρεῖσθαι,
2531 3508 2581 3560 εί
2619 3521 2683 3573 γε
2745 3503 2986 3574 βούλοιτο
3026 3501 3148 3573 ζῇν,
3210 3499 3301 3553 καὶ
3351 3500 3408 3566 τῇ
3461 3491 3657 3564 περιτομῇ

2194 3604 2304 3657 τῶν
2342 3599 2706 3670 ἀκρωτηρίων
2745 3594 2839 3649 τοῦ
2869 3593 3126 3662 σώματος
3154 3593 3248 3660 τὴν
3281 3588 3366 3643 τοῦ
3409 3587 3512 3641 δλον
3540 3599 3660 3649 σωτη-

2198 3695 2318 3766 ρίαν
2344 3692 2624 3746 ὠνεῖσθαι.
2661 3686 2976 3756 ’Δλλὰριχος
3003 3683 3063 3737 δὲ
3104 3682 3324 3735 συνιδὼν
3373 3671 3660 3766 ’Δτταλονῖ

2198 3762 2393 3858 ρᾳδίως
2423 3784 2617 3852 ἐκείνῳ
2643 3781 2754 3841 τοῖς
2784 3793 2847 3846 γε
2879 3776 3208 3843 ἀναγκαίοις
3257 3771 3553 3838 πειθόμενον,
3589 3762 3664 3815 δεί-

2198 3857 2297 3941 σας
2331 3875 2612 3946 ’ονώριον,
2645 3871 2823 3940 λάθρα
2866 3867 3063 3938 ἐκείνῳ
3125 3864 3419 3920 συντίθεται
3466 3857 3665 3920 συνθήκας

2196 3967 2398 4020 λαϐών.
2421 3965 2533 4018 Καὶ
2554 3963 2618 4031 δὴ
2649 3961 2867 4014 πάντων
2893 3956 3252 4027 συνηγμένων
3273 3953 3372 4022 πρὸ
3399 3950 3485 4018 τῆς
3507 3949 3665 4015 Ἄφρων

2199 4060 2428 4122 πόλεως,
2460 4055 2635 4108 πείθει
2700 4051 3021 4120 Ἀλλάριχος
3040 4051 3112 4103 τὰ
3161 4046 3390 4117 σύμϐολα
3419 4043 3500 4112 τῆς
3547 4035 3666 4107 ἀρχῆς

2200 4149 2524 4212 ἀποθέσθαι,
2561 4145 2812 4206 καὶτοὺς
2851 4144 3128 4213 ἄρχοντας
3168 4138 3369 4191 ἐκείνου
3418 4135 3502 4194 τὰς
3531 4129 3664 4192 ζώνας.

2200 4239 2541 4310 Συγγνώμην
2590 4235 2635 4289 δ’
2663 4236 2870 4290 ἅπασιν
2930 4229 3193 4298 Ὀνώριος
3241 4226 3418 4289 ἐδίδου,
3445 4218 3552 4274 ὥσθ’
3578 4217 3669 4268 ἕπεο

2202 4351 2327 4389 στον
2353 4332 2519 4402 τιμὴν
2549 4329 2644 4381 καὶ
2691 4326 2850 4392 ἀξίαν
2885 4324 3027 4393 ἔχειν
3075 4325 3142 4395 ἣν
3191 4316 3383 4389 προτοῦ
3435 4311 3666 4384 μετέλαχεν.

528 4457 638 4509 que
688 4443 886 4507 vitam,
910 4440 957 4493 si
988 4438 1174 4491 vivere
1205 4435 1394 4500 Vellet,
1423 4435 1689 4503 deligere,
1724 4450 2084 4489 summorum-

2206 4423 2474 4484 ’Ἄτταλος
2503 4421 2559 4473 δὲ
2589 4418 2696 4471 ὑπὸ
2728 4417 2896 4478 πόδας
2932 4415 3180 4484 βήματος
3210 4407 3530 4481 προτεθέντος
3564 4411 3670 4509 γεγο-

527 4549 637 4603 que
690 4530 941 4600 corporis
996 4529 1375 4582 membrorum
1435 4525 1816 4594 amput'atione
1860 4525 2092 4578 salutem

529 4641 684 4680 suam
715 4625 992 4678 redimere
1022 4621 1205 4690 jussit.
1239 4618 1532 4673 Alarichus
1568 4617 1660 4672 ubi
1709 4618 1944 4672 Attalum
1984 4633 2094 4670 non

527 4719 691 4774 facile
732 4717 828 4772 vel.
851 4716 952 4771 sibi
980 4715 1066 4770 vel
1105 4711 1436 4770 necessariis
1471 4711 1596 4765 aliis
1623 4724 1818 4780 parere
1843 4708 2096 4763 animad-

529 4813 715 4873 vertit.
767 4809 838 4864 ab
886 4807 1134 4862 Honorio
1180 4807 1283 4862 sibi
1330 4815 1603 4868 metuens,
1633 4805 1774 4858 clam
1823 4818 1949 4858 cum
2005 4817 2094 4866 eo,

533 4903 954 4958 conditionibus
1002 4901 1264 4969 acceptis,
1302 4899 1370 4953 de
1412 4897 1864 4952 reconciliatione
1905 4903 2098 4963 pactus

533 5008 639 5054 cst.
713 4999 890 5064 Atque
946 4992 1208 5048 omnibus
1266 4991 1353 5061 (3)
1402 4990 1469 5044 ad
1529 4988 1719 5043 urbem
1778 4988 2096 5041 Ravennam

534 5087 904 5159 congregatis,
947 5085 1242 5139 Alariclius
1273 5082 1456 5137 Attalo
1489 5079 1786 5150 persuasit,
1822 5086 1881 5131 ut
1927 5079 2102 5148 impe-

534 5181 602 5234 rii
641 5179 902 5247 insignia,
935 5176 1213 5242 ducesque
1262 5175 1381 5242 ejus
1412 5171 1692 5240 cingulum
1736 5169 1973 5238 quisque
2005 5167 2100 5220 de-

532 5281 813 5344 ponerent
861 5268 958 5340 (ό).
1014 5264 1290 5319 Honorius
1331 5265 1549 5318 veniam
1609 5261 1870 5316 omnibus
1923 5258 2097 5323 dedit,

607 5389 682 5456 (l)
717 5387 774 5440 ιιι
807 5382 1078 5456 legatione
1112 5377 1414 5456 posteriore
1440 5375 1726 5455 Alarichus
1747 5373 1933 5456 petiit,
1960 5371 2100 5456 utin

531 5448 883 5511 societatem'
906 5449 1029 5506 belli
1075 5465 1104 5502 a
1156 5448 1414 5502 Romanis
1457 5448 1878 5512 susciperetur:
1935 5451 1988 5495 et
2047 5449 2106 5494 ut

536 5528 641 5580 sibi
680 5540 817 5580 cum--
840 5519 1103 5576 mediocri
1144 5517 1406 5572 frumenti
1442 5511 1858 5585 pensioneloca
1899 5511 2102 5585 aliqua,

537 5612 658 5662 qua:
690 5593 931 5648 Romani
952 5606 1062 5643 non
1086 5581 1512 5658 magnifacct'ent
1533 5626 1548 5650 ,
1588 5583 1873 5638 incoleuda
1905 5581 2104 5634 daren-

543 5677 647 5718 tur.
685 5665 899 5728 (Sozont
932 5663 948 5726 )

614 5723 862 5800 (ἤραρε
887 5723 1215 5783 dutitcstit'os
1247 5734 1462 5780 vccant.
1495 5723 1755 5793 (5010111.)

2199 4516 2308 4578 νὼς
2385 4511 2672 4582 ’ονωρίου,
2725 4509 2855 4571 τοὺς
2909 4507 3005 4558 δύο
3061 4504 3175 4558 τῶν
3231 4499 3486 4556 δακτύλων
3535 4491 3670 4582 nam;

2200 4609 2537 4678 ἀφαιρεῖται,
2563 4607 2657 4658 καὶ
2686 4605 2766 4664 είς
2793 4602 3016 4668 Λίπαρα
3036 4597 3137 4667 τὴν
3175 4595 3335 4665 νῆσον
3371 4581 3669 4678 φυγαδεύεται.

2216 4671 2543 4770 ’Ᾰδαοῦλφος
2570 4699 2628 4751 δὲ
2685 4696 2822 4766 πρός
2878 4710 3022 4756 τινος
3069 4691 3180 4744 τῶν
3247 4687 3450 4741 οἰκείων
3498 4671 3671 4772 paxilfo

2205 4762 2517 4863 σφάττεται.
2562 4762 2878 4858 Ἀλλάριχος
2907 4786 2963 4839 δὲ
2994 4785 3056 4837 οὐ
3088 4786 3230 4837 πάνυ
3284 4778 3456 4849 πόρρω
3488 4762 3670 4863 τὰς’λλ’

2203 4862 2326 4950 πεις
2368 4881 2739 4951 καταλαϐὼν(
2767 4879 2966 4950 χωρίον
3005 4877 3060 4930 δὲ
3090 4874 3254 4929 τοῦτο
3297 4870 3427 4939 ἀμφὶ
3481 4862 3671 4951 {ﬁxam

2207 4943 2398 5033 στάδια
2417 4979 2516 5044 τῆς
2555 4943 3091 5040 Ῥαϐέννης-διέχον),
3130 4968 3210 5027 είς
3240 4962 3420 5025 λόγους
3445 4943 3672 5040 εἰρηναίως

2204 5069 2335 5142 ἦλθε
2368 5070 2445 5140 τῷ
2479 5066 2706 5138 βασιλεῖ.
2742 5065 2852 5118 Καὶ
2877 5062 2940 5130 δή
2975 5077 3057 5122 τις
3081 5057 3252 5124 Σάρθς
3297 5045 3544 5142 “nimia;
3568 5047 3672 5142 ,μέν

2207 5129 2515 5234 immovit
2545 5161 2644 5230 τὴν
2673 5155 3048 5228 στρατηγικὴν
3076 5151 3256 5221 ἀρχὴν
3320 5138 3548 5234 Ὃνινρίου
3565 5129 3674 5234 δίδως

2206 5261 2360 5320 κότος
2395 5252 2653 5325 εἶχεντεξς
2681 5253 2848 5319 ἄκρον
2871 5248 2937 5300 τὰ
2963 5244 3198 5311 πολέμια
3222 5234 3481 5310 ἠσκηκὼς,
3504 5229 3673 5280 ὓποπτθς

2279 5363 2358 5434 (⁸5)
2407 5363 2486 5418 Ad
2525 5361 2764 5428 reliquas
2811 5355 3029 5433 imperii
3085 5355 3245 5409 Rom.
3277 5347 3448 5432 clades
3493 5335 3676 5450 accesitil:

2339 5435 2350 5450 ¹
2385 5434 2464 5450 ""
2491 5433 2531 5450 ’ί
2785 5430 2964 5450 “-------
3018 5423 3326 5450 mtuant”...
3359 5414 3593 5450 ,ιυςηηηηλ
3653 5443 3657 5446 ν

2207 5414 2355 5506 quod,
2383 5414 2541 5506 Gildo
2568 5414 2751 5506 comes
2764 5414 2990 5506 Αιτιὲω,
3018 5414 3600 5506 Τιιυοιίοεὶυ-ύςςιξξξξξξξλ

2208 5477 2365 5576 ῧξξίίι
2388 5477 2915 5558 ἷξϊῖἶοῆξιὶἐῖᾹὲιῖῑέςέ
2928 5477 3148 5564 partem
3178 5508 3275 5563 per
3314 5477 3601 5557 tyrannidem
3619 5480 3664 5520 οε

2207 5576 2449 5643 cupavit.

2281 5635 2358 5712 ξι)
2399 5646 2616 5698 Sozam.
2653 5641 2749 5694 lib.
2789 5654 2860 5700 Ix,
2894 5652 3010 5701 (np.
3053 5635 3100 5685 8.
