3898 6192
256 214 394 279 1045

1172 228 1763 290 ΕΟΟιΕΞΙΑΞΤΙΟᾸί
1797 231 2176 293 HISTORIA!
2211 231 2356 294 LIB.
2398 231 2569 295 XIII.

3369 236 3500 302 1046

255 329 330 383 ῶν
380 329 794 404 Ἀλλαρίχῳδιά
821 339 1098 410 προτέραν
1154 343 1373 414 ἔχθραν,
1420 348 1562 415 ἀμφὶ
1617 364 1818 415 τριακο·

1939 347 2012 401 ita
2051 356 2110 401 ut
2138 348 2374 418 quisque
2400 364 2564 418 quem
2596 357 2757 405 antea
2784 348 3073 405 habuisset
3102 350 3366 407 honorem
3402 356 3502 409 ob-

256 422 406 486 σίους
435 423 578 494 ἔχων
603 425 795 492 εὔνους
814 430 967 501 αὗτῷ
993 434 1085 485 καὶ
1115 435 1259 503 μάλα
1288 438 1567 503 ἀρίστους,
1597 439 1822 505 λογισά-

256 529 420 583 μενος
454 516 528 587 μὴ
566 518 746 592 ἑαυτῷ
776 538 840 589 γε
871 525 1143 579 συνοίσειν
1171 527 1270 592 τὰς
1300 529 1503 598 μεταξὺ
1538 528 1824 600 Ῥωμαίων

255 606 349 657 καὶ
412 606 626 662 Γότθων
686 612 954 681 σπονδὰς,
1006 616 1266 688 ἐξαπίνης
1317 620 1674 691 προσϐαλὼν,
1723 622 1824 674 οὐκ

251 697 471 765 ὀλίγους
494 701 606 753 τῶν
656 702 978 777 ’Δλλαρίχου
1013 710 1215 764 κτείνει
1247 727 1261 741 ·
1297 714 1581 782 κρατήσας
1638 731 1698 768 τε
1753 717 1820 785 τῇ

255 788 404 881 μάχη
439 831 455 856 ,
508 793 606 861 τῆς
674 795 972 869 Ῥαϐέννης
1028 801 1345 860 ἀποδιώκει.
1412 806 1721 877 Περιοργὴς
1768 807 1864 881 δὲ,

250 880 547 949 γενόμενος
577 883 606 936 ό
634 885 975 959 ’Δλλάριχος,
999 894 1422 962 περικαθεσθεὶς
1457 896 1557 967 τὴν
1603 895 1824 968 Ῥώμην

252 971 447 1043 ἴσχυσε
478 976 741 1050 προδοσίᾳ
770 979 911 1034 ἑλεῖν
942 997 957 1013 ⁸
993 985 1089 1037 καὶ
1115 988 1232 1050 τοῖς
1264 987 1355 1039 ὑπ’
1410 988 1572 1041 αὐτὸν
1603 990 1822 1043 ἐκέλευε

247 1067 341 1117 τὸν
378 1065 669 1136 Ῥωμαίων
703 1071 935 1127 πλοῦτον
995 1077 1290 1146 ἁρπάζειν,
1321 1080 1397 1147 ὠς
1447 1081 1699 1151 δύναμις,
1728 1082 1824 1135 καὶ

246 1154 534 1223 λῃΐζεσθαι
559 1161 690 1223 τοὺς
742 1163 928 1230 οἴκους
975 1168 1180 1235 αὐτοῖς,
1216 1170 1380 1239 μόνον
1425 1172 1623 1226 ἄσυλον
1681 1169 1821 1228 εἶναι

246 1251 635 1319 προστεταχὼς
665 1254 758 1308 τὸν
783 1258 914 1327 περὶ
947 1259 1047 1330 τὴν
1070 1261 1223 1315 θείαν
1251 1264 1411 1335 σορὸν
1437 1265 1531 1319 τοῦ
1585 1268 1821 1323 ἀποστό-

246 1335 340 1389 λου
370 1338 583 1408 Πέτρου
612 1344 764 1407 νεὼν,
815 1346 990 1416 μέγαν
1016 1367 1075 1402 τε
1098 1350 1247 1415 ὂντα,
1297 1356 1393 1407 καὶ
1420 1356 1587 1411 πολὺν
1641 1359 1822 1429 χῶρον

245 1431 753 1522 περιλαμϐάνοντα.
782 1437 845 1491 Ὅ
889 1438 955 1509 δὴ
986 1444 1080 1495 καὶ
1126 1443 1300 1498 αἴτιον
1336 1449 1578 1519 κατέστη
1608 1450 1705 1503 τοῦ
1744 1450 1820 1522 μὴ

243 1518 417 1590 ἄρδην
452 1522 635 1576 πᾶσαν
664 1524 964 1581 ἀπολέσθαι
998 1530 1098 1601 τὴν
1141 1531 1386 1605 Ῥώμην.
1423 1539 1486 1591 Oi
1520 1518 1628 1609 γὰρ
1662 1518 1821 1595 ἔνθά-ί

244 1611 304 1664 δε
338 1617 667 1686 συρρυέντες
690 1618 770 1689 τῷ
797 1620 908 1674 δέει
950 1624 1161 1691 (πολλοὶ
1191 1628 1246 1679 δὲ
1294 1624 1481 1700 ἦσαν),
1524 1633 1667 1686 αίδοί
1722 1633 1817 1689 τοῦ

246 1703 553 1756 ἀποστόλου
585 1707 1009 1778 περισωθέντες,
1040 1712 1206 1767 πάλιν
1252 1716 1354 1785 τὴν
1384 1719 1541 1773 πόλιν
1590 1720 1822 1791 ᾤκισαν.
1857 1705 1897 1760 Β

247 1794 489 1860 Ἐκεῖνος
519 1797 600 1860 δὲ,
630 1800 700 1853 τὰ
745 1803 888 1857 κατὰ
935 1807 1274 1876 Καμπανίαν
1302 1810 1650 1882 ληϊζόμενος,
1682 1815 1824 1883 νόσῳ

246 1890 556 1959 φθείρεται.
595 1893 717 1946 τῶν
741 1895 797 1949 δὲ
829 1896 1123 1970 βαρϐάρων
1179 1907 1590 1976 σπεισαμένων,
1658 1908 1826 1961 Ὀνώ-

249 1998 365 2051 ριος
403 1982 625 2071 Ῥώμην
649 1990 943 2055 συνοικίζει
970 1993 1081 2046 τῶν
1106 1996 1317 2050 πολλῶν
1345 1998 1531 2052 κακῶν
1557 1998 1825 2071 ἅνασχοῦ-

245 2088 350 2123 σαν
376 2090 390 2106 ο
423 2067 486 2126 οὗ
519 2075 584 2145 δὴ
615 2078 907 2149 γενόμενος
931 2081 1215 2153 βασιλεὺς,
1248 2087 1340 2141 τὸν
1387 2088 1593 2161 ταύτης
1647 2067 1826 2145 συνοι-

242 2164 446 2253 κιομρν
473 2168 571 2220 καὶ
596 2170 759 2239 χειρὶ,
792 2173 889 2226 καὶ
955 2175 1172 2251 γλώττῃ
1233 2178 1436 2245 ἱκανῶς
1482 2185 1822 2253 συνεκρότει.

238 2256 340 2308 Ἐν
369 2252 415 2325 ᾧ
449 2258 514 2329 δὴ
541 2261 771 2333 πολέμῳ
792 2268 932 2335 γυνή
953 2283 1039 2331 τις
1058 2268 1122 2322 εὖ
1185 2272 1336 2341 μάλα
1361 2252 1663 2344 διαγέγονεν
1700 2292 1825 2329 τεκ-

241 2346 447 2417 μήριον
483 2349 742 2418 μέγιστον
771 2356 1130 2429 σωφροσύνης
1166 2360 1605 2434 ἐπιδεδειγμένη.
1637 2364 1824 2435 Καλὴν

237 2439 353 2506 γὰρ
378 2435 551 2495 οὖσαν
576 2443 749 2514 αὐτὴν
779 2448 876 2499 καὶ
905 2447 1118 2519 ὡραίαν
1170 2453 1378 2523 σφόδρα
1420 2452 1497 2525 τῷ
1530 2455 1686 2523 εῖδει,
1713 2457 1824 2510 τῶν

238 2548 328 2595 τις
368 2532 691 2606 Ἀλλαρίχου
746 2542 1100 2609 στρατιωτῶν
1135 2544 1253 2609 νέος
1305 2545 1450 2612 ίδὼν,
1494 2549 1675 2619 ἥττων
1724 2550 1821 2618 τῆς

235 2626 397 2695 ὧρας
455 2628 695 2696 ἐγένετο,
748 2632 846 2686 καὶ
898 2635 980 2697 είς
1032 2640 1326 2693 συνουσίαν
1379 2640 1568 2711 ἡρέμα
1618 2640 1821 2697 εἷλκεν.

238 2719 499 2794 Ἔκείνην
529 2724 586 2778 δὲ
615 2726 676 2778 τὸ
704 2727 837 2795 ἄγος
871 2729 1311 2802 ἑκτρεπομένην,
1355 2735 1417 2787 τὸ
1463 2734 1619 2805 ξίφος
1678 2751 1822 2807 γυμ-

235 2808 444 2878 νώσας,
472 2813 719 2884 ἀναιρεῖν
742 2816 980 2886 ἠπείλει.
1017 2813 1122 2873 υἷα
1148 2818 1194 2874 δ’
1221 2820 1385 2890 ἔρωτι
1416 2822 1816 2893 ἁμιλλώμενος,

237 2905 420 2973 φειδοῖ
450 2923 557 2960 τινι
586 2907 648 2973 ἐξ
680 2909 933 2980 ὲπιτολῆς
969 2912 1059 2967 τὸν
1097 2914 1368 2986 τράχηλον
1427 2914 1683 2986 ἔπληττε.
1732 2916 1823 2986 Τῷ

235 2998 299 3103 ξε
318 2998 964 3103 λύθρῳιπεριρρεομένβη,
992 3005 1084 3060 τὸν
1117 3007 1320 3078 αὐχένα
1339 3008 1516 3078 ὑπῆγε
1544 3009 1623 3080 τῷ
1654 3010 1820 3081 ξίφει,
1844 3037 1893 3103 c

237 3089 469 3157 ἄμεινον
506 3091 565 3144 ὲν
591 3091 835 3161 σώφρονι
891 3093 1072 3148 θανεῖν
1134 3097 1355 3166 οἰομένη
1408 3099 1519 3152 δεῖν
1552 3098 1819 3168 λογισμῷ,

242 3184 280 3252 ἦ
318 3182 486 3237 ἄλλου
512 3183 847 3255 πειραθῆναι
884 3186 1099 3256 ἀνδρός.
1141 3187 1232 3251 Ὠς
1259 3188 1317 3242 δὲ
1378 3189 1757 3261 φοϐερώτερον
1793 3193 1822 3245 ό

240 3276 523 3347 βαρϐαρος
569 3278 740 3329 ὲπιὼν
777 3278 930 3332 οὐδὲν
971 3278 1173 3348 μᾶλλον
1210 3280 1339 3352 ἤνυε
1371 3282 1599 3336 πλεῖστα
1627 3283 1824 3337 διαπα-

237 3368 435 3433 λαίων,
465 3367 528 3422 τὸ
557 3368 776 3438 σῶφρον
797 3369 1172 3438 καταπλαγεὶς
1192 3373 1294 3440 τῆς
1319 3372 1635 3444 ἀνθρώπου,
1664 3373 1820 3445 παρὰ

238 3461 308 3513 το
335 3460 692 3515 ἀποπολείον
714 3460 809 3515 τοῦ
840 3460 987 3514 θείου
1020 3463 1229 3533 Πέτρου
1250 3462 1422 3534 αὐτὴν
1447 3464 1691 3533 ἀνάγων,
1725 3465 1823 3519 καὶ

235 3555 359 3616 τοῖς
385 3554 681 3623 νεωκόροις
709 3554 882 3623 αὐτὴν
905 3554 1203 3624 παραδοὺς,
1266 3554 1361 3608 καὶ
1414 3554 1474 3620 ἒξ
1524 3555 1817 3625 χρυσίνους

237 3647 433 3708 αὐτοῖς
460 3647 702 3710 ἱπιδοὺς,
736 3645 817 3717 τῷ
860 3647 1016 3718 ἀνδρὶ
1044 3647 1337 3716 φυλάττειν
1370 3647 1469 3718 τὴν
1498 3648 1669 3719 κόρην
1697 3648 1821 3703 ἔκι-

234 3740 422 3793 λευεν.
453 3738 693 3791 Τοιαῦτα
716 3736 864 3791 δεινὰ
893 3737 998 3791 ἀνά
1029 3754 1088 3791 τε
1120 3738 1195 3790 ἔω
1233 3737 1328 3791 καὶ
1375 3738 1618 3808 ἑσπέραν
1668 3755 1820 3809 τηνι-

237 3829 424 3882 καῦτα
456 3829 780 3898 ἐπισυνέϐη,
811 3828 950 3884 Θεοῦ
976 3846 1062 3897 γε,
1101 3825 1276 3900 οἶμαι,
1334 3832 1639 3901 μηνίοντος.

1933 438 2137 492 tinet-et
2180 445 2237 492 et
2288 437 2633 507 dignitatem.
2702 440 2922 494 Attalus
2966 439 3044 510 (l)
3076 441 3141 494 ad
3183 440 3367 495 infima
3402 443 3502 496 tri-

1930 529 2155 584 bunalis
2185 529 2447 585 subsellia
2480 529 2715 597 positus,
2749 530 2841 585 ubi
2870 545 2929 586 se
2960 530 3190 586 Honorii
3242 534 3499 601 potestati

1932 619 2206 689 permisit,
2240 629 2430 689 postea
2475 619 2698 675 duobus
2747 629 2960 677 tantum
2987 621 3178 692 digitis
3221 623 3273 677 ei
3305 609 3501 693 ampu—

1932 711 2083 774 tatis,
2110 712 2165 765 in
2198 711 2453 782 Liparam
2503 712 2742 766 insulam
2774 712 3122 782 deportatus,
3178 714 3497 782 Adaulphus

1931 820 1961 857 a
2003 803 2259 859 familiari
2308 805 2549 872 quodam
2603 818 2704 858 suo
2749 818 2885 859 ense
2925 813 3211 874 postremo
3272 817 3501 862 necatus

1932 904 2035 951 est.
2098 894 2393 951 Alaricbus
2444 903 2629 950 autem
2690 912 2803 951 non
2859 897 3034 952 multo
3093 908 3214 967 post
3269 899 3499 968 Alpibus

1932 989 2111 1057 (locus
2160 988 2207 1044 is
2255 988 2480 1044 circiter
2512 989 2796 1060 sexaginta
2840 988 3016 1044 stadia
3044 1006 3074 1044 a
3113 990 3370 1046 Ravenna
3415 1002 3502 1046 est

1931 1081 2095 1137 situs)
2157 1080 2467 1150 occupatis,
2520 1080 2589 1135 de
2626 1082 2773 1150 pace
2823 1096 2945 1135 cum
2997 1081 3330 1151 imperatore
3362 1084 3498 1153 egit.

1931 1171 1997 1225 Et
2052 1171 2224 1226 Sarus
2286 1171 2535 1241 quidam,
2571 1171 2667 1239 qui
2705 1181 2829 1239 post
2878 1171 3202 1227 Stiliconcm
3253 1175 3500 1243 prmfccti

1931 1264 2193 1318 militaris
2222 1263 2546 1335 dignitatem
2582 1263 2652 1319 ab
2679 1263 2927 1318 Honorio
2953 1273 3268 1333 acceperat,
3292 1266 3346 1319 in
3378 1275 3501 1318 arte

1930 1356 2127 1411 bellica
2175 1371 2391 1411 summe
2426 1356 2802 1416 exercitatus.
2840 1366 2894 1411 et
2926 1355 3186 1412 Alaricho
3236 1357 3340 1427 ipsi
3378 1374 3503 1426 pro-

1928 1455 2051 1516 pter
2094 1447 2311 1516 priores
2361 1444 2687 1501 inimicitias
2734 1457 3052 1515 suspectus,
3084 1449 3230 1518 quod
3270 1448 3501 1503 minime

1927 1536 2034 1590 sibi
2093 1535 2241 1591 bono
2293 1537 2477 1590 futura
2541 1550 2665 1592 esse
2717 1546 2876 1607 pacta
2927 1537 3073 1593 inter
3115 1539 3397 1594 Romanos
3445 1548 3502 1591 et

1925 1628 2164 1684 Gotthos
2218 1628 2428 1684 fcedera
2476 1629 2875 1693 arbitraretur,
2937 1631 3166 1687 circiter
3224 1641 3501 1686 trecentos

1926 1721 2010 1776 sui
2039 1720 2322 1776 studiosos
2352 1723 2501 1776 viros
2532 1721 2868 1777 lortissimos
2909 1737 3101 1778 secum
3134 1722 3365 1790 habens,
3405 1738 3500 1777 su-

1928 1811 2044 1864 bito
2065 1812 2389 1866 Alaricbum
2421 1827 2739 1881 aggressus,
2762 1829 2875 1868 non
2900 1829 3105 1884 paucos
3130 1829 3198 1869 ex
3230 1814 3500 1869 militibus

1924 1904 2044 1973 ejus
2097 1899 2321 1969 occidit,
2377 1912 2433 1959 et
2484 1905 2717 1961 victoria
2762 1906 2819 1960 in
2869 1906 3064 1975 praelio
3115 1908 3346 1976 potitus,
3393 1907 3501 1961 Ra-

1925 2010 2106 2050 venna
2138 2011 2234 2052 eos
2263 1997 2450 2067 ejecit.
2484 1997 2619 2052 Eam
2664 1997 2737 2054 ob
2768 2013 2886 2054 rem
2929 1998 3223 2055 Alarichus
3255 1999 3333 2052 ira
3377 2013 3501 2068 per-

1923 2088 2089 2154 citus,
2137 2089 2314 2144 Roma
2368 2089 2444 2158 (2)
2477 2089 2725 2158 obsessa,
2777 2092 3096 2162 proditione
3136 2107 3260 2148 eam
3323 2091 3495 2161 cepit,

1925 2196 2167 2251 suosque
2192 2181 2574 2237 Romanorum
2606 2197 2741 2252 opes
2790 2193 3055 2254 quantum
3105 2193 3332 2254 possent
3365 2184 3499 2238 diri-

1925 2287 2059 2343 pere
2086 2281 2142 2327 et
2171 2272 2369 2329 domos
2404 2274 2672 2344 expilare,
2707 2284 2876 2345 atque
2924 2276 3021 2330 uni
3065 2276 3269 2340 solum,
3301 2276 3352 2329 in
3386 2289 3499 2344 quo

1924 2364 2160 2433 apostoli
2190 2362 2341 2419 Petri
2369 2365 2619 2421 tumulus
2643 2375 2748 2430 est,
2783 2382 3009 2436 parcere
3038 2367 3227 2438 jussit.
3253 2367 3385 2433 Quae
3410 2381 3499 2421 res

1926 2454 1982 2509 in
2033 2441 2370 2519 causa'fuit,
2428 2471 2500 2512 ne
2553 2456 2727 2512 Roma
2775 2457 2959 2514 omnis
3008 2457 3259 2513 funditus
3303 2455 3501 2512 interi-

1926 2554 2013 2602 ret
2054 2545 2155 2617 ('5).
2214 2545 2382 2619 525
2435 2546 2577 2603 Cum
2631 2549 2782 2604 enim
2834 2563 2902 2605 eo
2955 2557 3188 2622 propter
3240 2548 3498 2604 timorem

1925 2639 2318 2709 quamplurimi
2370 2637 2792 2706 conﬂuxissent,
2835 2640 2909 2697 ob
2953 2640 3190 2711 apostoli
3234 2653 3499 2695 reveren-

1926 2730 2058 2785 tiam
2088 2730 2318 2795 servati,
2358 2731 2555 2787 urbem
2588 2732 2775 2787 denuo
2801 2732 3055 2789 aedificiis
3089 2733 3495 2788 instaurarunt.

1926 2822 2018 2879 Ille
2050 2839 2219 2894 porro
2246 2839 2368 2880 cum
2403 2824 2761 2894 Campaniam
2788 2835 3054 2892 vastaret,
3095 2826 3293 2881 morbo
3323 2827 3498 2881 inter-

1924 2919 2009 2973 iit.
2043 2919 2110 2974 Et
2137 2935 2263 2975 eum
2310 2920 2344 2975 b
2377 2920 2598 2976 arbaris
2630 2936 2766 2991 pace
2802 2921 2948 2978 facta
2981 2922 3261 2977 Honorius
3288 2921 3390 2993 (Δ),
3437 2928 3500 2976 ut

1926 3012 2158 3066 Romam
2213 3013 2383 3068 multa
2422 3028 2747 3085 perpessam
2790 3016 2932 3069 mala
2968 3014 3342 3071 communiter
3370 3028 3498 3069 cum

1923 3103 2049 3159 aliis
2084 3104 2418 3170 incolerent,
2455 3105 2539 3160 eis
2584 3106 2880 3176 permisit:
2917 3121 3152 3176 eamque
3183 3122 3298 3162 rem
3331 3119 3499 3160 manu

1925 3196 2092 3251 simul
2120 3205 2177 3250 et
2207 3210 2307 3251 ore
2342 3210 2677 3266 magnopere
2716 3197 3060 3267 applaudens
3090 3195 3498 3266 comprobavit.

1926 3291 1985 3346 In
2035 3304 2101 3345 eo
2146 3289 2291 3345 bello
2339 3290 2540 3345 mulier
2580 3291 2832 3361 quzedam
2881 3293 3184 3346 maximum
3241 3288 3498 3346 exhibuit

1924 3379 2210 3450 pudicitiae
2244 3380 2548 3449 specimen.
2589 3381 2747 3447 Quod
2790 3397 3034 3451 namque
3075 3389 3127 3437 et
3161 3381 3337 3435 aetatis
3363 3378 3499 3433 flore

1923 3480 1982 3526 et
2008 3470 2201 3525 forma:
2242 3479 2538 3526 venustate
2580 3475 2887 3540 p‘rmstaret,
2923 3488 2988 3527 ex
3019 3472 3263 3526 Alarichi
3302 3469 3499 3523 militi-

1924 3562 2029 3617 bus
2057 3562 2280 3633 juvenis
2315 3562 2539 3632 quidam
2567 3564 2982 3633 pulchritudine
3015 3565 3158 3634 ejus,
3202 3577 3328 3617 cum
3372 3575 3494 3617 eam

1923 3654 2178 3720 vidisset,
2208 3664 2427 3725 captus,
2455 3656 2522 3710 ad
2577 3655 2938 3712 concubitum
2974 3671 3097 3712 eam
3148 3654 3493 3711 sollicitavit.

1925 3744 2063 3802 Cum
2092 3754 2278 3801 autem
2319 3747 2599 3816 piaculum
2649 3748 2704 3803 id
2757 3756 3129 3813 aversaretur,
3166 3747 3326 3803 miles
3363 3759 3499 3800 ense

1926 3837 2122 3891 stricto
2159 3847 2392 3892 mortem
2424 3838 2473 3892 ei
2506 3840 2768 3902 minatus.
2800 3840 2969 3895 veluti
2997 3854 3122 3895 cum
3157 3853 3344 3893 amore
3368 3851 3499 3892 con-

237 3933 489 3988 certans,
530 3940 631 3994 per
672 3925 1114 3979 misericordiam
1140 3940 1421 3979 summum
1450 3934 1664 3980 tantum
1733 3927 1936 3983 collum
1997 3929 2331 3986 vulneravit.
2377 3931 2473 3986 llla
2505 3947 2659 4000 vero,
2717 3948 2916 3987 cruore
2939 3932 3217 3996 diffluens,
3246 3929 3496 4001 jugulum

234 4017 395 4071 ferro
430 4016 703 4081 subdidit,
756 4017 955 4072 melius
995 4017 1102 4073 sibi
1138 4032 1261 4072 esse
1294 4028 1431 4082 rata,
1467 4029 1529 4072 ut
1584 4033 1711 4074 cum
1752 4020 1950 4088 pudica
2017 4032 2201 4077 mente
2263 4032 2495 4078 mortem
2528 4033 2836 4095 oppeteret,
2904 4038 3214 4095 quamcum
3246 4023 3366 4075 viro
3387 4020 3496 4074 alio

236 4110 662 4165 concumberet.
733 4110 800 4165 Et
839 4111 1415 4181 postquam-ferocius
1484 4112 1654 4167 etiam
1722 4111 1997 4170 barbarus

237 4203 547 4273 pugnando
580 4204 719 4258 nihil
749 4204 899 4274 egit;
965 4204 1034 4258 ad
1103 4205 1416 4259 castitatem
1466 4206 1591 4275 ejus

236 4302 407 4356 duxit
431 4338 446 4362 ,

2070 4116 2219 4170 illam
2269 4131 2560 4186 aggressus
2604 4125 2712 4184 est,
2764 4118 3177 4187 plurimumque
3227 4130 3347 4169 eam
3397 4129 3483 4182 op-

1668 4216 2088 4270 consternatus,
2144 4209 2199 4263 in
2256 4211 2623 4279 apostolicum
2686 4212 2800 4266 divi
2871 4211 3015 4265 Petri
3061 4209 3323 4279 templum
3371 4221 3493 4262 eam

530 4301 892 4371 ecelesiaeque
968 4301 1294 4357 custodibus
1362 4302 1810 4369 commendavit,
1850 4318 1948 4359 sex
2012 4305 2123 4361 illis
2179 4307 2368 4362 aureis
2426 4309 2670 4362 nummis
2729 4308 2897 4374 datis,
2935 4316 2995 4362 ut
3069 4308 3307 4378 puellam
3375 4306 3496 4360 viro

236 4408 347 4450 suo
394 4403 816 4450 conservarent.
863 4394 1027 4450 Tales
1075 4395 1427 4451 calamitates
1473 4395 1529 4450 in
1582 4397 1812 4451 Oriente
1850 4408 2017 4469 atque
2067 4398 2416 4468 Occidente,
2462 4402 2612 4466 tum,
2669 4402 2800 4470 Dei,
2878 4413 2938 4457 ut
2987 4402 3206 4471 opinor,
3278 4400 3356 4454 ira
3406 4413 3494 4453 ac-

235 4492 449 4551 cidere.

313 4700 390 4771 (l)
423 4698 636 4771 Attalus
667 4696 994 4771 Gotthorum
1018 4696 1304 4771 instinctu
1332 4699 1515 4771 denuo
1548 4700 1600 4754 in
1625 4700 1814 4757 Galliis
1843 4704 1890 4763 D
1918 4704 2045 4758 dum
2080 4709 2252 4757 mater
2279 4715 2384 4755 non
2411 4698 2587 4771 parcit
2631 4699 2851 4771 lactenti
2898 4696 3161 4761 infantiae,
3206 4705 3262 4752 et
3295 4698 3490 4766 recipit

235 4768 590 4843 tyrannidem
646 4769 897 4843 arripuit.
928 4768 1032 4843 Qui
1078 4769 1645 4843 deinile_aA_Gotthis_
1672 4773 1807 4840 ipsis

232 4837 459 4910 captus,
498 4838 824 4892 C-mstantio
867 4837 1121 4910 deditus,
1147 4848 1204 4892 et
1251 4839 1322 4893 ab
1353 4839 1595 4910 llonorio
1618 4837 1805 4894 Romae

235 4908 610 4976 in'triumpho
647 4916 773 4963 ante
822 4923 1049 4963 currum
1083 4908 1305 4969 ductus.
1339 4910 1393 4963 in
1442 4909 1807 4980 Liparainqne

234 4984 559 5048 deportatus
580 4986 682 5032 est.

312 5055 390 5114 (2)
428 5051 565 5104 Dum
595 5050 711 5103 haec
737 5057 975 5119 aguntur
1008 5050 1062 5104 in
1093 5048 1284 5112 Jebus,
1330 5049 1591 5104 terribilis
1615 5049 1682 5104 de
1702 5049 1808 5106 Oc-

231 5121 285 5172 ci
311 5120 458 5175 lente
491 5133 681 5173 rumor
707 5120 957 5181 :tﬂertur.
993 5120 1239 5174 obsideri
1291 5120 1542 5181 Romam,
1579 5132 1636 5174 et
1670 5135 1808 5174 auro

232 5193 472 5244 salutem
497 5190 697 5245 civium
730 5189 945 5255 redimi,
972 5190 1345 5260 spoliatosque
1404 5205 1622 5244 rursum
1682 5204 1807 5244 cru-

231 5262 400 5321 ciari.
425 5271 484 5314 ut
503 5269 627 5329 post
646 5260 1013 5316 substantiam
1033 5261 1200 5314 vitam
1223 5275 1446 5330 quoque
1465 5260 1804 5314 amitterent.

235 5330 421 5385 ll.cret
445 5346 566 5391 Vox.
583 5341 639 5383 et
668 5330 943 5397 singultus
966 5330 1325 5398 intercipiunt
1341 5329 1503 5383 verba
1521 5330 1806 5385 dictantis.

226 5401 468 5468 Capitur
498 5401 628 5454 urbs
651 5439 667 5463 ,
696 5416 816 5469 qua:
851 5410 1023 5453 totum
1060 5403 1206 5467 cupit
1248 5401 1461 5455 orbem.
1494 5400 1609 5454 lino
1665 5399 1808 5455 fame

226 5472 399 5541 periit
428 5480 555 5523 ante
577 5486 739 5538 quam
764 5470 960 5541 gladio.
1000 5469 1063 5541 Et
1093 5472 1182 5525 vix
1233 5472 1391 5540 pauci
1420 5470 1513 5539 qui
1553 5485 1810 5538 caperen-

229 5539 348 5603 tur,
384 5539 593 5593 inventi
628 5550 775 5593 sunt.
810 5540 888 5593 Ad
931 5540 1201 5594 nefandos
1235 5539 1401 5594 ’cibos
1453 5541 1636 5608 erupit
1680 5555 1805 5592 esu-

230 5612 500 5664 rtentium
529 5612 808 5665 t'ahics:et
833 5628 929 5664 sua
961 5611 1198 5665 invicem
1231 5613 1476 5666 membra
1507 5611 1804 5673 laniarunt,

1906 4787 2085 4835 utero,
2118 4786 2279 4841 quem
2315 4769 2474 4838 paulo
2505 4779 2631 4823 ante
2664 4769 2954 4822 etl'uderat.

2017 4867 2147 4931 Quis
2182 4863 2387 4917 cladem
2424 4861 2570 4915 illius
2607 4862 2796 4924 noctis,
2825 4863 2941 4931 quis
2973 4861 3158 4930 funera
3186 4860 3372 4928 fando.

2022 4935 2282 5001 Explicet.
2301 4942 2396 4986 aut
2410 4933 2570 5001 possit
2588 4932 2840 5001 lacrymis
2860 4947 3077 5000 requare
3107 4931 3381 4985 dolorem?

2022 5000 2155 5060 Urbs
2175 5004 2396 5073 antiqua
2429 5005 2556 5065 ruit,
2581 5000 2770 5055 multos
2788 5002 3066 5055 dominata
3082 5016 3175 5069 per
3189 5017 3377 5055 annos.

2578 5093 2828 5164 (Hieron.
2857 5095 2937 5149 Ad
2970 5093 3346 5161 Principiam.)

1986 5188 2065 5260 (5)
2102 5187 2283 5260 Prima
2335 5185 2572 5260 direptio
2614 5185 2765 5241 urbis
2792 5185 2978 5240 Romae
3009 5199 3039 5239 a
3072 5184 3295 5239 tiotthis
3348 5182 3487 5236 facta

1911 5259 2001 5317 an.
2031 5259 2232 5316 Christi
2257 5259 2382 5313 412.

1985 5331 2060 5399 (4)
2116 5329 2393 5399 Honorius
2445 5325 2695 5399 barbaris
2740 5324 3255 5399 Romamjncolere
3287 5322 3489 5391 permi-

1911 5395 2000 5456 sitl
2038 5400 2329 5453 Alariehus
2363 5396 2570 5453 Gallam
2627 5396 2945 5457 Placidiam,
2982 5395 3206 5448 llunorii
3243 5407 3487 5446 sururettt

1915 5472 2099 5526 Ruina:
2163 5481 2400 5539 captam,
2464 5466 2780 5539 Athaulpho
2844 5482 3066 5539 uisui-em
3120 5464 3317 5539 dedit:
3366 5478 3489 5539 qua:

1914 5540 2196 5595 blanditiis
2226 5533 2341 5593 suis
2372 5536 2516 5606 apud
2556 5536 2815 5606 maritum
2845 5534 3062 5601 effect,
3100 5545 3156 5587 Ill
3193 5536 3336 5587 ultro
3374 5533 3489 5599 ipse

1913 5628 1942 5664 a
1968 5608 2227 5664 Romanis
2250 5605 2443 5677 pacem
2468 5616 2702 5676 peteret.
2737 5605 2933 5674 (μίαν.)
