3898 6192
231 194 370 259 1049

1125 196 1722 259 ECCLESIASTIC£
1764 195 2146 258 HlSl‘ORIzE
2186 195 2334 256 LIB.
2367 195 2535 256 ΧΙΙῘ.

3352 184 3490 251 ιοεο

229 309 326 366 καὶ
348 308 465 378 πῦρ
493 307 790 378 οὐρανόθεν
811 309 1449 382 συγκαταρῤηγνύμενον
1500 311 1682 365 πᾶσαν
1732 310 1816 364 ἑλ-

1927 312 2215 367 ltominum
2269 310 2526 366 interitus
2559 305 2823 363 indicium
2876 303 3001 360 fuit.
3051 302 3322 373 Deinceps
3351 318 3486 358 vero

228 402 359 455 πίδα
385 400 724 470 περιέκοπτε
757 401 1060 472 σωτηρίας.
1087 403 1235 472 tum
1258 420 1323 472 γε
1367 403 1578 474 φθοράν
1603 400 1813 471 ἀνθρώ-

227 511 348 548 πων
368 494 474 547 οὐκ
495 494 855 565 ἐνειργάσατο
875 510 892 526 ο
924 494 1096 565 ἀλλ’ἢ
1125 495 1245 550 θεία
1269 496 1526 566 εὐμένεια
1590 495 1810 566 πνεῦμα

228 587 462 656 σφοδρὸν
483 585 740 639 καθιεῖσα
775 587 871 639 καὶ
911 586 972 640 τὸ
1012 585 1127 655 πῦρ
1160 588 1504 658 πανταχόθεν
1559 587 1812 656 περιελά-

229 694 392 740 σασα,
416 677 563 730 κατὰ
600 677 702 747 τῆς
754 676 1034 749 θαλάσσης
1064 679 1361 750 ἀπέρριψε.
1409 679 1517 731 Καὶ
1570 674 1639 749 ἦν
1682 675 1812 730 ίδείν

228 769 384 835 ξένον
439 768 644 838 θέαμα,
707 768 817 821 τῶν
868 771 1130 840 κυμάτων
1180 771 1274 824 ἐπὶ
1315 770 1567 825 πλεῖστον
1620 769 1810 839 ὥσπερ

228 858 393 912 τινῶν
424 857 738 913 θαλασσίων
768 859 990 929 χωρίων
1015 858 1093 924 τῷ
1127 861 1260 930 πυρὶ
1289 860 1808 929 καταφλεγομένων,

230 953 362 1020 ἄχρι
389 951 618 1013 τελείως
647 951 707 1004 τὸ
750 951 954 1020 φλέγον
991 950 1071 1022 τῷ
1126 953 1356 1021 πελάγει
1410 951 1806 1019 ὲναπεσὸἐσθη.

231 1043 357 1096 Τῶν
382 1044 439 1097 δὲ
459 1044 524 1115 δὴ
555 1044 820 1097 τοιούτων
879 1045 1122 1115 σεισμῶν
1160 1047 1302 1100 κατά
1357 1045 1528 1099 πολλὰ
1556 1045 1654 1115 τῆς
1708 1047 1811 1114 γῆς

231 1136 576 1206 γενομένων,
623 1134 890 1206 ὤφθησαν
937 1135 1135 1206 ὀροφαὶ
1197 1136 1387 1190 οἰκιῶν
1437 1133 1541 1196 ἀπ’,
1567 1134 1811 1206 ἀλλήλων

235 1229 377 1298 μετὰ
404 1231 660 1299 μεγάλων
728 1229 990 1296 πατάγων
1026 1231 1119 1283 καὶ
1157 1229 1466 1300 άρῤαγμῶν
1499 1228 1810 1292 διαστᾶσαι,

233 1322 310 1382 ὡς
345 1321 600 1384 καὶτοὺς
634 1319 782 1372 ἔνδον
818 1321 1242 1390 παρατυχόντας
1297 1321 1360 1390 τῇ
1393 1319 1513 1388 ὄψει
1552 1317 1813 1388 καθαρῶς

234 1413 329 1464 τὸν
374 1413 604 1483 ούρανὶν
643 1411 968 1465 ὑποϐάλλειν
1001 1427 1016 1440 ·
1069 1414 1162 1464 καὶ
1213 1413 1352 1481 μετὰ
1391 1413 1490 1483 τὴν
1545 1412 1813 1482 τοσαύτην

235 1508 544 1570 δτάστασιν,
564 1506 707 1560 οὕτω
734 1500 897 1561 πάλιν
921 1506 1284 1577 άρμοσθεῖσαι
1313 1507 1408 1559 καὶ
1431 1506 1807 1575 συναφθεῖσαι,

1917 415 2264 462 terraemotus
2293 421 2413 462 esse
2449 411 2760 469 cmperunt,
2795 401 2886 472 qui
2925 415 3033 455 non
3059 398 3218 455 facile
3247 413 3372 452 cum
3399 398 3483 453 eis

1915 501 2010 570 qui
2058 510 2217 556 antea
2256 499 2610 562 exstiterant,
2639 495 2878 551 conferri
2915 501 3160 563 possent.
3190 490 3327 548 Cum
3367 498 3484 544 ter-

1914 589 2236 645 ramotibus
2267 588 2412 658 ignis
2442 601 2689 658 quoque,
2716 585 2858 640 coelo
2888 582 3046 653 quasi
3087 589 3250 650 rupto
3293 579 3485 648 delap-

1916 698 2033 749 sus,
2062 683 2258 738 salutis
2286 697 2435 752 spem
2467 695 2688 735 omnem
2720 679 2991 749 praecidit,
3052 676 3264 731 cladem
3295 682 3476 728 tamen

1915 776 2239 831 hominibus
2277 789 2384 830 non
2419 775 2627 829 intulit.
2676 773 2865 828 Divina
2897 784 3136 838 namque
3169 766 3482 837 benignitas

1913 881 2079 926 vento
2134 868 2450 924 vehementi
2511 866 2776 928 demisso,
2833 873 2888 919 et
2940 863 3063 933 igne
3115 861 3484 928 undequath

1913 963 2230 1034 provoluto,
2276 962 2331 1016 in
2371 977 2521 1017 mare
2561 976 2687 1016 cum
2731 958 2952 1028 abjecit.
2985 955 3186 1010 Videre
3217 963 3331 1008 tttm
3363 960 3486 1006 erat

1913 1056 2292 1126 spectaculum
2336 1067 2561 1118 novum,
2610 1051 2813 1106 ﬂuctus
2851 1051 3002 1118 ipsos
3048 1045 3280 1119 perinde
3320 1054 3486 1112 atque

1915 1148 2171 1218 regiones
2205 1145 2471 1215 quasdam
2505 1145 2751 1199 marinas
2785 1143 3081 1213 plurimum
3115 1137 3224 1206 igni
3265 1136 3498 1196 ardere,

1915 1239 2275 1310 quoadusque
2326 1235 2543 1290 ﬂamma
2600 1249 2828 1304 prorsus
2891 1233 2947 1286 in
3005 1230 3166 1285 undis
3211 1227 3482 1284 exstincta

1914 1339 2014 1387 est.
2054 1331 2190 1386 Cum
2226 1331 2281 1385 in
2317 1330 2505 1383 multis
2538 1337 2698 1382 terrae
2726 1326 2863 1382 locis
2894 1324 3032 1379 tanti
3064 1331 3254 1379 essent
3291 1330 3484 1374 terra:-

1915 1430 2119 1488 motus,
2171 1423 2448 1490 laquearia
2486 1429 2543 1475 et
2593 1429 2734 1476 tecta
2781 1418 2981 1472 aedium
3029 1431 3058 1469 a
3111 1429 3168 1469 se
3225 1411 3358 1482 ipsis
3411 1410 3486 1463 ita

1919 1531 2114 1585 magno
2145 1529 2271 1569 cum
2305 1514 2489 1569 sonitu
2524 1521 2580 1568 et
2608 1513 2821 1582 fragore
2859 1508 3046 1563 dirimi
3095 1508 3210 1561 visa
3243 1513 3393 1566 sunt,
3428 1514 3490 1557 ut

237 1597 314 1659 ὡς
346 1595 623 1665 μηδεμίαν
657 1594 914 1663 αἴσθησιν
961 1598 1057 1647 τοῦ
1104 1596 1551 1666 νεωτερισθέντος
1625 1595 1814 1665 μηδενὶ

1927 1609 2013 1678 qui
2047 1607 2197 1661 intus
2247 1607 2302 1661 in
2355 1605 2616 1660 domibus
2650 1613 2832 1666 erant,
2863 1601 3009 1656 clare
3053 1599 3229 1653 oculis
3287 1597 3487 1652 caalum

238 1688 565 1758 παρασχεῖν.
600 1685 672 1738 Τὸ
705 1687 836 1740 αὐτὸ
866 1686 921 1738 δὲ
951 1687 1106 1740 τοῦτο
1125 1687 1296 1751 πάθος
1322 1689 1416 1740 καὶ
1466 1705 1528 1739 πε
1543 1689 1596 1756 pl.
1655 1688 1815 1739 πλοῖα

239 1784 336 1834 καὶ
367 1785 493 1849 περὶ
517 1779 586 1833 τὰ
615 1779 724 1833 τῶν
754 1767 943 1833 οἰκιῶν
977 1781 1150 1849 ἐδάφη
1183 1780 1449 1848 πολλαχοῦ
1477 1779 1777 1849 συνηνέχθη
1799 1793 1812 1807 ·

242 1876 338 1927 καὶ
367 1875 476 1942 γάρ
506 1889 651 1934 τινες
681 1873 788 1924 τῶν
824 1871 1121 1925 σιτοὸόλων
1149 1874 1274 1934 τοὺς
1325 1871 1572 1924 κάτωθεν
1605 1869 1816 1923 οἰκοῦν-

239 1985 337 2028 τας
365 1966 696 2032 ἀπέπνιξαν,
735 1965 826 2018 τὸν
876 1969 1023 2018 σῖτον
1075 1965 1261 2027 αὐτοῖς
1311 1964 1509 2034 ἀθρόον
1565 1964 1655 2016 διὰ
1709 1963 1818 2014 τῶν

241 2062 433 2115 πάτων
459 2061 814 2130 ὲπιχεάμενοι
846 2076 859 2089 ·
897 2059 990 2111 καὶ
1046 2058 1206 2111 πάλιν
1239 2059 1412 2122 οὕτως
1443 2058 1717 2127 παρέσχον
1759 2057 1819 2108 τὸ

241 2156 444 2222 ἔδαφος
487 2152 859 2223 ἡρμοσμένον,
887 2152 961 2214 ὡς
992 2151 1281 2221 ἐξαπορεῖν
1308 2151 1551 2213 ἅπαντας
1600 2151 1761 2203 πόθεν
1792 2151 1820 2202 ό

241 2249 445 2317 φονεὺς
483 2245 735 2316 ἀπερρύη
765 2247 911 2307 σῖτος
946 2248 1177 2305 ἐκεῖνος.
1213 2245 1320 2298 Kal
1347 2243 1482 2296 ἄλλα
1505 2244 1560 2296 δὲ
1584 2243 1822 2296 τοιουτό-

237 2358 424 2412 τροπα
449 2338 596 2407 πάθη
625 2335 928 2407 τηνικαῦτα
974 2334 1308 2412 ἐνεοχμὼθη,
1375 2335 1686 2397 δεικνύντα,
1744 2335 1820 2404 μὴ

242 2435 454 2502 φυσικῇ
487 2449 593 2484 τινι
616 2429 791 2482 ταῦτα
836 2429 1121 2498 προελθεῖν
1158 2427 1471 2498 ἀκολουθίᾳ,
1519 2429 1592 2490 ὡς
1635 2428 1823 2498 Ἐλλή-

238 2544 354 2580 νων
403 2524 594 2585 παῖδες
643 2520 944 2592 ληροῦσιν,
995 2521 1130 2576 ἀλλὰ
1194 2521 1342 2583 θείας
1393 2522 1823 2591 ἀγανακτήσεως

242 2621 518 2686 μάστιγας
548 2615 915 2684 ὲπαφεθῆναι.
956 2613 1059 2668 Kal
1087 2613 1261 2668 ταῦτα
1311 2615 1367 2668 δὲ
1416 2614 1492 2684 τῷ
1523 2615 1644 2666 τότε
1682 2632 1820 2684 συμ-

223 2709 410 2779 ”6ἧναι
441 2710 554 2772 τοῖς
607 2707 821 2770 πολλοῖς
881 2706 1054 2758 ἐδόκει
1084 2707 1504 2777 χαλεπαίνοντος
1533 2705 1628 2760 τοῦ
1687 2706 1822 2759 Θεοῦ

238 2803 333 2854 διά
360 2801 457 2870 τὴν
485 2803 565 2863 εἰς
594 2799 688 2852 τὸν
717 2799 974 2868 μέγιστον
1022 2799 1290 2868 φωστῆρα
1331 2798 1584 2868 Ἰωάννην
1607 2816 1822 2870 προφα-

239 2895 313 2960 νῆ
347 2893 581 2948 ἀδικίαν.
612 2894 722 2945 Kal.
754 2895 863 2963 γὰρ
891 2893 956 2962 δὴ
985 2895 1080 2944 καί
1118 2891 1218 2963 τὴν
1263 2892 1357 2944 τοῦ
1408 2892 1676 2962 βασιλέως
1726 2909 1826 2960 γα·

246 2987 421 3057 μετὴν
497 2982 754 3049 Εύδοξὶαν
829 2984 1132 3053 τηνικαῦτα
1208 2984 1408 3054 συνέϐη
1486 2983 1818 3049 amatam,

244 3077 550 3144 σκωλήκων
597 3076 903 3145 γενομένην
950 3075 1236 3144 ἀνάλωμα.
1268 3077 1377 3128 Καὶ
1427 3075 1523 3146 τὴν
1576 3075 1825 3144 λάρνακα

147 3215 150 3218 .
244 3167 560 3222 κλονεῖσθαι
588 3168 717 3237 ὁρᾷν
750 3163 818 3237 ἦν
921 3166 1228 3230 ὑπετίθετο,
1259 3169 1350 3219 τον
1379 3166 1445 3220 δι’
1479 3167 1645 3237 αὐτῆς
1673 3167 1827 3234 γενό-

247 3278 420 3330 μενον
477 3263 544 3330 τῇ
619 3259 917 3330 Ἐκκλησία
971 3260 1160 3313 κλόνον
1229 3261 1602 3331 αἰνιττομένου
1663 3259 1824 3314 θεοῦ.

247 3355 414 3408 Μετὰ
471 3354 666 3424 μικρὸν
734 3354 791 3407 δὲ
850 3354 945 3406 καὶ
995 3353 1255 3421 Θεόφιλος
1314 3355 1453 3424 νόσῳ
1511 3353 1828 3424 περιπεσὼν

252 3447 556 3516 πλευρίτιδι
610 3448 900 3519 διεφθάρη.
952 3449 1059 3500 Καὶ
1097 3447 1408 3518 Ἀρσάκιος,
1458 3447 1531 3510 ὣς
1568 3466 1657 3515 μοι
1691 3465 1828 3516 προ·

248 3543 492 3612 είρηται,
523 3543 583 3594 οὐ
626 3542 770 3595 πάνυ
819 3542 1009 3610 πόρρω
1064 3541 1356 3610 ἀπηλλάγη
1405 3541 1496 3594 τοῦ
1549 3543 1671 3612 ζῇν.
1720 3543 1830 3595 Kal.

249 3637 492 3705 Κυρῖνος
519 3636 548 3687 ό
576 3633 919 3702 Χαλκηδόνος
946 3635 1003 3699 ἐξ
1025 3629 1091 3704 ἧς
1110 3635 1239 3703 περὶ
1261 3633 1349 3688 τὸν
1377 3635 1514 3688 πόδα
1540 3636 1830 3705 συμφορᾶς

249 3729 604 3798 περιέπεσεν,
659 3726 925 3798 ἑκάτερον
993 3726 1183 3790 σκέλος
1251 3725 1522 3798 πρισθεὶς,
1583 3727 1830 3790 ἐλεεινῶς

249 3821 472 3875 ἁπεϐίω
504 3836 517 3849 ·
555 3821 650 3872 καὶ
683 3817 839 3873 ἄλλοι
863 3819 1040 3882 άλλως
1066 3835 1079 3848 ⁶
1130 3820 1406 3889 Ἀντίοχος
1432 3820 1526 3873 καὶ
1557 3819 1828 3892 Σευηρια-

244 3918 366 3978 νὸς,
395 3913 492 3967 καὶ
512 3913 562 3966 οἶ
590 3913 720 3984 περὶ
742 3912 940 3975 αὐτοὺς
999 3911 1186 3974 κακῶς
1205 3913 1266 3964 τὸ
1304 3911 1404 3983 ζῇν
1435 3912 1830 3984 ἑξεμέτρησαν,

247 4002 450 4074 ποινὴν
484 4003 949 4072 είσπραττομένου
981 4001 1115 4053 Θεοῦ
1152 4001 1248 4069 τῆς
1277 4002 1487 4068 ἀδίκου,
1552 4003 1687 4073 (pali!
1724 4003 1834 4057 τῶν

249 4095 420 4166 ἱερῶν
454 4094 812 4164 ὲξορχήσεως.
858 4093 948 4156 Ἐξ
988 4093 1296 4164 ἀνθρώπων
1320 4095 1375 4148 δὲ
1409 4097 1551 4148 καὶὸ
1581 4095 1835 4164 βασιλεὺς

260 4187 552 4258 Ἀρκάδιος
614 4187 858 4254 ιγεγόνει
913 4187 1050 4256 μετὰ
1119 4184 1313 4255 βραχύ.
1389 4184 1532 4239 Ἀλλ’
1587 4187 1680 4239 ἐπὶ
1736 4185 1835 4256 τὴν

1917 1702 2326 1771 conspicerent.
2366 1699 2434 1754 Et
2479 1707 2601 1768 post
2645 1695 2915 1767 ejusmodi
2952 1703 3234 1763 rupturam
3264 1693 3337 1744 ita
3368 1707 3491 1743 rur-

1919 1810 2042 1850 sum
2081 1802 2208 1847 sunt
2245 1792 2392 1846 inter
2424 1805 2480 1844 se
2514 1799 2643 1858 apte
2677 1788 2996 1856 conjuncta,
3028 1794 3088 1838 ut
3122 1783 3332 1837 nemini
3379 1790 3488 1835 tam

1919 1902 2074 1942 novm
2099 1885 2177 1938 rei
2205 1883 2662 1953 signiﬁcationem
2701 1881 2944 1948 aliquam
2980 1877 3309 1946 pra-herent.
3341 1875 3489 1929 Idem

1919 1979 2084 2033 etiam
2136 1977 2190 2029 in
2235 1975 2470 2029 navibus
2501 1983 2557 2028 et
2587 1971 2875 2026 domorum
2912 1966 3266 2038 pavimentis,
3302 1967 3493 2018 multis

1921 2074 1975 2124 in
2035 2069 2172 2122 locis
2220 2065 2443 2120 accidit.
2533 2063 2790 2130 Quaedam
2845 2075 3085 2130 namque
3137 2057 3390 2128 granaria
3436 2057 3493 2111 in

1921 2158 2174 2229 partibus
2231 2154 2589 2210 interioribus
2637 2153 2978 2214 habitantes,
3036 2150 3315 2204 frumento
3362 2163 3495 2202 cou-

1920 2252 2102 2306 fertim
2137 2260 2192 2304 et
2238 2249 2425 2303 subito
2459 2247 2512 2300 in
2541 2262 2636 2302 eos
2665 2262 2765 2315 per
2809 2246 2978 2298 rimas
3008 2253 3260 2312 patentes
3283 2241 3488 2306 etl'uso,

1923 2342 2287 2403 suﬂ'ocarunt,
2331 2341 2621 2409 solumque
2652 2340 2830 2409 ipsum
2867 2347 2976 2391 tam
3016 2335 3308 2390 commode
3335 2349 3492 2388 com-

1925 2445 2146 2506 pactum
2206 2433 2602 2497 reddiderunt,
2658 2442 2719 2486 ut
2772 2433 3027 2487 homines
3077 2431 3494 2492 addubitarent,

1926 2527 2071 2582 unde
2097 2526 2434 2579 frumentum
2466 2524 2595 2578 illttd
2626 2524 2772 2593 quod
2798 2523 3004 2578 caedem
3040 2523 3204 2577 talem
3238 2521 3494 2592 patrarit,

1925 2616 2270 2688 proﬂuxerit.
2299 2615 2378 2670 Ad
2409 2616 2545 2681 haec,
2579 2614 2684 2668 alia
2714 2629 2933 2682 quoque
2966 2612 3188 2684 generis
3214 2612 3354 2666 mala
3381 2620 3494 2664 tum

1926 2725 2068 2766 novo
2107 2725 2336 2780 prorsus
2368 2710 2532 2762 modo
2558 2708 2858 2771 exstitere;
2901 2722 3024 2776 quae
3056 2706 3192 2760 satis
3232 2702 3498 2758 ostende-

1926 2813 2080 2869 runt,
2106 2819 2214 2856 non
2252 2801 2491 2856 naturali
2514 2801 2696 2868 aliqua
2718 2800 2930 2856 ratione
2955 2799 3090 2858 hac,
3112 2796 3273 2851 sicuti
3293 2794 3498 2850 Graeca:

1928 2895 2341 2965 superstitionis
2376 2901 2680 2950 sectatores
2709 2890 3010 2944 delirantes
3042 2888 3256 2947 dicunt.
3291 2899 3496 2955 prove-

1928 2992 2073 3057 nire,
2106 2988 2202 3044 sed
2250 2986 2452 3042 divinae
2483 2983 2883 3054 indignationis
2917 2980 3128 3051 ﬂagella
3160 2995 3224 3034 ea
3257 2978 3501 3032 homini-

1928 3083 2033 3138 bus
2080 3079 2324 3133 immitti.
2380 3076 2540 3148 427
2582 3075 2770 3129 Multis
2802 3082 2953 3128 certe
3001 3071 3224 3142 quidem
3259 3086 3326 3125 eo
3359 3078 3500 3124 tem-

1929 3189 2063 3246 pore
2113 3173 2290 3227 visum
2345 3181 2448 3234 est,
2505 3170 2643 3222 irato
2690 3182 2755 3222 ea
2808 3165 2921 3220 Deo
2953 3163 3247 3225 accidisse,
3279 3171 3502 3231 propter

1931 3277 2038 3320 tam
2072 3272 2342 3335 apertam,
2375 3277 2500 3331 quas
2538 3258 2778 3314 maximo
2810 3257 2890 3312 illi
2923 3256 3187 3310 Ecclesiae
3237 3252 3501 3308 ltttninari

1928 3355 2125 3411 Joanni
2161 3353 2310 3407 illata
2339 3360 2444 3416 est,
2478 3349 2737 3419 injuriam
2767 3349 2865 3418 (ί).
2916 3345 3202 3416 Siquidem
3236 3355 3292 3398 et
3331 3345 3505 3412 impe-

1931 3447 2134 3502 ratoris
2180 3445 2470 3513 conjugem
2528 3439 2836 3494 Eudoxiatn
2901 3448 3017 3491 tuttt
3071 3437 3180 3490 vita
3230 3434 3502 3488 excedere

1933 3537 2183 3607 contigit,
2238 3534 2518 3588 vermibus
2564 3545 2748 3586 escam
2781 3528 2982 3582 factam
3015 3546 3028 3581 :
3067 3537 3122 3580 et
3155 3541 3372 3589 urnam,
3413 3523 3502 3577 cui

1934 3629 2188 3699 imposita
2223 3634 2329 3688 est,
2379 3622 2588 3677 moveri
2615 3634 2844 3675 cernere
2872 3627 3010 3684 erat,
3086 3617 3198 3671 Deo
3245 3615 3503 3670 videlicet

1933 3737 2058 3777 eum
2091 3721 2183 3789 qui
2217 3735 2316 3789 per
2350 3717 2499 3771 illam
2533 3715 2590 3769 in
2638 3712 2885 3767 Ecclesia
2929 3710 3243 3765 concitatus
3298 3709 3502 3763 fuerat.

1935 3823 2144 3869 motum
2187 3809 2533 3866 ostendente.
2563 3807 2631 3861 Et
2660 3803 3002 3872 Theophilus
3031 3801 3193 3871 paulo
3218 3807 3344 3870 post
3372 3798 3505 3850 late-

1934 3925 2057 3965 rum
2112 3904 2307 3960 morbo
2353 3911 2643 3970 correptus
2704 3897 2931 3952 interiit.
2986 3893 3252 3948 Arsacius
3313 3891 3504 3951 etiam,

1935 3993 2403 4072 quemadmodum
2446 4007 2476 4044 a
2528 4004 2612 4042 me
2666 3987 2874 4041 dictum
2906 3992 3010 4046 est,
3047 3996 3218 4053 parvo
3263 3980 3506 4031 interce-

1937 4068 2103 4148 dente
2131 4099 2379 4156 tempore
2425 4081 2554 4136 fatis
2581 4077 2879 4135 concessit.
2910 4074 2977 4130 Et
3004 4073 3240 4145 Cyrinus
3279 4068 3506 4125 Chalce-

1939 4185 2103 4242 donis
2145 4182 2460 4250 episcopus,
2492 4191 2560 4230 ex
2591 4189 2658 4230 eo
2688 4187 2818 4228 casu
2851 4185 2963 4241 quo
3004 4170 3059 4224 in
3093 4165 3232 4238 pede
3268 4163 3509 4218 circum-

247 4281 515 4352 τελευτὴν
550 4279 800 4333 Ἰωάννου
833 4279 1122 4349 πρότερον,
1155 4279 1347 4332 ἔπειτα
1372 4279 1465 4332 καὶ
1509 4279 1582 4343 ὡς
1613 4280 1821 4332 ἐτελεύε

1939 4286 2137 4334 ventus
2167 4282 2252 4328 est
2272 4270 2371 4342 (2),
2391 4277 2627 4338 utroque
2650 4279 2810 4321 crure
2829 4263 3092 4327 dissecto,
3112 4255 3508 4312 miserabiliter

248 4392 327 4426 τοι
355 4373 663 4443 Ἀρκάδιος,
690 4369 863 4437 διιὼν,
896 4374 992 4423 σὺν
1013 4373 1080 4440 τῇ
1107 4369 1325 4440 τελευτῇ
1351 4370 1613 4439 ἐκατέρου
1639 4371 1732 4421 καὶ
1763 4371 1830 4438 τῇ

251 4464 686 4536 τρισκαιδεκάτῃ
725 4481 816 4534 μοι
871 4463 980 4516 τῶν
1029 4462 1302 4531 ἱστοριῶν,
1335 4462 1642 4532 ἡγουμένου
1670 4462 1834 4525 Θεοῦ,

253 4558 509 4628 ἐπιθήσω
554 4558 724 4620 τέλος.

1943 4372 2052 4426 vita
2099 4378 2186 4424 est
2240 4365 2561 4421 defunctus.
2607 4362 2675 4417 Et
2719 4359 2810 4415 alii
2869 4360 3031 4414 aliter
3080 4355 3248 4409 vitam
3295 4351 3505 4406 (iniere.

1941 4462 2253 4518 Antiochus
2299 4467 2356 4513 ct
2408 4455 2781 4518 Severianus,
2838 4461 3256 4516 sectatoresque
3315 4457 3506 4498 eorum

1944 4557 2086 4610 male
2116 4567 2338 4624 quoque
2365 4550 2510 4606 diem
2537 4563 2698 4603 suum
2734 4546 2948 4610 obiere,
2986 4541 3097 4596 Deo
3129 4540 3198 4594 ab
3231 4538 3363 4608 ipsis
3395 4551 3510 4606 ρω-

258 4672 394 4710 natn
422 4664 699 4719 sumente,
747 4662 972 4722 propter
1019 4667 1172 4708 sacra
1209 4653 1369 4724 (proh
1400 4652 1557 4706 dolor
1579 4653 1618 4720 ι)
1685 4651 1871 4720 inique
1912 4652 2154 4722 prodita.
2217 4649 2365 4703 Inter
2400 4646 2653 4701 homines
2683 4657 2904 4713 quoque
2931 4653 3052 4693 esse
3085 4637 3383 4704 imperator
3403 4632 3506 4685 Ar-

255 4751 455 4807 cadius
484 4750 639 4805 brevi
663 4748 849 4802 desiit.
881 4747 1077 4801 Verum
1097 4746 1326 4801 Joannis
1351 4745 1614 4815 primum,
1639 4743 1840 4798 deinde
1879 4744 2044 4798 etiam
2093 4739 2319 4796 Arcadii
2387 4736 2542 4792 obitu
2573 4734 2846 4803 exposito,
2918 4744 3024 4782 una
3055 4741 3178 4780 cum
3224 4723 3510 4790 utriusque

261 4851 402 4912 line,
455 4845 672 4900 decimo
723 4845 888 4898 tertio
919 4857 1140 4911 quoque
1174 4841 1423 4896 historia:
1473 4841 1638 4910 hujus
1667 4841 1834 4904 libro,
1878 4839 1991 4895 Deo
2017 4838 2336 4908 adiuvante,
2378 4834 2660 4902 imponam
2686 4828 2874 4881 tinent.

852 4959 1096 5012 ΚΕΦΑΛ.
1125 4959 1245 5012 ΔΖ’.

261 5055 538 5122 Περιτῆς
568 5053 914 5120 πορῤωτέρω
960 5049 1334 5122 εξορίαςντοιξ
1378 5049 1836 5122 Χρυᾳοστόμος).

337 5116 435 5176 καὶ
470 5116 588 5175 τῶν
629 5116 1108 5190 ἀὺγγρὰμμάτων
1149 5119 1374 5190 αὑτοῦὴ
1421 5116 1520 5171 καὶ
1558 5119 1639 5181 ὡς
1686 5116 1838 5184 πρὸς

339 5196 491 5247 Θεὸν
505 5189 906 5260 μετεχώρησε,
943 5195 1047 5242 τὸν
1070 5192 1215 5253 ,ϐίον
1236 5189 1450 5242 λιπών.

339 5313 428 5364 Ἐν
461 5310 640 5363 τοίνυν
668 5311 734 5378 τῇ
770 5306 1070 5375 Κουκουεῷ
1102 5307 1392 5375 γενόμενος
1423 5306 1671 5374 Ἰωάννης
1699 5306 1836 5371 πρὸς

256 5407 357 5460 τοῦ
384 5403 687 5455 ἐπισκόπου
728 5399 1011 5468 Ἀδελφίου
1066 5399 1246 5462 καλῶς
1299 5398 1617 5467 ὑποδέχεται
1655 5415 1669 5428 ·
1707 5397 1834 5449 ἔνθα

339 5542 415 5605 (Ι)
454 5538 609 5593 Socr.
650 5540 743 5592 lib.
781 5554 853 5601 vt,
889 5551 1008 5604 cap.
1047 5534 1130 5594 19,
1181 5533 1295 5589 hec
1338 5534 1581 5604 exempla
1619 5532 1835 5588 occulto

265 5614 366 5668 tui
400 5610 920 5679 judiciojndicamia
981 5605 1264 5675 permittit.

2460 4941 2686 5000 CAPUT
2728 4938 2990 4994 XXXVII.

1945 5044 2023 5100 De
2067 5042 2320 5096 ulteriore
2345 5038 2526 5092 exsilio
2559 5034 2931 5105 Chryaostomt',
2981 5027 3228 5105 librisque
3271 5025 3425 5105 ejus:
3462 5029 3507 5072 et

2113 5122 2170 5166 ut
2196 5113 2304 5165 vita
2342 5112 2439 5163 hac
2469 5096 2687 5168 relicta:
2706 5103 2775 5157 ad
2808 5102 2974 5154 Deum
3009 5096 3336 5167 migraverit.

2012 5295 2212 5352 Cucusi
2247 5293 2489 5348 Joannes
2505 5303 2628 5343 cum
2650 5294 2818 5351 esset,
2847 5284 2914 5338 ab
2943 5279 3214 5350 Adelpltio
3244 5287 3508 5346 episcopo

1940 5391 2176 5458 benigne
2224 5391 2490 5451 exceptus
2537 5390 2702 5446 atque
2751 5381 3015 5428 tractatus
3061 5377 3165 5425 est.
3199 5368 3377 5436 Atque
3430 5361 3508 5416 ibi

2011 5527 2086 5597 (‘2)
2121 5526 2336 5580 Solem.
2373 5521 2465 5574 lih.
2503 5533 2614 5577 vnt.
2651 5530 2774 5584 cap.
2806 5511 2900 5566 27.
