3898 6192
448 146 452 150 ’
496 187 631 249 1051

1707 202 2123 268 NlCEPllORI
2164 207 2505 270 CALLlSTl

3519 224 3618 294 1052

486 299 693 353 multos
720 299 942 369 quidem
975 319 1134 372 pane,
1164 305 1430 372 plurimos
1463 325 1593 364 vero
1623 313 1815 369 divino
1855 319 2044 382 verbo,

2158 319 2380 382 πολλοὺς
2415 319 2516 388 μὲν
2549 320 2720 388 ἄρτῳ,
2750 318 3034 381 πλείστους
3077 319 3132 373 δὲ
3165 322 3250 374 καὶ
3277 324 3344 394 τῷ
3379 329 3485 400 θείῳ
3515 333 3618 407 λόγῳ

483 392 634 460 quod
681 408 811 448 vere
841 395 1008 450 corda
1056 397 1370 464 conﬁrmat,
1419 411 1476 455 et
1522 412 1736 458 mentes
1780 407 2043 473 illustrat,

484 482 658 549 pavit.
691 483 1006 538 Permultos
1038 501 1169 539 vero
1215 487 1380 541 etiam
1417 490 1578 545 utiles
1607 505 1770 561 atque
1797 511 2052 550 necessa-

487 571 604 626 rios
631 573 803 628 libros
831 575 1161 643 composuit.
1193 575 1364 632 Nulla:
1395 580 1542 634 enim
1572 599 1692 651 qua:
1718 585 1767 637 ei
1798 587 2052 642 accidere

486 680 750 720 aerumna:
791 666 1034 736 linguam
1075 669 1218 737 ejus,
1256 669 1504 725 ﬂuminis
1551 674 1723 728 instar
1765 676 2049 742 ﬂuentem,

488 757 745 812 cohibere
768 766 1092 825 potuerunt.
1127 760 1201 814 De
1246 761 1510 828 patientia
1543 781 1763 834 quoque
1804 779 1861 824 et
1889 770 1956 825 de
1985 787 2052 826 eo

489 849 634 916 quod
669 862 775 900 non
818 849 998 902 solum
1049 865 1149 904 nos
1189 851 1257 904 ad
1289 854 1601 909 socordiam
1633 872 1742 911 non
1773 858 1927 925 dare,
1959 878 2055 916 ve-

490 954 610 990 rum
664 938 829 992 etiam
875 940 946 993 ub
991 955 1078 994 res
1123 942 1405 1008 adversas,
1437 961 1559 1014 qua:
1600 949 1881 1016 accidunt,
1939 967 2050 1006 non

487 1028 691 1082 offendi
741 1029 1066 1106 debeamus,
1112 1048 1224 1086 non
1271 1050 1440 1104 pauca
1483 1040 1837 1108 conscripsit.
1874 1042 2056 1097 Pluri-

487 1134 606 1173 mas
631 1120 798 1174 etiam
836 1131 950 1175 tum
993 1123 1060 1178 ad
1107 1137 1350 1180 sanctam
1383 1126 1762 1198 Olympiadem
1789 1132 2054 1201 epistolas

485 1211 658 1266 dedit.
692 1210 974 1268 Universae
1005 1215 1089 1270 ha:
1117 1217 1434 1286 quindecim
1464 1229 1613 1282 sunt,
1643 1212 1930 1278 mirificam
1957 1242 2053 1296 pa-

488 1302 693 1355 tientia:
745 1307 979 1374 gratiam
1029 1309 1486 1378 complectentes.
1535 1312 1592 1366 In
1638 1314 1840 1382 quibus
1873 1318 2054 1372 solum

485 1407 773 1460 peccatum
810 1411 930 1450 esse
961 1398 1060 1468 (l),
1090 1399 1156 1452 ad
1189 1402 1338 1468 quod
1368 1402 1762 1460 exhorrescere
1793 1423 1890 1463 nos
1919 1425 2056 1464 con-

484 1483 698 1548 veniat,
727 1487 881 1540 dicit.
917 1487 1216 1545 )Erumnas
1244 1497 1410 1547 etiam
1440 1511 1578 1562 quas
1613 1497 1665 1550 iu
1701 1499 1900 1554 itinere
1929 1517 2055 1572 per-

488 1575 652 1639 tulit,
701 1577 756 1630 in
805 1579 888 1633 eis
932 1594 1373 1639 commemorat:
1429 1586 1596 1658 428
1642 1598 1697 1643 et
1751 1601 1808 1646 ut
1851 1608 1971 1647 eam
2020 1612 2049 1651 a

489 1663 881 1734 desperatione
929 1681 1268 1739 revocatam,
1315 1677 1381 1730 ad
1429 1693 1582 1746 spem
1631 1681 1829 1738 bonam
1880 1685 2049 1741 futuri
2087 1659 2127 1713 Β

489 1770 824 1818 congressus
872 1765 1114 1817 erexerit
1155 1783 1169 1819 :
1219 1776 1386 1836 atque
1419 1778 1479 1822 ut
1515 1770 1766 1830 fervente
1821 1779 2056 1835 maxime

489 1855 682 1902 aestate
719 1849 825 1903 iter
853 1851 1084 1919 faciens,
1123 1871 1247 1911 cum
1279 1860 1764 1920 vehementissima
1811 1869 1951 1924 febri
1985 1873 2057 1926 sit

491 1939 844 2003 colluctatus,
871 1945 1090 2000 scribit.
1119 1947 1309 2002 Refert
1333 1950 1560 2020 insuper
1587 1958 1858 2013 stomachi
1887 1960 2058 2029 ipsius

492 2032 622 2085 vitia
652 2049 665 2084 :
701 2043 753 2086 et
781 2034 1119 2104 improbum,
1151 2041 1246 2109 qui
1281 2042 1455 2096 virum
1481 2047 1690 2116 justum
1717 2049 1772 2102 in
1803 2052 2054 2108 exsilium

467 2121 740 2187 abduxit,
762 2122 1006 2180 Galatam
1042 2146 1056 2182 :
1095 2145 1310 2186 necnon
1336 2133 1770 2193 diversoriorum
1799 2143 2057 2197 mansio-

494 2230 736 2285 numque
790 2219 1322 2291 iucommoditatem,
1355 2229 1734 2286 ministrorum
1786 2233 2053 2302 inopiam,

492 2321 675 2359 rerum
709 2311 1148 2366 necessariarum
1187 2319 1496 2384 penuriam,
1526 2321 1657 2375 item
1705 2325 1852 2392 quod
1888 2328 2059 2382 medi-

491 2409 614 2448 cum
677 2411 786 2451 non
855 2399 1138 2468 habuerit,
1204 2416 1260 2460 et
1319 2408 1388 2462 de
1452 2409 1767 2467 Isaurorum
1819 2424 2055 2472 terrore.

491 2485 956 2551 Quemadmodum
1002 2496 1166 2550 etiam
1206 2501 1456 2553 monachi
1485 2501 1592 2568 1(2),
1640 2505 1908 2562 adversus
1931 2523 2058 2562 eum

489 2575 762 2646 furentes,
795 2581 1138 2640 domicilium
1174 2589 1292 2657 ejus
1323 2590 1618 2648 incendere
1650 2595 1968 2654 voluerint:
2002 2607 2059 2654 et

493 2671 773 2738 quomodo
805 2675 974 2728 rebus
1004 2677 1124 2746 ejus
1174 2679 1230 2732 iu
1265 2681 1468 2736 itinere
1520 2685 1900 2754 comploratis,
1947 2704 2058 2744 non

493 2759 671 2813 solum
721 2760 822 2831 ipsi
856 2764 976 2834 ejus
1009 2766 1218 2822 miserti
1256 2785 1362 2823 non
1410 2771 1544 2834 sint,
1580 2773 1673 2827 sed
1704 2776 1870 2830 etiam
1896 2779 2061 2833 mise-

493 2849 789 2907 ricordiam
847 2855 1104 2919 aliorum,
1161 2868 1410 2920 extrema
1465 2865 1650 2917 orunia
1700 2868 2056 2938 comminati,

493 2939 870 3009 impedierint.
905 2946 979 3000 De
1029 2947 1115 3000 via
1167 2950 1406 3020 denique
1433 2955 1710 3022 queritur,
1746 2967 1936 3028 utpote
1969 2976 2057 3016 ar-
2084 2989 2132 3052 ο

492 3030 622 3098 dua,
658 3033 928 3103 lapidosa,
966 3037 1176 3093 difficili
1232 3053 1288 3094 et
1323 3043 1552 3099 molesta
1581 3063 1594 3099 :
1625 3063 1790 3116 quam
1832 3051 1902 3105 ob
1929 3066 2059 3106 cau-

494 3137 608 3174 sam
643 3123 858 3178 beatam
891 3128 1040 3181 illam
1067 3129 1330 3184 lemiuam
1361 3145 1540 3204 rogat,
1585 3147 1643 3191 ut
1685 3140 1773 3194 illa
1806 3152 1966 3197 curet
1989 3159 2061 3200 ne

492 3213 712 3284 longior
750 3217 868 3285 ejus
920 3218 1012 3272 flat
1059 3221 1356 3290 profectio,
1411 3229 1688 3285 sexcentis
1735 3233 1948 3289 exsiliis
1983 3237 2064 3291 la-

486 3307 682 3360 niorcm
714 3309 930 3365 itineris
962 3311 1200 3367 faciendi
1228 3316 1532 3385 graviorem
1559 3320 1665 3376 sibi
1697 3338 1818 3381 esse
1846 3327 2060 3384 dicens.

485 3399 622 3452 ἔπαξε
647 3402 828 3453 omnia
889 3412 1052 3472 atque
1079 3405 1184 3459 alia
1219 3407 1371 3462 hisce
1399 3409 1598 3464 similia
1655 3415 1901 3483 epistola:
1943 3412 2062 3475 ista:

478 3499 550 3541 aet
595 3489 716 3543 aliae
769 3502 1036 3561 pra-terea
1083 3497 1149 3550 ad
1201 3499 1519 3569 episcopum
1573 3502 1866 3574 Cyriacum
1919 3510 2061 3566 data:

477 3579 960 3648 complectuntur.
1011 3585 1185 3641 Porro
1237 3603 1358 3642 cum
1414 3591 1466 3645 ei
1518 3592 1858 3664 adversarii,
1906 3601 2056 3670 quod

475 3669 692 3724 vCucusi
741 3684 1009 3740 maneret,
1058 3678 1391 3746 inviderent,
1433 3682 1756 3741 Arabissum
1789 3690 2059 3748 abductus

482 3768 598 3812 cst.
629 3760 956 3818 Ductoribus
977 3767 1123 3822 enim
1150 3771 1267 3840 ejus
1299 3771 1404 3827 hoc
1430 3776 1616 3830 studio
1647 3777 1775 3841 fuit,
1795 3792 1854 3835 ut
1882 3791 2061 3840 trans-

491 3848 683 3930 itione.
729 3851 1004 3922 frequenti
1059 3858 1425 3917 labefactatus
1506 3864 1597 3920 ille
1647 3867 1814 3922 vitam
1858 3873 2060 3929 misere

495 3944 697 4000 finiret.
729 3947 984 4005 Scdenim
1013 3967 1123 4021 quo
1157 3954 1412 4023 pluribus
1439 3958 1692 4030 objectus
1751 3973 1834 4018 est
1861 3982 2060 4021 aerum-

485 4037 602 4103 nis,
632 4055 699 4092 eo
729 4041 953 4097 casibus
979 4046 1235 4100 omnibus
1266 4057 1492 4118 propter
1517 4053 1841 4108 sanctiorem
1872 4057 2056 4125 philo-

480 4129 751 4196 sophiam
807 4134 1065 4202 superior
1113 4133 1237 4201 fuit,
1287 4138 1740 4211 splendidiusque
1796 4147 2054 4203 refulsit:

481 4221 964 4286 quemadmodum
1012 4224 1072 4284 in
1121 4225 1247 4295 igne
1279 4226 1522 4295 flamma,
1562 4231 1607 4284 si
1650 4235 1935 4290 materiam
1967 4253 2058 4291 co-

2153 410 2424 479 διέτρεφε,
2491 410 2570 478 τῷ
2626 410 2702 472 ὡς
2753 410 2974 478 ἀληθῶς
3017 412 3237 482 καρδίαν
3277 419 3510 486 στηρίζειν
3553 432 3619 481 καὶ

2153 501 2410 568 φωτίζειν
2448 501 2608 552 εἰδότι
2636 500 2879 554 διάνοιαν
2912 515 2926 530 ·
2967 502 3188 567 πολλοὺς
3215 505 3270 558 δέ
3309 509 3394 559 καὶ
3419 511 3506 564 τῶν
3526 517 3619 568 ἁνα-

2151 587 2321 639 καίων
2357 587 2546 654 λόγους
2577 589 2893 652 συνέταξεν.
2925 588 3061 640 Οὐδὲ
3095 590 3200 659 γάρ
3226 609 3274 643 τι
3314 595 3408 646 τῶν
3442 598 3620 670 ὲττισυμυ

2155 673 2449 729 ϐαινόντων
2507 677 2696 730 δεινῶν
2747 679 2993 746 ἐπισχεῖν
3043 679 3138 749 τὴν
3205 681 3427 748 γλῶτταν
3470 688 3640 744 ἐκείνου·

2151 765 2386 831 ἠδύνατο
2426 768 2517 820 ῖσα
2551 769 2645 819 καὶ
2680 770 2949 832 ποταμοῖς
2997 769 3235 838 ῥέουσαν.
3267 771 3365 824 Καὶ
3407 779 3508 844 περὶ
3531 779 3624 832 ὑπο-

2159 857 2328 924 μονῆς
2369 857 2470 909 οὐκ
2522 857 2739 925 ὀλίγους
2800 854 3050 912 συνέθετο
3090 875 3105 890 ’
3139 860 3231 912 καὶ
3273 861 3356 914 τοῦ
3411 865 3473 933 μὴ
3513 871 3626 935 μίνον

2155 947 2354 1015 χρῆναι
2407 948 2695 1018 ῥᾳθυμεῖν,
2758 949 2895 1003 ἀλλά
2951 950 3086 1018 μηδέ
3141 951 3532 1018 σκανδαλίζεσθαι
3562 961 3626 1012 ἐπὶ

2155 1039 2271 1097 τοῖς
2322 1039 2726 1107 προσπίπτουσι
2762 1040 2868 1092 τῶν
2918 1041 3175 1110 ἀνιαρῶν.
3233 1043 3294 1094 Δί
3349 1046 3554 1100 πλεῖσται
3587 1051 3627 1102 δέ

2156 1126 2306 1192 αὐτῷ
2354 1128 2452 1180 καὶ
2513 1128 2623 1181 τῶν
2678 1131 2814 1200 πρὸς
2873 1131 2973 1200 τὴν
3035 1130 3361 1199 Ὀλυμπιάδα
3403 1136 3627 1190 ἐπιστολῶν

2156 1217 2462 1285 τηνικαῦτα
2521 1221 2910 1274 συντάττονται
2959 1221 3058 1291 τὴν
3101 1222 3270 1276 ὁσίαν.
3318 1226 3628 1280 Πεντεκαίδεκα

2155 1307 2211 1360 δέ
2246 1311 2384 1364 εἰσιν
2414 1311 2469 1362 αί
2493 1311 2688 1375 πᾶσαι,
2711 1311 2969 1381 ὑπερφυῆ
2993 1313 3151 1382 χάριν
3177 1314 3415 1382 ἐπιμονῆς
3437 1317 3624 1385 ἔχουσαι·

2156 1399 2289 1452 ὅπου
2321 1399 2386 1470 δὴ
2422 1401 2660 1472 φοϐερὰν
2685 1403 2849 1472 μόνον
2885 1397 3028 1455 εἶναι
3065 1403 3164 1476 τὴν
3204 1405 3450 1474 ἁμαρτίαν
3493 1409 3627 1475 φησιν.

2170 1489 2257 1542 Ἐν
2289 1487 2378 1554 αἷς
2401 1492 2622 1558 διέξεισι
2657 1495 2754 1546 καὶ
2801 1497 2932 1566 περὶ
2980 1495 3093 1549 τῶν
3142 1497 3488 1564 συμπεσόντων
3527 1497 3628 1565 αὐτῷ

2159 1580 2378 1632 ἐνοδίων
2405 1581 2646 1651 ἀνιαρῶν
2680 1599 2694 1613 ·
2729 1583 2825 1636 καί⁵
2855 1584 2933 1645 ὡς
2961 1583 3278 1652 ἀθυμοῦσαν
3309 1585 3627 1655 ἀνακτώμενος,

2155 1670 2255 1720 οὐκ
2274 1669 2598 1724 ἀνέλπιστον
2630 1671 2729 1742 τὴν
2798 1674 3080 1725 είσέπειτα
3130 1674 3367 1742 ἐντυχίαν
3417 1677 3628 1727 ποιεῖται·

2156 1757 2248 1812 καὶ
2280 1758 2354 1821 ὡς
2382 1759 2534 1831 ἀκμῇ
2565 1760 2760 1832 θέρους
2795 1763 2892 1832 τὴν
2925 1764 3045 1816 ὁδὸν
3081 1763 3276 1828 ἀνύων,
3300 1764 3488 1834 πυρετῷ
3513 1781 3631 1835 προο-

2155 1849 2418 1904 επάλαισε
2456 1852 2665 1923 λάϐρῳ.
2704 1851 2870 1907 Ἀλλά
2915 1853 2978 1922 δὴ
3027 1855 3124 1906 καὶ
3168 1857 3230 1906 ἐκ
3294 1853 3379 1906 τοῦ
3430 1856 3630 1924 στομάχου

2157 1943 2325 2010 κακὰ,
2363 1946 2458 1998 καὶ
2501 1946 2528 1997 ὁ
2565 1943 2802 2015 πονηρὸς
2843 1945 3092 2014 Γαλάτης
3154 1946 3298 2014 ἄγων
3349 1946 3426 1998 τὸν
3465 1946 3629 2010 δίκαιον,

2156 2037 2253 2089 καὶ
2287 2036 2354 2090 τὰ
2389 2037 2447 2090 ἐν
2483 2040 2605 2101 ταῖς
2633 2041 2987 2112 καταγωγαῖς
3029 2038 3271 2110 λυπηρὰ,
3314 2039 3408 2090 τῶν
3441 2040 3631 2108 θεραπον-

2155 2145 2264 2180 των
2302 2131 2334 2200 ἡ
2367 2131 2592 2200 ἐρημία,
2649 2131 2758 2183 τῶν
2825 2130 3152 2200 ἐπιτηδείων
3193 2133 3226 2200 ἡ
3269 2131 3466 2202 ἀπορία,
3490 2131 3534 2183 τὸ
3583 2131 3634 2200 μὴ

2157 2219 2414 2289 εὐπορεῖν
2471 2219 2682 2292 ίατροῦ,
2730 2222 2758 2274 ό
2803 2221 3116 2292 Ἰσαυρικὸς
3177 2222 3331 2289 φόϐος
3361 2240 3375 2254 ο
3422 2222 3486 2274 ἔτι
3519 2223 3559 2274 δὲ
3601 2223 3633 2274 οι

2156 2314 2515 2378 ἐπιμανέντες
2575 2313 2722 2383 αὐτῷ
2792 2315 3021 2385 μοναχοὶ
3079 2316 3374 2384 ἐμπρήσειν
3414 2314 3635 2383 αὐτῷτὴν

2157 2402 2337 2454 οίκίαν
2401 2403 2770 2473 βουλόμενοι·
2827 2407 2978 2468 ὅπως
3044 2423 3109 2457 τε
3171 2405 3563 2475 ἀπαγορεύσαντα
3597 2407 3635 2455 ἐν

2157 2494 2279 2565 ὁδῷ,
2301 2496 2361 2548 οὑ
2393 2498 2554 2565 μόνον
2576 2498 2738 2550 αὑτὸν
2767 2497 2951 2561 ἐλέους
2977 2499 3191 2569 ἠξίουν,
3220 2499 3348 2552 ἀλλά
3392 2502 3473 2552 καί⁵
3498 2499 3635 2561 ἀλλους

2161 2587 2515 2657 βουλομένους
2543 2583 2748 2660 εἶργον,
2777 2591 2844 2642 τὰ
2865 2589 3071 2660 ἔσχατα
3106 2592 3318 2646 πάντων
3343 2591 3637 2660 διαπειλούμεο

2160 2697 2260 2734 νοι.
2294 2681 2376 2733 Τά
2405 2681 2462 2734 δέ
2491 2681 2593 2750 τῆς
2649 2681 2792 2748 ὁδοῦ,
2818 2681 2893 2744 ὡς
2939 2681 3202 2751 ἀνάντης,
3235 2681 3305 2744 ὡς
3352 2681 3558 2750 λιθώδης,
3585 2681 3638 2742 ὡς

2158 2771 2426 2843 δυσχερής,
2476 2790 2535 2824 τε
2574 2775 2665 2825 καὶ
2702 2773 2947 2843 χαλεπήο
2983 2775 3118 2843 περὶ
3156 2769 3222 2842 ἧς
3261 2773 3389 2837 ἀξιοῖ
3419 2773 3640 2842 μελετῆσαι

2158 2840 2255 2930 τὴν
2277 2840 2578 2932 μακαρίαν,
2605 2863 2678 2931 μὴ
2707 2840 3071 2932 μακροτέραν.
3092 2840 3270 2932 ἐαυτῷ
3295 2863 3384 2932 τὴν
3404 2840 3640 2932 ὁδοιπορίαν

2159 2949 2413 3018 γενέσθαι
2442 2965 2456 2981 ο
2495 2950 2674 3018 Ἐμοὶ,
2707 2950 2904 3016 λέγων,
2941 2950 3162 3020 μυρίων
3188 2950 3397 3019 ἐξοριῶν
3422 2950 3473 3001 τὸ
3492 2948 3644 3001 ύδεὺειν

2161 3039 2279 3092 ἐστὶ
2305 3041 2704 3112 χαλεπώτερον.
2736 3041 2921 3095 Ταῦτα
2950 3043 3013 3112 δὴ
3053 3042 3235 3096 πάντα
3263 3043 3350 3096 καὶ
3385 3041 3498 3096 ἄλλα
3520 3055 3646 3108 παρα·

2162 3135 2367 3206 πλήσια
2389 3136 2445 3189 αἱ
2480 3136 2764 3190 ἐπιστολαὶ
2784 3136 2948 3190 αὗται
3005 3137 3452 3209 διαλαμϐάνουσιν
3479 3136 3570 3187 ·έτι
3606 3133 3645 3185 δὲ

2161 3226 2255 3278 καὶ
2275 3226 2329 3279 αι
2360 3226 2496 3297 πρὸς
2524 3228 2616 3281 τὸν
2639 3227 2937 3282 ἐπίσκοπον
2988 3230 3294 3300 Κυριακόν.
3332 3230 3414 3281 Ἐν
3439 3229 3580 3280 τοίνυν
3601 3229 3646 3293 τῇ

2161 3317 2462 3387 Κουκουσῷ
2486 3317 2796 3390 φθονηθεὶς,
2835 3320 2916 3384 είς
2951 3319 3282 3388 Ἀραϐισσὸν
3329 3322 3472 3392 ἤγετο
3492 3335 3504 3350 ⁸
3530 3335 3648 3370 σπου·

2159 3409 2226 3480 δὴ
2245 3409 2354 3480 γὰρ
2375 3405 2443 3480 ἦν
2465 3411 2580 3472 τοῖς
2609 3411 2886 3478 ἀπάγουσι
2933 3413 3051 3475 ταῖς
3110 3413 3338 3474 πυκναῖς
3393 3409 3648 3481 μεταϐάσεσι

2159 3501 2670 3570 ταλαιπωρούμενον
2723 3502 2908 3566 κακῶς
2961 3503 3272 3558 ἀποθέσθαι
3302 3503 3356 3556 τὸ
3416 3501 3648 3571 ζῇν.’οαρ

2160 3593 2218 3646 δέ
2251 3593 2474 3652 πολλαῖς
2493 3593 2895 3665 ταλαιπωρίαις
2919 3595 3144 3659 ἐδίδοτο,
3183 3596 3425 3650 τοσοῦτον
3448 3594 3648 3664 κρείττων

2162 3684 2266 3737 ὑπὸ
2294 3684 2615 3754 φιλοσοφίας
2641 3679 2710 3754 ἦν
2761 3686 2964 3747 παντὸς
2995 3686 3094 3739 τοῦ
3137 3688 3550 3756 προσπίπτοντος,
3587 3683 3651 3735 καὶ

2161 3775 2515 3846 φαιδρότερον
2543 3776 2902 3840 ἀποστίλϐων,
2934 3777 3126 3846 ὥσπερ
3144 3778 3277 3830 τὸέν
3306 3780 3423 3845 πυρὶ
3439 3777 3533 3844 φῶς
3556 3775 3650 3840 ὕλης

2161 3869 2310 3936 αὐτῷ
2338 3866 2579 3929 πλείονος
2639 3867 3111 3937 ὑποϐαλλομένης.
3171 3869 3399 3923 Ἐκεῖθεν
3444 3868 3491 3921 δέ
3533 3865 3652 3919 iriiri

2160 3959 2241 4019 είς
2275 3956 2580 4010 Πιτυοῦντα
2634 3954 2777 4008 οὕτω
2831 3956 3124 4010 κελευσθὲν
3165 3957 3392 4025 ἄγεται·
3446 3956 3653 4020 πολίχνιον

2159 4049 2215 4102 δὲ
2245 4049 2394 4101 τουτὶ⁵
2422 4047 2614 4112 δεινῶς
2645 4047 2871 4119 ἔρημον,
2930 4049 2986 4100 ἐν
3039 4048 3277 4120 τέρματι
3320 4047 3412 4115 τῆς
3449 4043 3653 4109 Ποντικῆς

2161 4141 2439 4212 θαλάσσης
2467 4141 2832 4210 διακείμενον,
2856 4139 3157 4210 βαρϐάροις
3177 4143 3368 4210 ὅμορον
3387 4137 3651 4207 ὡμοτὰτοις⁸

2159 4235 2293 4288 ὅπου
2323 4233 2388 4304 δὴ
2417 4235 2792 4302 ἀπαγόμενος,
2821 4235 2915 4286 καὶ
2966 4235 3105 4303 πρὸς
3151 4232 3288 4286 Θεὸν
3322 4231 3413 4304 ἢδη
3458 4227 3653 4296 ἐκδημεῖν

487 4309 787 4378 piosiorem
833 4312 939 4367 sibi
985 4313 1240 4384 injectam
1268 4319 1509 4374 'habeat.
1555 4322 1688 4379 lude
1730 4340 1863 4381 vero
1913 4327 2056 4399 Pity-

2166 4326 2395 4395 μέλλων,
2428 4325 2623 4388 νυκτὸς
2653 4325 2954 4394 εὐχομένω,
3008 4324 3328 4393 ἐφίστανται
3379 4325 3423 4375 οί
3461 4319 3541 4372 τοῦ
3570 4317 3653 4387 βίον

485 4408 680 4453 «litem
712 4401 787 4471 (5)
817 4401 917 4472 (ita
958 4403 1104 4458 enim
1133 4407 1450 4461 mandatum
1480 4409 1682 4483 fuerat)
1709 4413 1908 4471 ductus
1945 4428 2054 4474 est.

480 4488 759 4557 Oppidum
824 4493 876 4547 td
938 4503 1022 4550 est
1087 4499 1270 4568 gravis
1329 4500 1681 4571 solitudinis,
1755 4506 1824 4560 ad
1893 4507 2054 4564 finem

485 4583 698 4639 Pontici
739 4587 904 4642 maris
952 4590 1142 4657 situm,
1193 4593 1510 4650 saevissimis
1558 4595 1811 4655 barbaris
1842 4611 2060 4658 conter-

487 4673 722 4727 minum.
753 4675 830 4729 Eo
858 4692 982 4733 cum
1015 4679 1334 4746 duceretur,
1357 4693 1411 4738 et
1435 4685 1544 4754 jam
1571 4687 1637 4741 ad
1666 4688 1836 4743 Deum
1864 4692 2061 4760 migra-

483 4773 654 4820 turus
682 4776 852 4832 esset,
890 4778 1057 4824 noctu
1107 4770 1157 4824 ei
1188 4775 1396 4836 oranti,
1437 4777 1532 4844 qui
1573 4777 1702 4832 vita
1735 4781 1857 4849 ejus
1887 4780 2058 4836 duces

486 4854 734 4920 fuerant,
757 4868 811 4912 et
831 4859 1024 4915 Petrus
1053 4869 1108 4916 et
1132 4861 1396 4931 Joannes,
1421 4866 1765 4933 assistentes,
1792 4885 2056 4938 perquam

490 4950 669 5006 amice
707 4968 830 5007 cum
858 4969 924 5009 eo
955 4965 1084 5010 sunt
1113 4959 1415 5014 collocuti:
1440 4961 1603 5032 eique
1630 4977 1754 5017 cum
1789 4963 2060 5022 adversus

484 5040 766 5098 daemones
815 5044 1126 5113 victoriam,
1180 5057 1296 5104 tum
1330 5058 1613 5119 postremo
1661 5052 2054 5123 migrationem

565 5179 641 5246 (ί)
667 5180 753 5258 _Tu
781 5181 878 5258 tibi
907 5182 1193 5258 persuade,
1237 5193 1433 5258 przpter
1487 5187 1702 5255 culpam
1733 5203 1817 5258 ac
1867 5204 2058 5258 pecca-

487 5257 632 5325 tum,
667 5248 871 5302 homini
909 5248 1181 5325 accidere
1207 5248 1354 5325 nihil
1374 5269 1564 5325 posse,
1582 5248 1742 5325 'quod
1778 5258 1846 5312 sit
1868 5248 2061 5313 'horri-

493 5317 604 5371 bile
638 5328 730 5371 aut
785 5320 1303 5387 pertimescendum.
1339 5317 1695 5391 (Cicero.l'—
1733 5325 1947 5381 Scimus
1997 5344 2060 5382 ea

497 5397 701 5461 inelite,
724 5403 886 5461 quam
918 5391 1056 5443 ratio
1088 5401 1143 5461 et
1171 5394 1370 5445 veritas
1395 5394 1718 5461 prmscribit,
1751 5405 1810 5448 ut
1838 5397 1970 5450 nihil
2006 5398 2060 5452 in

491 5455 605 5506 vita
661 5455 820 5510 nobis
851 5460 1236 5526 praestandum,
1272 5455 1466 5532 prmter
1496 5455 1732 5532 culpam,
1763 5476 2017 5532 putemus
2047 5483 2059 5520 :

493 5539 668 5603 caque
731 5541 853 5603 cum
910 5541 1215 5603 careamus,
1249 5531 1433 5584 omnia
1482 5531 1717 5587 humana
1752 5531 1961 5603 placate
2009 5544 2063 5589 ct

489 5593 778 5651 uruderatc
803 5596 1063 5653 feramus.
1103 5598 1318 5657 tidem.)

2161 4415 2310 4488 αὐτῷ
2341 4415 2531 4485 ὁδηγοὶ
2570 4415 2775 4486 Πέτρος
2829 4417 2928 4470 καὶ
2983 4416 3285 4485 Ἰωάννηςο
3337 4410 3652 4510 «posuitde

2158 4524 2219 4561 τε
2245 4509 2345 4562 ὅσα
2374 4508 2504 4578 φίλα
2534 4508 2629 4561 καὶ
2683 4508 2782 4576 τὴν
2839 4505 2981 4560 κατά
3034 4507 3306 4575 δαιμόνων
3343 4506 3503 4572 νίκην,
3543 4501 3652 4557 τέλος

2161 4600 2256 4655 καὶ
2296 4600 2396 4670 τὴν
2428 4600 2566 4670 πρὸς
2600 4600 2734 4653 Θεὸν
2793 4599 3060 4670 ἐκδημίαν
3112 4597 3546 4667 εὐαγγελίζονται,
3585 4590 3653 4644 καὶ

2158 4696 2260 4762 τὴν
2282 4694 2393 4748 τῶν
2427 4693 2794 4762 ἐκδεξομένων
2824 4693 3125 4747 ἀπόλαυσιν
3149 4691 3387 4761 ἀγαθῶν.
3414 4685 3527 4743 Εἶτα
3561 4701 3651 4754 τρο-

2160 4789 2234 4856 φῇ
2291 4785 2521 4858 οὐρανίᾳ
2579 4786 2676 4838 καὶ
2721 4785 3021 4856 ἀπορρήτῳ
3077 4782 3267 4835 τοῦτον
3325 4780 3552 4843 σιτίζουσι
3590 4774 3654 4826 καὶ

2159 4877 2216 4943 ἐξ
2288 4877 2496 4930 ἐκείνου
2565 4877 2804 4946 διέμεινε
2879 4875 3048 4945 μηδέν
3100 4891 3155 4927 τι
3201 4870 3653 4942 προσενεγκάμενος.

2160 4968 2393 5038 Εἴρηται
2436 4967 2629 5033 ταῦτα,
2685 4961 2768 5028 οἷς
2815 4967 3021 5027 ἐκεῖνος
3067 4962 3240 5015 συνὼν
3282 4958 3652 5013 κατεπίστευοεν.

2161 5060 2398 5124 Ἐκεῖνος
2426 5062 2469 5115 δ’
2495 5061 2744 5115 ἐντεῦθεν
2774 5060 2912 5132 πρὸς
2969 5060 3195 5130 μείζονα
3253 5057 3530 5127 σκάμματα
3561 5049 3656 5120 μίλ-

2237 5191 2312 5257 (2)
2345 5189 2594 5244 Fortasse
2629 5207 2726 5259 pro
2754 5182 3653 5263 monachislegendumunronomadug

2162 5259 2267 5312 hoc
2297 5255 2390 5312 est
2433 5255 2800 5328 gladiatores:
2851 5271 2908 5313 ut
2958 5257 3160 5312 milites
3215 5255 3653 5322 iutelligantur,qul

2163 5343 2286 5401 eum
2327 5329 2657 5401 inexsilium
2688 5329 3056 5401 abduxerunt.
3157 5396 3170 5401 _
3332 5394 3361 5401 _
3402 5393 3412 5401 _
3449 5391 3492 5401 η

2234 5398 2309 5463 (5)
2341 5397 2481 5452 Ριίιι.
2512 5381 2848 5466 lib.vI,t‘.ap.
2875 5381 2932 5454 ὅ.
2963 5398 3030 5452 de
3063 5396 3284 5465 regione
3323 5391 3550 5473 colcbica
3583 5381 3655 5437 :ln

2234 5469 2347 5502 'o'mn
2383 5482 2441 5502 nn
2469 5475 2638 5502 lrnrlu
2677 5467 2855 5502 Diuum
2878 5468 3121 5502 ηηηὸιτιςηη
3164 5465 3580 5502 ηηοιΙοιιΙειιηιηηιι
3611 5453 3654 5502 al

2163 5468 2347 5538 intimo
2381 5482 2441 5538 eo
2468 5465 2855 5536 tractuJ’ilyus
2878 5468 3122 5538 oppidum
3163 5465 3580 5536 opulentissimum
3611 5472 3631 5503 ο

2171 5535 2449 5590 llcniochis
2477 5538 2729 5604 direptum
2763 5535 2856 5590 est.
