3898 6192
241 385 375 447 1057

1183 383 1808 452 lECCLESlASTlC/E
1849 391 2235 452 HISTORIJS
2278 392 2418 453 LIB.
2466 389 2600 450 XIV

3346 393 3483 461 1058

235 491 471 562 δϐρυζον
506 492 584 552 είς
618 491 786 559 ἄκρον
809 489 1185 560 δοκιμασθεὶς,
1219 495 1362 550 οὕτω
1408 499 1500 552 τὸν
1535 500 1648 569 βίον
1679 519 1746 583 με
1761 519 1796 554 τ.

1922 519 2046 556 zum
2087 504 2153 556 ad
2199 519 2475 558 summum
2512 519 2610 572 per
2637 501 3066 571 explorationem
3097 504 3380 576 probatus,
3412 511 3480 567 ad

238 582 508 652 ήλλαξεν’
547 582 644 632 ἐπὶ
715 580 773 633 δὲ.
824 580 1000 649 τούτῳ
1027 584 1117 634 καὶ
1150 587 1176 636 ό
1231 585 1486 653 βασιλεὺς
1527 580 1809 659 Ἀρκάόιος

236 674 519 738 ἐτελεύτα,
548 673 754 743 κομιδῇ
792 671 912 724 νέον
943 673 1229 728 Θεοδόσιον
1279 678 1368 730 τὸν
1410 681 1578 732 παῖδα
1607 680 1808 744 λιπὼν,

234 772 363 844 ἄρτι
401 772 494 825 τὸν
538 770 726 839 ὄγδοον
757 771 1003 822 ἐνιαυτὸν
1053 771 1489 840 παρελαύνοντα.
1525 774 1728 845 Τριετῆ
1761 777 1808 828 δ’

232 866 364 916 ὄντα
411 863 569 932 καὶὴ
618 864 801 933 μήτηρ
853 863 1018 916 αὑτὸν
1070 865 1470 933 καταλείψασα,
1515 869 1653 935 πρὸς
1708 869 1806 925 τὰς

233 954 450 1008 ἐκεῖθεν
479 953 636 1015 δίκας
671 953 1012 1021 μετέϐαινεν.
1047 955 1173 1006 Ἐπὶ
1219 956 1275 1008 δὲ
1303 956 1593 1022 διαθήκαις
1624 958 1807 1009 τελευο

231 1048 408 1114 τήσας
445 1047 501 1097 Ἀ
515 1045 751 1114 ρκάδιος,
783 1044 960 1107 δείσας
992 1048 1119 1115 περὶ
1152 1046 1229 1115 τῷ
1253 1048 1404 1100 παιδὶ
1437 1049 1510 1117 μή
1536 1065 1588 1100 τι
1614 1049 1801 1111 πάθοι,

246 1132 574 1201 Ἰσδιγέρδην
611 1132 703 1185 τὸν
749 1132 974 1200 Περσῶν
1031 1131 1280 1201 βασιλέα,
1316 1137 1643 1203 κουράτωρα
1691 1131 1804 1188 οἷον

232 1226 330 1279 καὶ
357 1225 630 1294 κηδεμόνα
656 1225 756 1293 τῆς
781 1225 978 1294 ἀρχῆς,
1013 1225 1119 1287 ἕως
1151 1219 1210 1278 οὗ
1256 1226 1556 1296 άνδρωθείη
1591 1228 1619 1280 δ
1650 1232 1799 1292 παῖς,

230 1319 353 1378 ταῖς
376 1318 615 1386 γραφαῖς
647 1316 902 1369 ἐνετίθει.
935 1317 998 1369 Ὃ
1038 1316 1153 1384 δῆτ’
1194 1319 1400 1380 ἐκεῖνος
1437 1317 1645 1388 μαθὼν,
1677 1320 1804 1372 ἁλο-

229 1410 412 1478 γήσας
435 1408 624 1478 μηδὶν,
663 1409 860 1475 καινήν
880 1425 1002 1461 τινα
1024 1409 1117 1461 καὶ
1147 1409 1459 1478 θαυμασίαν
1489 1412 1804 1476 ἐπεδείξατο

227 1501 457 1569 ἀρετήν.
503 1498 747 1568 ’Δφθόνῳ
777 1499 885 1568 γὰρ
923 1499 1116 1568 εἰρήνῃ
1153 1501 1290 1568 πρὸς
1325 1501 1634 1569 Ῥωμαίους
1664 1521 1801 1573 χρη-

231 1593 490 1658 σάμενος,
522 1589 598 1652 ὡς
649 1591 1060 1652 ἐκατοντούτεις
1094 1591 1302 1662 πρᾶξαι
1353 1594 1604 1657 σπονδὰς,
1640 1596 1802 1648 άπεί·

233 1700 396 1751 ρατον
419 1682 687 1750 Θεοδοσίῳ
715 1682 812 1748 τὴν
840 1681 1124 1750 βασιλείαν
1153 1683 1403 1747 διέσωζε.
1448 1687 1558 1740 Καὶ
1585 1685 1648 1756 δή
1678 1703 1802 1739 τινα

242 1775 513 1842 Ἀντίοχον
547 1774 852 1843 θαυμάσιον
884 1775 1056 1844 ἄνδρα
1098 1774 1191 1829 καὶ
1217 1775 1542 1844 λογιώτατον
1572 1779 1798 1842 ἐκλεξά-

1916 596 2060 649 hunc
2118 598 2340 649 modum
2395 597 2503 649 vita
2555 605 2639 649 (st
2691 595 3002 650 defunctus.
3055 598 3186 652 Post
3238 599 3383 655 hunc
3427 614 3484 658 et

1913 689 2214 756 imperator
2263 689 2533 742 Arcadius
2589 699 2843 743 mortuus
2894 697 3015 756 est,
3071 691 3482 747 adolescentulo

1912 779 2210 832 admodum
2261 779 2570 833 Theodosio
2622 780 2753 846 tilio,
2792 791 3044 835 octavum
3098 783 3354 837 videlicet
3401 787 3482 838 in-

1909 886 2097 940 gr«s.-o
2145 887 2371 936 annum,
2412 873 2604 926 relicto
2647 889 2659 925 :
2697 875 2790 942 qui
2844 889 2969 928 cum
3016 875 3274 929 trimulus
3309 889 3482 942 esset,

1912 971 2088 1014 mater
2120 976 2342 1031 quoque
2373 978 2496 1015 emn
2532 961 2871 1032 relinquens,
2909 962 2975 1017 ad
3007 964 3222 1019 futuras
3260 967 3481 1020 transiit

1909 1065 2122 1119 pinnas.
2155 1053 2426 1107 Arcadius
2453 1069 2636 1122 porro,
2672 1070 2845 1123 puero
2874 1071 2942 1108 ne
2970 1056 3100 1123 quid
3130 1059 3478 1128 contingeret

1911 1156 2186 1207 metuens.
2222 1158 2349 1202 ante
2389 1157 2642 1211 mortem,
2681 1148 3013 1219 lsdigcrdetn
3049 1153 3338 1206 Persarum
3384 1170 3472 1206 re-

1906 1253 2028 1306 gem
2071 1247 2382 1293 curatorem
2422 1241 2542 1310 ejus
2597 1251 2650 1294 et
2689 1242 2851 1294 simul
2893 1242 3132 1311 imperii,
3169 1243 3343 1298 donec
3384 1245 3475 1298 ille

1907 1327 1962 1379 in
1995 1327 2172 1380 virum
2205 1329 2485 1392 evaderet.
2524 1337 2854 1385 testamento
2894 1332 3150 1386 instituit.
3183 1334 3338 1398 Quod
3377 1335 3470 1388 ubi

1909 1416 2214 1488 lsdtgerdes
2262 1423 2537 1490 cognovit,
2581 1437 2640 1476 re
2687 1437 2750 1476 ea
2804 1423 3028 1478 minime
3068 1427 3333 1492 neglecta,
3378 1443 3476 1480 no-

1907 1525 2034 1564 vum
2062 1512 2338 1579 quoddam
2377 1513 2718 1569 admiranda;
2752 1516 2974 1571 virtutis
3006 1517 3257 1571 exhibuit
3295 1520 3473 1587 speci-

1908 1617 2055 1658 men.
2104 1604 2242 1658 Pace
2284 1620 2518 1674 namque
2556 1609 2786 1676 prolixa,
2820 1618 3040 1663 centum
3078 1626 3348 1663 annorum
3387 1628 3476 1664 m-

1905 1692 2084 1747 duciis
2121 1708 2245 1746 cum
2285 1693 2545 1748 llotnauis
2593 1696 2768 1758 initis,
2800 1698 3093 1766 imperium
3137 1699 3469 1763 Theodosio,

1907 1788 2204 1853 quominus
2253 1786 2683 1852 periclitaretur,
2735 1792 3106 1854 conservavit,
3173 1801 3228 1844 et
3285 1792 3476 1845 Antio-

233 1880 418 1933 μενος,
451 1864 748 1932 ἐπίτροπον
781 1858 896 1916 οἷον
930 1865 1027 1917 καὶ
1065 1867 1409 1934 παιδαγωγὸν
1439 1867 1632 1937 ἐκείνῳ
1658 1867 1796 1920 ἀπέ-

1905 1876 2067 1931 chum
2100 1876 2414 1945 quemdam,
2451 1877 2626 1930 virum
2658 1879 3044 1933 admirandum
3075 1891 3131 1935 et
3161 1883 3473 1937 eruditissi-

233 1955 444 2014 στελλε,
489 1954 615 2006 τάδε
672 1953 810 2022 πρὸς
861 1953 1010 2018 λέξιν
1061 1957 1128 2025 τῇ
1173 1954 1463 2025 Ῥωμαῖων
1515 1960 1802 2027 συγκλήτῳ

229 2040 588 2110 δεδηλωκώς’
638 2059 657 2092 ι
723 2039 1010 2108 ’Λρκαδίου
1070 2041 1166 2094 τοῦ
1206 2043 1476 2112 ὑμετέρου
1535 2044 1801 2114 βασιλέως

229 2131 564 2202 κουράτωρά
597 2148 664 2202 με
695 2131 790 2184 τοῦ
815 2131 1006 2194 παιδὸς
1037 2133 1509 2202 καταστήσαντος,
1543 2132 1636 2186 τὸν
1671 2134 1802 2186 άνσ-

228 2224 547 2293 πληροῦντα
593 2224 684 2276 τδν
715 2223 848 2292 ἐμὸν
897 2222 1199 2278 ἀπέστειλα
1241 2224 1424 2279 τόπον.
1469 2225 1560 2294 Μή
1593 2243 1677 2287 τις
1708 2221 1802 2278 οὖν

226 2317 311 2378 εἰς
343 2315 638 2386 ἐπιϐουλὴν
665 2313 761 2368 τοῦ
789 2315 978 2378 παιδὸς
1017 2317 1389 2386 ἐπιχειρήσοι,
1423 2317 1509 2370 ἵνα
1543 2319 1619 2387 μὴ
1645 2319 1804 2370 πόλε·

229 2426 333 2477 μον
363 2409 627 2463 ἄσπονδον
675 2406 818 2461 κατὰ
855 2407 1142 2475 Ῥωμαίων
1187 2409 1418 2478 κινήσω.
1447 2427 1465 2460 ι
1499 2411 1610 2462 Καὶ
1639 2411 1667 2462 ό
1700 2409 1801 2477 μὲν

239 2502 518 2571 Ἀντίοχος
543 2503 600 2552 ἐν
635 2500 1208 2553 Κωνσταντινοὺπολει
1240 2502 1554 2569 γενόμενος,
1586 2502 1799 2572 βασιλι-

225 2594 344 2656 κῶς
374 2594 545 2662 ἀνῆγε
585 2594 679 2646 τὸν
716 2593 903 2653 παῖδα,
951 2593 1080 2662 περί
1113 2609 1171 2644 τε
1201 2593 1260 2644 τὸ
1291 2593 1520 2662 κόσμιον
1552 2595 1610 2646 ἐν
1638 2594 1802 2663 προό-

222 2687 342 2749 δοις
380 2684 854 2756 προμηθούμενος,
883 2687 976 2738 καὶ
1010 2685 1084 2748 ὡς
1127 2685 1192 2738 ἂν
1228 2686 1446 2754 ἄριστος
1472 2685 1540 2739 τὰ
1566 2687 1799 2754 πολέμια

225 2780 314 2848 εἴη
338 2797 352 2809 ·
382 2779 626 2847 τέσσαρα
651 2778 696 2829 δ’
727 2779 821 2847 ἔτη
865 2777 1018 2846 αὐτῷ
1060 2777 1454 2846 συνδιαγαγὼν,
1486 2779 1801 2847 ἀπηλλάγη.

237 2873 306 2924 'll
341 2873 397 2926 δέ
435 2870 546 2924 τῶν
579 2870 716 2922 ὅλων
743 2869 1010 2936 διοίκησις
1041 2870 1128 2921 ἐπ’
1163 2869 1433 2940 ’Λνοεμίῳ
1466 2871 1543 2940 τῷ
1575 2873 1803 2940 ὑπάρχῳ

224 2965 511 3027 ἐτάττετο,
541 2965 598 3029 ὃς
631 2967 760 3026 παῖς
817 2965 1005 3025 παιδὸς
1050 2960 1118 3034 ἦν
1147 2964 1419 3016 Φιλίππου
1444 2980 1460 2996 ο
1501 2965 1560 3026 δς
1595 2965 1804 3019 Παῦλον

223 3059 322 3110 τὸν
353 3057 452 3123 τῆς
486 3056 903 3108 Κωνσταντίνου
951 3055 1252 3108 ἐπίσκοπον
1280 3055 1542 3121 ἐκϐαλὼν,
1569 3061 1632 3126 τῇ
1683 3058 1800 3110 Ἑκ-

227 3149 436 3220 κλησίᾳ
463 3149 552 3201 τὸν
603 3146 947 3216 φρενοϐλαϐῆ
1004 3148 1338 3200 Μακεδόνιον
1373 3151 1796 3219 άντεισήγαγεν,

225 3241 303 3302 ὡς
340 3245 397 3294 ἐν
433 3242 497 3309 τῇ
536 3239 739 3307 δεκάτῃ
791 3237 898 3289 τῶν
951 3238 1204 3306 ίστοριῶν
1239 3238 1582 3309 διελάϐομεν.
1632 3238 1797 3306 Οὗτος

224 3334 294 3402 δὴ
327 3334 356 3383 ό
400 3329 682 3401 Ἀνθέμιος
717 3330 811 3382 καὶ
834 3330 931 3398 τῆς
967 3331 1385 3384 Κωνσταντίνου
1418 3331 1489 3385 τὰ
1520 3333 1674 3402 τείχη
1699 3351 1800 3386 πε-

230 3423 448 3494 ριελὼν,
473 3425 568 3475 καὶ
601 3422 786 3491 μεῖζον
812 3420 1064 3491 εὐρύνας,
1091 3422 1156 3474 τὰ
1179 3420 1275 3474 νῦν
1306 3421 1562 3492 δρώμενα
1587 3425 1800 3494 μεγάλα

227 3515 463 3583 χερσαῖα
498 3512 654 3581 τείχη
682 3510 891 3579 ταύτην
932 3510 1340 3581 περιεϐάλλετο,
1367 3512 1462 3564 δύο
1513 3514 1690 3582 μῆνας
1720 3516 1799 3582 τῷ

223 3606 382 3674 ἔργῳ
410 3604 488 3674 τῷ
512 3603 688 3673 πολλῷ
713 3605 806 3656 καὶ
835 3603 1022 3673 σχεδὸν
1051 3604 1262 3676 ἀπίστῳ
1304 3605 1460 3674 τάχει
1493 3607 1802 3677 ἐκδαπανή-

225 3716 352 3761 σας.
401 3700 670 3769 Φρονήσει
713 3697 770 3750 δὲ
823 3698 932 3750 τῶν
990 3697 1200 3750 πολλῶν
1245 3699 1542 3768 διαφέρων,
1600 3700 1799 3769 βουλῆς

220 3796 357 3847 ἄνευ
405 3792 560 3846 οὐδὲν
609 3793 874 3863 πράττειν
908 3795 1114 3864 ᾑρεῖτο.
1143 3793 1255 3847 Καὶ
1305 3794 1516 3857 πολλοῖς
1551 3795 1652 3863 μὲν
1704 3795 1797 3848 καί

219 3885 406 3945 ἄλλοις
436 3885 778 3938 ἀνεκοινοῦτο
807 3888 931 3952 περὶ
955 3887 1062 3938 τῶν
1111 3888 1398 3954 πρακτέων
1421 3902 1434 3916 ·
1470 3888 1707 3956 μάλιστα
1741 3888 1796 3940 δὲ

219 3979 295 4029 τὰ
325 3977 495 4028 πολλὰ
525 3977 750 4045 Τρωῖλῳ
783 3978 861 4045 τῷ
911 3983 1138 4047 σοφιστῇ
1178 3979 1342 4047 συνῆν
1363 3993 1377 4008 ’
1423 3971 1468 4046 ᾧ
1519 3979 1657 4048 μετὰ
1689 3980 1797 4032 τῶν

221 4067 546 4136 προσόντων
578 4068 758 4120 καλῶν
804 4070 900 4123 καὶ
928 4069 1181 4138 πολιτική
1217 4087 1301 4132 τις
1352 4072 1616 4140 φρόνησις
1661 4071 1798 4140 ἐφά-

220 4161 414 4232 μιλλος
451 4161 719 4230 Ἀνθεμίῳ
745 4162 842 4231 οὐχ
858 4159 1017 4235 ἦττον
1043 4161 1129 4236 ἦν.
1154 4165 1364 4219 mem
1393 4167 1574 4235 μέντοι
1597 4165 1793 4235 χρεὼν,

215 4255 298 4317 ὡς
329 4255 714 4322 προστάγματι
739 4255 1004 4324 βασιλέως
1031 4257 1244 4326 σύναμα
1277 4258 1442 4327 Κύρῳ
1462 4257 1542 4328 τῷ
1569 4259 1794 4328 ἐπάρχῳ

214 4348 288 4400 τὰ
321 4349 462 4400 κατὰ
495 4345 594 4417 τὴν
628 4347 785 4399 πόλιν
833 4347 1090 4412 διέποντι,
1123 4349 1304 4418 πολλῷ
1334 4349 1564 4420 ὕστερον
1602 4351 1672 4404 τά
1697 4352 1795 4420 τῆς

214 4440 435 4502 πόλεως
465 4441 728 4508 ἀνήγειρε
783 4439 962 4508 τείχη.
1008 4440 1171 4493 ’Λλλὰ
1203 4444 1332 4510 περὶ
1376 4442 1476 4510 μὲν
1515 4443 1792 4511 Ἀντιόχου

1904 1983 2077 2033 mum,
2111 1967 2386 2022 delectum
2425 1969 2594 2022 veluti
2633 1979 2868 2024 tutorem
2905 1981 2961 2026 et
2999 1972 3372 2043 pa-dagogum,
3403 1975 3470 2028 ad

1902 2073 2051 2122 eum,
2089 2072 2216 2112 cum
2247 2057 2450 2112 litteris
2475 2058 2529 2112 in
2559 2059 2674 2114 hate
2701 2061 2865 2114 verba
2893 2061 2961 2114 ad
2998 2072 3248 2116 senatum
3275 2063 3474 2116 Roma-

1903 2164 2033 2202 num
2069 2151 2371 2218 conceptis,
2405 2150 2551 2205 misit
2584 2169 2597 2204 :
2627 2150 2793 2222 438
2825 2172 2842 2204 ι
2879 2152 3014 2207 Cum
3065 2156 3330 2209 Arcadius
3373 2156 3476 2210 2m-

1903 2249 2124 2308 perator
2163 2249 2342 2293 vester
2381 2255 2466 2294 me
2505 2239 2598 2293 lilii
2646 2242 2729 2294 sui
2774 2252 3085 2297 curatorem
3134 2245 3243 2299 inst
3269 2246 3429 2299 tuerit
3456 2286 3471 2310 ,

1903 2332 1996 2397 qui
2050 2330 2228 2386 ofﬁcio
2281 2347 2404 2385 meo
2451 2332 2729 2401 fungatur,
2766 2334 2941 2387 virum
2990 2335 3171 2389 isthue
3216 2338 3362 2392 misi.
3396 2338 3475 2392 Ne

1905 2423 2032 2492 quis
2077 2423 2244 2492 igitur
2277 2438 2449 2492 puero
2488 2423 2714 2477 insidias
2747 2433 2968 2478 struere
2999 2427 3220 2489 audeat,
3255 2443 3320 2481 ne
3357 2428 3476 2482 bel-

1905 2515 2018 2568 lum
2047 2515 2169 2583 ipse
2199 2515 2540 2584 implacabile
2564 2516 2829 2570 adversus
2852 2517 3128 2572 Romanos
3155 2535 3422 2575 moveam.
3450 2540 3470 2572 ο

1903 2608 1972 2661 Et
2000 2607 2305 2662 Antiochus
2341 2608 2428 2662 ubi
2462 2607 2996 2678 Constantinopolim
3031 2612 3201 2674 venit,
3237 2628 3471 2680 puerum

1905 2697 1978 2750 ita
2027 2707 2087 2751 ut
2130 2699 2514 2768 imperatorem
2557 2700 2738 2760 decet,
2778 2701 3059 2765 educavit,
3121 2703 3256 2756 illud
3294 2705 3478 2772 provi-

1904 2789 2043 2842 dens
2089 2799 2142 2842 et
2188 2803 2413 2854 curans,
2458 2799 2517 2843 ut
2558 2792 2718 2844 simul
2757 2809 2894 2860 puer
2926 2803 2981 2847 et
3015 2797 3474 2864 magniﬁcentiam

1907 2881 1962 2933 in
1992 2882 2272 2949 publicum
2310 2898 2632 2951 progressus
2667 2885 2956 2950 retineret,
2978 2896 3033 2940 et
3065 2889 3233 2942 rebus
3264 2888 3476 2946 bellicis

1906 2973 2146 3037 Optimus
2189 2983 2357 3026 esset.
2395 2971 2529 3025 Cum
2560 2981 2742 3026 autent
2773 2975 3205 3042 quadriennium
3241 2992 3364 3032 cum
3409 2995 3477 3034 eo

1904 3062 2118 3128 fuisset,
2152 3065 2420 3118 discessit.
2472 3067 2674 3119 Rerum
2725 3077 2909 3122 autem
2951 3071 3197 3124 omnium
3239 3073 3476 3126 admini-

1905 3157 2100 3210 stratio
2130 3157 2424 3210 Anthemio
2473 3159 2727 3224 prad'eeto
2768 3160 3060 3214 cotntttissa
3110 3173 3194 3216 est
3230 3179 3244 3215 :
3282 3164 3372 3230 qui
3410 3180 3476 3217 cx

1907 3246 2018 3301 lilio
2064 3264 2236 3316 nepos
2282 3248 2402 3318 ejus
2453 3247 2686 3319 Philippi
2723 3251 2850 3314 fuit,
2881 3253 2975 3321 qui
3008 3254 3178 3308 Paulo
3207 3254 3479 3312 Constan-

1905 3338 2264 3405 tinopolitano
2291 3339 2548 3407 episc0po
2577 3342 2776 3406 ejecto,
2802 3357 3066 3396 vesanum
3095 3342 3474 3401 Macedonium

1904 3445 2004 3496 pro
2048 3444 2114 3482 eo
2166 3429 2220 3482 in
2271 3429 2570 3484 Ecclesiam
2615 3432 2849 3491 induxit.
2886 3435 3047 3487 sicuti
3083 3436 3227 3488 libro
3260 3436 3475 3491 decimo

1904 3521 2268 3573 Historiarum
2300 3520 2560 3577 diximus.
2591 3523 2918 3575 Anthemius
2950 3524 3053 3576 iste
3090 3527 3290 3578 mantia
3323 3525 3472 3580 Con-

1900 3610 2288 3678 stantinopolis
2327 3611 2658 3674 demolitus,
2703 3613 2972 3680 pomaria
3025 3613 3179 3669 urbis
3224 3616 3472 3683 prolatu—

1901 3717 2016 3762 rns,
2054 3699 2289 3754 lateritio
2325 3700 2530 3769 ingenti
2561 3700 2656 3769 qui
2692 3717 2839 3754 nunc
2865 3703 3120 3756 cernitur
3150 3720 3310 3758 muro
3347 3722 3468 3760 eam

1899 3793 2284 3856 circumdedit,
2329 3807 2498 3861 opere
2527 3809 2593 3847 eo
2630 3809 2727 3862 per
2758 3808 2976 3849 menses
3009 3795 3148 3849 duos
3183 3814 3374 3867 magna
3416 3810 3472 3855 ct

1897 3883 2012 3939 fere
2057 3883 2367 3938 incredibili
2415 3885 2700 3940 celeritate
2747 3885 3018 3939 confecto.
3063 3887 3129 3941 Et
3167 3904 3289 3942 cum
3337 3907 3469 3960 pru-
3553 3877 3558 3880 ’

1899 3978 2081 4031 dentia
2113 3977 2312 4031 multos
2339 3977 2675 4041 antecelluit,
2707 3990 2820 4032 tum
2855 3979 3164 4035 inconsulto
3192 3983 3330 4036 nihil
3361 3985 3467 4037 sibi

1898 4072 2169 4139 agendum
2215 4071 2391 4125 duxit.
2441 4071 2518 4125 Ac
2565 4086 2688 4126 cum
2739 4072 2926 4125 multis
2963 4074 3186 4142 quidetn
3224 4075 3315 4129 ille
3349 4076 3471 4130 aliis

1897 4163 1966 4217 de
2006 4163 2171 4216 rebus
2203 4162 2458 4230 gerendis
2503 4164 2733 4217 consilia
2780 4166 3242 4232 communicavit;
3281 4167 3469 4223 Troilo

1897 4271 2079 4312 tamen
2128 4256 2375 4325 sOphista
2415 4256 2765 4310 familiariter
2803 4258 3036 4311 maxime
3084 4273 3214 4313 usus
3248 4270 3331 4314 est
3363 4280 3376 4312 :
3413 4261 3468 4316 in

1895 4365 2038 4418 quo,
2097 4358 2292 4419 praeter
2346 4360 2574 4403 caeteras
2628 4349 2897 4413 virtutes,
2951 4351 3246 4419 prudentia
3301 4353 3467 4406 etiam

1893 4443 2142 4513 quaedam
2237 4442 2556 4511 reipubhca:
2637 4442 3090 4496 administrandae
3185 4445 3465 4498 Λιιιιιιιιιιιὶ

212 4536 314 4585 καὶ
353 4531 639 4600 Ἀνθεμίου
669 4531 779 4584 τῶν
808 4532 1077 4602 βασιλέως
1110 4533 1472 4601 παιδαγωγῶν
1495 4535 1784 4604 ἀποχρών-

1904 4536 2085 4590 emula
2125 4534 2247 4588 fuit.
2282 4535 2416 4589 illud
2457 4550 2588 4590 sane
2633 4535 3212 4598 animadvertendum,
3261 4538 3467 4590 Anth.-

206 4643 326 4687 τως
353 4626 617 4695 είρήσοω.

207 4719 378 4781 urbi,
433 4720 596 4787 longo
665 4727 788 4788 post
859 4729 1109 4788 tempore
1169 4719 1320 4774 urbis
1392 4721 1594 4776 mantia
1661 4723 2056 4779 construxisse.

204 4813 524 4884 paedagogis
552 4813 666 4868 haec
697 4813 840 4867 dicta
873 4813 1168 4868 suiliciant.

814 4932 1064 4986 ΚΕΦΛΛ.
1111 4931 1186 4987 B'.

200 5029 351 5096 Περί
374 5002 520 5092 βίου
553 5026 650 5078 κ(ιέ
685 5025 921 5096 ἀγωγῆς
951 5027 1048 5078 καί
1073 5025 1183 5092 τῆς
1214 5025 1330 5078 τῶν
1353 5025 1572 5078 κοινῶν
1595 5041 1784 5094 πραγ-

273 5095 482 5168 μάτων
529 5095 918 5168 διοικήσεως-⁸
967 5096 1054 5168 ἔτι
1087 5096 1157 5148 δὲ
1183 5098 1491 5168 amputat;
1523 5099 1618 5168 καί
1651 5098 1786 5163 ἀρε-

276 5165 392 5234 τῆς
423 5169 789 5234 ΙΙουλχερίας
829 5165 940 5228 τῆς
961 5165 1309 5232 βασιλίδος,
1340 5165 1611 5236 ἀδελφῆς
1645 5169 1784 5220 Θεο-

275 5239 493 5290 δοσίου
522 5237 626 5289 τοῦ
657 5237 1120 5304 αὐτοκράτορος.

289 5349 355 5402 Ἥ
382 5349 438 5401 δὲ
469 5348 561 5402 τοῦ
595 5349 730 5402 Θεοῦ
761 5349 994 5419 πρόνοια
1045 5348 1347 5419 προϊδοῦσα
1381 5349 1779 5402 εὐσεϐέστατον

193 5444 428 5497 ἔσεσθαι
459 5449 551 5493 τὸν
581 5442 808 5512 βασιλέα
835 5441 1141 5508 Θεοδόσιον,
1172 5443 1264 5496 καὶ
1291 5443 1453 5520 ἄλλον
1481 5443 1778 5511 ἐπίτροπον

193 5536 577 5607 γνησιώτερον
604 5537 778 5606 τούτῳ
809 5536 1078 5604 ἐπέστησε
1109 5536 1556 5606 τῆς.ήγεμονίας,
1603 5533 1775 5586 Πουλ-

193 5632 396 5701 χερίαν
429 5629 530 5698 τὴν
583 5628 842 5697 ἀδελφὴν,
877 5629 935 5680 ἐν
970 5629 1066 5698 νόει
1103 5629 1246 5681 πάνυ
1277 5631 1342 5697 τῇ
1398 5627 1588 5696 ἡλικίᾳ
1620 5625 1774 5693 σοφί-

197 5740 400 5784 σασαν,
432 5722 509 5796 ὡς
547 5722 711 5790 μηδὲν
744 5721 1014 5774 ἐλλείπειν
1050 5722 1236 5790 ἐκείνῃ
1265 5721 1356 5771 ἐπί
1388 5735 1444 5771 τε
1475 5721 1645 5788 ἀρετῇ
1683 5719 1776 5770 καὶ

195 5817 454 5884 πολιτικῇ
509 5821 766 5886 φρονήσει
817 5819 909 5868 καὶ
959 5815 1066 5868 τῶν
1121 5812 1249 5882 περὶ
1297 5810 1472 5867 ταῦτα
1522 5811 1777 5864 πλεῖστον

1896 4631 2084 4692 tniunt,
2125 4628 2476 4696 imperatoris
2514 4628 2693 4698 jussu,
2731 4644 2837 4680 una
2873 4645 2996 4681 cum
3031 4627 3170 4696 Cyro
3206 4631 3461 4696 ιιι-,πίοοιυ

2147 4724 2221 4778 De
2267 4723 2541 4776 Antiocho
2622 4731 2677 4776 ct
2756 4721 3051 4774 Anthemio
3115 4720 3462 4789 imperatoris

2509 4927 2617 4984 (ΖΜ
2645 4924 2735 4980 UT
2774 4925 2842 4980 ll.

1897 5025 1970 5079 De
2002 5027 2130 5084 vita,
2167 5023 2522 5081 institutione,
2559 5019 3122 5086 admittistrationcque
3155 5035 3332 5071 rerum
3371 5037 3466 5085 pv-

1967 5096 2247 5148 blicarum.
2278 5091 2411 5147 Item
2445 5092 2510 5144 de
2553 5091 2732 5142 divina
2779 5091 2978 5159 pietate
3012 5099 3060 5141 ct
3111 5089 3301 5142 virtute
3332 5089 3464 5143 Ριιί-

1966 5165 2182 5227 citcrt'te,
2202 5163 2398 5217 sororis
2430 5160 2700 5215 Theodosii
2728 5160 3092 5229 imperatoris.

1957 5343 2310 5398 Providentia
2342 5353 2527 5397 autem
2557 5339 2768 5403 divina,
2796 5339 2927 5394 illud
2961 5338 3234 5409 praecipue
3267 5352 3464 5390 cumis

1889 5448 1944 5494 ut
1971 5438 2096 5508 pius
2124 5437 2365 5490 maxime
2390 5433 2738 5488 TheodOsius
2764 5433 3063 5501 imperator
3090 5431 3270 5492 ﬁeret,
3297 5429 3462 5481 alium

1886 5549 2107 5602 quoque
2168 5541 2406 5586 tutorem
2468 5543 2788 5599 germanum
2841 5525 3012 5596 magis
3068 5523 3298 5593 imperio
3348 5523 3466 5593 ejus

1886 5626 2152 5695 praefecit,
2227 5623 2572 5676 l'uleheriam
2626 5620 2884 5672 nimirum
2938 5632 3218 5680 sororem,
3267 5633 3386 5684 qux
3433 5632 3463 5667 a

1886 5715 2059 5785 prima
2097 5713 2279 5767 statim
2312 5721 2472 5766 (etate
2522 5711 2594 5764 ita
2636 5707 2842 5778 sapuit,
2880 5717 2940 5762 ut
2975 5707 3178 5761 virtute
3221 5714 3275 5759 et
3313 5704 3464 5758 civili

1887 5807 2179 5878 prudentia
2206 5807 2286 5862 eis
2314 5822 2422 5860 non
2454 5805 2697 5873 cederet,
2723 5805 2816 5874 qui
2844 5807 2898 5860 in
2925 5803 3010 5858 his
3040 5803 3199 5856 rebus
3231 5802 3462 5854 tnaxltne
