3898 6192
225 207 363 273 1035

1123 196 1723 261 ΕΕΟιΕΞΙΛΞΤῙΟίΕ
1762 193 2153 256 ΗΙΞΤΟΗΗΕ
2193 191 2338 253 LIB.
2384 191 2540 251 XIV.

3321 176 3461 240 1006

221 323 361 393 νήθη
390 315 470 386 τῷ
509 308 742 381 Ἰππικῷ
772 308 1038 371 ἐπετέλει,
1071 307 1139 361 τὰ
1160 307 1391 359 εἰωθότα
1429 308 1699 373 πράττων
1718 304 1795 374 τῷ

1920 310 1961 352 ιι
1996 298 2310 352 sacerdotes
2354 307 2544 348 omnes
2581 290 2829 362 apprime
2873 289 3188 353 Itonoraret,
3228 291 3462 345 maxime

221 417 273 466 δί
297 431 402 481 pq).
440 409 531 470 '0;
579 405 622 458 δ’
648 404 928 457 ἐπιπλεῖον
966 401 1000 452 6
1053 399 1261 470 χειμὼν
1315 397 1662 468 κατερράγη,
1694 397 1792 466 τὴν

220 505 432 559 οἰκείαν
457 498 688 570 γνώμην
745 497 893 557 ὅπως
927 493 1057 562 *ιτερδ⁹
1093 492 1155 545 τὸ
1189 493 1343 545 Θείον
1390 491 1502 560 ἔχει
1534 490 1789 558 σχέσεως,

226 596 570 664 ὸπεγύμνου,
631 588 719 642 διὰ
765 588 873 640 τῶν
923 587 1185 655 κηρύκων
1235 585 1310 652 τῷ
1343 582 1455 651 λαῷ
1513 578 1790 634 ἐπειπών·

226 690 292 739 Ἀ
305 703 487 755 μεινον
510 679 649 735 εἶναι
674 680 773 750 τὴν
797 678 928 731 θέαν
955 675 1418 744 παρωσαμένους,
1444 672 1604 725 ἵλεων
1626 671 1795 740 πράτ-

223 794 341 831 τειν
370 776 523 837 Θεὸν,
558 771 686 825 ὥστ’
724 768 1091 823 ἀπαλλάττειν
1120 768 1267 835 ἡμᾶς
1319 765 1414 816 τοῦ
1463 763 1559 815 νῦν
1590 764 1797 814 ἐπικειο

231 870 396 937 μένου
422 863 618 917 δεινοῦ.
655 861 762 914 Καὶ
810 859 968 912 τοῦτο
1006 859 1104 926 μὲν
1134 855 1298 917 εὐθὺς
1343 854 1422 914 είς
1473 852 1636 922 ἔργον
1678 850 1795 913 ἐξέσ-

226 962 423 1009 6αινε·
462 957 558 1006 καὶ
616 950 896 1021 προῄεσαν
955 947 1350 1007 λιτανεύοντες,
1418 942 1623 1012 ὕμνους
1678 940 1798 1010 Θεῷ

226 1048 675 1114 ἀναπέμποντες,
712 1045 804 1095 καί
842 1040 939 1108 μία
985 1038 1252 1105 ἐκκλησία
1284 1035 1574 1106 σύμφωνος
1604 1033 1800 1103 ἀθρόον

229 1142 265 1208 ἠ
302 1136 455 1199 πόλις
487 1135 719 1202 ἐγίνετο.
746 1133 918 1193 Αύτδς
950 1128 1000 1182 δ’
1024 1130 1234 1190 ἐκεῖνος
1272 1128 1438 1196 μέσος
1470 1126 1668 1195 ἐξῆρχε
1693 1126 1800 1177 τῶν

241 1230 456 1297 ὕμνων,
494 1228 551 1277 ἐν
610 1223 823 1276 ἰδιώτου
878 1222 1119 1290 σχήματι
1164 1218 1532 1287 πορευόμενος
1558 1236 1570 1249 ’
1603 1219 1802 1288 ἥκιστα

230 1320 288 1371 δὲ
345 1318 446 1386 τῆς
493 1313 823 1381 προσδοκίας
863 1312 1199 1381 ἡμάρτανεν.
1259 1309 1437 1373 Εὐθὺς
1497 1310 1596 1379 μὲν
1626 1311 1738 1380 γὰρ
1771 1311 1799 1362 6

230 1407 343 1477 ἀὴρ
377 1405 516 1472 πρὸς
565 1404 627 1455 τὸ
666 1400 1054 1465 εύδιεινότερον
1088 1396 1483 1466 μετεϐάλλετοο
1512 1396 1603 1448 καὶ
1631 1394 1799 1465 πολλή

230 1514 317 1556 τις
371 1493 631 1563 εὒετηρία
662 1491 883 1560 ἐκράτει
933 1492 1047 1551 τοῖς
1104 1488 1391 1556 σύμπασιν
1422 1489 1486 1539 ἐκ
1531 1484 1802 1545 σιτοδείας

238 1589 389 1658 μάλα
423 1585 645 1653 πολλῆς.
689 1583 827 1633 nam
862 1579 1095 1650 μὲνοῦν,
1126 1581 1204 1643 ὡς
1236 1580 1433 1649 εἰπεῖν,
1464 1578 1805 1646 ἐκεκίσμτβο

1901 406 2031 446 vero
2069 404 2210 460 quos
2250 387 2540 441 sanctitate
2580 385 2703 438 vitae
2735 383 2950 438 enitere
2993 383 3361 451 cognovisset.
3397 383 3466 437 Et

1900 497 2024 535 cum
2071 495 2136 533 ex
2184 478 2462 547 episcopis
2506 475 2750 545 quidam,
2783 474 2876 543 qui
2913 474 3020 527 Deo
3062 472 3264 526 charus
3297 472 3465 526 fuisse

1902 572 2318 642 perhibebatur,
2373 569 2517 622 diem
2573 581 2733 620 suum
2778 566 3030 629 obiisset,
3080 579 3264 632 sagum
3315 564 3462 618 illius

1902 662 2155 732 squalore
2188 658 2359 713 multo
2390 658 2682 719 imbutum,
2704 672 2830 711 eum
2874 656 3193 725 petiisse,et
3224 656 3326 709 sub
3365 657 3467 709 im-

1902 752 2096 823 periali
2140 749 2433 820 chlamyde
2469 759 2714 818 gestasse
2746 748 2937 803 dicunt
2968 765 2982 802 :
3015 748 3160 818 quod
3194 748 3335 803 bona
3371 763 3468 818 spe

1904 854 2074 907 esset,
2104 856 2162 896 se
2191 840 2400 910 aliquid
2435 840 2502 893 de
2530 839 2633 892 viri
2661 838 2783 908 ejus
2809 840 3113 894 imitatione
3140 850 3471 894 consecutu-

1907 949 2054 987 rum.
2085 932 2326 1002 Longior
2358 931 2654 999 aliquando
2690 930 2941 1000 pluvialis
2973 940 3266 999 tempestas
3298 933 3468 985 exsti-

1909 1027 1992 1088 tit,
2029 1035 2084 1079 et
2127 1027 2242 1094 ipse
2286 1023 2482 1078 solitos
2514 1021 2806 1077 Circenses
2859 1022 3019 1076 ludos
3066 1023 3270 1092 populo
3319 1038 3471 1075 more

1908 1126 2132 1185 recepto
2169 1115 2489 1187 gratiﬁcans
2537 1115 2807 1168 exhibuit.
2839 1114 2977 1167 Cum
3018 1129 3151 1168 vero
3191 1118 3474 1169 uberiores

1907 1210 2074 1260 etiam
2116 1207 2434 1261 deciderent
2471 1206 2699 1270 imbres,
2736 1205 2811 1259 ibi
2849 1217 2961 1258 tum
2995 1206 3264 1273 egregiam
3314 1223 3472 1277 suam

1908 1314 2035 1367 erga
2092 1298 2263 1351 Deum
2313 1298 2575 1367 pietatem
2631 1298 2951 1363 declaravit,
2983 1297 3143 1367 M3
3198 1313 3292 1366 per
3341 1315 3478 1366 phr-

1912 1405 2078 1444 concs
2140 1390 2344 1459 populo
2403 1389 2714 1443 denuntiari
2769 1392 3008 1459 jubens,
3070 1391 3476 1445 conducibilius

1911 1481 2166 1535 videlicet
2199 1496 2345 1546 esse,
2380 1488 2440 1534 ut
2477 1482 2795 1550 spectaculo
2836 1482 3148 1551 repudiato,
3177 1483 3346 1536 Deum
3378 1483 3473 1551 qui

1911 1575 2167 1643 praesenti
2204 1575 2516 1628 calamitate
2549 1586 2646 1626 eos
2676 1573 2964 1633 liberaret,
2995 1573 3252 1641 precibus
3294 1575 3477 1639 placa-

232 1657 351 1738 τοῖς
415 1675 635 1736 καλοῖς·
680 1672 777 1741 οὐχ
830 1671 1033 1738 ἥκιστα
1077 1670 1135 1721 δὲ
1198 1667 1576 1737 φιλανθρωπία
1618 1665 1807 1719 τοῦτον

1920 1676 2051 1718 rent.
2088 1664 2138 1718 ld
2171 1666 2316 1734 quod
2356 1666 2651 1719 confestim
2687 1672 2771 1719 est
2814 1663 3042 1717 factum.
3080 1663 3289 1717 Litania
3324 1666 3480 1717 insti-

234 1764 467 1831 ἐκόσμει
511 1762 607 1813 καὶ
641 1758 886 1828 πραότης
919 1757 1015 1807 καὶ
1058 1755 1267 1823 γαλήνη
1317 1753 1499 1822 ψυχῆς
1545 1752 1713 1821 ζάλην
1743 1750 1803 1803 οὐ

232 1853 506 1922 δεχομένη
527 1865 544 1883 ο
575 1850 655 1901 ἔτι
682 1848 738 1900 δὲ
771 1848 954 1909 πίστις
980 1845 1295 1915 ἀκραιφνὴς
1324 1861 1384 1896 τε
1442 1844 1540 1895 καὶ
1586 1843 1808 1911 δόκιμος

243 1942 362 2012 μετ’
411 1939 698 2000 εὐλαϐείας
749 1936 1143 2005 ἀνυποκρίτου,
1178 1933 1255 1997 ὡς
1298 1932 1557 1986 ἐντεῦθεν
1597 1946 1809 2001 τεκμη-

242 2033 544 2104 ριώσασθαι
578 2030 805 2095 Ιἔξεστιν.
848 2030 1014 2097 Ἀνὴρ
1065 2028 1172 2093 γάρ
1204 2043 1289 2090 τις
1336 2026 1428 2078 τὸν
1463 2027 1672 2095 τραχὺν
1717 2027 1809 2075 καὶ

237 2127 504 2179 ἐπίπονον
536 2124 630 2191 τῆς
679 2123 880 2191 ἀρετῆς
919 2117 1118 2189 μετιὼν
1148 2118 1284 2189 βίον,
1347 2117 1572 2172 αὐθάδει
1613 2116 1811 2185 γνώμῃ

240 2220 499 2288 πρόσεισι
550 2216 724 2283 τούτῳ
757 2216 885 2284 περί
921 2230 1017 2265 του
1070 2214 1427 2282 δεησόμενος.
1467 2212 1558 2273 Ὠς
1590 2211 1647 2263 δὲ
1681 2212 1809 2262 πολε

237 2312 403 2371 λάκις
423 2310 621 2378 πεῖραν
652 2305 1021 2376 προσαγαγὼν
1054 2305 1399 2372 ἀπετύγχανε
1433 2302 1528 2354 τοῦ
1578 2303 1813 2371 αίτήμα-

237 2418 357 2463 τος,
389 2402 610 2470 δεσμοῖς
644 2398 821 2466 ὑπῆγε
851 2397 944 2449 τὸν
971 2395 1279 2466 κρατοῦντα
1308 2393 1813 2462 ἐκκλησιαστικοίς.

239 2494 345 2562 τῆς
401 2489 682 2550 κοινωνίας
740 2490 971 2555 ἐπέχων.
1042 2486 1195 2538 Ἐπεὶ
1244 2483 1290 2538 6'
1328 2486 1408 2547 είς
1454 2484 1521 2537 τὰ
1572 2482 1816 2552 βασίλεια

242 2583 425 2654 ᾤχετο
479 2580 751 2650 βασιλεὺς,
779 2578 983 2648 εὐωχίᾳ
1008 2593 1066 2628 τε
1097 2576 1415 2646 προῦκειτο,
1438 2578 1531 2628 καὶ
1552 2576 1665 2627 ὅσοι
1691 2591 1819 2627 συσ-

247 2676 419 2727 σιτεῖν
436 2671 663 2739 ἔμελλον
690 2670 792 2739 ἥδη
822 2668 1100 2738 παρῆσαν,
1115 2668 1177 2721 οὐ
1202 2667 1312 2721 δεῖν
1336 2667 1517 2737 ἔκρινε
1550 2666 1678 2735 πρὶν
1709 2666 1818 2720 τῶν

247 2765 619 2831 ἐπικειμένων
670 2761 902 2828 λυθῆναι
951 2759 1190 2829 δεσμῶν,
1239 2758 1445 2828 τροφῆς
1481 2759 1772 2827 μετασχεῖν
1800 2772 1815 2788 ο

249 2857 347 2908 καὶ
372 2855 450 2923 τῷ
480 2854 579 2923 τῆς
612 2851 1029 2904 Κωνσταντίνου
1066 2850 1318 2919 ἀρχιερεῖ
1352 2849 1460 2901 τῶν
1494 2864 1618 2901 τινα
1650 2848 1819 2916 θερα-

1913 1766 2026 1809 tuta
2056 1765 2140 1810 est
2174 1773 2189 1809 :
2223 1758 2593 1826 supplicantes
2616 1770 2951 1819 processere.
2977 1755 3168 1810 laudes
3205 1757 3313 1809 Deo
3352 1755 3480 1808 rcdc

1910 1849 2136 1908 (latntes,
2182 1856 2346 1915 atque
2385 1863 2493 1900 una
2541 1861 2775 1901 concors
2816 1847 3047 1900 ecclesia
3095 1847 3290 1900 civitas
3366 1856 3479 1900 tota

1911 1938 2085 2000 facta,
2147 1948 2205 1991 et
2254 1939 2370 2008 ipse
2429 1936 2647 1993 medius
2707 1937 2924 2009 hymnis
2987 1937 3251 1990 canendis
3303 1939 3481 2005 przciit

1911 2030 2098 2083 habitu
2136 2032 2345 2099 privato
2388 2029 2670 2084 incedens.
2709 2024 2929 2082 Minime
2959 2044 3092 2083 vero
3124 2045 3252 2084 eum
3287 2031 3480 2100 opinio

1913 2120 2126 2174 fefellit.
2162 2119 2359 2175 Statim
2399 2122 2547 2175 enim
2592 2119 2792 2175 celum
2842 2135 3024 2174 aerem
3072 2122 3355 2174 turbidum
3395 2137 3482 2175 se-

1912 2210 2148 2265 renitate
2195 2213 2577 2278 commutavit,
2609 2222 2665 2267 et
2709 2212 2969 2267 frumenti
3007 2228 3113 2267 non
3151 2215 3480 2268 mediocrem

1916 2299 2156 2370 inopiam
2208 2303 2402 2372 ingens
2446 2304 2693 2372 quaedam
2736 2303 2955 2373 frugum
2989 2306 3144 2375 copia
3177 2314 3232 2359 et
3264 2306 3483 2359 ubertas

1912 2402 2001 2446 est
2031 2405 2347 2449 consecuta.
2376 2396 2555 2465 Atque
2585 2396 2844 2451 omnibus
2881 2399 2973 2452 ille
3003 2399 3246 2467 quidem,
3281 2415 3473 2468 prope-

1919 2485 2161 2551 modum,
2204 2496 2499 2541 exornatus
2548 2486 2653 2540 fuit
2701 2487 2862 2542 bonis
2902 2504 2918 2543 :
2966 2503 3074 2542 non
3125 2490 3308 2547 minus
3352 2506 3482 2544 vero

1916 2588 2043 2630 cum
2096 2577 2480 2632 cohonestavit
2533 2579 2949 2644 misericordia,
3005 2581 3375 2649 placabilitas,
3427 2591 3485 2638 ct

1920 2665 2087 2721 animi
2137 2668 2446 2732 serenitas,
2497 2668 2840 2736 tempestatis
2887 2671 3185 2738 procellam
3230 2687 3338 2724 non
3388 2677 3486 2725 ad.

1921 2760 2183 2824 mittens;
2221 2769 2386 2830 atque
2436 2763 2664 2830 insuper
2707 2762 2840 2818 fides
2880 2764 3093 2819 sincera
3133 2775 3190 2818 et
3233 2765 3483 2834 probata.

1924 2864 2033 2902 una
2070 2866 2195 2905 cum
2232 2851 2502 2921 religione
2535 2867 2641 2905 non
2678 2852 2823 2918 ficta,
2850 2854 3013 2908 sicuti
3048 2854 3174 2908 inde
3216 2857 3487 2924 conjicere
3582 2900 3599 2915 χ

248 2950 464 3001 πόντων
487 2946 722 3014 ἔπεμπε,
754 2945 1091 3014 παρακαλῶν
1120 2942 1411 3013 ἐπιτρέψαι
1441 2940 1596 2994 λύσιν
1626 2941 1811 2994 ἐπιϐα-

1923 2940 2073 2995 licet.
2108 2941 2203 2996 Vir
2228 2943 2451 3012 quidam
2480 2945 2818 3013 asperiorem
2852 2945 3244 3015 durioremque
3267 2947 3488 3002 virtutis

242 3041 373 3092 λεϊν
408 3040 519 3099 τοῖς
569 3037 788 3105 δεσμοῖς
823 3038 1031 3089 ἐκεῖνον
1063 3033 1239 3100 αὖθις,
1293 3033 1353 3095 ὃς
1403 3033 1572 3102 δήσας
1604 3032 1817 3103 ἔλαχεν.

254 3130 504 3183 Ἐκείνου
533 3129 578 3181 δ’
612 3128 1014 3198 ἀπειπαμένου,
1052 3126 1145 3178 καὶ
1191 3125 1265 3195 μὴ
1291 3125 1487 3194 χρῆναι
1539 3125 1819 3193 μηνύσαν-

240 3236 341 3271 τος
370 3216 502 3284 παρ’
550 3214 770 3267 ὁτουοῦν
821 3215 912 3265 τὸν
962 3213 1163 3280 δεσμὸν
1197 3208 1336 3265 εἷναί
1370 3229 1423 3264 τι
1484 3211 1819 3280 λογίζεσθαι,

242 3310 350 3364 καὶ
378 3308 452 3369 ὡς
502 3308 605 3377 ἤδη
652 3306 871 3356 λέλυται
924 3304 1244 3372 είρηκὸτος,
1302 3302 1490 3355 οὐκέτι
1531 3307 1596 3373 τῇ
1652 3303 1821 3373 ψήφῳ

242 3396 467 3454 ἐκείνου
521 3398 711 3465 ἀρκεῖν
755 3392 916 3463 ᾤετο.
954 3391 1142 3460 Πολλῷ
1192 3391 1249 3444 δὲ
1304 3392 1454 3461 πόνῳ
1507 3390 1766 3460 ζητηθεὶς
1794 3394 1823 3444 6

242 3489 555 3554 δεσμήσας,
586 3485 684 3554 τὴν
715 3484 870 3536 λύσιν
921 3482 1130 3534 ἐδίδουο
1169 3481 1264 3534 καὶ
1314 3478 1488 3543 οὕτως
1540 3481 1754 3549 ἐδέχετο
1794 3482 1824 3533 6

245 3576 497 3644 κρατῶν.
535 3575 723 3636 Οὕτως
769 3573 1005 3643 εὐλαϐής
1041 3588 1125 3633 τις
1171 3567 1239 3640 ἦν
1272 3571 1367 3622 καὶ
1396 3573 1508 3632 τοῖς
1537 3570 1702 3633 θείοις
1741 3570 1826 3624 νό-

250 3681 382 3735 μοις
406 3663 697 3733 ὴκρίῦωτο.
728 3661 802 3715 Οὖ
828 3662 894 3729 δὴ
928 3664 1110 3729 χάριν,
1139 3661 1235 3712 καὶ
1261 3662 1364 3712 ὅσα
1395 3660 1506 3712 τῶν
1537 3659 1827 3713 είδωλείων

250 3752 641 3823 περιελείφθη,
677 3752 735 3816 ἐξ
791 3751 973 3803 αὐτῶν
1000 3751 1214 3804 ἁνέσπα
1239 3752 1351 3803 τῶν
1392 3749 1628 3819 βάθρων,
1663 3751 1734 3809 ὡς
1763 3751 1829 3805 ἄν

248 3861 321 3912 γε
364 3846 449 3911 εἴη
480 3845 588 3904 τοῖς
617 3843 735 3910 μετ’
771 3843 976 3900 ἐκεῖνον
1007 3840 1081 3909 μὴ
1121 3838 1191 3892 δι’
1236 3839 1381 3909 [χνος
1404 3840 1503 3909 τῆς
1555 3842 1829 3908 προτέρας

252 3935 546 4004 ἐξαπάτης
573 3935 821 3987 θεᾶσθαι.
850 3932 1021 4000 Τήνδε
1049 3933 1158 4001 γὰρ
1187 3930 1286 4001 τὴν
1314 3931 1552 3985 διάνοιαν
1581 3931 1658 4002 τῷ
1698 3936 1828 4002 περὶ

250 4031 469 4080 τούτων
500 4031 650 4096 νόμῳ
681 4025 953 4091 ἐνέταξεν.

1922 3033 2088 3085 vitam
2132 3044 2475 3100 consectans,
2512 3037 2800 3103 pra-fracto
2842 3051 2971 3090 eum
3008 3037 3149 3092 adiit
3187 3040 3393 3103 animo,
3428 3049 3488 3093 ut

1923 3126 1994 3177 ab
2023 3138 2090 3177 eo
2120 3126 2412 3195 quicquam
2456 3134 2681 3196 peteret.
2715 3129 2892 3196 Atque
2934 3129 3022 3183 ubi
3075 3130 3129 3184 id
3165 3131 3367 3201 saepius
3396 3147 3462 3186 ex

1926 3229 2116 3285 pertus
2159 3232 2270 3271 non
2316 3220 2648 3286 impetravit,
2687 3220 2921 3276 vinculis
2960 3222 3349 3278 ecclesiasticis
3385 3225 3487 3279 imo

1924 3316 2235 3375 peratorem
2286 3324 2317 3360 a
2361 3309 2753 3362 communione
2798 3326 2992 3366 arcens
3029 3312 3297 3367 subdidit.
3342 3315 3469 3370 Post

1928 3411 2093 3464 quam
2136 3407 2317 3452 autem
2360 3399 2657 3469 imperator
2703 3401 2757 3454 in
2805 3402 3006 3468 regiam
3048 3418 3201 3457 suam
3237 3405 3407 3470 venit,
3436 3415 3494 3463 et

1928 3489 2106 3556 epulae
2132 3490 2394 3559 apposita:
2416 3500 2565 3552 sunt,
2592 3493 2945 3560 conviva-que
2967 3506 3161 3548 omnes
3191 3495 3491 3559 alfucrunt,

1932 3595 2042 3633 non
2071 3580 2160 3634 ille
2184 3582 2338 3650 prius
2369 3583 2551 3636 cibum
2580 3585 2907 3639 sumendqu
2937 3603 3079 3647 esse,
3110 3603 3273 3657 quam
3305 3590 3495 3643 vinco-

1930 3670 2001 3723 lis
2034 3670 2138 3724 sibi
2186 3672 2404 3742 injectis
2433 3673 2649 3743 solutus
2678 3685 2845 3737 esset.
2878 3679 3112 3732 ccnsuit.
3153 3679 3494 3750 QuaprOpter

1929 3757 2000 3811 ad
2023 3758 2324 3812 antistitem
2338 3760 3010 3833 Constantinopolitanum
3030 3767 3291 3823 famulum
3311 3786 3495 3839 quem-

1930 3846 2056 3899 dam
2089 3848 2260 3913 misit,
2300 3858 2515 3918 petens,
2552 3860 2611 3904 ut
2656 3868 2781 3906 eum
2815 3855 2994 3923 ipsum
3034 3857 3249 3913 solvere
3283 3875 3365 3925 se,
3399 3863 3496 3929 qui

1928 3937 2175 4006 ligasset,
2207 3939 2445 4008 juberet.
2471 3941 2609 3996 Cum
2649 3943 2701 3996 id
2751 3944 3048 4015 episcopus
3095 3960 3399 4016 recusaret,
3442 3963 3499 4006 et

1928 4042 2030 4096 pro
2058 4030 2282 4084 vinculo
2314 4032 2629 4088 habendum
2670 4051 2779 4091 non
2827 4052 2969 4103 esse,
3003 4041 3150 4107 quod
3188 4056 3219 4095 a
3250 4058 3496 4110 quocun-

250 4136 367 4188 que
410 4121 630 4188 Iigatum
678 4127 846 4181 esset,
882 4116 1238 4186 significaret,
1287 4117 1643 4185 solutumque
1692 4117 1828 4172 adeo
1861 4118 1972 4188 jam
2037 4135 2159 4177 esse
2221 4123 2456 4191 diceret,
2482 4127 2729 4182 nondutn
2759 4130 2967 4185 calculo
2996 4132 3117 4202 ejus
3145 4135 3500 4203 acquiescen-

253 4216 395 4269 dum
441 4229 561 4268 esse
609 4213 783 4267 duxit.
820 4213 988 4266 Multo
1039 4229 1174 4268 vero
1214 4213 1403 4267 labore
1438 4213 1484 4266 is
1516 4213 1611 4281 qui
1647 4213 1822 4282 ipsum
1864 4215 2134 4283 ligavcrat
2204 4218 2524 4288 inquisitus,
2560 4237 2687 4277 eum
2724 4224 2981 4279 absolvit.
3048 4227 3128 4281 Ac
3159 4228 3237 4282 sic
3276 4230 3495 4283 tandem

255 4308 565 4374 imperator
601 4305 781 4359 cibum
825 4305 1077 4374 sumpsit.
1123 4304 1276 4359 Adeo
1341 4303 1631 4372 religiosus
1698 4304 2041 4361 Theodosius
2080 4308 2207 4376 fuit,
2247 4312 2526 4383 vitamque
2572 4330 2729 4369 suam
2783 4319 3196 4373 accuratissime
3268 4320 3336 4374 ad
3407 4322 3497 4374 di-

255 4399 424 4451 vinas
450 4398 600 4466 leges
630 4397 964 4465 composuit.
996 4396 1168 4462 Quam
1201 4398 1271 4450 ob
1303 4412 1524 4451 causam
1555 4396 1823 4466 quidquid
1864 4398 1969 4453 fuit
2031 4415 2098 4456 ex
2161 4403 2326 4459 idolis
2354 4406 2653 4477 reliquum,
2684 4407 2758 4463 ita
2789 4420 2874 4464 est
2903 4410 3153 4466 funditus
3183 4412 3499 4483 disje‘ctum.

259 4505 323 4549 ut
356 4493 595 4563 posteris
627 4494 747 4561 ejus
777 4507 847 4546 ne
878 4494 1168 4562 vestigium
1242 4493 1462 4561 quidem
1528 4493 1732 4562 prioris
1794 4493 2008 4552 fraudis
2047 4506 2116 4554 et.
2147 4499 2487 4557 seductionis
2534 4518 2764 4559 cernere
2794 4506 2866 4559 sit
2915 4505 3128 4560 datum.
3163 4506 3499 4561 Sententiam

257 4604 399 4645 vero
433 4589 500 4643 de
535 4589 617 4643 eis
643 4604 795 4643 suam
832 4588 888 4642 in
922 4590 1375 4643 constitutionem
1409 4588 1484 4659 (1)
1518 4588 1727 4644 retulit.

863 4705 1114 4759 ΚΕΦΑΛ.
1166 4708 1239 4759 Δ’.

268 4804 375 4867 Ὠς
400 4800 544 4866 Θεὸς
568 4801 675 4855 τοῦ
704 4797 1023 4868 θεοφιλοῦς
1045 4797 1356 4863 ,ϐασιλέως
1383 4799 1829 4867 ὑπερασπίζων,

328 4873 406 4940 τὰ
434 4870 554 4923 τῶν
582 4872 860 4936 πολέμων
916 4868 1043 4932 τοῖς
1084 4868 1461 4937 παραδόξοις
1491 4868 1610 4923 τῶν
1642 4870 1833 4940 ἔργων

333 4939 555 4995 θᾶττον
587 4940 849 4992 διέλυεν.

335 5054 398 5106 Εἰ
424 5052 480 5104 δέ
502 5067 631 5103 ποτε
660 5051 755 5103 καὶ
785 5049 1022 5119 πόλεμος
1050 5052 1298 5114 ἐκινεῖτο,
1334 5051 1529 5123 ἐπίσης
1560 5055 1652 5106 καὶ
1682 5048 1835 5119 οὗτος

258 5143 382 5212 Θεῷ
419 5140 778 5211 προσεχώρει,
801 5140 892 5192 τὸν
916 5142 1055 5192 θεῖον
1076 5139 1252 5208 ζηλῶν
1277 5145 1614 5212 μουσουργὸν
1641 5143 1827 5210 Δαυῖδ,

259 5235 420 5297 εἰδὼς
442 5234 606 5286 αὐτὸν
638 5229 776 5284 εἶναι
805 5233 901 5301 τῆς
939 5234 1116 5301 μάχης
1139 5233 1363 5301 ταμίαν.
1401 5234 1579 5304 Ἔχων
1607 5236 1651 5287 δ’
1683 5239 1826 5289 ἐκεῖ.

256 5344 353 5380 νον
385 5324 629 5393 ἀκριϐῶς
685 5324 1163 5393 προμηθούμενον,
1220 5326 1406 5389 ἀξίους
1449 5328 1561 5377 τῶν
1609 5326 1829 5393 ἀγαθῶν

262 5419 499 5474 ἐλπίδων
545 5416 802 5485 ἐδρέπετο
862 5417 986 5477 τοὺς
1016 5415 1287 5486 καρπούς.
1324 5416 1465 5483 Ἐγὼ
1493 5417 1549 5469 δὲ
1603 5417 1832 5485 τάληθὲς

347 5580 425 5653 (1)
456 5578 517 5633 L.
544 5576 730 5633 Omnia
774 5575 906 5630 loca.
937 5576 998 5632 C.
1031 5558 1331 5632 De'sacrili.
1358 5595 1478 5647 pag.
1504 5587 1549 5632 et
1580 5576 1765 5647 templ.

614 5668 881 5727 l’nttOL.
912 5671 1025 5728 Gn.
1069 5671 1301 5731 CXLVI

2440 4624 2606 4782 ἀεὶ
2638 4710 2853 4768 carm
2903 4712 2990 4767 tv.

1928 4802 2008 4858 ‘Ut
2037 4802 2176 4857 Deus
2198 4805 2344 4875 pium
2373 4805 2670 4875 principem
2698 4804 3000 4873 defendens,
3031 4803 3169 4857 bella
3200 4806 3377 4858 omnia
3411 4805 3497 4858 in-

2008 4880 2231 4943 speratis
2261 4874 2694 4943 admirandisque
2722 4875 2875 4928 rebus
2903 4875 3090 4928 statim
3119 4877 3421 4941 confecerit.

2013 5050 2069 5105 Si
2100 5050 2321 5120 quando
2349 5049 2552 5106 bellum
2600 5061 2808 5107 motum
2838 5062 2942 5119 est,
2975 5053 3042 5107 ad
3088 5053 3254 5108 Deum
3307 5054 3506 5107 confu-

1937 5142 2143 5210 giebat,
2185 5142 2430 5196 divinum
2466 5143 2856 5213 melodutnque
2893 5144 3149 5199 Davidcm
3192 5147 3502 5207 aemulatus,

1937 5233 2083 5301 quod
2130 5234 2187 5289 in
2233 5234 2383 5289 illius
2411 5236 2581 5290 veluti
2608 5237 2804 5306 promi
2845 5238 3007 5292 condi
3059 5246 3327 5307 potestate
3358 5236 3502 5290 bella

1938 5338 2061 5377 esse
2086 5323 2257 5379 sciret
2289 5342 2304 5380 :
2334 5334 2391 5379 ct
2436 5324 2584 5395 quod
2621 5327 2774 5380 illum
2825 5340 3042 5382 certum
3087 5327 3316 5381 haberet
3347 5340 3504 5381 cura.

1943 5423 2139 5483 torem,
2173 5414 2474 5487 condignos
2518 5432 2613 5487 spe
2645 5417 2786 5472 bona
2832 5419 3079 5488 pert-epit
3125 5416 3358 5472 fructus.
3393 5418 3507 5487 by)

2341 5636 2362 5653 μ
2394 5622 2447 5653 αἲξ

1941 5665 2210 5728 .,,ρἐ””εξ⁸
2255 5660 2343 5714 ῖσέι
2438 5672 2463 5722 ἢν
