3898 6192
481 254 616 322 107

1709 240 2505 323 Ntcsritom'CALusrr

3541 277 3647 344 1068

480 383 614 424 vero
670 367 959 425 veritatem
1011 370 1400 441 promulgans.
1458 382 1524 424 ex
1580 367 1836 437 plurimis
1886 385 2058 438 pauca

2169 373 2548 442 πρυτανεύων,
2607 371 2766 440 ὀλίγα
2819 373 2881 426 ἐκ
2943 374 3088 428 πάνυ
3120 374 3324 430 πολλῶν
3369 375 3652 454 διηγήσομαι,

481 463 744 523 referam,
777 463 1033 532 quamvis
1082 473 1241 518 extra
1302 461 1616 515 institutum
1676 473 2059 531 argumentum
2109 474 2130 486 '

486 554 617 622 ferri
651 553 861 608 videar.
897 554 1084 607 Roilas
1135 553 1341 622 ingenti
1377 552 1702 622 Scytharum
1753 553 2060 607 Nomadum

487 647 740 702 exercitu
767 655 978 708 coacto,
1006 645 1221 700 etlstro
1275 645 1526 701 transito.
1548 645 1838 700 Thraciam
1889 658 2066 700 vasta-

484 740 584 802 vit,
613 749 667 792 et
719 739 785 792 ad
823 740 1066 807 reginam
1132 753 1353 807 quoque
1408 739 1624 793 urbium
1677 741 1846 804 venit,
1879 740 2066 793 subito

489 834 667 902 primo
701 832 943 884 clamore
983 840 1147 901 atque
1190 831 1422 900 impetu,
1459 833 1623 886 sicuti
1658 833 1773 902 ipse
1809 833 2061 904 putabat,

492 937 611 974 eam
651 921 974 991 direpturus
1002 931 1169 992 atque
1205 925 1511 978 excisurus.
1548 924 1748 978 Verum
1784 926 1925 979 Deus
1960 941 2068 981 coe-

481 1016 616 1068 iitus
651 1015 1040 1082 imperatorem
1085 1028 1463 1083 propugnans,
1498 1015 1742 1069 violento
1774 1017 1976 1069 tonitru
2011 1025 2062 1069 et

481 1101 714 1157 fulmine
748 1103 1013 1166 demisso,
1062 1119 1171 1158 non
1225 1103 1392 1158 modo
1435 1104 1612 1173 ipsum
1655 1105 1961 1160 ustulatum
2007 1106 2059 1158 in

480 1195 699 1248 cineres
730 1194 960 1263 redegit,
994 1193 1091 1248 sed
1123 1193 1699 1263 innumeras-quoque
1734 1197 1922 1262 copias
1943 1197 2062 1266 ejus

483 1286 744 1340 concidit.
769 1285 924 1340 idem
978 1287 1144 1339 ctiam
1185 1285 1453 1340 adversus
1485 1286 1682 1340 Persas
1711 1285 1873 1342 "fecit.
1922 1288 2058 1340 Cum

481 1376 628 1430 enim
677 1376 1004 1446 praedatoria
1054 1376 1272 1429 illorum
1323 1390 1542 1442 manus,
1579 1391 1712 1444 pace
1752 1378 2058 1446 repudiata,

482 1467 784 1537 derepente
835 1467 1098 1522 ﬁnitimos
1149 1467 1543 1540 aggrederetur
1591 1469 1842 1537 populos,
1882 1483 2060 1536 neque

483 1554 686 1609 auxilia
732 1555 936 1624 aliqua,
969 1571 1091 1625 qua:
1118 1557 1406 1626 oppressis
1433 1573 1590 1626 opem
1641 1560 1870 1622 ferrent,
1903 1559 2061 1612 ades-

484 1658 648 1710 sent,
700 1647 935 1702 ducibus
989 1649 1277 1719 cupiisque
1331 1650 1664 1704 militaribus
1713 1651 1842 1704 aliis
1901 1651 2060 1706 bellis

2171 463 2274 516 κᾶν
2309 466 2400 517 καὶ
2433 465 2576 533 πέρα
2617 463 2755 528 δόξω
2781 462 2876 518 τοῦ
2929 469 3286 536 προκειμένου
3332 472 3508 524 σκοπεῦ
3535 479 3654 545 φέρε.

2170 555 2318 610 σθαι.
2361 554 2591 619 Ῥωῖλᾶς
2649 555 2760 626 γὰρ
2806 558 3065 624 στρατιὰν
3098 559 3351 628 πλείστην
3393 564 3446 614 ὲκ
3491 567 3655 624 Σκυθῶν

2168 647 2413 715 νομάδων
2439 647 2926 726 περιϐαλλόμενος,
2945 651 3039 700 τὶν
3059 648 3268 717 Ἴστρον
3293 651 3657 726 διαπεραιωθεὶς,

2167 735 2393 807 Θρᾴκην
2425 753 2482 788 τε
2517 734 2755 807 δῃώσας,
2787 729 2889 807 ἧκε
2921 736 2988 806 δὴ
3031 738 3121 788 καὶ
3161 736 3258 806 τὴν
3291 740 3506 804 βασιλίδα
3547 747 3658 800 πόλιν

2168 826 2482 895 πορθήσων,
2546 825 2642 877 καὶ
2699 826 2950 894 αἱρήσων
3010 824 3258 877 αὐτοϐοεὶ
3308 830 3394 880 καὶ
3425 831 3658 886 ἀνάστατον

2165 918 2384 988 δράσειν
2411 914 2824 983 διανοούμενος.
2865 915 3005 969 Ἀλλ’
3034 917 3062 968 ό
3093 916 3298 969 ἀνωθεν
3320 918 3408 970 τοῦ
3455 923 3657 986 βασιλέως

2167 1007 2578 1076 ὐπερασπίζων,
2613 1008 2884 1074 σκηπτοῖς
2920 1006 3012 1058 καὶ
3041 1006 3350 1076 πρηστῆρσι
3399 1007 3588 1075 βάλλων,
3612 1016 3654 1064 οὐ

2167 1095 2330 1163 μόνον
2360 1098 2569 1150 ἐκεῖνον
2611 1099 2692 1159 είς
2716 1096 2928 1165 τέφραν
2963 1095 3311 1164 κατέφλεξεν,
3343 1099 3462 1151 ἀλλὰ
3491 1103 3567 1153 καὶ
3588 1103 3656 1171 τὴν

2165 1186 2377 1240 ὲκείνου
2409 1189 2638 1257 ἄπειρον
2666 1188 2932 1258 στρατιὰν
2960 1189 3367 1255 πα-ρανάλωσεν.
3413 1190 3596 1262 Ἐπίσης
3617 1195 3656 1247 δὲ

2163 1280 2266 1331 κάν
2297 1280 2536 1348 Πέρσαις
2572 1281 2766 1332 ἐποίει.
2809 1280 2963 1332 Ἐπεὶ
2988 1280 3096 1348 γὰρ
3145 1283 3338 1333 ἐκεῖνοι
3375 1282 3464 1351 τὴν
3486 1287 3656 1356 εἰρήνην

2161 1371 2492 1439 διωσάμενοι
2546 1371 2744 1440 ἀθρόον
2801 1374 2918 1433 τοῖς
2971 1371 3367 1442 πλησιοχώροις
3423 1376 3654 1443 ἐπέθεντο,

2161 1462 2389 1530 οὐδεμία
2419 1462 2475 1515 δέ
2505 1479 2588 1523 τις
2607 1463 2904 1533 ἐπικουρία
2934 1463 3168 1526 ἐκείνοις
3206 1460 3292 1535 ἦν,
3341 1467 3440 1518 τῶν
3463 1485 3658 1538 στρατευ-

2165 1553 2352 1621 μάτων
2405 1553 2499 1606 καὶ
2532 1553 2856 1624 στρατηγῶν
2880 1553 2964 1615 είς
3007 1552 3203 1616 ἄλλους
3235 1559 3658 1624 μεταχωρησάντων

2163 1647 2435 1716 πολέμους
2458 1662 2473 1678 ·
2509 1645 2650 1714 om},
2674 1645 2992 1715 λαϐροτάτῳ
3013 1649 3104 1700 καῖ
3139 1645 3346 1716 χαλάζῃ
3385 1649 3659 1715 παμμεγέθει

483 1741 794 1808 occupatis,
828 1739 1003 1794 imbre
1034 1740 1530 1798 vehementissimo
1559 1753 1607 1794 et
1643 1743 1912 1811 grandine
1943 1759 2055 1796 ma-

2168 1739 2370 1808 βάλλων
2402 1737 2556 1802 Θεὸς,
2586 1737 2680 1788 ἐπὶ
2713 1735 2780 1788 τὰ
2808 1736 2999 1806 πρόσω
3021 1738 3224 1806 χωρεῖν
3259 1739 3562 1806 ἀνεχαίτιζε·
3591 1741 3660 1792 καὶ

486 1830 629 1884 sima
657 1832 806 1885 Deus
836 1831 958 1885 illos
987 1846 1356 1901 persequens,
1391 1832 1648 1901 progredi
1693 1834 1835 1887 ultra
1865 1849 2058 1901 passus

486 1937 598 1976 non
626 1931 710 1976 est
740 1939 755 1975 :
788 1936 1072 1990 equosque
1100 1936 1291 1975 eorum
1332 1923 1405 1976 ita
1439 1924 1653 1992 pedicis
1694 1925 1965 1989 cohibuit,
2001 1934 2060 1978 ut

486 2014 686 2068 diebus
733 2014 927 2082 viginti
971 2014 1197 2066 totidem
1231 2014 1407 2068 stadia
1442 2032 1605 2071 cursu
1653 2016 1917 2086 perficere
1949 2032 2059 2072 non

491 2117 741 2177 possent,
773 2105 954 2172 quoad
988 2119 1163 2173 usque
1197 2106 1472 2161 exercitus
1504 2119 1864 2179 congregatus
1905 2109 2062 2165 τοι-ιε⁴

490 2210 574 2254 ter
625 2199 880 2254 hostibus
929 2198 1155 2252 restitit.
1214 2199 1386 2253 Antea
1437 2214 1659 2269 quoque
1706 2216 1828 2255 cum
1882 2202 2061 2256 Persa:

489 2291 709 2360 quidam
764 2290 1020 2343 Goraune
1077 2289 1239 2352 duce,
1291 2291 1676 2359 cognominem
1741 2291 2058 2361 imperatori

489 2385 684 2438 urbem
727 2390 1135 2452 oppugnarent,
1187 2382 1477 2451 omnisque
1529 2384 1748 2453 generis
1795 2383 2062 2439 machinis

485 2477 860 2540 adorirentur,
911 2483 967 2528 et
1015 2483 1196 2528 turres
1233 2485 1391 2528 extra
1452 2491 1640 2531 muros
1693 2487 1884 2531 contra
1939 2493 2059 2531 eam

485 2568 819 2628 excitarent,
871 2581 1050 2635 neque
1093 2565 1399 2635 quidquam
1448 2567 1748 2629 eiiicrnent,
1805 2569 2064 2622 ridendos

487 2676 546 2716 se
575 2660 799 2722 dedere,
844 2659 1118 2714 Eunomio
1150 2659 1303 2713 urbis
1336 2660 1594 2729 episcopo
1641 2661 1922 2715 machinas
1965 2661 2064 2715 ἰν)-

487 2755 656 2809 stium
715 2769 910 2808 Omnes
971 2753 1368 2824 perfringcnte.
1419 2751 1554 2806 Cum
1611 2767 1847 2820 namque
1893 2754 2064 2806 nostri

487 2852 716 2913 prepter
755 2852 1211 2913 oppugnatorum
1263 2840 1674 2894 multitudinem
1725 2841 1940 2895 animos
1972 2841 2069 2895 de-

484 2936 802 3007 speratione
831 2933 1262 3004 desponderent,
1290 2933 1546 3002 precibus
1575 2933 1689 3001 ipse
1721 2942 1912 2987 contra
1943 2932 2066 2988 illos

2164 1827 2301 1899 πέδῃ
2354 1829 2478 1890 τοὺς
2525 1827 2728 1887 ἵππους
2758 1830 3036 1897 κατεῖχεν,
3073 1827 3154 1890 ὡς
3206 1830 3263 1880 ξν
3305 1829 3514 1897 ἡμέραις
3533 1832 3660 1883 statim

2167 1919 2242 1989 μὴ
2265 1919 2555 1988 δυνηθῆναι
2589 1919 2855 1986 ίσάριθμα
2889 1919 3080 1972 στάδια
3102 1919 3356 1984 διελθεῖν,
3384 1920 3476 1982 ἕως
3503 1923 3660 1988 ὀστρα-

2162 2012 2252 2074 τός
2280 2027 2337 2064 τε
2363 2011 2650 2082 ἡθροίσθη.
2703 2011 2798 2064 καὶ
2823 2011 3208 2080 γενναιότερον
3239 2011 3552 2078 ἀντετάξατο.
3583 2014 3660 2065 Καὶ

2165 2102 2433 2173 πρότερον
2489 2101 2545 2154 δὲ
2592 2102 2692 2170 τὴν
2744 2101 3034 2170 ἐπώνυμον
3077 2101 3298 2169 βασιλεῖ
3322 2102 3462 2154 πόλιν
3502 2103 3662 2167 Πέρσας

2167 2192 2609 2261 πολιορκοῦντας,
2659 2193 2965 2262 ἡγουμένου
2996 2193 3294 2262 Γορὰννου,
3329 2195 3414 2246 καὶ
3441 2195 3602 2256 πάσαις
3617 2195 3662 2260 δὴ

2167 2285 2596 2354 προσϐάλλοντος
2624 2289 2914 2355 μηχαναῖς,
2941 2287 3035 2338 καὶ
3066 2286 3317 2357 πύργους
3341 2287 3516 2353 ἔξωθεν
3551 2288 3664 2340 ἀντε·

2166 2379 2469 2447 γείραντος,
2511 2378 2678 2448 μηδὲν
2729 2377 3039 2442 ἀνύσαντας
3085 2380 3435 2451 γελασθῆναι,
3464 2381 3664 2444 Εὖνομίου

2165 2470 2260 2522 τοῦ
2304 2469 2509 2540 ταύτης
2535 2468 2918 2539 ίεραρχοῦντος
2953 2470 3180 2531 ἁπάσας
3213 2473 3311 2534 τὰς
3339 2475 3554 2540 μηχανὰς
3580 2470 3664 2524 δια-

2167 2559 2408 2623 λύοντος.
2453 2560 2864 2630 Ἀπειρηκότων
2889 2561 2999 2630 γὰρ
3028 2561 3140 2613 τῶν
3182 2563 3458 2632 ἡμετέρων
3481 2563 3544 2630 τῷ
3570 2563 3671 2629 πλή-

2170 2655 2253 2707 θει
2279 2653 2389 2707 τῶν
2439 2655 2805 2724 πετροϐόλων,
2847 2656 3057 2718 ὲικεῐνος
3100 2656 3294 2726 εὐχαῖς
3341 2656 3670 2724 ἀντιπράττων,

2168 2745 2332 2814 ἀθιγῆ
2363 2745 2462 2813 τὴν
2491 2747 2645 2798 πόλιν
2679 2747 2966 2810 ἐφύλαττε.
3008 2747 3128 2802 Τῶν
3179 2748 3236 2800 δὲ
3285 2747 3547 2818 σατραπῶν
3573 2749 3675 2812 ἑνὸς,

2167 2837 2216 2891 οἳ
2248 2838 2354 2890 ὑπὸ
2383 2837 2661 2908 Γοράννην
2711 2834 2874 2909 ἦσαν,
2931 2839 3282 2912 βλασφημεῖν
3340 2840 3672 2904 ἐπιϐάλλοντος,

2170 2929 2365 2998 ἐπίσης
2390 2945 2449 2981 τε
2492 2930 2746 3004 Ῥαψάκῃ
2778 2932 2873 2984 καὶ
2908 2932 3260 3003 Σεναχηρεὶμ
3301 2932 3520 3001 μανικῶς
3557 2934 3678 2987 ἀπει-

487 3045 761 3100 pugnans,
807 3030 999 3082 urbem
1052 3026 1256 3080 salvam
1298 3024 1667 3080 conservavit.
1711 3024 1784 3077 Ex
1826 3025 2062 3093 satrapis

2169 3023 2390 3087 λοῦντος
2415 3025 2506 3076 τὸν
2534 3026 2714 3076 ὲκετσε
2746 3026 2888 3077 θετον
2921 3022 3058 3078 νεὼν
3092 3027 3411 3096 πυρπολεῖν,
3443 3024 3528 3094 τὴν
3555 3023 3675 3091 ὓϐριν

490 3135 606 3178 tum
635 3123 710 3176 ibi
734 3123 828 3191 qui
855 3121 959 3176 sub
981 3119 1240 3174 Goranne
1263 3127 1444 3180 erant,
1469 3116 1691 3187 quidam
1717 3119 1783 3170 ad
1814 3116 2068 3185 blasphe-

488 3216 628 3270 mias
657 3228 984 3278 conversus,
1021 3211 1212 3266 itidem
1256 3219 1316 3263 ut
1347 3210 1624 3264 Rabsaces
1657 3219 1713 3263 et
1751 3208 2066 3264 Sennache-

488 3310 614 3371 rim,
645 3309 833 3361 animo
861 3305 1166 3360 furibundo
1201 3306 1442 3358 minatus
1473 3311 1577 3368 est,
1613 3317 1831 3356 sacrum
1856 3317 1916 3356 se
1946 3302 2066 3369 ejus

489 3400 733 3456 civitatis
783 3398 1046 3467 ten-plum
1090 3398 1215 3468 igne
1253 3403 1732 3464 consumpturum.
1765 3392 2068 3449 Contume-

379 3507 382 3518 '
487 3495 618 3548 liam
659 3506 779 3546 eam
821 3505 928 3544 non
968 3489 1152 3544 ferens
1182 3488 1342 3542 divus
1376 3486 1700 3550 Eunomius,
1731 3495 2066 3540 tormentum

489 3585 753 3640 bellicum
787 3597 914 3638 saxa
953 3581 1165 3652 jaciens
1201 3581 1266 3634 ad
1308 3579 1782 3650 propugnaculum
1817 3579 1908 3632 cui
1940 3593 2068 3646 apo-

489 3677 617 3733 stoli
662 3675 884 3729 Thomas
933 3683 1239 3742 cognomen
1286 3670 1423 3731 fuit,
1472 3669 1715 3738 disponi,
1764 3667 2069 3738 ingentem-

491 3782 598 3837 que
624 3763 862 3833 iapidcm
889 3777 957 3816 eo
994 3761 1047 3813 iu
1077 3774 1140 3814 os
1167 3759 1472 3828 blasphemi
1499 3757 1649 3812 illius
1674 3757 1852 3812 emitti
1877 3759 2064 3828 jussit.

492 3856 654 3931 “5
678 3856 846 3910 lllicet
869 3867 1059 3908 saxum
1085 3853 1279 3906 balista
1303 3867 1366 3906 ea
1392 3859 1618 3911 tortum.
1643 3849 1893 3903 maledici
1918 3849 2066 3902 illius

494 3960 726 4019 satrapae
759 3963 822 4002 os
860 3944 1251 4001 detestandum
1301 3942 1557 4014 perculit,
1609 3941 1916 4010 faciemque
1946 3939 2068 4009 ejus

493 4056 712 4095 onmem
740 4037 1090 4100 comminuit,
1121 4039 1302 4106 capite
1335 4035 1641 4090 rectissime
1671 4033 1885 4093 attrito.
1915 4047 2068 4087 cere-

493 4133 704 4201 broque
743 4132 892 4185 omni
941 4130 1213 4199 disperso.
1251 4128 1424 4194 Quem
1461 4127 1554 4181 ubi
1603 4125 1886 4181 Goranncs
1930 4141 2065 4179 con-

492 4224 690 4292 spexit,
722 4223 1128 4290 expugnatione
1159 4219 1315 4273 urbis
1337 4218 1650 4287 desperata,
1680 4217 1898 4287 fugiens
1938 4217 2066 4270 inde

473 4315 770 4378 discessit,
797 4329 856 4368 re
886 4315 1003 4384 ipsa
1036 4315 1244 4367 victum
1269 4328 1329 4368 se
1353 4327 1476 4368 esse
1508 4314 1774 4367 clamans.
1808 4312 2066 4382 Metuque

2177 3115 2253 3186 μὴ
2287 3115 2653 3186 ἀνασχόμενος
2691 3115 2720 3168 ό
2771 3116 2914 3178 Θεῖος
2948 3117 3242 3186 Εὐνόμιος,
3273 3118 3333 3169 τὸ
3361 3115 3680 3180 λιθοδόλονθρ-

2174 3225 2338 3276 γανον
2371 3210 2524 3276 παρὰ
2556 3209 2654 3277 τὴν
2679 3207 2906 3273 ἔπαλξιν
2929 3209 3156 3278 τεθῆναι
3192 3208 3550 3278 προσέταττεν,
3573 3203 3678 3259 imi

2173 3297 2478 3354 ἀποστόλου
2523 3298 2694 3367 Θωμᾶ
2751 3299 3046 3367 ἐπώνυμον
3101 3295 3197 3370 ἦν,
3263 3301 3404 3353 λίθον
3449 3315 3500 3351 τε
3552 3299 3683 3367 μέγαν

2175 3388 2474 3459 παρηγγύα
2500 3389 2592 3440 ἐπὶ
2619 3385 2694 3458 τῷ
2717 3387 2809 3440 τοῦ
2839 3387 3339 3458 βλασφημήσαντος
3369 3391 3571 3458 στόματι
3597 3392 3682 3440 ἑπι-

2175 3481 2436 3550 πέμπειν.
2494 3481 2603 3532 Καὶ
2633 3479 2693 3542 ὃς
2720 3479 2881 3541 εὐθὺς
2914 3481 3142 3545 κατιὼν,
3181 3484 3280 3534 καὶ
3326 3481 3400 3550 τῷ
3443 3481 3682 3548 βλασφήμῳ

2171 3574 2268 3627 τοῦ
2300 3574 2580 3644 σατράπου
2613 3573 2824 3626 ἐκείνου
2861 3575 3018 3643 μυσῷ
3067 3575 3302 3643 στόματι
3322 3572 3679 3643 προσϐαλὼν,τδ

2178 3667 2274 3736 μὲν
2296 3666 2590 3736 πρόσωπον
2641 3663 2787 3718 ἀπαν
2815 3663 3047 3734 ὴφανίζε
3067 3680 3082 3696 ο
3119 3666 3403 3735 συνέτριϐε
3431 3664 3471 3717 δ’
3499 3659 3548 3716 εὖ
3582 3662 3687 3731 μάλα

2172 3755 2269 3826 τὴν
2305 3757 2572 3826 κεφαλὴν,
2606 3757 2701 3808 καὶ
2753 3756 2844 3808 τ’,ν
2874 3756 3189 3825 ἐγκέφαλον
3231 3760 3404 3808 πάντα
3433 3759 3492 3825 τῇ
3530 3757 3587 3822 γῇ
3610 3754 3686 3804 Gai-

2177 3865 2420 3919 σπειρεν.
2469 3851 2568 3901 Ὃν
2622 3849 2958 3916 θεασάμενος
2999 3849 3028 3900 ό
3057 3849 3358 3918 Γοράννης,
3392 3849 3478 3901 ἀπ’
3523 3845 3686 3904 ἐλπίδος

2173 3943 2464 4010 γενόμενος
2493 3943 2592 4012 τὴν
2625 3941 2776 3994 πόλιν
2805 3941 2966 4004 ἑλεῖν,
3000 3941 3179 4011 ᾤχετο
3206 3941 3422 4010 φεύγων
3459 3941 3688 4010 πράγμασι

2172 4035 2270 4105 τὴν
2298 4028 2471 4105 ἧτταν
2510 4033 2774 4086 ἀναϐοῶν.
2809 4033 2900 4095 Εἰς
2933 4033 3049 4094 δέος
3080 4050 3140 4085 τε
3200 4034 3491 4096 καταστὰς,
3517 4033 3689 4101 εἰρήνν

2172 4129 2382 4197 ἠγάπα,
2419 4127 2511 4178 καὶ
2539 4125 2828 4179 τουλοιποῦ
2871 4126 3168 4193 Ῥωμαίοις
3223 4129 3520 4181 ἐσπένδετο.
3575 4126 3690 4176 υῦτω

2173 4218 2302 4280 Θεὸς
2329 4216 2424 4268 τοῦ
2453 4215 2645 4268 πιστοῦ
2681 4215 3011 4284 θεράποντος
3043 4217 3278 4288 ὲκήδετο
3311 4219 3573 4287 βασιλέως,
3595 4217 3688 4280 ό,ιο-

2173 4307 2458 4375 λογοῦντος
2491 4305 2590 4376 τὴν
2621 4307 2779 4378 χάριν
2802 4347 2817 4370 ,
2850 4308 2944 4360 καὶ
2992 4306 3093 4376 τὴν
3147 4309 3522 4378 ἁρμόττουσιν
3573 4306 3690 4370 θερι-

491 4415 805 4474 correptus,
840 4404 907 4458 de
932 4414 1134 4459 cauere
1165 4418 1263 4472 per
1288 4412 1450 4472 pacta
1487 4413 1759 4457 conventa
1792 4413 1915 4456 cum
1954 4402 2062 4456 Ro-

2169 4399 2330 4452 πείαν
2375 4398 2802 4468 προσφέροντος.
2831 4399 2943 4461 Τάς
3003 4399 3060 4450 δὲ
3094 4403 3236 4466 πρὸς
3281 4400 3533 4470 Ἑσπέραν
3559 4403 3690 4466 pale:

491 4499 670 4553 manis
720 4497 854 4552 inita
912 4511 1098 4567 pacem
1145 4503 1229 4550 est
1277 4495 1616 4564 complexus.
1651 4494 1880 4550 Tantam
1923 4497 2067 4550 Deus

491 4593 610 4660 ipse
637 4590 813 4645 fidelis
849 4589 1089 4644 ministri
1119 4589 1204 4644 sui
1244 4589 1597 4658 imperatoris
1623 4605 1816 4642 curam
1850 4588 2016 4658 gessit
2048 4603 2064 4640 :

2171 4489 2320 4559 αύτῷ
2351 4488 2447 4542 καὶ
2572 4488 2702 4555 θείῳ
2729 4487 2814 4540 {rt
2846 4488 3010 4552 ζῶντι
3035 4493 3415 4561 γεγενημένας
3459 4491 3525 4551 ὡς
3565 4489 3688 4541 διέλυ-

2175 4599 2260 4648 σε,
2290 4580 2345 4634 τί
2378 4580 2486 4651 χρὴ
2511 4581 2608 4633 καὶ
2637 4578 2854 4647 mm;

489 4688 580 4753 qui
620 4701 688 4738 co
720 4683 941 4740 nomine
987 4684 1066 4738 illi
1142 4684 1346 4753 gratias
1423 4682 1571 4754 egit,
1617 4683 1985 4749 eumdemque
2033 4679 2292 4750 religione
2339 4676 2525 4732 debita
2595 4676 2763 4730 coluit
2821 4677 2991 4731 Porro
3037 4677 3180 4732 bella
3228 4679 3284 4733 in
3313 4678 3692 4736 Occidentecon-

491 4788 571 4832 ira
604 4777 779 4846 ipsum
805 4789 862 4834 et
882 4789 1139 4850 patruum
1169 4778 1350 4832 adhuc
1382 4779 1566 4832 vivum
1594 4787 1761 4841 mota,
1796 4775 2077 4846 quomodo
2101 4774 2243 4828 Deus
2273 4769 2521 4836 solverit,
2549 4768 2681 4840 quid
2710 4768 2896 4825 dicere
2928 4771 3172 4827 attinet?

1105 4886 1332 4945 CAPUT
1379 4886 1442 4943 ν.

489 4987 566 5043 De
597 4990 836 5057 tyrannis
863 4986 914 5037 in
938 4981 1212 5057 Occidente
1243 4993 1424 5057 cont_ra
1447 4983 1824 5057 imperatorem
1849 4975 2027 5057 flauo
2048 5005 2062 5016 -

628 5049 763 5109 rium
794 5055 1008 5118 coortis,
1036 5061 1084 5104 et
1114 5053 1174 5105 de
1195 5051 1398 5105 sororia
1431 5052 1544 5120 eius
1571 5049 1922 5104 Constantio.

557 5233 696 5290 Cum
750 5231 826 5301 (ι)
886 5231 1090 5284 etenim
1141 5230 1196 5283 in
1249 5226 1568 5298 regionibus
1616 5226 2062 5282 Occidentalibus

486 5323 707 5393 plurimi
765 5321 981 5392 tyranni
1036 5319 1208 5372 exorzi
1267 5326 1474 5380 essent,
1534 5318 1732 5387 partim
1785 5319 1878 5372 alii
1930 5318 2059 5372 aliis

460 5417 788 5480 Icolluctati,
824 5425 987 5483 atque
1035 5411 1134 5481 ipsi
1182 5412 1326 5465 inter
1371 5427 1429 5465 se
1459 5411 1686 5472 concisi,
1732 5412 1928 5479 partim
1971 5411 2057 5463 di-

561 5531 638 5596 (i)
669 5529 1057 5587 Vandalorum,
1087 5527 1384 5581 Alanorum
1412 5524 1838 5596 iSucvorumque
1865 5527 2050 5585 duces,

488 5595 693 5659 legatos
745 5602 809 5652 ad
870 5597 1171 5660 Honorium
1234 5612 1357 5649 cum
1411 5595 1721 5660 huiusmodi
1786 5597 2056 5648 mandatis

486 5668 687 5719 misere
720 5684 734 5721 ι
779 5669 857 5720 Tu
895 5684 1014 5720 cum
1040 5667 1296 5720 omnibus
1325 5680 1511 5732 pacem
1566 5665 1724 5727 habe,
1753 5665 1820 5717 ab
1872 5666 2056 5717 omni-

2780 4879 3033 4934 ΚΕΦΛΔ.
3063 4881 3139 4935 E'.

2174 4971 2313 5039 Napi
2349 4970 2468 5024 τῶν
2523 4972 3012 5034 ἐπαναστάντων,
3033 4973 3350 5039 τυράννων
3408 4977 3473 5029 έν
3517 4971 3685 5036 ἑσπέρᾳ

2235 5041 2324 5106 σῷ
2371 5043 2630 5114 ,βασιλεῖ
2687 5043 2977 5110 Ὅνωρίῳο
3027 5046 3128 5096 καὶ
3179 5047 3320 5113 περὶ
3349 5046 3452 5100 τοῦ
3481 5043 3686 5114 γαμϐρνύ

2242 5112 2432 5165 αὑτοῦ
2470 5113 2921 5168 Κωνσταντίου.

2241 5225 2320 5295 'Tii
2353 5224 2460 5296 γὰρ
2495 5229 2628 5294 πρὸς
2659 5225 2823 5282 Λύσιν
2851 5227 3124 5299 ἀρχομένη
3157 5227 3427 5281 πλείστων
3465 5225 3524 5292 δὴ
3546 5223 3690 5290 τυράν-

2163 5337 2270 5371 κιον
2327 5319 2730 5388 γεγενημένων,
2782 5320 2830 5372 oi
2863 5320 2963 5390 μὲν
3012 5321 3267 5390 ἀλληλοις
3313 5317 3684 5388 συγκρουόμινοι

2165 5414 2259 5463 καὶ
2290 5410 2382 5463 ὑπ’
2422 5412 2671 5482 ἀλλήλων
2703 5413 3139 5482 ἀναλισκόμενοι,
3170 5413 3203 5484 ἢ
3243 5415 3341 5468 καὶ
3368 5415 3482 5484 θείᾳ
3505 5411 3687 5473 δυνάμει

2161 5528 2264 5582 bus
2289 5527 2506 5600 obsides
2555 5528 2784 5596 accipe:
2817 5546 2917 5585 nos
2957 5532 3114 5585 nobis
3157 5530 3520 5600 conn-igimus,
3567 5519 3689 5600 nobis

2163 5601 2427 5666 perimus,
2468 5599 2562 5651 tibi
2595 5595 2867 5653 vincimus
2894 5619 2907 5652 :
2966 5611 3071 5654 tute
3104 5601 3209 5654 erit
3237 5595 3479 5670 quaestus
3520 5595 3687 5662 reipub-

2162 5670 2203 5719 si
2229 5684 2419 5720 omnes
2449 5684 2758 5737 pereamus.
2788 5671 2995 5740 (Diam)

3803 2981 3814 3522 4
