3898 6192
412 259 542 322 ίίίτι

1620 260 2041 323 NICEPHORI
2101 262 2441 323 CALLISTI

3476 276 3581 341 1οἙ

406 379 626 433 dos-ium
685 378 957 446 pervenit.
1005 377 1117 432 llac
1155 394 1212 431 re
1264 377 1343 433 sic
1398 386 1551 446 acta,
1597 378 1872 435 Constans
1916 395 1964 433 at

2088 396 2292 433 κουσαν
2326 383 2677 451 καταστήσας
2717 382 2812 452 τῆς
2840 385 2932 439 ἐπὶ
2967 384 3065 449 τὰς
3095 385 3349 451 Ἱσπανίας
3372 393 3577 460 παρόδου,

407 484 622 545 patrem
659 471 1080 528 Constantinum
1122 471 1367 526 transiit.
1411 470 1682 526 Caeterum
1724 488 1850 528 cum
1895 475 1977 527 in-

405 566 759 621 commodum
788 564 1100 635 praesidium
1134 562 1188 616 in
1219 562 1601 631 Hispaniarum
1636 564 1785 618 aditu
1811 566 1979 620 collo-

403 668 605 726 casset,
638 660 873 715 maxime
904 659 1077 715 cladis
1105 667 1160 714 et
1191 657 1390 713 excidii
1436 657 1758 727 regionibus
1794 658 1879 713 eis
1920 659 1974 712 id

404 769 569 811 causa
604 754 726 808 l'uit.
769 752 1062 821 Postquam
1097 750 1244 806 enim
1275 749 1811 820 ConstantinicOpiae
1840 768 1958 805 cnn-

405 847 679 910 eidcrunt,
713 843 965 908 Vandali,
1001 841 1190 904 Suevi,
1223 841 1404 903 Alani,
1433 850 1624 910 gentes
1653 841 1801 907 ferte,
1830 851 1977 894 tran-

405 946 513 995 situ
561 953 628 993 eo
666 945 958 1005 occupato,
1006 934 1205 989 multas
1236 933 1400 987 urbes
1436 943 1491 988 et
1533 933 1705 987 multa
1753 936 1975 989 castella

405 1030 703 1085 Galliarum
732 1036 790 1082 et
813 1025 1226 1097 Hispaniarum,
1250 1036 1304 1082 et
1326 1025 1533 1095 aliquot
1561 1025 1775 1097 tyranni
1805 1025 1974 1080 duces

402 1130 687 1193 ceperunt.
712 1119 1130 1183 Constantinus,
1166 1134 1289 1173 eum
1321 1118 1370 1171 ei
1400 1117 1579 1172 adhuc
1602 1133 1671 1173 ex
1699 1117 1971 1172 sententia

401 1226 457 1267 et
489 1212 755 1284 opinione
807 1225 904 1265 sua
948 1225 1039 1264 res
1082 1207 1464 1278 procederent,
1502 1208 1671 1261 lilium
1701 1207 1972 1262 Constan-

402 1322 509 1361 tem
554 1306 862 1374 Augustum
912 1301 1233 1363 declaravit,
1280 1307 1337 1355 et
1385 1298 1618 1354 transire
1657 1299 1710 1352 in
1758 1298 1969 1353 ltaliam

398 1398 594 1453 voluit.
636 1397 705 1451 Et
756 1393 951 1449 Cottiis
998 1392 1234 1460 Alpibus
1287 1389 1594 1460 superatis,
1637 1389 1968 1445 Liberonem

400 1488 633 1563 Liguria:
679 1489 955 1542 civitatem
1001 1485 1173 1540 venit.
1220 1484 1628 1552 Eridanumque
1700 1484 1963 1552 trajectu-

401 1601 517 1647 rns,
546 1581 641 1637 ubi
672 1580 742 1635 de
779 1578 1024 1634 Alaviclii
1057 1586 1238 1631 morte
1267 1576 1470 1630 certior
1504 1574 1681 1629 factus
1719 1585 1829 1639 est,
1877 1590 1968 1630 re-

400 1674 673 1730 trocessit.
694 1671 1008 1727 .Alavichus
1039 1670 1115 1739 (l)
1158 1670 1284 1733 iste,
1319 1666 1431 1721 dux
1462 1666 1683 1737 quidem
1715 1665 1966 1730 Honorii,

2086 473 2151 524 '0
2174 472 2268 525 καὶ
2296 473 2561 543 μεγίστης
2586 474 2863 539 ἀπωλείας
2888 476 3060 530 αἴτιον
3088 479 3195 539 τοῖς
3223 480 3385 532 Exstat
3408 485 3582 553 χωρίοις

2079 565 2337 636 κατέστη.
2374 566 2808 638 Καταπεσούσης
2828 570 2935 638 γὰρ
2958 571 3056 638 τῆς
3086 568 3349 640 δυνάμεως
3369 573 3436 643 τῷ
3461 577 3580 631 Κων.

2081 656 2365 727 σταντίνῳ,
2423 657 2718 711 Οὐάνδαλοι
2747 699 2762 723 ,
2818 660 2913 713 καὶ
2958 660 3199 725 Σουῖϐαι,
3257 665 3343 716 καὶ
3397 665 3582 735 Ἀλανοὶ,

2077 747 2245 817 ἄγρια
2275 749 2425 821 ἔθνη,
2452 750 2553 821 τὴν
2573 751 2744 804 δίοδον
2776 753 3201 823 χειρωσάμενοι,
3232 756 3412 821 πολλάς
3437 777 3485 812 τε
3507 764 3582 815 πό.

2073 840 2189 903 λεις
2218 842 2311 894 καὶ
2341 840 2578 911 φρούρια
2615 842 2725 895 τῶν
2776 844 3017 896 Γαλλιῶν
3053 839 3216 908 εἷλον,
3248 850 3335 900 καί
3354 865 3482 912 τινας
3506 853 3583 922 ἂρ.

2077 949 2272 1000 κοντας
2325 934 2419 986 τοῦ
2451 934 2742 1003 τυράννου.
2801 936 2861 988 '0
2910 935 2966 988 δὲ
3000 937 3389 1001 Κωνσταντῑνος
3413 940 3478 994 ἔτι
3499 946 3584 1007 τοῖς

2075 1024 2217 1077 κατά
2247 1024 2473 1096 γνώμην
2500 1026 2596 1092 ὣν,
2635 1025 2863 1096 βασιλέα
2890 1027 2979 1080 τὸν
3009 1027 3124 1080 υίδν
3148 1028 3446 1097 ἀναγορεύει
3464 1035 3584 1086 Κων-

2077 1114 2345 1178 στὰντιον,
2397 1117 2493 1168 καὶ
2527 1118 2607 1179 εἰς
2653 1116 2887 1171 Ἰταλίαν
2918 1116 3215 1184 ἀφικέσθαι
3243 1119 3480 1173 ἐϐούλετο.
3502 1123 3585 1175 Καὶ

2073 1211 2136 1279 δὴ
2168 1210 2264 1272 τὰς
2294 1212 2528 1272 Κοττίας
2551 1211 2909 1280 παραμείψας
2944 1212 3195 1275 Ἀλπεις,
3234 1214 3311 1274 εἰς
3332 1214 3584 1281 Διϐερῶνα,

2074 1300 2226 1353 πόλιν
2255 1302 2353 1371 τῆς
2385 1302 2707 1373 Λιγουρίας,
2744 1296 2867 1373 ἦκε.
2890 1304 3068 1373 Περᾷν
3098 1302 3154 1355 δὲ
3185 1303 3375 1372 μέλλων
3411 1306 3585 1373 Ἠριδα-

2073 1395 2184 1457 νὸν,
2219 1391 2310 1446 τὸν
2352 1393 2629 1463 Ἀλαϐίχου
2653 1392 2995 1463 μεμαθηκὼς
3028 1391 3280 1451 θάνατον,
3310 1394 3465 1447 ὀπίσω
3490 1395 3586 1447 ἀνίο
3687 1381 3690 1389 ’

2073 1499 2292 1555 τρεχεν.
2341 1483 2611 1553 Ἐδόϐιχος
2640 1484 2684 1536 δ’
2714 1477 2868 1546 οὗτος
2898 1484 3209 1552 στρατηγὸς
3246 1484 3338 1553 μὲν
3361 1480 3421 1555 ἦν
3459 1487 3587 1539 Ὁνω-

2076 1578 2191 1645 ρίου
2217 1592 2230 1608 ο
2259 1574 2499 1639 ὕποπτος
2535 1576 2579 1627 δ’
2599 1571 2665 1647 ἦν
2699 1576 2773 1638 ὡς
2805 1576 3207 1645 Κωνσταντίνῳ
3237 1576 3328 1646 τὴν
3360 1576 3448 1647 τῆς
3480 1577 3587 1634 Ἰτα-

2072 1669 2191 1731 Ma;
2223 1669 2653 1732 κατασκευάζων
2682 1670 2878 1739 ἀρχήν.
2922 1668 2989 1721 Ὀ
3040 1668 3230 1738 μαθὼν
3270 1668 3511 1737 ’ονώριος,
3541 1672 3584 1736 ἐξ

397 1767 727 1840 proditionis
784 1775 968 1820 autem
1014 1771 1344 1833 suspectus,
1403 1760 1564 1830 quasi
1606 1759 1964 1815 Constantino

2074 1761 2262 1828 ἐφόδου
2292 1761 2556 1827 ἐπανιὼν,
2604 1761 2782 1814 αὐτίκ’
2815 1760 3031 1824 ἀποϐὰς
3066 1760 3160 1813 τοῦ
3202 1761 3379 1822 ἵππου,
3407 1762 3588 1830 εὐχαρι-

400 1862 563 1916 ttalize
586 1859 879 1930 imperium
912 1863 1151 1927 pararet,
1185 1853 1308 1909 fuit.
1343 1851 1507 1924 447
1532 1850 1705 1917 Quam
1728 1866 1841 1906 rem
1878 1850 1970 1905 ubi

399 1952 677 2010 Honorius
715 1949 993 2022 cognovit,
1043 1963 1111 2003 ex
1159 1942 1450 2018 progressu
1498 1958 1594 1999 seu
1647 1942 1969 1998 deambula-

401 2049 551 2103 tione
580 2046 815 2117 quadam
857 2034 1138 2105 reversus,
1189 2038 1350 2094 simul
1384 2046 1548 2106 atque
1584 2037 1653 2091 ab
1683 2050 1828 2106 equo
1876 2036 1971 2090 de-

398 2140 636 2205 scendit,
689 2137 875 2193 statim
914 2135 1217 2207 gratiarum
1266 2132 1513 2187 actiones
1555 2138 1612 2185 et
1639 2129 1829 2185 laudes
1860 2130 1971 2184 Deo

397 2234 618 2299 ontulit,
672 2230 843 2286 veluti
898 2243 929 2282 a
981 2224 1276 2281 manifesto
1338 2222 1621 2293 proditore
1674 2220 1962 2275 liberatus.

396 2324 793 2382 Constantinus
842 2330 1029 2375 autem
1065 2329 1351 2391 tyrannus.
1385 2325 1442 2370 et
1480 2315 1634 2369 titius
1671 2313 1793 2383 ejus
1816 2312 1965 2368 Con-

399 2433 573 2484 stans,
619 2414 1016 2488 profugientes,
1046 2411 1117 2466 .in
1167 2409 1304 2465 urbe
1359 2406 1670 2464 Arelatensi
1720 2403 1964 2459 conclusi

398 2521 548 2567 sunt.
578 2509 838 2565 Exercitu
894 2519 1131 2574 namque
1179 2503 1399 2558 illorum
1448 2502 1719 2571 disperso,
1778 2508 1970 2570 gentes

395 2618 536 2672 quas
568 2600 811 2656 diximus
846 2596 1118 2660 barbarae,
1148 2595 1267 2650 loca
1293 2593 1439 2648 circa
1475 2593 1789 2662 Pyrenazum
1814 2604 1971 2644 mon-

2068 1853 2303 1923 στήριονη
2342 1851 2587 1921 ἀφωσίου
2635 1850 2756 1920 Θεῷ
2787 1890 2804 1916 ,
2858 1844 2950 1904 οἷα
2998 1849 3306 1921 προφανοῦς
3352 1851 3584 1904 ἐπιϐούλου

2069 1942 2429 2012 ἀπαλλαγείς.
2485 1943 2546 1996 '0
2605 1942 2662 1997 δὲ
2706 1943 2971 2014 τύραννος
3023 1944 3422 2006 Κωνσταντῖνος
3468 1944 3585 1996 καὶὸ

2070 2035 2196 2096 παῖς
2221 2034 2396 2105 τούτῳ
2427 2034 2803 2099 Κωνστάντιος
2842 2035 3164 2104 φεύγοντες,
3194 2038 3281 2100 ἐίς
3324 2036 3586 2107 ’Ᾱριήλατον

2070 2131 2466 2186 συνεκλείοντο.
2490 2131 2597 2185 Τοῦ
2627 2134 2735 2204 γὰρ
2763 2132 2997 2203 στρατοῦ
3025 2134 3254 2188 ἐκείνων
3277 2134 3587 2205 διαχυθέντος,

2068 2227 2135 2277 τὰ
2182 2226 2566 2297 προειρημένα
2617 2226 2872 2300 βάρϐαρα
2919 2229 3048 2301 ἔθνη
3071 2230 3141 2283 τά
3176 2232 3300 2300 περὶ
3328 2230 3382 2284 τὸ
3408 2232 3588 2301 Πυρῤη·

2074 2320 2222 2371 ναῖον
2252 2318 2376 2389 ὖρος
2399 2318 2575 2389 χωρία
2607 2319 2933 2385 κατέλαϐον,
2960 2321 3308 2390 εὐδαιμονίας
3343 2323 3428 2376 καὶ
3468 2321 3591 2375 πλοί-

2069 2423 2161 2458 του
2185 2407 2467 2476 ἀνάμεστα
2491 2422 2504 2437 ο
2538 2408 2646 2460 τῶν
2672 2408 2931 2484 φρουρῶν
2959 2409 3183 2480 ἀμελῶς
3211 2413 3273 2481 τῇ
3301 2412 3460 2464 ἒκείσε
3484 2428 3592 2479 πσρ-

2068 2497 2174 2567 όδῳ
2221 2497 2619 2565 διατεθέντων,
2686 2500 2897 2553 ἐκεῖθεν
2969 2501 3050 2563 είς
3114 2500 3389 2556 Ἱσπανίαν
3426 2500 3593 2571 παρῆλ-

2069 2589 2182 2646 θον.

397 2712 507 2751 iem
532 2696 731 2767 opibus
753 2704 918 2764 atque
942 2691 1156 2748 divitiis
1179 2689 1377 2745 referta
1439 2696 1822 2758 occuparunt:
1886 2694 2054 2756 atque
2094 2687 2241 2755 inde,
2291 2688 2562 2759 praesidiis
2611 2688 2952 2759 negligenter
3002 2688 3073 2745 ad
3131 2689 3415 2746 transitum
3450 2690 3594 2760 ipsum

395 2789 704 2860 dispositis,
739 2787 794 2843 in
829 2785 1151 2857 Hispaniam
1194 2784 1558 2839 transierunt.

991 2921 1219 2979 CAPUT
1260 2922 1347 2978 Vl.

396 3022 472 3077 De
519 3021 750 3077 Maximo
798 3030 1061 3089 tyranno,
1096 3024 1145 3089 et
1182 3015 1448 3089 Gerontio.
1490 3023 1540 3066 et
1589 3013 1956 3089 constantiae,

468 3093 692 3155 aliisque
726 3110 754 3142 η
786 3083 1096 3142 Constantio
1121 3086 1404 3150 interfertis
1428 3100 1444 3137 :
1469 3093 1515 3136 et
1548 3092 1602 3134 ut
1621 3083 1964 3155 Constantius

462 3180 578 3215 rem
608 3152 1022 3212 administrarit.
1064 3155 1439 3209 Valentiniano
1478 3154 1634 3206 tertio
1682 3162 1797 3222 past
1851 3152 1961 3204 llo-

467 3234 675 3287 r:orium
708 3234 1025 3298 imperatore
1057 3225 1234 3279 Runta'
1266 3224 1469 3277 relicto.

467 3414 543 3468 Eo
572 3422 816 3479 tempore
848 3402 1174 3467 Gerontius,
1204 3398 1550 3455 Constantini
1579 3397 1779 3454 ducum
1821 3412 1960 3468 piae-

393 3502 803 3564 stantissimus,
861 3493 1131 3564 susceptis
1186 3500 1379 3547 contra
1440 3506 1566 3547 eum
1626 3489 1959 3548 inimicitiis.

392 3600 684 3654 Maximum
741 3589 1032 3662 quemdam
1083 3586 1185 3641 sibi
1246 3583 1757 3648 familiarissimum,
1814 3582 1960 3653 quod

390 3707 516 3744 eum
545 3684 778 3758 imperio
812 3677 1162 3736 commodum
1190 3691 1310 3731 esse
1345 3675 1709 3742 existimaret,
1746 3676 1812 3729 ad
1851 3675 1961 3728 ini-

393 3781 656 3852 perialem
714 3774 937 3832 sustulit
984 3771 1330 3840 dignitatem,
1377 3782 1654 3839 purpurea
1708 3766 1759 3823 ei
1812 3778 1964 3822 veste

391 3875 537 3927 data.
572 3869 748 3939 Atque
780 3865 933 3920 illutn
960 3862 1181 3933 quidem
1220 3859 1500 3915 Taracone
1524 3858 1958 3929 versaripermi-

389 3966 461 4018 sit
491 3978 506 4015 :
543 3961 660 4031 ipse
685 3969 869 4014 autem
900 3952 1074 4025 copiis
1108 3952 1368 4021 acceptis,
1402 3949 1668 4006 adversus
1694 3948 1963 4005 Constan-

392 4056 566 4109 linum
614 4062 943 4122 progressus
979 4055 1108 4101 est:
1151 4052 1315 4114 atque
1344 4058 1411 4098 ex
1458 4042 1656 4097 itinere
1696 4042 1956 4097 Viennam

388 4147 693 4215 digressus,
736 4142 852 4195 lilio
887 4138 1006 4208 ejus
1044 4136 1333 4193 Constanti
1380 4150 1568 4190 necem
1614 4135 1834 4189 struxit.
1883 4135 1958 4190 Ea

387 4252 481 4289 res
512 4236 578 4289 de
615 4231 881 4288 Gerontio
910 4229 1001 4284 ubi
1049 4228 1117 4282 ad
1169 4227 1592 4284 Constantinum
1642 4238 1728 4285 cst
1757 4230 1957 4294 delata,

2658 2917 2912 2973 ΚΕΦΑΛ.
2959 2921 3052 2986 ς’.

2070 3006 2210 3075 Περὶ
2238 3007 2509 3075 Μαξίμου
2559 3007 2666 3063 τοῦ
2696 3010 3019 3077 τυράννου,
3054 3011 3153 3065 καὶ
3181 3014 3485 3077 Γεροντίου
3521 3014 3598 3067 καί

2142 3080 2627 3142 Κωνσταντινου,
2682 3081 2781 3132 καί
2833 3081 3042 3134 ἄλλων
3069 3083 3192 3136 ὑπὸ
3228 3084 3602 3137 Κωνσταγτίον

2141 3147 2582 3211 ἀναιρεθέντων
2600 3165 2623 3219 γ’
2684 3149 2785 3201 καί
2845 3150 2927 3214 ὡς
2983 3147 3125 3219 ἦρξε
3184 3154 3603 3216 Κωνστὰντιος,

2146 3218 2658 3291 ρὺαλεντινιανὸν
2725 3219 2834 3272 τὸν
2897 3222 3102 3291 τρίτον
3144 3224 3299 3290 μετὰ
3362 3222 3603 3291 Ὀνώριον

2135 3285 2402 3351 βασιλέα
2434 3288 2506 3341 ἐν
2543 3287 2728 3357 Ῥώμῃ
2758 3285 3124 3367 καταλιπώις.

2139 3402 2275 3455 Τότε
2308 3401 2485 3455 τοίνυν
2506 3401 2784 3471 Γερόντιος
2805 3403 2835 3454 ὁ
2861 3402 2968 3455 τῶν
2996 3404 3325 3475 στρατηγῶν
3351 3408 3604 3461 Κωνστανο

2068 3494 2217 3549 τίνου
2265 3495 2577 3566 κράτιστος,
2635 3494 2714 3556 είς
2744 3494 3069 3564 δυσμένειαν
3107 3498 3308 3571 ἐκείνῳ
3327 3499 3606 3571 γενόμενος,

2070 3583 2325 3653 Μάξιμον
2370 3601 2494 3637 τινα
2526 3584 2866 3638 οἰκειότατον
2913 3586 3061 3653 αὐτῷ
3091 3588 3247 3653 ϐντα,
3308 3591 3437 3661 πρὸς
3462 3590 3608 3660 ἀρχὴν

2068 3676 2239 3741 δεξιὸν
2257 3672 2395 3729 εἶναι
2428 3676 2674 3746 νομίσας,
2696 3677 2788 3730 ἐπὶ
2815 3677 2905 3729 τὸν
2924 3677 3211 3747 βασιλικὶν
3239 3682 3404 3752 ἀνῆγε
3429 3683 3608 3752 θρόνον,

2065 3772 2164 3821 καὶ
2195 3769 2294 3839 τὴν
2323 3769 2587 3839 ἁλουργὸν
2637 3769 2840 3839 ἐσθῆτα
2885 3771 3079 3826 ἐδίδου.
3133 3774 3401 3828 Κάκεῖνον
3446 3776 3539 3846 μὲν
3562 3776 3610 3828 ὲν

2072 3862 2360 3933 Ταρακὸνῃ
2414 3861 2621 3930 διάγειν
2673 3862 2881 3915 είασενο
2916 3863 3076 3927 αὐτὸς
3140 3864 3201 3918 δὲ
3248 3867 3350 3930 τὰς
3385 3867 3612 3937 δυνάμεις

2072 3952 2360 4009 ἀναλαϐὼν
2384 3995 2402 4020 ,
2437 3954 2578 4008 κατὰ
2632 3955 3049 4008 Κωνσταντίνου
3096 3957 3317 4027 ἐχώρει.
3343 3960 3444 4013 Καὶ
3480 3959 3535 4026 δὴ
3559 3961 3610 4011 ἐκ

2074 4048 2308 4116 παρόδου
2365 4049 2432 4119 τῇ
2486 4046 2677 4118 Βιέννῃ
2732 4048 3048 4117 γενόμενος,
3109 4050 3190 4119 τῷ
3241 4051 3448 4105 ἐκείνου
3489 4051 3613 4105 παιδί

2075 4138 2391 4193 Κώνσταντι
2428 4138 2810 4209 παρεσκεύαζε
2845 4140 3095 4194 θάνατον.
3140 4140 3234 4206 Ὠς
3266 4143 3323 4197 δὲ
3354 4145 3612 4197 Κωνσταν-

2070 4234 2211 4292 τίνος
2241 4229 2312 4284 τὰ
2341 4231 2478 4283 κατά
2502 4230 2549 4282 Γ
2554 4231 2795 4298 ερόντιον
2825 4231 3185 4297 ἐπυνθάνετο,
3227 4236 3323 4288 τὸν
3351 4234 3444 4305 μὲν
3474 4251 3613 4304 στρα-

390 4325 730 4381 Ειιονίοὶιιιιη
772 4322 969 4377 ducem
1013 4336 1173 4375 suum
1203 4320 1271 4374 ad
1304 4320 1506 4374 auxilia
1538 4336 1603 4376 ex
1634 4321 1864 4377 Francis
1904 4335 1959 4376 et

2073 4322 2230 4393 τηγὸν
2280 4322 2489 4377 ἐκείνου
2555 4322 2829 4392 Ἐδόϐιχον
2866 4324 2924 4385 ἐς
2957 4324 3018 4376 τὸ
3078 4324 3260 4396 πέραν
3305 4327 3396 4379 τοῦ
3453 4323 3612 4395 Ῥήνου

386 4418 669 4473 Alamanis
729 4411 1103 4470 csintralienda
1150 4421 1303 4467 trans
1350 4412 1607 4466 Rhenum
1666 4413 1837 4468 misit.
1897 4416 1961 4467 Et

388 4509 659 4563 Viennam
690 4508 803 4562 lilio
831 4506 1141 4572 Constanti,
1175 4506 1421 4559 nonduin
1459 4504 1707 4559 Gcrontii
1742 4506 1961 4561 insidiis

386 4601 626 4664 sublato,
668 4599 994 4655 servandam
1030 4597 1328 4653 commisit.
1363 4596 1657 4653 Gerontius
1706 4600 1771 4653 ad
1824 4600 1959 4653 Arc-

387 4695 552 4750 latetn
583 4692 739 4747 duxit
763 4704 1026 4760 :eamque
1051 4689 1267 4755 urbem,
1291 4689 1381 4744 ubi
1414 4690 1808 4744 Constantinus
1835 4707 1961 4760 pro-

388 4789 551 4857 fugus
599 4795 742 4850 erat,
799 4782 1040 4838 obsedit.
1096 4782 1371 4837 llonorius
1421 4790 1603 4837 autem
1657 4784 1958 4838 exercitum

386 4878 666 4948 ingentem
706 4876 971 4931 adversus
1007 4874 1429 4931 Constantinum
1464 4885 1756 4946 tyrannum
1790 4878 1958 4941 misit,

387 4971 532 5025 duce
564 4968 908 5034 Constantio,
936 4983 1099 5038 quem
1138 4968 1345 5023 sororis
1371 4968 1492 5039 ejus
1515 4967 1680 5023 Galla:
1704 4954 1961 5023 Placidia:

386 5063 570 5115 \irum
601 5059 795 5124 fuisse,
824 5069 984 5114 antea
1017 5059 1260 5114 diximus
1290 5075 1304 5112 :
1342 5068 1508 5127 atque
1551 5058 1595 5112 is
1628 5068 1813 5127 postea
1850 5059 1959 5114 Va-

387 5150 758 5209 lentinianum
821 5148 1069 5212 tertium,
1128 5157 1183 5203 et
1240 5146 1537 5202 Honoriam
1589 5145 1754 5200 ﬁliam
1799 5161 1865 5201 ex
1895 5164 1957 5200 ea

386 5245 597 5316 genuit.
619 5241 787 5315 “8
813 5242 888 5296 Ea
917 5256 978 5294 re
1002 5240 1242 5295 ~territus
1267 5238 1589 5305 Gerontius,
1616 5254 1740 5293 cum
1769 5241 1959 5306 paucis

386 5338 645 5392 celeriter
670 5337 831 5407 fugit.
862 5333 1077 5405 Reliqui
1112 5341 1294 5387 autem
1333 5332 1534 5387 milites
1568 5334 1685 5402 ejus
1716 5332 1781 5387 ad
1813 5332 1962 5388 Cun-

384 5428 655 5482 stantium
699 5426 1058 5482 transierunt.
1096 5423 1320 5494 Hispani
1360 5422 1686 5479 Gerontium
1729 5434 1957 5492 propter

389 5520 632 5572 subitam
685 5520 864 5589 fugam
921 5518 1390 5573 contemnendum
1452 5531 1572 5571 esse
1640 5529 1955 5581 censentes,

2063 4416 2214 4484 ἀφίει
2263 4418 2584 4487 συμμαχίαν
2631 4417 2913 4484 συλλέγειν
2940 4458 2956 4484 ,
3017 4418 3083 4471 ἐκ
3132 4435 3193 4471 τε
3230 4421 3492 4488 Φράγγων
3538 4416 3613 4468 x11

2076 4509 2395 4580 ’Λλαμανῶν
2414 4526 2428 4541 ο
2455 4509 2523 4562 τά
2554 4509 2610 4563 δὲ
2629 4510 2761 4582 περὶ
2795 4510 3047 4574 Βιένναν,
3071 4509 3149 4581 τῷ
3172 4512 3333 4564 παιδὶ
3364 4510 3614 4564 Κωνσταν-

2062 4599 2184 4669 τεῳ,
2218 4602 2388 4670 μήπω
2413 4601 2476 4653 ἐκ
2506 4600 2606 4669 τῆς
2644 4602 2923 4667 συσκευῆς
2944 4601 3239 4671 Γεροντίου
3272 4602 3497 4662 θανόντι,
3534 4616 3614 4667 ςιν-

2063 4692 2281 4744 λάπτειν
2309 4692 2547 4761 ἀφῆκεν.
2593 4693 2651 4745 ’0
2688 4692 2790 4763 μὲν
2843 4692 2936 4745 οὖν
2966 4693 3257 4764 Γερόντιος
3303 4695 3496 4756 ἐλάσας
3538 4691 3615 4742 ἐπὶ

2064 4782 2160 4853 τὴν
2221 4782 2560 4854 Ἀριήλατον,
2620 4783 2934 4853 ἐπολιόρκει
2966 4783 3064 4854 τὴν
3098 4785 3282 4849 πόλιν,
3329 4780 3394 4856 ἧς
3422 4783 3555 4837 ἔνδον
3592 4783 3615 4833 δ

2067 4876 2478 4939 Κωνσταντῑνος
2538 4876 2716 4945 φυγάς
2767 4872 2854 4947 ἦν.
2897 4877 2957 4930 '0
2990 4877 3035 4952 δ’
3082 4876 3349 4947 Ὀνώριος
3392 4877 3617 4946 στρατιὰν

2066 4966 2364 5036 ἀξιόμαχον
2414 4969 2633 5039 πέμψας
2680 4970 2825 5022 κατὰ
2865 4969 2962 5022 τοῦ
2997 4970 3271 5037 τυράννου
3309 4968 3618 5022 Κωνσταντίο

2064 5073 2179 5122 νου,
2209 5052 2275 5129 ἧς
2294 5059 2482 5128 ἡγεῖτο
2512 5058 2893 5122 Κωνστάντιος
2912 5075 2925 5090 ·
2962 5058 3021 5112 δν
3067 5060 3384 5126 φθάσαντες
3421 5062 3618 5125 εἴπομεν

2064 5148 2318 5218 γαμϐρὸν
2361 5150 2456 5203 ἐπὶ
2478 5149 2653 5221 rem
2684 5150 2946 5220 Πλακιδίᾳ
2984 5151 3234 5220 Ὀνωρίῳ
3267 5150 3547 5219 γενέσθαι,
3569 5145 3617 5208 ὃς

2065 5244 2158 5294 καὶ
2193 5241 2638 5296 Οὐαλεντινιανδν
2671 5244 2763 5296 τὸν
2785 5245 2970 5315 τρίτον
3015 5244 3207 5311 ἐγέννα
3249 5244 3348 5298 καὶ
3374 5241 3619 5310 θυγατέρα

2081 5331 2344 5403 ὐνωρίειν
2371 5349 2385 5363 ⁸
2410 5334 2759 5405 διαθροηθεὶς
2798 5338 2826 5389 ὀ
2856 5334 3161 5404 Γερόντιος,
3186 5336 3497 5403 ἀνακράτος
3522 5327 3618 5398 μετ’

2065 5423 2263 5487 ὀλίγων
2294 5423 2516 5494 ἔφευγε,
2541 5426 2649 5479 τῶν
2672 5427 2853 5481 ἀλλων
2889 5427 3242 5497 στρατιωτῶν
3269 5424 3441 5477 αὑτοῦ
3476 5436 3622 5490 προσ-

2068 5518 2308 5584 ρυιέντων
2337 5517 2413 5587 τῷ
2442 5519 2830 5590 Κωνσταντίῳ.
2865 5520 2927 5572 0!
2952 5520 3006 5571 δὲ
3031 5519 3273 5572 Ἱσπανοὶ
3303 5511 3619 5583 εὐκαταφρό·

458 5698 537 5763 (ι)
572 5693 828 5771 fortasse
858 5697 945 5751 hic
980 5695 1182 5753 rectius
1206 5696 1421 5767 legatur
1457 5696 1763 5765 Alarichus,
1798 5699 1950 5754 urbis
1991 5699 2147 5755 Rom.
2176 5706 2537 5771 expugnator.
