3898 6192
322 352 464 417 1073

1241 351 1838 412 ΕΟΩιΕΞΙΑδΤΙΟΕ
1879 355 2265 414 ΠῙΞΤΟΗΙΙΕ
2303 354 2453 415 LIB.
2490 354 2641 415 XIV.

3422 304 3562 407 luit

317 486 478 539 νητον
499 472 568 543 τῇ
596 468 771 539 ἀθρόᾳ
820 469 975 536 φυγῇ
1001 465 1230 532 δόξαντα
1263 464 1354 518 τὸν
1395 465 1701 533 Γερόντιιν,
1735 462 1884 519 diva".-

1987 467 2279 521 consilium
2311 467 2432 537 eius
2464 462 2767 519 occidendi.
2801 468 3069 532 ceperunt
3113 478 3125 513 :
3166 469 3221 515 et
3253 470 3416 513 noctu
3457 460 3559 513 ho-

321 564 432 632 ρεῖν
457 558 875 613 ἐϐουλεύσαντο.
925 556 1158 623 Νύκτωρ
1210 555 1267 608 δὲ
1324 557 1391 624 τῇ
1438 559 1733 627 καταγωγῇ
1778 558 1894 609 ἐπι-

319 650 562 712 στάντες,
598 651 712 711 τοῖς
745 647 931 707 ὅπλοις
967 645 1167 708 ίκανῶς
1220 647 1620 715 πεφραγμένοι,
1684 647 1892 699 ἀνελεῖν

317 743 655 810 ἐπεχείρουν.
688 740 971 807 Γερόντιος
1001 739 1057 791 δέ
1090 736 1213 806 μεθ’
1244 737 1361 799 ἑνὸς
1405 736 1631 789 Ἀλανοῦ
1665 737 1757 790 καί
1782 756 1892 793 τισι

314 834 425 884 τῶν
455 831 782 901 ἐπιτηδείων
813 831 954 898 ὑπὲρ
1004 830 1204 897 στέγης
1237 829 1544 897 γενόμενοι,
1581 829 1679 897 οὐχ
1730 823 1892 899 ἦττον

317 920 350 989 ἢ
379 920 725 989 τριακοσίους
752 919 861 970 τῶν
884 919 1248 987 ἐπικειμένων
1276 916 1486 971 ἀνεῖλον
1521 918 1887 985 στρατιωτῶν.

328 1011 483 1062 Ἐπεὶ
507 1011 561 1063 δὲ
592 1011 659 1061 τά
683 1011 810 1079 βέλη
835 1009 1222 1063 ἐπιλελοιπότα
1247 1012 1487 1070 ἐκείνους
1517 1003 1679 1079 ἦσαν,
1713 1010 1762 1060 oi
1792 1010 1892 1077 μὲν

314 1100 526 1150 οἰκέται
555 1099 783 1167 δρασμῷ
810 1101 1136 1167 ἐχρήσαντο,
1191 1100 1367 1170 λάθρα
1394 1100 1652 1162 καθέντες
1679 1099 1767 1152 διὰ
1797 1100 1890 1152 τοῦ

314 1191 468 1242 οῖκου
493 1191 729 1252 αὐτούς’
763 1189 900 1243 ἀλλὰ
930 1192 1025 1243 καὶ
1040 1191 1319 1261 Γερόντιος
1346 1191 1542 1258 ἐπίσης
1561 1190 1891 1259 διασωθῆναι

317 1279 456 1346 πρὸς
512 1282 697 1350 ἰσχύος
747 1280 908 1351 11ἔχων,
968 1283 1240 1335 ἀπείπατο
1291 1281 1454 1351 ἔρωτι
1490 1283 1891 1351 συνεσχημένος

313 1369 622 1440 Νουνυχίας
647 1373 743 1440 τῆς
786 1374 1056 1442 γαμετῆς.
1082 1374 1235 1442 ’Ᾱμα
1283 1372 1329 1425 δ’
1376 1373 1473 1442 ἕῳ,
1515 1375 1625 1443 πῦρ
1647 1373 1891 1427 κάτωθεν

315 1462 650 1530 ὕφαψάντων
687 1462 797 1515 τῶν
823 1463 1152 1525 ἐπιϐούλων,
1203 1462 1325 1515 ἐπεὶ
1378 1464 1656 1534 σωτηρίας
1694 1466 1889 1535 ἐκείνῳ

314 1549 472 1612 ἐλπὶς
497 1551 749 1621 οὐδαμῶς
775 1552 1126 1616 ὑπελείπετο,
1164 1553 1382 1622 πρῶτον
1436 1553 1539 1623 μὲν
1573 1554 1667 1607 τοῦ
1700 1558 1892 1608 συνόν-

312 1656 405 1701 τος
433 1640 582 1711 αύτῷ
623 1641 848 1696 Ἀλανοῦ
883 1643 981 1713 τὴν
997 1643 1240 1713 κεφαλὴν
1267 1645 1584 1713 ἀφαιρεῖται
1606 1646 1708 1698 οὐκ
1735 1644 1891 1698 ἄκον-

313 1749 407 1793 τος
434 1749 448 1763 ·
480 1731 673 1786 ἔπειτα
697 1734 792 1786 καὶ
824 1733 922 1803 τῆς
952 1734 1227 1803 γαμετῆς,
1260 1734 1430 1803 αὐτῆς
1458 1734 1677 1805 ἐκείνης
1696 1734 1889 1804 ὀλοφυο

317 1824 555 1893 ρομὲνης
576 1825 670 1877 καὶ
697 1825 930 1894 δάκρυσι
954 1824 1351 1894 προσωθούσης
1383 1825 1582 1895 ἑαυτὴν
1615 1825 1693 1896 τῷ
1720 1826 1886 1893 ξίφει,

312 1915 580 1984 δεομᾶνης
622 1933 679 1969 τε
708 1918 839 1985 πρὶν
867 1915 972 1969 ὑπὸ
1001 1917 1191 1986 χερσὶν
1212 1916 1389 1970 ἄλλων
1414 1916 1696 1983 γενέσθαι,
1729 1918 1887 1970 τοῦτο

314 2006 547 2060 ὕστατον
595 2007 766 2076 δῶρον
791 2007 1097 2078 λήψεσθαι,
1130 2007 1237 2061 ὑπὸ
1268 2007 1346 2076 τῷ
1403 2007 1548 2076 ξίφει
1577 2007 1756 2062 θανεῖν
1794 2008 1885 2062 τοῦ

312 2099 531 2169 ἀνδρός.
572 2097 640 2151 Ἥ
691 2101 793 2169 μὲν
822 2095 914 2152 οὖν
940 2100 1066 2164 ἄξια
1110 2099 1211 2169 τῆς
1246 2098 1545 2170 θρησκείας
1575 2102 1888 2171 πράττουσα

314 2186 642 2256 (Χριστιανὴ
693 2188 804 2258 γὰρ
853 2184 966 2257 ἦν),
1003 2189 1234 2260 ἀνδρείῳ
1263 2189 1445 2259 ψυχῆς
1497 2194 1886 2262 παραστήματι

312 2277 489 2339 οὕτως
516 2279 784 2350 ἀνῄρηται
808 2319 823 2343 ,
857 2280 1145 2348 κρείττονα
1200 2281 1370 2353 λήθης
1415 2282 1514 2353 τὴν
1546 2284 1673 2354 περὶ
1723 2285 1887 2353 αὐτῆς

315 2371 542 2439 μνήμην
587 2370 665 2440 τῷ
691 2370 791 2441 βίῳ
841 2372 1220 2425 καταλιποῦσα
1241 2389 1256 2404 ο
1290 2371 1529 2427 ὕστατον
1573 2373 1631 2427 δὲ
1666 2376 1758 2427 καὶ
1787 2376 1887 2427 Γε-

314 2463 550 2533 ρόντιος,
578 2462 761 2531 τρίτον
793 2445 971 2532 ἐαυτῷ
998 2463 1058 2516 τὸ
1085 2463 1241 2531 ξίφος
1262 2464 1630 2534 κατενεγκὼν,
1663 2467 1784 2522 ἐπεὶ
1816 2470 1887 2537 μὴ

313 2556 549 2623 καιρίως
577 2554 911 2622 καθήπτετο,
933 2555 993 2607 τὸ
1017 2557 1166 2625 παρά
1198 2557 1291 2608 τὸν
1317 2558 1489 2625 μηρίιν
1515 2558 1890 2629 ἐξηρτημένον

314 2643 549 2710 ξιφίδιον
606 2648 984 2715 σπασάμενος,
1034 2648 1178 2700 κατά
1214 2648 1315 2719 τῆς
1365 2649 1593 2719 καρδίας
1645 2652 1886 2703 ἐλαύνει.

327 2737 469 2790 Ἀλλ’
488 2737 628 2792 οὕτω
656 2739 753 2808 μὲν
776 2740 869 2793 καὶ
904 2741 1183 2810 Γερόντιος
1229 2742 1461 2795 άπεόίω.
1503 2742 1616 2811 Τῆς
1643 2742 1686 2794 δ’
1726 2742 1890 2799 '0th-

318 2830 437 2898 ρίου
463 2833 745 2899 στρατιᾶς,
770 2826 837 2901 ἦς
866 2833 1254 2886 Κωνστάντιον
1282 2833 1537 2903 ἡγεῖσθαι
1552 2833 1890 2903 δηλώσαντες

313 2922 537 2991 ἔχομεν,
581 2922 1056 2993 παρακαθημένης
1088 2923 1181 2976 τὸν
1214 2925 1642 2989 Κωνσταντῖνον,
1681 2926 1887 2989 ἐκεῖνος

315 3013 419 3082 μὲν
448 3014 683 3081 ἐπέμενε
716 3017 777 3083 τῇ
804 3015 1112 3085 πολιορκίᾳ,
1172 3015 1447 3085 Ἐδύϐιχον
1480 3015 1541 3068 δν
1574 3017 1887 3088 ἐπεπόμφει

1995 556 2160 626 spitio
2215 556 2337 625 ejus
2390 553 2768 616 imminentes,
2805 568 2927 606 eum
2964 552 3133 605 armis
3182 552 3320 604 satis
3366 552 3557 604 muniti

1992 655 2195 710 essent,
2227 647 2537 701 interficere
2572 662 2697 699 eum
2735 644 3228 714 suntaggressi.At
3263 643 3561 698 Gerontius

1992 748 2047 791 et
2074 738 2276 792 Alanus
2308 753 2472 800 unus,
2502 752 2628 791 cum
2663 735 2993 805 quibusdam
3028 735 3176 789 illius
3209 734 3557 796 necessariis,

1996 838 2196 883 tectum
2233 830 2353 900 ejus
2387 828 2589 883 domus
2623 827 3086 890 conscendentes,
3126 840 3236 881 non
3275 825 3564 893 pauciores

1994 936 2157 989 quam
2191 930 2472 974 trecentos
2515 921 2733 988 quieos
2776 917 3190 987 Oppugnabant,
3241 915 3567 970 interfecere

1994 1012 2219 1066 milites.
2251 1013 2431 1081 Atque
2458 1011 2549 1065 ubi
2588 1011 2693 1065 tela
2733 1010 2814 1064 eis
2844 1008 3091 1071 defuere,
3126 1008 3311 1062 famuli
3346 1008 3565 1076 quidem

1992 1101 2128 1155 clam
2171 1116 2228 1155 se
2265 1117 2329 1155 ex
2359 1101 2572 1155 :edibus
2606 1101 2986 1164 demittentes,
3018 1099 3071 1152 in
3107 1100 3273 1168 pedes
3308 1101 3565 1164 coniece-

1992 1199 2140 1244 runt.
2174 1189 2473 1245 Gerontius
2504 1202 2686 1243 autem
2722 1204 2848 1243 cum
2886 1199 2942 1242 et
2975 1190 3093 1258 ipse
3143 1187 3332 1242 itidem
3382 1189 3569 1242 salvus

1991 1282 2225 1334 evadere
2284 1290 2508 1350 posset,
2561 1281 2743 1335 facere
2792 1281 2848 1335 id
2913 1280 3217 1341 recusavit,
3268 1278 3569 1348 Νυηγςιιίιυ

1991 1370 2240 1441 conjugis
2272 1386 2461 1425 amore
2498 1370 2824 1425 obstrictus.
2857 1368 2995 1425 Cum
3033 1370 3151 1439 ipso
3193 1377 3376 1421 autem
3428 1369 3569 1422 dilu-

1989 1460 2134 1524 culo,
2159 1460 2347 1515 hostes
2372 1461 2595 1516 domum
2627 1461 2682 1515 in
2708 1461 2955 1516 inferiori
2981 1469 3137 1530 parte
3164 1458 3555 1513 incenderunt.

1989 1548 2057 1602 Et
2089 1566 2213 1605 cum
2241 1550 2504 1606 Gerontio
2547 1552 2695 1606 nulla
2742 1552 2940 1607 salutis
2989 1566 3117 1620 spes
3154 1550 3367 1619 reliqua
3400 1561 3568 1613 esset,

1989 1640 2231 1709 primum
2264 1641 2355 1696 ille
2390 1642 2554 1696 Alani
2599 1651 2765 1711 caput
2810 1658 2919 1695 non
2957 1641 3226 1696 illiberalis
3280 1641 3518 1695 reseeuit
3554 1659 3563 1691 :

1990 1731 2191 1786 deinde
2223 1741 2280 1787 et
2308 1734 2535 1798 uxoris;
2570 1748 2694 1787 cum
2731 1734 2817 1788 illa
2850 1734 3269 1796 lamentaretur,
3308 1741 3363 1797 et
3396 1732 3572 1801 lacry-

1992 1835 2144 1876 mans
2172 1837 2233 1876 se
2262 1822 2409 1878 ferro
2448 1825 2790 1888 admoveret,
2828 1834 3289 1894 precareturque,
3322 1831 3381 1878 ut
3417 1824 3571 1893 prius

1989 1922 2296 1965 extremum
2358 1914 2463 1967 hoc
2513 1929 2713 1970 munus
2764 1931 2794 1969 a
2851 1915 3051 1969 marito
3100 1914 3291 1974 ferret.
3340 1916 3570 1985 ejusque

1989 2001 2172 2069 gladio
2207 2004 2492 2067 interiret,
2543 2022 2708 2075 quam
2760 2007 2816 2061 in
2852 2008 3085 2062 aliorum
3120 2007 3441 2077 perveniret
3475 2022 3570 2076 po-

1993 2103 2265 2147 testatcm.
2291 2098 2468 2166 Atque
2509 2097 2599 2152 illa
2638 2098 2858 2169 dignam
2889 2115 2947 2155 se
2979 2102 3247 2171 religione
3281 2114 3380 2154 sua
3413 2099 3571 2152 exhi—

1990 2184 2129 2238 bens
2160 2186 2495 2255 (Christiana
2529 2189 2677 2243 enim
2718 2193 2880 2259 erat),
2921 2193 3063 2245 virili
3117 2206 3352 2262 prorsus
3397 2191 3566 2244 animi

1991 2273 2272 2340 instituto,
2302 2277 2378 2331 ita
2415 2278 2582 2332 vitam
2624 2280 2769 2334 finiit
2806 2296 2822 2336 :
2858 2282 3285 2351 pra-clariorem,
3317 2295 3483 2350 quam
3511 2290 3571 2334 ut

1964 2367 2269 2422 ‘ohlivione
2337 2371 2511 2439 premi
2568 2372 2766 2440 possit,
2821 2374 3141 2426 memoriam
3197 2374 3263 2425 ad
3318 2379 3570 2440 posteros

1993 2461 2395 2515 transmittens.
2445 2461 2734 2517 Postremo
2775 2479 2905 2519 vero
2942 2464 3264 2527 Gerontius,
3299 2481 3424 2520 cum
3459 2479 3570 2522 ter-

1993 2554 2070 2609 tio
2101 2554 2211 2609 sibi
2243 2556 2347 2625 ipsi
2382 2557 2589 2612 ferrum
2638 2559 2936 2629 adegisset,
2984 2576 3089 2615 nec
3121 2562 3327 2617 lcthale
3363 2563 3566 2617 vulnus

1991 2644 2304 2711 inllixisset,
2351 2663 2515 2718 quem
2562 2665 2629 2705 ex
2681 2650 2891 2707 femore
2937 2667 3266 2721 suspensum
3305 2655 3564 2725 habebat,

1988 2738 2231 2803 pugione
2270 2738 2487 2805 stricto,
2520 2754 2619 2794 cor
2663 2742 3108 2797 convulneravit.
3148 2742 3211 2798 Et
3243 2745 3326 2800 sic
3354 2746 3564 2803 Geron-

1993 2827 2102 2880 tius
2141 2843 2363 2900 quoque
2410 2832 2650 2887 interiit.
2688 2832 2983 2888 Enimvero
3015 2834 3244 2890 llonorii
3286 2840 3563 2905 exercito,

1990 2916 2080 2969 cui
2118 2915 2500 2973 Constantium
2541 2921 2827 2990 prmfuisse
2869 2924 3253 2987 indicavimus,
3291 2926 3569 2981 Constan-

1993 3009 2170 3063 tinum
2222 3011 2701 3076 eircumvallante,
2742 3013 2837 3068 ille
2882 3015 3228 3069 obsidionem
3279 3018 3565 3083 sustinuit,

313 3104 493 3172 πέραν
527 3103 722 3173 Ῥήνου
778 3105 917 3173 πρός
967 3122 1027 3157 τε
1079 3106 1346 3175 Φράγγων
1400 3108 1493 3159 καὶ
1565 3108 1884 3178 Ἀλαμανῶν

1992 3101 2367 3169 Edovichum,
2410 3119 2575 3173 quem
2618 3106 2763 3161 ultra
2808 3107 3063 3160 Rhenum
3109 3108 3174 3161 ad
3217 3108 3461 3165 Francos
3510 3122 3566 3167 et

314 3195 631 3266 συμμαχίαν
657 3196 1104 3265 ἐκδεχόμενος.·0
1129 3196 1192 3264 δὴ
1208 3196 1483 3261 δείσαντες
1507 3200 1555 3251 ol
1579 3215 1645 3251 πε
1653 3202 1707 3270 ρὶ
1736 3202 1890 3255 Κων-

312 3287 585 3352 στάντιον,
616 3286 961 3341 ἐϐουλεύοντο
991 3289 1071 3350 είς
1087 3287 1315 3342 Ἰταλίαν
1344 3292 1675 3361 ἀναχωρεῖν,
1698 3294 1889 3346 κάκεῖ-

312 3391 375 3427 σε
416 3374 672 3443 Ἐδοὸίχῳ
722 3375 1092 3443 συμϐάλλειν
1147 3375 1308 3429 τοῦτο
1363 3377 1542 3443 δόξαν,
1605 3380 1731 3432 ἐπεὶ
1794 3382 1886 3432 καὶ

312 3463 540 3533 πλησίον
569 3463 1090 3531 στρατοπεδεύεσθαι
1118 3465 1208 3520 τὸν
1250 3465 1522 3537 Ἐδόόιχον
1552 3470 1886 3523 ἐπυνθάνονο

308 3571 397 3619 το,
425 3555 833 3623 διεπεραιοῦντο
855 3556 949 3609 τὸν
984 3554 1255 3611 Ῥοδανόν.
1288 3557 1443 3611 Καὶό
1468 3560 1568 3628 μὲν
1594 3561 1885 3616 Κωνστάνο

311 3663 426 3706 τιος
453 3649 578 3700 ὅσον
621 3648 784 3712 πεζὸν
831 3647 1118 3701 ἀναλασὼν
1156 3649 1249 3702 τοῦ
1287 3651 1725 3721 στρατεύματος,
1756 3657 1883 3716 τοὺς

313 3735 608 3804 πολεμίους
629 3738 918 3805 ἐνήδρευεν
939 3753 956 3771 ο
987 3737 1261 3806 Οὐλφίλας
1289 3738 1345 3792 δὲ
1376 3741 1405 3791 ὁ
1451 3742 1757 3809 στρατηγὸς
1786 3743 1884 3810 τὴν

314 3824 481 3876 ἵππον
516 3827 1022 3896 προσεπαγόμενος,
1052 3829 1115 3881 ού
1152 3828 1295 3880 πάνυ
1337 3830 1526 3900 πόρρω
1552 3829 1712 3898 λόγον
1742 3833 1885 3883 ἐκεί-

309 3932 426 3977 νοις
455 3918 686 3968 καθίστα
720 3919 1119 3987 κρυπτόμενος.
1163 3920 1318 3973 Ἐπεὶ
1353 3920 1400 3973 δ’
1427 3922 1476 3974 οι
1508 3922 1758 3990 πολέμιοι
1789 3926 1884 3977 λα·-

309 4002 474 4053 θόντα
533 4003 805 4070 Οὑλφίλαν
860 4007 1247 4074 παρήμειψαν,
1302 4008 1398 4060 καὶ
1429 4008 1532 4078 ήδη
1590 4012 1669 4071 είς
1702 4012 1882 4081 μάχην

310 4094 453 4144 ἰέναι
500 4099 611 4151 τοῖς
638 4098 782 4162 ἀμφὶ
815 4097 908 4147 τὸν
962 4098 1341 4171 Κωνστάντιον
1374 4099 1621 4168 ἔμελλον,
1646 4106 1878 4171 σημείου

305 4183 577 4246 δοθέντος,
606 4186 877 4253 Ούλφίλας
916 4166 1109 4256 ἀθρύον
1161 4166 1484 4258 ἀναφανεῖς,
1535 4195 1677 4245 κατὰ

304 4275 421 4324 τῶν
446 4275 721 4342 πολεμίων
762 4277 983 4346 ηλαυνε.
1016 4279 1238 4350 Τροπῆς
1263 4282 1321 4334 δὲ
1354 4283 1674 4353 γενομένης.
1704 4286 1756 4339 οἱ
1779 4286 1878 4354 μὲν

305 4364 564 4432 ἔφευγον,
596 4369 645 4418 οἱ
678 4366 722 4419 δ’
755 4369 1090 4439 ἀνῃροῦντο·
1125 4372 1175 4424 οι
1206 4372 1265 4425 δὲ
1314 4373 1386 4427 τὰ
1427 4374 1567 4427 ὅπλα
1599 4375 1874 4445 ῥίψαντες,

1993 3192 2292 3248 Alamanos
2337 3196 2637 3251 auxiliares
2683 3197 3041 3251 adducendus
3093 3199 3337 3265 miserat,
3371 3216 3569 3269 exspe—

1993 3294 2172 3337 ctans.
2216 3285 2377 3350 Quod
2408 3288 2620 3343 veritus
2653 3286 3029 3353 Constantius,
3066 3296 3418 3346 retrocedere
3456 3293 3566 3346 Ita-

1990 3376 2122 3430 liam
2175 3392 2405 3445 versus,
2464 3380 2652 3449 ibique
2730 3382 3031 3452 conﬂigere
3098 3399 3221 3436 cum
3287 3384 3567 3439 Edovicho

1992 3474 2185 3526 voluit.
2229 3473 2397 3541 quue
2448 3474 2523 3526 ita
2566 3473 2877 3535 constituit,
2930 3474 3105 3541 quod'
3139 3474 3191 3527 in
3249 3477 3565 3544 propinquo

1992 3560 2338 3615 Edovichum
2373 3570 2551 3616 castra
2597 3562 2808 3617 habere
2853 3564 3163 3616 audiverat.
3201 3565 3389 3633 Itaque
3439 3582 3563 3619 eum

1990 3652 2165 3721 copiis
2209 3653 2539 3708 Rhodanum
2593 3654 2832 3710 transiit.
2885 3652 2952 3709 Et
2999 3656 3118 3724 ipse
3166 3659 3391 3726 quidem
3439 3672 3563 3711 cum

1991 3745 2239 3814 peditatu
2278 3747 2431 3799 omni
2482 3746 2739 3801 hostibus
2764 3748 2996 3801 exitium
3031 3748 3259 3803 molitus
3304 3758 3387 3803 cst
3416 3766 3428 3803 :
3463 3764 3564 3803 nec

1990 3836 2173 3889 minus
2208 3836 2460 3906 Ulphilas
2496 3839 2748 3908 equitum
2793 3841 3108 3906 praefectus,
3143 3856 3250 3893 non
3300 3841 3460 3909 longe
3495 3841 3564 3894 ab

1987 3927 2071 3981 eis
2112 3927 2234 3982 loco
2262 3927 2375 3982 alio
2404 3929 2545 3982 clam
2594 3929 2649 3982 in
2690 3929 2911 3984 insidiis
2939 3930 3211 3984 constitit.
3263 3930 3560 4000 Postquam

1987 4027 2171 4073 autem
2207 4019 2393 4085 hostes
2424 4019 2697 4088 Ulphilam
2738 4020 2899 4075 inscii
2950 4021 3328 4090 prtetergressi
3385 4030 3558 4086 sunt,

1985 4110 2152 4182 449
2185 4121 2238 4166 et
2265 4113 2375 4182 jam
2409 4126 2647 4183 pugnam
2686 4112 2827 4168 inire
2857 4129 2980 4168 cum
3020 4112 3351 4169 Constantio
3385 4114 3559 4167 debe-

1987 4209 2130 4267 rent,
2160 4201 2318 4272 siguo
2348 4202 2477 4257 dato
2509 4204 2603 4258 ille
2641 4203 2827 4258 subito
2862 4219 2922 4259 se
2963 4204 3230 4270 ostendit,
3273 4216 3331 4261 et
3371 4205 3561 4260 hostes

1985 4308 2016 4346 a
2049 4303 2199 4365 tergo
2225 4310 2515 4365 aggressus
2544 4305 2650 4351 est.
2680 4296 2985 4353 Ordinibus
3013 4310 3148 4368 ergo
3181 4298 3433 4361 turbatis,
3464 4298 3560 4354 alii

1985 4400 2043 4440 se
2096 4387 2149 4440 in
2203 4387 2373 4457 pedes
2420 4390 2713 4454 dederunt,
2770 4392 3022 4447 nonnulli
3071 4392 3336 4448 trucidati
3381 4403 3559 4448 sunt:

307 4458 642 4526 συγγνώμην
672 4459 853 4528 ᾔτουν,
878 4465 971 4513 καὶ
997 4463 1214 4529 φειδοῦς
1243 4464 1319 4527 ὡς
1349 4465 1582 4535 τάχιστα
1608 4467 1877 4538 ἠξιοῦντο.

1988 4480 2207 4547 quidam
2245 4482 2478 4552 abiectis
2526 4488 2698 4539 annis
2740 4487 2958 4540 veniam
2991 4488 3218 4556 petiere,
3256 4486 3363 4556 qui
3392 4488 3558 4541 etiam

317 4548 589 4619 Ἐδόὁιχος
616 4550 663 4601 δ’
678 4551 884 4615 ἀναϐὰς
915 4553 1006 4605 τὸν
1036 4555 1224 4617 ῖππον,
1246 4553 1339 4607 ἀπ’
1363 4558 1533 4627 ἀγρόν
1566 4576 1688 4614 τινα
1717 4560 1880 4630 ἠλαυ-

302 4658 395 4692 νεν
437 4642 709 4696 Ἐκδ;κίου
738 4646 907 4721 τινὸς,
940 4648 1095 4714 φίλου
1119 4649 1220 4717 μὲν
1252 4649 1417 4721 αὐτῷ
1438 4654 1489 4705 oi
1522 4654 1692 4708 πάλαι
1714 4656 1878 4710 καθε-

303 4735 597 4800 στηκότος,
629 4737 803 4790 πολλά
835 4738 883 4789 δ’
906 4740 1384 4810 εὐεργετηθέντας.
1441 4743 1500 4798 '0
1531 4746 1588 4799 δὲ
1611 4743 1698 4800 οἷα
1725 4749 1878 4816 φίλον

298 4826 622 4893 δεξάμενος,
656 4828 872 4898 νύκτωρ
902 4830 1002 4901 τὴν
1051 4832 1263 4885 ἐκείνου
1303 4835 1552 4906 κεφαλὴν
1606 4839 1877 4910 ἐκτεμὼν,

298 4922 420 4982 τοῖς
458 4921 584 4989 περὶ
634 4924 1015 4977 Κωνστάντιον
1041 4927 1312 4996 προσῆγε,
1369 4932 1582 5000 μεγάλα
1617 4933 1878 5004 λήψεσθαι

303 5013 647 5080 προσδοκῶν.
706 5017 1096 5082 Κωνστάντιος
1157 5020 1216 5072 δὲ
1249 5022 1408 5092 χάριν
1460 5024 1628 5077 εἰπὼν
1679 5028 1877 5081 ειδέναι

303 5100 506 5168 ἐκείνῳ
524 5102 622 5166 τῆς
655 5104 924 5170 πράξεως,
959 5104 1057 5174 τὴν
1092 5108 1343 5179 κεφαλὴν
1364 5109 1665 5179 ἐλάμϐανε.
1698 5115 1880 5168 Συνεϊ-

303 5208 396 5241 ναι
414 5189 460 5240 δ’
490 5191 719 5256 ἐκείνοις
748 5197 1064 5264 ἐπιχειρῶν,
1085 5200 1388 5270 ἀναχωρεῖν
1428 5201 1721 5258 ἐκελεύετο
1748 5221 1764 5237 ο
1803 5207 1879 5274 μὴ

301 5282 417 5349 γὰρ
441 5282 651 5353 ἀγαθὴν
676 5281 815 5338 εἷναι
853 5287 1003 5356 αὐτῷ
1032 5305 1091 5341 τε
1147 5292 1241 5344 καὶ
1275 5295 1505 5364 στρατιᾷ
1542 5297 1880 5367 ήγησαμένῳ

301 5373 479 5425 κακοῦ
511 5372 786 5445 ξενοδόχου
821 5379 912 5448 τὴν
945 5381 1248 5437 συνουσίαν.
1263 5383 1324 5438 '0
1361 5386 1461 5455 μὲν
1491 5382 1584 5440 οὖν
1616 5389 1705 5441 ἐπ’
1726 5390 1881 5462 ἀνδρὶ

304 5469 447 5534 ξένῳ
487 5470 582 5521 καὶ
613 5472 750 5541 φίλῳ
781 5473 1183 5543 δυσπραγοῦντι
1211 5478 1404 5531 ἀνόσια
1456 5479 1685 5549 δράσας,
1714 5482 1878 5547 λύκος

302 5555 484 5628 ὤφθη,
513 5561 575 5611 τὸ
600 5561 693 5614 τοῦ
721 5562 904 5631 λόγου,
939 5565 1119 5634 χανὼν
1164 5569 1244 5630 είς
1286 5570 1467 5625 κενόν.
1518 5572 1670 5624 Μετά
1695 5573 1754 5625 δὲ
1782 5573 1881 5646 τὴν

303 5648 468 5719 νίκην
498 5652 588 5704 ἐπὶ
628 5654 726 5723 τὴν
777 5654 935 5709 πόλιν
963 5652 1120 5720 αὖθις
1153 5657 1247 5710 τοῦ
1271 5659 1507 5729 στρατοῦ
1550 5660 1880 5733 διαπεραιω-

310 5742 519 5809 θέντος,
542 5747 610 5797 τὰ
632 5748 915 5818 συμϐάντα
942 5750 1197 5821 Ἐδοϐίχῳ
1230 5751 1417 5821 μαθὼν
1449 5753 1874 5822 Κωνσταντῖνος,

1981 4572 2391 4641 quamprimum
2425 4575 2480 4628 in
2526 4576 2755 4645 gratiam
2803 4586 2935 4632 sunt
2981 4578 3211 4646 recepti.
3246 4577 3562 4632 Edovichus

1981 4670 2166 4717 autem
2195 4679 2343 4734 equo
2376 4681 2703 4733 conscenso,
2731 4667 2784 4721 in
2814 4682 3002 4737 agrum
3035 4666 3557 4738 Ecdiciicujusdam

1982 4756 2185 4810 veteris
2216 4757 2400 4820 amici,
2425 4758 2521 4826 qui
2557 4760 2727 4813 multa
2756 4760 2823 4812 ab
2849 4774 2916 4814 eo
2943 4769 3233 4830 acceperat
3265 4760 3555 4819 beneficia.

1983 4848 2255 4916 pervenit.
2289 4848 2357 4902 Et
2388 4849 2479 4902 ille
2512 4850 2738 4919 quidem
2777 4861 2836 4905 ut
2866 4853 3107 4907 amicum
3137 4868 3267 4907 eum
3306 4854 3551 4920 excepit.

1979 4935 2158 4990 Noctu
2191 4945 2373 4990 autem
2403 4940 2584 5008 capite
2615 4942 2666 4995 ei
2696 4950 3006 5011 amputato,
3053 4942 3123 4997 ad
3163 4943 3554 4998 Constantiqu

1984 5028 2060 5089 id,
2093 5044 2285 5098 magna
2316 5043 2376 5083 se
2413 5045 2511 5099 pro
2544 5046 2613 5085 eo
2643 5048 2874 5088 munera
2907 5042 3267 5104 accepturum
3302 5050 3556 5103 sperans,

1983 5119 2231 5187 pertulit.
2282 5119 2638 5178 Constantius
2691 5126 2898 5195 gratias
2948 5128 3158 5184 hemini
3207 5129 3274 5185 de
3314 5131 3559 5185 facinore

1980 5223 2049 5262 eo
2073 5210 2204 5278 egit,
2239 5221 2297 5266 et
2325 5223 2493 5282 caput
2537 5217 2768 5286 recepit.
2819 5219 2957 5274 Cum
3004 5236 3133 5276 vero
3171 5237 3394 5277 manere
3428 5239 3552 5275 cum

1980 5299 2063 5353 eis
2090 5299 2182 5354 ille
2222 5312 2542 5369 conaretur,
2589 5305 2879 5364 discedere
2928 5311 3054 5365 inde
3082 5312 3273 5381 jussus
3307 5321 3410 5368 est.
3461 5313 3558 5367 Mi-

1984 5393 2132 5446 nime
2180 5410 2418 5465 namque
2458 5397 2567 5453 sibi
2614 5408 2672 5453 et
2699 5403 2971 5456 exercitui
3006 5404 3149 5458 bono
3191 5406 3403 5473 putarit
3436 5406 3555 5462 fore

1981 5481 2135 5537 inﬁdi
2189 5483 2422 5554 hospitis
2468 5491 2952 5548 consuetudinem.
2992 5494 3339 5565 Quapropter
3385 5495 3553 5553 Ecdi-

1981 5574 2103 5628 cius
2144 5574 2197 5627 in
2243 5577 2422 5632 amico
2464 5588 2521 5634 et
2575 5582 2794 5652 hospite
2844 5585 3091 5641 adversis
3139 5590 3306 5646 rebus
3339 5609 3547 5661 presso,

1981 5680 2106 5720 eum
2136 5666 2401 5737 flagitium
2432 5680 2540 5726 tam
2573 5674 2802 5744 impium
2835 5677 3161 5750 designarit,
3191 5684 3355 5755 lupus
3385 5689 3553 5757 (quod

1983 5757 2038 5812 in
2074 5760 2372 5827 proverbio
2403 5762 2629 5837 dicitur)
2676 5766 2880 5826 frustra
2920 5772 3079 5831 hians
3105 5791 3226 5833 esse
3258 5782 3411 5835 visus
3441 5788 3544 5833 est.
