3898 6192
248 307 384 376 1071
422 386 434 396 α

1207 316 1807 378 ECCLESIASTICrE
1848 316 2232 380 lilSTORl.‘E
2271 319 2421 380 LIB.
2467 319 2627 378 XIV.

3372 314 3516 380 1078

242 424 428 492 ἀπέϐη
451 440 466 455 ο
504 424 678 492 βίαιος
707 427 816 494 γὰρ
839 428 1037 496 ἄνεμος
1074 431 1165 481 καὶ
1189 431 1288 482 οὐκ
1305 429 1477 490 αἰσιος
1511 428 1820 488 ἐκπνεύσας

1942 438 2114 482 Jostea
2139 437 2324 482 autem
2357 428 2566 482 navalis
2597 426 2877 495 expeditio
2908 427 2958 482 ei
2995 442 3104 483 non
3143 427 3287 482 bene
3316 429 3512 482 cessit.

243 515 465 584 ἀθρόον.
496 517 576 576 είς
610 516 706 576 τὰς
729 519 919 586 χεῖρας
955 518 1117 570 αὑτὸν
1152 519 1374 572 ἐνέϐαλε
1409 519 1501 572 τοῦ
1532 523 1820 588 τυράννου.

251 604 312 656 '0
348 605 405 656 δὲ
435 603 573 672 πρὸς
620 605 858 665 σπονδὰς
891 608 1138 674 ἀφορῶν,
1171 608 1574 677 φιλανθρώπως
1633 609 1686 662 Ἀ
1700 609 1825 678 ρδαο

243 693 455 762 ϐουρίῳ
485 694 752 763 ἐκέχρητο
773 711 789 726 ·
820 699 877 746 ἐν
905 695 1058 766 ἀδείᾳ
1086 714 1144 749 τε
1179 697 1348 766 πολλῇ
1384 699 1512 760 τοὺς
1544 699 1824 768 ἀποστραο

240 788 443 854 τήγους
476 787 570 838 τοῦ
610 789 878 857 τυράννου
911 788 1552 859 λελυπημένουςέύρὼν,
1585 791 1682 858 τὴν
1705 791 1824 842 κατ’

240 878 452 929 ἐκείνου
490 877 690 945 μᾶλλον
721 879 980 946 κρατύνει
1025 881 1352 948 ἐπιϐουλήνο
1386 880 1482 933 καὶ
1535 881 1720 950 κρύφα
1750 880 1828 949 τῷ

243 969 403 1020 παιδὶ
438 971 681 1038 ’Ἃσπαρι
713 969 1026 1039 διεμήνυεν,
1064 973 1136 1033 ὡς
1168 973 1253 1042 ἐφ’
1285 974 1490 1044 ἑτοίμῳ
1534 974 1610 1042 τῷ
1633 990 1830 1039 κατορ-

244 1060 463 1127 θώματι
515 1061 747 1130 τὰχιστα
775 1063 1200 1132 παραγίνεσθαι.
1242 1065 1301 1118 Ὀ
1334 1065 1389 1118 δὲ
1442 1065 1705 1135 τύραννος
1740 1066 1830 1117 ἐλ-

245 1154 369 1204 πίσι
437 1155 712 1221 μετέωρος
765 1150 852 1226 ἦν,
915 1155 1193 1208 συλλαϐὼν
1260 1157 1684 1228 Ἀρδαϐούριον,
1749 1160 1828 1220 εἰς

245 1245 498 1314 ἀνάγκην
531 1246 720 1299 ἐλάσαι
747 1247 836 1299 τὸν
859 1248 1260 1319 αὐτοκράτορα,
1273 1250 1444 1321 ψήφῳ
1466 1253 1617 1320 κοινῇ
1640 1251 1829 1320 περαξε

247 1355 365 1391 νειν
392 1338 455 1391 τὸ
486 1340 721 1408 αἴτημα,
770 1341 867 1392 καὶ
908 1341 1074 1394 αὑτὸν
1114 1342 1342 1411 βασιλέα
1391 1343 1744 1412 εἰσδέχεσθαι,
1781 1344 1836 1397 εί

247 1444 314 1496 γε
350 1429 595 1494 βούλοιτο
621 1431 711 1480 τὸν
737 1430 1043 1499 στρατηγὸν
1061 1431 1228 1485 αὑτοῦ
1259 1431 1529 1495 σώζεσθαι
1553 1449 1566 1463 ⁸
1601 1434 1693 1486 καὶ
1721 1435 1830 1502 γὰρ

248 1521 372 1581 ταῖς
405 1518 687 1588 ἀληθείαις
737 1520 794 1572 ἐν
836 1519 1082 1590 μεγίστῳ
1114 1521 1289 1587 ἀγῶνι
1337 1520 1640 1580 καθίστατο
1673 1522 1832 1590 βασι-

249 1607 401 1671 λεὺς,
459 1609 588 1677 μήτι
629 1609 793 1661 πάθοι
825 1609 961 1677 πρὸς
1005 1609 1100 1660 τοῦ
1162 1610 1430 1680 τυράννου
1468 1613 1496 1663 ό
1536 1612 1833 1682 Ἀρδαϐούο

255 1717 391 1768 ριος.
437 1699 493 1752 ’ω
519 1701 574 1752 δὲ
611 1699 832 1768 Ι’Δσποιρ
862 1699 959 1770 τὴν
993 1701 1221 1770 ἱππικὴν
1255 1701 1545 1764 ἀναλαϐὼν
1573 1702 1827 1771 δύναμιν,

253 1794 352 1844 καὶ
379 1792 455 1861 τῷ
494 1796 648 1862 τάχει
678 1791 772 1856 τὰς
805 1793 1085 1862 αἰσθήσεις
1130 1793 1355 1862 κλέψας.
1399 1793 1501 1862 τῆς
1538 1794 1829 1862 ’Δκυληϊας

258 1885 504 1955 μεγάλης
561 1887 770 1948 πόλεως
818 1887 1096 1956 ἐγκρατὴς
1155 1887 1390 1954 γίνεται,
1424 1885 1830 1956 ἀταλαιπώρως

257 1982 462 2050 ταύτην
497 1982 1022 2052 παραστησάμενος,
1061 1983 1329 2034 συνόντων
1356 1981 1506 2049 αὐτῷ
1536 1981 1832 2043 Πλακιδίας

256 2075 354 2124 καὶ
401 2071 872 2124 Οὑαλεντινιανοῦ.
910 2073 1038 2134 Δέος
1079 2071 1136 2124 δὲ
1190 2071 1363 2140 εἰσῄει
1418 2072 1510 2124 ἐπὶ
1555 2073 1616 2123 τὸ
1647 2072 1833 2141 πρόσω

261 2164 422 2228 ἰέναι,
455 2165 658 2223 πολλὰς
687 2164 955 2232 μυριάδας
996 2163 1230 2233 στρατοῦ
1261 2162 1512 2232 ἀθροῖσαι
1545 2162 1834 2230 πεπυσμέ-

258 2272 351 2318 νος
378 2257 471 2307 τὸν
523 2255 822 2324 βάρϐαρον.
867 2255 1009 2306 Ἀλλ’
1040 2257 1076 2324 ἡ
1109 2254 1202 2306 τοῦ
1267 2254 1531 2323 βασιλέως
1576 2255 1713 2324 εὐχὴ
1743 2256 1836 2306 καὶ

255 2349 385 2400 τότε
429 2348 664 2417 μάλιστα
696 2348 1025 2415 διεφαίνετο.
1063 2346 1201 2400 Θεοῦ
1237 2349 1344 2415 γὰρ
1381 2346 1616 2415 ἄγγελος
1649 2347 1838 2416 σχῆμα

260 2440 523 2506 ποιμένος
547 2439 980 2504 ὑποδυσὰμενος,
1005 2438 1206 2509 ὡδήγει
1230 2439 1343 2500 τοῖς
1364 2440 1507 2506 ἀμφὶ
1530 2439 1838 2491 τδνἋσπα-

261 2547 337 2597 ρα
358 2545 373 2559 ⁸
403 2533 498 2582 καὶ
529 2531 617 2582 διὰ
647 2531 745 2600 τῆς
776 2533 1192 2601 παρακειμένης
1224 2533 1293 2601 τῇ
1344 2520 1610 2602 Ῥαϐέννῃ
1643 2529 1838 2598 λίμνης

259 2623 452 2692 διῆγεν
513 2625 651 2691 (ἐκεῖ
679 2624 782 2693 γὰρ
819 2622 1112 2691 διατρίϐων
1137 2624 1165 2674 ό
1202 2621 1463 2691 τύραννος
1493 2624 1716 2691 κατεῖχε
1750 2621 1840 2673 τὸν

272 2713 712 2782 Ἀρδαϐούριον),
747 2711 870 2765 ὅθεν
895 2711 1071 2773 οὐδεὶς
1102 2711 1314 2763 οὐδέπω
1341 2710 1593 2781 διαϐῆναι
1623 2711 1841 2780 ἱστόρη-

255 2821 375 2856 ται.
415 2803 546 2865 Θεὸς
595 2803 650 2853 δὲ
703 2801 813 2870 ἄρα
861 2801 1058 2868 ἐπίσης
1104 2802 1172 2869 τῇ
1240 2799 1480 2870 Ἐρυθρᾷ
1530 2800 1748 2869 τέμνων
1783 2802 1843 2852 τὸ

258 2895 435 2964 ὕδωρ,
466 2893 563 2964 τὴν
594 2893 792 2946 ἄϐατον
822 2893 990 2944 πᾶσιν
1011 2891 1294 2944 ἀνεδείκνυ
1329 2889 1524 2960 βατήν.
1571 2890 1696 2944 Ἐπὶ
1735 2891 1844 2961 γὰρ

253 2988 363 3043 τοῦ
418 2991 518 3055 τῆς
575 2986 770 3055 λίμνης
819 2984 1015 3046 ὕδατος
1063 2983 1142 3046 ὡς
1182 2986 1274 3036 ἐπὶ
1338 2983 1510 3051 ξηρᾶς
1559 2982 1843 3045 διαϐάντες

1935 517 2071 572 Nam
2105 519 2292 574 subito
2323 519 2597 574 violentus
2629 530 2682 573 et
2715 518 3100 574 incommodus
3127 527 3324 574 ventus
3347 536 3508 573 exor-

1933 620 2044 673 tus,
2094 613 2149 666 in
2191 614 2409 682 tyranni
2459 627 2656 666 manus
2702 627 2829 666 eum
2883 612 3143 680 coniecit.
3200 611 3267 664 Et
3307 612 3398 666 ille
3441 613 3508 665 ad

1931 701 2376 772 paciﬁcationem
2423 712 2714 772 spectans,
2765 703 3082 756 humaniter
3135 701 3506 758 Ardaburinm

1931 795 2213 850 tractavit.
2247 795 2590 849 Ardaburius
2617 795 2671 849 in
2697 796 2995 851 securitate
3028 796 3225 856 multa,
3261 810 3385 849 cum
3418 811 3514 849 eos

1929 885 2024 953 qui
2071 900 2101 939 a
2148 897 2382 954 tyranno
2413 886 2613 939 ducum
2661 885 2854 940 ordine
2900 885 3030 939 moti
3072 895 3126 939 et
3173 885 3514 938 exauctorati

1931 973 2174 1036 fuerant,
2205 985 2432 1030 incestos
2451 990 2572 1030 esse
2605 975 2835 1040 videret,
2867 977 3096 1030 insidias
3118 977 3286 1030 etiam
3319 984 3515 1030 contra

1933 1065 2086 1119 illum
2116 1067 2288 1134 magis
2316 1067 2518 1119 struxit
2549 1083 2563 1119 :
2595 1076 2648 1120 et
2687 1066 2796 1120 lilio
2827 1067 3022 1136 Aspari
3053 1069 3193 1121 clam
3223 1069 3518 1122 denuntia-

1934 1156 2032 1221 vit,
2083 1166 2141 1210 ut
2184 1173 2348 1225 quam
2395 1157 2682 1212 crlcrrime
2739 1158 2806 1212 ad
2854 1160 3202 1214 occasionem
3257 1161 3333 1214 rei
3377 1160 3516 1214 bene

1930 1246 2185 1317 gerenda:
2218 1247 2530 1302 adveniret.
2559 1247 2854 1319 Tyrannus
2885 1249 3193 1303 Ardaburio
3225 1260 3388 1319 capto
3419 1265 3517 1319 spe

1931 1337 2146 1401 elatus,
2199 1338 2253 1392 in
2316 1353 2435 1392 eam
2490 1339 2881 1394 necessitatem
2935 1342 3330 1411 imperatorem
3379 1340 3519 1396 ccci-

1933 1432 2082 1486 disse
2115 1433 2354 1494 censuit.
2383 1442 2444 1487 ut
2467 1435 2748 1488 cnnzmnni
2779 1435 2990 1490 calculo
3015 1435 3336 1505 petitionem
3361 1451 3516 1489 suam

1933 1511 2294 1590 approbaret,
2344 1534 2400 1577 et
2451 1539 2510 1578 se
2561 1525 2952 1594 imperatorem
2991 1525 3286 1595 reciperet,
3314 1525 3358 1580 si
3397 1524 3520 1593 qui-

1936 1614 2058 1666 dem
2098 1613 2293 1668 ducem
2330 1631 2494 1668 suum
2535 1617 2744 1669 salvum
2776 1631 2901 1670 esse
2934 1616 3121 1670 vellet.
3160 1615 3225 1669 Et
3270 1615 3519 1685 profecto

1936 1703 1992 1758 in
2043 1705 2290 1759 maximo
2336 1707 2637 1774 imperator
2666 1716 2786 1762 erat
2821 1706 3164 1770 discrimine,
3206 1721 3276 1761 ne
3325 1705 3456 1775 quid
3489 1722 3518 1757 a

1937 1805 2170 1864 tyranno
2207 1796 2425 1850 adversi
2459 1797 2772 1852 Ardaburio
2815 1797 3117 1852 accideret.
3151 1801 3327 1867 Aspar
3365 1797 3525 1866 equi-

1936 1894 2047 1940 tatu
2081 1897 2330 1955 accepto,
2374 1887 2658 1942 celeritate
2689 1888 2961 1943 adventus
2994 1889 3078 1943 sui
3107 1904 3332 1943 sensum
3378 1903 3521 1958 pra:-

1936 1975 2117 2041 vcnit,
2183 1985 2237 2030 et
2298 1976 2610 2046 Aquileiam
2682 1982 2876 2034 urbem
2936 1995 3188 2049 magnam
3245 1979 3508 2048 recepit:

1933 2065 2090 2138 451
2130 2081 2362 2137 eamque
2403 2067 2589 2132 facile,
2639 2069 2938 2124 Placidiam
2975 2081 3032 2126 et
3073 2069 3520 2125 Valentinianum

1934 2172 2122 2210 secum
2159 2159 2393 2224 habens,
2426 2161 2802 2216 confirmavit.
2837 2162 3014 2216 Metus
3057 2170 3243 2216 autem
3287 2162 3339 2215 ei
3387 2160 3526 2213 ulte-

1937 2248 2054 2302 rius
2105 2249 2516 2318 progrediendi,
2584 2252 2738 2318 quod
2795 2250 3092 2306 barbarum
3154 2250 3521 2320 plurimorum

1939 2339 2168 2393 millium
2207 2343 2515 2396 exercitum
2565 2343 2908 2398 contraxisse
2944 2342 3232 2409 audisset,
3273 2344 3521 2398 incessit.

1942 2430 2141 2484 Verum
2163 2441 2276 2486 tum
2297 2447 2518 2502 quoque
2537 2434 2774 2487 maxime
2791 2435 3140 2504 imperatoris
3162 2449 3388 2504 precum
3412 2433 3527 2487 clli-

1939 2523 2086 2576 cacia
2114 2524 2318 2578 enituit
2349 2525 2426 2596 (ι)
2456 2543 2471 2580 :
2506 2542 2632 2579 naut
2663 2527 2891 2598 angelus
2922 2528 3042 2591 Dei,
3064 2529 3297 2596 pastoris
3330 2527 3522 2582 habitu

1942 2624 2190 2684 sumpto,
2235 2616 2414 2685 copiis
2441 2618 2669 2685 Asparis
2705 2619 2907 2687 prmiit,
2941 2626 2998 2673 et
3043 2634 3144 2688 per
3186 2620 3367 2674 lacum
3408 2635 3524 2678 eas.

1942 2707 2036 2776 qni
2084 2709 2361 2762 Ravennae
2409 2708 2507 2776 (ibi
2541 2711 2689 2764 enim
2729 2721 3000 2781 tyrannus
3031 2711 3084 2764 in
3118 2719 3392 2779 potestate
3427 2726 3525 2765 sua

1942 2798 2318 2854 Ardaburium
2369 2800 2584 2856 habens
2617 2805 2835 2872 agebat)
2882 2803 3170 2873 subjectus
3203 2813 3312 2867 est,
3345 2803 3524 2867 duxit,

1947 2891 2091 2945 unde
2126 2895 2410 2947 neminem
2445 2911 2689 2964 unquam
2730 2897 3027 2952 advenisse
3068 2897 3350 2950 memoria
3399 2911 3530 2965 pro—

1944 2979 2124 3034 diturn
2159 2991 2266 3037 est.
2301 2983 2446 3036 Deus
2476 2998 2612 3038 sane
2646 2985 2762 3053 ipse
2792 2986 2888 3054 qui
2920 2986 2976 3040 in
3011 2986 3151 3040 mari
3194 2985 3386 3042 Rubro
3431 3001 3531 3038 un-

260 3079 491 3144 σύναμα
520 3078 682 3128 παντὶ⁸
705 3079 780 3143 τιξ)
817 3075 1040 3144 ἱππότην
1083 3071 1324 3144 στρατῷ,
1357 3076 1454 3127 καὶ
1479 3074 1574 3134 τὰς
1611 3077 1711 3143 τῆς
1742 3074 1840 3125 πόα

1946 3073 2045 3127 das
2074 3073 2322 3138 discidit,
2367 3075 2514 3144 quod
2561 3075 2768 3131 invium
2802 3087 2944 3142 erat,
2973 3078 3239 3132 omnibus
3275 3077 3527 3148 pervium

258 3171 405 3230 λεως
430 3167 602 3230 πύλας
630 3169 688 3231 ἐξ
718 3169 908 3234 ἐφόδου
942 3167 1256 3235 συσχόντες,
1295 3166 1394 3234 τῆς
1419 3165 1627 3227 πόλεως
1646 3167 1851 3235 ἐγκρα-

258 3266 384 3323 τεῖς
415 3262 674 3330 γίνονται.
703 3260 899 3328 Μάχης
929 3259 984 3310 δὲ
1018 3257 1386 3328 συρῥαγείσης
1413 3257 1622 3325 ὀλίγης,
1655 3257 1852 3326 προδο-

265 3356 364 3425 σίᾳ
387 3354 496 3407 τῶν
521 3351 659 3422 ἀμφ’
692 3351 854 3403 αὑτὸν
887 3351 914 3401 ό
945 3348 1209 3417 τύραννος
1243 3347 1685 3416 συλλαμϐάνεται
1706 3387 1721 3408 ,
1758 3345 1853 3398 καὶ

265 3446 409 3516 πρὸς
443 3443 736 3512 Ἀκυληΐαν
762 3441 1028 3512 Πλακιδία
1051 3441 1145 3493 καὶ
1175 3438 1610 3508 Οὑαλεντινιανῴ
1641 3437 1855 3505 πέμπε-

265 3557 385 3593 ται.
418 3537 597 3592 Κάκσῖ
617 3535 723 3605 τὴν
752 3538 912 3605 χεῖ-ρο.
964 3533 1181 3601 πρῶτον
1217 3530 1566 3600 διατμηθεὶς,
1623 3536 1718 3582 καὶ
1755 3528 1852 3599 τὴν

271 3625 523 3696 κεφαλὴν
558 3625 898 3693 ἀφαιρεῖται,
927 3619 1025 3674 ἕνα
1055 3619 1193 3688 πρὸς
1224 3618 1302 3688 τῷ
1356 3617 1548 3687 ἡμίσει
1585 3617 1854 3685 τυραννή-

273 3739 374 3780 σας
402 3719 668 3771 ἐνιαυτόν.
711 3717 770 3769 Ὀ
797 3716 855 3769 δὲ
907 3713 1160 3783 βασιλεὺς
1193 3715 1437 3782 συνήθως
1477 3713 1570 3764 καὶ
1594 3710 1756 3762 πάλιν
1787 3709 1854 3778 ἢν

269 3805 389 3881 εἶχε
417 3811 545 3878 περὶ
572 3809 634 3860 τὺ
653 3809 807 3861 Θεῖον
833 3807 1122 3859 εὐλάϐειαν
1144 3805 1512 3858 ἐπεδείκνυτο.
1566 3802 1718 3855 Ἐπεϊ
1746 3800 1854 3870 γὰρ

270 3899 690 3969 ἐνἸπποδρόμῳ
716 3900 750 3968 η
778 3897 872 3950 τοῦ
897 3896 1163 3968 τυράννου
1183 3897 1306 3964 νίκη
1341 3895 1658 3963 ἠγγέλλετο,
1679 3911 1851 3965 προσ·

269 3992 474 4061 εφὼνει
529 3989 608 4059 τῷ
679 3991 857 4060 δήμῳ,
905 4008 923 4041 ι
966 3987 1159 4057 Δεῦρο,
1192 3987 1388 4052 λέγων,
1439 3989 1488 4040 εί
1543 3989 1710 4054 δοκεῖ,
1755 3985 1855 4059 τὴν

271 4083 478 4153 τέρψιν·
495 4081 785 4151 παρέντες,
818 4081 911 4132 ἐπὶ
941 4079 1032 4133 τὸν
1066 4079 1359 4149 εὐκτήριον
1401 4079 1550 4132 τόνδε
1576 4075 1726 4132 οἷκον
1757 4095 1856 4146 γε·

272 4176 518 4245 νόμενοι,
549 4171 936 4244 χαριστηρίους
967 4169 1110 4240 ᾠδὰς
1131 4188 1209 4240 τῳ
1241 4171 1338 4239 τῆς
1371 4169 1528 4240 νίκης
1550 4171 1708 4241 αἰτίῳ
1734 4170 1854 4243 Θεῷ

272 4265 715 4335 ἀναπέμψωμεν.
756 4281 782 4315 s
813 4262 979 4316 ἰἀὖτ’
1003 4263 1274 4325 εἰπόντος,
1311 4263 1343 4330 ή
1385 4263 1482 4330 μὲν
1519 4262 1617 4316 θέα
1645 4262 1856 4333 ἠμέλη-

271 4372 370 4408 τοο
398 4355 486 4408 διὰ
523 4355 694 4420 μέσου
724 4353 780 4405 δὲ
830 4355 927 4406 τοῦ
989 4353 1353 4422 Ἰπποδρόμου
1391 4352 1582 4418 ἰόντες,
1613 4352 1853 4417 ἅπαντες

1950 3167 2223 3222 exhibuit.
2263 3167 2371 3223 Sed
2417 3171 2567 3224 enim
2604 3170 2838 3240 perinde
2877 3181 3045 3240 atque
3091 3172 3269 3226 solum
3317 3169 3528 3226 siccum

1951 3258 2121 3326 copia:
2151 3257 2380 3328 Asparis
2405 3276 2512 3314 una
2538 3275 2662 3315 cum
2695 3261 2945 3330 equitatu
2971 3261 3142 3324 omni,
3177 3263 3328 3315 lacus
3354 3261 3536 3315 undas

1952 3357 2325 3413 transeuntes,
2379 3354 2558 3420 primo
2610 3352 2850 3406 adventu
2891 3353 3048 3407 urbis
3099 3357 3278 3422 portis
3325 3351 3526 3421 captis.

1953 3441 2108 3510 potiti
2143 3458 2209 3497 ea
2240 3451 2390 3497 sunt.
2428 3443 2507 3497 Ibi
2537 3459 2662 3500 cum
2696 3444 2947 3512 praelium
2980 3445 3240 3513 exiguum
3270 3442 3533 3496 commis-

1951 3549 2073 3589 sum
2098 3544 2267 3597 esset,
2295 3547 2560 3605 tyrannus
2586 3535 2907 3604 proditione
2935 3550 3166 3588 suorum
3195 3543 3392 3600 captus
3420 3542 3532 3600 est,

1950 3634 2008 3682 et
2035 3625 2345 3694 Aquileiam
2382 3626 2448 3680 ad
2492 3626 2793 3684 Placidiam
2825 3635 2883 3689 et
2915 3625 3360 3680 Valentinianum
3401 3625 3530 3678 mis-

1953 3729 2069 3770 sus.
2110 3715 2214 3771 Ubi
2249 3716 2301 3770 ei
2335 3717 2576 3786 primum
2610 3733 2808 3776 manus
2848 3724 3089 3781 resecta,
3130 3716 3330 3770 deinde
3361 3715 3528 3770 etiam

1953 3811 2484 3874 caputamputatum
2516 3816 2620 3870 est,
2673 3823 2798 3860 cum
2845 3822 3052 3862 annum
3097 3805 3530 3874 sesquialterum

1956 3895 2302 3965 tyrannidem
2337 3897 2699 3950 exercuisset.
2739 3896 3054 3965 Imperator
3080 3909 3233 3949 more
3275 3909 3378 3948 suo
3411 3910 3535 3948 rus-

1953 4002 2076 4044 sum
2107 4002 2215 4057 qua
2245 3997 2395 4042 esset
2421 4003 2550 4058 erga
2584 3989 2756 4043 Deum
2783 3988 3048 4058 religione
3080 3986 3344 4042 ostendit.
3374 3987 3531 4040 Post.

1953 4095 2118 4149 quam
2147 4081 2295 4134 enim
2326 4079 2376 4136 ci
2404 4079 2635 4134 victoria
2676 4079 2745 4134 de
2781 4089 3014 4151 tyranno
3047 4088 3354 4149 reportata,
3384 4079 3540 4132 ludis

1953 4170 2308 4226 Circensibus
2356 4174 2668 4226 renuntiata
2727 4182 2834 4234 est,
2886 4176 2956 4226 ad
3009 4171 3275 4242 populum
3327 4171 3533 4224 vocil‘e-

1953 4277 2082 4317 rans
2119 4279 2133 4317 :
2167 4280 2186 4318 ι
2219 4263 2399 4339 Agite,
2434 4264 2638 4332 inquit,
2680 4266 2727 4319 si
2774 4266 2851 4326 ita
2883 4264 3126 4330 videtur,
3175 4264 3393 4318 ludicro
3428 4264 3533 4316 hoc

1954 4352 2209 4418 dimisso,
2255 4353 2310 4408 in
2361 4355 2538 4412 aedem
2591 4356 2737 4414 hanc
2786 4357 3152 4426 precatoriam
3211 4371 3422 4419 eamus,
3476 4365 3532 4408 et

276 4447 334 4497 ἐν
367 4443 559 4514 ὕμνοις
586 4442 894 4513 συμφώνως
945 4443 1041 4497 καὶ
1070 4442 1233 4513 ᾠδαῖς
1262 4445 1608 4514 εύχαρίστοις
1639 4445 1732 4496 ἐπὶ
1757 4445 1841 4499 τὸν

1955 4447 2202 4502 carmina
2248 4448 2548 4518 gratiarum
2605 4449 2949 4521 agendarum
3007 4451 3221 4504 auctori
3284 4448 3530 4502 victoria:

277 4536 687 4605 παρακείμενον
707 4533 855 4589 οἷκον
887 4533 1007 4604 Θεῷ
1028 4533 1376 4603 ἐπορεύοντο·
1406 4535 1502 4588 καὶ
1532 4537 1631 4604 μία
1659 4536 1858 4606 ἐκκλη-

278 4630 373 4682 σία
409 4630 444 4698 η
478 4629 624 4681 πᾶσα
651 4628 804 4689 πόλις
835 4626 1031 4696 ἀθρόον
1059 4626 1292 4692 ἐγίνετο,
1347 4627 1442 4678 τοῦ
1475 4626 1608 4679 λαοῦ
1654 4625 1856 4690 πανῖτὺς

274 4719 356 4790 τῷ
383 4721 658 4789 εὐκτηρίῳ
688 4719 852 4788 χώρῳ
890 4717 1372 4789 διημερεύσαντος.
1418 4718 1505 4770 Ἐν
1534 4722 1782 4788 φροντίσι
1808 4719 1854 4772 δ’

277 4814 475 4866 ἔπειτα
519 4809 585 4880 ἦν
637 4815 665 4864 ό
695 4809 1078 4882 κρατῶν,τίνα
1111 4809 1220 4862 δέοι
1277 4811 1503 4880 βασιλέα
1547 4814 1660 4873 τοῖς
1695 4813 1857 4864 ἐσπε-

280 4906 425 4976 ρίοις
477 4902 668 4974 μέρεσι
707 4903 972 4973 καθιστᾷν
1005 4900 1077 4964 ὡς
1133 4901 1337 4954 ἐπίπαν
1371 4901 1852 4972 διασκεπτόμετοθ

356 5061 436 5131 (ί)
477 5061 805 5117 Consideret
844 5058 1025 5131 lector
1051 5074 1241 5128 aequus
1263 5096 1279 5123 ,
1301 5057 1464 5131 quod_
1497 5058 1549 5112 in
1577 5057 1856 5131 _Albi_ﬂn-

281 5128 440 5256 mihi;
487 5134 553 5212 ad
593 5132 855 5202 oppidum
901 5128 1237 5198 Mulbergam
1291 5143 1383 5182 an.
1435 5128 1648 5183 Domini
1719 5128 1854 5186 1547

279 5218 400 5258 auct
444 5214 569 5257 erit.

471 5293 656 5347 Hostes
687 5308 742 5346 ut
772 5295 915 5348 Albis
940 5295 1118 5345 cedere
1145 5291 1353 5344 territos

463 5363 765 5431 Conspexit,
799 5365 907 5416 alto
936 5363 1169 5430 ﬂuminis
1195 5361 1348 5414 alveo

463 5433 783 5504 Progressus
811 5443 1068 5504 agrestem
1105 5431 1280 5504 coloni

467 5498 716 5575 induitur
741 5498 925 5575 faciém
955 5499 1005 5553 Μ
1013 5498 1236 5575 εηαιςω.

465 5573 536 5627 Et
570 5575 706 5627 vada
733 5571 995 5628 monstrat
1018 5572 1199 5639 pervia
1227 5571 1448 5634 Cwsari.

466 5643 732 5714 Illumque
760 5642 941 5714 (lesser
973 5645 1308 5714 consequitur
1334 5645 1538 5714 ducem,

469 5714 610 5772 Caio
631 5709 727 5770 sibi
766 5713 976 5769 credens
1003 5709 1066 5766 ab
1102 5709 1209 5767 alio

1958 4535 2070 4592 Deo
2110 4537 2492 4598 coucinamus.
2539 4558 2558 4592 ι
2600 4539 2726 4596 Haec
2777 4541 2873 4597 ubi
2920 4540 3094 4602 dixit,
3152 4539 3524 4609 spectaculum

1957 4628 2268 4697 neglectum
2321 4631 2410 4686 εει
2459 4648 2475 4686 :
2517 4639 2575 4686 et
2625 4646 2722 4701 per
2767 4632 2980 4687 circum
3038 4629 3277 4684 medium
3329 4640 3527 4682 euntes

1957 4734 2172 4786 omnes,
2206 4734 2476 4778 concentu
2519 4738 2633 4776 uno
2667 4739 2794 4777 cum
2843 4721 3063 4792 hymnis
3095 4732 3152 4776 et
3189 4721 3532 4776 carminibus

1957 4814 2350 4883 pulcherrimis
2403 4815 2895 4885 gratissimisque,
2948 4815 3004 4869 in
3060 4815 3369 4884 proximam
3433 4812 3529 4865 Dei

1958 4907 2181 4960 domum
2216 4916 2348 4961 sunt
2385 4907 2642 4976 ingressi,
2687 4906 3041 4976 formamque
3087 4919 3317 4973 prorsus
3352 4903 3530 4958 ecclu-
3579 4933 3586 4938 ι

2133 5060 2318 5116 Omine
2344 5063 2639 5114 dexteriore
2663 5063 2899 5117 missum.

2140 5133 2312 5202 Eques
2339 5133 2576 5198 deniceps
2606 5133 2806 5202 trajicit
2830 5134 3075 5202 impiger.

2136 5201 2392 5272 Nymphis
2419 5199 2700 5253 nutantum
2738 5199 2889 5272 frena
2909 5199 3210 5272 regentibus

2135 5270 2298 5345 Quas
2312 5271 2497 5324 Martis
2525 5270 2769 5345 insuetus
2787 5270 3032 5345 furentis,

2142 5340 2324 5394 Dulcis
2361 5357 2509 5394 amor
2531 5340 2840 5398 stimulabat
2869 5343 3012 5398 Orci.

2137 5410 2241 5466 Nec
2261 5419 2384 5463 ante
2405 5410 2608 5479 fervens
2633 5412 2822 5466 desinit
2844 5415 3071 5480 impetus

2138 5481 2331 5536 Tenere
2358 5496 2568 5534 cursum
2589 5481 2809 5536 saltibus
2841 5485 2993 5540 aviis.

2147 5550 2442 5623 _Victoribus
2473 5567 2641 5623 quem
2667 5551 2752 5605 det
2778 5556 2994 5623 supinus

2136 5621 2254 5691 Ipse
2275 5635 2462 5675 manus
2494 5621 2734 5675 inimicus
2766 5621 2946 5677 basiis.

2488 5709 2528 5766 l.
2570 5711 2631 5766 L.
2669 5717 2743 5769 Dc
2771 5714 2902 5770 bello
2930 5715 3211 5786 Saxonico,
3260 5718 3415 5775 1547.
