3898 6192
266 333 397 402 I081

1228 336 1821 399 ECCLESIASTIGE
1866 337 2249 399 IIISTORIzE
2290 338 2437 399 LIB.
2479 338 2629 400 XIV.

3386 332 3527 397 1032

259 455 493 514 ὲπιοτὰς
521 454 549 507 6
572 453 889 524 προφήτης,
921 449 1116 506 ἑαυτὸν
1150 453 1500 521 κατεμήνυσε
1523 468 1537 482 ο
1569 453 1665 505 καὶ
1693 451 1842 519 παρά

1954 464 2072 507 nios
2098 460 2282 507 autem
2315 451 2556 508 rusticos
2578 452 2752 505 durus
2787 447 3082 504 admodum
3126 455 3180 503 et
3213 450 3417 520 gravis.
3459 451 3524 503 Et

259 562 312 599 τι
348 545 552 615 κηπίον
578 545 743 597 αὐτὸν
778 545 1025 612 ἀγαγὼν,
1067 561 1086 596 ι
1137 542 1379 607 Ἐνθάδε,
1409 544 1599 611 φησὶν,
1625 542 1840 613 δρυξον,

258 636 355 688 δύο
390 636 590 705 πήχεις
618 635 1013 705 ἀναμετρήσας
1057 634 1166 685 ἀπὸ
1192 633 1293 701 τῆς
1327 633 1592 703 αίμασιᾶς
1630 635 1722 687 ἐπὶ
1753 635 1848 685 τὸν

263 727 447 796 κῆπον
475 726 614 795 πρὸς
637 727 740 795 τὴν
769 727 889 778 ὁδὸν
925 726 957 796 ἢ
987 726 1052 795 δὴ
1088 726 1181 779 ἐπὶ
1224 725 1547 797 Βιθρερέὁιν
1589 726 1714 794 ἄγει
1748 726 1846 796 τὴν

263 819 444 871 πόλιν.
499 817 609 870 Καί
647 833 711 883 γε
755 814 983 886 ὀρύξας,
1034 816 1284 887 λάρνακα
1325 818 1523 886 διπλῆν
1570 820 1843 887 εὑρήσεις,

262 904 333 981 ἦς
360 910 420 961 τὺ
452 909 551 977 μὲν
582 908 690 961 ἔσω
722 910 786 960 ὲκ
839 907 1000 973 ξύλου
1053 909 1378 961 ἐσκεύασται
1401 948 1416 976 ,
1481 910 1757 978 μολιὸδίνη
1791 911 1847 964 δὲ

267 1002 438 1072 ἁτέρα
474 1000 611 1053 ἐστί.
646 1000 754 1052 Καί
787 1018 839 1052 τι
885 1000 942 1053 δὲ
982 1000 1175 1064 σκεῦος
1215 1001 1422 1072 πλῆρες
1458 1001 1649 1066 ὓδατος
1680 1017 1849 1073 προσ-

267 1095 530 1162 ευρήσεις
556 1095 623 1162 τῇ
656 1092 913 1162 λάρνακι,
944 1087 1007 1144 οὗ
1060 1095 1191 1161 παρ’
1226 1095 1463 1161 ἑκάτερα
1508 1094 1720 1164 μέτριοι
1754 1094 1847 1146 δύο

269 1185 535 1247 ἀϐλαϐεῖς
559 1186 655 1237 καὶ
690 1187 861 1253 πρᾶοι
909 1184 1064 1251 δφεις
1112 1185 1576 1252 περιελίσσονται,
1613 1187 1709 1239 καὶ
1736 1182 1847 1239 οἷὸν

269 1278 591 1349 χειροήθεις
644 1279 845 1331 εἰπεῖν.
895 1293 915 1328 ι
975 1276 1160 1330 Ταῦτα
1196 1280 1295 1345 μὲν
1326 1279 1354 1330 6
1387 1280 1575 1345 φανεὶς
1621 1278 1846 1347 ελεγενο

269 1370 364 1422 ἰπὶ
399 1369 458 1421 δὲ
488 1368 567 1437 τῷ
626 1371 885 1437 φάσματι
934 1370 1452 1439 παραγενόμενος,δ
1495 1373 1846 1441 Καλήμερος,

271 1458 551 1527 ἐπεχείρει
578 1456 656 1526 τῷ
675 1457 845 1527 ἔργῳ.
873 1459 983 1526 Τῆς
1009 1458 1055 1510 δ’
1089 1459 1239 1527 ίερᾶς
1269 1460 1484 1529 ἐκείνης
1515 1459 1689 1530 θήκης
1718 1463 1852 1515 ἀνα-

272 1552 540 1619 φανείσης
569 1552 663 1603 ἐπὶ
707 1552 821 1613 τοῖς
850 1551 1251 1620 προμηνυθεῑσι
1298 1553 1611 1622 συμϐόλοις,
1646 1555 1674 1605 6
1708 1553 1849 1616 θεῖος

270 1639 432 1711 ὤφθη
488 1643 798 1710 προφήτης,
854 1642 1137 1711 ἱερατικὴν
1187 1642 1564 1711 ἠμφιεσμένος
1619 1646 1845 1715 στολήν·

1948 545 2200 613 quamvis
2228 545 2321 599 ille
2353 544 2479 599 talis
2528 551 2695 608 esset,
2739 542 3003 612 propheta
3055 551 3233 596 tamen
3290 542 3340 594 ei
3385 542 3525 596 insi-

1947 646 2120 701 stens,
2174 637 2413 706 seipsum
2444 645 2637 706 aperte
2694 635 2957 697 ostendit,
3004 642 3061 688 et
3114 633 3181 688 ad
3238 633 3521 690 hortulum

1947 729 2241 798 quemdam
2296 744 2365 784 eo
2412 728 2602 792 ducto,
2666 745 2684 777 ι
2722 726 2841 790 Hic,
2913 727 3113 796 inquit,
3175 727 3229 780 in
3282 727 3521 780 duorum

1947 821 2261 876 cubitorum
2294 821 2644 876 altitudinem
2677 819 2873 885 fodito,
2921 834 2950 872 a
2981 827 3140 887 septo
3199 818 3251 871 in
3293 818 3516 871 hortum

1951 914 2149 983 ipsum,
2207 929 2326 969 eam
2389 915 2532 967 viam
2607 927 2800 965 versus
2852 925 2973 980 quae
3037 911 3091 962 in
3168 908 3516 962 Bithrerehin

1950 1006 2212 1075 oppidum
2243 1005 2395 1060 ducit
2429 1023 2443 1058 ε
2471 1015 2525 1059 et
2547 1019 2702 1059 arcas
2731 1004 2867 1057 duas
2889 1002 3158 1065 invenies,
3187 1002 3517 1055 exteriorem

1951 1099 2211 1168 ligneam,
2247 1099 2564 1152 interiorem
2601 1098 2932 1167 plumbeam.
2965 1096 3228 1164 Reperies
3260 1105 3518 1163 praeterea

1951 1189 2096 1256 apud
2135 1189 2347 1242 loculos
2396 1202 2493 1242 eos
2530 1203 2623 1241 vas
2657 1186 2933 1255 quoddam
2990 1200 3130 1252 aqua
3181 1185 3450 1252 repletum
3503 1198 3517 1235 :

1950 1278 2017 1330 ad
2048 1278 2204 1347 cujus
2234 1288 2442 1345 partem
2472 1289 2765 1345 utramque
2817 1275 3128 1328 mediocres
3162 1275 3272 1326 duo
3306 1272 3519 1326 innoxii

1949 1380 2006 1424 et
2036 1370 2236 1440 placidi
2275 1378 2562 1439 serpentes
2587 1368 2826 1437 (cicures
2854 1382 2953 1422 eos
2986 1367 3159 1435 dicas)
3189 1367 3523 1421 circumon-

1949 1472 2176 1516 vuntur.
2216 1481 2234 1513 ›
2265 1461 2389 1516 Ilaec
2422 1460 2669 1530 quidem,
2691 1460 2784 1529 qui
2811 1475 2910 1529 per
2935 1460 3208 1513 visionem
3241 1459 3519 1527 apparuit,

1951 1557 2113 1612 dixit.
2140 1556 2461 1612 Calemerus
2479 1571 2612 1609 vero
2637 1554 2755 1608 viso
2778 1552 2826 1605 ei
2851 1552 3163 1616 obsecutus,
3193 1552 3522 1621 imperatum

1951 1660 2090 1714 Opus
2118 1645 2369 1714 perfecit,
2411 1655 2574 1713 atque
2604 1643 2697 1697 ubi
2740 1657 2894 1697 saera
2927 1641 3018 1695 illa
3045 1658 3170 1696 arca
3196 1643 3350 1710 juxta
3383 1656 3523 1710 pra:-

268 1727 381 1796 οἷα,
418 1729 594 1801 οἶμαι,
632 1736 724 1786 καὶ
751 1733 931 1800 ίερεὺς
962 1733 1059 1787 ὢν.
1095 1735 1207 1803 Τῆς
1240 1735 1297 1787 δὲ
1331 1735 1508 1805 θήκης
1534 1739 1690 1799 ἐκτὸς
1717 1738 1842 1806 περί

1953 1737 2097 1791 dicta
2132 1738 2287 1805 signa
2334 1735 2681 1789 manifestata
2711 1743 2817 1797 est,
2848 1732 3011 1786 divus
3044 1734 3311 1802 propheta
3358 1748 3526 1801 appa-

271 1841 379 1876 που
405 1826 533 1887 τοὺς
563 1826 730 1888 πόδας
756 1827 851 1879 καί
896 1844 950 1879 τι
985 1826 1198 1879 παιδῖον
1233 1828 1428 1896 κομιδῆ
1479 1830 1599 1881 νέον
1646 1831 1845 1882 ἕκειτου

271 1914 453 1967 ἐδόκει
482 1914 539 1968 δὲ
586 1915 695 1984 ἄρα
744 1915 907 1968 τοῦτο
941 1918 1162 1984 εὐγενές
1191 1935 1250 1970 τε
1286 1914 1448 1983 εῖναι,
1481 1922 1573 1971 καὶ
1605 1921 1658 1983 ἐς
1696 1920 1848 1989 βασ-

271 2003 427 2057 λείαν
462 2005 524 2057 τὸ
559 2008 715 2073 γένος
751 2007 979 2078 ὁρίζειν.
1031 2009 1303 2075 Στέφανος
1336 2009 1443 2078 γὰρ
1474 2012 1709 2079 χρυσοῦς
1733 2012 1849 2063 €65-

274 2108 404 2162 σμει
464 2094 643 2163 τούτῳ
700 2096 794 2165 τὴν
844 2094 1089 2163 κεφαλὴν
1142 2093 1312 2158 λίθοις
1380 2099 1473 2148 καὶ
1543 2100 1848 2168 μαργάροις

266 2184 654 2246 κατάστικτος.
699 2185 1007 2254 Ἐπίχρυσα
1041 2186 1098 2237 δὲ
1121 2186 1271 2253 αὐτῴ
1301 2187 1397 2239 καὶ
1424 2192 1490 2239 τα
1524 2189 1846 2257 ὑποδήματα

260 2269 441 2344 ἦσαν’
478 2276 539 2327 οὗ
592 2277 699 2348 μὴν
724 2276 769 2329 δ’
800 2278 937 2330 ἀλλὰ
961 2278 1057 2330 καὶ
1094 2280 1126 2347 ἠ
1169 2277 1331 2347 ἐσθὴς
1372 2279 1521 2347 αὐτῷ
1575 2282 1732 2349 τιμία
1766 2300 1848 2346 τις

265 2364 419 2434 μάλα
481 2367 576 2418 καὶ
627 2369 968 2434 κατάχρυσος
996 2362 1083 2437 ἦν.
1144 2369 1232 2420 Ἐν
1262 2369 1456 2439 ἀπόρῳ
1500 2368 1558 2422 δὲ
1588 2371 1699 2423 τῶν
1720 2368 1845 2425 τότε

263 2456 454 2523 σοφῶν
504 2457 599 2509 καὶ
655 2457 847 2526 ίερὲων
895 2457 1338 2527 καθεστηκότων,
1372 2459 1625 2529 περὶτοῦ
1659 2462 1743 2524 τίς
1779 2462 1847 2516 ἂν

262 2547 360 2617 εἴη
392 2544 546 2610 οὗτος
579 2549 607 2600 6
643 2552 773 2612 παῖς
801 2549 943 2602 οὕτω
974 2551 1254 2620 σχήματος
1289 2552 1451 2622 ἔχων,
1481 2553 1700 2620 λέγεται
1741 2556 1847 2609 Ζα-

261 2638 473 2708 χαρίαν
502 2640 714 2693 ἐκεῖνον
742 2644 937 2707 εἰπεῖν,
988 2641 1046 2704 ὃς
1090 2643 1392 2712 τηνικαῦτα
1439 2645 1538 2713 τῆς
1578 2648 1634 2699 ιν
1676 2648 1848 2717 Γερά-

265 2746 391 2797 ροις
425 2732 722 2802 μοναδικῆς
749 2725 1043 2799 ξυναυλίας
1080 2736 1288 2805 ἡγεῖτο,
1335 2737 1608 2806 Ἐϐραίων
1638 2739 1845 2812 παλαιᾷ

260 2838 380 2874 τινι
412 2825 595 2893 γραφῇ
637 2825 882 2894 ὶντυχεῖν
927 2826 988 2878 οὐ
1015 2826 1127 2879 τῶν
1154 2828 1606 2898 παραδεδομένων
1632 2833 1726 2884 καὶ
1754 2835 1840 2885 ὲκ-

267 2911 723 2983 κλησιαζομένων
743 2930 758 2946 ο
782 2915 816 2985 ἢ
839 2932 922 2974 τις
951 2916 1014 2983 δὴ
1040 2917 1178 2986 πρὸς
1200 2920 1313 2979 τοῖς
1345 2919 1529 2983 ἄλλοις
1555 2921 1646 2973 καὶ
1669 2921 1842 2975 ταῦτα

261 3004 598 3074 διήγγειλεν,
625 3006 700 3069 ὡς
722 3006 855 3060 Ὅτε
894 3007 1049 3071 Ἰωᾶς
1066 3011 1093 3061 6
1120 3010 1221 3078 τῆς
1256 3010 1520 3074 Ἰουδαίας
1550 3013 1840 3085 κατάρχων

1952 1828 2098 1895 ruit,
2160 1827 2559 1882 sacerdotalem
2614 1826 2843 1880 indutus
2893 1827 3139 1880 stolam:
3191 1826 3393 1895 quippe
3428 1826 3524 1895 qui

1948 1921 2138 1985 etiam,
2172 1929 2233 1974 ut
2260 1931 2410 1990 puto,
2450 1918 2710 1974 sacerdos
2739 1918 2929 1971 fuerit.
2964 1918 3126 1971 Extra
3154 1932 3347 1970 urnam
3370 1932 3518 1977 eam,

1949 2012 2014 2064 ad
2071 2010 2276 2080 pedes,
2326 2025 2466 2079 puer
2507 2009 2675 2064 etiam
2717 2007 2943 2078 quidam
3001 2015 3159 2061 tener
3211 2006 3512 2060 admodum

1942 2101 2139 2170 jacuit,
2168 2102 2262 2170 qui
2293 2101 2518 2170 quidem
2549 2115 2615 2154 ex
2643 2098 2929 2153 nobilitate
2963 2097 3154 2161 fuisse,
3187 2110 3244 2152 et
3269 2097 3337 2152 ad
3362 2112 3518 2167 reges

1948 2207 2120 2263 genus
2156 2191 2363 2247 referre
2394 2191 2547 2246 visus
2592 2199 2699 2245 est.
2739 2189 2918 2259 Caput
2958 2190 3106 2244 enim
3153 2190 3273 2261 ejus
3317 2204 3520 2244 corona

1946 2298 2111 2337 aurea
2129 2283 2331 2353 lapillis
2354 2290 2411 2338 et
2429 2284 2735 2353 margaritis
2757 2282 3015 2336 distincta
3042 2282 3352 2336 redimitum
3374 2290 3519 2335 erat.

1946 2376 2173 2431 Calceos
2217 2390 2438 2446 quoque
2486 2376 2781 2429 deauratos
2835 2376 3029 2427 habuit
3078 2393 3092 2428 :
3155 2375 3325 2429 ves1is
3383 2374 3513 2427 item

1951 2469 2130 2538 magni
2167 2470 2351 2539 pretii,
2386 2476 2444 2523 et
2487 2483 2624 2523 auro
2674 2476 2942 2523 exornata
2982 2468 3109 2521 fuit.
3159 2468 3332 2521 Porro
3383 2481 3509 2521 cum

1948 2559 2226 2629 sapientes
2253 2557 2370 2626 ejus
2396 2559 2663 2629 temporis
2693 2567 2750 2612 et
2785 2558 3106 2612 sacerdotes
3131 2558 3197 2612 de
3226 2572 3295 2612 eo
3323 2574 3514 2628 puero.

1946 2650 2198 2718 quisnam
2249 2651 2303 2705 in
2342 2650 2434 2705 tali
2473 2651 2666 2705 habitu
2697 2658 2867 2714 esset,
2900 2649 3296 2703 addubitarent
3347 2664 3361 2703 :
3412 2651 3484 2704 Za

1945 2736 2187 2791 chariam
2244 2737 2437 2803 illum,
2494 2739 2589 2807 qui
2648 2747 2763 2793 tum
2818 2741 2874 2793 in
2929 2739 3152 2794 Geraris
3203 2744 3517 2795 monastico

1943 2830 2311 2886 centuhernio
2339 2830 2580 2900 praefuit,
2606 2832 2809 2886 dixisse
2837 2833 3043 2897 ferunt,
3079 2847 3141 2887 se
3168 2833 3221 2887 in
3244 2842 3515 2889 vetustam

1945 2919 2299 2974 Hebraeorum
2328 2923 2666 2990 scripturam
2695 2922 3015 2990 quamdam,
3047 2937 3156 2975 non
3191 2937 3258 2976 ex
3288 2922 3371 2976 eis
3395 2938 3517 2991 qua:

1943 3026 1972 3065 a
2003 3013 2302 3084 majoribus
2335 3021 2463 3068 sunt
2494 3014 2728 3076 traditae,
2756 3023 2813 3069 et
2841 3014 2894 3067 in
2928 3014 3228 3070 Ecclesiam
3262 3025 3518 3084 receptae,

262 3096 365 3148 τὸν
420 3099 712 3167 προφήτην
740 3097 1018 3167 Ζαχαρίαν
1067 3098 1377 3165 ἀπέκτεινε,
1434 3101 1555 3171 μεθ’
1609 3102 1842 3174 ἑϐδόμην

1948 3106 2038 3159 sed
2073 3105 2233 3159 aliam
2297 3105 2591 3172 incidisse;
2653 3121 2775 3175 qua:
2831 3109 3111 3173 scriptura
3166 3116 3366 3176 praeter
3411 3108 3518 3160 alia

265 3189 487 3259 ἡμέραν
510 3193 639 3259 περὶ
667 3190 759 3242 τὸν
783 3186 936 3243 οἷκον
965 3190 1178 3261 χαλεπῇ
1208 3195 1518 3262 χρήσασθαι
1549 3197 1805 3268 συμφορᾷ
1824 3213 1840 3228 ο

265 3282 571 3336 ἀποϐαλεῖν
601 3283 710 3350 γὰρ
752 3281 967 3352 Θανάτῳ
1021 3284 1114 3336 τὸν
1162 3286 1403 3354 μάλιστα
1443 3292 1843 3358 κεχαρισμένον

262 3373 382 3427 τῶν
425 3373 632 3427 παίδων
661 3373 830 3444 αὐτῷ.
868 3376 976 3427 Καὶ
1008 3376 1187 3439 συνεὶς
1223 3376 1361 3431 Θεοῦ
1396 3383 1537 3432 κατὰ
1574 3381 1733 3449 μῆνιν
1765 3380 1843 3451 τῷ

265 3468 460 3539 τοιῷδε
490 3468 647 3522 πάθει
682 3472 1019 3538 περιπεσεῖν.
1051 3469 1157 3522 ὑπὸ
1183 3471 1309 3532 τοὺς
1334 3471 1498 3533 πόδας
1537 3471 1738 3526 ἔθαπτε
1765 3474 1842 3543 τῷ

269 3563 535 3633 προφήτῃ
578 3562 671 3613 τὸν
698 3564 889 3626 παῖδα,
915 3561 1105 3628 ὥσπερ
1135 3561 1570 3632 ἀπολογούμενος
1597 3563 1737 3633 ὑπὲρ
1765 3556 1840 3617 ὧν

267 3659 353 3716 εὶς
385 3656 589 3707 ἐκεῖνον
623 3655 929 3724 ἡμάρτανε.
960 3655 1068 3706 Καὶ
1100 3652 1256 3708 τοῦτο
1294 3654 1392 3723 μὲν
1424 3652 1598 3716 οὕτως
1620 3654 1839 3724 ἐκρίθη.

267 3747 343 3801 Ὀ
370 3763 432 3816 γε
469 3746 573 3816 μὴν
602 3748 889 3816 προφήτης
922 3747 1013 3798 ἐπὶ
1040 3746 1257 3808 πολλαῖς
1283 3745 1381 3816 ἤδη
1412 3748 1625 3813 γενεαῖς
1654 3747 1840 3815 κείμε-

267 3859 360 3905 νος
398 3839 503 3892 ὑπδ
539 3841 665 3909 γῆν,
702 3839 857 3891 οὐδέν
888 3855 941 3891 τι
966 3836 1061 3890 τοῦ
1096 3838 1348 3903 σώματος
1370 3837 1631 3891 ἐλλείπων
1658 3838 1837 3907 ὤφθη,

266 3932 471 4002 ὲνχρῷ
525 3931 887 4000 κεκαρμένος,
948 3929 1034 3983 ἐπ’
1082 3928 1298 3993 εὐθείας
1348 3929 1486 3999 ἔχων
1536 3933 1636 3997 τὴν
1693 3932 1836 4001 ῥῖνα,

267 4022 525 4091 γενειάδα
578 4038 638 4073 τε
692 4021 1025 4090 καθειμένην
1091 4019 1366 4090 μετρίωςο
1426 4020 1649 4091 βραχεῖα
1693 4022 1738 4073 δ’
1770 4017 1840 4087 ἦν

267 4112 422 4182 αὐτῷ
445 4113 539 4165 καὶ
571 4113 604 4183 ἡ
640 4111 850 4180 κεφαλή
872 4128 886 4142 ’
928 4112 978 4163 οί
1016 4111 1061 4163 δ’
1092 4111 1367 4180 ὀφθαλμοὶ
1402 4113 1459 4164 ὲν
1491 4113 1658 4183 ὀλίγῳ
1685 4114 1838 4182 βάθει

265 4211 388 4268 ταῖς
434 4206 631 4275 ὀφρύσι
683 4204 1175 4258 κατεκαλύπτοντο.
1230 4204 1433 4258 Τοῦτον
1486 4205 1586 4273 μὲν
1623 4203 1716 4261 οὖν
1748 4205 1839 4260 τὸν

266 4299 471 4367 τρόπον
500 4299 530 4351 6
554 4298 696 4361 θεῖος
723 4296 1051 4368 ἐφανεροῦτο
1082 4298 1391 4369 προφήτης.

879 4632 1128 4687 ΚΕΦΑΛ.
1169 4632 1247 4686 8'.

263 4746 409 4816 Περὶ
438 4746 557 4800 τῶν
588 4745 898 4822 deimier
935 4747 1248 4822 Στεφάνου
1282 4747 1389 4822 τοῦ
1424 4750 1842 4822 πρωτομάρτυ-

328 4834 443 4898 ρρε
472 4835 485 4848 ·
520 4818 618 4898 καί
640 4818 719 4882 ὡς
746 4818 1089 4898 nemeae-dic
1109 4818 1262 4898 αὕτιξ
1304 4821 1641 4898 Πουλχερίᾳ
1668 4821 1839 4898 ἐτίμα

332 4884 671 4957 ﬁ'ﬂap’tdlc,
703 4887 802 4938 xui
822 4887 978 4940 νεὼν
1001 4888 1217 4951 ἐκείνῳ
1237 4889 1412 4954 ἐντὸς
1436 4884 1556 4943 tibi
1585 4884 1839 4943 ἀνακτό-

329 4973 459 5025 ρων
490 4958 734 5010 ἀνίστα.

341 5069 502 5130 Πόλις
530 5066 588 5119 δι
622 5064 1052 5135 Καπαργαμάλα
1087 5064 1258 5131 ἐστὶν,
1287 5058 1396 5138 ὲνῇ
1441 5068 1579 5136 μετὰ
1601 5067 1663 5120 τὸ
1697 5085 1838 5138 μαρ‹

261 5161 453 5228 τύριον
486 5157 769 5228 Γαμαλιήλ
803 5160 831 5211 6
863 5156 1073 5211 Παῦλον
1098 5157 1190 5209 τὸν
1218 5160 1518 5212 ἀπόστολον
1554 5160 1837 5229 παιδαγω-

260 5257 465 5321 γὴσας,
532 5251 630 5303 σὺν
690 5249 892 5321 Ἀδίὸῳ
930 5250 1032 5320 υίῷ
1086 5250 1149 5302 τὸ
1193 5252 1352 5320 σῶμα
1404 5254 1678 5321 Στεφάνου
1738 5253 1834 5306 τοῦ

263 5343 733 5414 πρωτομάρτυρος
759 5341 863 5395 ὑπὸ
890 5342 996 5412 γῆν
1018 5342 1257 5409 θέμενοι,
1287 5345 1462 5413 χρόνῳ
1484 5342 1710 5411 ὕστερον
1742 5348 1834 5399 καὶ

259 5438 420 5491 αὐτοὶ
462 5436 806 5507 τεθνηκότες,
838 5435 1065 5504 ἔγγιστα
1101 5435 1198 5488 τοῦ
1243 5435 1497 5504 λειψάνου
1544 5437 1830 5507 ἐτέθησαν.

272 5530 420 5583 Ἀλλ’
455 5531 602 5594 ὅπως
655 5533 754 5600 μὲν
789 5531 968 5582 ἐκεῖνο
998 5529 1226 5600 εὑρεθὲν
1255 5530 1334 5594 είς
1363 5531 1462 5599 τὴν
1492 5530 1833 5583 Κωνσταντί-

258 5637 355 5676 νου
405 5621 763 5690 διεκομίζετο,
799 5619 1055 5688 ἔκδηλον
1089 5620 1163 5683 ὡς
1209 5621 1349 5689 ἀνήρ
1397 5636 1478 5681 τις
1522 5620 1831 5690 συγκλήτου

262 5712 463 5784 βουλῆς
489 5715 655 5767 πολὺν
695 5713 874 5783 ἔρωτα
901 5714 1119 5783 τρέφων
1152 5712 1319 5783 αὐτῷ,
1352 5713 1643 5784 εὐκτήριον
1680 5711 1830 5768 οἷκον

1946 3193 2113 3266 454
2146 3194 2279 3249 illud
2309 3210 2529 3265 quoque
2581 3196 2865 3263 complexa
2899 3196 2971 3249 sit
3016 3212 3028 3247 :
3064 3195 3200 3250 Cum
3241 3196 3371 3250 Joas
3416 3195 3517 3248 Jn-
3576 3187 3581 3192 ’

1949 3288 2078 3342 daea:
2113 3303 2206 3342 rex
2240 3288 2563 3342 Zachariam
2598 3297 2777 3343 vatem
2805 3288 3120 3351 occidisset,
3143 3302 3363 3357 gravem
3390 3302 3518 3341 eum

1949 3379 2185 3447 septimo
2221 3387 2343 3447 post
2386 3377 2476 3431 die
2517 3377 2665 3431 domi
2720 3392 2833 3431 sua:
2859 3379 3141 3447 accepisse
3197 3378 3430 3455 cladem,
3463 3389 3519 3431 et

1948 3482 2011 3521 ex
2050 3467 2176 3521 (iliis
2207 3482 2368 3535 quem
2412 3467 2783 3535 gratissimum
2818 3468 3110 3533 habuerat,
3150 3478 3328 3522 morte
3376 3471 3517 3521 ami-

1950 3558 2114 3612 sisse.
2145 3556 2202 3611 In
2236 3572 2399 3627 quam
2432 3571 2732 3612 aerumnam
2762 3573 2890 3611 cum
2926 3573 2984 3612 se
3023 3558 3103 3612 ira
3151 3558 3339 3611 divina
3383 3574 3518 3611 ron-

1941 3651 2149 3721 jectum
2171 3664 2289 3704 esse
2318 3650 2694 3712 intellexisset,
2719 3664 2954 3719 puerum
2980 3663 3109 3703 eum
3140 3649 3205 3703 ad
3235 3649 3516 3717 prepheta:

1948 3741 2114 3811 pedes
2172 3741 2474 3810 sepebisse,
2529 3740 2697 3795 veluti
2754 3755 2977 3794 causam
3036 3740 3103 3796 de
3165 3741 3363 3811 injuria
3435 3742 3512 3793 illi

1947 3833 2095 3887 illata
2144 3834 2441 3887 dicentem.
2472 3832 2585 3887 lloc
2631 3831 2853 3901 quidem
2907 3834 2986 3886 sic
3037 3832 3348 3901 judicatum
3403 3845 3512 3887 est.

1946 3922 2065 3993 Ipse
2099 3938 2230 3978 vero
2260 3923 2524 3993 prepheta
2556 3937 2678 3976 cum
2713 3923 2901 3977 multis
2937 3924 3221 3979 hominum
3257 3927 3515 3978 :etatihus

1947 4029 2043 4069 seu
2073 4014 2524 4085 generationibus
2561 4015 2614 4067 in
2649 4023 2794 4067 terra
2823 4013 3108 4083 iacuisset,
3142 4014 3279 4067 nihil
3328 4023 3437 4065 tam
3479 4030 3509 4065 n

1946 4105 2268 4176 incorpore
2323 4105 2442 4175 ejus
2499 4104 2735 4159 deﬁcere
2793 4105 2974 4159 visum
3043 4112 3147 4159 est.
3200 4105 3281 4158 Ad
3338 4109 3509 4158 cutim

1945 4212 2121 4266 usque
2152 4206 2365 4256 tonsus,
2406 4206 2615 4249 reetunt
2644 4196 2835 4248 habuit
2863 4211 3082 4258 nasum,
3109 4203 3355 4249 mentum
3396 4209 3507 4247 me.

1946 4291 2212 4347 dioeriter
2271 4289 2604 4351 demissum,
2676 4299 2845 4359 caput
2898 4304 3151 4357 parvum,
3214 4298 3270 4343 et
3321 4288 3514 4343 oeulos

1945 4384 2108 4453 paulo
2132 4384 2297 4438 altius
2318 4381 2626 4451 superciliis
2659 4389 2961 4435 contectus.
2997 4379 3087 4436 Sic
3118 4380 3342 4449 quidem
3374 4379 3517 4433 divi.

1869 4461 1914 4517 ί)
1942 4491 2045 4530 nus
2080 4475 2350 4546 prepheta
2386 4483 2472 4530 est
2507 4473 2912 4527 manifestatus.

2539 4627 2765 4683 CAPUT
2823 4626 2914 4681 IX.

1943 4744 2288 4816 Derreliquiis
2318 4744 2572 4816 Stephani
2600 4744 2758 4812 primi
2798 4740 3050 4816 martyris
3073 4752 3092 4791 :
3114 4754 3285 4816 quam
3305 4740 3506 4816 magni-

2011 4815 2107 4883 ﬁce
2143 4809 2230 4868 ea;
2263 4809 2542 4867 Pulcheria
2574 4809 2823 4866 venerata
2846 4812 2935 4876 sit,
2971 4809 3166 4878 templo
3198 4811 3244 4863 ei
3268 4810 3322 4863 in
3368 4812 3510 4877 regia

2012 4892 2299 4938 exstructo.

2010 5061 2217 5118 Civitas
2265 5069 2449 5115 autem
2502 5058 2897 5128 Capargamala
2946 5066 3056 5121 est,
3120 5057 3173 5111 in
3221 5073 3325 5126 qua
3386 5064 3510 5125 post

1940 5155 2264 5223 martyrium
2334 5153 2694 5216 absolutum,
2762 5150 3054 5214 Gamaliel,
3118 5149 3213 5219 qui
3281 5148 3506 5202 Paulum

1937 5249 2244 5319 apostolum
2305 5246 2476 5299 veluti
2539 5244 2871 5313 paedagogus
2927 5244 3186 5308 instituit,
3235 5258 3340 5296 una
3380 5256 3504 5295 eum

1934 5342 2111 5397 Abibo
2147 5341 2281 5403 ﬁlio,
2317 5338 2576 5407 Stephani
2611 5337 2772 5407 primi
2810 5336 3063 5407 martyris
3102 5349 3303 5404 corpus
3354 5349 3510 5402 sepe-

1934 5437 2040 5492 liit.
2074 5433 2179 5489 Ubi
2220 5450 2352 5489 vero
2401 5442 2457 5487 et
2495 5432 2599 5502 ipsi
2658 5440 2846 5501 postea
2903 5442 3134 5483 mortem
3194 5428 3501 5497 oppetiere,

1937 5531 2186 5599 proxime
2224 5528 2373 5582 circa
2407 5525 2672 5594 reliquias
2699 5540 2793 5577 eas
2830 5523 2991 5591 positi
3052 5529 3198 5574 sunt.
3229 5518 3499 5574 Caeterum

1933 5620 2395 5691 quemadmodum
2482 5619 2585 5672 illae
2663 5627 2891 5684 reperta:
2967 5613 3498 5683 Constantinopolim

1934 5720 2231 5782 deportata:
2261 5713 2390 5776 sint,
2429 5711 2558 5763 satis
2588 5716 2820 5762 constat.
2858 5705 3202 5761 Senatorium
3241 5705 3500 5759 videlicet
