3898 6192
174 323 316 389 1085

1094 339 1699 402 ECCLESMSTlCtE
1732 345 2120 411 HISTORI/E
2160 354 2305 417 LIB.
2349 358 2503 421 XlV.

2692 411 2704 441 ,
3282 360 3425 424 mss

172 436 272 486 καὶ
307 436 446 507 αὐτὴ
476 437 533 490 δὲ
569 438 786 510 σύναμα
819 443 1064 515 τάδελφῷ
1088 448 1274 501 εἵπετο
1299 467 1312 482 ·
1348 451 1418 502 τά
1441 441 1670 520 λείψανά
1692 471 1751 506 τε

1867 463 2171 531 propinquo
2200 476 2397 534 praesto
2435 470 2530 523 tibi
2567 436 2715 534 sum,
2767 469 3136 525 Chalcedonis
3175 471 3418 538 hospitio

170 526 552 620 ιίσδεξαμένη.
604 535 696 588 ἐπὶ
742 536 802 588 τὸ
855 539 1158 610 ἀνάκτορον
1194 544 1291 596 σὺν
1333 546 1473 599 αἰδοῖ
1518 547 1746 620 πλείστῃ

175 619 275 720 καὶ
302 623 602 720 κοσμότητι
666 628 910 697 προῆγεν
969 632 1266 701 ὑπερφυῶς
1327 637 1581 705 ήδομένη.
1639 619 1748 693 Καὶ

170 716 346 763 ταῦτα
369 716 740 784 καταθεμένη,
774 723 870 773 καὶ
889 722 1016 775 ναὸν
1040 725 1222 794 πολλῷ
1245 725 1320 796 τῷ
1345 729 1533 782 κάλλει
1560 732 1749 801 χρυσῷ

174 801 273 854 καὶ
307 803 470 858 λίθων
506 809 652 879 αὐγῇ
699 811 1164 882 ἀπαστράπτοντα
1211 819 1505 889 ἀνεγείρει,
1560 821 1748 889 διαφε-

176 894 382 961 ρόντως
408 899 626 967 τιμῶσα
657 902 747 954 τὸν
783 906 1251 977 πρωτομάρτυρα.
1298 909 1457 963 Ἀλλά
1493 912 1586 964 καὶ
1623 913 1749 981 περὶ

179 985 283 1054 μὲν
314 988 522 1043 τούτων
552 986 654 1045 ὧδε
685 983 877 1061 ἐγνῶν.

171 1086 229 1130 et
273 1081 680 1148 magniﬁcentia
711 1087 995 1155 produxit,
1029 1090 1216 1159 ibique
1260 1093 1510 1161 reposuit

1857 562 2037 608 utens.
2073 574 2092 606 ›
2141 557 2419 612 \‘isionem
2463 576 2584 614 eam
2635 562 2797 616 simul
2855 571 3019 630 alque
3069 577 3190 614 cum
3247 565 3415 617 fratre

1858 647 2306 713 communicavit,
2343 652 2633 706 confestim
2671 653 2864 707 civitas
2909 663 3018 706 tota
3067 669 3127 707 se
3168 653 3222 706 in
3269 668 3418 708 mare

1855 735 2029 799 dedit,
2063 738 2333 808 undisque
2360 742 2587 809 perinde
2619 754 2780 812 atque
2803 744 3108 797 Continenti
3164 759 3257 797 usa
3279 753 3364 798 est
3397 761 3416 799 :

1855 825 2084 895 ipsaque
2138 831 2302 883 etiam
2369 832 2656 888 Pulcheria
2711 851 2833 888 cum
2895 841 3060 888 l‘ratre
3117 835 3414 890 subsecuta

1853 926 1961 979 est,
2004 918 2361 989 reluqniisque
2408 925 2673 994 exceptis,
2711 926 2764 979 in
2814 927 3015 994 regiam
3069 941 3166 979 eas
3216 926 3416 979 laetitiae

1857 1020 2085 1060 somnne
2140 1009 2318 1077 plena,
2377 1029 2499 1067 cum
2565 1016 2799 1068 maxima
2853 1016 3200 1070 observantia
3255 1015 3418 1086 458

1561 1112 1574 1148 :
1618 1094 1820 1163 tempio
1890 1097 2118 1168 insuper
2183 1103 2392 1173 ingenti
2454 1117 2508 1160 et
2539 1108 2794 1175 pulchro,
2825 1109 2942 1160 auri
2997 1119 3052 1161 et
3108 1107 3416 1176 lapillorum

175 1174 390 1245 fulgore
437 1179 728 1246 relucenti.
757 1196 980 1254 propter
1015 1188 1356 1256 praecipuum
1404 1205 1512 1258 quo
1567 1201 2026 1264 protomartyrem
2095 1212 2386 1266 prosecuta
2427 1212 2513 1256 est
2545 1174 2550 1175 γ
2583 1205 2869 1269 honorem,
2935 1174 3238 1258 exstructo.
3290 1204 3420 1270 Qua:

175 1271 246 1324 de
276 1271 362 1326 his
393 1276 657 1344 comperi,
696 1277 816 1332 haec
845 1290 998 1334 sunt.

793 1393 1048 1448 ΚΕΦΑΛ.
1089 1393 1142 1446 l'.

176 1477 320 1564 Περί
346 1477 455 1564 τῆς
476 1481 772 1547 εὑρέσεως
796 1482 915 1564 τῶν
931 1485 1240 1564 λειψάινωζ
1269 1487 1386 1564 ζῶν
1407 1491 1748 1564 ἁγίων-τεοῖ-

249 1554 598 1614 σαρᾰιιοντα
619 1554 935 1636 μαρτύρων
959 1555 1074 1608 τῶν
1098 1557 1169 1608 ἐν
1193 1554 1518 1626 Σεϐαστείᾳ
1548 1561 1620 1627 τῇ
1654 1562 1746 1612 λί-

247 1635 370 1686 μνῃ
407 1635 943 1688 μαρτυρησάντων.

258 1735 322 1785 Ὃ
354 1735 408 1785 δὲ
439 1735 720 1804 προφανὴς
755 1736 1034 1804 θεοφιλίας
1078 1738 1294 1808 ἔλεγχος
1346 1742 1441 1810 τῆς
1480 1743 1747 1812 βασιλίδἰς

179 1827 321 1890 ἐστὶ,
346 1827 440 1878 καὶ
466 1827 929 1896 ἐκκλησιαστικῆς
951 1829 1192 1896 ἱστορίας
1215 1832 1315 1882 οὐκ
1337 1835 1572 1900 ἀμοιρεῖ,
1597 1833 1751 1886 δώσω

177 1917 289 1984 ήδη
320 1917 400 1984 τῷ
431 1919 593 1986 λόγῳ,
648 1917 694 1967 εἰ
735 1920 829 1969 καὶ
879 1918 1060 1988 χρόνῳ
1104 1919 1333 1988 ὕστερον
1367 1921 1586 1990 συνεση,
1622 1925 1753 1988 περὶ

177 2006 292 2056 τῶν
330 2007 681 2075 μαρτυρικῶν
732 2005 1000 2074 λειψάνων
1047 2008 1157 2060 τῶν
1202 2010 1608 2076 τεσσαράκοντα
1655 2010 1756 2079 τὴ)

177 2095 439 2160 εὕρεσιν,
503 2096 814 2157 ξενίζουσαν
874 2094 996 2162 ἔχον
1050 2096 1324 2164 διήγησιν.
1385 2097 1618 2148 Εὑσεόἰα
1671 2115 1754 2161 τις

176 2186 328 2253 γυνὴ
361 2186 430 2236 τά
462 2185 802 2237 Μακεδονίου
855 2184 1152 2252 φρονοῦσα,
1211 2187 1308 2238 καὶ
1355 2186 1454 2254 τὴν
1505 2187 1754 2239 διακόνου

174 2279 343 2339 τάξιν
369 2281 434 2347 τῇ
461 2279 688 2330 ἐκείνων
754 2277 1020 2347 ἐκκλησίᾳ
1064 2278 1486 2347 ἀποπληροῦσα,
1525 2285 1629 2348 πρὸ
1662 2279 1755 2331 τοῦ

175 2370 398 2439 τείχους
451 2370 548 2438 τῆς
594 2370 1008 2422 Κωνσταντίνου
1055 2369 1262 2434 οἴκημά
1309 2387 1365 2422 τι
1421 2375 1514 2422 καὶ
1559 2371 1757 2437 κηπίον

178 2462 473 2528 ἐκέκτητο.
510 2462 675 2513 Ἔνθα
712 2461 776 2530 δὴ
813 2460 1046 2528 λείψανα
1097 2461 1440 2529 φυλάττουσα
1492 2454 1605 2530 εἶχε
1651 2460 1757 2511 τῶν

179 2556 248 2604 ιν
273 2553 572 2623 Σεϐαστείᾳ
605 2555 672 2621 τῇ
709 2552 872 2622 λίμνῃ
921 2553 1403 2621 διαγωνισαμένων
1451 2553 1588 2621 ὑπὲρ
1622 2551 1757 2620 Χρι-

181 2644 322 2696 στοῦ
378 2646 728 2714 στρατιωτῶν
772 2645 1212 2712 τεσσαράκοντα.
1279 2642 1363 2706 Ὧς
1405 2643 1462 2695 δὲ
1506 2643 1759 2714 τελευτᾷν

180 2736 441 2806 ἐμελλεν,
465 2737 832 2805 όμοθρήσκοις
859 2738 970 2788 τισὶ
1001 2737 1253 2804 μοναχοῖς
1279 2735 1366 2786 τὸν
1389 2734 1563 2804 χῶρον
1592 2734 1757 2796 ὲῶσα,

181 2828 397 2898 ὅρκοιςξ
426 2829 623 2889 αὐτοὺς
685 2827 1040 2895 κατεδέσμει,
1095 2829 1274 2879 ὲκξίσε
1311 2827 1409 2895 μὲν
1462 2826 1632 2894 αὐτὴν
1667 2825 1762 2876 θά-

188 2938 375 2978 πτειν.
410 2921 547 2973 ἰδίαν
575 2920 632 2972 δὲ
665 2922 822 2989 σορὸν
856 2919 1143 2984 ξέσαντας,
1174 2921 1268 2971 καὶ¹
1299 2919 1365 2971 τὰ
1412 2917 1518 2970 τῶν
1556 2917 1762 2986 μαρτύ-

193 3030 309 3081 ρων
338 3011 660 3080 ἐνθεμένους
693 3011 939 3080 λείψανα,
970 3011 1111 3081 ὑπὲρ
1156 3010 1395 3078 κεφαλῆς
1427 3009 1563 3079 αὐτῇ
1597 3024 1764 3061 κατα-

2474 1405 2696 1462 CAPUT
2720 1406 2787 1460 Χ.

1859 1491 1932 1545 De
1985 1499 2283 1550 inventione
2329 1499 2672 1567 reliquiarum
2718 1509 3020 1551 sanctorum
3064 1499 3418 1567 quadraginta

1927 1575 2246 1632 martyrum,
2300 1569 2388 1636 qui
2440 1570 2509 1620 ad
2561 1567 2853 1621 Sebastiani
2899 1569 2952 1620 in
3003 1570 3119 1619 lacu
3166 1571 3418 1637 martyrio

1925 1648 2043 1686 sunt
2071 1638 2351 1703 perfuncti.

1931 1744 2124 1799 Verum
2155 1750 2454 1812 enimvero,
2516 1751 2658 1818 quod
2695 1750 3044 1804 manifestum
3077 1760 3161 1803 est
3201 1749 3420 1816 pietatis

1855 1833 2070 1889 femina:
2101 1838 2218 1905 ejus
2253 1838 2538 1901 indicium,
2587 1853 2641 1892 et
2693 1851 2984 1908 prop-terea
3025 1840 3420 1894 ecclesiastica:

1855 1926 2096 1981 historiae
2128 1931 2418 1991 insertum,
2451 1932 2698 1997 quamvis
2751 1933 2936 2000 aliquo
2996 1941 3119 1996 post
3173 1941 3420 1998 tempore

1854 2020 2070 2083 accidit,
2101 2035 2302 2074 novum
2340 2021 2596 2091 quiddam
2645 2033 2701 2075 et
2732 2023 3113 2076 admirandum
3186 2023 3418 2084 habens,

1854 2110 1922 2162 de
1953 2111 2266 2166 inventione
2296 2113 2653 2181 reliquiarum
2703 2114 3060 2182 quadraginta
3098 2124 3418 2184 martyrum,

1855 2201 1995 2269 stylo
2027 2217 2343 2270 persequar.
2381 2202 2610 2257 Eusebia
2648 2205 2894 2270 quadam
2923 2203 3128 2258 femina
3163 2203 3419 2258 Macedo-

1857 2293 1933 2345 nii
1961 2303 2143 2357 secta,
2177 2304 2233 2347 et
2253 2293 2578 2348 diaconissae
2607 2296 2663 2349 in
2691 2294 3210 2349 Macedonianorum
3244 2295 3422 2348 eccle-

1858 2382 1937 2437 sia
1989 2398 2214 2436 inunere
2243 2383 2495 2452 fungens,
2526 2393 2678 2437 extra
2705 2399 2892 2438 muros
2916 2383 3427 2454 ConstantinOpoli-

1860 2482 1996 2528 tanae
2037 2475 2190 2529 urbis
2229 2475 2568 2529 domicilium
2634 2484 2689 2529 et
2736 2475 3017 2529 hortulum
3053 2475 3247 2530 habuit
3283 2493 3297 2530 :
3330 2476 3424 2530 ubi

1863 2567 2126 2635 reliquias
2178 2568 2541 2637 quadraginta
2587 2568 2862 2634 militum,
2915 2568 3009 2632 qui
3071 2568 3125 2622 in
3181 2567 3300 2622 lacu
3357 2568 3424 2621 ad

1864 2657 2166 2712 Sebastiam
2246 2659 2588 2727 temporibus
2674 2659 2872 2713 Licinii
2971 2669 3252 2712 certamen
3327 2673 3426 2726 pro

1859 2747 2079 2803 Christo
2093 2749 2303 2815 obiere,
2326 2749 2647 2805 asservavit.
2675 2751 2747 2804 Ea
2778 2749 3065 2814 moritura,
3091 2748 3425 2818 quibusdam

1861 2841 2102 2909 ejusdem
2132 2841 2405 2910 religionis
2431 2843 2714 2897 monachis
2736 2842 2911 2898 locum
2936 2857 3063 2896 eum
3095 2841 3430 2911 relinquens,

1859 2929 2218 2999 jurejurando
2246 2945 2342 2983 eos
2372 2929 2576 2998 adegit,
2621 2943 2678 2984 ut
2706 2946 2826 2984 eam
2878 2930 2955 2984 ibi
2995 2930 3316 2998 sepelirent,
3372 2939 3431 2983 et

1865 3035 2030 3087 supra
2053 3030 2216 3089 caput
2245 3020 2366 3089 ejus
2411 3021 2626 3074 tumqu
2653 3021 2859 3084 exciso,
2895 3032 3194 3091 martyrum
3225 3035 3349 3074 Ossa
3375 3019 3430 3074 in

193 3105 403 3156 θεῖναι*
449 3104 640 3171 μηδενὶ
685 3105 740 3155 δὲ
791 3105 850 3154 τὸ
887 3104 1128 3172 πραχθὲν
1167 3102 1520 3170 ἀπαγγεῖλαι.
1561 3101 1624 3153 Oi
1670 3101 1762 3169 μὲν

1868 3123 1934 3162 eo
1962 3118 2312 3178 reponerent,
2362 3124 2543 3180 neque
2599 3111 2857 3179 cuiquam
2899 3125 3014 3163 rcm
3060 3125 3180 3164 eam
3225 3110 3435 3163 revela-

194 3193 290 3249 οὖν
320 3191 420 3248 ὦδε
451 3195 666 3248 ἐποίουν
686 3210 702 3226 ο
733 3196 930 3249 ἐκεῖνοι
959 3196 1017 3248 δὲ
1051 3196 1164 3258 τοῖς
1202 3195 1440 3265 μάρτυσι
1469 3191 1766 3263 χαριζόμε-

195 3303 276 3336 νοι
311 3287 403 3339 καὶ
439 3285 535 3355 τὴν
568 3286 954 3354 προσήκουσαν
981 3283 1276 3354 θεραπείαν
1317 3285 1612 3352 ἀπονεῖμαι
1648 3282 1770 3352 βουο

197 3378 438 3444 λόμενοι,
503 3378 636 3446 πρὸς
682 3376 739 3428 δὲ
792 3378 890 3428 καὶ
940 3377 1008 3428 τά
1063 3375 1422 3444 ὑπεσχημένα
1473 3373 1769 3440 φυλάττειν

201 3469 636 3538 ὀκαινοτόμητα,
688 3468 829 3522 ὥστε
865 3468 1072 3537 μηδένα
1123 3467 1324 3519 εἰδέναι
1383 3467 1491 3518 τῶν
1545 3465 1766 3530 ἔξωθεν,

199 3562 454 3628 ὑπόγειόν
483 3579 601 3613 τινα
632 3557 780 3614 οἶκον
823 3560 1113 3627 εὐκτήριον
1140 3559 1273 3626 περὶ
1305 3557 1404 3626 τὴν
1437 3555 1594 3625 θίὸην
1623 3555 1769 3620 ἐγεί-

197 3670 392 3722 ρουσιν
423 3654 708 3714 Εὐσεδίας,
749 3652 957 3705 ἄνωθεν
988 3651 1228 3712 πλίνθοις
1274 3650 1469 3710 ὀπταῖς
1507 3647 1770 3706 ἰσοπέδως

194 3747 642 3814 ἀμφιασάμενοι,
697 3745 790 3796 καί
836 3760 958 3796 τινα
993 3741 1280 3811 λεληθυῖαν
1331 3738 1632 3792 κατάϐασιν
1681 3740 1771 3792 ἐπὶ

194 3841 328 3898 τοὺς
357 3837 641 3906 μάρτυρας
675 3835 974 3889 ἐποιοῦντο.
1009 3833 1201 3903 Χρόνῳ
1247 3832 1305 3885 δὲ
1351 3831 1600 3898 ὕστερον,
1635 3831 1772 3883 Και-

199 3928 395 3993 σάριός
423 3944 510 3988 τις
555 3927 696 3996 dvigp
746 3927 836 3976 ἐπὶ
867 3925 1014 3992 μέγα
1054 3923 1336 3991 δυνάμεως
1369 3919 1667 3989 προελθὼν,
1693 3919 1770 3980 ὡς

196 4021 298 4073 καί
331 4019 540 4071 ὑπάτου
576 4020 671 4071 καὶ
711 4017 959 4085 ὑπάρχου
1001 4013 1334 4082 τετιμῆσθαι
1367 4011 1520 4080 ἀξία,
1551 4009 1649 4080 τὴν
1695 4010 1772 4061 οἱ-

201 4111 365 4164 κείαν
393 4110 640 4178 γαμετὴν
684 4107 950 4161 θανοῦσαν
1017 4105 1167 4174 παρὰ
1223 4103 1322 4172 τὴν
1383 4102 1537 4171 σορὸν
1605 4101 1765 4152 Εὐσε-

198 4205 328 4265 είας
383 4203 616 4254 ἔθαπτε·
677 4199 838 4252 τοῦτο
905 4197 1013 4265 γὰρ
1066 4195 1344 4248 συνεδόκει
1415 4191 1639 4251 ταύταις
1690 4191 1771 4242 ἔτι

197 4293 546 4363 περιούσαις,
602 4290 808 4359 σφόδρα
858 4289 974 4357 δῆτ’
1019 4287 1281 4354 ἀλλήλαις
1325 4282 1768 4352 κεχαρισμέναις,

199 4389 302 4441 καὶ
367 4385 496 4454 περὶ
555 4385 617 4436 τὸ
687 4383 866 4450 δόγμα
916 4383 1018 4447 τῆς
1075 4377 1372 4447 θρησκείας
1439 4373 1771 4444 ὁμοφρονού-

201 4494 350 4538 σαις.
405 4478 470 4528 ὐ
517 4475 583 4544 δὴ
637 4476 733 4524 καὶ
780 4471 1070 4538 Καισαρίῳ
1102 4469 1376 4538 πρόφασις
1407 4466 1648 4532 ἐγεγόνει
1678 4463 1767 4514 τὸν

201 4569 383 4639 χῶρον
440 4569 647 4619 ἐκεῖνον
705 4561 1103 4633 κληρώσασθαι
1132 4601 1146 4625 ,
1229 4561 1288 4611 ἐν
1342 4557 1417 4622 νῷ
1474 4555 1611 4623 ἔχων
1676 4555 1767 4607 καὶ

198 4660 366 4720 αὐτὸς
429 4657 644 4725 σύναμα
696 4659 765 4723 τῇ
832 4655 1052 4718 γυναικὶ
1111 4651 1286 4718 ταφῆς
1345 4647 1645 4701 κοινωνεῖν.
1704 4644 1771 4695 Οἵ

197 4771 268 4821 γε
325 4753 431 4819 μὴν
483 4749 707 4818 μοναχοὶ
775 4746 944 4814 μηδέν
1004 4760 1056 4794 τι
1114 4745 1243 4809 περὶ
1308 4739 1416 4793 τῶν
1471 4738 1768 4807 μαρτύρων

196 4840 716 4911 καταμηνύσαντες,
787 4837 929 4888 κατά
984 4835 1053 4886 τὰ
1093 4831 1447 4899 συγκείμενα,
1478 4830 1576 4898 τῆς
1617 4829 1768 4879 Κων-

200 4937 491 4988 σταντίνου
529 4935 863 4999 ἀπάραντες,
905 4925 1223 4994 μετέϐαινον
1253 4920 1510 4989 ἀλλαχοῦ.
1580 4919 1683 4970 Τοῦ
1711 4917 1769 4968 δὲ

199 5030 349 5096 ὑπὲρ
381 5025 478 5093 τὴν
512 5023 668 5092 σορὸν
726 5017 1042 5088 πρυφανοῦς
1101 5017 1401 5083 οἰκήματος
1457 5011 1532 5078 τῷ
1591 5011 1768 5080 χρόνῳ

199 5119 549 5187 κεκμηκότος
582 5116 669 5167 καὶ
696 5111 1122 5171 καταπεσόντος,
1180 5102 1376 5156 πολλοῦ
1430 5119 1490 5154 τε
1531 5103 1768 5172 φορυτοῦ

198 5208 694 5277 ὲπισωρευθὲντος,
728 5205 836 5264 πᾶς
865 5204 892 5253 ὁ
923 5202 1046 5270 τῇδε
1069 5199 1244 5267 χῶρος
1283 5197 1483 5265 ὁμαλὸς
1513 5193 1600 5266 ἦν’
1647 5193 1769 5247 ἐπεί

195 5301 286 5352 τοί
317 5316 377 5365 γε
407 5301 434 5350 ὀ
463 5297 750 5365 εἰρημένος,
807 5295 1109 5361 Καισάριος
1160 5291 1357 5359 Θᾶρσῳ
1397 5288 1473 5359 τῷ
1529 5288 1770 5357 μάρτυρι

198 5390 589 5462 χαριζόμενος,
672 5387 808 5439 νεὼν
874 5385 1270 5454 μεγαλοπρεπῆ
1315 5385 1496 5434 ἐκεῖσε
1551 5380 1767 5437 ἀνίστα.

213 5484 426 5537 Ἐδόκει
451 5481 508 5532 δὲ
539 5479 649 5545 ἄρα
687 5478 826 5548 Θεῷ,
861 5476 1176 5543 ἐξεπίτηδες
1244 5472 1612 5541 ἀφανισθῆναι
1679 5472 1771 5521 τὸν

201 5577 408 5648 χῶρον,
442 5573 534 5625 καὶ
561 5571 811 5624 τοσοῦτον
872 5570 1062 5638 χρόνον
1109 5567 1475 5636 διαγενέσθαι*
1533 5579 1774 5632 περιφα-

293 5711 366 5776 (l)
410 5709 620 5762 Sozam.
659 5707 752 5761 lih.
790 5722 864 5769 ιι,
896 5721 1013 5774 cap.
1042 5704 1095 5756 Ξ.

1870 3211 2013 3255 rent.
2055 3201 2111 3255 ld
2151 3202 2228 3255 illi
2253 3202 2328 3255 ita
2355 3202 2582 3256 fecere:
2623 3201 3068 3271 martyribusque
3111 3198 3431 3269 gratiﬁcari,

1868 3298 1924 3344 et
1949 3291 2152 3344 cultum
2178 3291 2420 3345 debitum
2449 3301 2732 3359 praestare,
2770 3300 2884 3343 tum
2938 3299 3120 3343 autem
3163 3288 3434 3358 promissa

1870 3382 2080 3448 integra
2121 3397 2338 3436 servare
2364 3381 2630 3443 volentes.
2670 3398 2740 3434 ne
2768 3391 3122 3436 externorum
3161 3379 3431 3448 quispiam

1869 3471 1922 3525 id
1961 3473 2146 3537 sciret,
2184 3473 2610 3527 subterraneum
2657 3471 2947 3525 delubrum
2980 3471 3125 3524 circa
3157 3471 3428 3523 tumulum

1872 3560 2115 3616 Eusebia:
2144 3564 2479 3624 excitarunt,
2539 3563 2990 3630 superioremque
3048 3561 3168 3630 cjus
3216 3570 3428 3628 partem

1869 3654 1987 3706 solo
2018 3653 2256 3722 quodam
2304 3653 2468 3721 plano
2513 3669 2580 3708 ex
2627 3654 2798 3706 latere
2841 3661 2999 3708 cocto
3049 3660 3427 3721 contegcntcs.

1871 3745 2048 3799 scalas
2095 3747 2330 3800 latentes
2364 3761 2484 3814 quae
2531 3746 2598 3799 ad
2635 3754 2904 3814 martyres
2940 3744 3232 3809 ducebant,
3282 3753 3433 3796 stru-

1870 3846 2088 3890 xerunt.
2124 3837 2316 3890 Postea
2347 3845 2531 3890 autem
2591 3836 2862 3889 Caesarius
2912 3835 3135 3904 quidam
3171 3834 3275 3899 vir,
3337 3835 3431 3903 qui

1873 3928 1935 3980 ad
1968 3943 2188 3996 magnas
2216 3943 2350 3995 opes
2381 3928 2741 3995 pervenisset,
2796 3927 2870 3978 ita
2906 3935 2965 3979 ut
3010 3936 3066 3979 et
3109 3926 3430 3978 consulatus

1869 4030 1926 4074 et
1954 4021 2292 4088 prec-lectura!
2324 4020 2531 4073 honore
2560 4019 2782 4074 functus
2815 4019 2907 4084 sit,
2940 4018 3229 4088 conjugem
3274 4031 3425 4070 suam

1871 4121 2142 4166 mortuam
2175 4112 2328 4180 juxta
2357 4111 2608 4165 Eusebia:
2663 4110 2934 4163 tumulum
2989 4108 3256 4162 humavit.
3314 4108 3429 4162 lloc

1871 4201 2016 4256 enim
2047 4200 2127 4255 sic
2161 4201 2376 4270 utrique
2399 4199 2580 4253 adhuc
2601 4199 2904 4268 superstiti,
2943 4214 3041 4267 pro
3071 4207 3256 4251 mutua
3289 4199 3432 4252 inter

1871 4309 1929 4347 se
1952 4292 2147 4362 gratia,
2178 4303 2232 4347 et
2253 4292 2517 4347 concordi
2538 4293 2783 4362 ejusdem
2822 4291 3102 4361 religionis
3133 4291 3434 4344 observan-

1875 4385 1948 4438 tia
1982 4385 2258 4452 placuerat
2298 4404 2311 4436 :
2349 4400 2467 4454 quae
2507 4399 2594 4438 res
2631 4385 2686 4437 in
2720 4398 2882 4438 causa
2925 4383 3049 4446 fuit,
3079 4392 3136 4436 ut
3159 4379 3456 4465 Caesarius.

1869 4478 2050 4532 locum
2076 4494 2200 4532 eum
2231 4485 2439 4532 emeret
2466 4477 2564 4542 (l),
2598 4477 2652 4530 in
2689 4476 2872 4529 animo
2919 4485 2976 4528 et
3027 4474 3142 4542 ipse
3200 4473 3427 4534 habens,

1871 4584 2222 4623 communem
2283 4568 2359 4622 ibi
2418 4583 2541 4621 cum
2597 4581 2765 4620 uxore
2813 4566 3155 4634 sepulturam
3218 4562 3428 4617 sortiri.

1869 4658 2031 4730 457
2069 4659 2340 4719 Monachi.
2369 4673 2494 4712 cum
2531 4657 2666 4710 nihil
2717 4657 2784 4709 de
2828 4656 3160 4724 martyribus
3198 4653 3430 4706 indicas-

1870 4761 2012 4813 sent,
2045 4749 2206 4804 sicuti
2239 4756 2597 4812 convenerat,
2622 4745 3094 4814 Constantinopoli
3137 4743 3430 4798 disceden-

1872 4851 1973 4903 tes,
1996 4842 2104 4894 alio
2125 4839 2445 4908 migrarunt.
2473 4839 2767 4906 Postquam
2791 4852 2922 4891 vero
2947 4835 3239 4890 aedilicium
3269 4850 3432 4902 super

1872 4932 2080 4987 tumulo
2106 4946 2173 4985 eo
2211 4940 2371 4984 antea
2404 4939 2597 4998 aperte
2633 4939 3035 4992 constructum,
3070 4926 3334 4995 temporis
3376 4926 3429 4979 vi

1871 5022 2112 5076 dirutum
2137 5020 2490 5083 concidisset,
2523 5028 2580 5072 et
2608 5019 2903 5074 ruderibus
2937 5018 3091 5074 locus
3139 5026 3431 5084 congestus

1871 5119 2042 5172 esset,
2081 5119 2192 5163 tota
2222 5124 2285 5163 ea
2314 5109 2465 5178 regio
2495 5117 2776 5177 exaequata
2817 5119 2902 5164 cst
2952 5124 2966 5162 :
3003 5123 3126 5163 cum
3175 5106 3435 5162 videlicet

1871 5216 2032 5269 quem
2050 5198 2286 5252 diximus
2305 5197 2574 5252 Gazsarius
2597 5197 2806 5268 Thyrso
2833 5197 3058 5266 martyri
3083 5196 3424 5266 gratiﬁcans,

1873 5294 2218 5361 magniﬁcum
2253 5292 2326 5347 ibi
2347 5291 2456 5345 Deo
2485 5291 2770 5345 aediﬁcavit
2797 5291 3081 5360 templum.
3106 5288 3219 5343 Deo
3249 5295 3429 5342 autem

1875 5386 1976 5454 ipsi
2009 5387 2183 5439 visum
2207 5394 2310 5450 est,
2335 5400 2400 5439 ex
2423 5385 2727 5452 composito
2759 5383 2939 5438 locum
2989 5395 3113 5434 eum
3135 5375 3214 5439 ita
3233 5378 3435 5432 obscu-

1877 5492 1998 5530 rum
2033 5475 2148 5530 ﬁeri
2179 5498 2192 5530 ;
2219 5490 2274 5528 et
2311 5486 2420 5528 tam
2453 5475 2675 5543 Iungunt
2706 5484 2924 5542 tempus
2952 5471 3326 5530 intercedere.
3372 5479 3437 5522 ut

1878 5583 1944 5623 co
1978 5567 2334 5622 illustriorem
2377 5565 2756 5622 inventionem
2789 5573 2845 5618 et
2871 5561 3192 5618 inventricis
3221 5574 3349 5630 erga
3376 5572 3438 5614 se
