3898 6192
135 279 254 342 108'!

1064 276 1664 341 ECCLESE‘ASTICIE
1709 276 2097 337 HISTORLE
2142 279 2283 339 LIB.
2331 278 2485 339 XIV.

2088 116 2117 131 κ

3232 271 3368 335 1090

135 412 200 461 μα
251 395 435 463 ὡσπερ
490 395 570 458 εἰς
615 396 768 465 ἱερὰν
818 395 1100 465 τράπεζαν
1149 395 1523 449 διεσκεύαστο.
1572 390 1697 446 Ἐπ’

1813 407 1933 447 vero
1964 393 2131 446 loculi
2175 392 2227 445 in
2278 391 2515 446 formam
2564 402 2731 443 sacra:
2778 400 2974 439 mensa
3025 384 3364 439 elaboratum

130 487 265 555 ἄκρῳ
290 486 346 539 δὲ
380 486 482 555 τῆς
511 486 779 555 κεφαλῆς,
810 488 897 555 ἐφ’
926 481 968 555 ᾧ
1016 488 1066 539 οἱ
1118 489 1398 558 μάρτυρες
1455 487 1684 548 ἔκειντο,

129 579 224 647 όπή
246 595 321 637 τις
344 577 575 646 βραχεῖα
597 579 853 647 ἠνοίγειτο
906 583 974 649 τῇ
1026 580 1218 645 πλακὶ,
1289 581 1346 631 ἐν
1471 595 1556 639 τις
1583 577 1689 628 τῶν

130 670 188 719 ἐκ
213 664 294 719 τοῦ
330 666 611 735 βασιλικοῦ
644 665 953 738 παρεστὼς,
1005 667 1074 738 ἢν
1130 668 1428 738 ἐπεφέρετο
1483 664 1690 734 λεπτὴν

131 758 611 829 ῥάὸδονκαθίησινο
678 753 1102 828 εἴτ’όινιμήσας,
1155 761 1220 829 τῇ
1263 759 1372 828 ῥινὶ
1419 760 1687 826 προσῆγε.

130 852 216 902 καὶ
246 852 483 921 ἀρρήτου
515 854 614 915 τῆς
642 852 873 909 εὐωδίας
895 850 1258 921 ὠσφραίνετο.
1298 852 1377 903 Δι’
1401 847 1461 904 οὗ
1508 852 1619 910 τοῖς
1644 850 1691 900 τ’

131 943 384 1009 ἐφεστῶσι
407 943 486 1010 τῷ
518 942 685 1012 ἔργῳ,
725 943 818 996 καὶ
850 945 964 1005 τοῖς
990 943 1462 1010 διαπονουμένοις,
1491 939 1694 1007 ἀγαθαὶ

132 1036 481 1101 προῦπήντων
509 1034 750 1098 ἐλπίδες.
784 1036 960 1105 Τάχος
993 1035 1039 1089 δ’
1070 1036 1195 1088 ὅσον
1238 1031 1694 1100 ἀνακαλύψαντες

130 1125 220 1193 τὴν
249 1126 424 1191 copim,
467 1124 726 1194 εὕρισκον
753 1125 851 1196 τὴν
884 1126 1179 1192 Εὐσεὸίαν,
1227 1123 1521 1193 εὐπρεπῶς
1551 1123 1696 1193 μάλα

132 1218 396 1284 κειμένην·
424 1216 519 1268 καὶ⁸
550 1215 610 1267 τὸ
645 1217 781 1286 πρὸς
811 1217 1058 1287 κεφαλὴν
1088 1216 1365 1285 κείμενον,
1392 1220 1471 1278 είς
1525 1214 1695 1268 κιόωο

132 1304 220 1357 τοῦ
269 1309 453 1375 σχῆμα
481 1307 689 1375 ἐξέχον,
756 1310 956 1378 ἄριστα
1024 1308 1472 1378 περιεξεσμένον,
1523 1306 1698 1378 ἑτέρῳ

133 1398 341 1466 πώματι
420 1397 631 1450 ἔνδοθεν
662 1399 1017 1452 ἐκαλύπτετο.
1060 1397 1344 1467 Ἐκατέρῳ
1400 1397 1458 1450 δέ
1523 1397 1697 1465 χείλει

130 1489 221 1543 τοῦ
245 1489 573 1557 ἐπιθέματος
597 1490 814 1560 σίδηρος
845 1493 1099 1544 ἐπέκειτο
1122 1491 1360 1561 μολίϐδῳ
1389 1490 1699 1560 διαχυθέντι

136 1581 526 1652 συμπεπηγώς.
559 1580 633 1633 Τὸ
677 1582 721 1633 δ’
747 1583 860 1634 ἴσον
924 1584 1022 1649 τῆς
1079 1583 1350 1654 προτέρας
1412 1584 1553 1652 ὀπῆς
1603 1585 1700 1635 καὶ

130 1669 280 1723 τοῦτο
302 1669 536 1721 ἐδείκνυ·
570 1668 598 1719 ὃ
628 1668 692 1735 δὴ
728 1671 821 1720 καὶ
860 1668 1035 1738 κῆρυξ
1073 1668 1336 1738 ἄντικρυς
1363 1664 1454 1740 ἦν,
1515 1670 1696 1721 ἐκεῖσε

129 1762 249 1823 τοὺς
273 1763 561 1830 μάρτυρας
594 1758 1109 1830 κατακρύπτεσθαι.
1139 1761 1226 1823 Ὠς
1249 1762 1307 1813 δὲ
1365 1759 1542 1813 ταῦτα
1585 1761 1694 1828 ἠγ-

132 1857 362 1922 γέλλετο,
395 1853 594 1921 σπουδῇ
627 1852 776 1923 πάσῃ
809 1853 843 1924 ἦ
878 1871 937 1905 τε
991 1853 1206 1923 βασιλὶς
1247 1853 1343 1906 καὶ
1388 1856 1417 1907 ό
1448 1853 1549 1923 τῆς
1599 1853 1696 1904 πό·

132 1946 261 2008 λεως
290 1946 591 2007 ἐπίσκοπος
619 1946 861 2014 Πρόκλος
919 1959 998 2009 εις
1032 1947 1092 1999 τὸ
1142 1947 1473 2017 μαρτυρεῖον
1543 1945 1699 1997 συνέ-

132 2037 352 2107 δραμον.
383 2038 490 2089 Kal.
529 2037 595 2105 δὴ
618 2035 728 2088 τῶν
761 2036 1026 2104 σιδηρέων
1054 2038 1277 2090 ἐκείνων
1305 2036 1693 2108 ἐπιστημόνως

133 2127 491 2181 διαλυθέντων
522 2126 821 2196 δεσμῶν“τδ
852 2127 951 2196 μὲν
992 2127 1227 2196 ἐπίθεμα
1256 2126 1497 2196 εὐχερῶς
1534 2125 1706 2189 ἐξειλ-

134 2219 326 2287 κύσθη’
364 2218 469 2271 ὑπὸ
501 2218 546 2270 δ’
573 2219 767 2288 ἐκείνῳ
800 2217 950 2288 μύρα
982 2214 1124 2289 ἦσαν
1157 2217 1349 2282 πολλὰ,
1381 2218 1475 2273 καὶ
1497 2220 1552 2269 ἐν
1588 2220 1699 2280 τοῖς

136 2310 329 2381 μύροις
366 2309 462 2362 δύο
495 2310 976 2380 ἀλαὸαστροθῆκαι
1032 2310 1278 2380 ἀργύρου
1330 2310 1702 2376 πεποιημέναι

132 2401 412 2471 εὕρηνται,
446 2403 507 2453 ἐν
541 2398 628 2464 αἷς
648 2402 716 2454 τὰ
746 2403 866 2471 ἱερὰ
897 2401 1208 2467 σεϐασμίως
1235 2401 1414 2453 ἔκειτο
1450 2399 1699 2468 λείψανα.

141 2494 211 2546 Ἦ
236 2493 334 2562 μὲν
359 2489 453 2544 οὖν
495 2490 730 2559 βασιλὶς,
788 2491 884 2542 ἅτε
942 2490 1009 2563 δὴ
1067 2489 1343 2556 τοσαύτης
1395 2487 1709 2556 ἐμφανείας

130 2583 432 2655 ἠξιωμένη,
467 2583 801 2653 χαριστήρια
864 2581 986 2633 ἐθυε
1035 2581 1111 2650 τῷ
1159 2580 1278 2650 Θεῷ
1336 2581 1426 2632 ἐπὶ
1455 2582 1523 2649 τῇ
1591 2579 1704 2629 τῶν

135 2677 302 2747 ἱερῶν
353 2676 626 2744 λειψάνων
671 2676 909 2742 εὑρέσει*
967 2673 1161 2727 ἔπειτα
1219 2671 1503 2724 πολυτελεῖ
1562 2672 1707 2742 θήκῃ

131 2769 372 2831 ἐνθεῖσα,
440 2768 781 2835 χαριζομένη
861 2769 976 2828 τοῖς
1048 2767 1306 2836 μάρτυσι,
1394 2763 1546 2832 παρᾶ
1616 2763 1708 2813 τὸν

134 2857 394 2927 μάρτυρα
421 2856 633 2926 Θύρσον
664 2860 757 2909 καὶ
787 2854 1011 2919 τούτους
1063 2857 1342 2909 κατέθετο·
1388 2849 1477 2907 οἷά.
1529 2870 1592 2920 γε
1628 2854 1709 2905 εί-

130 2947 232 3003 κὸς
271 2946 462 3014 ἑορτῆς
492 2944 755 3013 μεγίστης
822 2945 920 2995 σὺν
972 2947 1036 3013 τῇ
1074 2944 1432 3015 προσηκούσῃ
1482 2960 1711 3013 γεγε-ιη-

1792 496 1932 539 erat.
1965 486 2137 540 Porro
2180 486 2233 539 in
2280 499 2498 539 summo
2530 482 2726 548 capitis
2767 482 2908 543 loco,
2961 481 3050 534 ubi
3100 491 3371 550 martyres

1793 580 1882 635 siti
1911 589 2092 644 erant,
2130 594 2356 649 parvum
2410 575 2687 647 quoddam
2750 575 2997 629 foramen
3039 575 3279 643 patebat,
3313 573 3369 628 in

1794 670 1941 739 quod
1979 685 2045 723 ex
2083 671 2343 724 comitatu
2397 668 2665 738 imperiali
2703 667 2924 736 quidam
2968 665 3043 720 ibi
3083 666 3369 728 assistens,

1795 762 2003 828 virgam
2057 776 2216 829 quam
2270 770 2492 815 tenuem
2544 775 2731 815 secum
2793 758 3043 822 ferebat,
3099 756 3368 810 dimisit:

1795 849 1994 902 deinde
2025 865 2144 904 eam
2178 851 2457 905 reductam
2493 851 2586 904 ubi
2638 851 2868 905 naribus
2906 849 3168 907 admovit.
3193 849 3372 904 incre-

1797 941 2017 995 dibilem
2052 942 2338 996 suavitatis
2383 944 2609 997 odorem
2659 950 2945 1011 percepit.
2994 941 3149 997 Unde
3181 941 3248 995 iis
3276 941 3372 1010 qui

1797 1032 1948 1100 operi
2000 1042 2312 1102 praeerant,
2358 1035 2565 1104 quique
2625 1033 2674 1087 ei
2739 1032 3171 1096 incumbebant,
3235 1032 3372 1085 bona

1797 1135 2061 1192 concepta
2115 1140 2241 1194 Spes
2297 1136 2381 1179 est
2430 1142 2445 1179 :
2504 1126 2763 1195 nullaque
2821 1124 3143 1193 interposita
3199 1138 3372 1183 mora,

1802 1227 2161 1272 monumento
2193 1228 2384 1286 aperto
2424 1218 2718 1274 Eusebium
2746 1219 3102 1281 invenerunt,
3150 1216 3375 1285 pulchre

1800 1311 2093 1365 admodum
2139 1311 2482 1365 collocatam.
2530 1312 2597 1365 Et
2642 1320 3054 1365 monumentum
3104 1311 3170 1363 ad
3210 1316 3378 1375 caput

1801 1401 1920 1471 ejus
1969 1403 2134 1454 situm
2178 1409 2231 1455 et
2276 1402 2341 1455 ad
2395 1417 2536 1457 arcae
2587 1402 2816 1456 formam
2871 1402 2943 1455 ita
2999 1410 3057 1455 ut
3099 1401 3372 1454 emineret

1804 1492 2175 1563 pulcherrime
2205 1494 2576 1563 exsculptum,
2614 1494 2872 1564 cperculo
2899 1496 3062 1549 etiam
3089 1493 3197 1547 aiio
3228 1493 3377 1547 intus

1803 1583 2155 1638 obfirmatum
2214 1594 2351 1638 erat.
2420 1585 2730 1655 Utrumque
2785 1601 2919 1640 vero
2989 1584 3377 1654 Operrnlorum

1804 1676 2042 1742 labrum,
2070 1677 2276 1731 ferrum
2302 1677 2616 1746 impositum
2641 1677 2897 1738 habebat,
2925 1675 3148 1745 plumbo
3174 1674 3379 1729 diffuso

1797 1779 2166 1837 compactum,
2201 1777 2363 1841 atque
2395 1768 2448 1821 id
2484 1768 2631 1837 quod
2665 1767 2898 1821 interius
2929 1776 3046 1821 erat
3095 1766 3150 1819 in
3173 1765 3377 1818 unedio

1801 1859 1978 1913 simile
2012 1860 2186 1927 priori
2216 1859 2464 1912 foramen
2495 1857 2757 1912 ostendit.
2789 1856 2947 1922 Quod
2990 1872 3122 1910 sane
3151 1855 3378 1908 manife-

1797 1958 1882 2003 sto
1909 1949 2115 2003 indicio
2143 1948 2264 2010 fuit,
2306 1958 2577 2018 martyres
2621 1948 2697 2002 ibi
2732 1946 2988 2002 conditos
3024 1961 3166 2001 esse.
3212 1944 3381 2016 459

1802 2039 1927 2094 Haec
1977 2040 2067 2093 nhi
2120 2040 2435 2094 renuntiata
2471 2048 2624 2104 sunt,
2653 2054 2776 2093 cum
2824 2038 3177 2093 festinatione
3226 2038 3378 2090 omni

1799 2146 1855 2187 et
1882 2133 2169 2186 Pulcheria
2215 2141 2269 2187 et
2300 2134 2453 2187 urbis
2503 2132 2677 2200 ipsius
2706 2131 3001 2200 episcopus
3036 2131 3260 2185 Proelus
3312 2127 3380 2183 ad

1807 2225 2124 2295 martyrium
2165 2225 2428 2279 accurrit.
2463 2224 2530 2277 Et
2567 2234 2856 2293 postquam
2888 2223 3067 2277 ferrea
3119 2223 3210 2277 illa
3257 2222 3382 2275 vin-

1805 2317 1926 2370 cula
1979 2326 2093 2370 arte
2138 2315 2375 2385 quadam
2432 2315 2649 2379 soluta,
2710 2323 2765 2367 et
2824 2316 3146 2383 operculum
3220 2312 3381 2367 facile

1804 2407 2072 2460 dimotum
2097 2416 2201 2471 est,
2237 2406 2504 2474 unguenti
2543 2406 2773 2460 multum
2814 2405 2915 2460 sub
2950 2419 3018 2459 eo
3048 2405 3151 2458 fuit
3194 2420 3207 2455 :
3240 2414 3294 2457 et
3326 2402 3380 2455 in

1809 2507 2089 2567 unguento
2120 2496 2240 2567 ipso
2283 2496 2506 2551 vascula
2551 2497 2680 2560 duo,
2715 2497 2830 2551 sive
2872 2496 3096 2565 pyxides
3147 2502 3383 2564 argento

1809 2588 2126 2647 elaborata,
2163 2588 2420 2652 inventae,
2448 2588 2503 2640 in
2532 2587 2737 2656 quibus
2773 2586 3029 2654 religiose
3062 2600 3229 2638 sacr.c
3261 2585 3386 2638 reli-

1812 2680 1954 2749 quiae
1995 2680 2183 2748 positu:
2216 2687 2394 2734 erant.
2434 2678 2669 2732 Proinde
2702 2678 3015 2741 Pulcheria,
3047 2693 3208 2746 quam
3242 2677 3385 2731 Deus

1812 2772 2147 2825 revelationc
2203 2769 2478 2838 ejusmodi
2541 2770 2794 2840 dignatus
2876 2778 3058 2832 esset,
3117 2768 3387 2836 sacrificia

1815 2862 2113 2927 gratiarum
2170 2862 2425 2923 actionis,
2493 2860 2559 2914 de
2632 2870 2946 2915 sanctarum
3026 2860 3387 2929 reliquiarum

1816 2956 2160 3018 inventione,
2187 2954 2237 3008 ei
2270 2953 2488 3008 obtulit.
2522 2953 2727 3007 Deinde
2756 2955 3009 3022 pretiosa:
3041 2969 3183 3008 arcze
3213 2954 3387 3020 impo-

135 3040 309 3107 μένης
344 3039 502 3107 τιμῇ,
534 3036 761 3103 πομπῆς
800 3051 858 3088 τε
898 3037 1234 3106 περιφανοῦς
1282 3040 1379 3090 σὺν
1410 3039 1708 3107 εὐφημίαις

1815 3049 1991 3112 sitas,
2063 3044 2396 3115 martyribus
2462 3044 2822 3114 gratiﬁcans.
2876 3045 3030 3114 juxta
3098 3054 3391 3113 martyrem

129 3133 233 3182 καὶ
276 3129 468 3197 μύροις
507 3128 971 3193 ἐπιτελεσθείσης,
1000 3130 1220 3196 ἁπάσης
1256 3129 1449 3197 σχεδὸν
1491 3127 1711 3197 ἡλικίας

129 3224 234 3274 καὶ
266 3222 369 3288 τῆς
391 3221 595 3281 πόλεως
627 3220 800 3288 αὐτῆς
852 3221 1218 3289 προχυθείσης
1263 3219 1354 3272 τοῦ
1383 3222 1574 3280 ἄστεος
1623 3218 1716 3270 ἐπὶ

129 3317 203 3385 τῇ
247 3312 361 3366 τῶν
391 3312 687 3383 μαρτύρων
716 3315 871 3381 τιμῇ.
915 3311 1079 3363 Ἀλλὰ
1102 3311 1374 3364 καὶτοῦτο
1402 3305 1504 3364 ὧδε
1542 3311 1716 3378 ἔγνων

127 3405 456 3476 γενόμενον.
490 3405 661 3472 Λόγος
686 3419 748 3472 γε
785 3403 891 3473 μὴν
929 3398 1039 3473 εἶχε
1082 3403 1175 3454 καὶ
1206 3404 1298 3456 ἐπὶ
1360 3402 1574 3465 πολλοῖς
1621 3402 1717 3454 ἄλ-

124 3502 251 3563 λοις
281 3497 345 3550 τδ
377 3498 568 3567 μέλλον
598 3497 869 3565 προφῆναι
903 3498 968 3565 τῇ
996 3494 1228 3565 βασιλίδι
1275 3498 1334 3546 τὸ
1364 3496 1538 3557 Θεῐον,
1570 3491 1720 3545 πλεί-

126 3610 280 3663 στην
310 3589 587 3658 θεοφιλίαν
616 3589 756 3658 αὐτῇ
809 3587 1220 3657 ἐπιμαρτυροῦν
1254 3587 1347 3640 καὶ
1387 3589 1504 3649 ταῖς
1568 3585 1720 3639 ἀδελ-

124 3688 298 3755 φαῖς*
328 3684 447 3734 ἐπεὶ
474 3684 567 3733 καὶ
594 3679 754 3734 αὗται
784 3681 879 3732 τὸν
913 3680 1025 3731 ἴσον
1050 3679 1253 3747 τρόπον
1304 3678 1719 3748 πολιτευόμεναι

122 3777 466 3844 διεγένοντο.
496 3774 602 3826 Ναὶ
637 3773 743 3843 μὴν
766 3774 861 3825 καὶ
892 3771 958 3824 τὰ
982 3772 1209 3841 λείψανα
1267 3770 1598 3840 Λαυρεντίου
1625 3768 1719 3821 τοῦ

126 3870 428 3939 μάρτυρος
460 3867 555 3918 καὶ
599 3865 794 3932 ’Δγνῆς
823 3863 1082 3933 εὑροῦσα,
1153 3864 1211 3914 ἐν
1242 3864 1307 3931 τῇ
1365 3859 1720 3914 Κωνσταντί-

121 3977 235 4012 νου
289 3957 576 4009 κατέθετο·
622 3957 709 4022 ἐφ’
749 3947 794 4022 ᾧ
827 3955 922 4005 καὶ
977 3954 1235 4023 μέγιστον
1297 3948 1449 4005 οἷκον
1501 3950 1724 4021 μεγέθει

125 4053 409 4121 μέγιστον
444 4050 542 4101 καὶ
602 4047 790 4100 κάλλει
843 4045 1341 4115 περικαλλέστατον
1417 4045 1719 4115 ἀνεγείρει.

119 4146 283 4198 Ἐπ“ι’
335 4143 393 4195 δὲ
444 4142 544 4210 τῆς
598 4140 866 4209 ἐχομένης
929 4137 1231 4207 βασιλείας,
1293 4133 1575 4188 Γενναδίου
1634 4124 1726 4188 τὸν

122 4237 345 4308 θρόνον
373 4236 473 4303 τῆς
507 4232 921 4286 Κωνσταντίνου
957 4229 1436 4299 ἐπιτροπεύοντος,
1504 4228 1601 4279 καὶ
1661 4227 1729 4279 τὰ

120 4329 388 4398 λείψανα
414 4329 514 4397 τῆς
571 4326 736 4394 ἁγίας
794 4323 1154 4384 Ἀναστασίας
1210 4321 1311 4391 τῆς
1368 4320 1728 4403 φαρμακολυ-

1820 3135 2090 3205 'l'hyrsum
2130 3135 2438 3188 collocavit.
2495 3134 2799 3203 chtusquc
2852 3134 3088 3190 maxime
3151 3137 3270 3189 dies
3322 3135 3392 3201 is,

1820 3244 1919 3297 pro
1953 3244 2020 3282 eo
2054 3238 2215 3297 atque
2258 3244 2356 3297 par
2387 3227 2510 3292 fuit,
2543 3244 2665 3284 cum
2700 3229 2919 3283 decenti
2949 3228 3160 3283 honore
3189 3237 3344 3283 actus
3375 3243 3392 3282 :

1819 3326 1876 3371 et
1921 3333 2117 3387 pompa
2152 3317 2227 3387 (1)
2264 3327 2427 3386 atque
2476 3326 2774 3386 apparatus
2812 3318 3160 3387 splendidus,
3200 3318 3397 3373 faustis

1819 3408 2306 3462 acclamationibus
2336 3419 2854 3477 unguentorumquc
2894 3410 3160 3465 odoribus
3189 3410 3397 3464 additis

1824 3497 2135 3552 celebratus
2172 3504 2277 3559 est,
2314 3496 2464 3549 omni
2501 3511 2673 3564 prope
2710 3506 2870 3552 aetate
2925 3505 2981 3551 et
3015 3496 3236 3550 civitate
3270 3512 3399 3565 pro-

1821 3597 1945 3658 pter
1988 3595 2290 3656 martyrum
2329 3587 2595 3639 honorem
2630 3598 2785 3640 extra
2818 3586 3007 3640 urbem
3038 3588 3232 3642 effusa.
3271 3587 3397 3642 ﬂmc

1822 3696 2043 3751 quoque
2087 3680 2168 3733 sic
2197 3689 2347 3749 gesta
2390 3682 2643 3750 cognovi.
2673 3679 2835 3734 Fama
2878 3694 3010 3733 sane
3045 3680 3303 3745 obtinuit,
3334 3680 3394 3733 in

1826 3774 1950 3828 aliis
2004 3786 2225 3842 quoque
2276 3772 2463 3825 multis
2520 3772 2685 3826 rebus
2744 3771 2912 3825 Deum
2969 3770 3206 3839 principi
3263 3771 3398 3825 huic

1823 3862 2021 3932 puellae
2048 3860 2234 3914 futura
2264 3859 2607 3930 praedixisse,
2645 3860 2990 3927 maximeque
3026 3860 3310 3928 religionis
3341 3869 3400 3915 et

1825 3955 2053 4025 pietatis
2087 3954 2138 4007 ei
2168 3962 2333 4022 atque
2364 3951 2650 4007 sororibus
2681 3951 2819 4018 ejus,
2853 3966 2972 4019 qua:
2998 3958 3053 4004 et
3095 3951 3226 4019 ipsa:
3252 3951 3397 4004 idem

1827 4044 1951 4097 vita:
1978 4043 2288 4097 institutum
2319 4041 2563 4104 coluere,
2602 4038 2980 4093 testimonium
3027 4036 3399 4106 pcrbibuisse.

1825 4136 1961 4192 Nam
1987 4145 2041 4190 et
2069 4134 2355 4189 Laurentii
2402 4131 2659 4201 martyris
2708 4138 2763 4184 et
2785 4130 2966 4199 Agnes
3000 4128 3261 4198 reliquias
3313 4127 3403 4181 in-

1828 4237 2017 4283 ventas
2050 4224 2585 4293 Constantinopolim
2636 4223 2840 4285 intulit,
2888 4222 3045 4291 cujus
3097 4221 3177 4276 rei
3230 4222 3406 4290 gratia

1832 4328 1888 4376 et
1938 4318 2302 4389 amplitudine
2356 4317 2657 4371 maximum
2709 4324 2764 4369 et
2812 4325 3092 4369 Structura
3130 4313 3243 4383 ipsa
3288 4314 3410 4381 pul-

130 4390 313 4490 τρίτας
373 4390 481 4470 ἀπο
513 4390 742 4487 Σιρμίου
787 4415 1015 4485 ἠνέχθη,
1067 4415 1162 4467 καὶ
1220 4390 1382 4483 ἐντῷ
1440 4390 1708 4484 μαρτυρίᾳ

1836 4415 2170 4469 cherrimum
2204 4404 2497 4465 delubrum
2530 4409 2864 4465 construxit.
2902 4408 3161 4479 Ejusdem
3192 4408 3409 4477 imperii

142 4513 330 4580 αὑτῆς
359 4509 649 4578 κατετέθη,
675 4507 703 4559 ὃ
740 4507 968 4575 ἔγγιστα
1021 4508 1136 4568 τοῖς
1192 4504 1545 4574 καλουμένοις
1589 4506 1730 4573 Δομ-

135 4603 301 4653 δὶνου
343 4598 592 4668 ἐμὸόλοις
620 4598 783 4650 ἐστίν.
833 4596 955 4648 Ἐπὶ
983 4596 1167 4667 μέντοι
1238 4594 1487 4648 Ἀττικοῦ
1542 4594 1727 4647 καὶτὸ

122 4693 239 4746 τοῦ
319 4692 601 4761 προφήτου
664 4688 928 4759 Σαμουὴλ
976 4688 1230 4756 λείψανον
1298 4685 1587 4756 ἐκομίσθη·
1638 4687 1728 4738 καὶ

123 4784 321 4850 ἐτέδη
346 4788 439 4835 καὶ
469 4782 627 4835 τοῦτο
665 4774 829 4852 ἐν’τῷ
848 4783 1169 4852 προφητείῳ
1202 4779 1368 4833 αὐτοῦ
1397 4781 1475 4850 τῷ
1499 4779 1728 4849 πλησίον

118 4876 241 4930 τοῦ
292 4874 561 4943 Ἐὅόόμου
614 4875 984 4944 ἀνεγερθὲντι.
1017 4873 1179 4925 Ἀλλὰ
1212 4873 1340 4940 περὶ⁵
1373 4872 1478 4940 μὴν
1524 4874 1730 4922 τούτων

119 4967 553 5035 ἀποχρώντως,
583 4961 756 5034 οἶμαι,
790 4967 1116 5036 εἰρήκαμεν·
1158 4964 1252 5016 ἐπὶ
1318 4963 1374 5015 δὲ
1415 4966 1482 5014 τὰ
1532 4962 1730 5031 συνεχῆ

110 5061 245 5126 τῆς
274 5059 742 5124 ἐκκλησιαστικῆς
777 5057 1018 5127 ἱστορίας
1058 5054 1217 5117 αὖθις
1246 5055 1409 5107 ἰτέον.

1832 4518 2075 4576 tempore
2105 4503 2394 4579 Gennadio
2416 4502 2704 4557 ecclesiam
2738 4500 3406 4568 Constantinopolitanam

1832 4608 2061 4653 curante
2099 4596 2353 4665 reliquiae
2388 4596 2553 4650 etiam
2583 4604 2788 4649 sancta:
2840 4592 3141 4646 Anastasize
3172 4591 3413 4643 incanta-

1839 4692 1992 4745 tricis
2026 4689 2100 4761 (2)
2130 4706 2197 4743 ex
2237 4688 2438 4743 Sirmio
2469 4688 2665 4746 allatae,
2712 4686 2765 4739 in
2815 4685 3083 4753 martyrio
3139 4683 3259 4750 ejus
3285 4692 3414 4735 sunt

1839 4782 2117 4853 repositae,
2152 4781 2299 4851 quod
2328 4780 2573 4850 proxime
2595 4777 2660 4831 ad
2694 4778 2963 4845 porticum
2993 4790 3115 4843 qua:
3155 4772 3412 4827 Domnini

1839 4876 2064 4940 dicitur,
2103 4874 2266 4926 situm
2307 4880 2411 4925 est.
2449 4870 2631 4924 Attico
2689 4882 2819 4921 vero
2869 4866 3251 4935 episcopatum
3311 4878 3407 4930 ge-

1841 4977 2018 5029 rente,
2061 4963 2340 5033 prophcta:
2399 4975 2618 5030 quoque
2678 4957 2949 5012 Samuelis
2994 4970 3113 5009 ossa
3149 4954 3333 5010 allata.
3362 4965 3416 5005 ct

1846 5058 1901 5111 in
1936 5055 2259 5126 prophetico
2308 5052 2430 5122 ejus
2483 5052 2632 5111 fano,
2685 5049 2831 5118 quod
2889 5063 3060 5118 prope
3112 5047 3414 5115 Septimum

108 5151 448 5208 conditum
480 5160 584 5213 est,
609 5151 894 5205 collocata.
925 5151 1196 5204 Caeterum
1254 5149 1320 5202 de
1369 5150 1455 5202 his
1507 5150 1726 5203 abunde
1766 5152 1899 5204 satis
1967 5164 1996 5202 a
2068 5146 2228 5200 nobis
2264 5144 2472 5199 dictum
2500 5158 2620 5197 esse
2654 5154 2804 5212 puto.
2862 5141 3103 5211 Proinde
3154 5140 3220 5194 ad
3284 5136 3420 5192 reli-

110 5260 300 5317 quas
360 5244 747 5299 ecclesiasticae
814 5244 1054 5299 historiae
1109 5258 1199 5298 res
1248 5242 1409 5297 nobis
1483 5242 1850 5297 redeundum.

218 5406 313 5474 (I)
359 5405 575 5474 Pompa:
638 5406 765 5463 huic
819 5424 878 5464 se
929 5404 1166 5462 adfuisse
1219 5416 1449 5462 testatur
1505 5405 1725 5460 Sozozn.

88 5476 247 5536 ιξυ.
282 5490 366 5542 ιι,
399 5491 512 5545 Cap.
542 5477 597 5532 ἓ.

1913 5407 1993 5475 (9..)
2038 5405 2108 5458 De
2143 5416 2206 5455 ea
2235 5400 2357 5455 vide
2393 5398 2643 5455 Snidam.
