3898 6192
204 402 327 471 nm

1109 374 1705 469 ΕεειΕειἈετιᾱίε
1745 406 2130 468 HISTORIJS
2166 397 2310 466 Lis.
2354 400 2507 467 XIV.

3266 396 3427 467 ΑΜΒ

200 544 345 598 νιμος
371 524 625 593 δ’ἐσὰγαν
660 524 754 578 καὶ
807 523 1040 595 σώφρων
1075 522 1150 578 ὢν
1206 527 1235 578 ὁ
1262 527 1423 595 ἀνὴρ,
1452 525 1754 594 ἐπιμᾶλλον

1868 522 2003 586 silio,
2040 536 2257 576 onmem
2279 520 2466 575 funem
2498 532 2748 583 movens,
2803 515 3182 587 episcopatum
3233 530 3430 571 conse-

201 620 295 681 τὰς
318 618 425 671 τῶν
472 615 832 670 Ναυατιανῶν
892 616 1191 686 ἐκκλησίας
1242 617 1476 685 αὐξῆσαι
1538 620 1632 671 καὶ
1679 619 1759 680 είς

204 712 339 778 μέγα
364 707 643 761 ἐπιδοῦναι
693 707 1168 775 παρεσκευάσατο·
1227 709 1441 761 οίκοθεν
1496 708 1593 776 μέν
1646 711 1760 771 τοῖς

201 800 391 869 πένησι
424 800 648 870 χρυσίον
693 798 1189 868 καταϐαλλόμενος,
1223 798 1378 851 οὐδὲν
1434 802 1620 868 μέντοι
1662 801 1759 867 τῆς

202 892 496 961 ἐκκλησίας
532 890 833 960 ἐλάμϐανε,
869 892 1011 960 πλὴν
1061 891 1145 943 ὅτι
1174 890 1250 960 μὴ
1301 890 1407 944 τῶν
1436 886 1529 943 δύο
1576 889 1760 961 ἄρτων

198 982 304 1033 τῶν
325 980 590 1047 εὐλογιῶν
627 980 693 1044 ἃς
718 981 862 1034 κατὰ
902 982 1192 1051 Κυριακὴν
1228 980 1396 1051 εἶχεν.
1435 980 1560 1034 Ἐπὶ
1599 982 1759 1034 τόσον

197 1073 256 1125 δὲ
287 1073 569 1134 σπουδαῖος
604 1074 732 1142 περὶ
763 1072 862 1142 τὴν
907 1072 1237 1140 Ἐκκλησίαν
1266 1072 1503 1140 ἐγένετο,
1565 1071 1641 1135 ὡς
1666 1076 1761 1125 καὶ

200 1164 488 1218 Ἀδλάδιον
520 1164 611 1216 τὸν
652 1165 1028 1229 γενναιότατον
1087 1166 1293 1234 ῥήτορα
1342 1164 1438 1217 τοῦ
1472 1164 1759 1239 ,σοφιστοῦ

200 1257 440 1324 Τρωίλου
474 1255 914 1330 ᾲκροασάμενον,
950 1255 1257 1321 συλλαϐεῖν,
1309 1258 1417 1324 καὶι
1471 1257 1605 1326 πρὸς
1664 1257 1761 1326 τὴν

200 1349 292 1399 τοῦ
355 1347 730 1417 πρεσϐυτέρου
782 1347 936 1411 τάξιν
992 1348 1474 1419 προχειρίσασθαι·
1551 1343 1612 1402 οὗ
1669 1351 1763 1402 καὶ

202 1438 551 1509 προσομιλίαι
598 1440 881 1508 γλαφυραὶ
934 1440 1028 1491 καὶ
1060 1439 1308 1492 σύντονοι
1364 1439 1527 1511 μέχρι
1558 1440 1760 1494 πολλοῦ

200 1530 507 1600 διεφέροντο
527 1546 542 1560 ο
569 1529 625 1592 ὃς
663 1530 720 1591 ἐς
749 1524 977 1598 ὕστερον
1037 1531 1131 1582 καὶ
1159 1533 1256 1601 τῆς
1301 1533 1356 1584 ὲν
1414 1533 1622 1604 Νικαίᾳ
1651 1532 1759 1587 τῶν

202 1620 570 1674 Ναυατιανῶν
628 1621 929 1690 ἐκκλησίας
988 1623 1253 1693 προέστη,
1312 1624 1448 1694 μηδὲ
1498 1626 1559 1677 τὸ
1611 1643 1764 1694 σοφι-

205 1712 413 1763 στεύειν
445 1711 623 1777 ἀφείς.
650 1705 740 1765 Ἐν
796 1708 1173 1785 Ἀλεξανδρείᾳ
1225 1714 1279 1767 δὲ
1333 1718 1390 1768 αί
1432 1716 1540 1769 τῶν
1577 1718 1761 1771 Ναυα-

199 1803 400 1854 τιανῶν
446 1798 733 1871 ἐκκλησίαι
788 1796 1080 1856 ἐκλείοντου
1142 1807 1236 1856 καὶ
1287 1804 1356 1857 τὰ
1396 1807 1526 1875 παρ’
1577 1808 1762 1869 αὐτοῖς

202 1894 463 1963 κειμήλια
495 1892 736 1964 δημόσια
765 1896 1035 1962 ἐγεγόνει.
1062 1895 1272 1964 Γυμνὸς
1302 1897 1357 1949 δὲ
1390 1898 1484 1949 καὶ
1514 1897 1761 1966 Θεόπομ-

204 1987 359 2047 ποςό
398 1984 622 2038 ἐκείνων
672 1984 969 2050 ἐπίσκοπος
1027 1982 1115 2057 ἦν.
1174 1985 1404 2058 Ἐπίσης
1451 1988 1508 2041 δὲ
1559 1988 1654 2041 καὶ
1704 1989 1763 2041 ἐν

214 2072 399 2147 Ῥώμῃ
452 2073 638 2154 εἶχονθ
713 2078 1058 2150 ἀφῃρημένοι
1115 2079 1226 2149 γὰρ
1283 2080 1383 2137 τὰς
1443 2080 1760 2149 ἐκκλησίας,

202 2170 262 2221 ἐν
292 2167 630 2237 παραδύστῳ
670 2185 771 2221 που
822 2170 1080 2239 συνῆγον.
1123 2171 1303 2240 Μέχρι
1350 2172 1456 2242 γὰρ
1515 2170 1609 2224 τοῦ
1658 2178 1764 2226 πα·

206 2257 393 2326 ρόντος
448 2259 782 2327 ἁνθήσαντες
839 2260 932 2312 ἐπὶ
1012 2259 1240 2324 πολλαῖς
1300 2260 1617 2331 ἐκκλησίαις
1667 2261 1764 2314 καὶ

203 2349 463 2418 ἀφθόνοις
493 2353 607 2414 τοῖς
634 2351 906 2419 πλήθεσι,
943 2352 1096 2421 παρὰ
1148 2352 1256 2404 τῶν
1315 2352 1628 2405 ἐπισκόπων
1663 2351 1762 2419 τῆς

200 2439 434 2494 καθόλου
490 2440 822 2509 Ἐκκλησίας
876 2442 1033 2496 πάντ’
1071 2438 1455 2513 ἀφῃρέθησαν,
1537 2441 1613 2510 μὴ
1676 2441 1762 2494 ἐπ’

200 2534 385 2595 ἁδεὲας
418 2533 676 2600 συνάγειν
702 2532 1170 2603 συγχωρηθέντες’
1209 2536 1304 2589 καὶ
1356 2533 1534 2588 πάντα
1560 2533 1627 2586 τὰ
1672 2534 1767 2586 αύ-

197 2627 311 2680 τῶν
341 2625 690 2696 ἀφελόμενοι,
725 2626 935 2695 ἐπαίνῳ
969 2622 1129 2694 δῆθεν
1159 2625 1522 2697 προσήγοντο.
1556 2626 1630 2678 Οὐ
1661 2625 1766 2695 μὴν

198 2717 394 2771 δὲκαὶ
447 2718 507 2768 ἐν
566 2716 1136 2770 Κωνσταντινουπόλει
1194 2716 1352 2768 τοῦτο
1408 2715 1762 2768 πεπόνθασιν·

198 2809 339 2863 ἀλλὰ
367 2808 509 2878 μετὰ
544 2807 641 2860 τοῦ
671 2807 920 2877 στέργειν
948 2810 1041 2861 καὶ
1069 2804 1218 2860 ἔνδον
1268 2808 1523 2875 συνάγειν
1570 2806 1764 2869 αὐτοὺς

199 2902 415 2965 εἴασαν,
452 2901 592 2953 κατὰ
627 2900 789 2969 μόνον
821 2898 882 2952 τὸ
913 2898 1207 2968 κηρύττειν
1259 2898 1319 2951 τὸ
1349 2896 1660 2968 όμοούσιον,
1691 2897 1767 2959 ὡς

200 2994 597 3064 καὶπρότερον
627 2993 945 3061 ἀρκούντως
997 2991 1266 3045 διέλαϐον.
1322 2991 1430 3046 Καὶ
1480 2991 1612 3061 περ)⁸
1664 2988 1765 3061 μὲν

196 3082 311 3140 τῶν
336 3084 695 3137 Ναυατιανῶν
725 3082 985 3138 τοσαῦτα.
1002 3081 1291 3138 Ἐτελεύτα
1319 3083 1375 3136 δὲ
1401 3082 1495 3136 τὸν
1529 3082 1644 3152 βίον
1667 3099 1767 3150 τη-

1862 613 1957 682 qui
1996 611 2377 675 contenderet,
2410 609 2479 664 ab
2510 625 2577 664 eo
2622 609 2860 680 rejectus
2899 617 3003 663 est.
3043 607 3427 679 Chrysanthus

1862 714 2044 758 autem
2079 719 2296 759 rursum
2326 702 2645 774 inquisitus.
2671 702 2773 768 Qui
2806 702 2862 755 in
2897 700 3170 772 Bithynia,
3199 700 3293 755 ubi
3352 699 3430 754 la-

1865 796 2033 862 tebat,
2079 795 2358 858 inventus,
2389 794 2556 851 etiam
2613 794 2893 848 reluctans
2947 793 3012 847 ad
3049 792 3424 861 episcopatum

1861 895 1946 939 est
1969 893 2214 940 evectus.
2244 885 2295 941 Is
2331 883 2478 956 quod
2531 885 2768 955 prudens
2828 883 3122 939 admodum
3158 892 3213 938 et.
3245 892 3428 936 castus

1861 975 1946 1029 vir
1967 985 2135 1039 esset,
2173 977 2462 1031 ecclesiam
2507 972 2940 1030 Novatianorunt
2999 973 3213 1044 magnis
3245 973 3422 1026 incre-

1864 1069 2063 1122 mentis
2096 1068 2267 1121 auxit.
2301 1066 2594 1122 Pecuniam
2636 1068 2782 1122 enim
2824 1067 2939 1138 ipse
2962 1081 3115 1119 suam
3143 1065 3196 1118 in
3229 1078 3432 1133 paupe-

1863 1174 1950 1213 res
1985 1167 2242 1228 erogans,
2280 1159 2420 1214 nihil
2453 1175 2521 1214 ex
2556 1159 2791 1215 ecclesia
2852 1158 3195 1229 percipiebat
3232 1164 3430 1225 praeter

1862 1265 2024 1319 quam
2056 1250 2195 1306 duos
2225 1251 2628 1308 benedictionis
2677 1266 2867 1322 panes,
2898 1265 3035 1321 quos
3075 1249 3274 1305 diebus
3319 1248 3428 1301 Do-

1864 1341 2081 1397 minicis
2142 1343 2398 1399 habebat.
2456 1345 2607 1399 Adeo
2673 1352 2854 1400 autem
2914 1341 3298 1399 ecclesiastica:
3346 1340 3427 1393 rei
3529 1343 3533 1346 ’

1862 1437 2250 1504 promovenda:
2282 1436 2562 1493 studiosus
2588 1437 2710 1503 fuit,
2744 1446 2805 1492 ut
2857 1436 3147 1492 Ablabium
3203 1432 3432 1488 nobilis-

1863 1525 2060 1580 simum
2091 1536 2392 1591 oratorem,
2420 1527 2592 1583 Troili
2642 1529 2903 1598 sophista:
2951 1528 3287 1591 auditorem,
3323 1525 3429 1581 sibi

1863 1616 2197 1687 adjunxerit,
2239 1631 2291 1675 et
2318 1619 2372 1674 in
2408 1620 2861 1693 presbyterorum
2896 1621 3148 1675 ordinem
3208 1627 3435 1688 coopta-

1863 1711 1934 1761 rit
1965 1726 1979 1761 :
2011 1709 2175 1780 464
2194 1712 2353 1781 cujus
2380 1712 2545 1766 etiam
2571 1713 2866 1768 conciones
2891 1713 3206 1781 populares,
3233 1725 3433 1765 suaves

1863 1805 1919 1851 et
1953 1799 2331 1865 vehementes,
2369 1802 2460 1856 diu
2496 1804 2851 1857 exstiterunt.
2895 1803 2994 1857 llic
3034 1812 3221 1871 postea
3254 1803 3428 1857 Nova-

1868 1889 2140 1945 tianorum
2192 1890 2448 1947 Ecclesia:
2495 1893 2550 1947 in
2584 1893 2800 1947 Nicaena
2856 1892 2992 1947 urbe
3054 1893 3315 1962 praefuity
3344 1907 3432 1947 so-

1864 1979 2158 2048 phisticam
2188 1984 2353 2036 etiam
2377 1992 2491 2037 tum
2525 1986 2836 2053 professus.
2867 1985 2973 2040 Sed
3021 1986 3167 2040 enim
3199 1986 3433 2039 Alexan-

1864 2068 1996 2123 dria:
2056 2071 2484 2129 Novatianorum
2536 2076 2785 2149 ecclesiae
2840 2077 3071 2143 clausa},
3113 2088 3169 2131 et
3203 2076 3432 2131 donaria
3502 2062 3515 2073 ’

1865 2173 2299 2235 ornamentaque
2365 2182 2560 2222 eorum
2619 2169 2895 2238 publicata
2952 2171 3190 2225 fuerant.
3240 2169 3433 2225 Nudus

1865 2255 2030 2310 etiam
2053 2256 2442 2327 Theopompus
2474 2260 2766 2330 episcopus
2799 2277 2991 2316 eorum
3053 2272 3194 2315 erat.
3245 2262 3433 2331 Neque

1867 2348 1944 2402 illi
1984 2348 2169 2403 Roma:
2214 2350 2413 2403 melius
2441 2351 2771 2418 habebant;
2834 2354 3079 2409 ecclesiis
3134 2355 3280 2409 enim
3351 2356 3434 2411 eis

1866 2439 2159 2508 ademptis,
2221 2441 2276 2494 in
2345 2441 2482 2496 locis
2540 2443 2793 2498 obscuris
2828 2452 3131 2500 conventus
3173 2446 3429 2517 agebant.

1867 2530 2146 2586 Hactenus
2180 2548 2417 2601 namque
2443 2548 2567 2588 cum
2598 2543 2656 2589 et
2686 2536 2875 2590 multis
2928 2545 2986 2592 et
3048 2537 3435 2606 frequentibus

1867 2623 2127 2689 ecclesiis
2152 2623 2487 2690 ﬂoruissent,
2517 2641 2616 2695 per
2648 2628 2934 2699 episcopos
2970 2628 3272 2686 catholicos
3324 2630 3436 2685 illis

1866 2715 1946 2771 eis
1973 2724 2088 2769 tum
2128 2716 2415 2787 ademptis,
2446 2733 2623 2787 neque
2657 2730 3026 2775 conventuum
3061 2723 3432 2794 cogendorum

1864 2807 2092 2862 libertas
2113 2806 2377 2877 permissa
2409 2807 2614 2865 fuerat.
2644 2807 2710 2864 Et
2743 2827 2866 2866 cum
2895 2813 3076 2867 ablata
3109 2818 3191 2870 eis
3215 2817 3428 2883 omnia,

1871 2905 1982 2950 tum
2018 2899 2073 2949 in
2118 2896 2330 2966 judicia
2370 2895 2474 2967 ipsi
2504 2913 2725 2969 quoque
2776 2911 2906 2957 sunt
2944 2907 3227 2974 protracti.
3284 2907 3433 2964 Con-

1867 2988 2224 3057 stantinopoli
2257 3003 2389 3043 vero
2424 3004 2535 3044 non
2572 2990 2765 3047 eadem
2797 2994 2939 3063 passi
2990 3006 3139 3052 sunt.
3201 3000 3437 3056 Praeter-

1867 3093 2033 3148 quam
2064 3080 2214 3134 enim
2249 3079 2396 3150 quod
2417 3083 2629 3151 expulsi
2678 3099 2789 3140 non
2844 3095 2997 3154 sunt,
3044 3090 3186 3145 intra
3237 3095 3429 3150 urbem

197 3179 432 3233 νικαῦτα
458 3178 553 3230 καὶ
594 3176 872 3246 Θεόδωρος
900 3176 928 3228 ὀ
950 3175 1052 3244 τῆς
1089 3174 1431 3245 Ἀρειανικῆς
1469 3173 1765 3244 θρησκείας

1871 3168 2037 3225 etiam
2094 3170 2355 3226 ecclesias
2390 3186 2585 3242 cogere
2629 3174 2713 3230 eis
2766 3176 2946 3242 licuit,
2985 3188 3208 3250 prepter
3266 3198 3431 3240 unam

198 3271 345 3323 κατὰ
367 3270 468 3337 τὴν
519 3262 937 3320 Κωνσταντίνου
1000 3262 1381 3333 προεστηκὼς,
1414 3266 1588 3317 είκοσι
1629 3262 1766 3332 πρὸς

195 3360 317 3420 τοῖς
352 3356 548 3409 ἐκατὺν
569 3353 668 3423 ἔτη
696 3353 1000 3423 βεδιωκῶς·
1062 3350 1120 3404 ὃν
1143 3352 1217 3415 ὡς
1258 3351 1588 3423 δραστήριον
1633 3346 1770 3422 περὶ

194 3451 300 3520 τὴν
322 3446 643 3518 θρησκείαν,
673 3446 739 3497 ἐκ
767 3444 868 3513 τῆς
902 3440 1180 3512 Ἀντιόχου
1209 3436 1485 3513 Ἀρειανοὶ
1532 3445 1626 3498 ἐπὶ
1667 3445 1769 3515 τὴν

122 3544 130 3549 ’
196 3540 471 3603 Βύζαντος
500 3539 728 3607 ήγαγον.
768 3528 843 3588 Ob
871 3535 1116 3605 διάδοχος
1163 3535 1490 3588 καθίσταται
1546 3534 1768 3605 Βάρϐας

194 3632 396 3700 ὄνομα
422 3630 507 3698 ἐφ’
539 3621 601 3680 οὗ
628 3629 661 3698 ἠ
691 3628 801 3681 τῶν
830 3626 1129 3696 Ἀρειανῶν
1189 3625 1457 3697 θρησκεία
1483 3625 1576 3678 δύο
1613 3626 1768 3678 ἐλλο-

197 3721 386 3789 γίμων
415 3716 622 3787 ἀνδρῶν
647 3717 972 3787 ηύμοίρησεο
1030 3717 1125 3769 καὶ
1164 3716 1333 3785 ἄμφω
1358 3716 1415 3768 δὲ
1468 3716 1772 3786 πρεσϐύτε-

199 3828 287 3881 ροι
322 3808 485 3879 ἦσαν·
533 3804 607 3862 ὧν
657 3807 735 3878 τῷ
798 3810 898 3877 μὲν
952 3808 1033 3881 ἐνὶ
1097 3807 1385 3876 Τιμόθεος,
1449 3805 1664 3880 θατέρῳ
1714 3805 1770 3859 δὲ

194 3902 478 3972 Γεώργιος
525 3902 768 3971 ὀνόματα
798 3895 961 3973 ἦσαν.
1013 3895 1175 3953 Ἀλλὰ
1206 3899 1480 3971 Γεὼργιος
1518 3901 1616 3971 μὲν
1669 3900 1771 3968 τὴν

207 3994 537 4064 Ἑλληνικὴν
573 3994 774 4062 μᾶλλον
801 3994 1049 4046 παιδείαν
1114 3991 1346 4063 ἤσκητο·
1399 3986 1661 4063 Τιμόθεος
1714 3991 1770 4045 δὲ

189 4089 315 4149 τοῖς
362 4086 532 4147 θείοις
580 4084 763 4152 λόγοις
818 4082 984 4137 πλέον
1029 4080 1286 4135 διέκειτο.
1338 4078 1607 4143 Κάκεῖνος
1673 4075 1770 4149 μὲν

189 4177 569 4247 Ἀριστοτέλει
596 4176 690 4231 καὶ
733 4175 983 4229 Πλάτωνι
1023 4174 1187 4243 συνῆν
1215 4170 1324 4227 ἀεί’
1354 4176 1382 4228 ό
1402 4174 1458 4226 δὲ
1488 4173 1580 4226 τὸν
1627 4168 1773 4241 Ὦρι-

188 4275 369 4340 γένην
419 4270 513 4322 ἐπὶ
542 4269 789 4338 γλώττης
819 4265 995 4319 ἐπνει’
1039 4267 1135 4318 καὶ
1188 4262 1257 4318 τὰ
1292 4265 1414 4334 ιερὰ
1461 4264 1773 4334 γράμματα

188 4363 540 4418 ἐκδιδάσκων
567 4357 872 4433 παρρησίᾳ,
909 4361 1003 4412 καὶ
1043 4358 1142 4428 τὴν
1190 4357 1467 4427 Ἐϐραίων
1520 4358 1773 4424 γλῶτταν

188 4457 449 4524 ἠσκεῖτο.
490 4450 549 4508 Ὀ
574 4452 672 4521 μὲν
699 4448 795 4505 οὖν
820 4450 1083 4520 Τιμόθεος
1102 4450 1196 4519 τῆς
1220 4448 1588 4518 Ψαθυριανῶν
1624 4448 1775 4517 αἱρέ-

1871 3261 2013 3316 hanc
2035 3276 2278 3330 causam,
2301 3265 2448 3334 quod
2478 3266 2786 3335 ὁμοούσιον,
2811 3271 3301 3342 consubstantiale,
3336 3280 3433 3334 de-S

1850 3353 2257 3435 przedicarent,
2298 3357 2461 3411 sicuti
2520 3357 2699 3414 fusius
2750 3372 2910 3418 antea
2966 3379 2996 3418 a
3054 3368 3214 3424 nobis
3242 3373 3440 3426 estdi-

1871 3454 2042 3500 ctum.
2094 3445 2221 3501 llaec
2251 3447 2319 3502 de
2360 3448 2700 3504 Nevatianis.
2748 3450 2826 3505 Eo
2870 3462 3112 3524 tempore
3146 3459 3438 3517 defunctus

1869 3541 2035 3594 etiam
2057 3549 2141 3593 est
2169 3540 2476 3594 Dorotheus
2502 3542 2718 3596 Arianae
2754 3543 3006 3612 religioni
3042 3546 3432 3608 Constantino-

1872 3631 1978 3699 poli
2003 3630 2312 3699 praefectus,
2341 3646 2463 3686 cum
2499 3633 2569 3687 ad
2595 3638 2954 3691 centesimum
3011 3649 3067 3694 et
3113 3643 3432 3701 vicesimum

1869 3721 1994 3776 vitae
2016 3736 2216 3775 annum
2235 3709 2577 3790 pervenisset
2603 3742 2617 3778 :
2637 3741 2798 3793 quem
2816 3731 2961 3798 quod
2984 3743 3207 3792 strenue
3227 3749 3431 3794 sectam

1871 3824 2025 3863 suam
2063 3821 2334 3877 tueretur,
2365 3813 2555 3867 Ariani
2610 3830 2676 3870 ex
2711 3820 2999 3876 Antiochia
3048 3824 3437 3887 Constantino-

1871 3902 2037 3970 polim
2077 3904 2488 3958 transtulerant.
2518 3904 2687 3977 Cujus
2715 3925 3003 3967 successor
3049 3916 3152 3971 fuit
3205 3920 3433 3988 Barbas,

1870 3994 1973 4047 sub
2001 4008 2111 4063 quo
2141 3992 2338 4049 Ariana
2371 3996 2562 4065 religio
2583 4000 2724 4055 duos
2747 4003 2979 4061 eximios
3029 4008 3223 4065 habuit
3249 4014 3395 4071 viros
3416 4056 3433 4082 ,

1872 4084 2221 4153 presbyteros
2244 4084 2638 4143 amboszalteri
2667 4089 2927 4163 Georgio,
2952 4097 3112 4154 alteri
3144 4103 3434 4162 Timotheo

1872 4187 2070 4228 nomen
2094 4183 2232 4230 erat.
2260 4173 2531 4247 Georgius
2564 4179 2877 4240 Grrecorum
2915 4192 3087 4261 magis
3129 4194 3437 4268 disciplinis

1873 4264 2129 4332 pollebat,
2164 4266 2484 4324 Timotheus
2514 4270 2717 4329 divinis
2741 4275 2942 4335 litteris
2970 4280 3095 4351 plus
3130 4264 3437 4348 delectaba-

1874 4362 1979 4408 tur.
2017 4355 2082 4409 Et
2111 4356 2200 4411 ille
2234 4357 2288 4411 in
2320 4358 2616 4419 Aristotele
2642 4376 2697 4420 et
2725 4367 2954 4426 Platone
2982 4389 3199 4445 semper
3250 4398 3435 4439 versa-

1876 4447 2038 4501 batur
2068 4466 2083 4503 :
2124 4449 2211 4504 hic
2245 4451 2538 4523 Origenem
2566 4458 2784 4527 spirans
2850 4462 2907 4517 in
2960 4481 3056 4523 ore
3089 4472 3345 4542 habebat,
3378 4492 3437 4533 et

192 4566 339 4610 σεως
372 4548 693 4615 μετειλήφει
717 4560 732 4574 ’
762 4541 1035 4615 Γεώργιος
1057 4543 1123 4615 ’δὲ
1157 4543 1264 4595 ύπὸ
1297 4542 1485 4612 Βάρόᾳ
1522 4559 1765 4612 κεχειρο-

1876 4556 2061 4636 sacras
2083 4541 2317 4636 Litteras
2341 4546 2561 4611 publice
2585 4550 2811 4617 docens,
2833 4554 2886 4609 in
2914 4556 3265 4618 Hebraeorum
3297 4541 3437 4636 quo-

187 4642 417 4707 τόνητα
469 4637 730 4705 Ἕτοιμος
780 4635 827 4687 δ’
856 4631 921 4706 ἦν
954 4638 983 4687 ό
1043 4629 1309 4703 Τιμόθεος
1368 4632 1770 4703 ἀποκρίνασθαι

186 4732 291 4783 καὶ
344 4729 503 4782 λύσιν
535 4729 593 4792 ἐξ
655 4727 877 4799 ἑτοίμου
929 4728 1236 4796 παρασχεῖν
1294 4726 1394 4779 ὅσα
1449 4725 1770 4796 δῆτ’ἅσαφῆ

180 4827 307 4888 τοῖς
345 4824 515 4886 θείοις
539 4822 742 4888 λογίοις
767 4820 1093 4891 εὑρίσκοιτοο
1125 4820 1220 4871 καὶ
1250 4820 1492 4889 μάρτυρι
1514 4819 1609 4871 ἐπὶ
1637 4820 1771 4873 πᾶσι

183 4917 443 4986 μάλιστα
474 4915 551 4985 τῷ
579 4911 847 4982 Ὠριγένει
875 4910 1093 4980 ἐχρῆτο.
1127 4911 1192 4962 Ὃ
1221 4910 1316 4961 καὶ
1340 4908 1643 4978 θαυμάζειν
1676 4911 1770 4962 καὶ

179 5007 340 5078 ὑπὲρ
382 5007 713 5074 ἀμφοτέρων
738 5002 918 5055 ἔπεισί
944 5017 1054 5070 μοι,
1099 5002 1216 5063 πῶς
1243 4993 1357 5064 τοῖς
1398 4999 1611 5070 Ἀρείου
1647 4999 1767 5068 δόγ-

182 5110 368 5169 μασιν
426 5092 714 5161 εἴποντο,ό
762 5092 862 5162 μὲν
909 5091 1195 5157 Πλάτωνα,
1250 5089 1510 5159 Τιμόθεος
1569 5090 1626 5144 δὲ
1674 5090 1768 5144 τὸν

178 5185 491 5257 Ὠριγένην
520 5184 776 5254 ἄντικρυς
800 5183 1076 5244 πνέοντες.
1101 5181 1234 5234 Οὐδὲ
1294 5183 1400 5250 γὰρ
1459 5181 1682 5235 Πλάτων
1706 5177 1767 5234 τὸ

1873 4648 1979 4732 que
2004 4634 2203 4732 lingua-
2222 4635 2543 4732 desudabat.
2563 4640 2906 4732 Timotheus
2948 4651 3170 4720 quidem
3215 4634 3438 4732 Psathy-

1874 4724 2157 4778 rianomm
2189 4726 2411 4783 haeresis
2432 4730 2710 4799 particeps
2742 4734 2920 4790 fuerat
2970 4751 3068 4797 :at
3109 4724 3435 4819 Georgius-:1

1873 4813 2050 4870 Barba
2084 4818 2597 4912 fuerat-ordinatus.
2628 4824 2953 4884 Timotheus
3003 4813 3290 4906 promptus
3340 4857 3438 4912 pa-

1874 4915 2135 4976 ratusque
2196 4908 2301 4961 fuit
2340 4910 2408 4963 de
2480 4912 2652 4967 sacris
2677 4912 2902 4972 Litteris
2945 4926 3278 4991 respondere
3315 4908 3436 4987 :vet

1875 4995 2034 5052 facile
2067 5015 2188 5067 qua:
2226 5000 2281 5053 in
2319 5000 2522 5056 divinis
2569 5006 2808 5061 oraculis
2837 5006 3074 5066 obscura
3114 5015 3437 5076 inveniren-

1874 5096 1986 5153 tur,
2016 5089 2228 5144 solvere
2253 5102 2307 5146 et
2337 5092 2610 5162 explicare
2650 5099 2849 5164 putuit,
2871 5110 3035 5170 atque
3062 5104 3117 5159 in
3150 5106 3289 5164 locis
3313 5126 3436 5167 om-

1877 5180 2038 5234 nibus
2058 5180 2289 5250 Origene
2325 5184 2556 5239 maxime
2588 5195 2726 5241 teste
2757 5204 2890 5245 usus
2919 5203 3024 5250 est.
3089 5197 3436 5272 Quapropter

170 5280 455 5349 δεύτερον
484 5277 576 5330 καὶ
623 5278 683 5328 τὸ
734 5278 938 5346 τρίτον,
976 5273 1051 5336 ὡς
1104 5274 1263 5336 αὐτὸς
1316 5273 1500 5325 καλεῖν
1553 5274 1767 5340 είωθεν,

172 5372 377 5442 ἀρχὴν
416 5369 702 5439 ὑπάρξεως
735 5366 1017 5435 εἰληφέναι
1045 5366 1230 5434 φησίν.
1268 5366 1433 5417 Ἀλλὰ
1473 5367 1565 5418 καὶ
1616 5366 1764 5434 Ὠρι-

167 5466 363 5531 γένης
403 5457 725 5528 ἁπανταχοῦ
777 5456 883 5509 τῶν
920 5455 1098 5523 λόγων
1130 5455 1431 5526 διαρρήδην
1486 5455 1764 5510 συναῒόιόν

166 5569 332 5623 φησι
366 5552 465 5603 τὸν
511 5549 642 5601 Υίδν
702 5546 897 5618 Πατρί.
952 5549 1097 5619 Πλὴν
1160 5549 1208 5600 εί
1269 5547 1361 5600 καὶ
1410 5550 1477 5617 τῇ
1539 5549 1763 5602 ἐκείνων

1877 5283 2171 5343 utrumque
2186 5275 2445 5330 admirari
2475 5279 2609 5332 mihi
2634 5280 2688 5334 in
2706 5295 2945 5338 mentem
2970 5290 3138 5355 venit,
3157 5295 3435 5361 quomodo

1875 5365 2085 5420 scilicet
2111 5375 2169 5419 ut
2199 5367 2313 5421 Arii
2345 5368 2538 5438 dogma
2565 5385 2949 5440 sequerentur,
2979 5379 3222 5436 animum
3269 5384 3435 5440 indu-

1874 5457 2078 5523 xerint,
2117 5459 2255 5513 alter
2318 5460 2621 5527 Platonem,
2688 5465 2829 5519 alter
2884 5465 3174 5539 Origenem
3206 5491 3435 5543 prorsus

1874 5552 2093 5623 spirans
2127 5553 2325 5611 :-uuod
2368 5562 2423 5609 et
2455 5555 2611 5611 Plato
2654 5559 2732 5629 (ι)
2770 5564 3064 5616 secundam
3108 5578 3163 5620 ct
3220 5572 3436 5626 tertiani

256 5718 351 5789 (Ι)
388 5715 543 5789 Plato
567 5711 910 5789 τοδεύτερον
936 5714 1029 5764 καὶ
1047 5710 1115 5789 ’τὸ
1141 5713 1323 5783 τρίτον
1354 5714 1525 5789 αἴτιον
1552 5713 1765 5789 iuitium

1882 5714 2295 5789 s_tinus_martyr
2319 5718 2553 5788 aliquam
2585 5722 2863 5778 notionem
2894 5723 3184 5782 Trinitatis
3208 5732 3439 5789 sanctis-

162 5784 524 5846 subs'tautiae
559 5784 835 5851 ὑπάρξεως
872 5784 1151 5852 accepisse
1200 5786 1436 5854 negavit.
1482 5784 1633 5839 Uudc
1664 5784 1765 5839 Ju-
1871 5786 2023 5839 siina:
2061 5784 2342 5841 Platonem
2374 5784 2631 5846 habuisse
2669 5795 2927 5864 epinatus
2960 5807 3062 5850 est.

524 5876 793 5935 PATROL.
826 5879 912 5940 Ge
927 5921 944 5939 .
987 5878 1215 5941 CXLVI
1936 5970 1945 5975 _
3042 5889 3116 5949 35
