3898 6192
263 392 398 464 1101

1150 384 1745 456 ECCLESIASTICJE
1780 386 2167 456 HISTORIA?
2209 388 2351 454 LIB.
2392 392 2543 454 XIV.

3357 394 3489 457 11λὲ

254 510 487 581 θέατρον
532 512 644 573 τοῖς
693 511 989 581 ὀρχησταῖς
1038 513 1410 584 συνηγείρετο,
1461 512 1557 567 ἅτε
1604 514 1666 582 δὴ
1714 512 1820 565 τῶν

1928 521 2132 565 motum
2166 510 2389 579 patitur.
2430 510 2612 579 Itaque
2656 508 2951 563 multitudo
2998 509 3317 562 tumultuari
3351 521 3491 564 inter

265 596 540 653 Ἰουδαίων
569 597 631 650 οὐ
666 597 802 668 πρὸς
835 598 936 671 τὴν
966 598 1061 653 τοῦ
1094 601 1259 671 νόμου
1295 602 1557 672 ἀκρόασιν
1590 603 1686 672 τὴν
1722 604 1819 673 άρ-

253 689 379 757 γίαν
410 689 861 761 καταχρωμένων
880 731 896 757 ,
928 691 1064 745 ἀλλὰ
1091 692 1152 744 τδ
1181 695 1292 757 τοῖς
1327 693 1576 763 θεάτροις
1618 694 1817 762 μᾶλλον

254 782 686 852 ὲνασχυλεϊσθαι.
721 782 822 837 Διά
849 800 931 837 τοι
960 782 1119 837 τοῦτο
1147 784 1243 837 καὶ
1271 785 1543 855 ὲπίμαχος
1573 788 1605 856 ὴ
1638 779 1818 855 ἡμέρα

253 871 394 943 αῦτη
421 874 535 935 τοῖς
563 871 657 926 τοῦ
690 871 868 943 δήμου
905 874 1201 927 καθίστατο
1236 875 1430 945 μέρεσι
1454 890 1469 905 ’
1505 876 1600 928 καὶ
1629 876 1818 927 τούτου

252 965 418 1035 χάριν
454 964 558 1017 ὑπὸ
592 963 686 1021 τοῦ
721 964 823 1034 τῆς
854 965 1260 1035 Ἀλεξανδρείας
1298 967 1540 1037 ἐπάρχου
1578 969 1636 1020 ἐν
1672 967 1821 1031 τάξει

254 1056 665 1121 καταστάντος,
696 1056 764 1109 ὀί
802 1055 1041 1110 Ἰουδαῖοι
1092 1058 1243 1111 οὐδὲν
1290 1052 1453 1129 ἦττον
1502 1058 1820 1123 ἐπέκειντο,

255 1146 470 1218 θατέρῳ
503 1146 613 1199 τῶν
648 1145 834 1217 μερῶν
863 1146 1052 1217 ῶσπερ
1089 1147 1537 1210 άντιπαθοῦντος.
1568 1149 1682 1200 ’Δεὶ
1723 1149 1823 1217 μὲν

254 1234 350 1293 οὖν
377 1237 635 1308 πολέμιον
662 1237 820 1291 τοῦτο
846 1237 908 1291 τὺ
938 1237 1104 1305 φῦλον
1132 1238 1477 1306 Χριστιανοῖς
1497 1276 1512 1300 ,
1546 1238 1640 1298 καὶ
1668 1240 1824 1291 εὐσε-

255 1327 372 1381 ϐεῖν
400 1328 895 1397 ἀναπεπεισμένον,
926 1328 994 1397 ἢν
1019 1330 1098 1382 ὅτι
1129 1329 1384 1383 πλεῖστον
1411 1331 1586 1383 αἴτιον
1612 1330 1824 1398 γένοιτο

256 1421 424 1474 κακόν
450 1436 503 1473 τι
534 1421 768 1489 πάσχειν
796 1421 947 1491 ἡμᾶς
970 1437 985 1451 ο
1017 1421 1139 1475 τότε
1169 1420 1225 1473 δὲ
1256 1422 1351 1475 καὶ
1381 1421 1581 1491 μᾶλλον
1611 1422 1698 1476 διὰ
1726 1422 1825 1491 τὴν

256 1511 559 1580 εἰρημένην
598 1511 778 1564 αἰτίαν
812 1510 921 1563 τῶν
955 1510 1239 1581 ὀρχηστῶν
1280 1514 1371 1564 καὶ
1410 1513 1663 1565 πλεῖστόν
1706 1513 1825 1565 καθ’

260 1602 472 1657 ἑαυτῶν
506 1598 645 1673 ἦσαν
681 1601 1224 1685 ἐκπεπολεμωμένοι.
1267 1604 1374 1656 Καὶ
1411 1602 1473 1673 δή
1511 1620 1629 1656 τινα
1670 1603 1824 1657 πολι-

255 1691 405 1743 τείαν
435 1688 862 1760 πρυτανεύοντος
883 1688 1138 1756 Ὀρέστου
1165 1688 1259 1743 τοῦ
1287 1691 1387 1759 τῆς
1409 1690 1824 1761 Ἀλεξανδρείας

1927 615 1986 656 se
2035 600 2229 669 cmpit,
2276 615 2385 653 non
2434 599 2757 655 necessitate
2806 597 3063 668 quapiam
3099 598 3356 662 abducta,
3394 600 3489 653 sed

1929 701 2151 762 propter
2181 706 2525 746 communem
2548 732 2561 753 .
2601 707 2721 761 qua:
2755 700 2868 746 tum
2904 706 3094 746 omnes
3125 706 3291 761 prope
3324 693 3490 747 urbes
3556 736 3560 764 ς

1931 783 2224 845 invaserat.
2259 783 2646 837 calamitatem.
2684 782 2910 838 Relictis
2934 783 3145 839 scilicet
3174 783 3337 839 rebus
3368 799 3488 838 om-
3541 768 3573 857 ξ’ῖί
3640 776 3659 793 “

1932 870 2129 935 nibus,
2178 871 2419 926 studium
2470 886 2633 927 omne
2684 871 2737 926 iu
2795 872 3111 925 saltatorum
3168 873 3495 941 spectaculis
3543 870 3579 941 ‘._.

1933 962 2231 1029 ponebant.
2262 962 2485 1017 Sabbati
2516 963 2603 1018 die
2634 963 2688 1017 in
2714 964 2929 1019 theatro
2958 963 3024 1017 ad
3055 964 3341 1018 saltatores
3371 979 3496 1035 spe—

1931 1053 2159 1109 ctandos
2180 1053 2580 1125 frequentiores
2602 1064 2971 1110 convenerant
2992 1054 3266 1122 homines,
3290 1056 3494 1112 Judacis

1934 1142 2195 1197 nimirum
2215 1145 2328 1198 otio
2353 1159 2459 1197 non
2487 1143 2554 1198 ad
2573 1144 2746 1215 legem
2770 1145 3094 1200 audiendam
3119 1145 3496 1209 abutentibus.

1934 1231 2030 1285 sed
2057 1230 2111 1285 in
2139 1234 2448 1301 spectacula
2485 1235 2663 1302 potius
2722 1234 3188 1291 incumbentibus.
3221 1239 3392 1304 Quam
3427 1241 3497 1294 ob

1932 1337 2156 1377 causam
2188 1339 2255 1379 eo
2285 1324 2374 1380 die
2402 1325 2574 1396 major
2600 1326 2743 1380 inter
2773 1328 2955 1397 populi
2990 1329 3257 1386 factiones
3285 1335 3499 1388 etstitit

1936 1428 2136 1483 pugna.
2191 1415 2258 1469 Et
2302 1417 2552 1485 quamvis
2603 1417 2721 1486 ejus
2768 1417 2843 1471 rei
2895 1418 3067 1487 gratia
3118 1419 3501 1478 Alexnndrina:

1939 1503 2093 1557 urbis
2146 1504 2467 1571 prazfectus,
2519 1520 2644 1560 cum
2693 1507 2954 1561 instructa
3002 1509 3231 1565 cohorte
3279 1526 3376 1565 sua
3422 1512 3499 1566 ibi

1935 1596 2198 1661 adesset,
2261 1597 2619 1653 nihilominus
2664 1608 2843 1654 tamen
2891 1599 3061 1655 δυόωὶ
3112 1600 3495 1666 imminebant.

1936 1686 2101 1739 veluti
2153 1687 2309 1741 alteri
2365 1686 2589 1743 factioni
2657 1690 2993 1746 resistentes.
3048 1692 3293 1759 Quorum
3346 1694 3498 1749 natio

258 1781 506 1853 ἐπάρχου
536 1781 614 1850 τῷ
645 1780 803 1849 δήμῳ
834 1780 1014 1850 (οὕτω
1045 1780 1155 1849 γάρ
1187 1781 1377 1854 εἰωθὸς
1410 1781 1700 1852 ὀνομάζειν
1731 1780 1824 1843 τάς

1935 1792 2058 1832 cum
2111 1778 2302 1834 infesta
2340 1794 2557 1849 semper
2601 1780 2929 1835 Christianis
2957 1791 3077 1844 est.
3128 1784 3499 1854 pietatemque

257 1850 564 1943 δημοτικάς
610 1872 1053 1940 διατυπώσεις),
1100 1850 1355 1944 παρῆσαύ
1394 1850 1649 1927 καὶήὸσοι
1695 1875 1824 1945 περὶ

1928 1880 1986 1921 se
2027 1876 2287 1936 przcstare
2326 1870 2438 1923 Deo
2478 1885 2800 1938 persuasum
2842 1871 3041 1937 habet,
3074 1850 3500 1942 sitquamplu'ri-

258 1963 351 2016 τὸν
396 1962 694 2016 ἐπίσκοπον
740 1961 1010 2032 Κύριλλον
1054 1962 1183 2030 φίλα
1226 1964 1422 2034 ἐκείνῳ
1466 1964 1827 2034 φρονοῦντες,

256 2056 359 2120 τὰς
394 2054 650 2118 τοιαύτας
690 2054 1052 2117 διατυπώσεις
1087 2056 1345 2125 ὀψόμενοι
1369 2072 1383 2087 ο
1423 2060 1481 2107 ἐν
1516 2051 1595 2120 οἷς
1635 2054 1703 2127 ἦν
1738 2056 1828 2109 καί

258 2164 343 2211 τις
380 2145 554 2218 Ἰέραξ
594 2145 787 2217 ϐνομα.
820 2147 915 2210 Ὃς
960 2147 1306 2217 γραμμάτων
1351 2148 1451 2217 μὲν
1492 2146 1603 2201 τῶν
1648 2148 1828 2210 πεζῶν

255 2239 580 2299 διδάσκαλος
607 2234 704 2311 ἦν,
742 2238 991 2291 τοσοῦτον
1018 2240 1073 2292 δὲ
1105 2242 1219 2302 ταῖς
1252 2239 1347 2292 τοῦ
1382 2240 1651 2310 Κυρίλλοιι
1683 2241 1828 2293 διδα-

259 2332 515 2394 σκαλίαις
555 2332 852 2401 ἐξήρτητο,
882 2331 957 2394 ῶς
997 2332 1161 2401 μηδὲν
1191 2333 1320 2387 ἄλλο
1354 2333 1624 2403 αἱρεῖσθαι
1662 2333 1695 2403 ἢ
1731 2334 1827 2404 τὴν

256 2424 474 2478 ἐκεῖθεν
501 2424 789 2493 ἀκρόασιν,
818 2424 914 2476 καὶ
944 2424 1173 2492 κρότους
1205 2426 1439 2495 ἐγείρειν
1470 2426 1582 2488 τοῖς
1613 2426 1823 2478 ἐκείνου

254 2517 533 2585 νοήμασιν
580 2514 952 2569 ἐπισπεύδειν.
987 2516 1085 2569 Ὃν
1134 2516 1332 2579 ἰδόντες
1375 2517 1444 2569 τά
1491 2517 1672 2588 πλήθη
1718 2518 1825 2570 τῶν

251 2608 555 2671 Ἰουδαίων,
597 2607 756 2672 εὐθὺς
801 2608 1041 2679 ἐχρῶντο
1084 2607 1206 2678 βοῇ,
1242 2608 1328 2662 διά
1372 2608 1537 2679 μηδὲν
1576 2607 1707 2662 ἄλλο
1747 2608 1825 2682 τῷ

251 2701 474 2770 θεάτρῳ
508 2702 716 2753 ἐκεῖνον
748 2699 1085 2771 παραϐαλεῖν
1105 2739 1121 2766 ,
1155 2701 1187 2772 ἢ
1225 2700 1311 2754 ίνα
1347 2701 1536 2753 στάσιν
1568 2700 1822 2772 ύπανάψῃ

249 2794 332 2865 τῷ
365 2795 546 2864 δήμῳ.
580 2793 640 2846 Ὅ
673 2791 716 2846 δ’
742 2791 980 2863 ἔπαρχος
1014 2791 1272 2863 Ὀρέστης
1294 2832 1310 2856 ,
1346 2790 1442 2845 καὶ
1474 2790 1689 2862 πρῶτον
1723 2792 1824 2861 μὲν

251 2889 354 2958 τὴν
395 2887 708 2956 παράλογον
748 2885 855 2938 τῶν
894 2885 1210 2938 ἐπισκόπων
1246 2882 1566 2937 δυναστείαν
1605 2884 1694 2949 διά
1740 2884 1824 2953 μί-

240 2995 386 3043 ισους
426 2975 571 3049 εἶχεν
596 2994 612 3011 ο
657 2978 853 3048 ὅτιπερ
897 2976 1032 3029 πολύ
1073 2994 1128 3030 τι
1171 2975 1547 3048 παρυφέλκειν
1592 2976 1823 3049 ᾑροῦντο

248 3069 363 3121 τῶν
389 3066 494 3119 ὑπὸ
516 3066 615 3138 τὴν
642 3064 891 3132 ἐξουσίαν
918 3064 1115 3134 ἐκείνῳ
1139 3064 1414 3135 δημοσίων
1442 3064 1785 3135 πραγμάτων
1805 3080 1819 3094 ο

254 3158 497 3228 μάλιστα
539 3156 584 3210 δ’
608 3157 689 3209 ὅτι
731 3155 853 3208 τότε
897 3156 993 3208 καὶ
1037 3154 1305 3222 Κύριλλος
1348 3157 1430 3220 εἰς
1472 3155 1667 3209 λεπτὸν
1708 3158 1821 3209 διαμ-
1852 3203 1890 3228 η

249 3248 408 3319 θρεῖν
437 3247 536 3310 τὰς
566 3246 662 3300 τοῦ
696 3246 941 3317 ἐπάρχου
971 3246 1332 3321 διατυπώσεις
1364 3247 1552 3317 ᾑρεῖτο
1572 3288 1588 3313 ,
1621 3247 1715 3301 καί
1746 3248 1821 3311 ῶς

250 3342 321 3396 ἄν
350 3358 434 3406 τις
468 3339 601 3411 φαίη
632 3338 1113 3411 περιεργάζεσθαι.
1149 3340 1319 3404 Εὐθὺς
1348 3339 1442 3395 οὖν
1475 3340 1822 3412 ἀνάρπαστον

248 3433 348 3487 τὶν
386 3431 604 3502 Ἱέρακά
652 3431 1059 3501 ποιησάμενος,
1112 3431 1350 3501 πληγαῖς
1404 3432 1676 3500 ὑπέϐαλε,
1730 3434 1823 3487 καὶ

253 3524 464 3595 σφόδρα
511 3525 761 3595 ᾐκίσατο.
801 3524 866 3576 Ὀ
911 3524 1074 3593 γνοὺς
1122 3525 1150 3577 ὁ
1198 3523 1472 3587 θειότατος
1520 3524 1820 3590 Κύριλλος,

254 3616 367 3672 τῶν
393 3618 545 3687 παρὰ
564 3614 842 3678 Ἰουδαίοις
868 3616 996 3678 τοὺς
1022 3613 1272 3685 πρώτους
1303 3613 1821 3685 μεταστειλάμενος,

251 3705 495 3779 παρῄνει
527 3707 630 3762 ὅσα
663 3707 812 3771 εἰκός
838 3722 854 3740 ·
888 3708 983 3774 καὶ
1015 3706 1169 3770 τέλος
1201 3706 1473 3778 διηπείλει
1508 3705 1659 3760 δεινὰ
1690 3706 1824 3778 δράι-

254 3817 374 3854 σειν
393 3840 409 3867 ,
440 3802 489 3853 εἰ
525 3799 602 3869 μὴ
632 3799 933 3854 παύσαιντο
958 3800 1051 3853 τδν
1078 3799 1249 3869 δῆμον
1280 3797 1665 3861 ἀνακινοῦντες
1689 3838 1701 3861 ,
1733 3798 1824 3850 καὶ

251 3895 402 3947 κατὰ
425 3891 537 3945 τῶν
563 3891 911 3964 Χριστιανῶν
934 3891 1008 3955 ῶς
1039 3890 1292 3945 πλεῖστον
1316 3889 1731 3960 διερεθίζοντες.
1762 3890 1825 3943 Ol

250 3984 311 4038 δὲ
338 3985 439 4048 τὰς
468 3984 697 4048 ἀπειλὰς
724 3982 1110 4046 διακούσαντες
1129 4023 1145 4050 ,
1176 3982 1376 4053 μᾶλλον
1403 3983 1503 4050 άνη
1514 3980 1789 4052 ρεθίζοντο
1808 4019 1823 4045 ,

252 4077 355 4132 καὶ
389 4076 485 4129 in!
524 4074 698 4147 βλάϐῃ
738 4072 850 4129 τῶν
888 4074 1231 4145 Χριστιανῶν
1273 4073 1532 4136 πλείστας
1569 4072 1825 4126 ἐπενόουν

250 4173 353 4232 τάς
383 4168 633 4240 μηχανάς
650 4183 667 4200 ο
694 4163 768 4223 ῶν
792 4166 891 4238 τὴν
917 4167 1348 4237 κορυφαιοτάτην
1372 4166 1468 4221 καὶ
1492 4165 1600 4218 τῶν
1626 4163 1822 4230 ἄλλων,

253 4262 330 4323 ὡς
377 4262 571 4325 εἰπεῖν,
608 4261 701 4313 ἐπὶ
740 4258 895 4330 κακῷ
932 4258 1312 4329 διαφέρουσαν,
1352 4257 1385 4326 ἢ
1426 4258 1491 4327 δὴ
1535 4256 1632 4311 καὶ
1676 4256 1827 4311 αἰτία

253 4353 500 4422 κατέστη
522 4352 807 4416 Ἰουδαίους
839 4350 939 4420 τῆς
963 4348 1319 4421 Ἀλεξάνδρου
1360 4349 1681 4418 εξελαθῆναι
1700 4390 1714 4413 ,
1751 4348 1827 4412 ῶς

255 4442 380 4495 ὲνὺν
412 4440 769 4511 διηγήσομαι.
804 4440 975 4508 Κοινῇ
1010 4438 1118 4507 γὰρ
1156 4435 1537 4503 συνελθόντες,
1574 4435 1827 4507 σύνθημα

1932 1972 2145 2023 morum
2179 1959 2342 2014 nobis
2372 1960 2640 2014 malorum
2673 1976 2834 2016 causa
2863 1962 2935 2016 sit
2965 1980 2979 2017 :
3025 1972 3138 2018 tum
3186 1978 3252 2018 eo
3282 1964 3500 2034 potissi-

1930 2064 2081 2102 mum
2117 2058 2391 2119 tempore,
2425 2060 2647 2121 propter
2688 2067 2783 2107 eos
2813 2068 2950 2122 quos
2990 2054 3233 2111 diximus
3278 2056 3502 2110 saltato-

1929 2156 2039 2207 res,
2082 2140 2378 2211 plurimum
2413 2144 2581 2197 etiam
2612 2143 2877 2201 adversus
2908 2147 3120 2216 seipsos
3153 2156 3284 2201 sunt
3312 2148 3497 2202 conci-

1927 2234 2049 2290 tati.
2084 2235 2301 2290 Etcum
2332 2235 2557 2293 Orestes
2596 2239 2936 2294 Alexandria:
2970 2240 3261 2310 praefectus
3290 2242 3497 2311 popqu

1930 2327 2229 2393 πολιτείαν,
2264 2328 2369 2383 hoc
2400 2340 2503 2395 est,
2536 2331 2847 2385 institutum
2878 2332 3155 2402 quoddam
3203 2332 3365 2387 civile
3398 2332 3495 2400 (ita

1925 2420 2071 2472 enim
2114 2420 2291 2475 edicta
2342 2437 2439 2475 seu
2483 2422 2864 2477 ordinationes
2913 2424 3163 2492 publicas
3211 2424 3499 2477 nominare

1925 2527 2046 2565 mos
2078 2515 2181 2579 cst)
2226 2514 2445 2580 ederet,
2495 2513 2771 2568 aﬂ‘uerunt
2818 2515 2982 2569 etiam
3028 2516 3349 2586 quicunque
3381 2516 3498 2584 epi-

1928 2614 2090 2672 scopo
2117 2603 2321 2671 Cyrillo
2365 2604 2662 2671 favebant,
2696 2606 2945 2661 instituta
2986 2605 3256 2676 ejusmodi
3304 2607 3496 2661 visuri.

1928 2695 1987 2749 In
2037 2696 2122 2751 his
2165 2696 2384 2752 nomine
2433 2697 2628 2751 llierax
2667 2708 2787 2753 erat
2828 2699 3138 2754 humilioris
3168 2699 3496 2754 litteratura:

1927 2787 2206 2857 magister,
2249 2797 2533 2858 tantopere
2576 2806 2641 2845 ex
2688 2790 2875 2862 Cyrilli
2922 2789 3171 2846 doctrina
3223 2791 3491 2862 pendens,

1927 2890 1988 2934 ut
2034 2881 2168 2936 nihil
2214 2881 2363 2936 aliud
2423 2882 2628 2937 faceret
2677 2883 2973 2947 libentius,
3016 2897 3180 2953 quam
3235 2884 3386 2937 illum
3436 2898 3497 2938 ut

1925 2974 2177 3040 audiret,
2226 2983 2281 3029 et
2316 2974 2537 3044 plausus
2575 2976 2722 3031 ciere
2754 2975 2820 3030 ad
2859 2975 3007 3030 illius
3038 2976 3344 3030 sententias
3372 2986 3494 3029 slu-

1925 3066 2098 3123 deret.
2143 3065 2302 3123 llunc
2348 3068 2441 3123 ubi
2484 3067 2798 3123 Judaeorum
2844 3069 3135 3123 multitudo
3183 3069 3491 3137 conspexit,

1927 3159 2107 3214 statim
2132 3160 2423 3216 vociferari
2449 3163 2640 3231 carpit,
2674 3175 2777 3214 non
2804 3159 2962 3214 aliam
2990 3162 3061 3215 ob
3092 3146 3310 3215 causam
3336 3161 3490 3214 illum

1926 3251 1982 3307 in
2019 3251 2289 3306 theatrum
2321 3252 2561 3317 veniSSe,
2602 3251 2762 3324 467
2794 3267 2957 3323 quam
2987 3259 3047 3305 ut
3077 3252 3402 3307 seditionem
3436 3254 3490 3307 in

1926 3345 2128 3414 popqu
2154 3345 2437 3401 excitaret.
2486 3345 2782 3401 Praifectus
2828 3345 3048 3401 Orestes
3088 3357 3244 3401 antea
3276 3360 3495 3415 quoque

1926 3447 2121 3504 praeter
2144 3437 2411 3490 rationem
2442 3449 2756 3503 usurpatam
2779 3435 3163 3504 episcoporum
3194 3435 3493 3505 potentiam

1924 3527 2115 3583 oderat
2142 3528 2241 3596 (ἰ),
2292 3527 2437 3596 quod
2490 3526 2567 3580 illi
2620 3527 2790 3579 multa
2842 3539 2907 3578 ex
2956 3524 3194 3593 publicis
3243 3525 3492 3597 negotiis,

1924 3634 2044 3689 qua:
2068 3618 2133 3672 ad
2162 3618 2602 3690 jurisdictionem
2632 3617 2754 3689 ejus
2784 3617 3156 3687 pertinebant,
3190 3618 3255 3673 ad
3284 3634 3342 3674 se
3370 3634 3495 3688 per-

1925 3711 2143 3766 trahere
2185 3710 2482 3765 volebant:
2531 3710 2878 3780 potissimum
2922 3719 3139 3775 autem,
3185 3708 3330 3778 quod
3377 3719 3494 3763 tum

1923 3816 2141 3871 quoque
2170 3800 2406 3874 Cyrillus
2435 3800 2683 3855 instituta
2716 3799 2819 3855 sibi
2859 3812 3051 3855 essete
3082 3800 3490 3869 perspicienda.

1923 3892 2408 3961 curiositatemque
2437 3892 2518 3961 (ut
2543 3890 2745 3962 aliquis
2766 3890 2932 3960 dicat)
2964 3891 3019 3945 in
3051 3892 3225 3947 aliena
3253 3908 3311 3947 re
3337 3908 3496 3947 exer-

1926 3983 2154 4040 eendam
2186 3992 2484 4050 statuerat,
2513 3993 2855 4049 commotus,
2891 3984 3009 4054 rapi
3042 3984 3335 4039 confestim
3367 3984 3496 4039 Hie-

1929 4092 2107 4134 raCem
2136 4079 2321 4149 jussit,
2350 4077 2778 4147 verberibusque
2804 4076 3083 4133 subditum
3106 4076 3262 4132 valde
3280 4076 3490 4135 afﬂixit.

1925 4170 2080 4237 Quod
2113 4169 2207 4225 ubi
2238 4169 2617 4225 divinissimus
2647 4167 2885 4240 Cyrillus
2910 4170 3185 4239 cognovit,
3222 4170 3493 4239 primores

1925 4261 2241 4319 Judaeorum
2266 4260 2333 4316 ad
2365 4277 2423 4318 se
2447 4263 2673 4327 accitos,
2704 4262 2783 4316 ita
2808 4269 2868 4316 ut
2890 4277 2986 4331 par
3011 4273 3148 4328 erat,
3177 4262 3491 4317 admonuit:

1925 4362 2203 4423 postremo
2232 4353 2396 4408 etiam
2427 4352 2567 4407 male
2612 4366 2672 4407 se
2703 4366 2801 4406 eos
2844 4359 3199 4421 accepturum
3242 4366 3362 4406 esse
3394 4352 3497 4406 mi-

1927 4458 2088 4503 natus
2118 4455 2232 4511 est,
2265 4445 2370 4501 nisi
2413 4443 2674 4514 populum
2713 4458 3092 4509 commovere,
3133 4453 3191 4497 et
3227 4443 3496 4500 adversus

256 4533 398 4604 πρὸς
428 4532 689 4601 ἀλλήλους
718 4529 966 4595 ἐποίουν,
999 4527 1129 4582 ὥσθ’
1153 4529 1386 4584 ἕκαστον
1413 4529 1701 4583 δακτύλιον
1732 4528 1824 4597 φέ-

1931 4539 2274 4594 Christianos
2316 4538 2612 4608 plurimum
2659 4533 2973 4599 concitare,
3008 4532 3361 4588 desisterent.
3402 4533 3498 4587 Mi-

258 4644 376 4695 ρειν
410 4626 475 4679 lx
509 4623 694 4693 φλοιοῦ
730 4623 989 4693 φοινίκων
1023 4619 1220 4687 θαλοῦ,
1257 4622 1354 4674 καὶ
1387 4621 1606 4691 νύκτωρ
1639 4621 1825 4675 ἐπιθέ-

257 4718 388 4772 σθαι
420 4716 787 4787 Χριστιανοῖς.
822 4714 935 4769 Καὶ
966 4713 1034 4783 δὴ
1069 4715 1168 4786 μιᾷ
1199 4713 1306 4768 τῶν
1338 4713 1585 4778 νυκτῶν,
1622 4714 1729 4769 άνά
1761 4713 1830 4769 τά

254 4812 502 4878 κλίματα
527 4809 622 4879 τῆς
650 4807 860 4871 πόλεως
890 4805 1138 4877 προῆκαν
1166 4806 1405 4876 βοῶντάς
1432 4823 1607 4870 τινας,
1633 4805 1709 4870 ῶς
1738 4805 1827 4877 εἴη

255 4901 400 4972 πυρὶ
449 4900 717 4970 καιομένη
752 4901 785 4969 ἠ
819 4896 1163 4967 Χριστιανῶν
1208 4897 1509 4968 ἐκκλησία,
1546 4892 1582 4971 ᾖ
1617 4897 1826 4950 ἐπώνυ-

258 5009 364 5064 μον
386 4991 742 5060 Ἀλεξάνδρου
770 4989 865 5044 τοῦ
890 4988 1190 5042 ἐπισκόπου
1226 4988 1419 5058 κλῆσίς
1449 4990 1619 5043 ἐστιν.
1649 4989 1715 5042 Ὀ
1745 4991 1827 5053 εἰς

253 5079 375 5140 ὦτα
414 5084 647 5146 ἐκείνοις
689 5080 888 5153 άθρόον
925 5079 1099 5144 ἐλθὸν,
1141 5078 1298 5143 ἄλλος
1339 5077 1577 5149 ἀλλαχοῦ
1618 5079 1829 5149 διατρέ-

254 5192 448 5249 χοντες
476 5172 637 5246 ἦσαν,
662 5174 765 5244 τὴν
791 5173 942 5244 σφῶν
969 5173 1325 5243 άλεξήσοντες
1352 5171 1673 5242 ἑκκλησίαν.
1695 5171 1828 5225 Ἰου-

253 5269 399 5322 δαῖοι
439 5266 485 5320 δ’
516 5266 681 5330 εὐθὺς
725 5264 1062 5335 ιπιθέμενοι.
1109 5266 1350 5318 ἔκτεινον
1375 5282 1389 5296 ·
1435 5264 1683 5336 ἀλλήλων
1729 5265 1828 5335 μὲν

251 5362 587 5432 ἀπεχόμενοι
614 5363 682 5432 τῇ
710 5359 819 5414 τῶν
848 5357 1149 5414 δακτυλίων
1180 5358 1461 5431 περιϐολῇ,
1491 5352 1572 5421 οἷς
1600 5357 1645 5410 δ’
1670 5355 1829 5410 ἐντύ-

250 5469 402 5524 χοιεν
436 5450 784 5523 Χριστιανῶν
817 5448 1193 5521 ἀναιροῦντες.
1220 5447 1377 5501 Ἐπεὶ
1410 5447 1456 5501 δ’
1484 5448 1668 5520 ἡμέρα
1701 5449 1827 5517 ιγέ⁴

252 5556 404 5609 νετο,
435 5539 660 5612 ἔκδηλον
687 5541 803 5604 τοῖς
832 5540 1218 5612 εἰργασμένοις
1244 5538 1304 5592 τδ
1336 5539 1569 5611 πρᾶγμα
1599 5533 1687 5611 ἦν.
1721 5537 1830 5608 Ζή-

328 5677 407 5749 (ι)
446 5676 602 5749 Apud
634 5676 868 5749 Suidata
910 5674 1151 5749 theologi
1172 5674 1393 5749 veteris
1430 5674 1704 5749 sententia
1737 5692 1827 5732 re-

254 5744 511 5820 petatur}
554 5747 844 5820 Πολιτικην
876 5744 1119 5820 -άρετῂν
1172 5744 1441 5820 ἰερωσύνῃ
1512 5747 1825 5820 συνάπτειν,

258 5814 597 5886 συγκλώθειν
628 5819 744 5872 ἐστί
774 5814 839 5871 τά
865 5815 1224 5884 ἁσύγκλωστα
1253 5829 1266 5867 :
1306 5814 1522 5872 hocest
1548 5832 1562 5871 :
1596 5814 1824 5871 Civilem

1935 4646 2128 4685 narum
2169 4629 2585 4685 denuntiatione
2631 4625 2900 4702 ejusmodi
2946 4623 3152 4691 audita,
3203 4625 3281 4679 illi
3324 4628 3498 4697 magis

1931 4721 2098 4776 etiam
2131 4720 2465 4783 exacerbati,
2496 4718 2760 4788 plurimas
2793 4716 2860 4770 ad
2895 4715 3190 4784 perniciem
3224 4715 3497 4771 Christia-

1930 4828 2124 4867 norum
2195 4811 2574 4880 excogitatum
2641 4807 2860 4862 fraudes
2922 4816 2978 4861 et
3040 4804 3492 4862 machinationes.

1928 4902 2172 4971 Quarum
2216 4901 2567 4971 praecipuam,
2603 4898 2872 4968 aliasque,
2905 4906 2964 4952 ut
2997 4897 3073 4952 ita
3105 4896 3308 4962 dicam,
3344 4899 3498 4953 mali-

1929 4996 2134 5064 guitate
2174 4992 2528 5046 excellentem
2581 4996 2724 5060 (qua:
2764 4989 2930 5044 etiam
2973 4989 3031 5043 in
3077 5004 3243 5044 causa
3286 4990 3408 5055 fuit,
3439 5003 3498 5046 ut

1926 5082 2100 5139 Judaei
2131 5079 2483 5157 Alexandria.
2508 5080 2859 5148 ejicerentur)
2892 5079 3053 5135 sicuti
3101 5088 3292 5149 potero
3321 5096 3495 5150 expo-

1929 5191 2077 5231 nam.
2119 5173 2253 5229 Nam
2301 5171 2578 5228 communi
2627 5171 2862 5225 concilio
2908 5180 3120 5235 coacto.
3159 5169 3229 5226 de
3256 5170 3410 5242 signo
3438 5182 3495 5226 et

1929 5275 2133 5321 tessera
2164 5263 2307 5317 inter
2329 5275 2388 5317 se
2417 5270 2819 5337 convenerunt,
2850 5273 2911 5315 ut
2937 5262 3312 5331 unusquisque
3341 5262 3491 5317 vide-

1929 5355 2056 5410 licet
2085 5352 2345 5407 aunulum
2379 5365 2411 5405 e
2440 5351 2645 5406 cortice
2688 5352 2896 5407 surculi
2934 5352 3124 5422 palmae
3150 5362 3410 5421 gestaret,
3437 5365 3493 5407 et

1929 5455 2096 5502 noctu
2153 5443 2499 5500 Christianos
2559 5442 2967 5511 aggrederetur.
3040 5440 3278 5497 Proinde
3331 5451 3493 5497 nocte

1930 5537 2204 5608 quadam,
2259 5533 2506 5589 nonnulli
2567 5547 2663 5602 per
2734 5531 2885 5587 urbis
2929 5531 3080 5588 vicos
3134 5530 3495 5604 procedentes

1927 5674 2185 5729 virtutem
2235 5669 2527 5740 episcopali
2580 5666 2849 5740 functioni
2890 5668 3164 5739 applicare
3217 5665 3395 5733 velle.
3430 5683 3495 5740 ea

1930 5739 2541 5820 conjungere’estﬂua'
2579 5739 2722 5793 inter
2742 5754 2802 5820 se
2831 5741 3064 5797 maxime
3095 5748 3287 5797 natura
3325 5739 3492 5796 dissi.

1931 5815 2084 5883 dent,
2110 5824 2165 5867 et
2201 5815 2455 5881 conuerti
2489 5818 2785 5879 nequeunt.
