3898 6192
508 342 639 405 ἶίθῒ

1734 340 2155 405 NICEPIIORI
2198 343 2544 406 CALLISTI

3521 359 3623 430 ίίθί

503 469 899 532 exclamarunt,
922 467 1360 524 Christianorum
1396 468 1682 523 ecclesiam
1715 483 1838 537 quae
1870 482 2074 522 nomen

2177 466 2271 519 λου
2315 467 2372 520 δὲ
2415 466 2674 537 πλησθεὶς
2722 467 3019 538 Κύριλλος,
3066 471 3265 543 σύναμα
3304 476 3467 546 πλήθει
3499 486 3624 554 πολλῷ

503 560 570 615 .-.b
607 560 917 615 Alexandro
942 562 1202 631 episeopo
1235 560 1421 627 habet,
1448 559 1663 615 ardere.
1693 558 1851 625 Quod
1884 559 1977 613 ubi
2004 559 2073 613 ad

500 650 715 706 illorum
746 666 905 706 aures
929 653 1114 706 statim
1141 652 1399 721 pervenit
1422 691 1436 716 ,
1478 652 1621 707 alius
1649 651 1758 705 alio
1789 649 2070 716 discurrit,

501 742 742 797 ecclesiae
795 756 907 795 sua:
958 756 1118 811 Opem
1170 742 1409 796 laturus.
1462 740 1612 807 Quos
1660 741 1835 797 Judaei
1890 742 2074 796 subito

500 833 736 903 aggressi
791 831 1156 897 occiderunt,
1212 850 1242 887 a
1301 832 1502 903 seipsis
1559 833 1781 903 quidem
1846 842 2074 903 propter

503 926 829 980 annulorum
863 934 1124 980 tesseram
1159 941 1353 981 manus
1382 926 1762 981 abstinentes:
1807 924 2074 979 Christia-

506 1032 605 1070 nos
650 1025 852 1079 autem,
890 1018 941 1069 in
985 1032 1124 1086 quos
1167 1017 1510 1082 incidebant,
1549 1015 1883 1086 jugulantes.
1912 1016 2075 1071 Post-

503 1122 664 1175 quam
702 1116 883 1161 autem
915 1106 1033 1161 dies
1065 1108 1262 1172 illuxit,
1296 1122 1361 1162 ex
1402 1115 1584 1175 strage
1626 1121 1689 1160 ea
1720 1105 1987 1177 ﬂagitium
2020 1106 2077 1160 in

504 1209 695 1269 aperto
720 1200 824 1254 iuit
857 1217 871 1254 :
912 1210 971 1255 et
1009 1201 1243 1272 Cyrillus
1286 1198 1403 1254 zelo
1437 1198 1701 1269 percitus,
1733 1213 1857 1252 cum
1899 1198 2083 1252 multi-

505 1292 695 1346 tudine
736 1307 928 1362 magna
958 1292 1023 1347 ad
1075 1306 1377 1363 synagogas
1415 1306 1607 1346 eorum
1659 1289 1832 1352 venit,
1877 1304 2080 1359 easque

504 1383 611 1437 illis
645 1384 886 1448 ademit,
918 1394 975 1439 et
1008 1384 1371 1440 substantiam
1410 1396 1604 1436 eorum
1639 1395 1858 1435 omnem
1896 1380 2083 1434 multi.

507 1475 681 1529 tudini
736 1475 1103 1546 diripiendam
1151 1473 1326 1535 dedit,
1384 1472 1642 1541 ipsosque
1673 1471 1837 1525 simul
1889 1464 2082 1525 omnes

2180 559 2273 610 ἐπὶ
2302 562 2397 621 si;
2425 558 2751 626 συναγωγὰς
2778 560 2958 612 αὐτῶν
2985 561 3143 631 ἥκει)
3171 566 3258 617 καὶ
3278 567 3535 637 ἀραιρεῖται
3559 577 3625 642 μὲν

2181 647 2425 714 ταύτας,
2477 648 2573 711 τὰς
2624 648 2680 701 δὲ
2735 650 2920 713 οὐσίας
2973 653 3338 722 ἀναρπάστους
3381 659 3446 727 τῷ
3490 664 3628 732 πλήθει

2180 734 2353 789 ἐποίει
2377 751 2391 765 ⁸
2414 737 2658 799 ἐκείνους
2685 736 2731 790 δ’
2760 738 2877 807 ἅμα
2908 741 3110 804 πάντας
3130 743 3225 812 τῆς
3253 746 3431 810 πόλεως
3449 750 3629 820 ﬁliabus.

2180 828 2245 879 Ol
2298 827 2398 897 μὲν
2442 826 2536 881 οὖν
2569 828 2839 894 Ἰουδαῖοι,
2891 833 2954 884 ὲκ
2999 834 3105 886 τῶν
3134 834 3450 908 Ἀλεξάνδρου
3487 846 3633 912 χρόνων

2178 919 2277 991 τὴν
2320 921 2477 974 πόλιν
2514 923 2866 993 οἰκήσαντες,
2911 928 3105 994 γυμνοὶ
3142 930 3255 980 τότε
3292 931 3386 983 τῶν
3420 932 3551 986 ὄντων
3582 937 3634 1000 ἐξ.

2180 1009 2350 1080 ῄεσαν
2377 1027 2391 1043 ⁸
2431 1012 2528 1065 καὶ
2562 1012 2793 1077 ἕκαστος
2826 1015 2937 1085 ὅπη
2968 1015 3121 1087 ἔτυχε
3151 1018 3490 1091 διεσπείροντο.
3521 1022 3586 1089 Εἷς
3605 1030 3634 1081 δ’

2182 1103 2409 1157 ἐκείνων
2445 1104 2801 1175 ’Δδαμάντιος
2831 1106 3025 1176 ϐνομα,
3057 1110 3146 1161 ἐπὶ
3176 1115 3426 1184 σοφιστείᾳ
3453 1115 3635 1185 ἰατρικῶν

2181 1192 2356 1261 λόγων
2407 1194 2707 1265 ἔμπειρος,
2758 1198 2852 1249 ἐπὶ
2904 1199 3002 1269 τὴν
3055 1201 3426 1256 Κωνσταντίνου
3469 1208 3634 1272 ἀφῖκτο·

2195 1285 2430 1355 Ἀττικῷ
2459 1302 2518 1338 τε
2548 1287 2625 1356 τῷ
2655 1288 2941 1359 ἐπισκόπῳ
2975 1290 3230 1360 προσιὼν,
3262 1295 3345 1346 καὶ
3369 1296 3427 1347 τά
3450 1297 3618 1365 Χριστια

2183 1379 2289 1431 νῶν
2323 1380 2740 1451 ἐπανῃρημένος
2761 1421 2775 1445 ,
2811 1382 2993 1449 πολλῷ
3028 1385 3199 1453 χρόνῳ
3230 1385 3429 1457 ὕστερον
3450 1388 3637 1459 ἀναστρέ-

2185 1470 2316 1538 ψας,
2348 1470 2447 1540 τὴν
2483 1471 2895 1542 Ἀλεξάνδρειαν
2924 1475 3162 1545 ᾤκησεν.

511 1570 647 1621 urbe
678 1567 1015 1637 expulit.lla
1040 1565 1235 1627 Judazi,
1266 1564 1360 1634 qui
1413 1565 1482 1619 ab
1538 1563 1672 1633 ipsis
1741 1577 1915 1632 usque
1975 1562 2272 1617 Alexandri
2321 1565 2664 1634 temporibus
2710 1566 2902 1621 urbem
2961 1584 3084 1621 eam
3137 1568 3471 1635 incoluerant,
3513 1589 3639 1628 rerum

481 1657 753 1711 'mnnium
785 1658 964 1727 egeni,
1001 1656 1127 1709 inde
1160 1655 1486 1719 discessere,
1520 1668 1629 1722 quo
1654 1667 1928 1722 quemque
1955 1668 2077 1707 sors

507 1752 654 1811 utine
678 1787 695 1814 ,
733 1749 868 1803 artis
906 1746 1197 1802 medicinae
1244 1746 1491 1815 peritus,
1542 1742 2078 1813 Constantinopolim

2115 1653 2241 1707 tulit
2275 1653 2537 1723 dispersi.
2609 1655 2759 1712 Unus
2800 1667 2988 1712 autem
3053 1673 3114 1711 ex
3148 1658 3225 1713 eis
3262 1659 3559 1717 Adamantius
3579 1682 3642 1716 no-

2119 1743 2292 1807 venit,
2343 1744 2534 1816 ibique
2577 1747 2902 1818 episcopum
2981 1749 3217 1805 Atticum
3260 1751 3399 1815 adiit,
3454 1752 3642 1825 met

503 1842 947 1896 Christianorum
1010 1853 1167 1893 sacra
1234 1837 1589 1907 complexus,
1661 1837 1835 1892 multo
1903 1844 2029 1905 post
2094 1844 2343 1905 tempore
2405 1836 2803 1896 Alexandriam
2870 1856 3169 1908 reversus,
3227 1859 3340 1899 eam
3399 1846 3544 1901 urbem
3586 1851 3642 1903 in-

506 1933 701 1988 coluit.

1096 2047 1321 2103 CAPUT
1362 2048 1477 2101 XV.

509 2146 583 2196 De
616 2143 936 2196 dissensione
965 2141 1153 2210 Cyrilli
1181 2150 1367 2195 contra
1404 2140 1709 2209 praafectum
1741 2137 1959 2195 Oresten
1984 2152 2001 2191 :
2026 2147 2075 2210 et

577 2223 632 2266 ut
676 2212 854 2281 lapide
902 2209 1113 2267 Orestes
1153 2213 1210 2264 in
1259 2213 1430 2279 fronte
1468 2211 1601 2264 ictus
1645 2214 1733 2276 sit,
1772 2218 1820 2262 et
1852 2212 1915 2263 de
1962 2209 2075 2263 zelo

575 2283 928 2336 Nitriensium
961 2282 1360 2335 monachorum.

573 2483 799 2540 Orestes
830 2489 1012 2537 autem
1045 2481 1393 2536 Alexandria:
1426 2480 1717 2551 praefectus
1753 2481 1997 2552 graviter
2022 2480 2077 2535 id

507 2577 725 2638 ferens.
760 2584 816 2631 et
845 2590 946 2646 pro
988 2575 1197 2643 ingenti
1236 2575 1571 2629 detrimento
1603 2575 1832 2640 habens,
1881 2574 2077 2629 civita-

509 2681 617 2723 tem
652 2677 759 2721 tam
790 2667 1110 2745 praeclaram
1145 2676 1224 2721 tot
1258 2667 1581 2723 hominibus
1611 2668 1823 2735 orbari,
1862 2682 1978 2722 rem
2008 2668 2077 2723 ad

508 2765 894 2829 imperatorem
953 2758 1161 2814 retulit.
1219 2759 1342 2829 lpse
1395 2774 1617 2829 quoque
1668 2757 1908 2829 Cyrillus
1967 2774 2077 2815 non

507 2850 769 2916 cessavit;
826 2865 952 2904 nam
1001 2848 1318 2905 Iudaeorqu
1387 2847 1435 2902 is
1500 2863 1721 2917 quoque
1782 2848 2079 2902 absurdam

506 2942 790 2997 audaciam
839 2941 905 2996 ad
957 2941 1265 3011 principem
1314 2940 1578 3010 scripsit:
1632 2955 1734 2995 nec
1779 2942 1962 2996 minus
2011 2941 2093 2995 de’

511 3032 934 3102 redintegranda
968 3046 1094 3087 cum
1127 3031 1322 3087 Oreste
1362 3029 1600 3086 amicitia
1631 3034 1742 3103 egit
1779 3050 1791 3087 :
1837 3033 1981 3102 quod
2021 3043 2081 3087 ut

512 3126 736 3185 faceret,
781 3123 936 3192 plebs
976 3122 1349 3176 Alexandrina
1384 3138 1510 3178 eum
1545 3125 1747 3194 coegit.
1782 3124 2081 3195 Postquam

514 3233 644 3271 vero
691 3216 915 3269 Orestes
964 3215 1274 3269 orationem
1328 3213 1397 3268 de
1448 3214 1622 3284 gratia
1674 3216 2079 3271 reconcilianda

512 3322 624 3359 non
658 3304 901 3369 admisit,
933 3303 1171 3374 Cyrillus
1202 3318 1486 3358 sacrorum
1520 3304 1941 3375 Evangeliorum
1983 3321 2081 3360 eo-

2111 2064 2154 2120 B
2777 2048 3033 2105 ΚΕΦΑΛ.
3070 2052 3165 2104 IE'.

2180 2137 2321 2261 Hegi
2360 2137 2472 2208 τῆς
2479 2139 2644 2219 Ξτρὸς
2681 2140 2793 2228 to?
2820 2140 3386 2227 ἔπαρχονᾯρέστην
3420 2147 3641 2213 Κορίλλου

2290 2225 2541 2261 ιαωοοαο
2561 2229 2575 2243 σ
2610 2208 2710 2261 καί
2736 2228 2817 2261 om
2838 2212 2987 2261 λίθω
3014 2212 3236 2261 ὲόληθη
3270 2215 3511 2261 ’(Ιοέσιπρ
3542 2220 3641 2261 κατὰ

2290 2208 2541 2283 ι-αφρρᾶςέ
2561 2229 2575 2243 σ
2610 2208 2710 2264 καὶ
2736 2211 2817 2283 ᾡς
2838 2212 2987 2283 λίθῳ
3006 2208 3236 2283 ἐϐλήθη
3270 2208 3511 2283 Ὀρέστης
3542 2220 3641 2270 κατὰ

2251 2278 2320 2331 τὸ
2336 2278 2638 2352 μέτωπον,
2654 2280 2760 2352 καί
2790 2281 2925 2349 περὶ
2991 2282 3099 2336 τοῦ
3135 2278 3437 2351 ζῖξλουὶών
3458 2278 3541 2352 τῆς
3578 2289 3641 2341 Νι·

2251 2351 2418 2416 τρίας
2434 2350 2743 2419 μοναχῶν.

2267 2463 2527 2534 Ὀρέστης
2570 2464 2627 2518 δὲ
2665 2466 2694 2519 ό
2731 2466 2831 2537 τῆς
2866 2465 3218 2538 Ἀλεξάνδρου
3258 2467 3467 2539 ὕπαρχος
3498 2468 3642 2538 trp/.591

2182 2554 2491 2625 χαλεπήνας
2533 2556 2625 2609 ἐπὶ
2666 2556 2746 2627 τῷ
2789 2558 3046 2627 παρόντι,
3096 2560 3366 2631 συμφορὰν
3398 2562 3581 2613 ἐποιεῖτο
3606 2562 3646 2612 ιδ

2182 2648 2432 2715 γεγονὸς,
2464 2648 2619 2701 πόλιν
2647 2646 2791 2701 οὓτω
2820 2653 3102 2720 περιφανῆ
3132 2652 3384 2705 τοσούτων
3408 2652 3540 2721 ἀρξην
3561 2667 3645 2703 στεο

2186 2737 2416 2809 ρηθῆναι
2450 2738 2788 2809 ἀνθρώπων,
2822 2743 2917 2794 καὶ
2953 2742 3015 2795 τὸ
3052 2744 3263 2812 συμϐὰν
3293 2743 3475 2814 βασιλεῖ
3498 2743 3647 2813 ἐδήλου.

2182 2832 2293 2884 Οὐκ
2323 2830 2516 2901 ἠμέλει
2547 2830 2605 2885 δὲ
2636 2833 2745 2903 ἄρα
2773 2834 2866 2887 καὶ
2895 2834 3164 2905 Κύριλλος
3187 2850 3206 2869 ο
3239 2836 3324 2889 καὶ
3348 2836 3482 2898 αὐτὸς
3505 2838 3585 2906 γὰρ
3605 2835 3649 2886 τὰ

2182 2924 2289 2976 τῶν
2326 2923 2599 2978 Ἰουδαίων
2640 2925 2821 2979 ἄτοπα
2863 2927 3002 2996 δῆλα
3052 2928 3260 2998 βασιλεῖ
3298 2928 3553 2991 καθιστῶν,
3583 2930 3650 2996 οἰχ

2181 3007 2345 3085 ἦττον
2389 3014 2485 3067 καὶ
2528 3016 2629 3086 τῆς
2677 3016 2812 3087 πρὸς
2854 3018 3118 3089 Ὀρέστην
3165 3021 3337 3087 φιλίας
3378 3021 3650 3081 ἀντεποιεῖτο,

2182 3104 2277 3159 τοῦ
2310 3106 2549 3177 πλήθους
2572 3114 2671 3177 τῆς
2704 3110 3060 3183 Ἀλεξάνδρου
3085 3114 3244 3168 τοῦτο
3267 3114 3653 3186 προσαναγκάζον-

2182 3213 2296 3260 τος.
2326 3197 2479 3251 Ἐπεὶ
2505 3199 2549 3252 δ’
2575 3197 2838 3273 Ὀρέστης
2865 3182 2997 3267 τοὺς
3033 3210 3167 3278 περὶ
3196 3182 3446 3275 φιλίαςςοῦ
3472 3208 3655 3277 «pacato

2183 3286 2396 3354 λόγους,
2432 3289 2701 3361 Κύριλλος
2732 3294 2831 3363 τὴν
2860 3294 2968 3348 τῶν
2996 3297 3166 3368 ἱερῶν
3197 3298 3505 3368 Εὑαγγελίων
3528 3299 3657 3368 βίὸλον

513 3398 692 3452 dicem
727 3398 979 3466 protulit,
1010 3396 1081 3452 ob
1107 3396 1474 3451 reverentiam
1505 3398 1626 3468 ejus
1658 3412 1716 3451 se
1743 3396 1935 3453 Oreste
1968 3399 2076 3467 pta-

2187 3380 2509 3468 προῖσχετο,
2556 3383 2796 3449 νομίζων
2841 3387 3102 3443 ἐντεῦθεν
3150 3393 3215 3462 τῇ
3263 3391 3392 3443 αἰδοῖ
3432 3393 3657 3461 πραοτέρου

511 3488 774 3543 cabiliore
803 3500 1033 3541 usurum
1076 3494 1300 3556 putans.
1335 3485 1608 3542 Ceterum
1638 3502 1764 3543 cum
1798 3497 1912 3543 tum
1941 3506 2083 3560 quo-

509 3595 617 3650 que
668 3580 759 3635 ille
814 3579 951 3633 iratn
1012 3594 1121 3633 non
1176 3580 1518 3646 remitteret,
1572 3589 1739 3651 atque
1793 3580 1939 3636 inter
1985 3598 2081 3638 eos

514 3669 866 3740 implacabile
899 3668 1107 3723 bellum
1140 3678 1475 3724 commotum
1504 3680 1671 3737 esset,
1710 3671 1843 3726 illud
1874 3674 2079 3729 evenit.

510 3759 760 3815 Monaebi
811 3759 1034 3830 quidam
1079 3769 1298 3815 montes
1342 3761 1606 3817 finitimos
1654 3762 1993 3830 incolentes,
2023 3774 2081 3820 et

514 3852 822 3908 Nitrienses
870 3852 1139 3914 maxime,
1182 3852 1300 3908 zelo
1336 3863 1392 3908 et
1439 3854 1791 3911 aemulatione
1837 3858 2076 3922 accensi,

507 3944 703 3999 eodem
740 3942 903 3997 modo
946 3959 1047 4013 pro
1090 3943 1293 4013 Cyrillo
1341 3952 1684 4015 pugnarunt.
1714 3948 1991 4016 quomodo
2025 3955 2081 4004 et

511 4047 763 4102 patruum
820 4035 939 4106 ejus
984 4035 1367 4103 defenderant,
1419 4052 1546 4093 cum
1597 4052 1694 4094 eos
1740 4038 2078 4110 Theophilus

511 4136 709 4196 praeter
733 4127 1004 4180 rationem
1040 4143 1259 4182 omnem
1286 4138 1482 4184 contra
1510 4129 1834 4186 Dioscorum
1862 4140 1919 4187 et
1945 4132 2077 4187 Am-

510 4217 755 4272 monium
804 4219 1056 4271 armavit.
1097 4220 1159 4272 lli
1196 4236 1320 4274 cum
1360 4220 1548 4290 plures
1582 4237 1746 4292 quam
1790 4223 2076 4295 quingenti

509 4316 719 4371 essent,
747 4309 1100 4363 monasteriis
1135 4309 1344 4364 relictis
1367 4312 1756 4367 Alexandriam
1781 4324 2076 4382 venerunt,

508 4408 564 4452 et
612 4398 863 4453 Orestem
912 4414 1078 4452 curru
1134 4410 1352 4453 vectum
1401 4401 1454 4455 in
1517 4402 1801 4470 publicum
1852 4405 2077 4475 prodire

513 4489 900 4553 invenientes,
945 4488 1211 4543 conviciis
1247 4505 1372 4542 eum
1420 4489 1757 4556 affecerunt,
1803 4492 2073 4550 idolorum

511 4577 819 4632 sacrificum
866 4586 922 4633 et
957 4577 1207 4634 Graecum
1256 4579 1629 4649 appellantes,
1675 4581 1907 4651 aliisque
1954 4584 2077 4654 ejus

508 4672 728 4739 generis
767 4670 1120 4725 contumeliis
1160 4672 1599 4741 proscindentes.
1640 4674 1736 4729 llle
1777 4675 1925 4745 quod
1961 4677 2076 4731 haec

2184 3467 2440 3539 Ὀρέστου
2488 3474 2803 3543 πειρᾶσθαι.
2844 3475 2931 3540 Ὠς
2971 3478 3017 3531 δ’
3050 3483 3256 3544 ἐκεῖνος
3295 3477 3431 3544 αὖθις
3463 3482 3543 3536 οὐκ
3573 3482 3658 3533 ἔλυε

2182 3567 2280 3636 τὴν
2313 3568 2504 3638 ὀργὴν,
2534 3570 2650 3623 ἀλλ’
2676 3572 2937 3636 ἄσπονδος
2978 3576 3134 3647 μάχη
3170 3579 3227 3629 ἐν
3257 3578 3328 3647 τῷ
3359 3579 3487 3647 μέσῳ
3515 3577 3659 3628 τούτων

2183 3658 2591 3728 ἀνερριπίζετο,
2622 3663 2711 3714 καὶ
2736 3663 2896 3717 τοῦτο
2923 3668 3127 3736 συνέϐη
3157 3668 3419 3736 γενέσθαι.
3443 3670 3566 3729 Τινὲς
3585 3669 3663 3720 τῶν

2184 3749 2310 3819 περὶ
2333 3751 2401 3802 τὰ
2424 3751 2603 3804 ὲκείσέ
2630 3768 2707 3823 πη
2732 3754 2855 3827 ὅρη,
2883 3756 2981 3810 καὶ
3009 3758 3252 3827 μάλιστα
3273 3760 3374 3813 τῶν
3395 3760 3480 3830 τῆς
3495 3760 3663 3827 Nupta;

2185 3842 2467 3913 μοναχῶν,
2511 3845 2660 3917 ζήλῳ
2707 3847 3225 3920 διαθερμανθέντες,
3268 3854 3354 3908 τὸν
3392 3856 3491 3908 ίσον
3524 3855 3665 3923 τρόπον

2182 3936 2277 3988 καὶ
2312 3936 2453 4006 ὑπὲρ
2489 3938 2763 4010 Κυρίλλου
2799 3942 3071 4014 ἐμάχοντο
3092 3985 3106 4009 ,
3147 3947 3284 4001 καθά
3312 3946 3435 4016 δῆτα
3463 3947 3540 3999 καὶ
3566 3943 3663 4011 ὑπὲρ

2181 4024 2276 4080 τοῦ
2321 4026 2468 4081 θείου
2496 4046 2512 4064 υ
2557 4032 2794 4101 ὁπηνίκα
2837 4034 3101 4104 Θεόφιλος
3146 4038 3381 4103 ἐκείνους
3422 4038 3506 4092 σὺν
3539 4036 3665 4090 οὐδενὶ

2179 4116 2343 4189 λόγῳ,
2368 4120 2509 4175 κατά
2529 4122 2639 4176 τῶν
2665 4126 2796 4196 περὶ
2818 4126 3115 4199 Διόσκορον
3143 4132 3238 4183 καὶ
3258 4129 3534 4200 Ἀμμώνιον
3551 4127 3666 4180 ὦτλιυ

2182 4227 2292 4265 σεν.
2312 4210 2567 4281 ’Δφέντες
2587 4215 2769 4270 τοίνυν
2790 4217 2859 4270 τά
2882 4220 3231 4293 μοναστήρια
3251 4221 3426 4292 ἄνδρες
3446 4220 3561 4289 ὑπὲρ
3578 4235 3667 4270 πεν-

2178 4303 2468 4367 τακοσίους
2496 4305 2668 4369 ὅντες,
2698 4306 2796 4378 τὴν
2816 4308 3175 4383 Ἀλεξάνδρου
3201 4311 3495 4365 κατέλαϐον.
3516 4310 3610 4362 Ἐπὶ
3626 4306 3665 4359 ἃ

2177 4392 2274 4447 τοῦ
2319 4394 2592 4466 ὀχήματος
2640 4400 2848 4451 ἐκεῖνον
2896 4400 3161 4469 προϊόντα
3203 4403 3461 4472 εὑρόντες,
3503 4400 3665 4469 ὕϐρεσιν

2178 4484 2369 4541 ἔϐαλον
2390 4524 2406 4551 ,
2442 4487 2607 4559 θύτην
2642 4490 3051 4556 ἀποκαλοῦντες
3090 4493 3187 4548 καὶ
3215 4494 3472 4563 Ἕλληνα,
3501 4494 3573 4545 καὶ
3595 4493 3663 4542 ὅσα

2176 4576 2401 4630 τοιαῦτα
2436 4579 2680 4649 αἰσχρῶς
2717 4581 3091 4654 περιύϐριζον.
3129 4587 3483 4656 Λογισάμενος
3509 4582 3546 4636 δ’
3565 4581 3665 4634 ἐκεῖ·

2178 4690 2267 4736 νος
2288 4673 2459 4727 ταῦτα
2483 4675 2754 4746 Κύριλλον
2778 4682 3259 4750 σκευωρήσασθαι,
3278 4678 3564 4751 Χριστιανὸν
3579 4679 3665 4727 ἔδυ·

509 4761 767 4815 instinctu
806 4761 991 4833 Cyrilli
1029 4762 1147 4817 fieri
1183 4764 1557 4830 existimaret,
1607 4763 1981 4821 Christianum
2015 4782 2074 4823 se

2181 4764 2269 4818 τὸν
2302 4764 2597 4835 ὡμολόγει,
2633 4768 2730 4823 καὶ
2764 4771 2899 4841 πρὸς
2925 4746 3175 4827 ’Ᾰττικοῦ
3210 4746 3268 4827 ἐν
3293 4746 3357 4844 τῇ
3393 4767 3665 4827 Κωνσταντξο

508 4866 628 4907 esse
672 4853 954 4922 professus
994 4864 1114 4918 est,
1161 4865 1217 4911 et
1261 4856 1739 4928 Constantinopoli
1784 4859 1855 4913 ab
1888 4858 2071 4914 Attico

509 4944 768 5013 baptismi
816 4945 1090 5017 mysteriis
1134 4947 1410 5002 initiatum
1443 4948 1545 5016 (ί).
1597 4949 1848 5005 Monachi
1885 4960 2071 5005 autem

507 5052 635 5091 cum
662 5052 730 5091 ne
757 5052 1020 5106 responso
1050 5039 1268 5107 quidem
1300 5040 1509 5110 dignati
1533 5050 1683 5095 sunt.
1717 5042 1897 5112 Atque
1927 5058 2073 5099 unus

505 5146 571 5183 ex
604 5129 718 5195 eis,
764 5130 851 5191 cui
880 5145 1079 5184 nomen
1120 5130 1393 5186 Ammonii
1427 5141 1544 5187 erat
1566 5172 1580 5195 ,
1630 5150 1823 5187 saxum
1850 5149 2072 5204 quoque

503 5222 559 5275 in
607 5220 849 5291 praefecti
886 5220 1079 5275 faciem
1125 5223 1399 5291 conjecit:
1436 5224 1581 5279 unde
1621 5224 1715 5281 ille
1759 5234 1906 5281 totus
1939 5243 2069 5282 san-

503 5310 666 5380 guine
700 5324 1031 5379 conspersus
1054 5319 1157 5364 est.
1192 5311 1360 5365 Porro
1390 5314 1733 5383 apparitores
1754 5315 2067 5385 militesque

504 5401 658 5469 ejus},
713 5403 902 5471 paucis
955 5404 1233 5473 exceptis,
1283 5404 1424 5460 alius
1458 5405 1600 5473 alio,
1648 5406 1889 5475 lapidum
1920 5408 2066 5465 ictus

504 5501 829 5559 metuentes,
868 5494 1224 5567 diffugerunt.
1259 5496 1415 5563 Quod
1452 5498 1543 5552 ubi
1572 5499 1808 5569 populus
1832 5500 2062 5568 audivit,

504 5581 570 5634 ad
622 5597 782 5652 apem
832 5586 1092 5655 praefecto
1137 5588 1421 5643 ferendam
1478 5605 1670 5646 omnes
1727 5591 2062 5649 conﬂuxere.

579 5734 656 5802 (ι)
685 5733 893 5792 Socrat.
920 5739 1019 5796 lib.
1048 5759 1143 5810 vn,
1170 5759 1289 5813 cap.
1314 5745 1396 5800 14.

2180 4872 2270 4908 νου
2301 4858 2621 4929 τελεσθῆναι
2651 4860 2721 4914 τά
2756 4862 3018 4929 μυστικά.
3053 4865 3117 4917 Oi
3152 4866 3338 4936 μέντοι
3369 4861 3561 4934 μοναχοὶ
3582 4858 3665 4911 οὐδὲ

2178 4948 2340 5017 λόγου
2374 4950 2580 5020 ἠξίουν.
2616 4948 2709 5015 Εἷς
2738 4954 2784 5007 δ’
2812 4956 3059 5021 ἐκείνων,
3087 4955 3390 5027 Ἀμμώνιος
3420 4956 3577 5024 ὄνομα,
3600 4948 3664 5002 lui

2176 5041 2409 5111 χερμάδι
2438 5043 2579 5096 κατά
2603 5043 2695 5096 τοῦ
2728 5045 3020 5114 προσώπου
3048 5050 3139 5099 τὸν
3164 5050 3395 5118 ἔπαρχον
3419 5047 3581 5099 ἔϐαλε·
3602 5043 3666 5094 καὶ

2177 5132 2299 5195 ὅλος
2328 5127 2398 5203 ἦν
2431 5134 2658 5203 αἵματος
2693 5135 2969 5205 ἔμπλεως.
2999 5139 3061 5190 Οί
3098 5139 3156 5191 δὲ
3192 5142 3315 5209 περὶ
3344 5137 3490 5191 αὐτὸν
3512 5133 3663 5199 sagati:-

2175 5238 2267 5276 ται
2298 5223 2457 5289 ἀλλος
2491 5225 2727 5297 ἀλλαχοῦ
2758 5228 3128 5299 διεδίδρασκον
3150 5271 3165 5295 ,
3200 5232 3296 5293 τάς
3323 5230 3425 5283 τῶν
3451 5228 3584 5280 λίθων
3602 5223 3665 5274 δε·

2176 5314 2347 5381 διότες
2400 5316 2583 5388 βολάς.
2622 5319 2912 5375 ’Δκουσθὲν
2965 5324 3021 5376 δὲ
3068 5323 3149 5393 τῷ
3203 5325 3387 5394 δήμῳ,
3440 5317 3666 5388 συνέρρεον

2175 5408 2413 5473 ἅπαντες
2444 5411 2673 5481 ἀμύνειν
2704 5414 3019 5484 αἱρούμενοι
3043 5415 3122 5483 τῷ
3150 5417 3393 5486 ἐπάρχῳ.
3424 5416 3480 5466 Oi
3504 5413 3583 5479 μὲν
3602 5402 3665 5457 οὖν

2177 5506 2403 5575 μοναχολ.
2437 5510 2583 5579 φυγῇ
2615 5507 2715 5579 τὴν
2750 5511 3029 5582 σωτηρίαν
3065 5510 3541 5583 ἐπραγματεύοντο.
3567 5504 3665 5567 Ἄρη’

2178 5594 2375 5665 μώνιον
2396 5597 2441 5651 δ’
2459 5600 2551 5653 ἐπὶ
2572 5601 2633 5654 τὸ
2657 5601 2973 5657 δικαστικὸν
2996 5605 3147 5675 βῆμα
3175 5604 3520 5676 συμϐαλόντες
3536 5593 3663 5667 ἦτον
