3898 6192
271 321 406 390 1105
1189 329 1589 397 ECCLESIAS
1604 337 1783 399 I'lC.’E

1926 338 2209 400 ΞΤΟΠῙἙ
2254 339 2397 402 LIB.
2440 344 2587 404 XIV.
3077 346 3082 351 ’
3378 341 3515 405 lilii

263 440 324 493 δν
358 439 546 506 νόμοις
583 437 924 507 ὑπαγαγὼν,
958 440 1052 492 ἐι·ιύ⁵
1084 442 1342 497 τοσοῦτον
1375 446 1639 516 ᾐκίσατο,
1678 449 1818 519 ἄχριί

1943 450 2126 521 llaque
2189 454 2444 508 monachi
2505 454 2669 508 sal‘uti
2737 468 2849 509 sua:
2910 451 3034 523 luga
3091 453 3511 509 consuluerunt.

262 525 323 583 οὗ
367 529 459 582 τὸν
502 529 618 599 βίον
666 530 991 599 μετήλλαξε.
1034 531 1297 604 Γνῶριμα
1343 537 1443 605 μὲν
1489 536 1582 590 οὖν
1630 538 1814 608 βασιλε

1943 543 2109 614 469
2137 547 2455 599 Ammonius
2485 556 2668 600 autem
2704 545 3135 616 comprehensus
3156 587 3170 609 ,
3207 545 3285 599 ad”
3307 548 3514 614 iudicis

261 620 432 672 ταῦτα
465 622 561 672 καὶ
583 619 851 689 Ὀρέστης
883 621 1058 674 ἐποίει
1087 638 1102 653 ⁸
1139 623 1275 676 ἀλλᾶ
1313 626 1407 678 καὶ
1445 626 1743 696 Κύριλλοςτ
1767 630 1818 682 T1

1945 636 2184 689 tribunal
2213 637 2412 691 ductus
2442 647 2529 692 est
2563 654 2579 692 :
2617 638 2671 692 in
2702 653 2862 707 quem
2902 638 2993 692 ille
3024 638 3140 705 lege
3172 638 3256 707 agi
3284 638 3509 708 jubens,

264 714 423 781 σῶμα
460 712 516 764 δὲ
543 712 860 781 ’Δμμωνίου
901 713 1193 768 ἀναλαϐὼν
1214 757 1229 780 ,
1265 720 1323 769 ὲν
1361 719 1464 790 μιᾷ
1498 720 1603 771 τῶν
1637 721 1838 790 ἐκκλη-

260 798 394 851 σιῶν
434 798 627 863 ἑτίθει,
670 799 843 869 ὄνομα
884 800 1073 872 ἕτερον
1114 806 1513 874 περιθέμενος’
1563 810 1684 862 ἀντὶ
1729 811 1839 879 γὰρ

257 890 573 960 Ἀμμωνίου
602 891 918 961 Θαυμάσιον
949 898 1325 966 μετωνόμασε,
1356 901 1452 953 καὶ
1486 902 1837 971 μαρτυρικῆς

256 983 412 1052 ἠξίου
445 983 608 1052 τιμῆς
630 1000 646 1014 ·
679 985 774 1037 καὶ
805 982 895 1036 ἐπ’
916 986 1219 1051 ἐκκλησίας
1250 987 1351 1059 τὴν
1381 992 1700 1061 παρρησίαν
1734 993 1838 1045 αὺι

255 1077 351 1129 τοῦ
384 1080 477 1130 καὶ
507 1078 598 1129 τὸν
628 1077 789 1145 ζῆλον
816 1077 1149 1148 ἐθαύμαζεν,
1177 1080 1252 1143 ὡς
1283 1081 1473 1146 ἀγῶνα
1501 1084 1661 1153 δῆθεν
1694 1085 1834 1154 ὑπὲρ

256 1168 543 1229 εὐσεϐείας
571 1168 940 1235 διενεγκόντα.
969 1169 1089 1224 Κᾶν
1112 1175 1226 1234 τοῖς
1256 1174 1473 1236 πολλοίς
1497 1175 1606 1227 τῶν
1631 1177 1835 1246 ὁμοφῦ-

254 1259 363 1311 λων
392 1261 492 1312 οὐκ
524 1260 727 1324 ἔνδικος
760 1262 937 1315 ἐδόκει
963 1264 997 1333 ἡ
1030 1266 1087 1327 ἐς
1114 1265 1274 1318 τόσον
1303 1266 1462 1337 τιμή.
1494 1268 1835 1337 Προπετείας

256 1352 364 1420 γὰρ
399 1352 562 1422 χάριν
591 1352 779 1420 ἔλεγον
811 1353 1106 1408 δεδωκέναι
1137 1359 1239 1425 τὴν
1269 1357 1427 1427 δίκην
1459 1359 1671 1412 ἐκεῖνον
1692 1399 1707 1423 ,
1738 1362 1833 1414 καὶ

252 1443 355 1494 οὐκ
401 1443 494 1495 ἐπὶ
531 1441 611 1507 τῷ
655 1442 888 1512 Χριστόν
926 1443 1269 1514 ἀρνήσασθαι
1311 1445 1607 1516 βιασθῆναι
1651 1448 1832 1503 θανεῖν

254 1533 495 1587 ἑλέσθαι.
532 1535 725 1588 Ἔνθεν
772 1553 855 1588 τοι
907 1537 1004 1590 καὶ
1053 1538 1323 1608 Κύριλλος
1367 1540 1550 1609 ἠρέμα
1597 1541 1723 1607 ἑῶν,
1774 1544 1832 1595 ἑν

250 1625 390 1695 λήθῃ
427 1628 494 1678 τὰ
531 1628 671 1680 κατὰ
708 1627 801 1680 τὸν
825 1628 1140 1699 ’Λμμώνιον
1175 1631 1433 1684 ἐποιεῖτο.
1471 1632 1545 1685 Οὐ
1588 1631 1695 1703 μὴν
1729 1631 1831 1702 τῆς

1942 738 2009 778 eo
2036 739 2207 794 usque
2229 727 2657 781 excruciandum
2684 728 2919 792 curavit,
2945 728 3121 782 donec
3148 727 3310 781 vitam
3338 744 3442 781 mou
3461 737 3511 781 te

1942 826 2326 871 commutaret.
2373 818 2505 872 Rem
2558 818 2699 873 hanc
2747 819 3060 889 imperatori
3104 828 3161 873 et
3203 818 3424 874 Orestes
3457 829 3514 875 et

1940 906 2176 974 Cyrillus
2219 908 2569 977 signiﬁcavit.
2620 909 2855 979 Cyrinus
2893 910 3168 965 Ammonii
3211 926 3410 980 corpus
3456 913 3510 965 in

1938 996 2169 1052 ecclesia
2219 1000 2454 1067 quadam
2511 1000 2747 1068 sepeliit,
2806 1009 3016 1056 mutato
3064 1000 3214 1055 illius
3264 1002 3505 1057 nomine.

1939 1085 2046 1139 Pro
2084 1086 2376 1143 Ammonio
2403 1090 2546 1144 enim
2591 1090 3007 1154 Thaumasium,
3042 1090 3151 1145 hoc
3183 1100 3288 1156 est,
3324 1092 3508 1146 Admi-

1938 1178 2164 1232 randum
2197 1182 2444 1246 vocavit,
2483 1182 2850 1252 eumdemque
2890 1187 3150 1251 martyris
3183 1183 3394 1237 honore
3426 1183 3510 1236 di-

1935 1275 2131 1334 gnatus
2162 1279 2285 1321 est:
2318 1278 2482 1338 atque
2523 1269 2576 1323 in
2607 1272 2842 1325 ecclesia
2878 1272 3193 1325 libertatem
3232 1282 3288 1325 et
3327 1273 3506 1326 zelum

1936 1358 2103 1421 illius,
2149 1365 2243 1428 qui
2289 1370 2569 1416 certamen
2614 1364 2873 1419 videlicet
2914 1380 3012 1434 pro
3055 1366 3270 1419 vcriore
3307 1367 3507 1434 pietate

1934 1447 2262 1515 pertulerit,
2326 1465 2450 1504 cum
2514 1451 2880 1508 admiratione
2933 1453 3341 1523 deprzedicavit.
3400 1455 3503 1509 Sed

1932 1539 2081 1593 enim
2112 1542 2402 1610 permultis
2434 1545 2794 1614 popularibus
2823 1546 3154 1602 Christianis
3185 1547 3504 1615 illegitimus

1932 1627 2109 1682 honor
2151 1639 2338 1686 tantus
2374 1647 2495 1687 esse
2537 1636 2691 1691 visus
2737 1647 2860 1701 est,
2914 1639 3209 1707 przecipitis
3260 1637 3505 1692 audacia:

252 1714 342 1767 ἐπ’
369 1715 604 1789 Ὀρέστῃ
633 1719 727 1771 καὶ
757 1718 1014 1787 Κυρίλλῳ
1042 1717 1329 1784 διενέξεως
1360 1719 1522 1790 μέχρι
1547 1718 1739 1773 τούτου
1766 1720 1818 1773 τί

1931 1734 2122 1788 pmnas
2153 1736 2279 1775 eum
2318 1721 2570 1788 dedisse.
2610 1736 2666 1781 et
2698 1743 2806 1782 non
2852 1730 2906 1782 vi
2952 1729 3136 1798 aliqua
3178 1728 3500 1789 adductum,

250 1777 448 1857 δεινὸν·
481 1777 749 1875 πρόξιλθεν
776 1823 793 1839 ’
844 1777 959 1860 ἓιλλν
985 1777 1219 1860 tmte»;
1270 1777 1479 1875 εὲέροῖ
1513 1809 1611 1878 οὐχ
1662 1804 1818 1879 ἦττον

1929 1824 2053 1879 quae
2074 1812 2124 1864 ei
2152 1812 2322 1877 nulla,
2355 1823 2415 1867 ut
2439 1814 2724 1871 Christum
2763 1777 3109 1891 pernegarEt,
3142 1821 3305 1873 allata
3336 1831 3500 1879 esset.

252 1896 398 1964 ἥπερ
431 1898 608 1949 ἐκεῖνο
639 1897 817 1967 χρόνῳ
849 1898 1060 1968 προϊὸν,
1089 1898 1295 1965 ταύτην
1319 1898 1642 1969 ἠμαύρωσε.
1676 1902 1740 1953 Τί
1767 1900 1818 1953 δὲ

1931 1901 2281 1955 moriendum
2312 1903 2415 1957 sibi
2445 1904 2499 1969 in
2533 1911 2823 1965 tormentis
2850 1926 2974 1965 esse
2998 1912 3278 1975 statuisse,
3311 1912 3498 1964 dir-eno

249 1981 319 2054 ἦν
347 1989 542 2048 ἐκεῖνο,
571 1989 809 2043 λεκτέον.

1932 1991 2104 2046 tibus.
2131 1992 2478 2065 Quapropter
2505 2005 2561 2050 et
2584 1996 2822 2070 Cyrillus
2848 2001 3109 2071 paulatim
3136 2002 3370 2056 consilio
3401 2018 3503 2057 suo

248 2079 840 2143 absistens,-oblivioni
868 2084 1144 2137 Ammonii
1178 2098 1267 2138 res
1294 2084 1594 2140 mandavit.
1623 2086 1821 2142 Verum
1860 2090 2145 2147 enimvero
2202 2094 2496 2149 dissidium
2531 2095 2677 2151 inter
2734 2095 2984 2151 Orestem
3016 2104 3072 2150 et
3100 2095 3361 2165 Cyrillum
3392 2110 3499 2147 non

247 2192 319 2230 eo
379 2186 590 2233 tantum
644 2179 988 2250 indignitatis
1037 2180 1350 2250 processit:
1404 2182 1502 2236 sed
1551 2183 1824 2238 accedens
1861 2186 2055 2242 aliud‘
2087 2188 2193 2245 isto
2269 2207 2374 2247 non
2411 2192 2593 2247 minus
2633 2191 2778 2261 quod
2814 2202 3005 2263 postea
3033 2190 3270 2257 accidit,
3307 2193 3503 2247 absur-

827 2394 1081 2449 ΚΕΦΑΛ.
1113 2394 1235 2460 ις’.

242 2483 391 2558 Περί
413 2482 893 2558 τῆςᾼφιλορνόφρυ
940 2485 1254 2558 ΪΥπατίας,
1277 2487 1376 2558 ,ὡς
1409 2487 1674 2558 ἀνῃρέθη
1704 2491 1826 2546 ὑπὸ

319 2553 442 2627 (ibi:
458 2552 1116 2627 ᾉκληρικῶνζιίυρίλλου
1146 2571 1159 2585 ο
1196 2555 1293 2608 καὶ
1331 2552 1464 2627 περὶ
1495 2552 1608 2627 τῆς
1650 2552 1826 2626 δίκης

318 2622 401 2689 ἢν
430 2623 706 2677 Ἰουδαῖοι
737 2623 963 2679 ἔδοσαν
990 2626 1063 2679 τὰ
1088 2626 1461 2694 Χριστιανῶν
1483 2622 1823 2691 διὰᾶιαίζονζ

318 2710 444 2758 τες.

320 2804 411 2857 Ἐν
440 2804 819 2879 ’Δλεξανδρεία
869 2809 1005 2878 γυνή
1057 2824 1140 2869 τις
1180 2809 1414 2865 ’Υπατία
1464 2806 1555 2882 ἦν,
1607 2816 1816 2881 πατέρα

245 2902 350 2967 μὲν
383 2897 674 2966 αὑχήσασα
707 2898 896 2950 Θέωνα
926 2898 1017 2952 τὸν
1051 2899 1376 2968 φιλόσοφον,
1410 2903 1818 2972 μαθητευοεὴα

238 2990 302 3042 δὲ
334 2988 517 3051 καλῶς
545 2989 624 3057 τῷ
656 2989 824 3059 πατρί
850 3004 864 3019 ·
899 2991 992 3041 ἐπὶ
1020 2990 1179 3042 τόσον
1216 2992 1533 3061 παρήνεγκε
1563 2995 1677 3056 τοῖς
1710 3012 1819 3062 μα-

126 2280 139 2287 ’
245 2272 479 2327 ditatem
538 2290 661 2329 eam
725 2275 1089 2330 oblitteravit.
1147 2276 1294 2343 Quid
1354 2285 1540 2331 autem
1608 2278 1662 2331 id
1729 2279 1820 2345 sit,
1844 2281 2169 2340 dicendum.

2513 2398 2737 2456 CAPUT
2776 2400 2916 2456 XVI.

1935 2488 2011 2544 De
2041 2489 2346 2562 philosopha
2371 2491 2625 2562 Hypatia.
2656 2500 2710 2562 ut
2738 2510 2769 2545 a
2795 2494 2931 2545 clero
2960 2490 3148 2562 Cyrilli
3179 2492 3245 2546 sit
3272 2504 3458 2548 necata
3477 2512 3497 2551 :

2000 2561 2135 2633 etde
2188 2560 2435 2633 uindicta
2465 2578 2626 2630 quam
2668 2560 2844 2615 Judari
2883 2561 3236 2630 pertulerunt,
3284 2577 3500 2633 praeter

1999 2631 2161 2685 irrisa
2198 2632 2623 2685 Christianorum
2656 2647 2837 2685 sacra.

1996 2808 2341 2873 Alexandria
2394 2808 2593 2862 femina
2645 2805 2895 2878 quazdam
2949 2808 3181 2879 Hypatia
3239 2821 3361 2864 erat
3390 2812 3490 2882 tl),

1925 2909 2137 2968 patrem
2169 2900 2379 2954 habens
2402 2900 2685 2955 Theonem
2712 2899 3126 2970 philosophum,
3154 2919 3184 2954 a
3215 2917 3325 2970 quo
3350 2914 3497 2958 recte

1924 2991 2176 3045 instituta
2198 3032 2212 3056 ,
2245 2999 2457 3046 tantum
2494 2991 2805 3060 disciplinis
2842 2991 3101 3046 excelluit
3124 3033 3139 3057 ,
3176 3001 3232 3046 ut
3264 3009 3371 3046 non
3405 3009 3496 3047 so-

238 3083 523 3151 ϐήμασιν,
566 3080 641 3144 ὡς
681 3079 987 3152 ὑπερϐῆναι
1032 3082 1195 3153 μήτοι
1236 3098 1299 3150 γε
1336 3084 1464 3147 τοὺς
1502 3084 1623 3138 κατ’
1648 3085 1818 3155 αὐτὴν

1926 3082 2034 3137 lum
2083 3083 2344 3152 temporis
2393 3081 2522 3149 sui,
2566 3099 2757 3137 verum
2805 3083 2973 3138 etiam
3012 3084 3106 3153 qui
3140 3083 3300 3153 longe
3334 3094 3495 3139 antea

237 3174 598 3244 φιλοσόφους,
622 3172 761 3226 ἀλλὰ
787 3173 880 3225 καὶ
904 3174 1029 3235 τοὺς
1057 3175 1122 3226 ὲκ
1149 3172 1351 3226 πολλοῦ
1378 3176 1781 3245 γεγενημένους
1802 3194 1816 3208 ο

236 3269 587 3338 χρηματίσαι
632 3264 691 3317 δὲ
734 3265 830 3318 καὶ
872 3264 1120 3333 διάδοχον
1162 3265 1264 3334 τῆς
1314 3267 1669 3337 Πλατωνικῆς
1711 3269 1820 3322 ἀπὸ

238 3359 519 3411 ιΙλωτίνου
561 3356 948 3427 καταγομένης
987 3356 1297 3428 διατριϐῆς.
1337 3360 1638 3432 Πρόχειρος
1677 3359 1722 3414 δ’
1749 3356 1819 3433 ἦν

236 3452 382 3503 πᾶσι
416 3451 529 3512 τοῖς
570 3448 920 3519 βουλομένοις
953 3446 1053 3518 τὴν
1087 3448 1197 3500 τῶν
1237 3448 1582 3518 μαθημάτων
1616 3450 1819 3519 γνῶσιν

236 3540 557 3595 ἐκτίθεσθαι
583 3557 598 3573 ν
632 3540 757 3594 ὅθεν
791 3540 887 3593 καὶ
919 3540 1035 3592 ὅσοι
1070 3538 1387 3610 φιλοσοφεῖν
1422 3543 1700 3610 ἐρωτικῶς
1737 3538 1817 3595 εῖ-

236 3653 369 3706 γον,
401 3634 533 3705 παρ’
558 3634 730 3704 αὐτὴν
761 3634 1016 3703 ἔτρεχον,
1043 3633 1106 3685 οὐ
1144 3632 1306 3701 μόνον
1335 3633 1424 3685 διὰ
1450 3633 1551 3702 τὴν
1581 3633 1818 3703 προσοῦ-

237 3739 347 3775 σαν
365 3723 503 3791 αὐτῇ
527 3720 733 3791 σεμνὴν
749 3721 1085 3790 παρρησίαν,
1106 3718 1220 3773 ἀλλ’
1239 3721 1319 3772 ὅτι
1342 3721 1564 3783 καὶτοῖς
1588 3721 1816 3790 ἄρχουσι

235 3814 541 3883 σωφρόνως
571 3813 942 3884 προσήρχετο.
971 3810 1079 3865 Καὶ
1107 3811 1207 3865 οὐκ
1236 3812 1490 3882 ἄσχημον
1517 3813 1693 3865 ἐδόκει
1721 3813 1819 3866 αὑ-

231 3905 340 3974 τὴν
376 3906 433 3956 ὲν
472 3904 622 3974 μέσῳ
655 3907 911 3974 παρεῖναι
945 3902 1156 3972 ἀνδρῶν
1179 3918 1192 3932 ⁸
1228 3904 1364 3957 πᾶσι
1401 3904 1512 3975 γὰρ
1545 3904 1612 3957 δι’
1637 3905 1818 3969 αἰδοῦς

228 3991 306 4067 ἦν
349 3999 416 4065 τῇ
461 3996 560 4062 τῆς
606 3996 966 4065 σωφροσύνης
1014 3982 1316 4066 ὑπερϐολῇ,
1364 3995 1458 4049 καὶ
1497 3996 1602 4049 ἀνὰ
1643 3996 1816 4067 στόμα

231 4091 376 4142 πᾶσι
410 4088 505 4140 καὶ
537 4088 626 4140 διὰ
662 4087 943 4156 θαύματος
978 4086 1171 4157 ἡγετο.
1204 4087 1338 4141 Τότε
1372 4087 1417 4141 δ’
1441 4087 1532 4141 οὖν
1562 4091 1589 4141 ὁ
1623 4089 1817 4158 φθόνος

229 4181 331 4232 καὶ
373 4176 515 4229 κατὰ
550 4177 759 4247 ταύτης
801 4176 1077 4241 ὡπλίζετο
1102 4194 1116 4208 ⁸
1157 4179 1478 4248 συχνότερον
1513 4181 1624 4250 γὰρ
1668 4182 1815 4251 παρὰ

228 4271 312 4338 τῷ
355 4270 591 4341 Ὀρέστῃ
642 4271 920 4338 φοιτῶσα,
966 4270 1225 4341 διαϐολὴν
1274 4272 1397 4323 κατ’
1427 4272 1597 4342 αὐτῆς
1646 4273 1814 4327 ικίνει

227 4365 349 4425 τοῖς
376 4361 507 4430 περὶ
535 4360 802 4430 Κύριλλον
831 4360 1146 4429 κληρικοῖς,
1182 4364 1256 4423 ὡς
1297 4362 1385 4432 ἄρ’
1411 4364 1595 4431 ἐκείνη
1622 4365 1708 4434 εῐη
1739 4367 1812 4436 μὴ

1920 3175 2279 3238 exstitissent,
2322 3172 2678 3243 philosophos
2736 3173 3056 3241 superarit,
3109 3182 3165 3228 et
3216 3174 3271 3227 in
3315 3175 3497 3229 Plato-

1919 3267 2041 3319 nica
2076 3264 2265 3320 schola
2293 3280 2322 3318 a
2362 3264 2579 3318 Plotino
2610 3263 2845 3319 deducta
2869 3303 2885 3330 ,
2920 3266 3273 3320 successerit.
3303 3266 3497 3321 Prom-

1920 3364 2010 3425 pta
2038 3355 2129 3409 illa
2152 3365 2292 3422 erat,
2316 3354 2742 3424 quibuscunque
2773 3355 3055 3419 studiosis,
3079 3356 3493 3425 disciplinarum

1920 3444 2288 3513 cognitionem
2332 3460 2664 3514 proponere.
2691 3444 2929 3499 Proinde
2957 3446 3276 3514 quicunque
3311 3447 3494 3515 philo-

1919 3537 2126 3605 sophia:
2154 3552 2339 3589 amore
2374 3546 2714 3597 tenerentur,
2747 3536 2814 3589 ad
2842 3536 2992 3589 illam
3031 3535 3348 3599 veniebant,
3383 3554 3494 3592 non

1920 3637 2131 3681 tantum
2162 3638 2391 3697 propter
2418 3643 2541 3681 eam
2568 3642 2690 3697 qua:
2722 3627 2801 3680 illi
2839 3628 3017 3681 inerat
3052 3627 3338 3681 honestam
3369 3645 3495 3698 gra-

1918 3736 2153 3789 vemque
2202 3722 2254 3773 in
2305 3719 2540 3773 dicendo
2595 3719 2940 3781 libertatem,
2995 3719 3090 3773 sed
3136 3719 3300 3773 ctiam
3345 3721 3491 3788 qqu

1919 3821 2067 3865 caste
2094 3819 2150 3865 et
2196 3811 2498 3880 prudenter
2528 3810 2810 3879 principes
2845 3810 3025 3863 adiret
3067 3811 3235 3866 viros.
3270 3811 3381 3866 Nec
3408 3813 3493 3866 in-

1916 3901 2178 3957 decorum
2220 3919 2342 3957 eSse
2377 3903 2687 3963 videbatur,
2724 3916 2843 3955 eam
2885 3902 3030 3985 inter
3059 3903 3207 3955 viros
3254 3903 3489 3957 mediam

1916 3993 2131 4048 adesse.
2181 3994 2602 4048 Reverebantur
2646 4002 2702 4047 et
2736 3992 3106 4047 observabant
3143 4007 3265 4048 cam
3297 4009 3491 4047 omnes

1919 4094 2140 4154 propter
2181 4086 2537 4139 excellentem
2586 4083 2903 4153 pudicitiam
2936 4125 2950 4149 ,
3003 4094 3061 4138 ct
3106 4086 3366 4141 omnibus
3399 4087 3491 4141 illa

1917 4194 2040 4232 cum
2089 4176 2455 4231 admiratione
2498 4177 2550 4230 in
2584 4191 2680 4230 ore
2719 4188 2858 4231 erat.
2891 4176 3164 4232 Adversus
3201 4178 3343 4233 hanc
3375 4187 3488 4231 tum

1917 4286 1974 4324 se
1999 4269 2202 4324 invidia
2237 4271 2492 4323 armavit.
2526 4268 2682 4336 Quod
2715 4284 2953 4339 namque
2983 4268 3330 4339 frequentius
3362 4286 3486 4326 cum

1915 4366 2107 4418 Oreste
2142 4371 2307 4425 esset,
2337 4362 2672 4416 calumniam
2708 4358 2760 4415 id
2790 4362 2842 4417 ei
2873 4362 3017 4433 apud
3050 4361 3239 4431 Cyrilli
3274 4363 3486 4418 clerum

231 4455 509 4525 συμϐῆναι
538 4454 672 4523 πρὸς
702 4454 1050 4521 καταλλαγὰς
1080 4454 1224 4507 ἐῶσα
1251 4455 1503 4525 Rapina)
1528 4456 1617 4510 τὸν
1640 4457 1743 4511 ἐπα
1756 4475 1814 4528 ρ-

1926 4455 2129 4526 peperit
2170 4454 2397 4526 perinde
2430 4462 2595 4525 atque
2632 4454 2771 4523 ipsa,
2812 4454 3108 4524 quominus
3148 4455 3317 4524 gratia
3348 4456 3489 4509 inter

227 4565 349 4617 χον.
391 4546 500 4600 Καὶ
537 4546 602 4615 δή
638 4561 787 4607 τινες
830 4546 1057 4597 ἐκείνων
1092 4544 1359 4616 ἔνθερμον
1399 4548 1650 4619 Κυρίλλῳ
1683 4549 1808 4619 τρέ-

227 4654 428 4706 φοντες
470 4637 685 4707 ἔρωτα,
730 4629 805 4690 ὧν
848 4637 1036 4705 ἠγεῖτο
1079 4636 1284 4706 Πέτρος
1326 4654 1412 4699 τις
1455 4639 1806 4707 ἀναγνώστου

220 4730 389 4795 τάξιν
441 4728 691 4799 πληρῶν,
745 4727 1075 4782 ἐπανιοῦσαν
1126 4728 1293 4782 ποθεν
1347 4732 1805 4801 συντηρήσαντες,

221 4822 324 4874 τοῦ
355 4820 547 4889 δίφρου
572 4821 916 4884 καθελόντες,
943 4821 1036 4873 ἐπὶ
1062 4820 1161 4891 τὴν
1186 4821 1510 4893 ἐκκλησίαν,
1537 4825 1570 4893 ἢ
1601 4823 1808 4877 Καισα-

222 4916 324 4984 ρός
357 4914 506 4965 ἐστιν
531 4912 841 4981 ἐπώνυμος,
870 4906 1054 4965 εἷλκον
1078 4927 1092 4943 ⁶
1121 4912 1302 4965 εκεῖσέ
1328 4929 1386 4965 τε
1416 4913 1807 4981 περιδύσαντες

220 5006 369 5072 αὐτῇ
421 5002 519 5073 τὴν
567 5003 797 5073 ἐσθῆτα,
844 5002 1139 5074 ὀστράκοις
1187 5005 1399 5057 ἁνεῦ.ον
1427 5020 1440 5035 ·
1487 5003 1678 5058 ἔπειτα
1726 5008 1806 5067 εἰς

223 5097 373 5165 μέλη
408 5095 838 5159 διασπάσαντες,
874 5098 967 5149 ἐπὶ
1001 5096 1092 5149 τὸν
1125 5095 1182 5160 ὃς
1216 5096 1490 5165 Καναρὼν
1526 5098 1803 5162 ἐκαλεῖτο,

219 5186 413 5255 χῶρον
448 5186 748 5251 ἀγαγόντες
772 5224 787 5248 ,
820 5184 1068 5253 δαπάνην
1103 5184 1399 5252 ἐπαφῆκαν
1437 5185 1590 5254 πυρί.
1633 5183 1806 5238 Τοῦτο

221 5274 512 5345 πραχθὲν,
551 5276 652 5328 οὐκ
694 5276 980 5346 ἐλάχιστον
1028 5276 1223 5346 μῶμον
1267 5274 1505 5346 περιῆψε
1550 5275 1806 5346 Κυρίλλῳ

302 5434 385 5502 (1)
416 5431 698 5505 Hypatiam
730 5432 889 5488 istam
913 5433 980 5505 ad
1007 5442 1257 5501 stuprum
1287 5434 1573 5502 promissis
1598 5441 1655 5488 et
1683 5450 1805 5504 per-

219 5504 589 5559 suasionibus
640 5504 827 5559 nmltis
878 5504 1198 5558 sollicitavit
1239 5505 1460 5573 juvenis
1513 5515 1802 5559 venustus.

219 5575 326 5629 lita
362 5589 493 5628 vero
523 5590 647 5627 cum
680 5573 1122 5627 dissuasionibus
1154 5574 1276 5628 aliis
1305 5589 1331 5626 a
1369 5582 1550 5642 empto
1585 5588 1687 5627 suo
1721 5588 1805 5627 re-

225 5644 439 5714 pellere
471 5645 725 5713 nequiret
757 5645 1059 5714 hominem,
1090 5658 1335 5713 pannum
1372 5642 1648 5714 mensium
1677 5658 1807 5697 suo-

226 5712 352 5779 rum
386 5712 651 5785 protulit,
695 5724 751 5768 et
790 5713 1034 5769 tarditate
1066 5712 1373 5768 inconccssi
1420 5724 1473 5768 et
1520 5712 1801 5768 libidinosi

1911 4546 2174 4617 Cyrillum
2212 4532 2269 4602 et
2311 4545 2629 4616 prwlectum
2680 4547 3048 4609 coalesceret,
3091 4545 3487 4614 impedimento

1910 4649 2077 4694 esset.
2106 4640 2271 4712 470
2314 4641 2661 4708 Quapropter
2703 4652 2769 4692 ex
2816 4637 2926 4692 illis
2964 4636 3184 4705 quidam
3228 4634 3495 4706 ﬂagranti

1909 4731 2171 4802 Cyrillum
2213 4739 2612 4800 prosequentes
2651 4742 2862 4791 amore,
2896 4727 3095 4796 quibus
3139 4726 3335 4781 Petrus
3363 4727 3486 4795 qui-

1910 4823 2032 4873 dam
2081 4835 2149 4875 ex
2189 4820 2454 4873 lectorum
2503 4817 2699 4872 ordine
2729 4817 2935 4886 prmiit,
2983 4814 3306 4869 redeuntem
3360 4829 3481 4868 eam

1911 4909 2167 4964 alicunde
2196 4908 2461 4963 insidiose
2492 4908 2852 4961 observantes
2876 4944 2891 4970 ,
2931 4919 2998 4958 ex
3029 4917 3199 4958 curru
3233 4904 3487 4959 detraxe-

1911 5013 2058 5068 runt,
2085 5011 2249 5072 atque
2284 5002 2338 5054 in
2371 5000 2661 5055 ecclesiam
2691 5014 2813 5068 quae
2844 5012 2875 5051 a
2908 4996 3124 5051 Caesare
3156 4995 3239 5066 (2)
3276 5010 3476 5050 nomen

1909 5096 2107 5158 habet,
2158 5101 2508 5162 rapuerunt:
2557 5104 2723 5161 atque
2774 5090 2848 5145 ibi
2898 5089 3147 5144 vestibus
3193 5089 3478 5150 nudatam,

1910 5199 1981 5240 te:
1997 5195 2173 5240 tarum
2202 5184 2520 5256 fragmentis
2542 5192 2844 5239 enecarunt
2869 5199 2884 5240 :
2910 5181 3110 5237 deinde
3130 5178 3475 5239 membratim

1909 5280 2198 5333 dissectam
2230 5277 2337 5345 (3),
2391 5276 2444 5330 in
2492 5275 2676 5331 locum
2724 5275 2818 5345 qui
2847 5272 3091 5329 Cinaron
3140 5272 3324 5327 dictus
3368 5279 3474 5336 est,

1907 5429 2232 5487 concubitus
2266 5437 2690 5484 eommonstrata
2730 5429 2882 5483 illum
2915 5426 3169 5498 absolvit.
3203 5424 3474 5498 (Suidas.)

1978 5502 2056 5572 (2)
2092 5499 2390 5572 Caesariani
2428 5498 2638 5572 dictam
2661 5497 2911 5572 esse,_ait
2940 5496 3097 5552 Socr.

1979 5564 2055 5639 (5)
2099 5570 2295 5624 Suidas
2341 5570 2521 5638 potius
2579 5567 3074 5639 Alexandrinorum
3106 5564 3363 5639 audacia
3418 5577 3476 5621 et

1909 5636 2145 5697 tumultu
2208 5636 2454 5694 necatam
2508 5652 2627 5693 esse
2698 5644 2895 5708 putat:
2943 5636 3036 5705 qui
3088 5636 3156 5692 de
3198 5649 3263 5691 ea
3318 5637 3474 5706 plura

1909 5712 2122 5768 scribit.
