  <div class='ocr_page' id='page_1' title='image "/cluster/home/n/w/nwhite01/storage/ocr_20150623/146/hvd.32044073502601/598.png"; bbox 0 0 3910 6218; ppageno 0'>
   <div class='ocr_carea' id='block_1_1' title="bbox 236 299 369 362">
    <p class='ocr_par' dir='ltr' id='par_1_1' title="bbox 236 299 369 362">
     <span class='ocr_line' id='line_1_1' title="bbox 236 299 369 362; baseline 0 -2"><span class='ocrx_word' id='word_1_1' title='bbox 236 299 369 362; x_wconf 70' lang='grc'><strong>1109</strong></span> 
     </span>
    </p>
   </div>
   <div class='ocr_carea' id='block_1_2' title="bbox 1156 313 2577 391">
    <p class='ocr_par' dir='ltr' id='par_1_2' title="bbox 1156 313 2577 391">
     <span class='ocr_line' id='line_1_2' title="bbox 1156 313 2577 391; baseline 0.013 -19"><span class='ocrx_word' id='word_1_2' title='bbox 1156 313 1763 378; x_wconf 70' lang='lat' dir='ltr'><strong>ECCLESIASTIC/E</strong></span> <span class='ocrx_word' id='word_1_3' title='bbox 1804 321 2191 384; x_wconf 68' lang='lat' dir='ltr'><strong>HISTOIIHZ</strong></span> <span class='ocrx_word' id='word_1_4' title='bbox 2232 328 2376 389; x_wconf 72' lang='lat' dir='ltr'>LII}.</span> <span class='ocrx_word' id='word_1_5' title='bbox 2421 331 2577 391; x_wconf 82' lang='lat' dir='ltr'>XIV.</span> 
     </span>
    </p>
   </div>
   <div class='ocr_carea' id='block_1_3' title="bbox 3336 334 3483 399">
    <p class='ocr_par' dir='ltr' id='par_1_3' title="bbox 3336 334 3483 399">
     <span class='ocr_line' id='line_1_3' title="bbox 3336 334 3483 399; baseline -0.007 0"><span class='ocrx_word' id='word_1_6' title='bbox 3336 334 3483 399; x_wconf 78' lang='lat'><strong>1110</strong></span> 
     </span>
    </p>
   </div>
   <div class='ocr_carea' id='block_1_4' title="bbox 232 421 1851 520">
    <p class='ocr_par' dir='ltr' id='par_1_4' title="bbox 232 421 1851 520">
     <span class='ocr_line' id='line_1_4' title="bbox 232 421 1851 520; baseline 0.009 -46"><span class='ocrx_word' id='word_1_7' title='bbox 232 421 503 520; x_wconf 31' lang='lat' dir='ltr'><strong>perﬂat-1b</strong></span> <span class='ocrx_word' id='word_1_8' title='bbox 532 422 838 520; x_wconf 67' lang='grc' dir='ltr'>βάπτισμα,</span> <span class='ocrx_word' id='word_1_9' title='bbox 864 426 1027 498; x_wconf 79' lang='grc' dir='ltr'>τέχνῃ</span> <span class='ocrx_word' id='word_1_10' title='bbox 1054 433 1456 500; x_wconf 77' lang='grc' dir='ltr'>μετερχόμενος</span> <span class='ocrx_word' id='word_1_11' title='bbox 1475 432 1548 496; x_wconf 81' lang='grc' dir='ltr'>ὡς</span> <span class='ocrx_word' id='word_1_12' title='bbox 1578 434 1644 487; x_wconf 80' lang='grc' dir='ltr'><strong>ἂν</strong></span> <span class='ocrx_word' id='word_1_13' title='bbox 1667 436 1803 506; x_wconf 74' lang='grc' dir='ltr'>χρὴ·</span> <span class='ocrx_word' id='word_1_14' title='bbox 1836 456 1851 494; x_wconf 70' lang='grc' dir='ltr'><em>λ</em></span> 
     </span>
    </p>
   </div>
   <div class='ocr_carea' id='block_1_5' title="bbox 1961 421 3473 520">
    <p class='ocr_par' dir='ltr' id='par_1_5' title="bbox 1961 444 3473 520">
     <span class='ocr_line' id='line_1_5' title="bbox 1961 444 3473 520; baseline 0.008 -25"><span class='ocrx_word' id='word_1_15' title='bbox 1961 449 2015 495; x_wconf 84' lang='lat' dir='ltr'><strong>te</strong></span> <span class='ocrx_word' id='word_1_16' title='bbox 2048 444 2290 499; x_wconf 70' lang='lat' dir='ltr'><strong>historite</strong></span> <span class='ocrx_word' id='word_1_17' title='bbox 2332 446 2457 502; x_wconf 87' lang='lat' dir='ltr'><strong>huic</strong></span> <span class='ocrx_word' id='word_1_18' title='bbox 2499 449 2749 517; x_wconf 81' lang='lat' dir='ltr'><strong>apposui.</strong></span> <span class='ocrx_word' id='word_1_19' title='bbox 2789 449 3010 504; x_wconf 71' lang='lat' dir='ltr'><strong>Iudaeus</strong></span> <span class='ocrx_word' id='word_1_20' title='bbox 3042 450 3261 520; x_wconf 86' lang='lat' dir='ltr'><strong>quidam</strong></span> <span class='ocrx_word' id='word_1_21' title='bbox 3314 452 3473 507; x_wconf 81' lang='lat' dir='ltr'><strong>Chri-</strong></span> 
     </span>
    </p>
   </div>
   <div class='ocr_carea' id='block_1_6' title="bbox 232 515 1805 593">
    <p class='ocr_par' dir='ltr' id='par_1_6' title="bbox 232 515 1805 593">
     <span class='ocr_line' id='line_1_6' title="bbox 232 515 1805 593; baseline 0.006 -24"><span class='ocrx_word' id='word_1_22' title='bbox 232 534 375 586; x_wconf 94' lang='grc' dir='ltr'>ματα</span> <span class='ocrx_word' id='word_1_23' title='bbox 425 515 603 587; x_wconf 81' lang='grc' dir='ltr'>ἑαυτῷ</span> <span class='ocrx_word' id='word_1_24' title='bbox 644 519 1089 589; x_wconf 79' lang='grc' dir='ltr'>προσπορίζοιτο.</span> <span class='ocrx_word' id='word_1_25' title='bbox 1142 522 1231 586; x_wconf 83' lang='grc' dir='ltr'>Ὠς</span> <span class='ocrx_word' id='word_1_26' title='bbox 1270 523 1325 576; x_wconf 80' lang='grc' dir='ltr'>δὲ</span> <span class='ocrx_word' id='word_1_27' title='bbox 1354 524 1540 593; x_wconf 75' lang='grc' dir='ltr'>σχεδὸν</span> <span class='ocrx_word' id='word_1_28' title='bbox 1571 527 1664 577; x_wconf 69' lang='grc' dir='ltr'>ἐπὶ</span> <span class='ocrx_word' id='word_1_29' title='bbox 1700 528 1805 579; x_wconf 77' lang='grc' dir='ltr'>πά-</span> 
     </span>
    </p>
   </div>
   <div class='ocr_carea' id='block_1_7' title="bbox 233 609 1810 685">
    <p class='ocr_par' dir='ltr' id='par_1_7' title="bbox 233 609 1810 685">
     <span class='ocr_line' id='line_1_7' title="bbox 233 609 1810 685; baseline 0.008 -25"><span class='ocrx_word' id='word_1_30' title='bbox 233 625 330 671; x_wconf 86' lang='grc' dir='ltr'><strong>σας</strong></span> <span class='ocrx_word' id='word_1_31' title='bbox 356 610 455 672; x_wconf 71' lang='grc' dir='ltr'>τὰς</span> <span class='ocrx_word' id='word_1_32' title='bbox 480 609 782 680; x_wconf 75' lang='grc' dir='ltr'><strong>θρησκείας</strong></span> <span class='ocrx_word' id='word_1_33' title='bbox 825 613 1119 683; x_wconf 84' lang='grc' dir='ltr'>προῆλθεν,</span> <span class='ocrx_word' id='word_1_34' title='bbox 1151 614 1209 666; x_wconf 86' lang='grc' dir='ltr'>Ἀ</span> <span class='ocrx_word' id='word_1_35' title='bbox 1223 618 1457 685; x_wconf 86' lang='grc' dir='ltr'>ρειανῶν</span> <span class='ocrx_word' id='word_1_36' title='bbox 1484 635 1542 669; x_wconf 90' lang='grc' dir='ltr'><strong>τε</strong></span> <span class='ocrx_word' id='word_1_37' title='bbox 1572 619 1664 670; x_wconf 65' lang='grc' dir='ltr'><strong>καὶ</strong></span> <span class='ocrx_word' id='word_1_38' title='bbox 1690 619 1810 671; x_wconf 86' lang='grc' dir='ltr'><strong>Μα-</strong></span> 
     </span>
    </p>
   </div>
   <div class='ocr_carea' id='block_1_8' title="bbox 231 701 1810 781">
    <p class='ocr_par' dir='ltr' id='par_1_8' title="bbox 231 701 1810 781">
     <span class='ocr_line' id='line_1_8' title="bbox 231 701 1810 781; baseline 0.006 -28"><span class='ocrx_word' id='word_1_39' title='bbox 231 701 559 755; x_wconf 82' lang='grc' dir='ltr'>κεδονιανῶν</span> <span class='ocrx_word' id='word_1_40' title='bbox 614 704 962 774; x_wconf 83' lang='grc' dir='ltr'>βαπτισμοὺς</span> <span class='ocrx_word' id='word_1_41' title='bbox 1019 706 1234 772; x_wconf 80' lang='grc' dir='ltr'>ἐλαϐεν,</span> <span class='ocrx_word' id='word_1_42' title='bbox 1266 710 1389 761; x_wconf 78' lang='grc' dir='ltr'>ἐπεὶ</span> <span class='ocrx_word' id='word_1_43' title='bbox 1427 710 1500 780; x_wconf 82' lang='grc' dir='ltr'>μὴ</span> <span class='ocrx_word' id='word_1_44' title='bbox 1540 706 1689 781; x_wconf 80' lang='grc' dir='ltr'>εἶχεν</span> <span class='ocrx_word' id='word_1_45' title='bbox 1718 710 1810 774; x_wconf 78' lang='grc' dir='ltr'><strong>οὓς</strong></span> 
     </span>
    </p>
   </div>
   <div class='ocr_carea' id='block_1_9' title="bbox 229 794 1809 868">
    <p class='ocr_par' dir='ltr' id='par_1_9' title="bbox 229 794 1809 868">
     <span class='ocr_line' id='line_1_9' title="bbox 229 794 1809 868; baseline 0.011 -24"><span class='ocrx_word' id='word_1_46' title='bbox 229 794 512 847; x_wconf 81' lang='grc' dir='ltr'>τουλοιποῦ</span> <span class='ocrx_word' id='word_1_47' title='bbox 540 797 865 868; x_wconf 69' lang='grc' dir='ltr'><strong>ἀπαιτήσειε,</strong></span> <span class='ocrx_word' id='word_1_48' title='bbox 897 800 1051 864; x_wconf 81' lang='grc' dir='ltr'><strong>τέλος</strong></span> <span class='ocrx_word' id='word_1_49' title='bbox 1083 804 1175 854; x_wconf 71' lang='grc' dir='ltr'><strong>ἐπὶ</strong></span> <span class='ocrx_word' id='word_1_50' title='bbox 1226 802 1440 856; x_wconf 75' lang='grc' dir='ltr'>τουτονὶ</span> <span class='ocrx_word' id='word_1_51' title='bbox 1474 805 1689 859; x_wconf 84' lang='grc' dir='ltr'>Παῦλον</span> <span class='ocrx_word' id='word_1_52' title='bbox 1717 808 1809 861; x_wconf 82' lang='grc' dir='ltr'><strong>τὸν</strong></span> 
     </span>
    </p>
   </div>
   <div class='ocr_carea' id='block_1_10' title="bbox 229 885 1814 968">
    <p class='ocr_par' dir='ltr' id='par_1_10' title="bbox 229 885 1814 968">
     <span class='ocr_line' id='line_1_10' title="bbox 229 885 1814 968; baseline 0.011 -32"><span class='ocrx_word' id='word_1_53' title='bbox 229 885 339 938; x_wconf 81' lang='grc' dir='ltr'><strong>τῶν</strong></span> <span class='ocrx_word' id='word_1_54' title='bbox 399 888 757 945; x_wconf 83' lang='grc' dir='ltr'>Ναυατιανῶν</span> <span class='ocrx_word' id='word_1_55' title='bbox 817 893 1120 949; x_wconf 79' lang='grc' dir='ltr'>ἐπίσκοπον</span> <span class='ocrx_word' id='word_1_56' title='bbox 1173 889 1313 968; x_wconf 76' lang='grc' dir='ltr'>ἦκε’</span> <span class='ocrx_word' id='word_1_57' title='bbox 1370 898 1722 968; x_wconf 83' lang='grc' dir='ltr'>πλασάμενός</span> <span class='ocrx_word' id='word_1_58' title='bbox 1754 918 1814 953; x_wconf 87' lang='grc' dir='ltr'><strong>τε</strong></span> 
     </span>
    </p>
   </div>
   <div class='ocr_carea' id='block_1_11' title="bbox 231 976 1813 1057">
    <p class='ocr_par' dir='ltr' id='par_1_11' title="bbox 231 976 1813 1057">
     <span class='ocr_line' id='line_1_11' title="bbox 231 976 1813 1057; baseline 0.009 -29"><span class='ocrx_word' id='word_1_59' title='bbox 231 976 522 1047; x_wconf 79' lang='grc' dir='ltr'><strong>ἐπιθυμεῖν</strong></span> <span class='ocrx_word' id='word_1_60' title='bbox 556 980 651 1034; x_wconf 88' lang='grc' dir='ltr'><strong>τοῦ</strong></span> <span class='ocrx_word' id='word_1_61' title='bbox 674 982 763 1035; x_wconf 77' lang='grc' dir='ltr'>διὰ</span> <span class='ocrx_word' id='word_1_62' title='bbox 790 983 900 1036; x_wconf 84' lang='grc' dir='ltr'>τῶν</span> <span class='ocrx_word' id='word_1_63' title='bbox 927 985 1130 1056; x_wconf 85' lang='grc' dir='ltr'>χειρῶν</span> <span class='ocrx_word' id='word_1_64' title='bbox 1154 988 1368 1041; x_wconf 77' lang='grc' dir='ltr'>ἐκείνου</span> <span class='ocrx_word' id='word_1_65' title='bbox 1402 987 1813 1057; x_wconf 81' lang='grc' dir='ltr'>βαπτίσματος,</span> 
     </span>
    </p>
   </div>
   <div class='ocr_carea' id='block_1_12' title="bbox 231 1067 1814 1149">
    <p class='ocr_par' dir='ltr' id='par_1_12' title="bbox 231 1067 1814 1149">
     <span class='ocr_line' id='line_1_12' title="bbox 231 1067 1814 1149; baseline 0.009 -30"><span class='ocrx_word' id='word_1_66' title='bbox 231 1067 405 1122; x_wconf 75' lang='grc' dir='ltr'>ἐδεῖτο</span> <span class='ocrx_word' id='word_1_67' title='bbox 436 1072 621 1139; x_wconf 82' lang='grc' dir='ltr'>τυχεῖν</span> <span class='ocrx_word' id='word_1_68' title='bbox 650 1073 751 1140; x_wconf 73' lang='grc' dir='ltr'>τῆς</span> <span class='ocrx_word' id='word_1_69' title='bbox 780 1073 1049 1143; x_wconf 75' lang='grc' dir='ltr'>ἐφέσεως.</span> <span class='ocrx_word' id='word_1_70' title='bbox 1093 1076 1153 1130; x_wconf 84' lang='grc' dir='ltr'>Ὀ</span> <span class='ocrx_word' id='word_1_71' title='bbox 1180 1078 1236 1131; x_wconf 77' lang='grc' dir='ltr'><strong>δὲ</strong></span> <span class='ocrx_word' id='word_1_72' title='bbox 1265 1078 1325 1130; x_wconf 68' lang='grc' dir='ltr'>τι</span> <span class='ocrx_word' id='word_1_73' title='bbox 1356 1080 1455 1148; x_wconf 74' lang='grc' dir='ltr'>μὲν</span> <span class='ocrx_word' id='word_1_74' title='bbox 1482 1078 1682 1149; x_wconf 82' lang='grc' dir='ltr'>θερμὸν</span> <span class='ocrx_word' id='word_1_75' title='bbox 1710 1081 1814 1149; x_wconf 77' lang='grc' dir='ltr'><strong>τῆς</strong></span> 
     </span>
    </p>
   </div>
   <div class='ocr_carea' id='block_1_13' title="bbox 235 1162 1817 1243">
    <p class='ocr_par' dir='ltr' id='par_1_13' title="bbox 235 1162 1817 1243">
     <span class='ocr_line' id='line_1_13' title="bbox 235 1162 1817 1243; baseline 0.01 -32"><span class='ocrx_word' id='word_1_76' title='bbox 235 1162 479 1230; x_wconf 76' lang='grc' dir='ltr'><strong>σπουδῆς</strong></span> <span class='ocrx_word' id='word_1_77' title='bbox 515 1165 833 1234; x_wconf 83' lang='grc' dir='ltr'>ἀπεδέχετο,</span> <span class='ocrx_word' id='word_1_78' title='bbox 868 1170 930 1222; x_wconf 76' lang='grc' dir='ltr'><strong>οὐ</strong></span> <span class='ocrx_word' id='word_1_79' title='bbox 964 1170 1260 1241; x_wconf 76' lang='grc' dir='ltr'>ξυνεχώρει</span> <span class='ocrx_word' id='word_1_80' title='bbox 1292 1172 1348 1225; x_wconf 79' lang='grc' dir='ltr'>δὲ</span> <span class='ocrx_word' id='word_1_81' title='bbox 1374 1169 1469 1225; x_wconf 85' lang='grc' dir='ltr'><strong>τοῦ</strong></span> <span class='ocrx_word' id='word_1_82' title='bbox 1500 1172 1817 1243; x_wconf 86' lang='grc' dir='ltr'>βαπτίσμα-</span> 
     </span>
    </p>
   </div>
   <div class='ocr_carea' id='block_1_14' title="bbox 230 1258 1824 1337">
    <p class='ocr_par' dir='ltr' id='par_1_14' title="bbox 230 1258 1824 1337">
     <span class='ocr_line' id='line_1_14' title="bbox 230 1258 1824 1337; baseline 0.008 -32"><span class='ocrx_word' id='word_1_83' title='bbox 230 1269 345 1316; x_wconf 84' lang='grc' dir='ltr'>τος,</span> <span class='ocrx_word' id='word_1_84' title='bbox 385 1258 553 1328; x_wconf 82' lang='grc' dir='ltr'>πρινὴ</span> <span class='ocrx_word' id='word_1_85' title='bbox 584 1258 656 1321; x_wconf 79' lang='grc' dir='ltr'>ὡς</span> <span class='ocrx_word' id='word_1_86' title='bbox 692 1259 815 1323; x_wconf 79' lang='grc' dir='ltr'>ἔθος</span> <span class='ocrx_word' id='word_1_87' title='bbox 846 1264 1233 1333; x_wconf 79' lang='grc' dir='ltr'>κατηχηθῆναι</span> <span class='ocrx_word' id='word_1_88' title='bbox 1267 1264 1358 1317; x_wconf 68' lang='grc' dir='ltr'>τὸν</span> <span class='ocrx_word' id='word_1_89' title='bbox 1392 1265 1554 1334; x_wconf 85' lang='grc' dir='ltr'>λόγον</span> <span class='ocrx_word' id='word_1_90' title='bbox 1602 1270 1701 1337; x_wconf 78' lang='grc' dir='ltr'>τῆς</span> <span class='ocrx_word' id='word_1_91' title='bbox 1734 1266 1824 1318; x_wconf 84' lang='grc' dir='ltr'>πί-</span> 
     </span>
    </p>
   </div>
   <div class='ocr_carea' id='block_1_15' title="bbox 236 1351 1818 1428">
    <p class='ocr_par' dir='ltr' id='par_1_15' title="bbox 236 1351 1818 1428">
     <span class='ocr_line' id='line_1_15' title="bbox 236 1351 1818 1428; baseline 0.013 -31"><span class='ocrx_word' id='word_1_92' title='bbox 236 1364 433 1410; x_wconf 77' lang='grc' dir='ltr'>στεως,</span> <span class='ocrx_word' id='word_1_93' title='bbox 473 1351 609 1418; x_wconf 83' lang='grc' dir='ltr'><strong>μετὰ</strong></span> <span class='ocrx_word' id='word_1_94' title='bbox 633 1351 731 1421; x_wconf 78' lang='grc' dir='ltr'>τὴν</span> <span class='ocrx_word' id='word_1_95' title='bbox 758 1361 1236 1428; x_wconf 63' lang='grc' dir='ltr'><strong>προηγησαμένην</strong></span> <span class='ocrx_word' id='word_1_96' title='bbox 1263 1358 1320 1426; x_wconf 78' lang='grc' dir='ltr'><strong>ἐξ</strong></span> <span class='ocrx_word' id='word_1_97' title='bbox 1356 1357 1513 1422; x_wconf 82' lang='grc' dir='ltr'>ἔθους</span> <span class='ocrx_word' id='word_1_98' title='bbox 1544 1359 1818 1427; x_wconf 72' lang='grc' dir='ltr'>νηστείαν.</span> 
     </span>
    </p>
   </div>
   <div class='ocr_carea' id='block_1_16' title="bbox 248 1444 1823 1527">
    <p class='ocr_par' dir='ltr' id='par_1_16' title="bbox 248 1444 1823 1527">
     <span class='ocr_line' id='line_1_16' title="bbox 248 1444 1823 1527; baseline 0.008 -30"><span class='ocrx_word' id='word_1_99' title='bbox 248 1444 491 1510; x_wconf 80' lang='grc' dir='ltr'>Ἐκεῖνος</span> <span class='ocrx_word' id='word_1_100' title='bbox 521 1447 579 1503; x_wconf 77' lang='grc' dir='ltr'>δὲ</span> <span class='ocrx_word' id='word_1_101' title='bbox 629 1452 695 1520; x_wconf 83' lang='grc' dir='ltr'>τῇ</span> <span class='ocrx_word' id='word_1_102' title='bbox 736 1451 889 1522; x_wconf 76' lang='grc' dir='ltr'>παρὰ</span> <span class='ocrx_word' id='word_1_103' title='bbox 924 1447 1154 1526; x_wconf 79' lang='grc' dir='ltr'>γνώμην</span> <span class='ocrx_word' id='word_1_104' title='bbox 1209 1456 1434 1527; x_wconf 73' lang='grc' dir='ltr'>νηστείᾳ</span> <span class='ocrx_word' id='word_1_105' title='bbox 1472 1453 1823 1527; x_wconf 80' lang='grc' dir='ltr'><strong>πιεζόμενος,</strong></span> 
     </span>
    </p>
   </div>
   <div class='ocr_carea' id='block_1_17' title="bbox 237 1538 1823 1618">
    <p class='ocr_par' dir='ltr' id='par_1_17' title="bbox 237 1538 1823 1618">
     <span class='ocr_line' id='line_1_17' title="bbox 237 1538 1823 1618; baseline 0.009 -31"><span class='ocrx_word' id='word_1_106' title='bbox 237 1538 570 1609; x_wconf 84' lang='grc' dir='ltr'>συχνότερον</span> <span class='ocrx_word' id='word_1_107' title='bbox 632 1542 888 1596; x_wconf 81' lang='grc' dir='ltr'>ἐπέκειτο</span> <span class='ocrx_word' id='word_1_108' title='bbox 957 1544 1053 1598; x_wconf 85' lang='grc' dir='ltr'><strong>τοῦ</strong></span> <span class='ocrx_word' id='word_1_109' title='bbox 1116 1546 1569 1618; x_wconf 72' lang='grc' dir='ltr'>σπουδαζομένω)</span> <span class='ocrx_word' id='word_1_110' title='bbox 1618 1548 1823 1617; x_wconf 87' lang='grc' dir='ltr'>τυχεῖν.</span> 
     </span>
    </p>
   </div>
   <div class='ocr_carea' id='block_1_18' title="bbox 250 1627 1828 1708">
    <p class='ocr_par' dir='ltr' id='par_1_18' title="bbox 250 1627 1828 1708">
     <span class='ocr_line' id='line_1_18' title="bbox 250 1627 1828 1708; baseline 0.006 -28"><span class='ocrx_word' id='word_1_111' title='bbox 250 1627 406 1681; x_wconf 78' lang='grc' dir='ltr'>Ἐπεὶ</span> <span class='ocrx_word' id='word_1_112' title='bbox 463 1627 508 1681; x_wconf 82' lang='grc' dir='ltr'>δ’</span> <span class='ocrx_word' id='word_1_113' title='bbox 564 1630 590 1682; x_wconf 78' lang='grc' dir='ltr'><strong>ὁ</strong></span> <span class='ocrx_word' id='word_1_114' title='bbox 626 1632 845 1697; x_wconf 82' lang='grc' dir='ltr'><strong>Παῦλος</strong></span> <span class='ocrx_word' id='word_1_115' title='bbox 897 1633 1071 1698; x_wconf 77' lang='grc' dir='ltr'>οὕτως</span> <span class='ocrx_word' id='word_1_116' title='bbox 1120 1635 1387 1708; x_wconf 74' lang='grc' dir='ltr'>ἔνθερμον</span> <span class='ocrx_word' id='word_1_117' title='bbox 1434 1638 1582 1708; x_wconf 83' lang='grc' dir='ltr'>ὁρῶν</span> <span class='ocrx_word' id='word_1_118' title='bbox 1630 1638 1828 1691; x_wconf 78' lang='grc' dir='ltr'>λυπεῖν</span> 
     </span>
    </p>
   </div>
   <div class='ocr_carea' id='block_1_19' title="bbox 237 1720 1828 1801">
    <p class='ocr_par' dir='ltr' id='par_1_19' title="bbox 237 1720 1828 1801">
     <span class='ocr_line' id='line_1_19' title="bbox 237 1720 1828 1801; baseline 0.008 -30"><span class='ocrx_word' id='word_1_119' title='bbox 237 1720 425 1774; x_wconf 64' lang='grc' dir='ltr'>οὐκέτι</span> <span class='ocrx_word' id='word_1_120' title='bbox 460 1722 716 1778; x_wconf 75' lang='grc' dir='ltr'>ἐϐούλετο</span> <span class='ocrx_word' id='word_1_121' title='bbox 756 1728 825 1796; x_wconf 73' lang='grc' dir='ltr'>τῇ</span> <span class='ocrx_word' id='word_1_122' title='bbox 859 1727 1133 1799; x_wconf 76' lang='grc' dir='ltr'>παρολκῇ,</span> <span class='ocrx_word' id='word_1_123' title='bbox 1190 1731 1258 1783; x_wconf 83' lang='grc' dir='ltr'><strong>τὰ</strong></span> <span class='ocrx_word' id='word_1_124' title='bbox 1289 1729 1429 1799; x_wconf 81' lang='grc' dir='ltr'>πρὸς</span> <span class='ocrx_word' id='word_1_125' title='bbox 1457 1731 1519 1783; x_wconf 82' lang='grc' dir='ltr'>τὸ</span> <span class='ocrx_word' id='word_1_126' title='bbox 1542 1729 1828 1801; x_wconf 75' lang='grc' dir='ltr'>βάπτισμα</span> 
     </span>
    </p>
   </div>
   <div class='ocr_carea' id='block_1_20' title="bbox 239 1813 1827 1894">
    <p class='ocr_par' dir='ltr' id='par_1_20' title="bbox 239 1813 1827 1894">
     <span class='ocr_line' id='line_1_20' title="bbox 239 1813 1827 1894; baseline 0.006 -27"><span class='ocrx_word' id='word_1_127' title='bbox 239 1813 584 1885; x_wconf 78' lang='grc' dir='ltr'>εὐτρεπίζει.</span> <span class='ocrx_word' id='word_1_128' title='bbox 611 1818 720 1871; x_wconf 66' lang='grc' dir='ltr'><strong>Καὶ</strong></span> <span class='ocrx_word' id='word_1_129' title='bbox 748 1817 887 1889; x_wconf 78' lang='grc' dir='ltr'>δῆτα</span> <span class='ocrx_word' id='word_1_130' title='bbox 940 1820 1146 1891; x_wconf 76' lang='grc' dir='ltr'>ἐσθῆτα</span> <span class='ocrx_word' id='word_1_131' title='bbox 1182 1824 1617 1893; x_wconf 79' lang='grc' dir='ltr'>παρασκευάσας</span> <span class='ocrx_word' id='word_1_132' title='bbox 1668 1842 1827 1894; x_wconf 60' lang='grc' dir='ltr'>περιρ</span> 
     </span>
    </p>
   </div>
   <div class='ocr_carea' id='block_1_21' title="bbox 241 1910 1830 1984">
    <p class='ocr_par' dir='ltr' id='par_1_21' title="bbox 241 1910 1830 1984">
     <span class='ocr_line' id='line_1_21' title="bbox 241 1910 1830 1984; baseline 0.004 -24"><span class='ocrx_word' id='word_1_133' title='bbox 241 1910 409 1978; x_wconf 81' lang='grc' dir='ltr'>φανῆ,</span> <span class='ocrx_word' id='word_1_134' title='bbox 437 1910 618 1963; x_wconf 78' lang='grc' dir='ltr'>καὶτὸ</span> <span class='ocrx_word' id='word_1_135' title='bbox 665 1910 1068 1983; x_wconf 80' lang='grc' dir='ltr'>βαπτιστήριον</span> <span class='ocrx_word' id='word_1_136' title='bbox 1120 1914 1433 1984; x_wconf 77' lang='grc' dir='ltr'>πλησθῆναι</span> <span class='ocrx_word' id='word_1_137' title='bbox 1478 1915 1552 1978; x_wconf 86' lang='grc' dir='ltr'>ὡς</span> <span class='ocrx_word' id='word_1_138' title='bbox 1585 1915 1707 1984; x_wconf 74' lang='grc' dir='ltr'>ἔθος</span> <span class='ocrx_word' id='word_1_139' title='bbox 1738 1933 1830 1969; x_wconf 81' lang='grc' dir='ltr'>κε-</span> 
     </span>
    </p>
   </div>
   <div class='ocr_carea' id='block_1_22' title="bbox 241 1978 1828 2072">
    <p class='ocr_par' dir='ltr' id='par_1_22' title="bbox 241 1978 1828 2072">
     <span class='ocr_line' id='line_1_22' title="bbox 241 1978 1828 2072; baseline 0.005 -23"><span class='ocrx_word' id='word_1_140' title='bbox 241 1997 443 2059; x_wconf 69' lang='grc' dir='ltr'>λεύσας</span> <span class='ocrx_word' id='word_1_141' title='bbox 479 1991 694 2066; x_wconf 80' lang='grc' dir='ltr'>ὓδατος,</span> <span class='ocrx_word' id='word_1_142' title='bbox 727 1999 814 2052; x_wconf 70' lang='grc' dir='ltr'>ἐπ’</span> <span class='ocrx_word' id='word_1_143' title='bbox 849 2000 1019 2072; x_wconf 77' lang='grc' dir='ltr'>αὐτὴν</span> <span class='ocrx_word' id='word_1_144' title='bbox 1051 2001 1264 2072; x_wconf 81' lang='grc' dir='ltr'>προῆγε</span> <span class='ocrx_word' id='word_1_145' title='bbox 1298 2002 1390 2057; x_wconf 83' lang='grc' dir='ltr'><strong>τὸν</strong></span> <span class='ocrx_word' id='word_1_146' title='bbox 1412 1978 1698 2069; x_wconf 81' lang='grc' dir='ltr'>Ἰουδαῖον,</span> <span class='ocrx_word' id='word_1_147' title='bbox 1752 2004 1828 2068; x_wconf 85' lang='grc' dir='ltr'>ὡς</span> 
     </span>
    </p>
   </div>
   <div class='ocr_carea' id='block_1_23' title="bbox 245 2088 1833 2168">
    <p class='ocr_par' dir='ltr' id='par_1_23' title="bbox 245 2088 1833 2168">
     <span class='ocr_line' id='line_1_23' title="bbox 245 2088 1833 2168; baseline 0.002 -25"><span class='ocrx_word' id='word_1_148' title='bbox 245 2088 534 2158; x_wconf 84' lang='grc' dir='ltr'>βαπτίσων</span> <span class='ocrx_word' id='word_1_149' title='bbox 574 2092 809 2161; x_wconf 79' lang='grc' dir='ltr'>γυμνόν.</span> <span class='ocrx_word' id='word_1_150' title='bbox 858 2093 1118 2165; x_wconf 80' lang='grc' dir='ltr'>Ἀρρήτῳ</span> <span class='ocrx_word' id='word_1_151' title='bbox 1155 2094 1212 2147; x_wconf 85' lang='grc' dir='ltr'><strong>δέ</strong></span> <span class='ocrx_word' id='word_1_152' title='bbox 1269 2112 1381 2148; x_wconf 85' lang='grc' dir='ltr'>τινι</span> <span class='ocrx_word' id='word_1_153' title='bbox 1412 2095 1568 2159; x_wconf 83' lang='grc' dir='ltr'>θείας</span> <span class='ocrx_word' id='word_1_154' title='bbox 1599 2096 1833 2168; x_wconf 74' lang='grc' dir='ltr'>προνοίᾳ</span> 
     </span>
    </p>
   </div>
   <div class='ocr_carea' id='block_1_24' title="bbox 242 2182 1835 2258">
    <p class='ocr_par' dir='ltr' id='par_1_24' title="bbox 242 2182 1835 2258">
     <span class='ocr_line' id='line_1_24' title="bbox 242 2182 1835 2258; baseline 0.005 -24"><span class='ocrx_word' id='word_1_155' title='bbox 242 2182 537 2251; x_wconf 83' lang='grc' dir='ltr'>δυνάμεως</span> <span class='ocrx_word' id='word_1_156' title='bbox 570 2184 632 2238; x_wconf 85' lang='grc' dir='ltr'><strong>τδ</strong></span> <span class='ocrx_word' id='word_1_157' title='bbox 686 2183 830 2256; x_wconf 75' lang='grc' dir='ltr'>ὕδωρ</span> <span class='ocrx_word' id='word_1_158' title='bbox 862 2185 1062 2258; x_wconf 77' lang='grc' dir='ltr'>αἴφνης</span> <span class='ocrx_word' id='word_1_159' title='bbox 1116 2187 1322 2257; x_wconf 84' lang='grc' dir='ltr'>ἀφανὲς</span> <span class='ocrx_word' id='word_1_160' title='bbox 1377 2182 1467 2258; x_wconf 80' lang='grc' dir='ltr'><strong>ἧν.</strong></span> <span class='ocrx_word' id='word_1_161' title='bbox 1516 2188 1605 2252; x_wconf 82' lang='grc' dir='ltr'>Ὧς</span> <span class='ocrx_word' id='word_1_162' title='bbox 1631 2188 1690 2242; x_wconf 80' lang='grc' dir='ltr'>δὲ</span> <span class='ocrx_word' id='word_1_163' title='bbox 1720 2189 1835 2252; x_wconf 87' lang='grc' dir='ltr'>τοῖς</span> 
     </span>
    </p>
   </div>
   <div class='ocr_carea' id='block_1_25' title="bbox 245 2276 1859 2351">
    <p class='ocr_par' dir='ltr' id='par_1_25' title="bbox 245 2276 1859 2351">
     <span class='ocr_line' id='line_1_25' title="bbox 245 2276 1859 2351; baseline 0.003 -23"><span class='ocrx_word' id='word_1_164' title='bbox 245 2277 492 2345; x_wconf 84' lang='grc' dir='ltr'>παροῦσι</span> <span class='ocrx_word' id='word_1_165' title='bbox 521 2276 615 2332; x_wconf 73' lang='grc' dir='ltr'><strong>καὶ</strong></span> <span class='ocrx_word' id='word_1_166' title='bbox 644 2277 722 2348; x_wconf 81' lang='grc' dir='ltr'>τῷ</span> <span class='ocrx_word' id='word_1_167' title='bbox 753 2280 1040 2351; x_wconf 81' lang='grc' dir='ltr'>ὲπισκόπῳ</span> <span class='ocrx_word' id='word_1_168' title='bbox 1084 2281 1250 2350; x_wconf 75' lang='grc' dir='ltr'>μηδὲν</span> <span class='ocrx_word' id='word_1_169' title='bbox 1281 2280 1502 2334; x_wconf 86' lang='grc' dir='ltr'>διειδόσι</span> <span class='ocrx_word' id='word_1_170' title='bbox 1548 2280 1644 2334; x_wconf 90' lang='grc' dir='ltr'><strong>τοῦ</strong></span> <span class='ocrx_word' id='word_1_171' title='bbox 1676 2297 1859 2349; x_wconf 63' lang='grc' dir='ltr'>γενοοι</span> 
     </span>
    </p>
   </div>
   <div class='ocr_carea' id='block_1_26' title="bbox 249 2368 1835 2443">
    <p class='ocr_par' dir='ltr' id='par_1_26' title="bbox 249 2368 1835 2443">
     <span class='ocr_line' id='line_1_26' title="bbox 249 2368 1835 2443; baseline 0.003 -25"><span class='ocrx_word' id='word_1_172' title='bbox 249 2368 425 2436; x_wconf 85' lang='grc' dir='ltr'>μένου</span> <span class='ocrx_word' id='word_1_173' title='bbox 482 2369 666 2437; x_wconf 78' lang='grc' dir='ltr'>ἐκρεῖν</span> <span class='ocrx_word' id='word_1_174' title='bbox 710 2370 899 2423; x_wconf 70' lang='grc' dir='ltr'>ἐδόκει</span> <span class='ocrx_word' id='word_1_175' title='bbox 928 2370 987 2424; x_wconf 81' lang='grc' dir='ltr'>τὸ</span> <span class='ocrx_word' id='word_1_176' title='bbox 1020 2370 1164 2443; x_wconf 75' lang='grc' dir='ltr'>ῦῖωρ</span> <span class='ocrx_word' id='word_1_177' title='bbox 1210 2373 1299 2425; x_wconf 75' lang='grc' dir='ltr'><strong>διὰ</strong></span> <span class='ocrx_word' id='word_1_178' title='bbox 1330 2369 1426 2425; x_wconf 87' lang='grc' dir='ltr'><strong>τοῦ</strong></span> <span class='ocrx_word' id='word_1_179' title='bbox 1467 2370 1835 2440; x_wconf 80' lang='grc' dir='ltr'>ὑποκειμένου</span> 
     </span>
    </p>
   </div>
   <div class='ocr_carea' id='block_1_27' title="bbox 248 2455 1838 2532">
    <p class='ocr_par' dir='ltr' id='par_1_27' title="bbox 248 2455 1838 2532">
     <span class='ocr_line' id='line_1_27' title="bbox 248 2455 1838 2532; baseline 0.003 -26"><span class='ocrx_word' id='word_1_180' title='bbox 248 2456 458 2525; x_wconf 81' lang='grc' dir='ltr'>πόρου,</span> <span class='ocrx_word' id='word_1_181' title='bbox 512 2456 636 2510; x_wconf 75' lang='grc' dir='ltr'>ὅθεν</span> <span class='ocrx_word' id='word_1_182' title='bbox 681 2458 943 2513; x_wconf 80' lang='grc' dir='ltr'>εἰώθασιν</span> <span class='ocrx_word' id='word_1_183' title='bbox 971 2460 1150 2513; x_wconf 79' lang='grc' dir='ltr'>έκεῖνο</span> <span class='ocrx_word' id='word_1_184' title='bbox 1178 2455 1532 2532; x_wconf 71' lang='grc' dir='ltr'>προπέμπειν</span> <span class='ocrx_word' id='word_1_185' title='bbox 1573 2459 1714 2530; x_wconf 81' lang='grc' dir='ltr'>μετὰ</span> <span class='ocrx_word' id='word_1_186' title='bbox 1742 2460 1838 2530; x_wconf 77' lang='grc' dir='ltr'>τὴν</span> 
     </span>
    </p>
   </div>
   <div class='ocr_carea' id='block_1_28' title="bbox 248 2548 1840 2624">
    <p class='ocr_par' dir='ltr' id='par_1_28' title="bbox 248 2548 1840 2624">
     <span class='ocr_line' id='line_1_28' title="bbox 248 2548 1840 2624; baseline 0.004 -23"><span class='ocrx_word' id='word_1_187' title='bbox 248 2548 506 2619; x_wconf 78' lang='grc' dir='ltr'>τελετὴν,</span> <span class='ocrx_word' id='word_1_188' title='bbox 546 2550 735 2623; x_wconf 73' lang='grc' dir='ltr'>ἕτερον</span> <span class='ocrx_word' id='word_1_189' title='bbox 772 2549 916 2622; x_wconf 77' lang='grc' dir='ltr'>ὕδωρ</span> <span class='ocrx_word' id='word_1_190' title='bbox 954 2553 1255 2624; x_wconf 77' lang='grc' dir='ltr'>προσῆγον,</span> <span class='ocrx_word' id='word_1_191' title='bbox 1280 2554 1512 2624; x_wconf 72' lang='grc' dir='ltr'>προνοίᾳ</span> <span class='ocrx_word' id='word_1_192' title='bbox 1545 2554 1711 2624; x_wconf 80' lang='grc' dir='ltr'>πολλῇ</span> <span class='ocrx_word' id='word_1_193' title='bbox 1744 2552 1840 2615; x_wconf 77' lang='grc' dir='ltr'>τὰς</span> 
     </span>
    </p>
   </div>
   <div class='ocr_carea' id='block_1_29' title="bbox 252 2634 1842 2717">
    <p class='ocr_par' dir='ltr' id='par_1_29' title="bbox 252 2634 1842 2717">
     <span class='ocr_line' id='line_1_29' title="bbox 252 2634 1842 2717; baseline 0.003 -23"><span class='ocrx_word' id='word_1_194' title='bbox 252 2644 461 2710; x_wconf 73' lang='grc' dir='ltr'>ἐκροὰς</span> <span class='ocrx_word' id='word_1_195' title='bbox 518 2646 616 2713; x_wconf 85' lang='grc' dir='ltr'><strong>τῆς</strong></span> <span class='ocrx_word' id='word_1_196' title='bbox 662 2634 1059 2716; x_wconf 86' lang='grc' dir='ltr'>κολυμϐήθρας</span> <span class='ocrx_word' id='word_1_197' title='bbox 1119 2645 1598 2717; x_wconf 82' lang='grc' dir='ltr'>ἀσφαλισάμενοι·</span> <span class='ocrx_word' id='word_1_198' title='bbox 1660 2647 1735 2709; x_wconf 85' lang='grc' dir='ltr'>ὡς</span> <span class='ocrx_word' id='word_1_199' title='bbox 1783 2645 1842 2699; x_wconf 77' lang='grc' dir='ltr'><strong>δὲ</strong></span> 
     </span>
    </p>
   </div>
   <div class='ocr_carea' id='block_1_30' title="bbox 1860 1779 1901 1834">
    <p class='ocr_par' dir='ltr' id='par_1_30' title="bbox 1860 1779 1901 1834">
     <span class='ocr_line' id='line_1_30' title="bbox 1860 1779 1901 1834; baseline 0 0"><span class='ocrx_word' id='word_1_200' title='bbox 1860 1779 1901 1834; x_wconf 88' lang='grc' dir='ltr'><strong>Β</strong></span> 
     </span>
    </p>
   </div>
   <div class='ocr_carea' id='block_1_31' title="bbox 1915 537 3481 611">
    <p class='ocr_par' dir='ltr' id='par_1_31' title="bbox 1915 537 3481 611">
     <span class='ocr_line' id='line_1_31' title="bbox 1915 537 3481 611; baseline 0.007 -22"><span class='ocrx_word' id='word_1_201' title='bbox 1915 537 2266 591; x_wconf 85' lang='lat' dir='ltr'><strong>stianismum</strong></span> <span class='ocrx_word' id='word_1_202' title='bbox 2322 540 2640 608; x_wconf 91' lang='lat' dir='ltr'><strong>complexus</strong></span> <span class='ocrx_word' id='word_1_203' title='bbox 2710 556 2818 595; x_wconf 89' lang='lat' dir='ltr'><strong>non</strong></span> <span class='ocrx_word' id='word_1_204' title='bbox 2900 542 3090 603; x_wconf 89' lang='lat' dir='ltr'><strong>semel,</strong></span> <span class='ocrx_word' id='word_1_205' title='bbox 3141 541 3233 597; x_wconf 89' lang='lat' dir='ltr'><strong>sed</strong></span> <span class='ocrx_word' id='word_1_206' title='bbox 3281 545 3481 611; x_wconf 78' lang='lat' dir='ltr'><strong>saepius</strong></span> 
     </span>
    </p>
   </div>
   <div class='ocr_carea' id='block_1_32' title="bbox 1914 628 3480 701">
    <p class='ocr_par' dir='ltr' id='par_1_32' title="bbox 1914 628 3480 701">
     <span class='ocr_line' id='line_1_32' title="bbox 1914 628 3480 701; baseline 0.004 -21"><span class='ocrx_word' id='word_1_207' title='bbox 1914 628 2241 696; x_wconf 77' lang='lat' dir='ltr'><strong>baptismum</strong></span> <span class='ocrx_word' id='word_1_208' title='bbox 2266 630 2564 685; x_wconf 85' lang='lat' dir='ltr'><strong>subiitarte</strong></span> <span class='ocrx_word' id='word_1_209' title='bbox 2588 632 2818 701; x_wconf 87' lang='lat' dir='ltr'><strong>quadam</strong></span> <span class='ocrx_word' id='word_1_210' title='bbox 2839 643 2895 686; x_wconf 90' lang='lat' dir='ltr'><strong>et</strong></span> <span class='ocrx_word' id='word_1_211' title='bbox 2918 634 3312 687; x_wconf 85' lang='lat' dir='ltr'><strong>nundinatione</strong></span> <span class='ocrx_word' id='word_1_212' title='bbox 3330 652 3480 698; x_wconf 81' lang='lat' dir='ltr'><strong>usus,</strong></span> 
     </span>
    </p>
   </div>
   <div class='ocr_carea' id='block_1_33' title="bbox 1916 721 3485 793">
    <p class='ocr_par' dir='ltr' id='par_1_33' title="bbox 1916 721 3485 793">
     <span class='ocr_line' id='line_1_33' title="bbox 1916 721 3485 793; baseline 0.003 -19"><span class='ocrx_word' id='word_1_213' title='bbox 1916 730 1975 774; x_wconf 92' lang='lat' dir='ltr'><strong>ut</strong></span> <span class='ocrx_word' id='word_1_214' title='bbox 1999 721 2207 789; x_wconf 90' lang='lat' dir='ltr'><strong>aliquid</strong></span> <span class='ocrx_word' id='word_1_215' title='bbox 2237 723 2482 790; x_wconf 79' lang='lat' dir='ltr'><strong>pecunia:</strong></span> <span class='ocrx_word' id='word_1_216' title='bbox 2500 724 2873 793; x_wconf 76' lang='lat' dir='ltr'><strong>conquireret.</strong></span> <span class='ocrx_word' id='word_1_217' title='bbox 2904 724 3080 793; x_wconf 85' lang='lat' dir='ltr'><strong>Atque</strong></span> <span class='ocrx_word' id='word_1_218' title='bbox 3128 725 3219 778; x_wconf 90' lang='lat' dir='ltr'><strong>ubi</strong></span> <span class='ocrx_word' id='word_1_219' title='bbox 3275 724 3387 780; x_wconf 86' lang='lat' dir='ltr'><strong>fere</strong></span> <span class='ocrx_word' id='word_1_220' title='bbox 3418 727 3485 779; x_wconf 89' lang='lat' dir='ltr'><strong>ad</strong></span> 
     </span>
    </p>
   </div>
   <div class='ocr_carea' id='block_1_34' title="bbox 1923 813 3487 882">
    <p class='ocr_par' dir='ltr' id='par_1_34' title="bbox 1923 813 3487 882">
     <span class='ocr_line' id='line_1_34' title="bbox 1923 813 3487 882; baseline 0.004 -17"><span class='ocrx_word' id='word_1_221' title='bbox 1923 813 2218 882; x_wconf 75' lang='lat' dir='ltr'><strong>religiones</strong></span> <span class='ocrx_word' id='word_1_222' title='bbox 2255 829 2470 880; x_wconf 87' lang='lat' dir='ltr'><strong>omnes,</strong></span> <span class='ocrx_word' id='word_1_223' title='bbox 2508 816 2831 871; x_wconf 82' lang='lat' dir='ltr'><strong>Arianorum</strong></span> <span class='ocrx_word' id='word_1_224' title='bbox 2877 815 3131 870; x_wconf 79' lang='lat' dir='ltr'><strong>videlicet</strong></span> <span class='ocrx_word' id='word_1_225' title='bbox 3162 816 3487 871; x_wconf 65' lang='lat' dir='ltr'><strong>etllacedo-</strong></span> 
     </span>
    </p>
   </div>
   <div class='ocr_carea' id='block_1_35' title="bbox 1922 905 3486 978">
    <p class='ocr_par' dir='ltr' id='par_1_35' title="bbox 1922 905 3486 978">
     <span class='ocr_line' id='line_1_35' title="bbox 1922 905 3486 978; baseline 0.004 -21"><span class='ocrx_word' id='word_1_226' title='bbox 1922 907 2237 970; x_wconf 85' lang='lat' dir='ltr'><strong>nianorum,</strong></span> <span class='ocrx_word' id='word_1_227' title='bbox 2260 905 2532 976; x_wconf 87' lang='lat' dir='ltr'><strong>baptismo</strong></span> <span class='ocrx_word' id='word_1_228' title='bbox 2545 907 2688 977; x_wconf 86' lang='lat' dir='ltr'><strong>apud</strong></span> <span class='ocrx_word' id='word_1_229' title='bbox 2714 923 2814 970; x_wconf 76' lang='lat' dir='ltr'><strong>eos</strong></span> <span class='ocrx_word' id='word_1_230' title='bbox 2843 917 3126 978; x_wconf 88' lang='lat' dir='ltr'><strong>suscepto,</strong></span> <span class='ocrx_word' id='word_1_231' title='bbox 3162 909 3486 969; x_wconf 83' lang='lat' dir='ltr'><strong>transiisset.</strong></span> 
     </span>
    </p>
   </div>
   <div class='ocr_carea' id='block_1_36' title="bbox 1924 999 3489 1070">
    <p class='ocr_par' dir='ltr' id='par_1_36' title="bbox 1924 999 3489 1070">
     <span class='ocr_line' id='line_1_36' title="bbox 1924 999 3489 1070; baseline 0.001 -19"><span class='ocrx_word' id='word_1_232' title='bbox 1924 1014 2104 1067; x_wconf 91' lang='lat' dir='ltr'><strong>neque</strong></span> <span class='ocrx_word' id='word_1_233' title='bbox 2129 999 2222 1053; x_wconf 85' lang='lat' dir='ltr'><strong>alii</strong></span> <span class='ocrx_word' id='word_1_234' title='bbox 2251 1015 2389 1068; x_wconf 87' lang='lat' dir='ltr'><strong>quos</strong></span> <span class='ocrx_word' id='word_1_235' title='bbox 2413 999 2675 1069; x_wconf 84' lang='lat' dir='ltr'><strong>deinceps</strong></span> <span class='ocrx_word' id='word_1_236' title='bbox 2716 1000 3016 1069; x_wconf 78' lang='lat' dir='ltr'><strong>deciperet,</strong></span> <span class='ocrx_word' id='word_1_237' title='bbox 3054 1000 3253 1070; x_wconf 86' lang='lat' dir='ltr'><strong>reliqui</strong></span> <span class='ocrx_word' id='word_1_238' title='bbox 3286 1011 3489 1064; x_wconf 87' lang='lat' dir='ltr'><strong>essent,</strong></span> 
     </span>
    </p>
   </div>
   <div class='ocr_carea' id='block_1_37' title="bbox 1930 1091 3492 1162">
    <p class='ocr_par' dir='ltr' id='par_1_37' title="bbox 1930 1091 3492 1162">
     <span class='ocr_line' id='line_1_37' title="bbox 1930 1091 3492 1162; baseline 0.001 -19"><span class='ocrx_word' id='word_1_239' title='bbox 1930 1101 2213 1159; x_wconf 83' lang='lat' dir='ltr'><strong>postremo</strong></span> <span class='ocrx_word' id='word_1_240' title='bbox 2284 1091 2350 1145; x_wconf 92' lang='lat' dir='ltr'><strong>ad</strong></span> <span class='ocrx_word' id='word_1_241' title='bbox 2395 1091 2618 1147; x_wconf 88' lang='lat' dir='ltr'><strong>Paulum</strong></span> <span class='ocrx_word' id='word_1_242' title='bbox 2639 1092 2782 1146; x_wconf 87' lang='lat' dir='ltr'><strong>hunc</strong></span> <span class='ocrx_word' id='word_1_243' title='bbox 2817 1091 3240 1146; x_wconf 79' lang='lat' dir='ltr'><strong>Novatianorum</strong></span> <span class='ocrx_word' id='word_1_244' title='bbox 3277 1093 3492 1162; x_wconf 83' lang='lat' dir='ltr'><strong>episco-</strong></span> 
     </span>
    </p>
   </div>
   <div class='ocr_carea' id='block_1_38' title="bbox 1933 1184 3492 1254">
    <p class='ocr_par' dir='ltr' id='par_1_38' title="bbox 1933 1184 3492 1254">
     <span class='ocr_line' id='line_1_38' title="bbox 1933 1184 3492 1254; baseline 0.001 -18"><span class='ocrx_word' id='word_1_245' title='bbox 1933 1199 2062 1253; x_wconf 89' lang='lat' dir='ltr'><strong>pum</strong></span> <span class='ocrx_word' id='word_1_246' title='bbox 2086 1185 2261 1238; x_wconf 85' lang='lat' dir='ltr'><strong>venit.</strong></span> <span class='ocrx_word' id='word_1_247' title='bbox 2300 1184 2365 1238; x_wconf 87' lang='lat' dir='ltr'><strong>Et</strong></span> <span class='ocrx_word' id='word_1_248' title='bbox 2391 1194 2678 1254; x_wconf 73' lang='lat' dir='ltr'><strong>postquam</strong></span> <span class='ocrx_word' id='word_1_249' title='bbox 2717 1185 2966 1241; x_wconf 86' lang='lat' dir='ltr'><strong>confictis</strong></span> <span class='ocrx_word' id='word_1_250' title='bbox 2985 1185 3164 1241; x_wconf 80' lang='lat' dir='ltr'><strong>verbis</strong></span> <span class='ocrx_word' id='word_1_251' title='bbox 3184 1199 3387 1253; x_wconf 89' lang='lat' dir='ltr'><strong>cupere</strong></span> <span class='ocrx_word' id='word_1_252' title='bbox 3413 1200 3492 1247; x_wconf 89' lang='lat' dir='ltr'><strong>se,</strong></span> 
     </span>
    </p>
   </div>
   <div class='ocr_carea' id='block_1_39' title="bbox 1934 1274 3498 1345">
    <p class='ocr_par' dir='ltr' id='par_1_39' title="bbox 1934 1274 3498 1345">
     <span class='ocr_line' id='line_1_39' title="bbox 1934 1274 3498 1345; baseline 0 -18"><span class='ocrx_word' id='word_1_253' title='bbox 1934 1284 1995 1327; x_wconf 88' lang='lat' dir='ltr'><strong>ut</strong></span> <span class='ocrx_word' id='word_1_254' title='bbox 2031 1275 2282 1330; x_wconf 85' lang='lat' dir='ltr'><strong>manibus</strong></span> <span class='ocrx_word' id='word_1_255' title='bbox 2308 1276 2456 1331; x_wconf 71' lang='lat' dir='ltr'><strong>iliius</strong></span> <span class='ocrx_word' id='word_1_256' title='bbox 2488 1275 2882 1345; x_wconf 84' lang='lat' dir='ltr'><strong>baptizaretur,</strong></span> <span class='ocrx_word' id='word_1_257' title='bbox 2936 1275 3094 1339; x_wconf 82' lang='lat' dir='ltr'><strong>dixit,</strong></span> <span class='ocrx_word' id='word_1_258' title='bbox 3125 1284 3185 1328; x_wconf 93' lang='lat' dir='ltr'><strong>ut</strong></span> <span class='ocrx_word' id='word_1_259' title='bbox 3223 1274 3498 1339; x_wconf 87' lang='lat' dir='ltr'><strong>desiderio</strong></span> 
     </span>
    </p>
   </div>
   <div class='ocr_carea' id='block_1_40' title="bbox 1932 1365 3499 1439">
    <p class='ocr_par' dir='ltr' id='par_1_40' title="bbox 1932 1365 3499 1439">
     <span class='ocr_line' id='line_1_40' title="bbox 1932 1365 3499 1439; baseline -0.003 -17"><span class='ocrx_word' id='word_1_260' title='bbox 1932 1383 2033 1422; x_wconf 90' lang='lat' dir='ltr'><strong>suo</strong></span> <span class='ocrx_word' id='word_1_261' title='bbox 2065 1367 2199 1423; x_wconf 85' lang='lat' dir='ltr'><strong>satis</strong></span> <span class='ocrx_word' id='word_1_262' title='bbox 2225 1368 2381 1424; x_wconf 88' lang='lat' dir='ltr'><strong>fieret</strong></span> <span class='ocrx_word' id='word_1_263' title='bbox 2413 1369 2641 1439; x_wconf 82' lang='lat' dir='ltr'><strong>rogavit.</strong></span> <span class='ocrx_word' id='word_1_264' title='bbox 2672 1370 2844 1424; x_wconf 87' lang='lat' dir='ltr'><strong>Porro</strong></span> <span class='ocrx_word' id='word_1_265' title='bbox 2860 1369 2949 1424; x_wconf 93' lang='lat' dir='ltr'><strong>ille</strong></span> <span class='ocrx_word' id='word_1_266' title='bbox 2974 1368 3227 1422; x_wconf 88' lang='lat' dir='ltr'><strong>ardorem</strong></span> <span class='ocrx_word' id='word_1_267' title='bbox 3261 1365 3499 1420; x_wconf 81' lang='lat' dir='ltr'><strong>hominis</strong></span> 
     </span>
    </p>
   </div>
   <div class='ocr_carea' id='block_1_41' title="bbox 1933 1457 3498 1531">
    <p class='ocr_par' dir='ltr' id='par_1_41' title="bbox 1933 1457 3498 1531">
     <span class='ocr_line' id='line_1_41' title="bbox 1933 1457 3498 1531; baseline -0.006 -17"><span class='ocrx_word' id='word_1_268' title='bbox 1933 1460 2273 1529; x_wconf 81' lang='lat' dir='ltr'><strong>complexus,</strong></span> <span class='ocrx_word' id='word_1_269' title='bbox 2305 1475 2413 1515; x_wconf 86' lang='lat' dir='ltr'><strong>non</strong></span> <span class='ocrx_word' id='word_1_270' title='bbox 2437 1461 2590 1530; x_wconf 90' lang='lat' dir='ltr'><strong>prius</strong></span> <span class='ocrx_word' id='word_1_271' title='bbox 2627 1460 2694 1515; x_wconf 88' lang='lat' dir='ltr'><strong>ad</strong></span> <span class='ocrx_word' id='word_1_272' title='bbox 2734 1461 3063 1531; x_wconf 86' lang='lat' dir='ltr'><strong>baptismum</strong></span> <span class='ocrx_word' id='word_1_273' title='bbox 3091 1475 3218 1514; x_wconf 89' lang='lat' dir='ltr'><strong>cum</strong></span> <span class='ocrx_word' id='word_1_274' title='bbox 3258 1457 3498 1519; x_wconf 87' lang='lat' dir='ltr'><strong>admisit,</strong></span> 
     </span>
    </p>
   </div>
   <div class='ocr_carea' id='block_1_42' title="bbox 1933 1553 3501 1625">
    <p class='ocr_par' dir='ltr' id='par_1_42' title="bbox 1933 1553 3501 1625">
     <span class='ocr_line' id='line_1_42' title="bbox 1933 1553 3501 1625; baseline -0.003 -17"><span class='ocrx_word' id='word_1_275' title='bbox 1933 1569 2098 1623; x_wconf 88' lang='lat' dir='ltr'><strong>quam</strong></span> <span class='ocrx_word' id='word_1_276' title='bbox 2132 1568 2284 1609; x_wconf 90' lang='lat' dir='ltr'><strong>more</strong></span> <span class='ocrx_word' id='word_1_277' title='bbox 2319 1564 2538 1625; x_wconf 88' lang='lat' dir='ltr'><strong>recepto</strong></span> <span class='ocrx_word' id='word_1_278' title='bbox 2572 1554 2626 1609; x_wconf 92' lang='lat' dir='ltr'><strong>in</strong></span> <span class='ocrx_word' id='word_1_279' title='bbox 2659 1555 2828 1610; x_wconf 82' lang='lat' dir='ltr'><strong>verbo</strong></span> <span class='ocrx_word' id='word_1_280' title='bbox 2864 1553 2987 1609; x_wconf 89' lang='lat' dir='ltr'><strong>fidei</strong></span> <span class='ocrx_word' id='word_1_281' title='bbox 3023 1553 3305 1607; x_wconf 89' lang='lat' dir='ltr'><strong>institutus</strong></span> <span class='ocrx_word' id='word_1_282' title='bbox 3333 1561 3501 1613; x_wconf 89' lang='lat' dir='ltr'><strong>esset,</strong></span> 
     </span>
    </p>
   </div>
   <div class='ocr_carea' id='block_1_43' title="bbox 1939 1643 3501 1718">
    <p class='ocr_par' dir='ltr' id='par_1_43' title="bbox 1939 1643 3501 1718">
     <span class='ocr_line' id='line_1_43' title="bbox 1939 1643 3501 1718; baseline -0.003 -19"><span class='ocrx_word' id='word_1_283' title='bbox 1939 1646 2272 1714; x_wconf 86' lang='lat' dir='ltr'><strong>solitumque</strong></span> <span class='ocrx_word' id='word_1_284' title='bbox 2330 1647 2492 1701; x_wconf 83' lang='lat' dir='ltr'><strong>etiam</strong></span> <span class='ocrx_word' id='word_1_285' title='bbox 2529 1647 2794 1718; x_wconf 80' lang='lat' dir='ltr'><strong>jejunium</strong></span> <span class='ocrx_word' id='word_1_286' title='bbox 2839 1643 3355 1716; x_wconf 71' lang='lat' dir='ltr'><strong>complevissetJlle</strong></span> <span class='ocrx_word' id='word_1_287' title='bbox 3377 1659 3501 1696; x_wconf 91' lang='lat' dir='ltr'><strong>cum</strong></span> 
     </span>
    </p>
   </div>
   <div class='ocr_carea' id='block_1_44' title="bbox 1933 1735 3506 1807">
    <p class='ocr_par' dir='ltr' id='par_1_44' title="bbox 1933 1735 3506 1807">
     <span class='ocr_line' id='line_1_44' title="bbox 1933 1735 3506 1807; baseline -0.004 -16"><span class='ocrx_word' id='word_1_288' title='bbox 1933 1735 2146 1807; x_wconf 82' lang='lat' dir='ltr'><strong>jejunio</strong></span> <span class='ocrx_word' id='word_1_289' title='bbox 2171 1752 2239 1793; x_wconf 89' lang='lat' dir='ltr'><strong>eo</strong></span> <span class='ocrx_word' id='word_1_290' title='bbox 2284 1738 2428 1806; x_wconf 90' lang='lat' dir='ltr'><strong>quod</strong></span> <span class='ocrx_word' id='word_1_291' title='bbox 2464 1748 2662 1807; x_wconf 66' lang='lat' dir='ltr'><strong>praeter</strong></span> <span class='ocrx_word' id='word_1_292' title='bbox 2688 1738 3003 1806; x_wconf 81' lang='lat' dir='ltr'><strong>Opinionem</strong></span> <span class='ocrx_word' id='word_1_293' title='bbox 3064 1752 3218 1791; x_wconf 90' lang='lat' dir='ltr'><strong>suam</strong></span> <span class='ocrx_word' id='word_1_294' title='bbox 3237 1736 3288 1789; x_wconf 91' lang='lat' dir='ltr'><strong>ei</strong></span> <span class='ocrx_word' id='word_1_295' title='bbox 3329 1735 3506 1803; x_wconf 86' lang='lat' dir='ltr'><strong>impo-</strong></span> 
     </span>
    </p>
   </div>
   <div class='ocr_carea' id='block_1_45' title="bbox 1934 1827 3507 1898">
    <p class='ocr_par' dir='ltr' id='par_1_45' title="bbox 1934 1827 3507 1898">
     <span class='ocr_line' id='line_1_45' title="bbox 1934 1827 3507 1898; baseline -0.004 -16"><span class='ocrx_word' id='word_1_296' title='bbox 1934 1828 2099 1882; x_wconf 85' lang='lat' dir='ltr'><strong>situm</strong></span> <span class='ocrx_word' id='word_1_297' title='bbox 2128 1838 2267 1891; x_wconf 85' lang='lat' dir='ltr'><strong>erat,</strong></span> <span class='ocrx_word' id='word_1_298' title='bbox 2306 1839 2670 1898; x_wconf 76' lang='lat' dir='ltr'><strong>premeretur,</strong></span> <span class='ocrx_word' id='word_1_299' title='bbox 2717 1827 3063 1896; x_wconf 83' lang='lat' dir='ltr'><strong>frequentius</strong></span> <span class='ocrx_word' id='word_1_300' title='bbox 3102 1835 3161 1880; x_wconf 88' lang='lat' dir='ltr'><strong>ut</strong></span> <span class='ocrx_word' id='word_1_301' title='bbox 3214 1836 3345 1880; x_wconf 83' lang='lat' dir='ltr'><strong>voto</strong></span> <span class='ocrx_word' id='word_1_302' title='bbox 3406 1841 3507 1879; x_wconf 87' lang='lat' dir='ltr'><strong>suo</strong></span> 
     </span>
    </p>
   </div>
   <div class='ocr_carea' id='block_1_46' title="bbox 1934 1916 3505 1992">
    <p class='ocr_par' dir='ltr' id='par_1_46' title="bbox 1934 1916 3505 1992">
     <span class='ocr_line' id='line_1_46' title="bbox 1934 1916 3505 1992; baseline -0.005 -16"><span class='ocrx_word' id='word_1_303' title='bbox 1934 1920 2212 1992; x_wconf 84' lang='lat' dir='ltr'><strong>pOtiretur</strong></span> <span class='ocrx_word' id='word_1_304' title='bbox 2264 1920 2484 1975; x_wconf 87' lang='lat' dir='ltr'><strong>institit.</strong></span> <span class='ocrx_word' id='word_1_305' title='bbox 2533 1920 2733 1975; x_wconf 83' lang='lat' dir='ltr'><strong>Paulus</strong></span> <span class='ocrx_word' id='word_1_306' title='bbox 2783 1919 3039 1973; x_wconf 88' lang='lat' dir='ltr'><strong>ardorem</strong></span> <span class='ocrx_word' id='word_1_307' title='bbox 3108 1919 3228 1987; x_wconf 83' lang='lat' dir='ltr'><strong>ejus</strong></span> <span class='ocrx_word' id='word_1_308' title='bbox 3290 1916 3505 1975; x_wconf 81' lang='lat' dir='ltr'><strong>videns,</strong></span> 
     </span>
    </p>
   </div>
   <div class='ocr_carea' id='block_1_47' title="bbox 1934 2007 3507 2082">
    <p class='ocr_par' dir='ltr' id='par_1_47' title="bbox 1934 2007 3507 2082">
     <span class='ocr_line' id='line_1_47' title="bbox 1934 2007 3507 2082; baseline -0.006 -16"><span class='ocrx_word' id='word_1_309' title='bbox 1934 2022 2086 2066; x_wconf 76' lang='lat' dir='ltr'><strong>mera</strong></span> <span class='ocrx_word' id='word_1_310' title='bbox 2116 2012 2358 2082; x_wconf 80' lang='lat' dir='ltr'><strong>longiore</strong></span> <span class='ocrx_word' id='word_1_311' title='bbox 2389 2012 2711 2081; x_wconf 87' lang='lat' dir='ltr'><strong>perturbare</strong></span> <span class='ocrx_word' id='word_1_312' title='bbox 2731 2011 2879 2065; x_wconf 87' lang='lat' dir='ltr'><strong>illum</strong></span> <span class='ocrx_word' id='word_1_313' title='bbox 2902 2008 3097 2071; x_wconf 88' lang='lat' dir='ltr'><strong>noluit,</strong></span> <span class='ocrx_word' id='word_1_314' title='bbox 3123 2017 3176 2063; x_wconf 85' lang='lat' dir='ltr'><strong>et</strong></span> <span class='ocrx_word' id='word_1_315' title='bbox 3204 2021 3266 2061; x_wconf 90' lang='lat' dir='ltr'><strong>ea</strong></span> <span class='ocrx_word' id='word_1_316' title='bbox 3301 2014 3420 2073; x_wconf 78' lang='lat' dir='ltr'><strong>quae</strong></span> <span class='ocrx_word' id='word_1_317' title='bbox 3446 2007 3507 2057; x_wconf 85' lang='lat' dir='ltr'><strong>a.l</strong></span> 
     </span>
    </p>
   </div>
   <div class='ocr_carea' id='block_1_48' title="bbox 1935 2098 3513 2174">
    <p class='ocr_par' dir='ltr' id='par_1_48' title="bbox 1935 2098 3513 2174">
     <span class='ocr_line' id='line_1_48' title="bbox 1935 2098 3513 2174; baseline -0.006 -16"><span class='ocrx_word' id='word_1_318' title='bbox 1935 2103 2269 2174; x_wconf 86' lang='lat' dir='ltr'><strong>baptismum</strong></span> <span class='ocrx_word' id='word_1_319' title='bbox 2290 2103 2589 2173; x_wconf 86' lang='lat' dir='ltr'><strong>pertinent,</strong></span> <span class='ocrx_word' id='word_1_320' title='bbox 2622 2103 2723 2157; x_wconf 89' lang='lat' dir='ltr'><strong>rite</strong></span> <span class='ocrx_word' id='word_1_321' title='bbox 2759 2101 2991 2172; x_wconf 87' lang='lat' dir='ltr'><strong>paravit.</strong></span> <span class='ocrx_word' id='word_1_322' title='bbox 3056 2098 3216 2153; x_wconf 84' lang='lat' dir='ltr'><strong>Veste</strong></span> <span class='ocrx_word' id='word_1_323' title='bbox 3279 2111 3513 2164; x_wconf 86' lang='lat' dir='ltr'><strong>namque</strong></span> 
     </span>
    </p>
   </div>
   <div class='ocr_carea' id='block_1_49' title="bbox 1937 2190 3514 2268">
    <p class='ocr_par' dir='ltr' id='par_1_49' title="bbox 1937 2190 3514 2268">
     <span class='ocr_line' id='line_1_49' title="bbox 1937 2190 3514 2268; baseline -0.008 -16"><span class='ocrx_word' id='word_1_324' title='bbox 1937 2196 2137 2268; x_wconf 83' lang='lat' dir='ltr'><strong>insigni</strong></span> <span class='ocrx_word' id='word_1_325' title='bbox 2165 2197 2483 2258; x_wconf 86' lang='lat' dir='ltr'><strong>subornata,</strong></span> <span class='ocrx_word' id='word_1_326' title='bbox 2510 2205 2566 2251; x_wconf 90' lang='lat' dir='ltr'><strong>et</strong></span> <span class='ocrx_word' id='word_1_327' title='bbox 2621 2195 2942 2265; x_wconf 76' lang='lat' dir='ltr'><strong>baptisterio</strong></span> <span class='ocrx_word' id='word_1_328' title='bbox 2997 2208 3158 2261; x_wconf 71' lang='lat' dir='ltr'><strong>aqua,</strong></span> <span class='ocrx_word' id='word_1_329' title='bbox 3191 2190 3354 2245; x_wconf 79' lang='lat' dir='ltr'><strong>sicuti</strong></span> <span class='ocrx_word' id='word_1_330' title='bbox 3396 2206 3514 2242; x_wconf 73' lang='lat' dir='ltr'><strong>mos</strong></span> 
     </span>
    </p>
   </div>
   <div class='ocr_carea' id='block_1_50' title="bbox 1937 2280 3513 2358">
    <p class='ocr_par' dir='ltr' id='par_1_50' title="bbox 1937 2280 3513 2358">
     <span class='ocr_line' id='line_1_50' title="bbox 1937 2280 3513 2358; baseline -0.008 -15"><span class='ocrx_word' id='word_1_331' title='bbox 1937 2298 2079 2353; x_wconf 90' lang='lat' dir='ltr'><strong>erat,</strong></span> <span class='ocrx_word' id='word_1_332' title='bbox 2113 2290 2343 2358; x_wconf 88' lang='lat' dir='ltr'><strong>repleto.</strong></span> <span class='ocrx_word' id='word_1_333' title='bbox 2376 2288 2627 2344; x_wconf 64' lang='lat' dir='ltr'><strong>Judaeum</strong></span> <span class='ocrx_word' id='word_1_334' title='bbox 2670 2286 2882 2340; x_wconf 91' lang='lat' dir='ltr'><strong>nudum</strong></span> <span class='ocrx_word' id='word_1_335' title='bbox 2906 2284 3285 2352; x_wconf 85' lang='lat' dir='ltr'><strong>baptizaturus</strong></span> <span class='ocrx_word' id='word_1_336' title='bbox 3349 2280 3417 2333; x_wconf 90' lang='lat' dir='ltr'><strong>ad</strong></span> <span class='ocrx_word' id='word_1_337' title='bbox 3462 2281 3513 2332; x_wconf 91' lang='lat' dir='ltr'><strong>id</strong></span> 
     </span>
    </p>
   </div>
   <div class='ocr_carea' id='block_1_51' title="bbox 1938 2369 3513 2450">
    <p class='ocr_par' dir='ltr' id='par_1_51' title="bbox 1938 2369 3513 2450">
     <span class='ocr_line' id='line_1_51' title="bbox 1938 2369 3513 2450; baseline -0.01 -16"><span class='ocrx_word' id='word_1_338' title='bbox 1938 2378 2186 2435; x_wconf 85' lang='lat' dir='ltr'><strong>adduxit.</strong></span> <span class='ocrx_word' id='word_1_339' title='bbox 2218 2378 2381 2450; x_wconf 65' lang='grc'><strong>472</strong></span> <span class='ocrx_word' id='word_1_340' title='bbox 2410 2378 2550 2432; x_wconf 89' lang='lat' dir='ltr'><strong>Ecce</strong></span> <span class='ocrx_word' id='word_1_341' title='bbox 2583 2386 2767 2431; x_wconf 89' lang='lat' dir='ltr'><strong>autem</strong></span> <span class='ocrx_word' id='word_1_342' title='bbox 2792 2373 3056 2430; x_wconf 68' lang='lat' dir='ltr'><strong>ineffabili</strong></span> <span class='ocrx_word' id='word_1_343' title='bbox 3099 2371 3337 2441; x_wconf 88' lang='lat' dir='ltr'><strong>quadam</strong></span> <span class='ocrx_word' id='word_1_344' title='bbox 3370 2369 3513 2422; x_wconf 89' lang='lat' dir='ltr'><strong>divi-</strong></span> 
     </span>
    </p>
   </div>
   <div class='ocr_carea' id='block_1_52' title="bbox 1939 2458 3513 2533">
    <p class='ocr_par' dir='ltr' id='par_1_52' title="bbox 1939 2458 3513 2533">
     <span class='ocr_line' id='line_1_52' title="bbox 1939 2458 3513 2533; baseline -0.01 -9"><span class='ocrx_word' id='word_1_345' title='bbox 1939 2485 2025 2525; x_wconf 67' lang='lat' dir='ltr'><strong>na:</strong></span> <span class='ocrx_word' id='word_1_346' title='bbox 2083 2469 2447 2524; x_wconf 73' lang='lat' dir='ltr'><strong>Providentia:</strong></span> <span class='ocrx_word' id='word_1_347' title='bbox 2509 2465 2583 2532; x_wconf 84' lang='lat' dir='ltr'><strong>vi,</strong></span> <span class='ocrx_word' id='word_1_348' title='bbox 2621 2466 2763 2521; x_wconf 91' lang='lat' dir='ltr'><strong>unda</strong></span> <span class='ocrx_word' id='word_1_349' title='bbox 2801 2466 3100 2533; x_wconf 86' lang='lat' dir='ltr'><strong>derepente</strong></span> <span class='ocrx_word' id='word_1_350' title='bbox 3128 2461 3374 2515; x_wconf 85' lang='lat' dir='ltr'><strong>evanuit.</strong></span> <span class='ocrx_word' id='word_1_351' title='bbox 3412 2458 3513 2513; x_wconf 83' lang='lat' dir='ltr'><strong>Ubi</strong></span> 
     </span>
    </p>
   </div>
   <div class='ocr_carea' id='block_1_53' title="bbox 1940 2550 3520 2632">
    <p class='ocr_par' dir='ltr' id='par_1_53' title="bbox 1940 2550 3520 2632">
     <span class='ocr_line' id='line_1_53' title="bbox 1940 2550 3520 2632; baseline -0.013 -13"><span class='ocrx_word' id='word_1_352' title='bbox 1940 2578 2072 2619; x_wconf 88' lang='lat' dir='ltr'><strong>vero</strong></span> <span class='ocrx_word' id='word_1_353' title='bbox 2108 2578 2246 2632; x_wconf 86' lang='lat' dir='ltr'><strong>aqua</strong></span> <span class='ocrx_word' id='word_1_354' title='bbox 2279 2561 2384 2615; x_wconf 86' lang='lat' dir='ltr'><strong>alia</strong></span> <span class='ocrx_word' id='word_1_355' title='bbox 2413 2559 2693 2631; x_wconf 82' lang='lat' dir='ltr'><strong>(episcOpo</strong></span> <span class='ocrx_word' id='word_1_356' title='bbox 2741 2557 2859 2626; x_wconf 86' lang='lat' dir='ltr'><strong>ipso</strong></span> <span class='ocrx_word' id='word_1_357' title='bbox 2911 2563 2968 2610; x_wconf 87' lang='lat' dir='ltr'><strong>et</strong></span> <span class='ocrx_word' id='word_1_358' title='bbox 3020 2554 3102 2607; x_wconf 90' lang='lat' dir='ltr'><strong>eis</strong></span> <span class='ocrx_word' id='word_1_359' title='bbox 3140 2552 3234 2622; x_wconf 88' lang='lat' dir='ltr'><strong>qui</strong></span> <span class='ocrx_word' id='word_1_360' title='bbox 3272 2550 3344 2602; x_wconf 81' lang='lat' dir='ltr'><strong>ibi</strong></span> <span class='ocrx_word' id='word_1_361' title='bbox 3375 2559 3520 2602; x_wconf 64' lang='lat' dir='ltr'><strong>ast-i-</strong></span> 
     </span>
    </p>
   </div>
   <div class='ocr_carea' id='block_1_54' title="bbox 1942 2642 3514 2719">
    <p class='ocr_par' dir='ltr' id='par_1_54' title="bbox 1942 2642 3514 2719">
     <span class='ocr_line' id='line_1_54' title="bbox 1942 2642 3514 2719; baseline -0.011 -8"><span class='ocrx_word' id='word_1_362' title='bbox 1942 2656 2095 2719; x_wconf 87' lang='lat' dir='ltr'><strong>bant,</strong></span> <span class='ocrx_word' id='word_1_363' title='bbox 2130 2670 2240 2710; x_wconf 90' lang='lat' dir='ltr'><strong>rem</strong></span> <span class='ocrx_word' id='word_1_364' title='bbox 2268 2669 2386 2708; x_wconf 90' lang='lat' dir='ltr'><strong>eam</strong></span> <span class='ocrx_word' id='word_1_365' title='bbox 2418 2652 2815 2714; x_wconf 85' lang='lat' dir='ltr'><strong>nescientibus,</strong></span> <span class='ocrx_word' id='word_1_366' title='bbox 2844 2648 2937 2704; x_wconf 88' lang='lat' dir='ltr'><strong>sed</strong></span> <span class='ocrx_word' id='word_1_367' title='bbox 2970 2662 3167 2716; x_wconf 86' lang='lat' dir='ltr'><strong>aquam</strong></span> <span class='ocrx_word' id='word_1_368' title='bbox 3232 2659 3328 2713; x_wconf 88' lang='lat' dir='ltr'><strong>per</strong></span> <span class='ocrx_word' id='word_1_369' title='bbox 3380 2642 3514 2696; x_wconf 80' lang='lat' dir='ltr'><strong>sub-</strong></span> 
     </span>
    </p>
   </div>
   <div class='ocr_carea' id='block_1_55' title="bbox 252 2732 1851 2820">
    <p class='ocr_par' dir='ltr' id='par_1_55' title="bbox 252 2732 1840 2810">
     <span class='ocr_line' id='line_1_55' title="bbox 252 2732 1840 2810; baseline 0.001 -21"><span class='ocrx_word' id='word_1_370' title='bbox 252 2732 425 2800; x_wconf 77' lang='grc' dir='ltr'>αὖθις</span> <span class='ocrx_word' id='word_1_371' title='bbox 456 2737 484 2789; x_wconf 85' lang='grc' dir='ltr'>ὁ</span> <span class='ocrx_word' id='word_1_372' title='bbox 550 2737 797 2809; x_wconf 75' lang='grc' dir='ltr'>Ἐϐραῖος</span> <span class='ocrx_word' id='word_1_373' title='bbox 831 2739 1167 2810; x_wconf 77' lang='grc' dir='ltr'>προσήγετο,</span> <span class='ocrx_word' id='word_1_374' title='bbox 1204 2740 1368 2794; x_wconf 85' lang='grc' dir='ltr'>πάλιν</span> <span class='ocrx_word' id='word_1_375' title='bbox 1403 2739 1600 2810; x_wconf 71' lang='grc' dir='ltr'>ἐπίσης</span> <span class='ocrx_word' id='word_1_376' title='bbox 1632 2739 1840 2807; x_wconf 83' lang='grc' dir='ltr'>ἀφανὲς</span> 
     </span>
    </p>
   </div>
   <div class='ocr_carea' id='block_1_56' title="bbox 1961 2732 3519 2820">
    <p class='ocr_par' dir='ltr' id='par_1_56' title="bbox 1964 2738 3519 2816">
     <span class='ocr_line' id='line_1_56' title="bbox 1964 2738 3519 2816; baseline -0.011 -14"><span class='ocrx_word' id='word_1_377' title='bbox 1964 2756 2144 2803; x_wconf 79' lang='lat' dir='ltr'><strong>ectum</strong></span> <span class='ocrx_word' id='word_1_378' title='bbox 2181 2756 2418 2801; x_wconf 89' lang='lat' dir='ltr'><strong>meatum</strong></span> <span class='ocrx_word' id='word_1_379' title='bbox 2448 2761 2557 2816; x_wconf 91' lang='lat' dir='ltr'><strong>quo</strong></span> <span class='ocrx_word' id='word_1_380' title='bbox 2599 2745 2776 2800; x_wconf 88' lang='lat' dir='ltr'><strong>emitti</strong></span> <span class='ocrx_word' id='word_1_381' title='bbox 2833 2742 2924 2798; x_wconf 88' lang='lat' dir='ltr'><strong>illa</strong></span> <span class='ocrx_word' id='word_1_382' title='bbox 2980 2747 3103 2811; x_wconf 91' lang='lat' dir='ltr'><strong>post</strong></span> <span class='ocrx_word' id='word_1_383' title='bbox 3156 2738 3519 2793; x_wconf 81' lang='lat' dir='ltr'><strong>iuitiationem</strong></span> 
     </span>
    </p>
   </div>
   <div class='ocr_carea' id='block_1_57' title="bbox 253 2824 1842 2903">
    <p class='ocr_par' dir='ltr' id='par_1_57' title="bbox 253 2824 1842 2903">
     <span class='ocr_line' id='line_1_57' title="bbox 253 2824 1842 2903; baseline 0.003 -22"><span class='ocrx_word' id='word_1_384' title='bbox 253 2833 326 2882; x_wconf 77' lang='grc' dir='ltr'><strong>τὸ</strong></span> <span class='ocrx_word' id='word_1_385' title='bbox 361 2828 508 2899; x_wconf 72' lang='grc' dir='ltr'>ὕδωρ</span> <span class='ocrx_word' id='word_1_386' title='bbox 539 2824 626 2900; x_wconf 81' lang='grc' dir='ltr'>ἦν.</span> <span class='ocrx_word' id='word_1_387' title='bbox 663 2832 853 2895; x_wconf 56' lang='grc' dir='ltr'>Συνεῖς</span> <span class='ocrx_word' id='word_1_388' title='bbox 884 2831 928 2884; x_wconf 82' lang='grc' dir='ltr'>δ’</span> <span class='ocrx_word' id='word_1_389' title='bbox 965 2836 992 2886; x_wconf 82' lang='grc' dir='ltr'>ὁ</span> <span class='ocrx_word' id='word_1_390' title='bbox 1032 2831 1267 2903; x_wconf 83' lang='grc' dir='ltr'>Παῦλος,</span> <span class='ocrx_word' id='word_1_391' title='bbox 1313 2851 1331 2884; x_wconf 78' lang='grc' dir='ltr'><strong>ι</strong></span> <span class='ocrx_word' id='word_1_392' title='bbox 1374 2833 1446 2887; x_wconf 83' lang='lat' dir='ltr'><strong>&quot;H</strong></span> <span class='ocrx_word' id='word_1_393' title='bbox 1487 2834 1842 2903; x_wconf 78' lang='grc' dir='ltr'>κακουργεῖς,</span> 
     </span>
    </p>
   </div>
   <div class='ocr_carea' id='block_1_58' title="bbox 256 2923 1844 2995">
    <p class='ocr_par' dir='ltr' id='par_1_58' title="bbox 256 2923 1844 2995">
     <span class='ocr_line' id='line_1_58' title="bbox 256 2923 1844 2995; baseline 0.001 -21"><span class='ocrx_word' id='word_1_394' title='bbox 256 2924 457 2991; x_wconf 74' lang='grc' dir='ltr'>φησιν,</span> <span class='ocrx_word' id='word_1_395' title='bbox 511 2924 859 2994; x_wconf 73' lang='grc' dir='ltr'>ά·ιθρωπε,ἢ</span> <span class='ocrx_word' id='word_1_396' title='bbox 917 2926 1152 2992; x_wconf 84' lang='grc' dir='ltr'>ἀγνοεῖς,</span> <span class='ocrx_word' id='word_1_397' title='bbox 1215 2926 1289 2987; x_wconf 84' lang='grc' dir='ltr'>ὠς</span> <span class='ocrx_word' id='word_1_398' title='bbox 1321 2924 1490 2991; x_wconf 72' lang='grc' dir='ltr'>ἔοικε,</span> <span class='ocrx_word' id='word_1_399' title='bbox 1523 2923 1703 2995; x_wconf 86' lang='grc' dir='ltr'>τυχὼν</span> <span class='ocrx_word' id='word_1_400' title='bbox 1749 2924 1844 2977; x_wconf 91' lang='grc' dir='ltr'><strong>τοῦ</strong></span> 
     </span>
    </p>
   </div>
   <div class='ocr_carea' id='block_1_59' title="bbox 260 3015 1842 3089">
    <p class='ocr_par' dir='ltr' id='par_1_59' title="bbox 260 3015 1842 3089">
     <span class='ocr_line' id='line_1_59' title="bbox 260 3015 1842 3089; baseline 0.002 -22"><span class='ocrx_word' id='word_1_401' title='bbox 260 3015 675 3086; x_wconf 78' lang='grc' dir='ltr'>βαπτίσματος.</span> <span class='ocrx_word' id='word_1_402' title='bbox 712 3036 728 3067; x_wconf 77' lang='grc' dir='ltr'><strong>ι</strong></span> <span class='ocrx_word' id='word_1_403' title='bbox 766 3017 986 3070; x_wconf 80' lang='grc' dir='ltr'>Πολλῶν</span> <span class='ocrx_word' id='word_1_404' title='bbox 1010 3016 1066 3071; x_wconf 84' lang='grc' dir='ltr'>δὲ</span> <span class='ocrx_word' id='word_1_405' title='bbox 1099 3017 1525 3087; x_wconf 83' lang='grc' dir='ltr'>συνδραμόντων</span> <span class='ocrx_word' id='word_1_406' title='bbox 1554 3020 1620 3087; x_wconf 81' lang='grc' dir='ltr'>τῇ</span> <span class='ocrx_word' id='word_1_407' title='bbox 1665 3019 1842 3089; x_wconf 79' lang='grc' dir='ltr'>φήμῃ,</span> 
     </span>
    </p>
   </div>
   <div class='ocr_carea' id='block_1_60' title="bbox 1946 2830 3520 2905">
    <p class='ocr_par' dir='ltr' id='par_1_60' title="bbox 1946 2830 3520 2905">
     <span class='ocr_line' id='line_1_60' title="bbox 1946 2830 3520 2905; baseline -0.008 -12"><span class='ocrx_word' id='word_1_408' title='bbox 1946 2838 2181 2905; x_wconf 87' lang='lat' dir='ltr'><strong>solebat,</strong></span> <span class='ocrx_word' id='word_1_409' title='bbox 2206 2836 2482 2891; x_wconf 70' lang='lat' dir='ltr'><strong>efﬂuxisse</strong></span> <span class='ocrx_word' id='word_1_410' title='bbox 2504 2834 2845 2905; x_wconf 89' lang='lat' dir='ltr'><strong>putantibus)</strong></span> <span class='ocrx_word' id='word_1_411' title='bbox 2875 2833 3053 2887; x_wconf 89' lang='lat' dir='ltr'><strong>infusa</strong></span> <span class='ocrx_word' id='word_1_412' title='bbox 3079 2848 3093 2883; x_wconf 85' lang='lat'><strong>:</strong></span> <span class='ocrx_word' id='word_1_413' title='bbox 3116 2830 3520 2899; x_wconf 84' lang='lat' dir='ltr'><strong>diiigenterqne</strong></span> 
     </span>
    </p>
   </div>
   <div class='ocr_carea' id='block_1_61' title="bbox 1947 2922 3525 2997">
    <p class='ocr_par' dir='ltr' id='par_1_61' title="bbox 1947 2922 3525 2997">
     <span class='ocr_line' id='line_1_61' title="bbox 1947 2922 3525 2997; baseline -0.011 -10"><span class='ocrx_word' id='word_1_414' title='bbox 1947 2945 2016 2987; x_wconf 90' lang='lat' dir='ltr'><strong>ne</strong></span> <span class='ocrx_word' id='word_1_415' title='bbox 2043 2946 2108 2985; x_wconf 86' lang='lat' dir='ltr'><strong>ex</strong></span> <span class='ocrx_word' id='word_1_416' title='bbox 2144 2931 2361 2984; x_wconf 87' lang='lat' dir='ltr'><strong>lavacro</strong></span> <span class='ocrx_word' id='word_1_417' title='bbox 2396 2928 2484 2981; x_wconf 87' lang='lat' dir='ltr'><strong>illa</strong></span> <span class='ocrx_word' id='word_1_418' title='bbox 2535 2926 2833 2997; x_wconf 85' lang='lat' dir='ltr'><strong>proﬂueret</strong></span> <span class='ocrx_word' id='word_1_419' title='bbox 2863 2925 3164 2995; x_wconf 90' lang='lat' dir='ltr'><strong>provisum,</strong></span> <span class='ocrx_word' id='word_1_420' title='bbox 3199 2932 3255 2975; x_wconf 82' lang='lat' dir='ltr'><strong>et</strong></span> <span class='ocrx_word' id='word_1_421' title='bbox 3304 2922 3525 2973; x_wconf 64' lang='lat' dir='ltr'><strong>JlldthUS</strong></span> 
     </span>
    </p>
   </div>
   <div class='ocr_carea' id='block_1_62' title="bbox 1948 3012 3524 3086">
    <p class='ocr_par' dir='ltr' id='par_1_62' title="bbox 1948 3012 3524 3086">
     <span class='ocr_line' id='line_1_62' title="bbox 1948 3012 3524 3086; baseline -0.01 -8"><span class='ocrx_word' id='word_1_422' title='bbox 1948 3023 2129 3078; x_wconf 88' lang='lat' dir='ltr'><strong>denuo</strong></span> <span class='ocrx_word' id='word_1_423' title='bbox 2154 3019 2435 3075; x_wconf 87' lang='lat' dir='ltr'><strong>adhibitus</strong></span> <span class='ocrx_word' id='word_1_424' title='bbox 2457 3028 2560 3086; x_wconf 88' lang='lat' dir='ltr'><strong>est,</strong></span> <span class='ocrx_word' id='word_1_425' title='bbox 2590 3034 2808 3073; x_wconf 85' lang='lat' dir='ltr'><strong>rursum</strong></span> <span class='ocrx_word' id='word_1_426' title='bbox 2830 3016 3020 3083; x_wconf 78' lang='lat' dir='ltr'><strong>eodem</strong></span> <span class='ocrx_word' id='word_1_427' title='bbox 3050 3029 3160 3084; x_wconf 85' lang='lat' dir='ltr'><strong>quo</strong></span> <span class='ocrx_word' id='word_1_428' title='bbox 3186 3013 3336 3082; x_wconf 90' lang='lat' dir='ltr'><strong>prius</strong></span> <span class='ocrx_word' id='word_1_429' title='bbox 3361 3012 3524 3063; x_wconf 72' lang='lat' dir='ltr'><strong>molo</strong></span> 
     </span>
    </p>
   </div>
   <div class='ocr_carea' id='block_1_63' title="bbox 259 3103 1851 3182">
    <p class='ocr_par' dir='ltr' id='par_1_63' title="bbox 259 3103 1844 3181">
     <span class='ocr_line' id='line_1_63' title="bbox 259 3103 1844 3181; baseline 0 -20"><span class='ocrx_word' id='word_1_430' title='bbox 259 3103 351 3168; x_wconf 54' lang='lat' dir='ltr'><strong>ei,</strong></span> <span class='ocrx_word' id='word_1_431' title='bbox 398 3125 485 3171; x_wconf 87' lang='grc' dir='ltr'><strong>τις</strong></span> <span class='ocrx_word' id='word_1_432' title='bbox 537 3109 752 3177; x_wconf 77' lang='grc' dir='ltr'>ἐπέγνω</span> <span class='ocrx_word' id='word_1_433' title='bbox 797 3110 888 3162; x_wconf 63' lang='grc' dir='ltr'><strong>τον</strong></span> <span class='ocrx_word' id='word_1_434' title='bbox 939 3109 1220 3173; x_wconf 87' lang='grc' dir='ltr'>Ἰουδαῖον,</span> <span class='ocrx_word' id='word_1_435' title='bbox 1273 3110 1347 3172; x_wconf 80' lang='grc' dir='ltr'><strong>ὡς</strong></span> <span class='ocrx_word' id='word_1_436' title='bbox 1390 3110 1474 3179; x_wconf 77' lang='grc' dir='ltr'><strong>εἴη</strong></span> <span class='ocrx_word' id='word_1_437' title='bbox 1513 3110 1620 3180; x_wconf 76' lang='grc' dir='ltr'><strong>πρὸ</strong></span> <span class='ocrx_word' id='word_1_438' title='bbox 1653 3108 1844 3181; x_wconf 80' lang='grc' dir='ltr'>καιροῦ</span> 
     </span>
    </p>
   </div>
   <div class='ocr_carea' id='block_1_64' title="bbox 1961 3103 3525 3182">
    <p class='ocr_par' dir='ltr' id='par_1_64' title="bbox 1961 3104 3525 3182">
     <span class='ocr_line' id='line_1_64' title="bbox 1961 3104 3525 3182; baseline -0.008 -16"><span class='ocrx_word' id='word_1_439' title='bbox 1961 3127 2097 3182; x_wconf 85' lang='lat' dir='ltr'><strong>aqua</strong></span> <span class='ocrx_word' id='word_1_440' title='bbox 2124 3111 2413 3180; x_wconf 86' lang='lat' dir='ltr'><strong>disparuit.</strong></span> <span class='ocrx_word' id='word_1_441' title='bbox 2439 3110 2639 3165; x_wconf 81' lang='lat' dir='ltr'><strong>Paulus</strong></span> <span class='ocrx_word' id='word_1_442' title='bbox 2668 3124 2727 3164; x_wconf 85' lang='lat' dir='ltr'><strong>re</strong></span> <span class='ocrx_word' id='word_1_443' title='bbox 2758 3109 3014 3180; x_wconf 83' lang='lat' dir='ltr'><strong>cognita:</strong></span> <span class='ocrx_word' id='word_1_444' title='bbox 3055 3126 3072 3157; x_wconf 83' lang='grc' dir='ltr'><strong>ι</strong></span> <span class='ocrx_word' id='word_1_445' title='bbox 3099 3106 3207 3159; x_wconf 85' lang='lat' dir='ltr'><strong>Aut</strong></span> <span class='ocrx_word' id='word_1_446' title='bbox 3240 3105 3273 3157; x_wconf 77' lang='lat' dir='ltr'><strong>tl</strong></span> <span class='ocrx_word' id='word_1_447' title='bbox 3294 3104 3525 3171; x_wconf 63' lang='lat' dir='ltr'><strong>igitium,</strong></span> 
     </span>
    </p>
   </div>
   <div class='ocr_carea' id='block_1_65' title="bbox 262 3197 1846 3271">
    <p class='ocr_par' dir='ltr' id='par_1_65' title="bbox 262 3197 1846 3271">
     <span class='ocr_line' id='line_1_65' title="bbox 262 3197 1846 3271; baseline 0.001 -21"><span class='ocrx_word' id='word_1_448' title='bbox 262 3199 427 3268; x_wconf 75' lang='grc' dir='ltr'>παρὰ</span> <span class='ocrx_word' id='word_1_449' title='bbox 457 3197 549 3251; x_wconf 82' lang='grc' dir='ltr'><strong>τοῦ</strong></span> <span class='ocrx_word' id='word_1_450' title='bbox 577 3199 879 3252; x_wconf 75' lang='grc' dir='ltr'>ἐπισκόπου</span> <span class='ocrx_word' id='word_1_451' title='bbox 929 3199 1184 3254; x_wconf 77' lang='grc' dir='ltr'>’Λττικοῦ</span> <span class='ocrx_word' id='word_1_452' title='bbox 1211 3203 1270 3254; x_wconf 81' lang='grc' dir='ltr'>τὸ</span> <span class='ocrx_word' id='word_1_453' title='bbox 1294 3199 1582 3271; x_wconf 81' lang='grc' dir='ltr'>βάπτισμα</span> <span class='ocrx_word' id='word_1_454' title='bbox 1614 3200 1846 3268; x_wconf 78' lang='grc' dir='ltr'>δεξάμε-</span> 
     </span>
    </p>
   </div>
   <div class='ocr_carea' id='block_1_66' title="bbox 259 3290 1852 3364">
    <p class='ocr_par' dir='ltr' id='par_1_66' title="bbox 259 3290 1852 3364">
     <span class='ocr_line' id='line_1_66' title="bbox 259 3290 1852 3364; baseline 0.004 -23"><span class='ocrx_word' id='word_1_455' title='bbox 259 3308 382 3353; x_wconf 83' lang='grc' dir='ltr'>νος.</span> <span class='ocrx_word' id='word_1_456' title='bbox 407 3290 581 3342; x_wconf 80' lang='grc' dir='ltr'>Τοῦτο</span> <span class='ocrx_word' id='word_1_457' title='bbox 616 3291 671 3342; x_wconf 78' lang='grc' dir='ltr'>δὲ</span> <span class='ocrx_word' id='word_1_458' title='bbox 704 3291 761 3343; x_wconf 77' lang='grc' dir='ltr'><strong>οὐ</strong></span> <span class='ocrx_word' id='word_1_459' title='bbox 801 3292 1098 3362; x_wconf 83' lang='grc' dir='ltr'>παρέργως</span> <span class='ocrx_word' id='word_1_460' title='bbox 1136 3294 1423 3364; x_wconf 73' lang='grc' dir='ltr'>ἱστόρησα,</span> <span class='ocrx_word' id='word_1_461' title='bbox 1458 3293 1573 3347; x_wconf 75' lang='grc' dir='ltr'>ἀλλ’</span> <span class='ocrx_word' id='word_1_462' title='bbox 1611 3295 1695 3346; x_wconf 79' lang='grc' dir='ltr'>ἵνα</span> <span class='ocrx_word' id='word_1_463' title='bbox 1716 3294 1852 3348; x_wconf 78' lang='grc' dir='ltr'>εἰδέ-</span> 
     </span>
    </p>
   </div>
   <div class='ocr_carea' id='block_1_67' title="bbox 262 3378 1853 3455">
    <p class='ocr_par' dir='ltr' id='par_1_67' title="bbox 262 3378 1853 3455">
     <span class='ocr_line' id='line_1_67' title="bbox 262 3378 1853 3455; baseline 0.001 -21"><span class='ocrx_word' id='word_1_464' title='bbox 262 3400 361 3435; x_wconf 75' lang='grc' dir='ltr'><strong>ναι</strong></span> <span class='ocrx_word' id='word_1_465' title='bbox 418 3379 661 3451; x_wconf 56' lang='grc' dir='ltr'>ἔχοιμεν,</span> <span class='ocrx_word' id='word_1_466' title='bbox 708 3378 782 3443; x_wconf 82' lang='grc' dir='ltr'><strong>ὡς</strong></span> <span class='ocrx_word' id='word_1_467' title='bbox 837 3382 1101 3447; x_wconf 83' lang='grc' dir='ltr'>πολλάκις</span> <span class='ocrx_word' id='word_1_468' title='bbox 1161 3385 1390 3455; x_wconf 82' lang='grc' dir='ltr'>ὴχάρις</span> <span class='ocrx_word' id='word_1_469' title='bbox 1424 3385 1519 3436; x_wconf 72' lang='grc' dir='ltr'>καὶ</span> <span class='ocrx_word' id='word_1_470' title='bbox 1568 3384 1720 3453; x_wconf 84' lang='grc' dir='ltr'>παρὰ</span> <span class='ocrx_word' id='word_1_471' title='bbox 1746 3384 1853 3436; x_wconf 77' lang='grc' dir='ltr'><strong>τῶν</strong></span> 
     </span>
    </p>
   </div>
   <div class='ocr_carea' id='block_1_68' title="bbox 265 3473 1854 3547">
    <p class='ocr_par' dir='ltr' id='par_1_68' title="bbox 265 3473 1854 3547">
     <span class='ocr_line' id='line_1_68' title="bbox 265 3473 1854 3547; baseline -0.001 -19"><span class='ocrx_word' id='word_1_472' title='bbox 265 3477 305 3528; x_wconf 83' lang='grc' dir='ltr'>ἁ</span> <span class='ocrx_word' id='word_1_473' title='bbox 322 3474 514 3540; x_wconf 75' lang='grc' dir='ltr'>ιαξὶων</span> <span class='ocrx_word' id='word_1_474' title='bbox 534 3473 605 3527; x_wconf 84' lang='grc' dir='ltr'>τὰ</span> <span class='ocrx_word' id='word_1_475' title='bbox 625 3476 823 3545; x_wconf 77' lang='grc' dir='ltr'>ἑαυτῆς</span> <span class='ocrx_word' id='word_1_476' title='bbox 850 3475 1255 3539; x_wconf 80' lang='grc' dir='ltr'>ἐπιδείκνυται,</span> <span class='ocrx_word' id='word_1_477' title='bbox 1280 3476 1446 3547; x_wconf 76' lang='grc' dir='ltr'>μηδὲν</span> <span class='ocrx_word' id='word_1_478' title='bbox 1474 3475 1854 3545; x_wconf 74' lang='grc' dir='ltr'>λυμαινομένη</span> 
     </span>
    </p>
   </div>
   <div class='ocr_carea' id='block_1_69' title="bbox 269 3568 1857 3640">
    <p class='ocr_par' dir='ltr' id='par_1_69' title="bbox 269 3568 1857 3640">
     <span class='ocr_line' id='line_1_69' title="bbox 269 3568 1857 3640; baseline -0.001 -18"><span class='ocrx_word' id='word_1_479' title='bbox 269 3568 554 3622; x_wconf 74' lang='grc' dir='ltr'>ἐντεῦθεν.</span> <span class='ocrx_word' id='word_1_480' title='bbox 590 3568 836 3623; x_wconf 82' lang='grc' dir='ltr'>Μάλιστα</span> <span class='ocrx_word' id='word_1_481' title='bbox 892 3570 949 3623; x_wconf 79' lang='grc' dir='ltr'>δὲ</span> <span class='ocrx_word' id='word_1_482' title='bbox 1001 3570 1098 3624; x_wconf 73' lang='grc' dir='ltr'>καὶ</span> <span class='ocrx_word' id='word_1_483' title='bbox 1131 3570 1508 3640; x_wconf 76' lang='grc' dir='ltr'>θαυμάζεσθαι</span> <span class='ocrx_word' id='word_1_484' title='bbox 1559 3568 1857 3639; x_wconf 80' lang='grc' dir='ltr'>ἀξιόχρεως</span> 
     </span>
    </p>
   </div>
   <div class='ocr_carea' id='block_1_70' title="bbox 274 3661 1860 3733">
    <p class='ocr_par' dir='ltr' id='par_1_70' title="bbox 274 3661 1860 3733">
     <span class='ocr_line' id='line_1_70' title="bbox 274 3661 1860 3733; baseline 0 -18"><span class='ocrx_word' id='word_1_485' title='bbox 274 3661 549 3725; x_wconf 76' lang='grc' dir='ltr'>ποικίλως</span> <span class='ocrx_word' id='word_1_486' title='bbox 610 3663 723 3724; x_wconf 79' lang='grc' dir='ltr'>τοῖς</span> <span class='ocrx_word' id='word_1_487' title='bbox 768 3663 1108 3733; x_wconf 79' lang='grc' dir='ltr'>καινοτέροις</span> <span class='ocrx_word' id='word_1_488' title='bbox 1164 3661 1539 3716; x_wconf 77' lang='grc' dir='ltr'>ὲπιϐάλλουσα</span> <span class='ocrx_word' id='word_1_489' title='bbox 1569 3662 1860 3733; x_wconf 82' lang='grc' dir='ltr'>πράγμασι</span> 
     </span>
    </p>
   </div>
   <div class='ocr_carea' id='block_1_71' title="bbox 273 3752 1862 3821">
    <p class='ocr_par' dir='ltr' id='par_1_71' title="bbox 273 3752 1862 3821">
     <span class='ocr_line' id='line_1_71' title="bbox 273 3752 1862 3821; baseline -0.004 -11"><span class='ocrx_word' id='word_1_490' title='bbox 273 3756 381 3810; x_wconf 75' lang='grc' dir='ltr'><strong>καὶ</strong></span> <span class='ocrx_word' id='word_1_491' title='bbox 407 3756 497 3809; x_wconf 76' lang='grc' dir='ltr'>διὰ</span> <span class='ocrx_word' id='word_1_492' title='bbox 530 3755 639 3808; x_wconf 85' lang='grc' dir='ltr'><strong>τῶν</strong></span> <span class='ocrx_word' id='word_1_493' title='bbox 664 3756 855 3821; x_wconf 74' lang='grc' dir='ltr'>ἀξίων,</span> <span class='ocrx_word' id='word_1_494' title='bbox 890 3757 983 3808; x_wconf 69' lang='grc' dir='ltr'>καὶ</span> <span class='ocrx_word' id='word_1_495' title='bbox 1013 3756 1101 3809; x_wconf 71' lang='grc' dir='ltr'>διὰ</span> <span class='ocrx_word' id='word_1_496' title='bbox 1132 3754 1245 3809; x_wconf 86' lang='grc' dir='ltr'><strong>τῶν</strong></span> <span class='ocrx_word' id='word_1_497' title='bbox 1294 3752 1530 3819; x_wconf 81' lang='grc' dir='ltr'>ἀναξίων</span> <span class='ocrx_word' id='word_1_498' title='bbox 1566 3754 1715 3807; x_wconf 73' lang='grc' dir='ltr'>ἐστιν</span> <span class='ocrx_word' id='word_1_499' title='bbox 1749 3752 1862 3818; x_wconf 81' lang='grc' dir='ltr'>ὅτε,</span> 
     </span>
    </p>
   </div>
   <div class='ocr_carea' id='block_1_72' title="bbox 273 3848 797 3921">
    <p class='ocr_par' dir='ltr' id='par_1_72' title="bbox 273 3848 797 3921">
     <span class='ocr_line' id='line_1_72' title="bbox 273 3848 797 3921; baseline -0.002 -20"><span class='ocrx_word' id='word_1_500' title='bbox 273 3850 477 3921; x_wconf 74' lang='grc' dir='ltr'>χρείας</span> <span class='ocrx_word' id='word_1_501' title='bbox 504 3848 743 3920; x_wconf 73' lang='grc' dir='ltr'>καλούση</span> <span class='ocrx_word' id='word_1_502' title='bbox 758 3867 797 3907; x_wconf 75' lang='grc' dir='ltr'><strong>ς.</strong></span> 
     </span>
    </p>
   </div>
   <div class='ocr_carea' id='block_1_73' title="bbox 1964 3196 3535 3274">
    <p class='ocr_par' dir='ltr' id='par_1_73' title="bbox 1964 3196 3535 3274">
     <span class='ocr_line' id='line_1_73' title="bbox 1964 3196 3535 3274; baseline -0.008 -15"><span class='ocrx_word' id='word_1_503' title='bbox 1964 3206 2218 3274; x_wconf 90' lang='lat' dir='ltr'><strong>inquit,o</strong></span> <span class='ocrx_word' id='word_1_504' title='bbox 2253 3206 2436 3270; x_wconf 89' lang='lat' dir='ltr'><strong>homo,</strong></span> <span class='ocrx_word' id='word_1_505' title='bbox 2464 3203 2618 3268; x_wconf 85' lang='lat' dir='ltr'><strong>facis,</strong></span> <span class='ocrx_word' id='word_1_506' title='bbox 2648 3212 2742 3257; x_wconf 89' lang='lat' dir='ltr'><strong>aut</strong></span> <span class='ocrx_word' id='word_1_507' title='bbox 2777 3202 3030 3272; x_wconf 84' lang='lat' dir='ltr'><strong>ignorare</strong></span> <span class='ocrx_word' id='word_1_508' title='bbox 3068 3200 3274 3253; x_wconf 78' lang='lat' dir='ltr'><strong>videris</strong></span> <span class='ocrx_word' id='word_1_509' title='bbox 3316 3208 3366 3252; x_wconf 90' lang='lat' dir='ltr'><strong>te</strong></span> <span class='ocrx_word' id='word_1_510' title='bbox 3405 3196 3535 3264; x_wconf 63' lang='lat' dir='ltr'><strong>bap.</strong></span> 
     </span>
    </p>
   </div>
   <div class='ocr_carea' id='block_1_74' title="bbox 1962 3293 3536 3367">
    <p class='ocr_par' dir='ltr' id='par_1_74' title="bbox 1962 3293 3536 3367">
     <span class='ocr_line' id='line_1_74' title="bbox 1962 3293 3536 3367; baseline -0.006 -14"><span class='ocrx_word' id='word_1_511' title='bbox 1962 3299 2183 3353; x_wconf 91' lang='lat' dir='ltr'><strong>tismum</strong></span> <span class='ocrx_word' id='word_1_512' title='bbox 2203 3299 2473 3352; x_wconf 47' lang='lat' dir='ltr'><strong>adiisse»</strong></span> <span class='ocrx_word' id='word_1_513' title='bbox 2499 3298 2576 3351; x_wconf 83' lang='lat' dir='ltr'><strong>Ad</strong></span> <span class='ocrx_word' id='word_1_514' title='bbox 2601 3297 2720 3367; x_wconf 87' lang='lat' dir='ltr'><strong>ejus</strong></span> <span class='ocrx_word' id='word_1_515' title='bbox 2758 3296 2835 3350; x_wconf 88' lang='lat' dir='ltr'><strong>rei</strong></span> <span class='ocrx_word' id='word_1_516' title='bbox 2870 3295 3063 3349; x_wconf 82' lang='lat' dir='ltr'><strong>famam</strong></span> <span class='ocrx_word' id='word_1_517' title='bbox 3097 3293 3536 3347; x_wconf 83' lang='lat' dir='ltr'><strong>multiaccurrc-</strong></span> 
     </span>
    </p>
   </div>
   <div class='ocr_carea' id='block_1_75' title="bbox 1968 3381 3535 3458">
    <p class='ocr_par' dir='ltr' id='par_1_75' title="bbox 1968 3381 3535 3458">
     <span class='ocr_line' id='line_1_75' title="bbox 1968 3381 3535 3458; baseline -0.011 -12"><span class='ocrx_word' id='word_1_518' title='bbox 1968 3392 2389 3456; x_wconf 83' lang='lat' dir='ltr'><strong>ruutmortales,</strong></span> <span class='ocrx_word' id='word_1_519' title='bbox 2412 3405 2645 3458; x_wconf 84' lang='lat' dir='ltr'><strong>quorum</strong></span> <span class='ocrx_word' id='word_1_520' title='bbox 2672 3403 2816 3443; x_wconf 90' lang='lat' dir='ltr'><strong>unus</strong></span> <span class='ocrx_word' id='word_1_521' title='bbox 2838 3386 3085 3441; x_wconf 74' lang='lat' dir='ltr'><strong>Judamnt</strong></span> <span class='ocrx_word' id='word_1_522' title='bbox 3118 3382 3360 3450; x_wconf 81' lang='lat' dir='ltr'><strong>agnovit,</strong></span> <span class='ocrx_word' id='word_1_523' title='bbox 3390 3381 3535 3449; x_wconf 82' lang='lat' dir='ltr'><strong>quod</strong></span> 
     </span>
    </p>
   </div>
   <div class='ocr_carea' id='block_1_76' title="bbox 1965 3477 3539 3548">
    <p class='ocr_par' dir='ltr' id='par_1_76' title="bbox 1965 3477 3539 3548">
     <span class='ocr_line' id='line_1_76' title="bbox 1965 3477 3539 3548; baseline -0.008 -12"><span class='ocrx_word' id='word_1_524' title='bbox 1965 3483 2176 3537; x_wconf 82' lang='lat' dir='ltr'><strong>scilicet</strong></span> <span class='ocrx_word' id='word_1_525' title='bbox 2209 3492 2368 3535; x_wconf 83' lang='lat' dir='ltr'><strong>antea</strong></span> <span class='ocrx_word' id='word_1_526' title='bbox 2396 3480 2465 3534; x_wconf 87' lang='lat' dir='ltr'><strong>ab</strong></span> <span class='ocrx_word' id='word_1_527' title='bbox 2500 3480 2757 3548; x_wconf 82' lang='lat' dir='ltr'><strong>episcopo</strong></span> <span class='ocrx_word' id='word_1_528' title='bbox 2786 3479 2968 3531; x_wconf 89' lang='lat' dir='ltr'><strong>Attico</strong></span> <span class='ocrx_word' id='word_1_529' title='bbox 3000 3477 3331 3544; x_wconf 74' lang='lat' dir='ltr'><strong>baptismum</strong></span> <span class='ocrx_word' id='word_1_530' title='bbox 3354 3487 3539 3525; x_wconf 76' lang='lat' dir='ltr'><strong>susce-</strong></span> 
     </span>
    </p>
   </div>
   <div class='ocr_carea' id='block_1_77' title="bbox 1968 3562 3541 3643">
    <p class='ocr_par' dir='ltr' id='par_1_77' title="bbox 1968 3562 3541 3643">
     <span class='ocr_line' id='line_1_77' title="bbox 1968 3562 3541 3643; baseline -0.008 -18"><span class='ocrx_word' id='word_1_531' title='bbox 1968 3573 2159 3643; x_wconf 79' lang='lat' dir='ltr'><strong>pisset.</strong></span> <span class='ocrx_word' id='word_1_532' title='bbox 2189 3572 2308 3626; x_wconf 83' lang='lat' dir='ltr'><strong>Non</strong></span> <span class='ocrx_word' id='word_1_533' title='bbox 2334 3570 2514 3624; x_wconf 87' lang='lat' dir='ltr'><strong>obiter</strong></span> <span class='ocrx_word' id='word_1_534' title='bbox 2548 3570 2653 3623; x_wconf 88' lang='lat' dir='ltr'><strong>hoc</strong></span> <span class='ocrx_word' id='word_1_535' title='bbox 2681 3567 2902 3637; x_wconf 67' lang='lat' dir='ltr'><strong>quidem</strong></span> <span class='ocrx_word' id='word_1_536' title='bbox 2932 3562 3209 3627; x_wconf 75' lang='lat' dir='ltr'><strong>recensui,</strong></span> <span class='ocrx_word' id='word_1_537' title='bbox 3232 3576 3425 3617; x_wconf 80' lang='lat' dir='ltr'><strong>verum</strong></span> <span class='ocrx_word' id='word_1_538' title='bbox 3479 3571 3541 3614; x_wconf 86' lang='lat' dir='ltr'><strong>ut</strong></span> 
     </span>
    </p>
   </div>
   <div class='ocr_carea' id='block_1_78' title="bbox 1971 3656 3537 3731">
    <p class='ocr_par' dir='ltr' id='par_1_78' title="bbox 1971 3656 3537 3731">
     <span class='ocr_line' id='line_1_78' title="bbox 1971 3656 3537 3731; baseline -0.01 -12"><span class='ocrx_word' id='word_1_539' title='bbox 1971 3664 2111 3719; x_wconf 88' lang='lat' dir='ltr'><strong>scire</strong></span> <span class='ocrx_word' id='word_1_540' title='bbox 2146 3677 2433 3731; x_wconf 87' lang='lat' dir='ltr'><strong>possemus</strong></span> <span class='ocrx_word' id='word_1_541' title='bbox 2460 3660 2689 3730; x_wconf 79' lang='lat' dir='ltr'><strong>gratiam</strong></span> <span class='ocrx_word' id='word_1_542' title='bbox 2726 3658 2963 3713; x_wconf 82' lang='lat' dir='ltr'><strong>divinam</strong></span> <span class='ocrx_word' id='word_1_543' title='bbox 2991 3670 3234 3726; x_wconf 67' lang='lat' dir='ltr'><strong>persmpe</strong></span> <span class='ocrx_word' id='word_1_544' title='bbox 3271 3656 3434 3707; x_wconf 89' lang='lat' dir='ltr'><strong>etiam</strong></span> <span class='ocrx_word' id='word_1_545' title='bbox 3478 3668 3537 3706; x_wconf 89' lang='lat' dir='ltr'><strong>se</strong></span> 
     </span>
    </p>
   </div>
   <div class='ocr_carea' id='block_1_79' title="bbox 1974 3745 3541 3825">
    <p class='ocr_par' dir='ltr' id='par_1_79' title="bbox 1974 3745 3541 3825">
     <span class='ocr_line' id='line_1_79' title="bbox 1974 3745 3541 3825; baseline -0.009 -15"><span class='ocrx_word' id='word_1_546' title='bbox 1974 3755 2118 3825; x_wconf 82' lang='lat' dir='ltr'><strong>apud</strong></span> <span class='ocrx_word' id='word_1_547' title='bbox 2145 3754 2401 3825; x_wconf 79' lang='lat' dir='ltr'><strong>indignos</strong></span> <span class='ocrx_word' id='word_1_548' title='bbox 2424 3752 2707 3819; x_wconf 81' lang='lat' dir='ltr'><strong>exhibere,</strong></span> <span class='ocrx_word' id='word_1_549' title='bbox 2736 3749 2884 3804; x_wconf 89' lang='lat' dir='ltr'><strong>nullo</strong></span> <span class='ocrx_word' id='word_1_550' title='bbox 2912 3749 3040 3802; x_wconf 91' lang='lat' dir='ltr'><strong>inde</strong></span> <span class='ocrx_word' id='word_1_551' title='bbox 3062 3755 3342 3803; x_wconf 86' lang='lat' dir='ltr'><strong>contracto</strong></span> <span class='ocrx_word' id='word_1_552' title='bbox 3371 3745 3541 3799; x_wconf 87' lang='lat' dir='ltr'><strong>detri-</strong></span> 
     </span>
    </p>
   </div>
   <div class='ocr_carea' id='block_1_80' title="bbox 1978 3837 3543 3905">
    <p class='ocr_par' dir='ltr' id='par_1_80' title="bbox 1978 3837 3543 3905">
     <span class='ocr_line' id='line_1_80' title="bbox 1978 3837 3543 3905; baseline -0.009 -4"><span class='ocrx_word' id='word_1_553' title='bbox 1978 3856 2187 3903; x_wconf 87' lang='lat' dir='ltr'><strong>mento.</strong></span> <span class='ocrx_word' id='word_1_554' title='bbox 2220 3844 2451 3900; x_wconf 80' lang='lat' dir='ltr'><strong>Maxime</strong></span> <span class='ocrx_word' id='word_1_555' title='bbox 2496 3858 2626 3897; x_wconf 88' lang='lat' dir='ltr'><strong>vero</strong></span> <span class='ocrx_word' id='word_1_556' title='bbox 2687 3842 2778 3895; x_wconf 92' lang='lat' dir='ltr'><strong>illa</strong></span> <span class='ocrx_word' id='word_1_557' title='bbox 2826 3838 3187 3893; x_wconf 84' lang='lat' dir='ltr'><strong>admiratione</strong></span> <span class='ocrx_word' id='word_1_558' title='bbox 3231 3837 3391 3905; x_wconf 85' lang='lat' dir='ltr'><strong>digna</strong></span> <span class='ocrx_word' id='word_1_559' title='bbox 3437 3846 3543 3898; x_wconf 85' lang='lat' dir='ltr'><strong>est,</strong></span> 
     </span>
    </p>
   </div>
   <div class='ocr_carea' id='block_1_81' title="bbox 278 3929 3542 4012">
    <p class='ocr_par' dir='ltr' id='par_1_81' title="bbox 278 3929 3542 4012">
     <span class='ocr_line' id='line_1_81' title="bbox 278 3929 3542 4012; baseline -0.005 -15"><span class='ocrx_word' id='word_1_560' title='bbox 278 3958 410 4012; x_wconf 69' lang='lat' dir='ltr'><strong>quae</strong></span> <span class='ocrx_word' id='word_1_561' title='bbox 438 3944 517 3997; x_wconf 88' lang='lat' dir='ltr'><strong>sic</strong></span> <span class='ocrx_word' id='word_1_562' title='bbox 543 3943 689 3996; x_wconf 85' lang='lat' dir='ltr'><strong>varie</strong></span> <span class='ocrx_word' id='word_1_563' title='bbox 722 3943 886 3999; x_wconf 88' lang='lat' dir='ltr'><strong>rebus</strong></span> <span class='ocrx_word' id='word_1_564' title='bbox 943 3942 1098 3997; x_wconf 89' lang='lat' dir='ltr'><strong>novis</strong></span> <span class='ocrx_word' id='word_1_565' title='bbox 1138 3958 1197 3998; x_wconf 89' lang='lat' dir='ltr'><strong>se</strong></span> <span class='ocrx_word' id='word_1_566' title='bbox 1260 3940 1514 3997; x_wconf 79' lang='lat' dir='ltr'><strong>ostendat</strong></span> <span class='ocrx_word' id='word_1_567' title='bbox 1542 3955 1641 4012; x_wconf 89' lang='lat' dir='ltr'><strong>per</strong></span> <span class='ocrx_word' id='word_1_568' title='bbox 1681 3940 1878 4012; x_wconf 80' lang='lat' dir='ltr'><strong>dignos</strong></span> <span class='ocrx_word' id='word_1_569' title='bbox 1917 3940 2125 4000; x_wconf 86' lang='lat' dir='ltr'><strong>simul:</strong></span> <span class='ocrx_word' id='word_1_570' title='bbox 2165 3948 2222 3995; x_wconf 85' lang='lat' dir='ltr'><strong>et</strong></span> <span class='ocrx_word' id='word_1_571' title='bbox 2286 3936 2581 4007; x_wconf 84' lang='lat' dir='ltr'><strong>aliquando</strong></span> <span class='ocrx_word' id='word_1_572' title='bbox 2611 3934 2799 4000; x_wconf 88' lang='lat' dir='ltr'><strong>etiam,</strong></span> <span class='ocrx_word' id='word_1_573' title='bbox 2848 3932 2893 3986; x_wconf 82' lang='lat' dir='ltr'><strong>si</strong></span> <span class='ocrx_word' id='word_1_574' title='bbox 2949 3932 3053 3984; x_wconf 87' lang='lat' dir='ltr'><strong>hoc</strong></span> <span class='ocrx_word' id='word_1_575' title='bbox 3094 3945 3225 3983; x_wconf 84' lang='lat' dir='ltr'><strong>usus</strong></span> <span class='ocrx_word' id='word_1_576' title='bbox 3282 3929 3542 3996; x_wconf 88' lang='lat' dir='ltr'><strong>postulet,</strong></span> 
     </span>
    </p>
   </div>
   <div class='ocr_carea' id='block_1_82' title="bbox 278 4035 722 4108">
    <p class='ocr_par' dir='ltr' id='par_1_82' title="bbox 278 4035 722 4108">
     <span class='ocr_line' id='line_1_82' title="bbox 278 4035 722 4108; baseline 0 -17"><span class='ocrx_word' id='word_1_577' title='bbox 278 4053 390 4108; x_wconf 87' lang='lat' dir='ltr'><strong>per</strong></span> <span class='ocrx_word' id='word_1_578' title='bbox 447 4035 722 4108; x_wconf 79' lang='lat' dir='ltr'><strong>indignos.</strong></span> 
     </span>
    </p>
   </div>
   <div class='ocr_carea' id='block_1_83' title="bbox 878 4177 1268 4230">
    <p class='ocr_par' dir='ltr' id='par_1_83' title="bbox 878 4177 1268 4230">
     <span class='ocr_line' id='line_1_83' title="bbox 878 4177 1268 4230; baseline 0 -1"><span class='ocrx_word' id='word_1_579' title='bbox 878 4177 1127 4230; x_wconf 82' lang='grc' dir='ltr'><strong>ΚΕΦᾹΛ.</strong></span> <span class='ocrx_word' id='word_1_580' title='bbox 1158 4177 1268 4229; x_wconf 78' lang='lat' dir='ltr'>III&#39;.</span> 
     </span>
    </p>
   </div>
   <div class='ocr_carea' id='block_1_84' title="bbox 288 4286 1874 4361">
    <p class='ocr_par' dir='ltr' id='par_1_84' title="bbox 288 4286 1874 4361">
     <span class='ocr_line' id='line_1_84' title="bbox 288 4286 1874 4361; baseline -0.009 -9"><span class='ocrx_word' id='word_1_581' title='bbox 288 4300 505 4361; x_wconf 79' lang='grc' dir='ltr'>Ὅπως</span> <span class='ocrx_word' id='word_1_582' title='bbox 556 4294 653 4349; x_wconf 72' lang='grc' dir='ltr'>καὶ</span> <span class='ocrx_word' id='word_1_583' title='bbox 708 4294 778 4348; x_wconf 78' lang='grc' dir='ltr'><strong>ἐν</strong></span> <span class='ocrx_word' id='word_1_584' title='bbox 814 4292 1073 4359; x_wconf 81' lang='grc' dir='ltr'>Πέρσαις</span> <span class='ocrx_word' id='word_1_585' title='bbox 1103 4293 1135 4345; x_wconf 85' lang='grc' dir='ltr'><strong>ό</strong></span> <span class='ocrx_word' id='word_1_586' title='bbox 1190 4287 1659 4361; x_wconf 75' lang='grc' dir='ltr'>Χριστιανισμὸς</span> <span class='ocrx_word' id='word_1_587' title='bbox 1689 4286 1874 4361; x_wconf 42' lang='lat' dir='ltr'><strong>sarta-</strong></span> 
     </span>
    </p>
   </div>
   <div class='ocr_carea' id='block_1_85' title="bbox 368 4358 1877 4431">
    <p class='ocr_par' dir='ltr' id='par_1_85' title="bbox 368 4358 1877 4431">
     <span class='ocr_line' id='line_1_85' title="bbox 368 4358 1877 4431; baseline -0.009 -9"><span class='ocrx_word' id='word_1_588' title='bbox 368 4358 561 4431; x_wconf 61' lang='grc' dir='ltr'>τύνΰη</span> <span class='ocrx_word' id='word_1_589' title='bbox 592 4364 690 4419; x_wconf 81' lang='grc' dir='ltr'>διὰ</span> <span class='ocrx_word' id='word_1_590' title='bbox 744 4365 851 4417; x_wconf 80' lang='grc' dir='ltr'><strong>τοῦ</strong></span> <span class='ocrx_word' id='word_1_591' title='bbox 879 4358 1218 4416; x_wconf 77' lang='grc' dir='ltr'>ἐπισκόπου</span> <span class='ocrx_word' id='word_1_592' title='bbox 1265 4358 1724 4431; x_wconf 58' lang='grc' dir='ltr'>Μεσοποταμίας</span> <span class='ocrx_word' id='word_1_593' title='bbox 1755 4358 1877 4409; x_wconf 80' lang='lat' dir='ltr'><strong>Ma-</strong></span> 
     </span>
    </p>
   </div>
   <div class='ocr_carea' id='block_1_86' title="bbox 365 4427 1805 4508">
    <p class='ocr_par' dir='ltr' id='par_1_86' title="bbox 365 4427 1805 4508">
     <span class='ocr_line' id='line_1_86' title="bbox 365 4427 1805 4508; baseline -0.01 -15"><span class='ocrx_word' id='word_1_594' title='bbox 365 4427 585 4508; x_wconf 75' lang='grc' dir='ltr'>ρουϐἇ,</span> <span class='ocrx_word' id='word_1_595' title='bbox 627 4437 728 4489; x_wconf 77' lang='grc' dir='ltr'><strong>καί</strong></span> <span class='ocrx_word' id='word_1_596' title='bbox 771 4434 830 4489; x_wconf 80' lang='grc' dir='ltr'>Ἀ</span> <span class='ocrx_word' id='word_1_597' title='bbox 844 4433 951 4488; x_wconf 71' lang='grc' dir='ltr'>ϐδᾶ</span> <span class='ocrx_word' id='word_1_598' title='bbox 982 4431 1088 4486; x_wconf 89' lang='grc' dir='ltr'><strong>τοῦ</strong></span> <span class='ocrx_word' id='word_1_599' title='bbox 1120 4430 1460 4484; x_wconf 80' lang='grc' dir='ltr'>ἐπισκόπου</span> <span class='ocrx_word' id='word_1_600' title='bbox 1490 4427 1805 4495; x_wconf 62' lang='grc' dir='ltr'>Περσίδος.</span> 
     </span>
    </p>
   </div>
   <div class='ocr_carea' id='block_1_87' title="bbox 377 4542 1878 4620">
    <p class='ocr_par' dir='ltr' id='par_1_87' title="bbox 377 4542 1878 4620">
     <span class='ocr_line' id='line_1_87' title="bbox 377 4542 1878 4620; baseline -0.009 -13"><span class='ocrx_word' id='word_1_601' title='bbox 377 4553 721 4607; x_wconf 78' lang='grc' dir='ltr'>Κατ’ὲκείνο</span> <span class='ocrx_word' id='word_1_602' title='bbox 750 4553 805 4604; x_wconf 82' lang='grc' dir='ltr'>δὲ</span> <span class='ocrx_word' id='word_1_603' title='bbox 829 4549 1022 4620; x_wconf 77' lang='grc' dir='ltr'>καιροῦ</span> <span class='ocrx_word' id='word_1_604' title='bbox 1060 4547 1341 4602; x_wconf 82' lang='grc' dir='ltr'>συνέϐαινε</span> <span class='ocrx_word' id='word_1_605' title='bbox 1383 4546 1479 4599; x_wconf 69' lang='grc' dir='ltr'><strong>καὶ</strong></span> <span class='ocrx_word' id='word_1_606' title='bbox 1515 4546 1572 4597; x_wconf 83' lang='grc' dir='ltr'>ὲν</span> <span class='ocrx_word' id='word_1_607' title='bbox 1623 4545 1687 4612; x_wconf 86' lang='grc' dir='ltr'>τῇ</span> <span class='ocrx_word' id='word_1_608' title='bbox 1736 4542 1878 4611; x_wconf 84' lang='grc' dir='ltr'>Περ-</span> 
     </span>
    </p>
   </div>
   <div class='ocr_carea' id='block_1_88' title="bbox 297 4636 1879 4718">
    <p class='ocr_par' dir='ltr' id='par_1_88' title="bbox 297 4636 1879 4718">
     <span class='ocr_line' id='line_1_88' title="bbox 297 4636 1879 4718; baseline -0.008 -18"><span class='ocrx_word' id='word_1_609' title='bbox 297 4648 420 4700; x_wconf 80' lang='grc' dir='ltr'><strong>σῶν</strong></span> <span class='ocrx_word' id='word_1_610' title='bbox 451 4646 605 4718; x_wconf 80' lang='grc' dir='ltr'>χώρᾳ</span> <span class='ocrx_word' id='word_1_611' title='bbox 658 4646 740 4708; x_wconf 82' lang='grc' dir='ltr'>εἰς</span> <span class='ocrx_word' id='word_1_612' title='bbox 800 4645 944 4715; x_wconf 88' lang='grc' dir='ltr'>μέγα</span> <span class='ocrx_word' id='word_1_613' title='bbox 971 4641 1253 4696; x_wconf 76' lang='grc' dir='ltr'>ἐπιδοῦναι</span> <span class='ocrx_word' id='word_1_614' title='bbox 1298 4639 1387 4692; x_wconf 80' lang='grc' dir='ltr'><strong>τὸν</strong></span> <span class='ocrx_word' id='word_1_615' title='bbox 1425 4636 1879 4710; x_wconf 81' lang='grc' dir='ltr'>Χριστιανισμόν.</span> 
     </span>
    </p>
   </div>
   <div class='ocr_carea' id='block_1_89' title="bbox 316 4730 1884 4807">
    <p class='ocr_par' dir='ltr' id='par_1_89' title="bbox 316 4730 1884 4807">
     <span class='ocr_line' id='line_1_89' title="bbox 316 4730 1884 4807; baseline -0.009 -14"><span class='ocrx_word' id='word_1_616' title='bbox 316 4741 480 4794; x_wconf 73' lang='grc' dir='ltr'>Ἐπεὶ</span> <span class='ocrx_word' id='word_1_617' title='bbox 514 4740 625 4807; x_wconf 85' lang='grc' dir='ltr'>γὰρ</span> <span class='ocrx_word' id='word_1_618' title='bbox 678 4736 982 4807; x_wconf 69' lang='grc' dir='ltr'>ἐπίτροπος</span> <span class='ocrx_word' id='word_1_619' title='bbox 1032 4733 1361 4805; x_wconf 82' lang='grc' dir='ltr'>Ὶσδιγέρδης</span> <span class='ocrx_word' id='word_1_620' title='bbox 1391 4730 1659 4800; x_wconf 82' lang='grc' dir='ltr'>Θεοδοσίῳ</span> <span class='ocrx_word' id='word_1_621' title='bbox 1683 4731 1748 4781; x_wconf 83' lang='grc' dir='ltr'><strong>ἐκ</strong></span> <span class='ocrx_word' id='word_1_622' title='bbox 1776 4745 1884 4780; x_wconf 83' lang='grc' dir='ltr'>πα-</span> 
     </span>
    </p>
   </div>
   <div class='ocr_carea' id='block_1_90' title="bbox 292 4821 1883 4905">
    <p class='ocr_par' dir='ltr' id='par_1_90' title="bbox 292 4821 1883 4905">
     <span class='ocr_line' id='line_1_90' title="bbox 292 4821 1883 4905; baseline -0.009 -18"><span class='ocrx_word' id='word_1_623' title='bbox 292 4836 441 4905; x_wconf 72' lang='grc' dir='ltr'>τρὸς</span> <span class='ocrx_word' id='word_1_624' title='bbox 462 4833 678 4901; x_wconf 85' lang='grc' dir='ltr'>γέγονε,</span> <span class='ocrx_word' id='word_1_625' title='bbox 696 4829 848 4900; x_wconf 80' lang='grc' dir='ltr'>φίλος</span> <span class='ocrx_word' id='word_1_626' title='bbox 873 4846 932 4881; x_wconf 84' lang='grc' dir='ltr'><strong>τε</strong></span> <span class='ocrx_word' id='word_1_627' title='bbox 952 4827 1021 4881; x_wconf 82' lang='grc' dir='ltr'>τὰ</span> <span class='ocrx_word' id='word_1_628' title='bbox 1041 4828 1279 4894; x_wconf 80' lang='grc' dir='ltr'>μάλιστα</span> <span class='ocrx_word' id='word_1_629' title='bbox 1305 4823 1593 4893; x_wconf 81' lang='grc' dir='ltr'>Ῥωμαίοις</span> <span class='ocrx_word' id='word_1_630' title='bbox 1616 4821 1883 4890; x_wconf 83' lang='grc' dir='ltr'>κατέστη·</span> 
     </span>
    </p>
   </div>
   <div class='ocr_carea' id='block_1_91' title="bbox 298 4916 1887 4994">
    <p class='ocr_par' dir='ltr' id='par_1_91' title="bbox 298 4916 1887 4994">
     <span class='ocr_line' id='line_1_91' title="bbox 298 4916 1887 4994; baseline -0.009 -13"><span class='ocrx_word' id='word_1_631' title='bbox 298 4927 416 4982; x_wconf 70' lang='grc' dir='ltr'>καὶ</span> <span class='ocrx_word' id='word_1_632' title='bbox 469 4927 714 4994; x_wconf 80' lang='grc' dir='ltr'>συνεχεῖς</span> <span class='ocrx_word' id='word_1_633' title='bbox 764 4922 938 4978; x_wconf 80' lang='grc' dir='ltr'>αἰτίαι</span> <span class='ocrx_word' id='word_1_634' title='bbox 993 4920 1276 4990; x_wconf 75' lang='grc' dir='ltr'>γεγόνασι,</span> <span class='ocrx_word' id='word_1_635' title='bbox 1304 4917 1373 4972; x_wconf 82' lang='grc' dir='ltr'>δι’</span> <span class='ocrx_word' id='word_1_636' title='bbox 1424 4916 1489 4978; x_wconf 80' lang='grc' dir='ltr'><strong>ἃς</strong></span> <span class='ocrx_word' id='word_1_637' title='bbox 1524 4918 1616 4969; x_wconf 73' lang='grc' dir='ltr'><strong>καὶ</strong></span> <span class='ocrx_word' id='word_1_638' title='bbox 1680 4916 1887 4982; x_wconf 72' lang='grc' dir='ltr'>μεταξὺ</span> 
     </span>
    </p>
   </div>
   <div class='ocr_carea' id='block_1_92' title="bbox 318 5007 1890 5086">
    <p class='ocr_par' dir='ltr' id='par_1_92' title="bbox 318 5007 1890 5086">
     <span class='ocr_line' id='line_1_92' title="bbox 318 5007 1890 5086; baseline -0.009 -13"><span class='ocrx_word' id='word_1_639' title='bbox 318 5019 622 5086; x_wconf 83' lang='grc' dir='ltr'>Ῥωμαίων</span> <span class='ocrx_word' id='word_1_640' title='bbox 662 5018 758 5069; x_wconf 74' lang='grc' dir='ltr'><strong>καὶ</strong></span> <span class='ocrx_word' id='word_1_641' title='bbox 807 5014 1037 5086; x_wconf 85' lang='grc' dir='ltr'>Περσῶν</span> <span class='ocrx_word' id='word_1_642' title='bbox 1063 5013 1276 5074; x_wconf 81' lang='grc' dir='ltr'>πυκνὰς</span> <span class='ocrx_word' id='word_1_643' title='bbox 1320 5009 1605 5063; x_wconf 83' lang='grc' dir='ltr'>συνέϐαινε</span> <span class='ocrx_word' id='word_1_644' title='bbox 1641 5007 1890 5075; x_wconf 81' lang='grc' dir='ltr'>γίνεσθαι</span> 
     </span>
    </p>
   </div>
   <div class='ocr_carea' id='block_1_93' title="bbox 292 5099 1889 5178">
    <p class='ocr_par' dir='ltr' id='par_1_93' title="bbox 292 5099 1889 5178">
     <span class='ocr_line' id='line_1_93' title="bbox 292 5099 1889 5178; baseline -0.008 -14"><span class='ocrx_word' id='word_1_645' title='bbox 292 5111 417 5173; x_wconf 70' lang='grc' dir='ltr'>τὰς</span> <span class='ocrx_word' id='word_1_646' title='bbox 447 5108 768 5178; x_wconf 81' lang='grc' dir='ltr'>πρεσϐείας.</span> <span class='ocrx_word' id='word_1_647' title='bbox 804 5106 1009 5177; x_wconf 85' lang='grc' dir='ltr'>Χρείας</span> <span class='ocrx_word' id='word_1_648' title='bbox 1043 5106 1225 5158; x_wconf 78' lang='grc' dir='ltr'>τοίνυν</span> <span class='ocrx_word' id='word_1_649' title='bbox 1249 5100 1560 5169; x_wconf 78' lang='grc' dir='ltr'>ἀναγκαίας</span> <span class='ocrx_word' id='word_1_650' title='bbox 1596 5099 1889 5167; x_wconf 82' lang='grc' dir='ltr'>καλούσης,</span> 
     </span>
    </p>
   </div>
   <div class='ocr_carea' id='block_1_94' title="bbox 300 5190 1894 5272">
    <p class='ocr_par' dir='ltr' id='par_1_94' title="bbox 300 5190 1894 5272">
     <span class='ocr_line' id='line_1_94' title="bbox 300 5190 1894 5272; baseline -0.013 -12"><span class='ocrx_word' id='word_1_651' title='bbox 300 5206 417 5260; x_wconf 71' lang='grc' dir='ltr'>καὶ</span> <span class='ocrx_word' id='word_1_652' title='bbox 470 5202 769 5272; x_wconf 63' lang='grc' dir='ltr'>Ἁῖαρουθᾶς</span> <span class='ocrx_word' id='word_1_653' title='bbox 800 5201 828 5253; x_wconf 76' lang='grc' dir='ltr'><strong>ὁ</strong></span> <span class='ocrx_word' id='word_1_654' title='bbox 858 5196 1289 5265; x_wconf 85' lang='grc' dir='ltr'>Μεσοποταμίας</span> <span class='ocrx_word' id='word_1_655' title='bbox 1342 5193 1633 5255; x_wconf 72' lang='grc' dir='ltr'>ἐπίσκοπος</span> <span class='ocrx_word' id='word_1_656' title='bbox 1664 5190 1894 5261; x_wconf 73' lang='grc' dir='ltr'>πρέσϐις</span> 
     </span>
    </p>
   </div>
   <div class='ocr_carea' id='block_1_95' title="bbox 301 5282 1895 5364">
    <p class='ocr_par' dir='ltr' id='par_1_95' title="bbox 301 5282 1895 5364">
     <span class='ocr_line' id='line_1_95' title="bbox 301 5282 1895 5364; baseline -0.011 -14"><span class='ocrx_word' id='word_1_657' title='bbox 301 5295 638 5364; x_wconf 75' lang='grc' dir='ltr'><strong>ἐπέμπετο⁸</strong></span> <span class='ocrx_word' id='word_1_658' title='bbox 682 5293 742 5347; x_wconf 80' lang='grc' dir='ltr'>ὃν</span> <span class='ocrx_word' id='word_1_659' title='bbox 807 5292 907 5362; x_wconf 69' lang='grc' dir='ltr'>ἤδη</span> <span class='ocrx_word' id='word_1_660' title='bbox 957 5290 1168 5359; x_wconf 74' lang='grc' dir='ltr'>ἔφημεν</span> <span class='ocrx_word' id='word_1_661' title='bbox 1228 5288 1334 5357; x_wconf 78' lang='grc' dir='ltr'><strong>πρὸ</strong></span> <span class='ocrx_word' id='word_1_662' title='bbox 1386 5286 1608 5355; x_wconf 87' lang='grc' dir='ltr'>μικροῦ,</span> <span class='ocrx_word' id='word_1_663' title='bbox 1657 5282 1895 5352; x_wconf 79' lang='grc' dir='ltr'>Κυρίνου</span> 
     </span>
    </p>
   </div>
   <div class='ocr_carea' id='block_1_96' title="bbox 302 5372 1899 5451">
    <p class='ocr_par' dir='ltr' id='par_1_96' title="bbox 302 5372 1899 5451">
     <span class='ocr_line' id='line_1_96' title="bbox 302 5372 1899 5451; baseline -0.012 -7"><span class='ocrx_word' id='word_1_664' title='bbox 302 5387 423 5444; x_wconf 76' lang='grc' dir='ltr'>τοῦ</span> <span class='ocrx_word' id='word_1_665' title='bbox 454 5387 756 5441; x_wconf 68' lang='grc' dir='ltr'>ἐπισκόπου</span> <span class='ocrx_word' id='word_1_666' title='bbox 796 5383 1136 5451; x_wconf 67' lang='grc' dir='ltr'>Χαλκηδόνο,</span> <span class='ocrx_word' id='word_1_667' title='bbox 1160 5380 1406 5449; x_wconf 78' lang='grc' dir='ltr'>πατῆσαι</span> <span class='ocrx_word' id='word_1_668' title='bbox 1436 5377 1527 5431; x_wconf 80' lang='grc' dir='ltr'><strong>τὸν</strong></span> <span class='ocrx_word' id='word_1_669' title='bbox 1562 5376 1722 5429; x_wconf 85' lang='grc' dir='ltr'>πόδα.</span> <span class='ocrx_word' id='word_1_670' title='bbox 1742 5372 1899 5426; x_wconf 79' lang='grc' dir='ltr'>Ἐπεὶ</span> 
     </span>
    </p>
   </div>
   <div class='ocr_carea' id='block_1_97' title="bbox 304 5464 1901 5553">
    <p class='ocr_par' dir='ltr' id='par_1_97' title="bbox 304 5464 1901 5553">
     <span class='ocr_line' id='line_1_97' title="bbox 304 5464 1901 5553; baseline 0.001 -21"><span class='ocrx_word' id='word_1_671' title='bbox 304 5485 379 5536; x_wconf 60' lang='grc' dir='ltr'>δὲ</span> <span class='ocrx_word' id='word_1_672' title='bbox 404 5475 531 5553; x_wconf 76' lang='grc' dir='ltr'>ἧκε,</span> <span class='ocrx_word' id='word_1_673' title='bbox 559 5478 875 5548; x_wconf 85' lang='grc' dir='ltr'>περιφανῶς</span> <span class='ocrx_word' id='word_1_674' title='bbox 909 5478 936 5527; x_wconf 88' lang='grc' dir='ltr'>ὁ</span> <span class='ocrx_word' id='word_1_675' title='bbox 982 5473 1198 5545; x_wconf 80' lang='grc' dir='ltr'>Πέρσης</span> <span class='ocrx_word' id='word_1_676' title='bbox 1245 5471 1332 5524; x_wconf 69' lang='grc' dir='ltr'><strong>διὰ</strong></span> <span class='ocrx_word' id='word_1_677' title='bbox 1363 5468 1565 5539; x_wconf 69' lang='grc' dir='ltr'>πολλῆς</span> <span class='ocrx_word' id='word_1_678' title='bbox 1593 5464 1697 5538; x_wconf 77' lang='grc' dir='ltr'><strong>ἦγε</strong></span> <span class='ocrx_word' id='word_1_679' title='bbox 1732 5465 1901 5533; x_wconf 68' lang='grc' dir='ltr'><strong>τιμῆς</strong></span> 
     </span>
    </p>
   </div>
   <div class='ocr_carea' id='block_1_98' title="bbox 304 5558 1902 5642">
    <p class='ocr_par' dir='ltr' id='par_1_98' title="bbox 304 5558 1902 5642">
     <span class='ocr_line' id='line_1_98' title="bbox 304 5558 1902 5642; baseline -0.013 -14"><span class='ocrx_word' id='word_1_680' title='bbox 304 5575 653 5642; x_wconf 59' lang='grc' dir='ltr'>Βῖαρουθᾶν,</span> <span class='ocrx_word' id='word_1_681' title='bbox 680 5567 878 5638; x_wconf 81' lang='grc' dir='ltr'>οἷάπερ</span> <span class='ocrx_word' id='word_1_682' title='bbox 904 5568 1076 5638; x_wconf 76' lang='grc' dir='ltr'>ἄνδρα</span> <span class='ocrx_word' id='word_1_683' title='bbox 1107 5564 1331 5633; x_wconf 81' lang='grc' dir='ltr'>θεοφιλῆ</span> <span class='ocrx_word' id='word_1_684' title='bbox 1375 5563 1469 5615; x_wconf 71' lang='grc' dir='ltr'>καὶ</span> <span class='ocrx_word' id='word_1_685' title='bbox 1510 5560 1709 5629; x_wconf 63' lang='grc' dir='ltr'>πολλῆς</span> <span class='ocrx_word' id='word_1_686' title='bbox 1739 5558 1902 5610; x_wconf 80' lang='grc' dir='ltr'>εὐλα-</span> 
     </span>
    </p>
   </div>
   <div class='ocr_carea' id='block_1_99' title="bbox 312 5649 1905 5730">
    <p class='ocr_par' dir='ltr' id='par_1_99' title="bbox 312 5649 1905 5730">
     <span class='ocr_line' id='line_1_99' title="bbox 312 5649 1905 5730; baseline -0.013 -10"><span class='ocrx_word' id='word_1_687' title='bbox 312 5668 489 5728; x_wconf 73' lang='grc' dir='ltr'>εείας</span> <span class='ocrx_word' id='word_1_688' title='bbox 521 5662 989 5730; x_wconf 57' lang='grc' dir='ltr'>ἀντιπυιούμενον.</span> <span class='ocrx_word' id='word_1_689' title='bbox 1042 5658 1106 5712; x_wconf 79' lang='grc' dir='ltr'><strong>Οἱ</strong></span> <span class='ocrx_word' id='word_1_690' title='bbox 1135 5657 1191 5711; x_wconf 70' lang='grc' dir='ltr'>δὲ</span> <span class='ocrx_word' id='word_1_691' title='bbox 1230 5656 1409 5722; x_wconf 78' lang='grc' dir='ltr'>Μάγοι</span> <span class='ocrx_word' id='word_1_692' title='bbox 1445 5652 1714 5717; x_wconf 81' lang='grc' dir='ltr'>τοσαύτην</span> <span class='ocrx_word' id='word_1_693' title='bbox 1736 5649 1905 5719; x_wconf 82' lang='grc' dir='ltr'>ὀρῶν-</span> 
     </span>
    </p>
   </div>
   <div class='ocr_carea' id='block_1_100' title="bbox 309 5741 1904 5828">
    <p class='ocr_par' dir='ltr' id='par_1_100' title="bbox 309 5741 1904 5828">
     <span class='ocr_line' id='line_1_100' title="bbox 309 5741 1904 5828; baseline -0.007 -23"><span class='ocrx_word' id='word_1_694' title='bbox 309 5777 424 5822; x_wconf 55' lang='lat' dir='ltr'><strong>an;</strong></span> <span class='ocrx_word' id='word_1_695' title='bbox 452 5759 617 5828; x_wconf 67' lang='grc' dir='ltr'>τιμὴν</span> <span class='ocrx_word' id='word_1_696' title='bbox 664 5755 791 5823; x_wconf 73' lang='grc' dir='ltr'>περὶ</span> <span class='ocrx_word' id='word_1_697' title='bbox 844 5755 937 5808; x_wconf 71' lang='grc' dir='ltr'><strong>τον</strong></span> <span class='ocrx_word' id='word_1_698' title='bbox 976 5749 1259 5821; x_wconf 77' lang='grc' dir='ltr'>Ῥωμαέων</span> <span class='ocrx_word' id='word_1_699' title='bbox 1310 5746 1607 5799; x_wconf 76' lang='grc' dir='ltr'>ἐπίσκοπον</span> <span class='ocrx_word' id='word_1_700' title='bbox 1644 5741 1904 5805; x_wconf 79' lang='grc' dir='ltr'>(πλεῖστα</span> 
     </span>
    </p>
   </div>
   <div class='ocr_carea' id='block_1_101' title="bbox 2545 4162 2983 4223">
    <p class='ocr_par' dir='ltr' id='par_1_101' title="bbox 2545 4162 2983 4223">
     <span class='ocr_line' id='line_1_101' title="bbox 2545 4162 2983 4223; baseline -0.021 0"><span class='ocrx_word' id='word_1_701' title='bbox 2545 4165 2773 4223; x_wconf 85' lang='lat' dir='ltr'><strong>CAPUT</strong></span> <span class='ocrx_word' id='word_1_702' title='bbox 2798 4162 2983 4217; x_wconf 75' lang='lat' dir='ltr'>XVIII.</span> 
     </span>
    </p>
   </div>
   <div class='ocr_carea' id='block_1_102' title="bbox 1990 4275 3555 4356">
    <p class='ocr_par' dir='ltr' id='par_1_102' title="bbox 1990 4275 3555 4356">
     <span class='ocr_line' id='line_1_102' title="bbox 1990 4275 3555 4356; baseline -0.015 -14"><span class='ocrx_word' id='word_1_703' title='bbox 1990 4288 2051 4342; x_wconf 84' lang='lat' dir='ltr'><strong>Ut</strong></span> <span class='ocrx_word' id='word_1_704' title='bbox 2085 4291 2244 4342; x_wconf 82' lang='lat' dir='ltr'><strong>etiam</strong></span> <span class='ocrx_word' id='word_1_705' title='bbox 2269 4283 2412 4356; x_wconf 70' lang='lat' dir='ltr'><strong>apud</strong></span> <span class='ocrx_word' id='word_1_706' title='bbox 2446 4282 2638 4356; x_wconf 62' lang='lat' dir='ltr'><strong>Persas</strong></span> <span class='ocrx_word' id='word_1_707' title='bbox 2665 4275 3097 4356; x_wconf 68' lang='lat' dir='ltr'><strong>Christiqnismus</strong></span> <span class='ocrx_word' id='word_1_708' title='bbox 3118 4275 3182 4356; x_wconf 67' lang='lat' dir='ltr'><strong>sit</strong></span> <span class='ocrx_word' id='word_1_709' title='bbox 3210 4281 3555 4356; x_wconf 65' lang='lat' dir='ltr'><strong>propagatus,</strong></span> 
     </span>
    </p>
   </div>
   <div class='ocr_carea' id='block_1_103' title="bbox 2058 4344 3554 4420">
    <p class='ocr_par' dir='ltr' id='par_1_103' title="bbox 2058 4344 3554 4420">
     <span class='ocr_line' id='line_1_103' title="bbox 2058 4344 3554 4420; baseline -0.013 -10"><span class='ocrx_word' id='word_1_710' title='bbox 2058 4374 2148 4420; x_wconf 77' lang='lat' dir='ltr'><strong>per</strong></span> <span class='ocrx_word' id='word_1_711' title='bbox 2185 4344 2495 4409; x_wconf 12' lang='lat' dir='ltr'><strong>Ma’r&#39;utham</strong></span> <span class='ocrx_word' id='word_1_712' title='bbox 2537 4349 2957 4418; x_wconf 62' lang='lat' dir='ltr'><strong>Mesopotamiae,</strong></span> <span class='ocrx_word' id='word_1_713' title='bbox 2988 4354 3037 4397; x_wconf 82' lang='lat' dir='ltr'><strong>et</strong></span> <span class='ocrx_word' id='word_1_714' title='bbox 3065 4346 3265 4398; x_wconf 79' lang='lat' dir='ltr'><strong>Abdum</strong></span> <span class='ocrx_word' id='word_1_715' title='bbox 3300 4344 3554 4406; x_wconf 71' lang='lat' dir='ltr'><strong>Persidis,</strong></span> 
     </span>
    </p>
   </div>
   <div class='ocr_carea' id='block_1_104' title="bbox 1912 4427 2340 4523">
    <p class='ocr_par' dir='ltr' id='par_1_104' title="bbox 1912 4427 2340 4523">
     <span class='ocr_line' id='line_1_104' title="bbox 1912 4427 2340 4523; baseline -0.005 -42"><span class='ocrx_word' id='word_1_716' title='bbox 1912 4467 1956 4523; x_wconf 65' lang='grc' dir='ltr'>Β</span> <span class='ocrx_word' id='word_1_717' title='bbox 2056 4427 2340 4497; x_wconf 76' lang='lat' dir='ltr'><strong>episcopos.</strong></span> 
     </span>
    </p>
   </div>
   <div class='ocr_carea' id='block_1_105' title="bbox 2059 4527 3561 4607">
    <p class='ocr_par' dir='ltr' id='par_1_105' title="bbox 2059 4527 3561 4607">
     <span class='ocr_line' id='line_1_105' title="bbox 2059 4527 3561 4607; baseline -0.012 -14"><span class='ocrx_word' id='word_1_718' title='bbox 2059 4539 2258 4593; x_wconf 77' lang='lat' dir='ltr'><strong>Eodem</strong></span> <span class='ocrx_word' id='word_1_719' title='bbox 2284 4548 2527 4607; x_wconf 88' lang='lat' dir='ltr'><strong>tempore</strong></span> <span class='ocrx_word' id='word_1_720' title='bbox 2558 4538 2610 4590; x_wconf 89' lang='lat' dir='ltr'><strong>in</strong></span> <span class='ocrx_word' id='word_1_721' title='bbox 2642 4536 2929 4590; x_wconf 86' lang='lat' dir='ltr'><strong>Persarum</strong></span> <span class='ocrx_word' id='word_1_722' title='bbox 2949 4546 3166 4601; x_wconf 88' lang='lat' dir='ltr'><strong>quoque</strong></span> <span class='ocrx_word' id='word_1_723' title='bbox 3196 4527 3416 4596; x_wconf 83' lang='lat' dir='ltr'><strong>regione</strong></span> <span class='ocrx_word' id='word_1_724' title='bbox 3455 4540 3561 4575; x_wconf 81' lang='lat' dir='ltr'><strong>ma-</strong></span> 
     </span>
    </p>
   </div>
   <div class='ocr_carea' id='block_1_106' title="bbox 1986 4619 3558 4701">
    <p class='ocr_par' dir='ltr' id='par_1_106' title="bbox 1986 4619 3558 4701">
     <span class='ocr_line' id='line_1_106' title="bbox 1986 4619 3558 4701; baseline -0.013 -14"><span class='ocrx_word' id='word_1_725' title='bbox 1986 4648 2090 4701; x_wconf 81' lang='lat' dir='ltr'><strong>gna</strong></span> <span class='ocrx_word' id='word_1_726' title='bbox 2121 4630 2574 4685; x_wconf 83' lang='lat' dir='ltr'><strong>Christianismus</strong></span> <span class='ocrx_word' id='word_1_727' title='bbox 2592 4627 2735 4697; x_wconf 88' lang='lat' dir='ltr'><strong>cepit</strong></span> <span class='ocrx_word' id='word_1_728' title='bbox 2766 4627 3125 4680; x_wconf 88' lang='lat' dir='ltr'><strong>incrementa.</strong></span> <span class='ocrx_word' id='word_1_729' title='bbox 3152 4619 3288 4674; x_wconf 89' lang='lat' dir='ltr'><strong>Cum</strong></span> <span class='ocrx_word' id='word_1_730' title='bbox 3316 4630 3558 4683; x_wconf 85' lang='lat' dir='ltr'><strong>namque</strong></span> 
     </span>
    </p>
   </div>
   <div class='ocr_carea' id='block_1_107' title="bbox 1988 4708 3558 4795">
    <p class='ocr_par' dir='ltr' id='par_1_107' title="bbox 1988 4708 3558 4795">
     <span class='ocr_line' id='line_1_107' title="bbox 1988 4708 3558 4795; baseline -0.014 -15"><span class='ocrx_word' id='word_1_731' title='bbox 1988 4725 2296 4795; x_wconf 81' lang='lat' dir='ltr'><strong>Isdigerdes</strong></span> <span class='ocrx_word' id='word_1_732' title='bbox 2319 4721 2613 4776; x_wconf 88' lang='lat' dir='ltr'><strong>Theodosii</strong></span> <span class='ocrx_word' id='word_1_733' title='bbox 2640 4735 2668 4772; x_wconf 88' lang='lat' dir='ltr'><strong>a</strong></span> <span class='ocrx_word' id='word_1_734' title='bbox 2691 4728 2845 4788; x_wconf 85' lang='lat' dir='ltr'><strong>patre</strong></span> <span class='ocrx_word' id='word_1_735' title='bbox 2874 4716 3155 4769; x_wconf 86' lang='lat' dir='ltr'><strong>institutus</strong></span> <span class='ocrx_word' id='word_1_736' title='bbox 3182 4721 3348 4771; x_wconf 89' lang='lat' dir='ltr'><strong>tutor,</strong></span> <span class='ocrx_word' id='word_1_737' title='bbox 3376 4718 3426 4762; x_wconf 91' lang='lat' dir='ltr'><strong>et</strong></span> <span class='ocrx_word' id='word_1_738' title='bbox 3449 4708 3558 4760; x_wconf 69' lang='lat' dir='ltr'><strong>lto-</strong></span> 
     </span>
    </p>
   </div>
   <div class='ocr_carea' id='block_1_108' title="bbox 1994 4800 3559 4872">
    <p class='ocr_par' dir='ltr' id='par_1_108' title="bbox 1994 4800 3559 4872">
     <span class='ocr_line' id='line_1_108' title="bbox 1994 4800 3559 4872; baseline -0.015 -2"><span class='ocrx_word' id='word_1_739' title='bbox 1994 4816 2171 4870; x_wconf 86' lang='lat' dir='ltr'><strong>manis</strong></span> <span class='ocrx_word' id='word_1_740' title='bbox 2202 4815 2413 4868; x_wconf 87' lang='lat' dir='ltr'><strong>amicus</strong></span> <span class='ocrx_word' id='word_1_741' title='bbox 2468 4811 2703 4864; x_wconf 79' lang='lat' dir='ltr'><strong>maxime</strong></span> <span class='ocrx_word' id='word_1_742' title='bbox 2733 4817 2897 4871; x_wconf 86' lang='lat' dir='ltr'><strong>esset,</strong></span> <span class='ocrx_word' id='word_1_743' title='bbox 2962 4805 3278 4872; x_wconf 82' lang='lat' dir='ltr'><strong>frequentes</strong></span> <span class='ocrx_word' id='word_1_744' title='bbox 3303 4800 3559 4853; x_wconf 67' lang='lat' dir='ltr'><strong>exstitere</strong></span> 
     </span>
    </p>
   </div>
   <div class='ocr_carea' id='block_1_109' title="bbox 1997 4890 3563 4975">
    <p class='ocr_par' dir='ltr' id='par_1_109' title="bbox 1997 4890 3563 4975">
     <span class='ocr_line' id='line_1_109' title="bbox 1997 4890 3563 4975; baseline -0.016 -12"><span class='ocrx_word' id='word_1_745' title='bbox 1997 4922 2198 4972; x_wconf 67' lang='lat' dir='ltr'><strong>causae,</strong></span> <span class='ocrx_word' id='word_1_746' title='bbox 2229 4903 2589 4975; x_wconf 88' lang='lat' dir='ltr'><strong>quamobrem</strong></span> <span class='ocrx_word' id='word_1_747' title='bbox 2620 4902 2763 4953; x_wconf 91' lang='lat' dir='ltr'><strong>inter</strong></span> <span class='ocrx_word' id='word_1_748' title='bbox 2797 4898 3072 4950; x_wconf 77' lang='lat' dir='ltr'><strong>Romanos</strong></span> <span class='ocrx_word' id='word_1_749' title='bbox 3098 4899 3153 4946; x_wconf 86' lang='lat' dir='ltr'><strong>et</strong></span> <span class='ocrx_word' id='word_1_750' title='bbox 3218 4890 3414 4947; x_wconf 85' lang='lat' dir='ltr'><strong>Persas</strong></span> <span class='ocrx_word' id='word_1_751' title='bbox 3442 4904 3563 4941; x_wconf 84' lang='lat' dir='ltr'><strong>cre—</strong></span> 
     </span>
    </p>
   </div>
   <div class='ocr_carea' id='block_1_110' title="bbox 1998 4979 3563 5062">
    <p class='ocr_par' dir='ltr' id='par_1_110' title="bbox 1998 4979 3563 5062">
     <span class='ocr_line' id='line_1_110' title="bbox 1998 4979 3563 5062; baseline -0.017 -7"><span class='ocrx_word' id='word_1_752' title='bbox 1998 5002 2109 5056; x_wconf 76' lang='lat' dir='ltr'><strong>brae</strong></span> <span class='ocrx_word' id='word_1_753' title='bbox 2138 4999 2278 5053; x_wconf 91' lang='lat' dir='ltr'><strong>ultro</strong></span> <span class='ocrx_word' id='word_1_754' title='bbox 2302 4998 2553 5062; x_wconf 83' lang='lat' dir='ltr'><strong>citroque</strong></span> <span class='ocrx_word' id='word_1_755' title='bbox 2586 4991 2939 5046; x_wconf 89' lang='lat' dir='ltr'><strong>mitterentur</strong></span> <span class='ocrx_word' id='word_1_756' title='bbox 2989 4984 3315 5053; x_wconf 84' lang='lat' dir='ltr'><strong>legationes.</strong></span> <span class='ocrx_word' id='word_1_757' title='bbox 3377 4979 3563 5045; x_wconf 87' lang='lat' dir='ltr'><strong>Itaque</strong></span> 
     </span>
    </p>
   </div>
   <div class='ocr_carea' id='block_1_111' title="bbox 2001 5071 3565 5155">
    <p class='ocr_par' dir='ltr' id='par_1_111' title="bbox 2001 5071 3565 5155">
     <span class='ocr_line' id='line_1_111' title="bbox 2001 5071 3565 5155; baseline -0.019 -8"><span class='ocrx_word' id='word_1_758' title='bbox 2001 5090 2324 5147; x_wconf 87' lang='lat' dir='ltr'><strong>necessitate</strong></span> <span class='ocrx_word' id='word_1_759' title='bbox 2362 5085 2660 5155; x_wconf 83' lang='lat' dir='ltr'><strong>ﬂagitante,</strong></span> <span class='ocrx_word' id='word_1_760' title='bbox 2706 5079 2984 5134; x_wconf 78' lang='lat' dir='ltr'><strong>Maruthas</strong></span> <span class='ocrx_word' id='word_1_761' title='bbox 3016 5087 3234 5145; x_wconf 90' lang='lat' dir='ltr'><strong>quoque</strong></span> <span class='ocrx_word' id='word_1_762' title='bbox 3264 5071 3565 5137; x_wconf 74' lang='lat' dir='ltr'><strong>Mesopota—</strong></span> 
     </span>
    </p>
   </div>
   <div class='ocr_carea' id='block_1_112' title="bbox 2002 5155 3567 5248">
    <p class='ocr_par' dir='ltr' id='par_1_112' title="bbox 2002 5155 3567 5248">
     <span class='ocr_line' id='line_1_112' title="bbox 2002 5155 3567 5248; baseline -0.02 -12"><span class='ocrx_word' id='word_1_763' title='bbox 2002 5182 2123 5236; x_wconf 72' lang='lat' dir='ltr'><strong>mia:</strong></span> <span class='ocrx_word' id='word_1_764' title='bbox 2148 5179 2463 5248; x_wconf 84' lang='lat' dir='ltr'><strong>episc0pus,</strong></span> <span class='ocrx_word' id='word_1_765' title='bbox 2494 5186 2655 5242; x_wconf 90' lang='lat' dir='ltr'><strong>quem</strong></span> <span class='ocrx_word' id='word_1_766' title='bbox 2693 5167 2854 5238; x_wconf 89' lang='lat' dir='ltr'><strong>paulo</strong></span> <span class='ocrx_word' id='word_1_767' title='bbox 2881 5176 3008 5219; x_wconf 87' lang='lat' dir='ltr'><strong>ante</strong></span> <span class='ocrx_word' id='word_1_768' title='bbox 3039 5158 3225 5232; x_wconf 87' lang='lat' dir='ltr'><strong>Cyrini</strong></span> <span class='ocrx_word' id='word_1_769' title='bbox 3268 5155 3567 5211; x_wconf 85' lang='lat' dir='ltr'><strong>Chalcedo-</strong></span> 
     </span>
    </p>
   </div>
   <div class='ocr_carea' id='block_1_113' title="bbox 2003 5250 3573 5336">
    <p class='ocr_par' dir='ltr' id='par_1_113' title="bbox 2003 5250 3573 5336">
     <span class='ocr_line' id='line_1_113' title="bbox 2003 5250 3573 5336; baseline -0.022 -9"><span class='ocrx_word' id='word_1_770' title='bbox 2003 5271 2189 5327; x_wconf 87' lang='lat' dir='ltr'><strong>nensis</strong></span> <span class='ocrx_word' id='word_1_771' title='bbox 2214 5265 2457 5336; x_wconf 84' lang='lat' dir='ltr'><strong>episcopi</strong></span> <span class='ocrx_word' id='word_1_772' title='bbox 2485 5262 2677 5333; x_wconf 90' lang='lat' dir='ltr'><strong>pedem</strong></span> <span class='ocrx_word' id='word_1_773' title='bbox 2706 5256 3027 5330; x_wconf 88' lang='lat' dir='ltr'><strong>protrivisse</strong></span> <span class='ocrx_word' id='word_1_774' title='bbox 3061 5250 3326 5309; x_wconf 65' lang='lat' dir='ltr'><strong>diximus,</strong></span> <span class='ocrx_word' id='word_1_775' title='bbox 3385 5252 3573 5296; x_wconf 87' lang='lat' dir='ltr'><strong>orator</strong></span> 
     </span>
    </p>
   </div>
   <div class='ocr_carea' id='block_1_114' title="bbox 2004 5332 3571 5421">
    <p class='ocr_par' dir='ltr' id='par_1_114' title="bbox 2004 5332 3571 5421">
     <span class='ocr_line' id='line_1_114' title="bbox 2004 5332 3571 5421; baseline -0.02 -6"><span class='ocrx_word' id='word_1_776' title='bbox 2004 5368 2168 5416; x_wconf 87' lang='lat' dir='ltr'><strong>eoest</strong></span> <span class='ocrx_word' id='word_1_777' title='bbox 2192 5359 2418 5413; x_wconf 89' lang='lat' dir='ltr'><strong>missus.</strong></span> <span class='ocrx_word' id='word_1_778' title='bbox 2459 5332 2527 5408; x_wconf 78' lang='lat' dir='ltr'><strong>Et</strong></span> <span class='ocrx_word' id='word_1_779' title='bbox 2583 5361 2869 5421; x_wconf 86' lang='lat' dir='ltr'><strong>postquam</strong></span> <span class='ocrx_word' id='word_1_780' title='bbox 2932 5346 2979 5399; x_wconf 91' lang='lat' dir='ltr'><strong>is</strong></span> <span class='ocrx_word' id='word_1_781' title='bbox 3048 5342 3111 5396; x_wconf 87' lang='lat' dir='ltr'><strong>ad</strong></span> <span class='ocrx_word' id='word_1_782' title='bbox 3155 5340 3346 5393; x_wconf 85' lang='lat' dir='ltr'><strong>Persas</strong></span> <span class='ocrx_word' id='word_1_783' title='bbox 3401 5332 3571 5394; x_wconf 85' lang='lat' dir='ltr'><strong>venit,</strong></span> 
     </span>
    </p>
   </div>
   <div class='ocr_carea' id='block_1_115' title="bbox 2005 5430 3580 5525">
    <p class='ocr_par' dir='ltr' id='par_1_115' title="bbox 2005 5430 3580 5525">
     <span class='ocr_line' id='line_1_115' title="bbox 2005 5430 3580 5525; baseline -0.018 -16"><span class='ocrx_word' id='word_1_784' title='bbox 2005 5452 2279 5525; x_wconf 88' lang='lat' dir='ltr'><strong>propalam</strong></span> <span class='ocrx_word' id='word_1_785' title='bbox 2317 5464 2410 5503; x_wconf 90' lang='lat' dir='ltr'><strong>rex</strong></span> <span class='ocrx_word' id='word_1_786' title='bbox 2460 5462 2584 5501; x_wconf 90' lang='lat' dir='ltr'><strong>cum</strong></span> <span class='ocrx_word' id='word_1_787' title='bbox 2638 5444 2691 5497; x_wconf 91' lang='lat' dir='ltr'><strong>in</strong></span> <span class='ocrx_word' id='word_1_788' title='bbox 2724 5453 2919 5510; x_wconf 87' lang='lat' dir='ltr'><strong>magno</strong></span> <span class='ocrx_word' id='word_1_789' title='bbox 2982 5432 3172 5489; x_wconf 87' lang='lat' dir='ltr'><strong>habuit</strong></span> <span class='ocrx_word' id='word_1_790' title='bbox 3225 5430 3458 5491; x_wconf 85' lang='lat' dir='ltr'><strong>honore,</strong></span> <span class='ocrx_word' id='word_1_791' title='bbox 3518 5433 3580 5480; x_wconf 80' lang='lat' dir='ltr'><strong>ut</strong></span> 
     </span>
    </p>
   </div>
   <div class='ocr_carea' id='block_1_116' title="bbox 2007 5522 3575 5600">
    <p class='ocr_par' dir='ltr' id='par_1_116' title="bbox 2007 5522 3575 5600">
     <span class='ocr_line' id='line_1_116' title="bbox 2007 5522 3575 5600; baseline -0.017 1"><span class='ocrx_word' id='word_1_792' title='bbox 2007 5522 2182 5600; x_wconf 68' lang='lat' dir='ltr'><strong>virum</strong></span> <span class='ocrx_word' id='word_1_793' title='bbox 2234 5543 2343 5598; x_wconf 90' lang='lat' dir='ltr'><strong>Deo</strong></span> <span class='ocrx_word' id='word_1_794' title='bbox 2373 5541 2601 5596; x_wconf 88' lang='lat' dir='ltr'><strong>charum</strong></span> <span class='ocrx_word' id='word_1_795' title='bbox 2664 5543 2718 5589; x_wconf 91' lang='lat' dir='ltr'><strong>et</strong></span> <span class='ocrx_word' id='word_1_796' title='bbox 2774 5532 2943 5587; x_wconf 89' lang='lat' dir='ltr'><strong>multa</strong></span> <span class='ocrx_word' id='word_1_797' title='bbox 2993 5530 3199 5599; x_wconf 84' lang='lat' dir='ltr'><strong>pietate</strong></span> <span class='ocrx_word' id='word_1_798' title='bbox 3259 5522 3575 5595; x_wconf 63' lang='lat' dir='ltr'><strong>prmditum.</strong></span> 
     </span>
    </p>
   </div>
   <div class='ocr_carea' id='block_1_117' title="bbox 2008 5613 3579 5707">
    <p class='ocr_par' dir='ltr' id='par_1_117' title="bbox 2008 5613 3579 5707">
     <span class='ocr_line' id='line_1_117' title="bbox 2008 5613 3579 5707; baseline -0.018 -15"><span class='ocrx_word' id='word_1_799' title='bbox 2008 5635 2145 5707; x_wconf 82' lang='lat' dir='ltr'><strong>Magi</strong></span> <span class='ocrx_word' id='word_1_800' title='bbox 2172 5635 2262 5689; x_wconf 91' lang='lat' dir='ltr'><strong>ubi</strong></span> <span class='ocrx_word' id='word_1_801' title='bbox 2285 5642 2491 5686; x_wconf 90' lang='lat' dir='ltr'><strong>tantum</strong></span> <span class='ocrx_word' id='word_1_802' title='bbox 2510 5630 2775 5681; x_wconf 88' lang='lat' dir='ltr'><strong>honoretn</strong></span> <span class='ocrx_word' id='word_1_803' title='bbox 2799 5625 3054 5678; x_wconf 74' lang='lat' dir='ltr'><strong>Romana:</strong></span> <span class='ocrx_word' id='word_1_804' title='bbox 3077 5616 3302 5673; x_wconf 69' lang='lat' dir='ltr'><strong>ditionis</strong></span> <span class='ocrx_word' id='word_1_805' title='bbox 3322 5613 3579 5684; x_wconf 88' lang='lat' dir='ltr'><strong>episcopo</strong></span> 
     </span>
    </p>
   </div>
   <div class='ocr_carea' id='block_1_118' title="bbox 2012 5711 3582 5791">
    <p class='ocr_par' dir='ltr' id='par_1_118' title="bbox 2012 5711 3582 5791">
     <span class='ocr_line' id='line_1_118' title="bbox 2012 5711 3582 5791; baseline -0.02 -5"><span class='ocrx_word' id='word_1_806' title='bbox 2012 5727 2203 5785; x_wconf 84' lang='lat' dir='ltr'><strong>haberi</strong></span> <span class='ocrx_word' id='word_1_807' title='bbox 2240 5725 2516 5791; x_wconf 85' lang='lat' dir='ltr'><strong>viderunt,</strong></span> <span class='ocrx_word' id='word_1_808' title='bbox 2547 5721 2638 5789; x_wconf 90' lang='lat' dir='ltr'><strong>qui</strong></span> <span class='ocrx_word' id='word_1_809' title='bbox 2667 5717 2965 5788; x_wconf 89' lang='lat' dir='ltr'><strong>plurimum</strong></span> <span class='ocrx_word' id='word_1_810' title='bbox 2998 5712 3140 5783; x_wconf 90' lang='lat' dir='ltr'><strong>apud</strong></span> <span class='ocrx_word' id='word_1_811' title='bbox 3192 5724 3371 5781; x_wconf 85' lang='lat' dir='ltr'><strong>regem</strong></span> <span class='ocrx_word' id='word_1_812' title='bbox 3395 5711 3582 5759; x_wconf 80' lang='lat' dir='ltr'><strong>aucto-</strong></span> 
     </span>
    </p>
   </div>
  </div>
