3910 6218
521 264 654 335 1111

1699 264 2139 330 iNlCEl‘llORl
2185 266 2526 327 CALLISTI

3531 272 3632 340 1112

521 382 684 436 ritate
714 379 916 445 valent,
950 376 1093 449 apud
1113 365 1324 449 seipsos
1347 380 1785 443 macerahautur,
1807 379 2080 449 variisque

2202 380 2227 429 i’
2257 378 2401 430 οὗτοι
2432 378 2579 446 παρὰ
2611 377 2684 446 τῷ
2716 374 2863 443 σφῶν
2891 376 3127 446 ἰσχύουσι
3159 375 3401 448 βασιλεῖ),
3434 383 3632 441 καθ’ὲα).

520 471 947 543 cegitationibus
969 470 1301 538 :estuabant,
1328 486 1398 526 ne
1424 487 1530 525 una
1563 487 1689 526 cum
1711 487 1774 526 ea
1796 488 1901 541 qua
1926 472 2079 526 illum

522 561 954 631 prosequebatur
996 559 1313 626 affectione,
1345 561 1664 631 religionem
1716 576 1934 631 quoque
1965 561 2084 632 ejus

522 654 1001 723 complecteretur,
1029 659 1355 707 metuentes.
1384 652 1517 707 Nam
1538 652 1733 721 capitis
1748 668 1967 722 quoque
1984 654 2084 707 do-

525 746 694 799 lorem
712 758 929 814 gravem
962 752 1019 798 et
1041 744 1510 815 diuturnum,fquo
1527 744 1830 814 lsdigerdes
1858 745 2086 801 afllictus

524 835 723 898 fuerat,
776 834 1057 889 Maruthas
1109 836 1443 905 precatione,
1492 836 1603 891 Deo
1626 846 1872 902 exorato,
1897 841 2084 893 statim

524 934 842 980 curaverat:
873 925 1037 998 473
1086 927 1231 997 quod
1278 921 1425 999 Magi
1485 944 1608 984 cum
1652 930 1834 985 omnia
1880 939 2084 985 tentas-

522 1023 665 1080 sent,
716 1024 883 1085 atque
934 1018 1210 1085 egissent,
1245 1018 1458 1073 efﬁcere
1522 1035 1580 1074 se
1622 1035 1779 1089 posse
1831 1020 2087 1090 despera-

523 1115 734 1161 verant.
789 1105 1141 1178 QuaprOpter
1195 1109 1323 1164 dolo
1374 1125 1555 1180 regem
1608 1110 1828 1181 aggredi
1878 1120 2084 1167 statue-

528 1206 671 1251 runt.
702 1197 1156 1270 Quandoquidem
1220 1200 1398 1257 Persae
1421 1203 1594 1272 ignem
1629 1211 1884 1273 tanquam
1917 1203 2083 1259 Deum

526 1287 735 1351 colunt,
787 1300 845 1344 et
900 1306 1086 1361 magos
1115 1305 1209 1346 eos
1270 1292 1542 1362 appellant
1571 1292 1661 1361 qui
1714 1293 1977 1348 elementa
2031 1281 2087 1348 in

529 1395 820 1434 numerum
853 1381 1083 1437 deorum
1111 1383 1375 1448 referunt,
1407 1390 1461 1437 et
1483 1398 1574 1436 rex
1602 1399 1666 1438 ex
1692 1386 2089 1440 consuetudine

529 1475 855 1536 perpetuum
924 1470 1105 1541 ignem
1162 1472 1431 1535 adoravit,
1470 1472 1649 1527 virum
1676 1475 1968 1543 quemdam
2030 1477 2086 1531 in

527 1560 726 1615 fossam
749 1564 852 1618 sub
881 1576 1023 1620 terra
1045 1581 1112 1623 eo
1135 1575 1380 1638 tempore
1398 1584 1507 1638 quo
1539 1585 1633 1625 rex
1663 1569 1922 1624 advenire
1955 1569 2087 1623 soli-

528 1658 615 1705 tus
667 1663 785 1708 erat
811 1655 1177 1720 demiserunt,
1225 1674 1460 1729 eumque
1516 1660 1682 1716 verba
1771 1661 1889 1716 haec
1949 1660 2086 1731 Magi

528 1742 869 1811 proclamare
916 1748 1204 1818 jusserunt

525 1849 687 1901 quem
745 1836 891 1892 Deus
956 1839 1184 1909 impium
1234 1842 1531 1912 judicaret,
1600 1838 1745 1912 quod
1805 1852 2089 1910 tantopere

526 1925 846 1996 episcopum
889 1929 1327 1986 Christianorum
1357 1935 1466 1988 Deo
1502 1934 1728 1988 charum
1750 1934 2087 1997 existimans,

528 2026 763 2069 amaret.
795 2034 815 2067 ι
851 2017 1006 2082 Quod
1043 2019 1136 2073 ubi
1167 2021 1330 2075 Persa
1379 2021 1608 2085 audivit,
1647 2022 1952 2077 Marutham
1991 2022 2091 2076 ho-

531 2116 683 2162 neste
735 2108 953 2178 quidem
1027 2119 1083 2166 et
1134 2121 1468 2178 reverenter,
1518 2113 1743 2169 omnino
1771 2123 1949 2170 tamen
1979 2130 2091 2173 ase

534 2199 817 2270 rejiciendi
853 2203 1139 2258 consilium
1167 2205 1331 2275 cepit.
1378 2206 1656 2262 Maruthas
1698 2223 1799 2278 pro
1827 2223 1928 2263 suo
1964 2224 2091 2279 erga

533 2292 701 2345 Deum
765 2307 953 2348 amore
1001 2296 1417 2364 precationibus
1448 2298 1825 2355 vehementius
1875 2301 2092 2355 incum-

533 2383 686 2447 bens,
731 2384 987 2453 perfacile
1040 2385 1328 2443 Persarum
1378 2388 1560 2443 dolum
1618 2391 1843 2445 edoctus
1899 2400 2093 2446 estzet

528 2471 861 2543 lsdigerdem
903 2477 1135 2532 adiens:
1173 2496 1191 2530 ι
1224 2479 1302 2534 Ne
1335 2480 1409 2534 ita
1441 2480 1571 2535 illud
1617 2481 1738 2547 tibi,
1762 2482 1858 2547 ait,
1887 2493 2090 2552 patere,

532 2582 567 2620 ο
590 2582 707 2623 rex.
741 2568 847 2623 Sed
880 2571 1177 2628 sacrarium
1202 2573 1505 2642 ingressus.
1533 2588 1656 2629 cum
1689 2574 1753 2628 ad
1781 2582 1833 2628 te
1865 2575 2092 2644 perferri

534 2675 721 2716 vocem
742 2662 1006 2727 senseris,
1038 2663 1205 2719 eﬂ‘odi
1242 2672 1444 2719 terram
1457 2666 1673 2736 jubeto,
1697 2674 1752 2720 et
1783 2666 1943 2721 dolus
1978 2667 2093 2735 ipse

531 2753 719 2809 statim
772 2755 1000 2824 patebit.
1060 2756 1205 2827 Ignis
1250 2759 1395 2813 enim
1441 2774 1632 2814 vocem
1666 2758 1851 2824 edere,
1888 2766 1946 2811 ut
1999 2758 2090 2826 qui

537 2844 870 2902 inanimatus
929 2847 1020 2913 sit,
1049 2848 1472 2919 haudquaquam
1506 2856 1681 2916 potest
1714 2865 1727 2903 :
1782 2848 1875 2902 sed
1906 2847 2096 2901 fraude

537 2941 771 2991 humana
835 2938 1014 2994 fabula
1045 2941 1160 2996 haec
1183 2941 1432 2995 instituta
1466 2948 1567 2995 est.
1599 2959 1618 2991 ι
1661 2941 1775 2994 Rex
1798 2939 1981 2995 verbis
2013 2943 2094 2995 eis

2188 470 2315 531 τοὺς
2359 466 2733 532 ὐπεκνίζοντο,
2784 469 2877 520 καὶ
2922 469 3211 538 ἀνωμάλως
3262 468 3391 540 εἶχον
3422 474 3510 526 τῶν
3528 477 3631 545 ium.

2192 561 2368 629 σμῶν,
2397 560 2696 623 δεδοικότες
2726 560 2801 631 μὴ
2823 562 2887 629 τῇ
2915 563 3047 629 πρὸς
3076 563 3268 623 ἐκεῖνον
3310 569 3480 635 στοργῇ
3509 569 3576 620 καὶ
3595 572 3635 624 ti

2189 650 2399 705 ἐκείνου
2442 650 2605 713 σέὸας
2662 651 3002 718 ἀσπάσηται.
3057 651 3164 704 Καὶ
3207 653 3305 720 γὰρ
3356 656 3436 706 καὶ
3465 659 3635 724 κεφαλῆς

2191 742 2351 809 ἄλγος
2375 741 2591 813 χρόνιον
2626 742 2719 793 καὶ
2768 741 2959 803 δεινῶς
3000 741 3179 804 πιέζον
3220 740 3521 812 Ὶσδιγέρδην,
3555 749 3637 799 tua.

2194 832 2391 904 ρουθῶς
2446 832 2634 902 εὐχαῖς
2679 832 2740 885 τδ
2773 832 2921 886 Θείον
2974 832 3307 897 ἐκδυσωπῶν,
3353 835 3486 896 εὐθὺς
3509 837 3637 907 illepi-

2191 939 2390 977 πευενο
2446 923 2474 976 6
2527 924 2710 992 Μάγοι
2770 923 2952 976 πάντα
3011 923 3306 992 πράξαντες
3359 926 3639 995 ἀπηγόρενον.

2206 1014 2416 1088 Ἀπάτη
2484 1014 2613 1084 γοῦν
2678 1014 2955 1084 μετελθεῖν
3014 1015 3301 1083 ἐπειρῶντο
3336 1016 3417 1066 τὶν
3460 1016 3639 1086 βασιλέα.

2203 1109 2356 1163 Ἐπεὶ
2385 1107 2517 1177 γοῦν
2541 1109 2589 1161 oi
2618 1108 2829 1178 Πέρσαι
2863 1106 2924 1161 τὸ
2947 1106 3056 1177 πῦρ
3084 1107 3155 1169 ὡς
3179 1107 3364 1161 ἐπίπαν
3382 1108 3639 1178 λατρεύονσι,

2193 1198 2287 1250 καὶ
2309 1197 2521 1267 μάγους
2547 1196 2792 1259 ἐκείνους
2818 1196 3081 1249 καλοῦσιν
3104 1197 3152 1252 οῖ
3176 1197 3241 1248 τὰ
3269 1200 3478 1266 στοιχεῖα
3500 1199 3641 1267 μᾶλλον

2194 1289 2561 1343 θεοποιοῦσιν·
2592 1288 2781 1349 εἰωθὸς
2804 1288 2849 1340 δ’
2879 1283 2948 1358 ἦν
2979 1287 3184 1358 βασιλεῖ
3201 1288 3257 1339 τὸ
3288 1289 3510 1358 διηνεκῶς
3539 1270 3643 1343 κοιί-

2198 1397 2356 1449 μενον
2389 1381 2501 1450 πῦρ
2535 1382 2890 1448 προσκυνεῖν,
2923 1378 3094 1448 ἄνδρα
3113 1380 3231 1432 τινὰ
3257 1380 3350 1432 ὑπὸ
3375 1380 3460 1449 γῆν
3482 1382 3644 1449 smpi-

2196 1472 2402 1537 ξαντες,
2423 1467 2465 1540 ᾧ
2487 1472 2668 1525 εἰώθει
2690 1473 2897 1547 ἐκεῖνος
2916 1470 3095 1541 καιρῷ
3119 1471 3375 1542 ἔρχεσθαι,
3394 1474 3644 1540 φθέγγεσθαι

2195 1565 2535 1634 παρηγγύων
2586 1566 2634 1619 oi
2690 1565 2888 1636 μάγοιυ
2930 1583 2951 1616 ι
2992 1565 3135 1631 Ἕξω
3180 1564 3346 1635 θυρῶν
3388 1565 3464 1617 τὸν
3488 1566 3646 1636 βασιλέα

2196 1656 2393 1727 χρῆναι
2427 1657 2705 1724 γενέσθαι,
2759 1658 2936 1723 ἀσεσῆ
2999 1658 3107 1727 γὰρ
3141 1658 3216 1726 τῷ
3259 1658 3374 1729 θείῳ
3418 1648 3645 1726 κρίνεσθαι,

1255 1767 1270 1805 :
1320 1751 1524 1806 «Exire
1578 1759 1833 1822 oportere
1906 1767 2087 1822 regem

2202 1750 2385 1819 ὅτιπερ
2437 1746 2525 1802 οἷα
2574 1749 2797 1820 θεοφιλῆ
2825 1751 2918 1803 τον
2946 1752 3097 1819 ίερὲα
3125 1752 3438 1819 Χριστιανῶν
3478 1754 3648 1821 νομίζων

2190 1840 2560 1910 διαφερόντως
2592 1841 2797 1911 φιλοίη.
2849 1860 2871 1894 ι
2919 1844 2985 1896 Ὃ
3019 1842 3133 1913 δῆτ’
3188 1842 3452 1903 ἀκοῦσαςδ
3477 1843 3645 1914 Πέρσης,

2191 1930 2509 1991 ἐϐουλεύετο
2556 1933 2647 1986 τὸν
2699 1934 3026 2004 Μαρουθᾶν,
3083 1935 3220 1988 αἰδοῖ
3259 1936 3368 2004 μὲν,
3389 1936 3558 2005 ἤμωςδ
3580 1934 3646 1993 οὖν

2191 2022 2284 2090 ἀφ’
2313 2023 2510 2077 ἑαυτοῦ
2554 2024 2796 2095 βάλλειν.
2836 2025 2896 2080 '0
2925 2026 2986 2080 δὲ
3034 2028 3322 2097 Μαρουθὶς
3343 2027 3409 2097 τῷ
3434 2029 3536 2098 πρὸς
3554 2029 3644 2081 Θεὸν

2193 2112 2401 2187 φίλτρῳ
2454 2117 2576 2180 ταῖς
2628 2118 2816 2191 εὐχαῖς
2865 2119 3015 2188 μάλα
3073 2122 3460 2189 προσκείμενος,
3510 2121 3649 2191 ῥᾳδίως

2194 2203 2416 2271 ἐμυεῖτο
2453 2205 2577 2258 ὅθεν
2629 2209 2658 2260 6
2698 2207 2852 2271 δόλος
2909 2210 3025 2272 τοῖς
3080 2211 3310 2283 Πέρσαις
3349 2211 3550 2277 ἐγένετο⁹
3587 2213 3649 2264 καί

2194 2293 2436 2365 προσιὼν
2470 2296 2793 2371 ἰσδιγέρδῃ,
2824 2317 2843 2350 ι
2883 2294 3152 2369 Μὴόὐτω
3196 2303 3393 2366 παίζου,
3439 2301 3561 2372 φησὶ,
3586 2301 3650 2372 βίη

2197 2387 2342 2441 σιλεῦ
2360 2405 2373 2420 ·
2398 2387 2513 2441 ἀλλ’
2546 2391 2752 2452 εἰσιὼν,
2785 2391 2873 2444 ὅτε
2916 2408 2998 2446 σοι
3025 2395 3452 2462 προσυπαντῆσαι
3479 2395 3553 2460 τὴν
3574 2410 3651 2460 φω-

2194 2481 2292 2550 νὴν
2325 2479 2556 2546 αἴσθοιο,
2593 2481 2864 2551 empse“
2894 2483 3142 2544 κάτωθεν
3172 2485 3349 2537 κέλευε
3369 2502 3381 2515 ·
3408 2486 3481 2538 καὶ
3503 2488 3526 2540 6
3548 2485 3653 2547 δόλος

2197 2571 2487 2642 πρόχειρος
2541 2571 2696 2628 ἔσται
2749 2576 3099 2645 φαινόμενος.
3144 2577 3216 2632 Τὸ
3243 2580 3341 2648 γὰρ
3372 2578 3464 2647 πῦρ
3487 2578 3656 2645 φθέγγε-

2197 2665 2319 2718 σθαι
2349 2665 2600 2736 οὐδαμῶς
2630 2666 2746 2719 ἐστι
2772 2682 2784 2696 ⁸
2819 2667 2937 2730 πῶς
2989 2669 3122 2738 γὰρ,
3172 2668 3365 2738 ἄψυχον
3379 2670 3459 2734 6v;
3486 2668 3573 2722 ἀλλ’
3594 2670 3655 2721 ἀν-

2196 2755 2440 2825 θρωπίνη
2478 2756 2639 2828 τέχνη
2667 2756 2823 2810 τοῦτο
2846 2759 3273 2829 δραματουργεῖ.
3304 2779 3320 2811 ι
3344 2760 3555 2817 Πείθεται
3578 2760 3656 2819 τοῖς

2198 2848 2439 2917 ῥήμασιν
2508 2847 2858 2920 ’ἰσδιγέρδης.
2911 2848 3069 2903 Ἐπεὶ
3126 2852 3182 2905 δὲ
3214 2854 3301 2905 καὶ
3340 2851 3476 2914 abit;
3516 2852 3578 2911 είς
3596 2849 3657 2901 τὸν

2195 2931 2436 2987 οἰκίσκον
2469 2933 2665 3004 εἰσῄει,
2722 2935 2851 2988 ἔνθα
2886 2936 2951 2989 τὸ
2979 2936 3244 2993 ἄσϐεστον
3276 2940 3375 3009 πῦρ
3400 2940 3658 3009 ἐφρουρεῖτο,

534 3031 877 3099 obsequitur.
900 3033 1077 3102 Atque
1104 3031 1195 3086 ubi
1232 3046 1447 3086 rursum
1480 3031 1534 3085 in
1565 3029 1848 3086 aediculam
1889 3044 2006 3084 eam
2038 3031 2088 3083 in

2202 3028 2294 3080 καὶ
2347 3026 2448 3095 τῆς
2481 3028 2606 3097 ίσης
2647 3028 2960 3100 μετειλήχει
2995 3032 3199 3102 φωνῆς,
3245 3033 3424 3085 αὐτίκα
3446 3033 3521 3084 τὸν
3546 3031 3658 3082 τόπον

537 3135 645 3188 qua
708 3131 1006 3190 perpetuus
1060 3121 1200 3191 ignis
1241 3122 1647 3185 asservabatur,
1694 3121 1995 3191 ingressus,
2039 3128 2092 3171 et

533 3212 723 3267 eadem
745 3227 848 3265 vox
874 3211 941 3265 ad
970 3226 1096 3264 eum
1117 3210 1292 3266 delata
1317 3219 1420 3276 est,
1461 3210 1610 3265 illico
1640 3208 1807 3264 effodi
1855 3224 1981 3262 eum
2020 3210 2095 3262 io-

534 3320 659 3359 cum
713 3304 892 3374 jubct,
922 3304 1087 3374 etqui
1143 3307 1247 3359 sub
1284 3312 1428 3357 terra
1453 3302 1617 3357 deum
1641 3316 1699 3356 se
1742 3301 2098 3357 assimulave-

535 3408 640 3461 rat,
658 3398 903 3453 mortalis
918 3413 1040 3452 esse
1062 3396 1516 3467 deprehenditur.
1536 3395 1720 3464 Itaque
1749 3394 1827 3448 ira
1856 3395 2097 3463 percitus

532 3488 720 3551 Persa,
771 3501 1053 3557 magorum
1095 3502 1267 3556 genus
1303 3484 1612 3540 deeimavit.
1632 3483 1746 3550 Qua
1771 3499 1828 3537 re
1855 3492 1929 3537 tta
1954 3493 2094 3545 acta,

534 3579 794 3635 Harutha:
823 3589 1156 3649 praeceptum
1182 3588 1288 3641 est,
1321 3586 1727 3647 utquocunque
1757 3574 1921 3629 vellet
1952 3574 2095 3638 loco,

534 3675 589 3726 iu
660 3672 952 3727 Persarum
1004 3680 1143 3724 terra
1196 3670 1482 3725 ecclesiam
1548 3677 1879 3723 exstrueret.
1943 3665 2097 3722 Unde

533 3766 987 3821 Christianismus
1011 3765 1063 3818 in
1095 3764 1236 3823 dics.
1260 3761 1857 3834 propemodum,etiam
1882 3760 1935 3815 iu
1964 3760 2099 3816 Per-

536 3875 719 3915 sarum
754 3857 953 3914 finibus
991 3858 1160 3913 libere
1221 3868 1552 3928 propagatus
1591 3866 1695 3912 est.
1723 3854 2100 3909 Maruthasle—

536 3955 756 4021 gatioue
770 3967 838 4008 eo
868 3961 1116 4019 tempore
1148 3960 1297 4005 recte
1324 3948 1593 4011 confecta,
1634 3946 2101 4014 Constantinopo-

535 4048 630 4101 lim
656 4056 741 4102 est
771 4059 1049 4099 reversus.
1086 4042 1150 4096 Et
1186 4057 1309 4097 cum
1341 4043 1540 4096 iterum
1563 4049 1837 4095 oratorem
1888 4038 1945 4093 in
1975 4038 2103 4093 Per-

538 4140 714 4193 sitlem
745 4137 885 4192 mitti
909 4143 1207 4205 oporteret,
1237 4134 1418 4189 denuo
1441 4132 1767 4201 legationem
1787 4146 1907 4186 eam
1941 4129 2097 4186 obiit.

537 4232 673 4302 Magi
691 4239 870 4284 autem
894 4228 1037 4283 idem
1060 4227 1207 4297 quod
1229 4238 1386 4283 antea
1409 4224 1792 4289 moliebantur,
1815 4222 1919 4277 hoc
1944 4238 2104 4292 agen-

542 4332 646 4386 tes,
662 4329 722 4376 ut
739 4336 806 4375 ne
822 4335 913 4374 rex
931 4333 998 4373 eo
1014 4316 1175 4377 sicuti
1192 4318 1344 4388 prius
1361 4326 1794 4378 uteretur,neve,
1814 4315 1953 4385 apud
1970 4328 2095 4368 eum

2198 3120 2445 3190 ὀρύττειν
2469 3120 2685 3175 ἐκέλευε
2713 3138 2726 3153 σ
2761 3124 2855 3175 καὶ
2880 3125 2908 3176 6
2935 3125 3185 3177 κάτωθεν
3220 3124 3332 3186 θεὸς
3353 3119 3472 3177 εἶναι
3494 3123 3661 3185 ὐποκρις

2199 3212 2417 3280 νδμενος
2442 3213 2730 3282 ἄνθρωπος
2755 3211 2896 3268 εἶναι
2955 3216 3240 3287 ἠλέγχετο.
3295 3212 3551 3284 Περιοργὴς
3598 3206 3661 3263 οὖν

2197 3304 2484 3373 γενόμενος
2504 3306 2594 3359 διὰ
2622 3306 2784 3360 τοῦτο
2810 3310 2838 3361 6
2874 3308 3117 3378 Πέρσης,
3152 3311 3211 3361 τὺ
3234 3308 3334 3361 τῶν
3365 3308 3526 3376 μάγων
3551 3305 3664 3371 γένος

2197 3394 2634 3452 ἀπεδεκὰτωσεν.
2665 3391 2744 3453 υῦ
2774 3399 3104 3467 γενομένου,
3140 3398 3392 3470 Μαρουοᾷ
3417 3395 3663 3454 ἐνετέλλετο,

2196 3488 2319 3540 ὅποι
2347 3487 2410 3557 δὴ
2439 3488 2747 3560 βουλομένῳ
2779 3490 2866 3559 εῐη
2899 3490 2996 3556 τῆς
3042 3491 3267 3562 Περσῶν
3309 3491 3420 3559 γῆς,
3446 3485 3667 3554 ἐκκλησίαν

2198 3579 2504 3649 ἐξανιστᾷν.
2537 3581 2898 3635 Κάντεῦθενδ
2945 3584 3377 3652 Χριστιανισμὶς
3422 3579 3666 3648 nam“

2197 3668 2273 3730 ὡς
2305 3670 2481 3723 εἰπεῖν
2515 3672 2610 3723 καὶ
2643 3672 2793 3743 παρὰ
2814 3674 2927 3735 τοῖς
2957 3673 3184 3742 Περσῶν
3205 3675 3365 3744 ὁρίοις
3385 3670 3528 3731 ἀδεῶς
3554 3667 3668 3721 ἐπλα-

2199 3760 2405 3817 τύνετο.
2465 3764 2574 3816 Καὶ
2628 3765 2657 3816 6
2691 3764 2792 3833 μὲν
2845 3765 3167 3832 Μαρουθᾶς,
3220 3765 3335 3818 τότε
3360 3763 3446 3832 μὲν
3471 3762 3549 3831 τῆς
3575 3773 3669 3827 πρε·

2202 3854 2385 3918 σὸείας
2433 3859 2482 3908 ot
2518 3855 2865 3927 τελεσθείσης
2922 3858 3008 3926 ἐφ’
3061 3854 3106 3925 ᾧ
3136 3857 3465 3928 παρεγένετο,
3509 3854 3583 3907 ἐπὶ
3604 3851 3671 3918 τὴν

2200 3948 2615 4003 Κωνσταντίνου
2670 3950 2983 4022 ὑπέστρεφε
3003 3967 3017 3983 ’
3074 3951 3271 4020 δεῆσαν
3295 3950 3345 4003 δὲ
3372 3948 3512 4001 πάλιν
3532 3944 3669 4005 ἐλθεῖν,

2201 4036 2579 4107 ἀντεπέμπετο
2602 4038 2902 4107 πρεσϐείαν
2936 4040 3213 4111 πράττων.
3247 4040 3306 4093 Οί
3326 4039 3379 4093 δὲ
3409 4038 3547 4107 μάγοι
3563 4027 3672 4091 αὖθις

2200 4128 2270 4181 τὰ
2304 4127 2396 4181 ῐσα
2423 4129 2826 4199 σκευωροῦντες
2852 4126 3011 4201 ἦσαν,
3049 4129 3443 4199 οἰκονομοῦντες
3469 4127 3528 4187 ὡς
3556 4124 3605 4177 ἂν
3622 4123 3671 4189 μὴ

2203 4219 2402 4290 ἐπίσης
2422 4220 2572 4294 αὐτῷ
2603 4221 2780 4293 χρῷτο
2806 4224 2834 4276 6
2874 4222 3155 4292 βασιλεὺς,
3179 4224 3277 4277 ὅσα
3304 4237 3365 4289 γε
3389 4221 3447 4273 τὰ
3467 4219 3513 4279 ἐς
3536 4213 3672 4281 “illi”-

2207 4312 2312 4367 Καὶ
2335 4311 2401 4382 δὴ
2430 4315 2644 4383 μηχανῇ
2680 4330 2787 4366 τινι
2810 4313 3090 4385 ἀφόρητόν
3122 4332 3243 4367 τινα
3278 4311 3537 4379 δυσοδμίαν
3559 4305 3673 4371 ἐνήρσ

544 4418 600 4469 iu
628 4420 776 4468 tanto
806 4408 1201 4467 essethonore.
1238 4409 1305 4462 Et
1340 4414 1455 4461 arte
1496 4416 1658 4474 atque
1700 4406 2094 4461 machinatione

2206 4418 2360 4467 γουν,
2396 4402 2521 4457 ὅθεν
2549 4403 2740 4467 είωθὸς
2775 4399 2843 4475 ἦν
2891 4404 3087 4473 ἐκείνῳ
3133 4405 3448 4475 διέρχεσθαι.
3476 4400 3561 4453 Καὶ
3584 4395 3676 4463 συρο

543 4501 779 4574 quadam
805 4515 873 4556 eo
902 4500 1021 4555 loco
1046 4496 1449 4552 intolerandum
1478 4496 1798 4579 excitarunt
1822 4495 2096 4559 faetorem,

539 4612 648 4665 quo
678 4611 771 4655 rex
805 4607 957 4647 more
987 4606 1087 4646 suo
1116 4588 1537 4644 deambulabat:
1561 4599 1727 4656 atque
1756 4587 1979 4655 insuper
2010 4600 2103 4640 ca-

540 4685 802 4743 lumuiam
832 4681 1233 4743 conﬁnxerunt,
1279 4678 1531 4735 faetorem
1588 4693 1711 4731 eum
1748 4692 1777 4729 a
1804 4675 2102 4731 Christiani

540 4774 784 4846 episcopi
815 4773 1110 4830 comitibus
1133 4786 1251 4826 esse
1302 4769 1683 4825 subornatum.
1718 4766 1883 4843 474
1942 4766 2102 4820 Prin-

543 4883 673 4937 ceps
720 4881 850 4921 vero
904 4865 1104 4934 Magos,
1139 4879 1206 4918 ex
1228 4876 1295 4917 eo
1321 4861 1466 4931 quod
1489 4875 1646 4917 antea
1676 4858 1919 4914 fecerant
1957 4856 2104 4925 judi-

541 4975 691 5026 mns,
719 4968 772 5013 et
804 4971 991 5012 eorum
1020 4969 1235 5026 quoque
1264 4954 1316 5008 id
1348 4953 1627 5007 inventum
1652 4966 1771 5006 esse
1820 4959 2104 5019 suspectos

544 5052 774 5114 habens,
825 5047 1011 5103 studio
1059 5046 1205 5101 omni
1229 5054 1478 5102 auctores
1522 5045 1639 5115 ejus
1670 5043 1743 5097 rei
1796 5041 2103 5111 inquisivit.

549 5143 649 5196 tibi
719 5140 797 5195 illi
850 5154 1068 5197 rursum
1124 5137 1348 5208 pessimi
1398 5136 1546 5191 illius
1576 5134 1761 5191 odoris
1799 5144 2104 5207 patratores

542 5250 663 5290 esse
716 5231 985 5302 comperti
1025 5240 1176 5297 sunt,
1236 5229 1536 5299 permultos
1590 5228 1772 5283 deuuo
1814 5226 2103 5296 suppliciis

545 5326 831 5382 subdidit:
865 5323 1168 5378 Marutham
1206 5331 1386 5375 autem
1419 5321 1622 5391 majore
1646 5321 1809 5377 etiam
1841 5333 2103 5389 prosccu-

547 5432 635 5476 tus
657 5427 743 5477 est
766 5418 996 5472 honore.
1029 5412 1370 5481 Proindequc
1387 5411 1660 5465 Ronmnos
1686 5410 1897 5473 dilexit,
1928 5419 1983 5463 et
2003 5409 2106 5462 mi—

545 5512 694 5568 rifice
750 5509 1045 5566 amicitiam
1101 5522 1289 5562 eorum
1321 5504 1508 5559 coluit.
1542 5502 1866 5570 Quinetiam
1918 5517 2105 5556 amore

545 5601 928 5679 desiderioque
946 5601 1151 5673 ingenti
1177 5599 1373 5655 ductus
1394 5597 1741 5680 Christianus
1761 5595 1875 5653 fieri
1907 5594 2105 5661 voluit,

2207 4490 2503 4559 ῥίπτοντες
2537 4492 2592 4543 ἐν
2621 4491 2897 4555 διαϐολαῖς
2929 4489 3091 4560 ἦσαν,
3124 4492 3201 4555 ὡς
3234 4495 3338 4563 ἄρα
3364 4490 3538 4555 ταύτην
3566 4485 3602 4535 oi
3622 4479 3674 4546 τῷ

2207 4583 2345 4652 ίερεῖ
2394 4584 2744 4653 Χριστιανῶν
2778 4586 3031 4649 συνόντες
3061 4585 3302 4638 ἐποίουν.
3348 4584 3428 4637 Ἐν
3456 4570 3673 4645 ὑποψίᾳᾶ

2204 4672 2280 4726 ὢν
2308 4674 2336 4727 6
2367 4673 2583 4744 κρατῶν
2609 4677 2721 4739 τοῖς
2768 4675 3010 4743 φθάσασι
3048 4679 3146 4731 καὶ
3169 4676 3368 4744 ταύτην
3394 4673 3503 4732 τούς
3528 4668 3675 4737 piro”;

2205 4765 2615 4836 ρᾳδιουργῆσαι,
2673 4767 2876 4838 σπουδῇ
2918 4770 2982 4839 τῇ
3019 4770 3174 4839 πάσῃ
3205 4768 3324 4827 τοὺς
3356 4761 3578 4818 αὐθέντας
3609 4750 3674 4817 τῆς

2203 4855 2455 4927 πράξεως
2511 4858 2814 4928 ἀνιχνεύων
2864 4859 3094 4928 ἡρεύνα.
3137 4861 3225 4922 Ὠς
3262 4858 3306 4910 δ’
3345 4856 3398 4919 ἐξ
3420 4842 3675 4906 ὲκείκὶωνκιὶ

2205 4944 2361 5013 αὖθις
2387 4950 2439 5002 οί
2462 4950 2875 5020 δραματουργοὶ
2912 4952 3013 5022 τῆς
3050 4952 3320 5020 κακίστης
3346 4947 3495 5015 ὀδμῆς
3516 4933 3675 5008 ἐγνωρί-

2203 5041 2377 5105 ζοντο,
2439 5041 2667 5104 πολλοὺς
2717 5042 2826 5096 τῶν
2870 5044 3062 5111 μάγων
3128 5044 3226 5095 καὶ
3281 5039 3423 5101 αὐθις
3454 5031 3675 5102 τιμωρίαις

2203 5132 2415 5203 ὑπῆγε·
2440 5132 2530 5185 τδν
2553 5133 2609 5186 δὲ
2633 5133 2931 5203 Μαρουθᾶν
2965 5134 3056 5187 και
3080 5136 3139 5187 ἐν
3170 5133 3371 5201 μείζονι
3396 5127 3539 5194 ἀνῆγε
3563 5117 3673 5184 τιμῇ·

2203 5210 2513 5283 Κάντεῦθὲν
2540 5240 2600 5277 τε
2647 5223 2954 5294 Ῥωμαίους
2985 5226 3194 5294 ἠγάπα,
3220 5225 3309 5276 καὶ
3342 5213 3591 5286 ὑπερφυῶς
3612 5207 3676 5275 τὴν

2202 5314 2340 5383 πρὸς
2371 5315 2616 5377 ἐκείνους
2658 5316 2847 5384 φιλίαν
2881 5318 3186 5386 ἠσπάζετο.
3236 5312 3394 5383 Τῴδὲ
3424 5297 3676 5393 mihiea;

2202 5424 2318 5478 τρῳ
2354 5408 2446 5461 καὶ
2474 5408 2859 5478 Χριστιανίσαι
2890 5410 2949 5460 ἐν
2973 5408 3049 5477 νῷ
3074 5407 3246 5471 ἔθετο,
3283 5402 3410 5471 ἄλλῃ
3438 5398 3577 5464 πείρὲ
3612 5402 3677 5440 τον

2203 5497 2490 5568 Μαρουθᾶ,
2542 5499 2607 5567 ἦν
2669 5499 2843 5552 ἐποίει
2877 5497 3073 5569 σύναμ’
3139 5496 3304 5566 ’Δδδᾷ
3334 5500 3407 5563 τῷ
3458 5479 3674 5569 intendat?

2206 5566 2487 5663 Περσίδος,
2522 5591 2705 5665 εὐχαῖς
2740 5566 3030 5656 συντόνοις*
3063 5586 3483 5662 ἐγκαρτερήσας,
3516 5573 3590 5631 καὶ
3616 5566 3676 5620 fit
