3910 6218
506 236 646 303 1115

1703 256 2120 318 ΝΙΟΕΡΠΟΒῙ
2163 261 2505 327 CALLISTI

3526 283 3625 354 lllﬁ

503 358 756 414 homines
800 372 923 414 sunt
982 364 1273 431 persecuti.
1309 363 1645 431 Quibusdam
1678 371 1821 423 enim
1873 384 2059 423 manus

2166 391 2284 437 γον.
2314 376 2373 425 Οί
2411 375 2512 443 μὲν
2563 375 2670 447 γὰρ
2724 376 2891 447 tiqu
2922 381 3109 452 χεῖρας
3135 383 3334 438 πελέκει
3369 389 3623 466 ἀφῄρηνται,

504 460 737 517 utraque
789 452 969 506 securi
1007 465 1236 518 resecta,
1271 458 1550 512 nonnullis
1581 468 1731 528 terga
1785 462 2063 515 exeoriata

504 550 656 604 sunt,
691 541 920 603 aliorum
955 544 1228 614 capitibus
1260 547 1414 615 pellis
1444 549 1688 604 detracta
1716 553 1941 606 afronte
1996 552 2074 608 ad

504 643 748 685 mentum
783 649 991 703 usque:
1039 651 1398 704 quorumdam
1455 654 1682 710 corpora
1708 651 1816 696 tota
1842 644 2066 701 calamis

504 723 748 778 discissis
779 725 851 779 illi
889 727 1217 794 operientes,
1246 730 1675 799 cuspidibusque
1705 749 1896 788 eorum
1932 750 2065 789 acu-

504 812 726 867 minatis
755 815 907 869 carni
943 816 1143 883 inﬁxis,
1171 831 1226 874 et
1254 821 1489 877 vinculis
1526 823 1882 880 solidioribus
1908 827 2065 881 insu-

503 919 655 971 pera
709 906 885 973 capite
914 908 1032 976 ipso
1084 914 1148 962 ad
1201 911 1368 980 pedes
1435 928 1608 985 usque
1648 916 2061 989 circumligatis,

502 1013 692 1061 magna
750 1000 799 1053 vi
837 1002 1103 1058 calamum
1142 1021 1473 1076 quemquam
1523 1009 1907 1076 extrahebant,
1943 1011 2066 1066 vin-

499 1087 639 1140 culis
677 1089 808 1158 ipsis
831 1092 991 1147 altius
1018 1109 1235 1150 carnem
1262 1099 1663 1154 subeuntibus:
1700 1110 1760 1153 ut
1796 1102 2063 1157 tractione

499 1178 590 1229 ttli
626 1194 744 1231 eam
774 1184 1023 1251 corporis
1046 1194 1276 1253 partem,
1303 1202 1426 1257 quae
1454 1191 1569 1253 cuti
1596 1190 1901 1259 propinqua
1956 1204 2060 1256 est,

498 1267 841 1337 divcl'entes,
906 1275 1218 1331 acerbiores
1254 1278 1468 1334 dolores
1516 1280 1831 1338 redderent.
1858 1281 1966 1337 Sed
2008 1293 2065 1337 et

496 1357 670 1413 fossas
723 1377 914 1433 magna
965 1381 1097 1421 cura
1157 1368 1452 1438 sepientes,
1508 1372 1744 1426 murium
1806 1373 2062 1428 examina

498 1453 667 1505 multa
706 1452 759 1505 in
784 1469 879 1509 eas
904 1456 1194 1517 demisere.
1260 1468 1317 1514 et
1360 1460 1554 1515 deinde
1602 1463 1921 1518 alimentum
1979 1464 2063 1520 eis

496 1558 639 1596 vera:
672 1546 891 1612 pietatis
924 1549 1178 1603 alumnos
1217 1552 1591 1620 praebuerunt,
1627 1554 1877 1608 manibus
1909 1556 2063 1623 pedi-

501 1633 712 1703 busque
754 1652 945 1692 eorum
967 1641 1207 1695 arctiore
1231 1643 1453 1696 vinculo
1481 1645 1819 1709 constrictis,
1846 1662 1913 1700 ne
1945 1662 1973 1700 a
2006 1661 2063 1700 se

2166 466 2272 515 τῶν
2301 467 2445 519 δὲτὰ
2476 468 2619 521 νῶτα
2666 470 2990 539 ἀτιείδειρςιν⁹
3022 469 3095 525 ὧν
3130 472 3181 526 δὲ
3206 476 3293 528 καὶ⁸
3319 479 3401 541 τὰς
3442 488 3625 553 κεφαλὰς

2166 574 2233 623 γυ
2243 559 2381 623 μνὰς
2402 561 2511 627 ητῆς
2530 560 2690 629 δορᾶς
2715 563 3136 633 ἀπειργάσαντο,
3170 568 3228 619 ἐκ
3252 570 3485 635 μετώπων
3505 578 3625 645 apii.

2170 665 2319 716 μενοι
2345 650 2474 719 ἄχρι
2506 652 2570 721 δὴ
2606 654 2661 715 ἐς
2695 654 2960 720 πώγωνας
2986 654 3178 724 ἔληξαν
3197 674 3211 689 ·
3242 658 3415 722 ἄλλους
3436 664 3483 716 δὲ
3507 670 3626 723 καλά-

2170 758 2305 809 μους
2334 742 2413 804 είς
2436 742 2528 795 δύο
2547 743 2906 812 διαιροῦντες,
2938 750 3033 801 καλ⁵
3064 748 3125 800 τὸ
3157 750 3308 817 σῶμα
3334 751 3521 820 σύμὲταν
3545 762 3631 813 τοῦ.

2165 850 2280 896 τοις
2304 833 2691 899 καλύπτοντες,
2724 839 2818 889 καὶ
2838 838 3141 905 τεμνούσας
3174 842 3369 905 τούτοις
3404 846 3555 910 ἀκίδας
3574 853 3628 919 τῷ

2170 927 2381 989 σώματι
2406 927 2910 996 προσαρμόσαντες,
2936 929 3124 982 ἔπειτα
3165 930 3368 1000 δεσμοῖς
3392 950 3485 988 τισι
3515 943 3629 1008 στερ.

2167 1018 2413 1086 ροτὲροις
2439 1019 2504 1069 ἐκ
2526 1018 2771 1088 κεφαλῆς
2793 1019 2918 1088 ἄχρι
2949 1019 3118 1072 ποδῶν
3144 1022 3431 1092 περικύκλῳ
3451 1026 3627 1094 θέμενοι,

2167 1113 2264 1164 σὺν
2297 1113 2464 1182 πολλῇ
2520 1115 2614 1185 βίᾳ
2666 1114 2773 1167 τῶν
2799 1114 3060 1182 καλάμων
3109 1114 3330 1170 ἕκαστον
3377 1114 3543 1185 εἷλκον,
3573 1124 3624 1191 τᾷ

2165 1204 2350 1273 δεσμῷ
2381 1206 2524 1258 κατά
2551 1205 2715 1275 βάθος
2760 1206 2857 1271 τῆς
2904 1208 3101 1276 σαρκὸς
3132 1208 3471 1275 εἰσδυόμενοι*
3508 1215 3564 1277 ὡς
3584 1214 3628 1266 ἂν

2165 1297 2232 1363 τῇ
2267 1295 2484 1347 ἐλκύσει
2512 1295 2570 1348 τὸ
2600 1297 2735 1369 πρὸς
2764 1297 2823 1348 τὸ
2849 1297 3026 1366 δέρμα
3087 1299 3362 1364 (ειτνιάζον
3385 1300 3465 1353 τοῦ
3496 1305 3630 1370 σῶμα·

2164 1399 2256 1446 τος
2310 1383 2727 1453 παρασύροντες
2774 1387 3111 1454 πικροτέρας
3162 1388 3256 1450 τὰς
3312 1389 3476 1452 ὀδύνας
3514 1393 3631 1461 ἐργά-

2167 1474 2367 1540 ζοιντο.
2407 1476 2571 1529 Ἀλλὰ
2602 1478 2696 1530 καὶ
2744 1478 2982 1540 λάκκους
3017 1478 3255 1547 ἀκριϐῶς
3281 1481 3627 1548 ἁποφράξαντες,

2129 1600 2134 1607 ι
2166 1567 2370 1636 ἀγέλας
2392 1568 2546 1637 μυῶν
2574 1568 2818 1636 μεγάλας
2851 1570 2907 1621 ἐν
2936 1567 3152 1631 τούτοις
3184 1570 3368 1639 ἐνῆκαν
3387 1586 3399 1601 '
3427 1570 3521 1624 εἶτα
3540 1591 3629 1642 τρι-

2167 1660 2270 1730 φὴν
2301 1660 2493 1721 αὐταῖς
2520 1664 2779 1730 παρεῖχον
2805 1662 2932 1723 τοὺς
2961 1661 3256 1731 τροφίμους
3276 1663 3365 1731 τῆς
3388 1664 3628 1728 εὐσεὸείας,

498 1724 620 1779 illos
663 1726 884 1798 abigere
933 1733 1121 1785 conari
1173 1745 1418 1802 possent.
1488 1735 1669 1790 Mures
1697 1745 1883 1791 autem
1919 1736 2059 1792 fame

2165 1724 2264 1813 τάς
2292 1753 2481 1821 χεῖρας
2526 1724 2619 1805 καί,
2646 1724 2772 1814 toi);
2804 1752 2973 1815 πόδας
2999 1724 3196 1822 ⁷δεσμῷ
3237 1724 3530 1824 σφοδροτέρῳ
3554 1724 3634 1808 uti;

497 1815 708 1871 acriore
766 1820 1020 1887 conlecti,
1045 1832 1359 1876 sanctorum
1409 1839 1623 1890 carnes,
1653 1828 1928 1883 intensum
1964 1830 2060 1883 ad-

497 1902 718 1959 modum
750 1915 806 1961 et
853 1923 1074 1977 gravem
1136 1910 1243 1966 illis
1298 1911 1541 1968 dolorem
1583 1914 1901 1981 inferentes,
1965 1934 2060 1972 vo—

496 2007 709 2051 rarnnt.
765 1997 931 2070 476
983 2001 1179 2058 Multas
1210 2019 1338 2059 vero
1362 2014 1417 2060 et
1446 2006 1579 2060 alias
1610 2007 1761 2064 hisce
1810 2010 2063 2065 saeviores

494 2100 788 2155 erumnas,
827 2092 1141 2160 pernicioso
1176 2103 1232 2148 et
1255 2096 1502 2150 veritatis
1534 2098 1756 2154 inimico
1816 2098 2063 2154 daemone

496 2178 755 2247 magistro
809 2182 867 2235 in
896 2184 1058 2241 rebus
1088 2185 1359 2255 ejusmodi
1397 2197 1633 2253 utentes,
1664 2191 2062 2261 excogitarunt.

494 2265 700 2321 Verum
760 2283 939 2326 tamen
964 2289 1284 2343 generosam
1314 2276 1555 2332 virorum
1600 2279 1812 2334 illorum
1839 2280 2061 2335 fortitu-

493 2357 679 2412 dinem
712 2376 816 2415 ιιοι.
856 2365 1201 2422 retuderunt.
1224 2366 1329 2422 Sua
1367 2384 1605 2439 namque
1635 2379 1828 2440 sponte
1863 2371 1940 2427 illi
1997 2387 2057 2429 se

493 2453 804 2516 certamini,
842 2456 907 2509 ad
942 2455 1248 2513 immortale
1287 2472 1344 2515 et
1390 2463 1738 2531 sempiternae
1767 2464 1894 2520 vita:
1927 2479 2060 2522 con-

493 2540 798 2598 ciliaturetn
833 2546 1158 2617 aspirantes,
1189 2550 1528 2607 obtulerunt.

1088 2804 1311 2865 CAPUT
1342 2806 1462 2863 XX.

493 2913 976 2991 De__Achmmenide,
1008 2929 1056 2971 et
1080 2918 1275 2980 Saane,
1305 2930 1354 2976 et
1386 2920 1670 2991 Benjamin
1704 2924 1926 2979 diacono
1952 2941 1969 2979 :
1997 2934 2055 2981 ut

562 2987 775 3088 iidaptnl
813 2987 1005 3041 l’ersas
1034 2991 1321 3046 swvissime
1355 2987 1665 3060 excruciati,
1685 2997 1933 3068 martyrii
1949 2998 2057 3052 sint
2087 3023 2130 3088 ε
2182 3034 2198 3048 .

563 3056 743 3123 adepti
777 3073 1049 3112 coronam.

562 3187 977 3244 Achaemenides
1032 3192 1253 3260 quidam
1278 3192 1442 3263 'apud
1475 3195 1669 3251 Persas
1690 3204 1826 3260 erat,
1858 3197 1949 3266 qui
2009 3204 2063 3252 et

492 3277 811 3333 llormisdes
847 3279 1025 3335 dictus
1068 3291 1172 3349 est,
1207 3283 1463 3352 praefecto
1505 3295 1657 3353 patre
1714 3288 1956 3357 genitus,
1976 3287 2063 3342 vir

464 3369 787 3425 admodum
822 3372 1053 3428 illustris
1081 3383 1137 3428 et
1183 3375 1428 3445 locuples
1452 3393 1467 3435 :
1490 3392 1651 3446 quem
1677 3379 1772 3433 ubi
1794 3377 2063 3435 Christia-

494 3478 776 3517 nutnesse
855 3479 948 3517 rex
1005 3466 1233 3530 audivit,
1281 3469 1334 3522 in
1392 3468 1632 3523 medium
1672 3470 1952 3540 produxit,
2007 3481 2062 3528 et

493 3553 839 3608 Servatorem
868 3556 1136 3626 abnegare
1162 3557 1434 3625 jnssit.At
1460 3559 1550 3613 ille
1617 3561 1762 3629 regis
1797 3561 2061 3632 imperata

491 3663 599 3700 non
626 3647 803 3700 solum
837 3648 1042 3717 iniqua,
1071 3665 1259 3703 verum
1286 3650 1450 3705 etiam
1482 3651 1559 3704 illi
1585 3652 1687 3721 ipsi
1718 3652 2061 3708 incommoda

489 3753 610 3792 esse
630 3740 935 3807 respondit.
969 3759 987 3790 ι
1013 3740 1113 3795 Cui
1137 3741 1283 3799 enim
1313 3757 1377 3797 ea
1399 3744 1697 3799 necessitas
1721 3744 2059 3811 imponatur,

491 3839 552 3883 ut
583 3829 840 3884 facillime
864 3831 1239 3886 universitatis
1278 3833 1442 3905 hujus
1471 3834 1639 3888 Deum
1672 3835 1905 3906 abjuret,
1933 3836 2062 3892 huic

488 3919 649 3990 longe
679 3918 894 3976 facilius
916 3920 1032 3976 fore
1062 3923 1215 3989 dixit,
1244 3940 1426 3993 regem
1453 3924 1784 3994 despiscere,
1810 3936 1975 3997 atque
1991 3925 2059 3982 ad

487 4011 659 4065 alium
694 4013 951 4068 transire.
1013 4015 1215 4085 Regem
1248 4032 1482 4086 namque
1514 4018 1701 4083 etiam,
1733 4018 1900 4073 homo
1930 4032 2057 4073 cum

489 4104 580 4163 sit,
618 4113 863 4158 naturam
897 4104 1021 4159 fatis
1054 4106 1347 4161 obnoxiam
1401 4109 1658 4164 sortitum
1719 4125 1862 4166 esse.
1899 4109 2057 4177 Quod

488 4193 559 4257 si,
593 4195 789 4263 inquit,
821 4197 1373 4252 animadvertendum
1428 4200 1524 4254 tibi
1558 4216 1679 4256 esse
1709 4202 1765 4256 in
1804 4217 1931 4257 eum
1976 4202 2060 4257 vi-

489 4288 671 4348 detur,
699 4290 791 4355 qui
821 4288 1252 4343 dotninationem
1285 4302 1432 4345 tuam
1461 4292 1716 4362 abneget,
1747 4304 2057 4365 sceptrum.

2160 1843 2365 1906 ζοντες,
2391 1842 2477 1895 ἴνα
2504 1842 2578 1911 μὴ
2607 1843 2675 1895 τὰ
2702 1841 2867 1912 θηρία
2893 1843 3005 1896 ἀπὸ
3039 1842 3190 1911 σφῶν
3215 1843 3434 1896 ἐλαύνειν
3463 1846 3632 1914 πειρῷν-

2158 1948 2240 1985 το.
2272 1931 2334 1983 Οἱ
2363 1930 2418 1984 δὲ
2451 1929 2585 1998 μύες
2626 1930 2771 2000 λιμῷ
2808 1931 3031 2002 σφοδρῷ
3085 1932 3412 2001 πιεζόμενοι,
3454 1934 3527 1995 τὰς
3556 1933 3630 1986 τῶν

2160 2023 2334 2093 ἁγίων
2369 2024 2579 2095 σάρκας
2607 2024 2856 2095 δαπάνην
2910 2025 3098 2087 αὐτοῖς
3136 2024 3416 2088 ἐποιοῦντο,
3443 2026 3628 2077 ἐπιτετα-

2165 2119 2333 2187 μένην
2368 2118 2515 2186 μάλα
2542 2117 2637 2171 καὶ
2660 2117 2907 2188 χαλεπὴν
2936 2118 3041 2186 τὴν
3066 2118 3257 2189 ὀδύνην
3284 2119 3632 2188 προσφέροντιςο

2168 2210 2369 2272 πολλὰς
2397 2209 2453 2262 δὲ
2479 2211 2572 2262 καὶ
2601 2210 2770 2273 ἄλλας
2801 2211 2896 2263 καὶ
2923 2211 3180 2280 χείρονας
3211 2211 3242 2281 ἢ
3269 2228 3412 2262 αυται
3443 2209 3631 2261 ἐπενόουν

2165 2301 2563 2370 ταλαιπωρίας,
2582 2302 2673 2355 τδν
2693 2304 2789 2371 τῆς
2820 2303 3084 2373 ἀληθείας
3115 2302 3373 2374 ἀλάστορα
3395 2299 3632 2355 διδάσκαλον

2167 2396 2277 2457 τοῖς
2326 2395 2519 2456 δεινοῖς
2558 2396 2946 2466 ὲπαυχοῦντες.
3008 2397 3198 2468 Ὅμως
3247 2396 3289 2450 δ’
3324 2394 3405 2450 οὖν
3445 2394 3524 2462 τὴν
3559 2393 3635 2445 τῶν

2166 2487 2376 2557 ἀνδρῶν
2408 2487 2631 2540 ἐκείνων
2680 2490 2779 2541 οὐκ
2821 2488 3108 2559 ἤμϐλυναν
3162 2488 3505 2556 γενναιότητα’
3532 2485 3640 2540 αὖτὸ-

2167 2594 2328 2646 ματοι
2361 2577 2470 2646 γὰρ
2500 2580 2718 2649 ἔτρεχον
2745 2579 2820 2650 τῷ
2853 2581 3031 2649 ἀγῶνι
3051 2581 3143 2635 τὸν
3168 2580 3413 2635 ἀθάνατον
3440 2579 3517 2632 καὶ
3537 2577 3639 2646 ζωῆς

2170 2673 2341 2727 ἀϊδίου
2377 2674 2464 2729 τὸν
2499 2676 2767 2745 πρύτανιν
2802 2678 3109 2746 ἐφιέμενοι.

2752 2818 3000 2876 ΚΕΦΑΛ.
3044 2822 3129 2876 ις’.

2162 2909 2297 2981 Περὶ
2340 2910 2773 2981 Ἀχεμαινίδουξ.
2808 2914 2905 2967 καὶ
2960 2913 3217 2978 Σαὰνου,
3279 2911 3369 2965 καί
3430 2908 3644 2981 Βενιαμὶν

2234 2927 2241 2957 ν
2282 2927 2297 2962 ι
2341 2927 2773 2981 Ἀχεμαινισουξ,
2808 2927 2905 2967 καὶ
2960 2927 3217 2978 Σαανου,
3279 2927 3369 2965 και
3430 2927 3644 2971 uariauit-

2234 2927 2521 3035 ἕιακόνου
2538 2999 2557 3013 τ
2585 2982 2667 3047 ὡς
2690 2984 2849 3050 παρὰ
2869 2985 3135 3049 Πέρσαις
3159 2982 3371 3050 πικρῶς
3391 2980 3645 3033 κολασθέν-

2234 3066 2354 3117 τες,
2379 3053 2487 3104 τὸν
2516 3051 2622 3105 τοῦ
2645 3054 2981 3122 μαρτυρίου
3002 3056 3304 3122 στέφανον
3323 3050 3642 3116 ἁνεδήσαντο.

2230 3180 2341 3238 Ἦν
2364 3184 2419 3237 δέ
2453 3202 2533 3248 τις
2563 3184 2715 3254 παρά
2740 3185 2976 3256 Πέρσαις
2994 3184 3374 3256 Ἀχαιμενίδης
3401 3183 3484 3251 τὴν
3505 3180 3645 3248 κλῆσιν

2162 3274 2299 3344 ἀνὴρ
2349 3275 2445 3326 καὶ
2500 3272 2804 3343 Ὀρμισδης
2859 3274 3219 3344 καλούμενος,
3245 3273 3432 3342 πατρὸς
3458 3270 3646 3337 ὑπάρχον

2163 3365 2571 3435 γεγενημένην.
2593 3366 2903 3435 περιφανὴς
2932 3366 3148 3433 ἐσάγαν
3165 3366 3255 3419 καὶ
3279 3363 3473 3432 πλούτῳ
3497 3361 3646 3430 βρίῡων

2163 3458 2344 3527 πολλῷ
2367 3474 2381 3490 ο
2417 3458 2475 3511 δν
2501 3458 2564 3529 δὴ
2590 3458 2918 3527 Χριστιανὸν
2949 3456 3099 3511 εἷναι
3122 3458 3411 3527 πυθόμενος
3433 3452 3646 3525 βασιλεὺς,

2162 3552 2405 3621 προῆγεν
2454 3552 2532 3613 είς
2592 3551 2754 3620 μέσον
2779 3591 2794 3615 ,
2854 3552 2949 3605 καὶ
2986 3552 3084 3604 τὸν
3125 3551 3390 3604 σεσωκότι
3432 3544 3649 3616 ἀρνεῖσθαι

2161 3641 2400 3696 ἐκέλευε.
2428 3644 2538 3696 Καὶ⁵
2564 3641 2623 3705 ὃς
2653 3644 2788 3713 πρὸς
2815 3643 2895 3713 τῷ
2929 3643 3003 3713 μὴ
3031 3644 3242 3705 δίκαια,
3292 3638 3520 3695 ἀλλὀὐδὲ
3546 3653 3650 3703 cup.-

2161 3736 2397 3805 φέροντα
2426 3730 2564 3789 εἶναι
2594 3736 2630 3790 ἃ
2664 3737 3001 3803 προσέταττε
3033 3736 3308 3806 βασιλεὺς,
3336 3736 3532 3800 ἔλεγεν
3564 3722 3649 3796 (Ὅ

2160 3830 2271 3898 γὰρ
2303 3827 2517 3898 ἀνάγκη
2550 3828 2828 3883 ἐπίκειται
2862 3831 2926 3881 ὲκ
2955 3828 3055 3882 τοῦ
3090 3830 3288 3901 ῥᾴστου
3318 3823 3564 3894 ἀρνεῖσθαι
3585 3822 3648 3872 τὸν

2158 3920 2269 3976 τῶν
2294 3921 2431 3974 ὅλων
2462 3920 2619 3986 Θεὸν,
2665 3920 2844 3992 τούτῳ
2870 3920 3111 3992 μάλιστα
3147 3921 3324 3993 ῥᾴδιον
3365 3919 3546 3987 γένοιτο
3583 3913 3649 3965 καὶ

2161 4013 2388 4084 βασιλέα
2411 4016 2801 4084 καταφρονεῖν,
2849 4017 2945 4070 καὶ
2995 4015 3354 4083 μεταπίπτειν
3400 4013 3469 4072 ei;
3490 4008 3648 4076 ἱτερον.

2159 4105 2269 4159 Καὶ
2300 4106 2411 4177 γὰρ
2434 4107 2529 4159 καὶ
2550 4107 2805 4177 βασιλεὺς
2827 4107 3120 4177 ἄνθρωπος
3148 4108 3245 4173 ὢν,
3284 4104 3508 4172 ὲπικήρῳ
3530 4098 3649 4167 φύσει

2158 4196 2506 4268 κεκλήρωται
2527 4212 2544 4229 ο
2573 4197 2624 4250 εἰ
2662 4198 2718 4251 δέ
2750 4215 2834 4251 σοι
2874 4199 3170 4263 κολαστέος
3199 4201 3226 4252 ὀ
3280 4197 3370 4267 τὴν
3395 4196 3482 4265 σὴν
3507 4193 3649 4244 δεσπο-

2158 4287 2312 4343 τείαν
2336 4290 2696 4360 ἀρνούμενος,
2724 4294 2820 4343 καὶ
2841 4292 2912 4344 τὰ
2944 4291 3212 4362 σκῆπτρα
3240 4288 3365 4360 παρ’
3396 4286 3525 4339 οὐδὲν
3540 4283 3649 4346 λογι-

484 4392 597 4446 que
657 4379 813 4433 nihili
848 4379 1034 4443 faciat,
1076 4381 1280 4437 rectius
1338 4384 1533 4462 multo,
1565 4394 1626 4438 ut
1652 4395 1805 4455 puto,
1844 4388 2051 4458 suppli-

2164 4380 2416 4450 ξάμενος.
2473 4381 2654 4450 πολλῷ
2676 4399 2742 4451 γε
2772 4381 2926 4453 οἶμαι
2961 4383 3238 4444 κολάσεως
3289 4380 3432 4447 δίκην
3455 4377 3645 4441 ὑπόσχοι.

484 4470 636 4521 cium
692 4469 911 4538 pendet,
969 4473 1063 4541 qui
1097 4487 1278 4526 rerum
1328 4474 1705 4530 universarum
1759 4478 2054 4534 Dominum

486 4561 727 4630 alijiciat.
760 4581 778 4615 ι
814 4562 923 4617 Rex
960 4577 1084 4617 cum
1116 4563 1507 4635 obstupescere
1540 4568 1719 4637 potius
1743 4568 1809 4624 ad
1847 4579 2054 4627 tantam

487 4654 593 4707 viri
625 4654 938 4709 libertatem
971 4654 1276 4720 debuisset,
1326 4673 1461 4728 opes
1499 4660 1549 4714 ei
1582 4660 1775 4722 adimi.
1818 4661 2058 4733 dignita-

484 4756 653 4816 teque
680 4747 904 4818 insuper
925 4751 1216 4818 privatum,
1251 4751 1482 4819 nudum,
1544 4760 1599 4807 et
1632 4754 1896 4825 subligari
1931 4765 2054 4811 tan-

485 4849 604 4893 tum
640 4842 1017 4909 prmcinctum,
1056 4840 1222 4896 aulici
1244 4845 1541 4899 comitatus
1569 4847 1812 4902 camelos
1849 4848 2055 4905 ducere

481 4930 666 5000 jussit.
687 4932 953 5000 Perpanci
987 4933 1344 4990 intercessere
1365 4935 1500 5000 dies,
1537 4952 1660 4993 cum
1684 4954 1779 4994 rex
1804 4955 1869 4995 ex
1896 4955 2056 5011 supe-

484 5020 630 5077 riore
653 5023 869 5090 porticu
892 5032 1266 5093 prospectans,
1293 5026 1612 5096 praeclarum
1660 5028 1815 5083 illum
1872 5030 2053 5085 virum

482 5120 617 5165 aestu
679 5112 812 5166 solis
840 5113 1097 5168 adustum
1148 5123 1204 5169 et
1234 5117 1456 5186 pulvere
1505 5118 1744 5173 obsitum
1779 5119 1943 5174 vidit:
2000 5129 2055 5192 et

484 5205 657 5274 patris
702 5207 821 5277 ejus
882 5207 1108 5276 gloriam
1154 5211 1207 5263 in
1262 5219 1499 5265 mentem
1578 5228 1865 5278 revocans,
1924 5230 2051 5269 eum

483 5298 720 5364 reduxit,
757 5310 811 5355 et
843 5301 989 5356 linea
1021 5302 1201 5357 tunica
1237 5303 1474 5359 vestivit.
1510 5304 1578 5359 Et
1610 5320 1733 5360 eum
1781 5306 1970 5362 labore
1998 5319 2054 5363 et

480 5404 725 5444 a-rumna
758 5390 913 5444 illum
941 5390 1251 5446 confectum
1283 5392 1727 5462 Itumanitateque
1748 5405 1802 5448 et
1839 5394 2055 5450 miseri-

482 5480 669 5534 cordia
699 5481 748 5535 ei
783 5482 1025 5537 exhibita
1062 5482 1693 5547 adductum,l‘aeiliorem
1710 5485 1819 5557 jam
1846 5502 1971 5541 eum
1998 5495 2054 5542 et

485 5572 900 5637 propensiorem
928 5572 994 5626 ad
1029 5574 1261 5644 gratiam
1289 5589 1318 5627 a
1348 5589 1406 5628 se
1447 5574 1743 5629 ineundam
1796 5576 1912 5630 fore
1946 5593 2050 5646 pu-

485 5670 661 5716 taret:
730 5682 746 5713 ι
781 5664 877 5719 Vel
913 5678 1058 5721 nunc
1109 5664 1352 5732 tandem,
1387 5666 1591 5736 inquit,
1648 5682 1835 5725 errore
1867 5668 2048 5740 priore

2159 4475 2253 4528 τὸν
2279 4474 2389 4528 τῶν
2425 4475 2565 4529 ὅλων
2584 4475 2865 4545 Δεσπότην
2896 4475 3310 4543 ἀποσειόμενος.
3336 4491 3354 4525 ι
3392 4471 3443 4525 Ὅ
3464 4469 3511 4521 δὲ
3533 4467 3647 4535 βασι·

2159 4568 2308 4632 λεὺς,
2366 4568 2488 4623 δεον
2544 4568 2605 4623 δν
2647 4569 2851 4639 μᾶλλον
2887 4568 3234 4639 ἐκπλαγῆναι
3287 4566 3374 4619 τὸν
3419 4562 3557 4631 ἄνδρα
3578 4555 3647 4624 τῆς

2160 4662 2501 4734 παρρησίας»
2566 4663 2593 4714 δ
2626 4661 2683 4715 δὲ
2714 4662 2919 4733 γυμνοῖ
2972 4661 3071 4732 μὲν
3121 4660 3313 4714 τοῦτον
3339 4658 3424 4711 τοῦ
3450 4651 3644 4708 πλούτου.

2158 4753 2379 4823 καὶτῆς
2408 4754 2807 4824 περικειμένης
2851 4752 3009 4817 ἀξίας
3057 4751 3378 4820 ἀποστερεῖ⁹
3423 4742 3589 4816 γυμνὸν
3614 4735 3645 4788 δ’

2158 4825 2340 4897 ἕλκειν
2361 4843 2464 4905 τὰς
2496 4843 2784 4914 καμήλους
2811 4845 2912 4913 τῆς
2940 4844 3237 4914 στρατείας
3263 4840 3484 4900 ἐκέλευε,
3505 4829 3649 4893 διαζώ-

2160 4951 2292 5005 ματι
2343 4935 2489 5006 μόνῳ
2519 4934 2828 5005 χρώμενον.
2869 4935 3126 5007 Ἡμερῶν
3166 4935 3215 4988 δ’
3255 4933 3440 4998 ὀλίγων
3460 4923 3645 4981 διελθον·

2159 5028 2269 5081 σῶν
2293 5069 2309 5096 ,
2372 5031 2471 5096 τῆς
2537 5030 2703 5093 στοᾶς
2764 5028 2973 5083 ἄνωθεν
3020 5027 3290 5098 διακύψας
3326 5026 3409 5078 τιν
3435 5012 3646 5086 περιφνῆ

2155 5121 2363 5173 ἐκεῖνον
2393 5119 2565 5190 ἄνδρα
2588 5120 2760 5191 ἑώρα,
2815 5120 2924 5174 ὑπὸ
2953 5119 3031 5192 τῷ
3075 5118 3307 5189 φλογμῷ
3354 5115 3446 5183 τῆς
3482 5108 3647 5164 ἀκτῖνος

2155 5210 2562 5283 διακαιόμενον,
2598 5212 2694 5264 καὶ
2742 5211 2891 5265 κόνει
2941 5211 3453 5282 περιαντλούμενον’
3478 5197 3648 5264 ttulit“

2158 5304 2439 5375 πατρικὴν
2467 5301 2725 5356 εὔκλειαν
2750 5303 2845 5365 είςο
2864 5302 2992 5356 νοῦν
3026 5301 3285 5369 ἐνεγκὼν,
3309 5287 3646 5391 ﬁve-reda“?

2155 5373 2494 5464 xa‘t'xttii'wt
2554 5393 2704 5446 λίνου
2750 5391 3117 5463 πεποιημένῳ
3162 5389 3359 5443 ἐνέδυε.
3387 5373 3635 5451 Nouit!“8

2156 5481 2260 5534 ὑπὸ
2291 5480 2386 5534 τοῦ
2414 5481 2582 5534 πόνου
2600 5480 2710 5551 ,καὶ
2734 5481 2834 5550 τῆς
2864 5479 3277 5550 ταλαιπωρίας,
3316 5476 3405 5529 και
3433 5470 3500 5568 crit
3525 5463 3646 5568 δῇθξν

2155 5573 2527 5645 φιλανθρώπῳ
2579 5574 2677 5629 νῦν
2706 5574 2840 5642 γοῦν
2868 5574 3059 5645 ρᾲονος
3092 5569 3382 5641 πειρᾶσθαι
3421 5563 3505 5617 καὶ
3526 5560 3645 5612 εὐκό-

2156 5670 2253 5723 λου
2284 5670 2421 5741 πρὸς
2462 5666 2883 5736 συγκατάθεσιν,
2904 5682 2937 5741 κα
2983 5664 3144 5721 Ἀλλά
3205 5663 3321 5729 νῦν,
3367 5660 3505 5729 φησὶ,
3540 5648 3641 5706 τέως

3805 3848 3807 3865 l

3806 4272 3807 4289 l

3806 4688 3807 4705 l
