3910 6218
210 252 343 318 illi

1085 261 1687 323 ECCLESIASTIC.E
1725 262 2115 326 HISTORL‘E
2149 267 2302 329 LIB.
2342 267 2501 329 XIV.

3320 270 3453 337 1H8

203 370 306 440 τὴν
337 368 613 440 προτέραν
642 369 916 442 ὲξαπάτην
942 372 1313 441 ἀποθέμενος,
1338 376 1430 428 τὸν
1458 377 1555 429 τοῦ
1585 378 1776 430 τέκτο-

1884 381 2120 449 repulso,
2189 381 2327 436 fabri
2374 380 2544 436 filium
2597 396 2661 438 ex
2694 384 2882 437 animo
2915 390 3009 439 tuo
3033 382 3188 453 eiice.
3223 401 3241 435 ι
3278 384 3451 455 Atque

204 473 296 521 νος
328 456 443 510 υἱὸν
484 457 795 528 ἀπόρριψον
822 461 920 528 τῆς
964 460 1167 532 ψυχῆς.
1203 482 1221 514 ι
1260 463 1320 518 '0
1354 464 1413 518 δὲ
1444 464 1778 534 διαθερμανα

205 545 345 611 θεὶς,
381 546 473 599 τὸν
529 546 631 615 μὲν
683 550 1015 617 χιτωνίσκον
1047 552 1171 621 διχῆ
1227 551 1421 605 διελὼν
1464 554 1775 625 ἀπέρριψε,

206 637 353 704 μέγα
405 637 774 708 ἀνακραγών·
841 657 858 689 ι
902 641 966 693 Εί
993 642 1187 694 τούτου
1219 642 1382 712 χάριν
1428 645 1529 697 οίει
1561 662 1630 715 με
1680 647 1778 714 τῆς

202 726 437 796 ἀρίστης
487 729 824 797 μεταθέσθαι
853 730 1175 802 θρησκείας,
1227 733 1384 803 δέχου
1417 734 1481 805 δὴ
1514 737 1571 789 τὸ
1601 738 1780 807 δῶρον

205 821 350 889 μετά
375 821 470 889 τῆς
499 820 780 877 ἀσεϐείας.
822 842 841 873 ι
874 823 1030 876 Οὕτω
1065 824 1111 878 δ’
1144 825 1405 897 ἀνδρείως
1454 827 1646 897 ἔχοντα
1682 828 1779 898 βα-

205 911 392 972 σιλεὺς
454 909 815 981 θεασάμενος,
843 915 1052 982 γυμνὸν
1083 915 1192 968 τῶν
1228 915 1517 986 βασιλείων
1548 918 1780 989 ἐξήλαυ-

204 1020 318 1057 νεν.
359 1002 590 1072 Ἕτερον
646 1003 702 1055 δὲ
763 1005 981 1076 Σαήνην
1026 1007 1202 1076 δνομα
1252 1008 1582 1063 ἀντειπόντα
1611 1010 1779 1077 αύτῷ,

130 1148 143 1157 κ
204 1093 298 1146 καὶ
338 1092 603 1162 μηδαμῶς
640 1096 719 1158 είς
755 1096 986 1168 ἄρνησιν
1032 1099 1208 1152 ἐλθεῖν
1236 1101 1331 1153 τοῦ
1381 1103 1489 1153 τῶν
1523 1102 1661 1155 ὅλων
1691 1106 1786 1154 Δε-

206 1183 409 1235 σπότου
464 1183 744 1252 ἑλόμενον,
781 1186 1192 1258 ἀπολεξάμενος
1221 1192 1313 1243 τὸν
1349 1192 1625 1262 χείριστον
1674 1192 1783 1245 τῶν
1820 1192 1824 1196 ’

204 1274 462 1341 οἰκετῶν,
494 1275 594 1346 τὴν
628 1277 727 1345 μὲν
754 1277 1004 1344 ἐξουσίαν
1026 1280 1134 1333 τῶν
1167 1283 1504 1352 συντρόφων.
1534 1284 1694 1354 χίλιοι
1728 1285 1783 1337 δὲ

202 1361 370 1436 ἦσαν,
409 1365 605 1436 ἐκείνῳ
653 1367 861 1431 δίδωσι,
925 1370 1020 1421 καὶ
1070 1371 1230 1424 αύτδν
1266 1372 1462 1443 ἐκείνῳ
1508 1373 1785 1427 δουλεύειν

205 1458 568 1527 προσέταττε,
598 1459 695 1512 καὶ⁸
751 1459 853 1529 τὴν
906 1463 1165 1515 κοινωνὸν
1194 1464 1286 1517 τοῦ
1338 1465 1530 1535 λέχους
1562 1469 1658 1521 καὶ
1699 1465 1786 1519 δέ-

205 1566 437 1603 σποιναν
461 1550 659 1623 ἐκείνῳ
688 1553 985 1622 συνῆπτεν.
1022 1554 1325 1628 Οὖτωκγὰρ
1358 1558 1536 1611 ἐδόκει
1571 1559 1786 1613 πείσειν

203 1641 513 1696 ἀποθέσθαι
545 1644 646 1716 τὴν
700 1642 928 1715 γνώμην
970 1646 1066 1715 τῆς
1100 1646 1359 1716 ἀληθείας
1397 1649 1488 1703 τὸν
1521 1651 1780 1721 ἐραστήν.

220 1731 367 1785 Ἀλλ’
402 1734 603 1803 ἥκιστα
636 1735 809 1805 πέρας
834 1730 982 1807 εἶχεν
1032 1738 1181 1808 αύτῷ
1224 1740 1256 1808 ἡ
1292 1740 1506 1793 ἐπίνοια
1532 1754 1545 1769 ·
1583 1741 1645 1793 οὐ
1677 1739 1784 1811 γάρ

206 1823 303 1875 ἰπὶ
328 1821 428 1892 τῆς
449 1823 705 1893 ψάμμου,
736 1825 851 1878 ἀλλ’
870 1830 961 1879 ἐπὶ
989 1827 1089 1897 τῆς
1102 1829 1332 1897 πέτρας
1364 1829 1392 1882 ὁ
1416 1826 1562 1893 οἶκος
1589 1829 1783 1899 ἐκείνῳ

205 1910 504 1979 ἐρήρειστο
534 1910 635 1981 τῆς
660 1909 863 1981 ψυχῆς.
908 1912 1015 1965 Καί
1050 1931 1182 1980 ,τινα
1213 1914 1272 1968 δὲ
1305 1915 1569 1984 Βενιαμὶν
1600 1915 1785 1969 διάκο-

203 2017 299 2053 νον
340 2000 644 2063 συλλαϐὼν.
704 2004 902 2074 εἱρκτῇ
959 2005 1269 2075 παρεδίδου.
1342 2006 1429 2069 Ὦς
1476 2007 1535 2060 δὲ
1563 2006 1657 2059 δύο
1688 2007 1782 2078 ἐτη

201 2092 439 2161 ἐξήνυσε
475 2095 542 2163 τῇ
575 2095 812 2165 φρουρᾷ,
867 2096 1103 2165 πρέσϐις
1154 2095 1440 2164 Ῥωμαίων
1489 2100 1631 2153 κατά
1662 2116 1784 2151 τινα

200 2183 400 2254 χρείαν
451 2184 526 2254 τῷ
563 2186 750 2258 Πέρσῃ
806 2188 1126 2255 γενόμενος,
1169 2189 1401 2261 μεσίτης
1450 2188 1663 2257 ἐγίνετο
1685 2190 1784 2261 τὴν

199 2274 364 2329 λύσιν
394 2276 485 2329 τοῦ
514 2276 769 2330 διακόνου
801 2278 991 2332 αξτῶν.
1030 2279 1089 2333 ’0
1122 2280 1178 2332 δὲ
1207 2258 1467 2348 βασιλεὺς
1514 2281 1786 2349 ἐπηγγέλ-

197 2366 332 2422 λετο
362 2368 548 2423 δοῦναι
582 2370 658 2440 τῷ
694 2370 1041 2441 πρεσϐευτῇ,
1071 2372 1119 2424 εί
1161 2376 1323 2441 μόνον
1360 2371 1620 2441 Βενιαμὶν
1654 2373 1785 2425 ὐπο-

201 2456 397 2529 σχέσει
446 2460 730 2531 πεδησειεν
789 2462 1004 2526 ἑαυτὸν,
1073 2462 1146 2525 ὡς
1196 2462 1391 2515 οὐδένα
1441 2464 1550 2514 τῶν
1590 2464 1783 2532 μάγων

197 2551 391 2603 πείσει
435 2550 534 2621 τὴν
583 2550 931 2623 Χριστιανῶν
979 2555 1192 2606 ἑλέσθαι
1222 2553 1542 2623 θρησκείαν.
1583 2551 1645 2607 Ὀ
1684 2554 1783 2624 μὲν

196 2630 303 2693 οὖν
362 2638 595 2711 πρέσὸις
632 2639 709 2710 τῷ
737 2640 1000 2709 Βενιαμὶν
1042 2641 1318 2694 ἐκοινοῦτο
1358 2642 1451 2693 τὸν
1483 2641 1659 2710 λόγον,
1690 2643 1784 2695 καὶ

195 2733 228 2785 ὃ
266 2729 464 2801 ζητοίη
499 2734 527 2785 ὁ
579 2733 821 2803 Πέρσης.
866 2733 923 2785 Ὀ
949 2733 1005 2785 δὲ
1038 2734 1113 2803 μὴ
1137 2734 1363 2787 δυνατὸν
1398 2734 1586 2803 ἔλεγεν
1618 2730 1781 2796 εἶναι,

200 2820 291 2891 μὴ
318 2820 584 2883 δανείζειν
614 2821 675 2875 τὸ
707 2822 823 2892 φῶς
875 2816 935 2876 οὗ
967 2823 1218 2892 ἀφθόνως
1256 2826 1515 2893 μετέσχε.
1548 2823 1639 2894 Τῷ
1673 2826 1782 2893 γὰρ

194 2914 268 2965 τὸ
304 2912 575 2966 τάλαντον
604 2914 1017 2985 κατακρύψαντι
1043 2915 1220 2984 ὁπόση
1260 2933 1344 2978 τις
1386 2917 1676 2983 ἐπεγένετο
1702 2932 1782 2968 τι-

1881 474 1969 526 ille
1999 473 2382 536 exardescens,
2412 475 2654 529 tunicam
2674 475 2820 529 illam
2852 475 3191 529 conscissam
3221 474 3447 545 abiecit,

1879 576 1934 619 et
1963 581 2094 620 voce
2129 580 2356 636 magna:
2397 586 2413 617 ι
2456 566 2512 622 Si
2539 567 2725 633 hujus,
2765 567 2971 637 inquit,
2997 567 3169 633 gratia
3198 582 3285 621 me
3317 568 3451 621 reli-

1879 656 2093 726 gionem
2115 658 2274 728 longe
2304 656 2564 724 optimam
2592 667 2931 711 mutaturum
2962 668 3140 726 putas,
3162 673 3230 712 en
3254 673 3454 713 munus

1884 760 2037 803 tuum
2100 748 2219 812 tibi,
2260 764 2364 802 una
2396 764 2521 802 cum
2573 748 2854 818 impietate
2889 749 3049 804 habe.
3088 767 3107 800 ι
3135 748 3296 821 477
3338 750 3452 804 Rex

1880 847 2061 894 autem
2093 848 2199 895 tam
2224 838 2351 893 forti
2387 839 2537 893 illum
2559 839 2740 892 animo
2765 854 2886 894 esse
2935 854 3189 905 cernens,
3246 840 3451 893 nudum

1891 932 2041 1002 regia
2100 932 2298 1001 exegit.
2334 930 2489 987 Alius
2522 941 2641 986 crat
2682 931 2882 987 Saencs
2942 930 3188 996 nomine,
3223 930 3314 1001 qui
3341 931 3453 1001 regi

1881 1021 2102 1087 restitit,
2131 1038 2307 1092 neque
2352 1038 2536 1077 rerum
2569 1032 2889 1078 cunctarum
2923 1018 3215 1077 Dominum
3258 1036 3459 1090 perne-

1881 1130 2010 1184 gare
2040 1114 2230 1171 voluit.
2254 1115 2368 1170 Rex
2390 1130 2456 1185 ex
2481 1114 2697 1169 famulis
2716 1114 2865 1169 illius
2900 1114 3071 1168 nmlto
3098 1114 3452 1169 deterrimum

1884 1207 2071 1278 elegit,
2114 1216 2553 1278 potestatemque
2575 1208 2630 1265 in
2663 1209 2812 1263 mille
2846 1207 3229 1263 ministrosilli
3273 1206 3457 1260 adem-

1884 1308 2057 1369 ptam,
2085 1300 2138 1355 ei
2167 1300 2444 1365 attribuit,
2478 1312 2643 1371 atque
2678 1302 2842 1357 etiam
2901 1299 3032 1354 huic
3082 1300 3229 1353 illum
3253 1298 3457 1352 servire

1878 1391 2063 1459 iussit.
2086 1401 2337 1448 consorte
2366 1408 2586 1464 quoque
2635 1393 2777 1448 thori
2834 1403 2891 1448 et
2937 1392 3159 1448 domina
3209 1390 3296 1445 isti
3327 1405 3457 1445 con-

1882 1484 2093 1555 juncta.
2136 1484 2267 1540 Nam
2320 1486 2396 1540 ita
2427 1485 2648 1540 demum
2698 1501 2756 1541 se
2788 1499 3182 1556 persuasurum
3210 1481 3458 1538 veritatis

1890 1576 2147 1638 amatori.
2184 1585 2241 1631 ut
2298 1574 2538 1632 animum
2564 1586 2618 1632 et
2647 1578 2977 1633 sententiam
3014 1590 3170 1630 suam
3197 1583 3454 1639 mutaret,

1892 1666 2260 1722 existimabat.
2296 1666 2499 1721 Verum
2529 1667 2751 1721 minime
2792 1666 2843 1721 ei
2890 1647 3180 1720 consilium
3236 1678 3458 1718 succes-

1886 1755 1976 1810 sit.
2013 1756 2127 1811 Non
2161 1757 2305 1811 enim
2331 1758 2383 1810 in
2417 1772 2606 1821 arena,
2652 1756 2744 1811 sed
2800 1756 2852 1810 in
2887 1765 3037 1825 petra
3070 1754 3267 1809 mentis
3302 1754 3452 1808 illius

1885 1844 2082 1899 domus
2136 1844 2357 1899 fundata
2403 1846 2600 1898 fuerat.
2638 1844 2920 1915 Beniamin
2965 1845 3128 1898 etiam
3163 1842 3452 1896 diaconum

1886 1934 2177 2004 quemdam
2201 1935 2658 2003 comprehensum
2694 1935 2958 1989 custodite
2986 1934 3339 2002 mancipavit,
3399 1933 3454 1986 in

1885 2038 1990 2096 qna
2019 2042 2141 2080 cum
2175 2027 2314 2081 duos
2351 2026 2620 2097 exegisset
2648 2041 2842 2090 annos,
2876 2039 2931 2080 et
2960 2034 3145 2080 orator
3176 2025 3457 2079 Romanus

1884 2130 1951 2169 ex
1972 2130 2131 2169 causa
2161 2115 2390 2184 quadam
2425 2117 2567 2185 apud
2624 2116 2844 2170 Persam
2896 2125 3063 2179 esset,
3104 2115 3342 2169 medium
3396 2129 3456 2169 se

1887 2206 1932 2260 is
1954 2206 2304 2274 interposuit,
2336 2216 2395 2261 ut
2426 2207 2693 2261 diaconus
2728 2206 2965 2261 vinculis
2994 2207 3304 2261 solveretur
3358 2220 3457 2276 pe-

1889 2308 2027 2351 tens.
2057 2298 2170 2352 Rex
2208 2297 2312 2351 hoc
2342 2312 2398 2352 se
2429 2297 2603 2366 legato
2633 2296 2889 2350 daturum
2923 2295 3194 2363 promisit,
3222 2295 3265 2350 si
3292 2293 3457 2349 modo

1889 2389 2169 2458 Beniamin
2217 2404 2277 2443 se
2331 2389 2622 2458 obligaret,
2649 2402 2707 2442 se
2734 2387 2867 2442 nulli
2905 2402 2970 2441 ex
2996 2386 3184 2456 Magis,
3217 2393 3276 2439 ut
3297 2384 3458 2440 Chri-

1885 2483 2117 2537 stianam
2145 2481 2446 2549 susciperet
2480 2478 2818 2548 religionem,
2848 2491 3140 2532 suasurum
3169 2490 3313 2530 esse.
3348 2473 3455 2528 Le-

1885 2585 2041 2642 gatus
2096 2587 2261 2641 porro
2289 2587 2400 2626 rem
2424 2587 2544 2643 eam
2574 2580 2627 2625 et
2654 2570 2782 2639 quid
2812 2569 2975 2624 Persa
3032 2576 3321 2637 quaereret,
3381 2564 3452 2620 ad

1889 2664 2200 2735 Bcniamein
2237 2665 2441 2720 retulit.
2473 2665 2652 2733 Atque
2695 2662 2786 2718 ille
2818 2661 2935 2715 fieri
2968 2675 3075 2714 non
3111 2675 3269 2729 posse
3291 2660 3453 2724 dixit,

1887 2766 1945 2807 ut
1969 2755 2090 2809 luce
2116 2770 2180 2809 ea
2213 2770 2375 2823 quam
2397 2754 2677 2821 copiosam
2709 2750 3026 2819 recepisset,
3055 2764 3164 2803 non
3216 2747 3456 2802 fmnera-

1887 2854 1988 2900 ret.
2042 2843 2174 2910 Qum
2233 2846 2377 2898 enim
2421 2858 2580 2913 paena
2607 2842 2656 2897 ei
2681 2842 2977 2897 constituta
3009 2839 3103 2906 sit,
3140 2838 3235 2908 qui
3283 2839 3456 2894 talen-

1889 2943 1999 2989 tum
2029 2935 2129 2989 sibi
2166 2934 2352 2988 datum
2383 2933 2687 2994 del'uderet,
2724 2942 2911 3000 aperte
2964 2930 3257 2985 admodum
3289 2929 3456 2984 'divi-

201 3006 420 3075 μωρία,
470 3005 741 3077 λαμπρῶς
809 3008 1016 3078 ἀγανὴ
1067 3012 1176 3060 τῶν
1224 3008 1385 3062 θείων
1433 3008 1782 3077 Εᾶαγγελίων

1889 3044 2081 3082 norum
2133 3026 2543 3095 Evangeliorum
2595 3024 2841 3079 codicem
2909 3021 3222 3075 ostendere.
3279 3019 3452 3086 Quam

199 3100 420 3168 ίστορεί
472 3097 677 3167 βίϐλος.
706 3092 809 3151 Ὧν
859 3100 1015 3153 οὐδὲν
1046 3101 1207 3167 γνοὺς
1284 3101 1312 3154 ὀ
1347 3100 1625 3171 βασιλεὺς,
1672 3102 1781 3153 τῶν

1889 3134 2003 3171 rem
2035 3118 2291 3185 ignorans
2322 3132 2437 3177 rex.
2474 3118 2711 3172 liberum
2742 3130 2866 3170 eum
2903 3130 3023 3169 esse
3046 3112 3231 3183 jussit.
3263 3112 3329 3166 Et
3360 3112 3452 3165 ille

194 3188 430 3257 δεσμῶν
461 3187 717 3241 ἐκέλευεν
752 3190 978 3244 ἀνιέναι.
1027 3190 1088 3244 Ὀ
1108 3192 1164 3243 δὲ
1194 3191 1261 3244 τά
1299 3192 1505 3260 συνήθη
1536 3190 1665 3261 ἔδρα
1692 3192 1784 3243 καὶ

196 3279 395 3339 πάλιν,
428 3282 557 3343 τοὺς
586 3281 664 3349 τῷ
695 3281 844 3352 ζόφῳ
877 3280 979 3350 τῆς
1006 3281 1217 3353 πλάνης
1251 3284 1655 3352 κατεχομένους
1675 3282 1784 3346 ζω-

197 3370 382 3441 γρῶν,
416 3370 513 3423 καὶ
539 3372 617 3441 τῷ
648 3372 777 3445 θείῳ
807 3376 900 3427 καὶ
950 3372 1122 3442 νοερῷ
1169 3377 1466 3443 προσάγων
1492 3374 1651 3442 φωτί.
1694 3376 1782 3435 Ὠς

199 3463 251 3516 δ’
284 3463 531 3525 ἐνιαυτὸς
586 3463 816 3528 ἐξίκετο,
877 3463 945 3517 τά
1002 3465 1360 3535 πραττόμενα
1392 3466 1467 3534 τῷ
1528 3467 1785 3534 Βενιαμὶν

199 3555 479 3624 ἐμηνύετο
510 3554 765 3625 βασιλεῖ’
831 3560 924 3610 καὶ
959 3557 1073 3627 δῆτ’
1135 3556 1358 3625 ἀγαγὼν
1390 3558 1577 3624 αὑτὸν,
1616 3575 1783 3627 προσ-

201 3649 402 3714 έταξεν
429 3649 732 3719 ἀρνηθῆναι
775 3648 833 3703 ὃν
866 3652 1109 3719 γνησίως
1152 3653 1421 3722 ἐκήρυττε
1453 3651 1680 3720 Κύριον.
1723 3650 1783 3704 Ὀ

199 3744 261 3796 δὲ
286 3746 366 3812 τῷ
405 3742 618 3813 βασιλεί
669 3744 798 3813 ἔφη,
838 3761 857 3795 ι
909 3744 1065 3806 Τίνος
1120 3744 1187 3798 ἂν
1222 3744 1372 3809 ἄξιος
1430 3744 1536 3814 είη,
1597 3744 1654 3807 ὃς
1687 3743 1783 3813 τὴν

201 3835 484 3904 σφετέραν
510 3834 929 3904 ἀπαρνούμενος
962 3834 1270 3905 βασιλείαν,
1295 3836 1492 3905 ἑτέραν
1516 3836 1696 3889 ’ἐλοιτο
1721 3853 1735 3899 ;
1760 3853 1777 3885 ι

210 3925 278 3977 ⁸0
303 3925 382 3987 δὲ,
426 3942 445 3974 ι
499 3923 742 3977 Θανάτου
801 3928 895 3978 καὶ
931 3928 1209 3997 τιμωρίας
1251 3929 1512 3999 ἐσχάτης.
1552 3945 1571 3978 ι
1637 3928 1781 3997 Πρὸς

197 4015 382 4083 ταῦτα
431 4015 497 4084 δὴ
554 4018 747 4083 ἐπάγει
798 4015 1083 4085 Βενιαμὶν,
1121 4035 1139 4068 ι
1176 4012 1302 4086 Ἃρ*
1347 4017 1443 4070 οὖν
1503 4018 1676 4088 πόσης
1718 4019 1784 4069 ἂν

197 4108 437 4174 ὲκαξίας
497 4109 794 4178 μεταλάχοι
846 4110 943 4178 τῆς
988 4109 1142 4178 δίκης
1183 4108 1493 4178 ἄνθρωπος,
1528 4111 1620 4163 τὸν
1673 4109 1784 4163 τῶν

198 4205 348 4257 ὅλων
389 4203 486 4272 μὲν
530 4201 863 4273 ἀρνούμενος
918 4204 1233 4271 Δεσπότην,
1287 4204 1384 4255 καὶ⁴
1439 4203 1664 4274 σωτῆρα
1693 4205 1785 4257 καλ⁸

199 4294 511 4365 κηδεμόνα,
535 4294 616 4347 ἑνὶ
638 4293 694 4347 δὲ
716 4294 825 4345 τῶν
846 4293 1153 4362 ὁμοδούλων
1180 4294 1241 4347 τὸ
1270 4293 1436 4356 σέϐας
1464 4294 1780 4360 προσάγων,

1887 3225 2106 3263 rursum
2144 3209 2366 3263 solitum
2402 3207 2642 3262 cilicium
2671 3220 2831 3260 suum
2860 3204 3010 3270 fecit,
3039 3220 3135 3260 eos
3164 3204 3256 3274 qui
3292 3217 3453 3256 erro-

1886 3301 1962 3355 ris
2016 3300 2247 3369 caligine
2306 3299 2689 3354 detinerentur
2735 3298 2957 3368 capiens
3008 3305 3065 3351 et
3096 3296 3164 3351 ad
3211 3296 3455 3349 divinam

1884 3400 2045 3458 atque
2098 3389 2526 3444 intellectualem
2580 3389 2757 3442 lucem
2819 3380 3121 3443 adducens.
3186 3387 3458 3441 Praeteriit

1884 3495 2081 3544 annus,
2115 3491 2308 3548 ctqua:
2357 3478 2638 3547 Beniamin
2661 3478 2873 3547 agebat,
2900 3480 3008 3547 regi
3039 3477 3274 3531 indicala
3303 3486 3454 3531 sunt:

1884 3572 1979 3642 qui
2012 3586 2136 3623 cum
2174 3569 2239 3623 ad
2271 3586 2329 3623 se
2359 3570 2709 3639 productum,
2744 3583 3037 3638 pernegare
3052 3583 3210 3637 quem
3242 3568 3456 3623 sincere

1884 3662 2209 3732 praedicaret
2231 3661 2521 3714 Dominum
2550 3660 2737 3731 jussit.
2768 3658 2950 3729 Atque
2982 3659 3055 3713 ibi
3123 3659 3212 3712 ille
3244 3658 3313 3712 ad
3370 3673 3459 3711 re-

1885 3769 2041 3821 gem:
2079 3769 2100 3806 ι
2144 3751 2431 3818 Quidnam,
2471 3750 2667 3820 inquit,
2686 3760 3116 3813 commercatur,
3149 3749 3244 3818 qui
3278 3749 3454 3819 impe-

1888 3845 2026 3898 rium
2057 3856 2207 3898 tuum
2242 3843 2540 3913 abnegans,
2564 3841 2632 3896 ad
2659 3841 2821 3897 alimn
2854 3855 2911 3895 se
2940 3840 3194 3895 conferat
3225 3856 3404 3911 regem
3431 3841 3457 3894 ἲ

1885 3935 2135 3999 Mortem,
2165 3950 2258 3988 rex
2296 3935 2392 3996 ait,
2418 3941 2476 3987 et
2527 3944 2845 4001 supremum
2883 3930 3228 3999 supplicium.
3266 3948 3285 3981 ι
3316 3929 3455 3983 Tum

1886 4027 2167 4097 Beniamin
2210 4045 2224 4080 :
2266 4044 2284 4077 ι
2317 4024 2599 4091 Quodnam
2625 4024 2813 4093 igitur.
2851 4021 3052 4085 intulit,
3073 4023 3208 4075 satis
3228 4020 3455 4091 dignum

1888 4118 2051 4171 homo
2100 4116 2244 4171 ferat
2304 4115 2658 4185 supplicium,
2722 4113 2817 4181 qui
2868 4112 3244 4167 universitatis
3292 4112 3455 4183 huius

1888 4209 2123 4264 Domino
2178 4207 2467 4262 Servatore
2518 4214 2815 4260 etrectore
2872 4204 3142 4274 ahiurato,
3207 4219 3316 4257 non
3372 4204 3448 4257 illi

1887 4301 2095 4355 cultum
2142 4299 2517 4368 honoremque
2582 4296 2849 4356 debitum.
2901 4295 2999 4349 sed
3045 4310 3113 4349 ex
3166 4294 3461 4349 conservis

203 4387 308 4439 καὶ
328 4384 429 4457 τὴν
455 4385 844 4457 προσήκουσαν
866 4384 1088 4454 ὀφειλὴν
1109 4383 1183 4455 μὴ
1206 4386 1399 4454 ἐκείνῳ
1426 4384 1739 4448 ἀποτιννύς;
1754 4405 1773 4437 ι

1885 4391 1997 4445 suis
2027 4389 2122 4444 uni
2152 4389 2411 4459 prastet?
2440 4406 2459 4439 ι
2499 4386 2692 4443 Verbis
2728 4385 2877 4441 hisce
2924 4401 3019 4440 rex
3037 4386 3275 4455 graviter
3304 4400 3455 4439 com-

216 4480 280 4535 Ὀ
312 4479 368 4532 δὲ
404 4479 658 4548 βασιλεὺς
697 4479 815 4542 τοῖς
845 4480 1053 4548 ῥήμασι
1078 4478 1415 4547 χαλεπήνας,
1458 4477 1778 4547 ἰσαρίθμους

202 4568 497 4636 καλάμους
539 4571 653 4631 τοῖς
704 4567 994 4630 δακτύλοις
1032 4568 1142 4619 τῶν
1200 4568 1399 4637 χειρῶν
1452 4568 1549 4621 καὶ
1602 4569 1781 4622 ποδῶν

202 4660 510 4728 ἀποξύνας,
541 4662 835 4731 ἐμπείρειν
866 4662 979 4724 τοῖς
1035 4660 1217 4727 ὄνυξιν
1248 4661 1555 4716 ἐκελεύετο.
1608 4663 1694 4726 Ὠς
1723 4663 1781 4717 δὲ

200 4751 435 4804 παιδιὰν
493 4751 593 4821 τὴν
655 4750 927 4822 τοσαύτην
962 4751 1245 4821 τιμωρίαν
1288 4751 1382 4805 τὸν
1442 4753 1780 4823 στεφανίτην

198 4843 361 4913 ἑώρα
398 4843 711 4913 δεχόμενον,
774 4843 1021 4910 κάλαμον
1074 4842 1266 4913 ἕτερον
1331 4844 1666 4913 παροξύνας,
1701 4847 1781 4918 τῷ

196 4936 519 5007 παιδογόνῳ
581 4936 746 5005 ἐνῆκε
783 4936 993 5007 μορίῳ·
1040 4935 1100 4990 ὃν
1153 4938 1487 5008 πυκνότερον
1537 4939 1782 4993 ἀνέλκων

197 5026 302 5078 καὶ
332 5024 633 5094 πρνισωθῶν
683 5023 862 5089 αὖθις,
893 5023 1137 5096 ἄρρητον
1178 5025 1273 5077 καὶ
1306 5025 1578 5095 ἀφόρητον
1608 5026 1783 5082 ἐποίει

197 5119 311 5187 τὴν
332 5117 630 5186 ἀλγηδόνα.
688 5116 846 5169 Ἐπεὶ
883 5116 943 5169 δὲ
977 5116 1075 5171 καὶ
1101 5116 1202 5188 τὴν
1248 5118 1589 5189 πικροτάτην
1616 5117 1783 5188 βασα-

198 5227 302 5265 νον
350 5210 616 5279 γενναίως
646 5209 1019 5279 διεκαρτέρει,
1071 5210 1265 5276 ἑτέραν
1296 5211 1567 5280 προσῆγε,
1596 5210 1781 5264 δευτέ-

204 5318 314 5372 ρας
365 5302 465 5365 τάς
520 5302 796 5373 προτέρας
853 5301 1337 5357 ἀποδεικνύουσαν.
1403 5301 1626 5357 Ῥἀϐδον
1672 5302 1782 5373 γὰρ

201 5396 447 5464 παχεῖαν
475 5393 636 5462 ἄγειν
665 5393 939 5460 ἐκέλευεν,
961 5392 1121 5459 δζους
1162 5394 1460 5465 πανταχόθι
1482 5393 1783 5463 προϐαλλο-

205 5485 384 5557 μένην
412 5482 653 5549 πυκνούς
674 5501 688 5516 ·
712 5483 923 5556 ταύτην
943 5484 1001 5538 δὲ
1025 5484 1115 5540 διά
1158 5486 1257 5556 τῆς
1295 5485 1460 5556 ἕδρας
1489 5485 1785 5557 ἐμϐάλλειν

198 5576 289 5648 τῷ
322 5577 554 5650 ἀθλητῇ,
597 5578 791 5631 ἔπειτα
844 5577 1086 5649 ἐξαίρειν
1141 5593 1203 5631 τε
1258 5580 1352 5633 καὶ
1402 5577 1634 5649 ἐνείρειν
1660 5578 1782 5630 κατ’

201 5669 387 5741 αὐτῆς
419 5668 567 5742 μάλα
603 5668 982 5742 σφοδρότερον.
1030 5654 1152 5739 ³Εφ⁹
1185 5663 1217 5743 ᾖ
1259 5671 1333 5740 μὴ
1366 5669 1530 5724 πλέον
1565 5672 1780 5738 στέγειν

1884 4489 2085 4542 motus.
2115 4481 2379 4550 aequalem
2408 4495 2531 4535 cum
2556 4480 2741 4551 digitis
2771 4494 3031 4534 manuum
3059 4486 3224 4546 atque
3256 4477 3459 4547 pedum

1884 4572 2223 4627 calamorum
2276 4587 2565 4626 numerum
2623 4571 2845 4633 exacui,
2878 4578 2937 4624 et
2978 4568 3255 4639 unguibus
3307 4567 3459 4621 illius

1884 4665 2031 4735 inﬁgi
2068 4662 2533 4735 pracepit.&78
2558 4661 2626 4717 llt
2649 4678 2780 4716 vero
2832 4660 3094 4716 athletam
3123 4672 3322 4714 corona
3360 4658 3460 4713 de~

1881 4757 2201 4821 corandum,
2261 4767 2591 4809 tormentum
2643 4754 2699 4808 id
2767 4753 2997 4823 perinde
3059 4759 3224 4821 atque
3261 4748 3458 4806 ludum

1878 4848 2175 4918 iocumque
2204 4847 2458 4914 excipere
2487 4845 2648 4910 vidit,
2684 4844 2955 4898 calamum
2985 4841 3153 4895 alium
3179 4841 3234 4895 in
3260 4841 3453 4913 cuspi-n

1882 4939 2005 4994 dem
2060 4936 2436 4991 acuminatum
2490 4936 2734 4989 membro
2785 4933 2906 5004 eius
2968 4931 3116 4987 virili
3183 4932 3461 4993 immisit:

1883 5044 2046 5101 quem
2070 5026 2413 5096 frequentius
2433 5025 2664 5080 subinde
2696 5023 2927 5094 inﬁgens
2957 5033 3124 5094 atque
3158 5022 3458 5079 retrahens.

1885 5117 2263 5175 incredibilem
2289 5116 2799 5186 iutolerabilemque
2822 5115 2902 5170 illi
2942 5114 3150 5170 creavit
3177 5113 3451 5173 dolorem.

1883 5213 2179 5281 Postquam
2217 5219 2401 5265 autem
2456 5208 2561 5263 huc
2603 5222 2825 5278 quoque
2877 5206 3297 5262 acerbissimum
3330 5220 3463 5274 sup~

1883 5305 2111 5376 plicium
2149 5318 2414 5375 generose
2444 5302 2694 5373 pertulit,
2748 5301 2899 5358 aliud
2938 5301 3144 5368 intulit,
3178 5298 3326 5369 quod
3348 5298 3463 5369 pri-

1885 5412 1983 5451 ora
2036 5396 2126 5450 illa
2179 5393 2448 5450 secundas
2505 5402 2687 5464 partes
2740 5395 2885 5449 ferre
2942 5391 3205 5448 ostendit.
3240 5391 3467 5461 Virgam

1884 5491 2031 5540 enim
2053 5486 2374 5541 crassiorem
2411 5484 2631 5550 afferre,
2657 5500 2721 5539 ex
2758 5494 2911 5555 parte
2970 5483 3118 5538 omni
3148 5482 3349 5537 densos
3376 5497 3466 5535 ra-

1889 5592 2104 5632 morum
2139 5591 2311 5631 uncos
2343 5575 2798 5647 praetendentcm,
2825 5586 2881 5631 et
2910 5574 2965 5629 in
2993 5573 3180 5630 sedem
3215 5573 3465 5630 decerta.

1892 5669 2024 5725 turis
2065 5668 2239 5739 iniici,
2288 5683 2350 5723 ac
2385 5666 2585 5724 deinde
2642 5666 2943 5724 identidem
2969 5680 3069 5739 per
3095 5680 3215 5721 eam
3259 5663 3467 5722 attrahi
