3910 6218
208 414 344 483 ῙῙΞῙ

1100 408 1704 470 ECCLESIAS’I‘lCAi
1747 406 2132 470 HISTORIIE
2173 400 2319 467 LIB.
2366 402 2523 466 Χιν.

3303 395 3441 464 12νὲ

195 549 394 588 πισαν.
422 526 745 597 Συνεκρὸτει
775 516 955 579 τοίνυν
987 528 1050 596 τῇ
1078 527 1225 596 λύπη
1254 526 1424 594 ταύτῃ
1457 533 1548 577 καὶ
1575 527 1607 594 ἠ
1636 524 1769 593 πρὸς

1885 536 2167 574 manorum
2215 528 2579 574 mercatorum
2636 533 2701 569 nn
2722 533 2845 571 rces
2895 516 3315 586 diripiebantur.
3356 519 3435 571 Ad

193 629 260 694 τῇ
288 623 696 677 Κωνσταντίνου
724 621 833 673 τῶν
863 623 1041 673 ἐκεῖσε
1069 620 1413 689 Χριστιανῶν
1444 620 1765 687 καταφυγὴ’

194 717 290 769 καί
320 721 399 777 είς
431 716 612 784 μάχην
637 716 697 765 το
730 712 890 782 ἔργον
922 712 1139 782 ἐχώρει.
1181 711 1240 764 Ὀ
1266 712 1366 781 μὲν
1398 711 1505 779 γάρ
1534 713 1767 778 Πέρσης,

201 806 463 874 πρέσϐεις
495 808 751 873 πέμπων.
784 805 910 865 τοὺς
942 805 1263 873 πρόσφυγας
1292 803 1579 871 Ῥωμαίων
1609 801 1726 873 ᾔτει
1754 817 1769 832 ⁸

196 900 247 951 oi
310 898 367 951 δὲ
432 897 692 964 Ῥωμαῖοι
752 895 1005 963 οὐδαμῶς
1073 895 1271 946 διδόναι
1345 894 1648 955 ἐϐούλοντο,
1710 891 1771 943 ού

200 991 359 1058 μόνον
386 989 469 1041 ὃτι
504 984 905 1055 οἷάπερίκέτας
956 983 1149 1045 σώζειν
1210 983 1457 1054 ᾑροῦντο,
1522 982 1638 1035 ἀλλ’
1692 982 1773 1035 ὅτι

198 1080 294 1131 καὶ
330 1079 471 1149 ὑπὲρ
500 1079 600 1144 τῆς
647 1077 798 1143 σφῶν
838 1075 1134 1143 θρησκείας
1188 1076 1362 1126 πάντα
1390 1073 1517 1141 δρᾷν
1569 1074 1774 1140 ἕτοιμοι

198 1166 361 1239 ἦσαν,
398 1170 431 1237 ἢ
464 1168 592 1230 τοὺς
624 1167 724 1237 τῆς
747 1167 865 1235 ἴσης
904 1168 1135 1225 πίστεως
1159 1165 1550 1227 κοινωνοῦντας
1581 1165 1777 1234 ὑπερο-

205 1262 326 1330 ρᾷν.
358 1260 465 1311 Καὶ
498 1259 561 1328 δὴ
610 1258 719 1311 τῶν
771 1258 1016 1310 σπονδῶν
1072 1256 1359 1319 λυοεισῶν,
1420 1258 1567 1325 μάχη
1627 1255 1775 1324 δεινὴ

203 1352 409 1418 μεταξὺ
456 1349 747 1418 Ῥωμαίων
770 1349 866 1401 καὶ
895 1348 1122 1417 Περσῶν
1146 1350 1312 1418 ἤρετο
1338 1364 1354 1379 ·
1385 1365 1448 1399 πε
1463 1350 1516 1417 pi
1540 1343 1605 1410 ἦς
1645 1347 1779 1416 βρα-

198 1443 300 1510 χέι
335 1441 611 1494 διαλαϐεῖν
671 1441 897 1508 ἄμεινον
943 1440 1184 1508 ἥγημαι.
1248 1439 1629 1509 Ἀρδαϐούριος
1681 1438 1778 1508 μὲν

197 1534 309 1602 γὰρ
346 1535 558 1594 ἐκεῖνος
585 1535 649 1584 ὲκ
700 1530 989 1601 βασιλείων
1046 1530 1264 1593 σταλεὶς
1325 1531 1653 1600 στρατηγὸς,
1682 1532 1779 1584 σὺν

196 1628 257 1678 οὐ
306 1624 471 1694 πολλῇ
504 1624 753 1691 δυνάμει,
790 1623 877 1677 διὰ
903 1625 1005 1690 τῆς
1040 1610 1349 1692 Ἀρμενίων
1385 1625 1467 1687 είς
1500 1625 1597 1693 τὴν
1637 1625 1778 1693 Περ-

197 1716 308 1769 σῶν
336 1716 625 1779 εἰσϐαλὼν,
647 1716 775 1784 μίαν
797 1715 905 1767 τῶν
928 1715 1142 1784 ἐκείνης
1169 1716 1451 1786 ἐπαρχιῶν
1482 1714 1779 1785 (Ἀζαξηνὴ

197 1804 471 1872 καλεῖται)
511 1803 732 1872 ἐπόρθει
769 1818 783 1832 ⁶
812 1795 858 1870 ᾧ
889 1804 1279 1872 ἀντιπράττειν
1331 1806 1395 1855 ὲκ
1424 1804 1517 1856 τοῦ
1556 1803 1779 1873 Περσῶν

201 1895 509 1964 ἡγουμένου
540 1894 820 1962 Ναρσαῖις
871 1893 1058 1963 ἕτερος
1093 1894 1398 1961 στρατηγὸς
1429 1893 1776 1963 ἀντεπέμπε-

198 2002 301 2048 το,
372 1986 596 2053 βαρεῖαν
657 1983 1002 2050 ἑπαγόμενος
1059 1982 1308 2050 δύναμιν.
1368 1979 1670 2051 Συμϐαλὼν
1733 1981 1778 2034 δ’

199 2078 396 2146 ἐκείνῳ
426 2075 521 2128 καὶ
574 2074 672 2127 σὺν
726 2075 866 2144 ἧττῃ
923 2073 1156 2143 λαμπρᾷ
1211 2074 1354 2143 φυγῇ
1403 2074 1777 2143 χρησάμενος,

201 2165 570 2235 ἀντιστρέψας
635 2164 727 2217 διὰ
791 2164 1235 2232 Μεσοποταμίας,
1298 2164 1591 2232 ἀφυλάκτῳ
1639 2164 1779 2230 ἔγνω

199 2256 401 2325 ἁθρόον
429 2255 752 2326 ἐπιρρυῆναι
778 2257 844 2324 τῇ
908 2252 1195 2323 Ῥωμαίων
1245 2256 1455 2321 γῇ,καὶ
1495 2253 1639 2307 οὕτω
1680 2254 1779 2320 τὴν

195 2344 376 2418 ἧτταν
399 2345 839 2398 ἀνακαλέσασθαι
874 2360 888 2374 ·
918 2347 978 2396 οὐ
1020 2345 1127 2413 μὴν
1177 2344 1541 2413 Ἀρδιϐουρίῳ
1594 2344 1779 2397 λαϐεῖν

198 2434 352 2506 εἶχεν
386 2434 422 2488 ἃ
450 2435 671 2505 Ναρσῆς
698 2433 1042 2489 ἐϐουλεύετο.
1076 2436 1240 2488 Ὅσον
1288 2431 1382 2486 οὖν
1412 2430 1525 2503 εἶχε
1557 2434 1777 2503 τάχους,

197 2530 302 2596 τὴν
332 2525 635 2595 Ἀζαζηνὴν
662 2526 906 2594 ἐσχάτως
934 2526 1240 2595 πορθήσας,
1270 2530 1362 2577 καὶ
1389 2527 1546 2587 αὐτὸς
1569 2527 1661 2577 ἐπὶ
1683 2530 1781 2593 τὴν

198 2616 638 2686 Μεσοποταμίαν
677 2616 901 2686 ηλασεν.
945 2616 1181 2677 Ἐκεῖνος
1212 2616 1269 2668 δὲ
1298 2617 1651 2671 πολυπλασίω
1676 2620 1779 2686 τὴν

197 2711 438 2780 δύναμιν
462 2709 866 2779 ὲπισωρεύσας,
912 2708 1063 2778 ὅμως
1101 2710 1214 2770 τοῖς
1273 2710 1444 2779 ὁρίοις
1485 2709 1782 2781 Ῥωμαίων

199 2804 307 2855 οὐκ
337 2802 560 2872 ἰσχυσεν
590 2800 874 2868 ἐμϐαλεῖν.
921 2800 1139 2863 Φθάσας
1165 2799 1210 2853 δ’
1237 2800 1387 2870 ὅμως
1412 2803 1511 2873 τὴν
1538 2803 1779 2867 Νίσιϐιν,

202 2894 240 2963 ἠ
268 2895 334 2961 δὴ
363 2894 516 2955 πόλις
552 2891 808 2961 μεθόριόν
855 2892 972 2942 ἐστι
1035 2891 1263 2961 Περσῶν
1317 2894 1413 2946 καὶ
1478 2893 1777 2961 Ῥωμαίων,

205 2987 451 3056 Πέρσαις
478 2983 524 3036 δ’
558 2984 707 3052 ὅμως
741 2983 1104 3051 ὑποκειμένη,
1144 2982 1366 3053 πέμψας
1394 2985 1605 3037 ἐκεῖθεν
1658 2986 1784 3056 Ἀρ-

202 3078 481 3147 δλϐουρίῳ
511 3076 810 3145 ἐσήμαινεν
838 3075 929 3126 ἐπὶ
960 3074 1261 3143 συνθήκαις
1305 3076 1397 3128 τὸν
1429 3077 1668 3147 πόλεμον
1695 3078 1781 3146 γί-

1875 628 2011 682 quas
2065 612 2297 682 injurias
2340 610 2783 665 Christianorum
2831 610 2885 662 in
2935 608 3125 662 urbem
3173 608 3438 663 Conslan-

1876 704 2299 773 tinoliolilanam
2352 703 2585 757 accessit
2622 701 2951 770 perfugium.
3001 702 3063 755 El
3112 717 3195 754 res
3232 703 3285 755 in
3328 702 3443 755 bel-

1874 795 1984 849 lum
2028 794 2223 850 evasit.
2276 795 2443 847 Persa
2486 808 2744 860 namque,
2784 793 3055 860 legatione
3097 792 3167 844 mi
3203 807 3283 852 sa,
3324 807 3443 859 per.

1878 888 2033 957 fugas
2079 888 2182 941 sibi
2236 886 2361 941 dedi
2409 901 2437 938 a
2486 886 2747 939 Romanis
2783 885 2959 953 petiit.
2995 885 3221 937 Rmuani
3259 895 3439 937 autem

1878 980 1929 1033 id
1967 980 2145 1032 facere
2178 980 2496 1039 noluerunt.
2523 992 2632 1031 non
2661 977 2824 1030 modo
2855 977 2997 1043 quod
3033 976 3152 1028 illos
3189 987 3440 1043 tanqnmn

1878 1073 2158 1141 supplircs
2214 1080 2270 1126 et
2328 1080 2646 1141 prccatores
2703 1084 2925 1123 servare
2980 1068 3288 1131 voluerint,
3348 1068 3442 1121 sed

1877 1164 2043 1217 etiam
2089 1161 2234 1230 quod
2279 1176 2381 1230 pro
2432 1159 2697 1227 religione
2752 1173 2847 1211 sua
2900 1158 3080 1209 facere
3124 1156 3344 1225 quidvis
3390 1165 3446 1208 et

1880 1253 1987 1322 pati
2027 1253 2210 1321 potius
2255 1249 2428 1326 parati
2485 1247 2713 1306 fuerint,
2750 1261 2912 1313 quam
2971 1253 3027 1296 ut
3078 1259 3172 1298 eos
3217 1242 3446 1310 quibus-

1879 1358 2003 1396 cum
2061 1355 2410 1394 communem
2470 1338 2633 1392 ﬂdem
2711 1337 3017 1398 baberent,
3077 1334 3338 1399 dvspit-er-
3366 1341 3443 1383 nt.

1881 1430 2117 1484 Proinde
2158 1445 2289 1498 pace
2321 1429 2522 1491 soluta,
2561 1426 2760 1480 bellum
2799 1441 2961 1494 grave
2998 1426 3141 1477 inter
3170 1424 3447 1476 Romanos

1879 1532 1936 1577 et
1988 1522 2182 1576 Persas
2228 1531 2314 1576 est
2363 1528 2541 1574 ortum
2584 1537 2596 1571 :
2637 1519 2779 1586 quod
2839 1518 3026 1586 paucis
3080 1517 3447 1583 perstrinéere

1880 1613 2228 1667 commodius
2281 1628 2404 1666 esse
2458 1613 2632 1666 visum
2683 1620 2789 1664 est.
2843 1608 3189 1663 Ardaburius
3238 1607 3328 1660 ille
3379 1620 3446 1658 ex

1884 1705 2159 1770 imperiali
2209 1705 2332 1757 aula
2370 1719 2492 1757 cum
2540 1719 2647 1755 non
2700 1703 2771 1756 ita
2820 1701 3005 1753 multis
3043 1699 3216 1769 copiis
3252 1699 3450 1751 missus

1884 1795 2015 1856 dux,
2050 1809 2150 1862 per
2184 1794 2501 1847 Armeniam
2535 1792 2589 1844 in
2623 1789 2900 1843 Persidem
2944 1788 3212 1846 excurrit,
3242 1796 3295 1839 et
3326 1800 3450 1854 pro-

1884 1886 2120 1938 vinciam
2158 1885 2283 1954 ejus
2321 1883 2612 1952 quamdam
2652 1883 2951 1935 Azazenem
2983 1888 3233 1932 vocatam
3269 1885 3450 1929 vasta-

1878 1976 1978 2029 vit.
2025 1976 2303 2030 Adversus
2348 1991 2510 2044 quem
2558 1990 2585 2027 a
2636 1989 2764 2041 rege
2812 1971 3107 2026 Persarum
3154 1970 3263 2022 dux
3311 1968 3451 2021 alius

1879 2069 2081 2123 Narses
2127 2069 2299 2132 venit,
2349 2069 2626 2137 ingentem
2661 2080 2846 2118 secum
2878 2064 3086 2118 ducens
3118 2062 3448 2116 exercitum.

1881 2160 1981 2213 llic
2011 2160 2303 2214 commissa
2333 2176 2454 2214 cum
2489 2158 2801 2212 Ardaburio
2841 2172 3040 2226 pugna.
3076 2170 3198 2208 cum
3238 2153 3448 2220 ingenti

1880 2266 2107 2305 suorum
2157 2254 2311 2306 clade
2358 2252 2537 2305 victus
2589 2252 2641 2303 in
2697 2250 2877 2318 fugam
2926 2264 2982 2302 se
3030 2247 3201 2301 dedit.
3233 2247 3307 2300 Ex
3343 2260 3449 2315 qua

1881 2359 2204 2408 conversus,
2241 2360 2338 2412 per
2376 2342 2822 2411 Mesopotamiam
2870 2342 3239 2394 Romanorum
3287 2338 3450 2391 ditio-

1882 2450 2030 2500 nem,
2077 2436 2330 2504 pr:esidio
2360 2435 2508 2489 omni
2555 2451 2784 2487 vacuam
2830 2434 3113 2493 invadere,
3146 2441 3200 2485 et
3246 2431 3325 2485 sic
3359 2445 3453 2482 ac-

1881 2537 2052 2596 ceptae
2079 2527 2253 2581 cladis
2282 2527 2638 2596 ignominiam
2673 2510 2894 2580 abolere
2924 2525 3134 2577 statuit.
3162 2523 3324 2593 5,30
3351 2523 3451 2576 Ve—

1856 2635 2004 2675 .rum
2041 2620 2330 2674 consilium
2376 2619 2522 2687 quod
2567 2616 2770 2672 Narses
2804 2625 3049 2685 ceperat,
3077 2616 3449 2670 Ardaburium

1882 2711 2052 2765 latere
2079 2727 2187 2764 non
2220 2711 2444 2781 potuit:
2479 2712 2574 2781 qui
2597 2727 2759 2781 quam
2795 2711 3027 2764 maxima
3055 2710 3233 2780 potuit
3262 2708 3452 2763 Ct'lCll‘

1885 2811 2028 2866 late,
2082 2803 2307 2871 regione
2361 2803 2607 2855 Azazena
2660 2818 2871 2857 summe
2932 2812 3179 2863 vastata,
3232 2811 3288 2856 et
3338 2800 3454 2870 ipse

1885 2894 2328 2964 Mesopotamiam
2377 2895 2556 2963 petiit.
2599 2894 2794 2948 Narses
2821 2894 3072 2963 quamvis
3118 2894 3251 2947 varii
3283 2909 3455 2961 gene-

1884 2990 1961 3040 ris
1989 2987 2173 3055 copias
2202 2995 2601 3050 coacervasset,
2629 2986 2839 3055 ingredi
2872 2995 3051 3039 tamen
3080 2983 3450 3039 Romanorum

1888 3078 2024 3131 lines
2055 3094 2226 3132 ausus
2260 3093 2367 3131 non
2399 3077 2523 3131 fuit.
2560 3077 2600 3131 Ε
2632 3076 2803 3132 Nisibi
2840 3087 3021 3131 autem
3057 3076 3298 3137 civitate,
3334 3092 3455 3144 qua:

203 3166 417 3229 νεσθαι,
447 3164 607 3216 τόπον
638 3164 730 3214 καὶ
762 3161 979 3232 ἡμέραν
1026 3163 1243 3231 ὁρίσας,
1278 3165 1516 3233 ὁπηνίκα
1573 3168 1768 3235 συρρα-

1885 3172 1936 3223 iu
1976 3169 2178 3225 ﬁnibus
2211 3170 2498 3224 Persarum
2533 3180 2587 3225 et
2621 3168 2993 3223 Romanorum
3035 3172 3136 3223 sita
3174 3181 3281 3235 est,
3324 3171 3455 3223 Por-

202 3260 372 3328 γῆναι
432 3256 530 3327 τὴν
592 3256 775 3324 μάχην
833 3252 1031 3324 χρεών.
1090 3254 1151 3308 '0
1213 3254 1270 3307 δὲ
1320 3258 1433 3318 τοῖς
1485 3257 1780 3323 πρέσϐεσιν

203 3351 477 3423 Ναρσαίῳ
503 3350 681 3401 εἰπεῖν
708 3347 958 3400 ἐκέλευεν
990 3363 1005 3379 ·
1044 3348 1154 3417 Οὐχ
1182 3349 1273 3401 ὅτε
1315 3348 1377 3400 σὺ
1411 3350 1589 3419 βούλει
1621 3352 1780 3404 πολε-

209 3446 391 3515 μητέα
446 3439 588 3497 εἶναι
654 3440 972 3510 Ῥωμαίοις,
1027 3441 1144 3494 ἀλλ’
1206 3441 1406 3494 ὁπόταν
1455 3443 1686 3506 ἐκείνοις
1717 3442 1779 3496 εὖ

205 3538 355 3606 ἔχειν
409 3535 617 3603 δοκοίη.
660 3532 889 3605 Μεγάλῃ
934 3533 980 3586 δ’
1032 3530 1124 3585 οὖν
1170 3533 1395 3602 δυνάμει
1452 3535 1778 3604 προσϐαλεῖν

208 3633 433 3699 Πέρσην
496 3629 768 3695 οἰόμενος,
818 3624 940 3695 Θεῷ
988 3624 1088 3694 τὴν
1133 3624 1227 3676 τοῦ
1285 3625 1524 3695 πολέμου
1588 3626 1783 3682 ἐλπίδα

208 3724 397 3774 πᾶσαν
425 3718 670 3789 ἀκριϐῶς
688 3717 926 3770 ἀνετίθει
962 3716 1226 3786 μεγίστην
1256 3716 1349 3769 καὶ
1369 3717 1528 3780 αὐτὸς
1550 3716 1778 3786 δύναμιν

206 3809 754 3884 παρεσκευασμένος.
795 3807 936 3861 Ἀλλ’
965 3808 1114 3870 ὅπως
1136 3808 1235 3877 τῆς
1267 3806 1414 3869 θείας
1440 3807 1779 3878 ηὐμοίρησεν

205 3906 434 3975 ἀρωγῆς
461 3901 655 3967 ἐκείνῳ
698 3899 1015 3961 πιστεύσας,
1046 3899 1297 3951 ἐντεῦθεν
1348 3900 1651 3968 κατάδηλον
1689 3896 1776 3971 ἦν.

201 3997 296 4052 Ἑν
340 3995 576 4066 μεγίστη
597 3994 805 4062 ἀγωνίᾳ
840 3994 950 4048 τῶν
978 3995 1035 4045 ὲν
1061 3993 1630 4046 Κωνσταντινουπόλει
1675 4011 1779 4046 κα-

197 4084 1051 4156 θισταμένων,ἁμφιϐαλλόντων
1104 4084 1319 4154 ποτέρῳ
1358 4085 1460 4138 τῶν
1522 4085 1705 4154 μερῶν
1743 4089 1776 4156 ή

197 4184 329 4249 νίκη
354 4179 694 4247 ἑπιγελάσοι,
728 4176 949 4245 ἄγγελοι
1002 4176 1137 4229 θεῖοί
1190 4193 1299 4229 τισι
1348 4178 1477 4247 περὶ
1525 4177 1781 4232 Βιθυνίαν

196 4274 491 4343 ὀφθέντες,
522 4270 663 4324 κατά
695 4286 817 4322 τινα
841 4267 1029 4338 χρείαν
1054 4271 1121 4338 τῇ
1156 4268 1571 4322 Κωνσταντίνου
1593 4270 1781 4341 ἐπιδη-

202 4363 399 4433 μοῦσι,
452 4362 637 4429 λέγειν
694 4361 972 4421 ἐκέλευον,
1029 4358 1162 4430 εὐχῇ
1218 4361 1364 4429 μάλα
1424 4363 1780 4430 προσκεῖσθαι

199 4455 299 4508 καὶ
325 4454 531 4523 θάρρος
563 4452 709 4521 ἔχειν
740 4450 988 4520 στερρὸν,
1018 4453 1113 4503 καὶ
1160 4451 1439 4503 πιστεύειν
1469 4452 1586 4523 Θεῷ
1640 4452 1715 4517 ὦς
1746 4454 1781 4524 ἡ

1887 3264 1964 3317 sis
1997 3270 2178 3317 tamen
2221 3262 2487 3334 subjecta,
2533 3263 2845 3317 linm’nibus
2887 3264 3054 3318 certis
3093 3263 3160 3317 ad
3206 3263 3458 3318 Ardabu-

1888 3356 2029 3409 rium
2086 3357 2310 3418 missis,
2363 3356 2430 3410 de
2484 3358 2897 3411 conditionibus
2955 3374 3148 3428 pugna:
3208 3359 3461 3411 commit-

1891 3444 2093 3508 tendae,
2120 3441 2243 3499 loco
2273 3456 2328 3500 et
2353 3446 2443 3499 die
2474 3447 2797 3508 constituto,
2826 3448 3116 3502 certiorem
3149 3462 3274 3500 eum
3306 3447 3455 3502 fecit.

1890 3534 1991 3590 Cui
2036 3537 2125 3591 ille
2165 3538 2467 3590 renuntiari
2508 3538 2668 3607 jussit
2708 3557 2721 3591 ;
2757 3539 3054 3603 Romanos,
3090 3554 3199 3592 non
3239 3541 3459 3608 quando

1890 3627 1982 3681 ille
2022 3628 2207 3692 vellet,
2240 3628 2334 3682 sed
2369 3644 2478 3696 quo
2511 3639 2759 3698 tempore
2807 3630 2941 3698 ipsis
2981 3631 3329 3685 commodum
3375 3634 3457 3685 vi-

1892 3735 2013 3773 sum
2044 3730 2208 3781 esset,
2242 3720 2487 3788 pra:linm
2521 3720 2785 3776 facturos.
2821 3722 2881 3775 Et
2921 3738 3044 3776 cum
3092 3723 3313 3777 Persam
3348 3740 3459 3777 Ina-

1893 3810 2015 3880 gnis
2047 3809 2258 3864 viribus
2308 3814 2497 3879 copias
2542 3827 2670 3865 suas
2717 3813 3033 3867 invasmum
3081 3824 3320 3882 putaret.
3361 3832 3457 3885 spe

1893 3901 2017 3955 belli
2050 3901 2199 3955 omni
2249 3917 2601 3972 summopere
2655 3903 2709 3957 in
2765 3905 2930 3957 Deum
2968 3905 3254 3970 collocata,
3288 3909 3459 3960 inaxi—

1893 4008 2010 4046 mas
2037 4002 2091 4046 et
2121 3992 2235 4062 ipse
2265 3992 2411 4047 vires
2446 3995 2739 4048 contraxit.
2773 3995 2876 4050 Sed
2908 3996 3055 4050 enim
3086 3998 3274 4052 divino
3304 4001 3458 4053 auxi-

1887 4083 1986 4147 lio,
2023 4098 2133 4153 quo
2167 4086 2398 4138 maxime
2441 4084 2664 4148 ﬁdebat,
2696 4085 2942 4154 adjutum
2983 4102 3110 4141 eum
3153 4103 3296 4153 esse,
3329 4090 3457 4144 inde

1895 4174 2031 4228 satis
2090 4185 2325 4229 constat.
2393 4175 2450 4228 In
2508 4177 2643 4229 urbe
2698 4176 3345 4247 Constantinopolitana,
3402 4180 3457 4234 in

1895 4267 2056 4322 anxia
2093 4266 2466 4321 sollicitudine
2497 4283 2619 4322 cum
2663 4271 2812 4322 cives
2845 4277 3049 4330 essent,
3081 4277 3137 4324 et
3167 4269 3458 4323 addubita-

1895 4369 2019 4414 rent
2063 4360 2286 4414 cuinam
2333 4359 2475 4429 parti
2524 4361 2752 4415 victoria
2797 4362 3046 4415 arrisura
3081 4371 3248 4422 esset.
3279 4364 3458 4432 angeli

1895 4450 1991 4505 Dei
2023 4451 2355 4521 quibusdam
2392 4454 2443 4507 in
2476 4453 2746 4524 Bithynia,
2780 4462 3006 4523 propter
3036 4455 3315 4522 negotium
3342 4471 3463 4508 cer-

200 4545 333 4613 νίκη
404 4543 693 4612 Ῥωμαίων
740 4541 918 4596 ἔσται.
967 4540 1368 4610 Προσετίθεσάν
1418 4559 1481 4610 γε
1531 4543 1656 4614 μὴν,
1712 4544 1779 4607 ὡς

1898 4549 2021 4603 ιιιιῐι⁸
2049 4540 2584 4610 Constantinopolim
2633 4543 2947 4612 petentibus
2981 4557 3305 4610 apparuere,
3337 4558 3459 4596 cos—

203 4637 300 4689 καὶ
332 4634 495 4686 αὐτοὶ
529 4633 822 4703 βραϐευταὶ
869 4634 1172 4702 πεμφθεῖεν
1206 4631 1415 4684 ἐκεῖθεν
1475 4634 1573 4701 τῆς
1603 4635 1783 4704 νίκης,

199 4730 303 4780 καὶ
345 4725 644 4793 Ῥωμαίοις
672 4725 741 4777 τά
766 4724 1005 4795 μάλιστα
1042 4725 1463 4793 συναρήγοντες.
1499 4727 1564 4776 Ὃ
1594 4726 1658 4794 δὴ
1691 4727 1789 4779 καὶ

198 4822 286 4882 είς
320 4813 440 4871 ὦτα
470 4816 640 4877 ἐλθὸν,
659 4816 719 4868 οὐ
754 4816 914 4884 μόνον
942 4814 1068 4876 τοὺς
1100 4815 1158 4865 ἐν
1186 4817 1252 4884 τῇ
1282 4816 1430 4867 πυλει
1464 4816 1785 4887 ἐθάρρυνεν,

200 4914 346 4967 ἀλλὰ
381 4912 477 4962 καὶ
531 4911 600 4960 τὰ
645 4906 752 4961 τῶν
814 4904 1163 4976 στρατιωτῶν
1207 4909 1532 4975 φρονήματα
1588 4908 1788 4977 μᾶλλον

198 5004 547 5072 ἐπέρρωσεν.
583 5000 742 5052 Ἐπεὶ
772 4996 925 5067 γοῦν,
960 4998 1035 5061 ὠς
1078 4996 1316 5067 εἴρηται,
1347 4999 1409 5049 ὲκ
1436 4998 1531 5067 τῆς
1586 4998 1789 5069 ’Δρμε-

197 5096 341 5148 νίων
416 5092 496 5154 εἰς
570 5090 1004 5156 Μεσοποταμίαν
1076 5088 1373 5159 μετεχώρει
1448 5090 1476 5141 ὁ
1532 5088 1785 5158 πόλεμος.

209 5185 487 5253 Ῥωμαῖοι
545 5181 970 5244 κατακλείστους
1037 5182 1398 5249 ποιησάμενοι
1469 5179 1596 5242 τοὺς
1660 5184 1789 5251 περὶ

196 5280 433 5333 Νίσιϐιν
500 5275 697 5338 πόλιν,
765 5274 1163 5342 ἐπολιόρκουν,
1228 5274 1473 5342 πύργους
1543 5273 1787 5339 ξυλίνους

196 5366 632 5435 ἐσκευασμένοι,
666 5366 715 5418 οἳ
744 5366 962 5434 τροχοῖς
988 5380 1129 5417 τισιν
1161 5365 1224 5415 ὲκ
1253 5364 1507 5434 μηχανῆς
1547 5364 1789 5433 βαδίζον-

196 5479 321 5526 τες,
354 5464 469 5523 τοῖς
492 5458 729 5528 τείχεσιν
749 5460 944 5528 ἦγοντο
968 5474 983 5489 ·
1017 5457 1111 5509 καὶ
1143 5459 1208 5527 τῇ
1241 5457 1426 5526 μακρᾷ
1463 5458 1789 5527 τειχομαχίᾳ

198 5552 445 5613 πολλοὺς
479 5553 589 5605 τῶν
641 5551 848 5605 ἄνωθεν
898 5550 1260 5618 ἀμυνομένων
1311 5550 1596 5617 ἠφάνιζον.
1639 5548 1699 5602 Ὀ
1734 5551 1790 5601 δὲ

190 5646 314 5701 τῶν
357 5644 590 5714 Περσῶν
646 5642 902 5713 βασιλεὺς
946 5643 1200 5712 Βαράνης
1264 5641 1644 5712 πεπορθῆσθαι
1691 5640 1791 5711 μὲν

280 5824 360 5897 (l)
402 5822 615 5878 Socrat.
652 5821 748 5877 lib.
781 5835 872 5887 vn,
907 5836 1027 5889 cap.
1070 5819 1155 5878 l8.

520 5988 547 6005 ἡ

1893 4646 1999 4701 que
2041 4631 2115 4685 ibi
2162 4634 2492 4689 annuntiare
2530 4636 2766 4703 iussi-rc,
2805 4643 2859 4685 ut
2897 4634 2970 4686 illi
3013 4635 3315 4701 precationi
3356 4633 3457 4685 ad-

1892 4721 2112 4775 modum
2166 4722 2567 4786 incumberent,
2616 4731 2670 4775 et
2713 4724 2955 4774 :mimum
2998 4722 3195 4775 fortem
3236 4722 3454 4776 obtine-

1893 4824 2047 4880 rcnt,
2095 4830 2157 4869 ac
2209 4815 2317 4869 Deo
2370 4817 2696 4876 crederent,
2736 4817 3033 4885 victoriam
3084 4815 3453 4868 Romanorum

1895 4904 2014 4959 fore
2071 4906 2171 4977 (I),
2225 4905 2357 4959 illud
2411 4907 2637 4974 insuper
2691 4906 2990 4969 addentes,
3046 4906 3252 4959 indices
3308 4907 3456 4976 ipsos

1893 4996 2021 5051 inde
2050 5008 2105 5050 et
2134 4997 2358 5049 nuntios
2386 4996 2653 5058 victoriae,
2696 4998 2787 5064 qui
2836 4995 3095 5050 ltoinanis
3130 5008 3454 5067 prtesentem

1897 5090 2133 5141 maxime
2167 5103 2324 5156 opem
2364 5087 2561 5145 ferant.
2597 5104 2626 5141 a
2664 5090 2771 5141 Deo
2794 5088 3000 5140 missus
3032 5104 3174 5141 esse.
3208 5089 3338 5154 Qua:
3370 5105 3459 5141 res

1896 5179 1989 5232 ubi
2031 5179 2096 5232 ad
2130 5194 2293 5233 aures
2342 5180 2626 5233 hominum
2680 5180 2946 5247 pervenit,
2980 5195 3083 5231 non
3126 5182 3288 5233 modo
3327 5180 3460 5232 civi-

1894 5271 1997 5325 bus
2032 5271 2165 5338 ipsis
2192 5272 2435 5325 animum
2471 5272 2704 5333 addidit,
2742 5273 2836 5325 sed
2874 5275 3037 5325 etiam
3082 5273 3312 5324 militum
3350 5274 3460 5324 for-

1894 5363 2185 5418 titudinem
2236 5365 2598 5419 conﬁrmavit.
2642 5365 2829 5434 Itaque
2882 5365 2971 5419 ubi
3026 5366 3251 5430 bellum,
3295 5364 3459 5418 sicuti

1892 5459 2100 5512 dictum
2134 5468 2237 5522 est,
2268 5473 2333 5511 ex
2366 5457 2621 5511 Armenia
2656 5458 2708 5510 in
2749 5456 3196 5524 Mesrpotamiam
3234 5458 3463 5508 transla-

1896 5559 2008 5604 tum
2046 5560 2150 5615 est,
2183 5550 2411 5603 Romani
2445 5565 2538 5604 eos
2569 5548 2660 5616 qui
2700 5550 2750 5601 in
2786 5549 2919 5600 urbe
2955 5548 3130 5601 Nisibi
3165 5548 3335 5601 clausi
3376 5558 3464 5600 at-

1895 5658 2001 5712 que
2030 5641 2424 5697 circumvallati
2455 5649 2632 5705 erant,
2663 5640 2951 5695 obsidione
2986 5650 3317 5708 prementes,
3349 5648 3464 5694 tur-
