3910 6218
604 358 741 424 112}

1792 360 2219 426 NlCEPHORI
2255 360 2603 428 CALLISTI

3602 374 3689 453 tm

598 487 690 527 res
723 471 934 542 ligneas
965 467 1236 536 fecerunt,
1266 480 1388 539 qua;
1421 466 1557 541 rotis
1590 468 1934 539 quibusdam
1966 478 2024 526 et
2062 484 2163 525 ma-

2282 474 2383 545 τὴν
2419 472 2734 545 Ἀζαζηνῶν
2779 472 2961 545 χώραν
3030 475 3228 544 μαθὼν,
3267 481 3351 535 καὶ
3394 486 3496 548 τοὺς
3537 490 3693 567 άνὰτηδ

603 562 786 617 chinis
828 560 1155 632 provolutae,
1190 557 1467 616 mmnibus
1503 559 1942 616 admovebantur
1972 577 1988 616 :
2020 569 2077 616 et
2107 576 2176 616 ex

601 654 685 708 eis
720 652 986 721 longiore,
1019 665 1121 721 pro
1156 665 1335 717 muro,
1369 665 1552 723 pugna
1589 652 1906 721 commissa,
1942 652 2103 708 multi
2141 667 2174 707 e

601 745 888 815 superiore
933 744 1059 799 loco
1103 743 1296 799 urbem
1345 756 1756 819 propugnantes
1799 746 2171 803 caedebantur.

602 837 845 890 Varanes
874 845 1059 890 autem
1090 833 1381 891 Persarum
1412 852 1513 892 rex
1543 837 1635 892 ubi
1660 837 1967 895 Azazenam
1996 839 2176 909 regio-
2228 844 2249 861 ¹“

600 941 726 981 nem
771 925 1038 989 excisam,
1077 934 1135 980 et
1177 940 1311 981 suos
1355 926 1533 983 Nisibi
1586 928 1830 985 inclusos
1881 930 2171 985 muralium

602 1025 1003 1072 tormentorum
1049 1018 1101 1073 vi
1150 1018 1314 1087 aﬂligi
1358 1020 1639 1089 cognovit,
1674 1020 1847 1091 copiis
1879 1036 2016 1091 quas
2055 1030 2169 1077 tum

599 1118 819 1178 paratas
856 1108 1096 1163 habebat
1132 1110 1413 1174 omnibus,
1449 1110 1722 1165 fortunam
1765 1110 1893 1167 belli
1931 1112 2171 1182 experiri

600 1214 893 1269 aggressus
940 1210 1046 1256 est.
1097 1199 1234 1256 Cum
1288 1216 1421 1256 vero
1479 1202 1858 1257 Romanorum
1909 1204 2168 1259 virtutem

601 1300 893 1356 metueret,
950 1290 1350 1346 Saracenorum
1406 1293 1627 1348 auxiliis
1682 1308 1815 1349 usus
1865 1304 1980 1360 est,
2031 1311 2170 1364 quos

598 1382 1004 1438 Alas‘nundarus
1034 1383 1118 1438 vir
1150 1383 1312 1439 tortis
1345 1393 1398 1437 et
1434 1383 1728 1440 bellicosus
1763 1384 1919 1440 duxit
1954 1403 1968 1440 :
2003 1386 2164 1457 481

599 1474 693 1542 qui
722 1488 846 1528 cum
880 1474 1048 1528 multa
1074 1489 1264 1529 eorum
1297 1474 1468 1529 millia
1497 1475 1572 1545 (1)
1608 1491 1796 1531 secum
1827 1478 2166 1544 adduxisset,

599 1563 745 1618 bono
788 1566 971 1619 animo
1015 1581 1198 1636 regem
1240 1566 1533 1621 Persarum
1577 1583 1697 1623 esse
1735 1569 1931 1637 jussit,
1979 1584 2169 1638 quam-

601 1657 839 1726 primum
871 1674 928 1713 se
959 1659 1136 1727 primo
1161 1659 1422 1714 conﬂictu
1450 1660 1728 1716 Romanos
1755 1673 2165 1731 superaturum,

599 1757 765 1817 atque
801 1749 904 1818 ipsi
948 1764 1052 1803 una
1099 1764 1224 1804 cum
1276 1765 1470 1821 magna
1505 1751 1764 1821 Syrorum
1802 1754 1936 1808 urbe
1973 1753 2168 1807 Antio-

2279 565 2500 620 Νίσιϐιν
2551 566 2873 637 εἱρχθέντας
2930 567 3235 639 συνεχεσθαι
3286 572 3375 642 ἤδη
3420 579 3479 647 τῇ
3517 578 3586 651 βία
3626 565 3693 640 τείν

2280 657 2603 725 ἑλεπόλεων,
2629 661 2698 729 τῇ
2722 657 3000 731 προσούση
3057 661 3199 735 πάσῃ
3251 664 3448 736 δυνάμει
3491 672 3694 747 amastri.

2280 751 2408 807 σθαι
2466 752 2918 823 παρεσκευάζετο
2955 771 2970 784 ·
3022 754 3117 826 τὴν
3161 754 3216 810 δὲ
3262 755 3504 827 Ῥωμαίων
3546 765 3693 838 δύναμιν

2279 842 2686 906 ὑποδειλιάσας,
2734 844 3049 914 συμμάχοις
3093 846 3405 917 Σαρακηνοῐς
3446 854 3610 924 tmte,
3650 856 3692 914 ὢν

2289 934 2731 1004 Ἀλαμούνδαρος
2764 936 2971 1007 ἠγεῖτο,
3011 936 3147 1006 ἀνὴρ
3178 942 3400 1005 γενναῖος
3447 947 3524 997 καὶ
3553 948 3690 1018 ἀρίῖκδς

2276 1027 2347 1081 τὰ
2373 1026 2610 1097 πολέμια
2642 1033 2659 1049 ⁸
2699 1027 2757 1090 ὃς
2785 1027 2990 1091 πολλὰς
3023 1029 3278 1103 μυριάδας
3312 1031 3581 1105 Σαρακηνῶν
3612 1040 3690 1092 ιιι.

2276 1119 2528 1188 γόμενος,
2560 1119 2786 1190 θαρρεῖν
2840 1119 3136 1190 παρηγγύα
3170 1120 3243 1188 τῷ
3295 1122 3485 1192 Περσῶν
3522 1126 3687 1195 βασιλεῖ’
3794 1112 3795 1117 Ἴ

2277 1210 2355 1279 μὴ
2380 1209 2489 1279 γὰρ
2518 1211 2651 1265 πολὺ
2676 1210 2930 1273 διελθεῖν,
2988 1212 3081 1265 καὶ
3137 1211 3416 1279 Ῥωμαίους
3464 1216 3540 1285 μὲν
3571 1222 3688 1292 πρώτῃ

2276 1299 2550 1370 προσϐολῇ
2581 1300 3060 1369 παραστήσεσθαι,
3092 1301 3182 1353 καὶ
3236 1300 3319 1352 ὑπ’
3347 1302 3474 1368 αὐτῷ
3488 1309 3623 1361 ,ποιεῖν
3638 1314 3691 1361 ιιι

2271 1391 2370 1461 τὴν
2427 1390 2578 1461 παρὰ
2637 1390 2836 1461 Σύροις
2908 1390 3149 1461 μεγάλην
3196 1392 3336 1445 πόλιν
3382 1393 3464 1463 τὴν
3495 1394 3691 1466 Ἀντιέχιι

2273 1481 2446 1535 Ταῦθ’
2473 1485 2501 1535 6
2533 1482 2635 1553 μὲν
2657 1483 2841 1551 ἔλεγεν
2877 1497 2892 1512 ·
2922 1482 3129 1552 ἥκιστα
3146 1483 3201 1535 δὲ
3229 1484 3319 1536 καὶ
3339 1485 3408 1546 είς
3429 1484 3546 1547 τέλος
3572 1488 3690 1557 ἐκείνῳ

2272 1574 2300 1625 6
2338 1573 2494 1640 λόγος
2518 1574 2740 1643 ἤρχετο.
2772 1574 2837 1626 Oi
2863 1574 2973 1642 γὰρ
3000 1566 3182 1641 ὲφόἷς
3214 1575 3409 1644 θαρρῶν
3432 1575 3693 1645 ἦιε,Σαριιη.

2273 1664 2354 1716 vol
2388 1664 2582 1731 ἄλογον
2616 1663 2735 1725 δέος
2765 1663 3189 1733 εἰσδεδεγμένοι,
3220 1664 3309 1717 καὶ
3361 1666 3575 1737 φαντασίᾳ
3613 1670 3694 1736 λης·

2275 1753 2458 1817 θέντες
2494 1755 2726 1826 μεγίστῃ
2760 1757 2896 1826 πρὸς
2940 1756 3226 1826 Ῥωμαίων
3269 1757 3466 1829 δυνάμει
3502 1761 3693 1821 περιελαύ-

599 1841 723 1896 chia
771 1842 1148 1911 subiecturum
1201 1857 1346 1905 esse,
1394 1842 1606 1896 dicens.
1645 1843 1770 1898 llaec
1815 1844 1907 1898 ille
1949 1845 2163 1913 quidem

2271 1841 2478 1906 νεσθαι,
2510 1845 2604 1896 καὶ
2636 1845 2694 1896 ἐν
2715 1847 2925 1913 ταραχῇ
2984 1844 3342 1905 καταστάντες
3388 1846 3568 1918 μεγάλη,
3605 1851 3693 1919 pits

599 1930 860 2000 iactabat,
895 1932 991 1985 sed
1036 1933 1205 1987 verba
1252 1934 1372 2003 ejus
1410 1933 1638 1990 minime
1689 1935 1753 1989 ad
1794 1936 2002 1991 exitum
2044 1951 2168 2006 pcr-

601 2034 826 2076 venere.
854 2021 1067 2086 Quibus
1098 2038 1337 2092 namque
1371 2038 1465 2078 rex
1495 2024 1717 2090 ﬁdebat,
1748 2023 2004 2079 Saraceni
2034 2041 2169 2095 prae-

604 2118 688 2163 ter
725 2111 988 2164 rationem
1041 2121 1254 2166 terrore
1296 2113 1562 2181 correpti,
1595 2122 1650 2167 et
1692 2128 1790 2183 per
1825 2114 2169 2184 imaginatio—

600 2215 726 2254 nem
760 2216 818 2255 se
853 2217 882 2255 a
924 2202 1177 2257 maximis
1220 2203 1597 2258 Romanorum
1637 2204 1812 2273 copiis
1860 2206 2167 2259 circumda-

602 2300 688 2345 tos
724 2291 959 2360 prepelli
1008 2292 1237 2361 opinati,
1273 2302 1436 2361 atque
1486 2293 1538 2347 in
1583 2309 1837 2363 magnum
1874 2296 2165 2349 tumultum

600 2381 858 2451 conjecti,
890 2381 963 2435 ita
1018 2391 1076 2435 ut
1117 2398 1296 2452 neque
1339 2384 1469 2452 quid
1516 2384 1825 2439 faciendum
1861 2395 2027 2451 esset,
2060 2387 2166 2442 sci-

600 2481 747 2536 rent,
791 2486 899 2524 una
947 2487 1070 2526 cum
1123 2474 1293 2529 armis
1348 2475 1407 2528 in
1462 2474 1792 2547 Euphratem
1840 2494 2055 2533 amnem
2109 2495 2167 2534 se

601 2564 1040 2632 praecipitarunt.
1089 2563 1288 2634 Opinio
1336 2581 1468 2621 sane
1521 2569 1767 2634 obtinet,
1820 2581 2038 2625 centum
2092 2572 2165 2625 ibi

604 2652 846 2707 virorum
884 2655 1051 2708 millia
1086 2657 1336 2725 periisse.
1366 2658 1544 2726 Atque
1582 2659 1687 2714 hoc
1716 2662 1795 2714 sic
1822 2662 2044 2730 quidem
2082 2680 2169 2718 ac-

601 2744 758 2799 cidit.
805 2745 1036 2799 Romani
1087 2761 1255 2812 vero,
1308 2748 1403 2817 qui
1449 2750 1705 2805 excitatis
1754 2757 2168 2824 expugnatoriis

600 2836 821 2890 urbium
858 2837 1127 2892 machinis
1164 2838 1396 2893 Nisibim
1433 2840 1783 2907 obsidebant,
1823 2859 1947 2898 cum
1981 2847 2167 2900 audis-

599 2938 745 2996 sent,
776 2930 991 2984 Persam
1023 2946 1271 3001 magnam
1302 2932 1722 3001 elephantorum
1755 2937 2163 2994 multitudinem

599 3022 897 3089 adducere,
927 3030 982 3076 et
1007 3037 1070 3077 ea
1102 3025 1167 3077 de
1199 3039 1365 3079 causa
1397 3035 1544 3080 metu
1578 3031 1917 3084 consternati
1958 3043 2163 3099 essent,

598 3112 871 3166 machinis
916 3112 997 3167 eis
1044 3114 1305 3167 omnibus
1353 3114 1477 3184 igne
1523 3120 1888 3186 consumptis,
1928 3121 1997 3173 ad
2045 3122 2162 3177 loca

598 3216 696 3254 sua
729 3208 856 3253 sunt
888 3202 1121 3255 reversi.
1155 3201 1427 3256 Cmterum
1456 3212 1589 3271 quot
1619 3214 1806 3272 postea
1839 3207 2022 3274 praelia
2054 3208 2165 3262 sint

594 3291 911 3358 commissa,
939 3301 992 3344 et
1022 3291 1298 3360 quomodo
1325 3294 1466 3347 alius
1492 3293 1865 3349 Romanorum
1894 3296 2004 3351 dux
2028 3298 2164 3355 Are-

592 3381 839 3435 obindus
870 3382 1136 3451 singulari
1169 3381 1469 3439 certamine
1503 3400 1629 3440 eum
1668 3386 1764 3457 qui
1798 3389 1942 3458 apud
1974 3391 2164 3447 Persas

593 3474 841 3527 omnium
894 3472 1229 3529 fortissimus
1281 3475 1501 3529 habitus
1542 3486 1647 3543 est,
1689 3480 2032 3534 interemerit
2063 3498 2078 3534 :
2107 3491 2164 3536 et

588 3564 871 3633 quomodo
922 3564 1267 3620 Ardaburius
1312 3577 1522 3636 septem
1573 3569 1865 3624 Persarum
1910 3573 2163 3628 ductores

592 3654 814 3710 insidiis
871 3667 1133 3727 exceptos
1178 3656 1500 3724 trucidarit;
1547 3659 1734 3715 adhazc
1787 3670 1847 3715 ut
1889 3661 2158 3732 Vitianus,

599 3746 745 3801 alius
768 3746 1060 3800 Theodosii
1085 3747 1217 3811 dux,
1239 3748 1502 3818 reliquias
1527 3749 1930 3808 Saracenorum
1954 3755 2159 3824 optime

586 3837 941 3902 exstinxerit,
975 3839 1507 3907 praetermittendum
1541 3855 1661 3895 esse
1693 3857 1914 3911 censeo,
1947 3860 2016 3899 ne
2044 3846 2163 3900 lon-

593 3929 716 3997 gius
745 3936 900 3981 extra
933 3929 1275 3999 propositum
1310 3930 1609 4000 digrediar.
1646 3931 1945 4003 Imperator
1979 3937 2159 3992 Theo-

586 4017 784 4073 dosius
832 4034 918 4073 res
975 4019 1026 4073 in
1077 4034 1144 4073 eo
1193 4020 1341 4075 bello
1388 4031 1588 4091 gestas,
1630 4024 1874 4081 Palladio
1922 4029 2160 4096 quodam

592 4123 816 4160 cursore
849 4108 1018 4163 celeri
1056 4124 1208 4176 usus,
1239 4112 1648 4180 quamprimum
1680 4116 1955 4184 cognovit.
1984 4117 2079 4172 Vir
2113 4118 2161 4174 is

586 4216 721 4254 cum
768 4215 999 4269 corpore
1043 4203 1337 4270 robustus,
1384 4213 1497 4258 tum
1546 4205 1732 4260 animo
1774 4208 2158 4265 adamantinus

586 4290 696 4344 fuit
726 4308 740 4344 :
770 4292 863 4359 qui
893 4300 1043 4345 tanta
1072 4293 1353 4348 celeritate
1383 4310 1528 4364 equo
1558 4297 1803 4354 insidens
1835 4312 2022 4356 vectus
2047 4310 2152 4368 est,

588 4390 658 4434 -ιιι
693 4382 888 4435 diebus
933 4381 1110 4437 tribus
1156 4384 1213 4437 in
1264 4385 1421 4450 lines,
1454 4388 1547 4455 qui
1588 4387 1751 4442 medii
1792 4390 1934 4445 inter
1963 4391 2159 4448 Persas

2269 1933 2425 2003 δρᾷν,
2468 1935 2590 2003 μηδ’
2624 1936 2772 1998 ὅπως
2798 1939 2946 2007 φυγῇ
3015 1936 3312 2007 χρήσασθαι
3358 1936 3548 2007 ἔχοντες,
3579 1941 3694 2005 αὐτοῖς

2270 2025 2456 2088 ὅπλοις
2494 2026 2645 2095 παρὰ
2682 2026 2773 2079 τὸν
2798 2028 3049 2096 ποταμὸν
3099 2029 3369 2099 Εὐφράτην
3389 2029 3580 2082 ἐνέϐαλον
3612 2033 3674 2083 tau

2271 2116 2419 2179 τούς.
2463 2117 2571 2170 Καί
2622 2134 2686 2186 γε
2738 2119 2894 2186 λόγος
2956 2122 3085 2191 περὶ
3138 2121 3264 2174 δέκα
3316 2122 3532 2194 μυριάδας
3563 2127 3694 2196 ἀνδρῶν

2271 2210 2448 2260 ἐκεῖσε
2482 2208 2869 2279 διαφθαρῆναι.
2897 2210 3073 2265 Τοῦτο
3106 2212 3202 2281 μὲν
3227 2212 3287 2282 δὴ
3312 2213 3511 2267 τοιοῦτον
3534 2217 3693 2269 συνέδει·

2271 2318 2383 2354 νεν.
2435 2302 2497 2352 Οί
2565 2301 2623 2353 δὲ
2668 2303 2799 2369 περὶ
2841 2301 3061 2371 Νίσιϐιν
3126 2304 3219 2367 τὰς
3259 2304 3495 2368 ἑλεπόλεις
3529 2306 3692 2369 intime;

2282 2392 2566 2459 Ῥωμαῖοι,
2600 2392 2899 2461 πυθόμενοι
2934 2395 3014 2457 ὡς
3046 2398 3075 2449 6
3098 2396 3305 2468 Πέρσης
3345 2398 3588 2466 ἐλεφάντων
3614 2399 3695 2449 mli

2271 2500 2322 2535 τι
2351 2479 2556 2551 πλῆθος
2582 2484 2863 2552 ἐπάγοιτο,
2896 2487 2994 2538 καὶ
3039 2486 3119 2552 τῷ
3167 2488 3272 2542 δέει
3299 2490 3519 2557 παγέντες
3559 2490 3696 2552 ἁπάσας

2270 2577 2369 2636 τὰς
2398 2578 2825 2646 πολιορκητικᾶς
2887 2580 3143 2648 μηχανὰς
3175 2582 3302 2651 πυρὶ
3327 2580 3581 2645 δεδωκότες,
3615 2582 3699 2649 πρὸς

2270 2665 2664 2728 τοὺςοίκείους
2702 2667 2905 2730 τόπους
2932 2668 3284 2739 ἀνέστρεφον.
3319 2672 3445 2725 Ἀλλ’
3465 2674 3610 2725 ὁπόσαι
3639 2672 3699 2741 μὲν

2269 2752 2464 2831 ἔπειτα
2500 2756 2768 2825 συμϐολαὶ
2802 2759 2878 2827 τῷ
2907 2763 3053 2829 μετᾶ
3083 2762 3251 2816 ταῦτα
3303 2763 3569 2831 συνέϐησαν,
3609 2765 3700 2824 ὅπως

2270 2824 2327 2895 τέ
2364 2844 2392 2894 6
2424 2824 2716 2914 Ῥωμαίων
2745 2824 2933 2920 ἕτερος
2969 2854 3277 2923 στρατηγὸς
3307 2824 3578 2924 ’Δρεόϐινδος
3602 2870 3700 2922 μονο-

2272 2936 2446 3005 μαχίᾳ
2475 2936 2566 2988 τὸν
2591 2939 2744 3007 παρὰ
2776 2941 3017 3012 Πέρσαις
3080 2945 3255 2999 ἀνεῖλε
3306 2947 3592 3014 νομιζόμενον
3627 2961 3700 3010 τεν-

2269 3025 2570 3093 ναιότατον,
2613 3028 2695 3083 ἔτι
2723 3031 2778 3084 δὲ
2810 3035 2904 3085 καὶ
2938 3033 3017 3097 ὡς
3086 3036 3441 3107 Ἀρδαϐούριος
3478 3039 3576 3105 τοὺς
3614 3035 3700 3088 ἐστὶ

2268 3116 2381 3168 τῶν
2412 3118 2637 3187 Περσῶν
2667 3126 3008 3191 στρατηγοὺς
3069 3126 3137 3180 δι’
3177 3129 3383 3199 ἐνέδρας
3433 3130 3542 3182 ἑλὼν
3576 3129 3700 3191 ἀνεῖλε.

2267 3206 2404 3275 πρὸς
2426 3207 2485 3261 δὲ
2508 3209 2573 3279 δὴ
2605 3210 2839 3276 τούτοις,
2874 3218 2972 3270 καὶ
2994 3217 3076 3282 ὡς
3105 3219 3333 3283 Βετιανδς
3352 3221 3488 3283 ἄλλος
3515 3220 3700 3273 causam

2266 3300 2573 3369 στρατηγὸς
2604 3303 2811 3373 ἀρίστῳ
2835 3307 3023 3377 τρόπῳ
3053 3310 3180 3372 τοὺς
3213 3311 3499 3373 ἐπιλοίπους
3518 3311 3702 3378 διέφθειρε

2264 3386 2372 3440 τῶν
2396 3388 2750 3461 Σαρακηνῶν,
2811 3399 3087 3467 παρήσειν
3142 3401 3281 3455 δοκῶ
3314 3420 3415 3473 μοι,
3454 3403 3523 3455 ἶνα
3563 3402 3617 3471 μὴ
3646 3398 3699 3452 rei

2265 3482 2631 3550 προκειμένου
2660 3486 2816 3550 ἐκτὸς
2842 3492 3095 3558 γένωμαι
3117 3508 3132 3524 ο
3168 3495 3266 3548 δσα
3297 3496 3462 3565 μέντοι
3481 3495 3543 3565 τῷ
3561 3495 3701 3560 πολέμῳ

2264 3573 2498 3639 ἐγίνετο,
2536 3576 2733 3631 θᾶττον
2759 3579 3020 3651 ἐγνώριζε
3076 3583 3339 3655 βασιλεὺς,
3386 3587 3610 3656 Παλλαδίῳ
3641 3584 3700 3636 τινὶ

2261 3664 2589 3737 ταχυδρόμῳ
2621 3668 2926 3739 χρώμενος,
2955 3675 3116 3746 ἀνδρὶ
3134 3679 3357 3749 γενναίῳ
3400 3679 3485 3750 μὲν
3506 3679 3554 3731 τδ
3591 3676 3702 3744 σῶμα,

2260 3757 2611 3829 ἁδαμαντίνῳ
2640 3761 2697 3814 δὲ
2727 3763 2823 3815 καὶ
2850 3764 3031 3836 ψυχήν
3067 3784 3084 3800 ο
3110 3770 3168 3834 ὃς
3186 3773 3263 3833 εις
3289 3772 3432 3825 τόσον
3470 3770 3568 3840 μεθ’
3596 3769 3702 3820 iam

2261 3847 2505 3902 ἐλαύνων
2523 3851 2773 3923 ἐφέρετο,
2797 3855 2875 3919 ὡς
2904 3858 2964 3910 ὲν
2998 3860 3184 3929 τρισὶν
3210 3863 3431 3932 ἡμέραις
3454 3862 3566 3931 ταχῦ
3600 3872 3703 3912 κατι·

2260 3940 2558 4011 λαμϐάνειν
2596 3946 2725 4009 τοὺς
2768 3947 2950 4019 ὅρους,
2985 3950 3035 4004 οἳ
3070 3951 3272 4021 μεταξὺ
3312 3952 3507 4021 Περσῶν
3535 3947 3702 4003 καὶῬω-

2264 4037 2442 4107 μαίων
2469 4034 2610 4110 ἦσαν
2627 4056 2641 4072 ·
2661 4042 2854 4098 ἔπειτα
2872 4044 2928 4098 δὲ
2949 4048 3272 4120 ἰσαρίθμους
3290 4049 3589 4103 ἀναλίσκοντα
3605 4044 3704 4096 πᾶλιν

2258 4130 2353 4181 ἐπὶ
2380 4131 2480 4201 τὴν
2505 4134 2922 4190 Κωνσταντίνου
2957 4139 3338 4213 ὑποστρέφειν.
3366 4143 3433 4212 Τῇ
3455 4141 3503 4195 δὲ
3525 4136 3701 4206 ταχυτῆτι

2258 4219 2538 4291 Χρώμενος
2556 4224 2616 4277 οὗ
2638 4226 2800 4293 μόνον
2820 4229 2900 4292 εἰς
2917 4229 3147 4301 Περσῶν
3161 4233 3303 4302 ὅρια,
3317 4231 3439 4286 ἀλλὰ
3452 4232 3530 4285 καὶ
3543 4230 3593 4284 τὰ
3602 4223 3704 4278 λοιτά

2257 4309 2359 4377 τῆς
2404 4313 2731 4385 οἰκουμένης
2763 4319 3033 4388 τμήματα
3055 4359 3073 4386 ,
3123 4326 3325 4392 ταχέως
3353 4323 3586 4382 διίπτατο,
3619 4318 3702 4367 ὅπου

2257 4400 2303 4454 δ’
2325 4402 2392 4454 ἂν
2423 4404 2452 4455 6
2483 4405 2704 4475 κρατῶν
2734 4406 3131 4474 ὲξαπέστελλεν
3159 4429 3172 4444 ο
3203 4416 3276 4477 ὡς
3300 4413 3386 4467 καί
3410 4413 3518 4466 ποτί
3531 4426 3619 4464 τινα
3638 4407 3705 4459 τῶν

586 4481 651 4525 et
691 4472 966 4527 Romanos
1004 4482 1156 4539 sunt,
1205 4476 1541 4544 pervenerit,
1591 4464 1929 4549 totidemque
1969 4493 2156 4551 postea

2265 4464 2561 4565 ιλλογίμοέν
2601 4464 2811 4569 σφόδρα
2837 4502 2900 4553 τι
2920 4501 3088 4573 τάχος
3120 4464 3574 4575 eammeam!
3598 4497 3703 4553 σύτοῖ

584 4561 791 4615 diebus
843 4560 1379 4631 ConstantinOpolim
1435 4582 1694 4623 reversus
1751 4570 1844 4625 sit.
1900 4571 1982 4626 Ob
2037 4588 2157 4627 earn

2265 4560 2546 4652 pavendi;
2585 4560 2810 4659 'O'a‘wlw
2840 4560 3266 4663 obtognpsyélqb
3301 4560 3452 4649 οὖσαν
3496 4560 3573 4662 τήν
3619 4589 3704 4641 Ῥων

593 4668 729 4706 vero
765 4654 1126 4720 celeritatem,
1161 4670 1271 4709 non
1308 4655 1375 4710 ad
1410 4656 1701 4714 Persarum
1750 4661 1885 4716 lines
1924 4672 2157 4729 tantum,

583 4745 689 4799 sed
724 4747 790 4798 ad
830 4746 1068 4815 reliquas
1108 4747 1274 4802 etiam
1321 4749 1474 4805 orbis
1518 4762 1725 4820 partes,
1753 4768 1862 4822 quo
1895 4769 2019 4809 eum
2057 4755 2161 4808 im-

587 4847 815 4907 perator
880 4840 1070 4904 misit,
1138 4842 1551 4910 expeditissime
1618 4846 1950 4914 pervolavit.
2017 4848 2161 4913 Qua-

586 4938 824 4998 propter
850 4929 1146 4998 aliquando
1180 4947 1248 4986 ex
1278 4933 1558 5002 praeclaris
1583 4936 1715 4989 viris
1743 4935 1987 5005 quidam,
2018 4940 2161 4994 cele-

588 5020 813 5074 ritatcm
876 5022 996 5092 ejus
1047 5023 1353 5078 admiratus
1404 5025 1596 5081 dixit:
1645 5026 1832 5082 Virum
1871 5044 1998 5082 eum
2052 5039 2158 5084 tam

582 5113 829 5192 amplam
875 5114 1105 5169 Romani
1153 5116 1370 5186 imperii
1413 5117 1701 5183 ditionem,
1741 5132 2022 5190 angustam
2061 5138 2158 5177 ex-

585 5203 777 5272 pedita
827 5205 1107 5260 celeritate
1162 5222 1260 5261 sua
1311 5207 1640 5264 reddidisse.
1672 5208 1756 5264 Ad
1808 5213 1947 5267 hanc
1990 5214 2156 5267 etiam

588 5295 881 5350 Persarum
930 5312 1021 5351 rex
1066 5298 1368 5367 obstupuit,
1409 5300 1555 5369 quod
1593 5300 1865 5371 legatione
1900 5304 2155 5373 fungens,

588 5388 890 5442 mltor‘um
945 5387 1163 5443 dierum
1219 5390 1322 5443 iter
1375 5399 1484 5444 tam
1541 5392 1796 5447 celeriter
1847 5396 2155 5466 perliceret.

589 5476 754 5548 582
811 5479 939 5534 Haec
996 5481 1065 5535 de
1122 5480 1385 5539 Palladio.
1451 5482 1796 5541 Theodosius
1858 5487 2158 5557 imperator

586 5563 1064 5640 Constantinopoli
1096 5571 1323 5644 degens,
1356 5575 1450 5633 ubi
1484 5573 1860 5635 Romanorum
1892 5580 2157 5640 divinitus

664 5739 742 5805 (ll
781 5744 1062 5812 Μυριάδας
1095 5749 1256 5808 Socr.

2263 4676 2438 4744 μαίων
2461 4677 2633 4747 ἀρχὴν
2659 4683 2900 4750 σμικρὰν
2931 4686 2995 4753 τῇ
3022 4687 3289 4756 ταχυτῆτι
3318 4685 3561 4748 ἀπέδειξεν
3580 4681 3646 4733 ’ὃν
3663 4677 3703 4743 δὴ

2260 4770 2359 4822 καὶ
2382 4770 2408 4821 6
2438 4769 2665 4837 Περσῶν
2721 4771 2976 4840 βασιλεὺς
3031 4777 3396 4850 ἐξεπλήττετο,
3443 4775 3608 4831 πολλῶν
3633 4772 3704 4826 ὀδὶιν

2260 4855 2481 4925 ἡμερῶν
2511 4856 2703 4911 θᾶττον
2736 4859 2813 4928 τῷ
2844 4863 3171 4931 πρεσϐεύειν
3223 4866 3456 4921 ἀνύοντα.
3499 4867 3583 4918 Καὶ
3626 4858 3704 4928 περὶ

2261 4944 2362 5012 μὲν
2386 4945 2687 5001 Παλλαδίου
2715 4951 2976 5008 τοσαῦτα.
3013 4954 3272 5020 Βασιλεὺς
3320 4956 3373 5009 δὲ
3423 4955 3639 5012 Θεοδόσιος
3660 4949 3701 5015 τῆ

2261 5033 2676 5092 Κωνσταντίνου
2709 5040 3023 5109 διατρίϐων,
3048 5045 3141 5098 καὶ
3157 5047 3257 5116 τὴν
3292 5049 3352 5101 ὲκ
3392 5045 3510 5098 Θεοῦ
3548 5044 3704 5108 Ῥωμαέ·

2258 5142 2340 5190 οις
2382 5129 2778 5201 ἑπιγενομένην
2825 5137 2983 5205 νίκην
3021 5137 3197 5202 εἰδὼς,
3243 5138 3381 5191 οὕτω
3416 5138 3550 5200 καλός
3580 5150 3624 5186 τε
3649 5134 3706 5183 ni

2258 5218 2459 5286 ἀγαθὸς
2482 5216 2571 5292 ἦν,
2588 5225 2663 5286 ὼς
2682 5225 2883 5295 καίπερ
2908 5230 3150 5299 εὐτυχῶς
3178 5229 3477 5301 πραξάντων
3488 5227 3703 5295 Ῥωμαίων.

2256 5309 2405 5378 ὅμως
2432 5318 2527 5364 καὶ
2563 5314 2736 5380 οὕτως
2773 5319 3029 5389 εἰρηνικὰ
3076 5325 3297 5391 φρονεῖν
3351 5325 3438 5377 καὶ
3473 5316 3701 5373 σπένδεσθαι

2259 5399 2572 5470 βούλεσθαι.
2600 5406 2709 5457 Καὶ
2732 5407 2797 5474 δὴ
2827 5409 2919 5463 τὸν
2975 5414 3344 5483 στρατηλάτην
3400 5411 3590 5465 Ἦλίωνσ
3618 5406 3705 5469 πέμ·

2254 5490 2384 5560 φας.
2410 5492 2467 5545 δν
2495 5494 2583 5548 διὰ
2612 5499 2944 5568 περιφανοῦς
2978 5497 3082 5572 ἦγε
3119 5507 3305 5572 τιμῆς,
3362 5504 3552 5571 είρηνην
3596 5492 3707 5562 πράτ-

2254 5598 2369 5638 τειν
2398 5586 2533 5656 πρὸς
2566 5588 2779 5660 Πέρσας
2808 5592 3169 5651 ἐνεκελεύετο.
3197 5596 3311 5651 Καὶ
3337 5595 3391 5661 ὃς
3418 5599 3504 5665 τὴν
3530 5592 3705 5648 Mm"
3788 5586 3791 5657 ί
