3910 6218
235 359 370 423 lli-25

1181 350 1785 414 ECCLESIASTIC/E
1821 347 2214 409 HISTORl/E
2251 347 2401 408 LIB.
2442 347 2603 409 XIV.

3347 348 3480 413 ilJi

224 474 435 545 ταμίαν
505 467 865 533 καταλαϐὼν,
924 468 1060 522 ὅπου
1125 467 1187 537 δή
1256 466 1523 537 Ῥωμαῖοι
1588 465 1809 536 βαθεῖαν

1913 477 2225 518 concessam
2257 462 2543 517 victoriam
2576 460 2815 526 rescivit,
2847 471 2952 517 tam
2984 462 3162 518 bonus
3191 461 3482 523 honestus-

227 569 439 636 τάφρον
497 563 817 636 ὀρύττοντες
891 561 1099 613 οἰκείαν
1177 560 1430 630 φυλακὴν
1488 557 1802 619 ἐποιοῦντο,

232 660 538 729 Μαξιμῖνον
591 656 762 726 ἄνδρα
826 654 1109 723 ἐλλόγιμον
1161 653 1377 721 ἔπεμπε
1429 652 1529 723 τὴν
1578 651 1805 723 εἰρήνην

235 748 817 820 πραγματευσόμενον.
881 743 1107 812 Ἐπίσης
1178 742 1236 796 δέ
1290 740 1659 812 Ἀρδαϐουρίῳ
1706 740 1806 808 τῆς

233 841 503 910 καθέδρας
562 828 779 909 μετεῖχε
811 849 824 864 ⁸
852 834 948 888 καὶ
983 836 1117 903 πρὸς
1172 833 1264 886 τὸν
1315 832 1537 901 Περσῶν
1580 830 1810 900 βασιλέα

231 936 548 1005 γενόμενος,
582 930 734 997 παρὰ
763 928 870 980 τῶν
906 926 1232 997 στρατηγῶν
1262 926 1548 995 σταλῆναι,
1587 926 1647 980 ού
1702 925 1808 995 μὴν

231 1026 385 1096 παρὰ
410 1023 503 1077 τοῦ
539 1021 801 1093 βασιλέως
823 1019 978 1087 ἔλεγε
1004 1035 1017 1048 ·
1058 1019 1192 1088 μηδέ
1212 1019 1322 1089 γάρ
1353 1018 1625 1085 ἐγνῶσθαι
1684 1033 1809 1070 του.

231 1118 349 1171 τονὶ
379 1117 475 1169 τὸν
524 1114 762 1182 πόλεμον
796 1111 1029 1181 βασιλεῖ,
1080 1110 1218 1164 ἀλλὰ
1248 1112 1344 1163 καὶ
1394 1111 1709 1178 γνωσθέντα
1749 1112 1809 1163 ἐν

232 1209 408 1262 οὐδενὶ
428 1204 769 1276 νομίζεσθαι.
802 1202 911 1256 Τοῦ
958 1202 1016 1255 δέ
1060 1201 1310 1273 Βαράνου
1359 1203 1455 1272 τὴν
1510 1202 1810 1272 πρεσϐείαν

231 1299 611 1369 εἰσδεχομένου
647 1313 662 1331 ο
731 1295 878 1366 λιμῷ
961 1296 1073 1367 γὰρ
1145 1295 1387 1364 πλείστῳ
1462 1297 1497 1364 ή
1580 1294 1809 1362 στρατιά

232 1377 527 1457 ἐπιέζετο,
572 1392 623 1444 οἰ
684 1392 815 1460 παρ’
869 1389 1066 1459 ἐκείνῳ
1132 1386 1464 1457 κεκλημένοι
1524 1386 1809 1441 Ἀθάνατοι

234 1486 494 1560 (ἀριθμὸς
517 1485 573 1539 δὲ
610 1478 767 1542 οὗτος
804 1483 1013 1553 μυρίων
1040 1480 1315 1535 ἐκλεκτῶν
1360 1480 1505 1549 μάλα
1532 1481 1628 1533 καὶ
1686 1496 1811 1546 γεν·

232 1581 401 1634 ναίων
431 1576 664 1647 ἀνδρῶν)
696 1575 1035 1645 προσιόντες,
1084 1573 1158 1643 μὴ
1206 1572 1475 1641 πρότερον
1520 1572 1813 1641 καταδέχεσ-

236 1672 362 1725 σθαι
393 1670 492 1737 τὴν
519 1668 743 1737 εἰρήνην
770 1664 983 1734 βασιλεί
1002 1663 1208 1731 ἔλεγον.
1242 1664 1373 1733 πρὶν
1402 1662 1468 1717 ἂν
1517 1662 1812 1732 Ῥωμαίοις

235 1758 565 1830 ἀφυλάκτως
594 1754 811 1823 ἔχουσιν
837 1749 1260 1804 ἐπεισπέσωσιν.
1293 1743 1389 1811 Οἷς
1410 1750 1475 1821 δὴ
1507 1750 1600 1801 καί
1630 1766 1811 1819 παρα-

235 1849 482 1910 πεισθεὶς
540 1844 832 1916 βασιλεὺς,
898 1841 1123 1912 Περσῶν
1179 1841 1271 1894 τὸν
1321 1840 1418 1911 μὲν
1466 1840 1709 1910 πρέσϐυν
1753 1843 1810 1894 ἐν

233 1939 533 2011 ἀπορρήτῳ
562 1935 936 1998 κατακλείσας
986 1932 1258 2001 ἐφύλαττε
1293 1948 1310 1964 ⁶
1344 1932 1471 1995 τοὺς
1499 1932 1545 1985 δ’
1590 1932 1813 1985 Ἀθανά-

231 2050 360 2096 τους
390 2030 652 2095 ἐκείνους,
686 2028 841 2096 λόχον
869 2025 1045 2079 ἐποίει
1102 2012 1404 2093 Ῥωμαίοις
1439 2040 1453 2053 ·
1490 2023 1539 2077 οἳ
1586 2026 1679 2078 καὶ
1730 2026 1812 2085 εἰς

232 2126 333 2179 δύο
368 2125 646 2193 γενόμενοι
683 2122 962 2188 τάγματα,
1024 2118 1190 2186 μέσον
1251 2115 1585 2187 περικλείειν
1656 2118 1811 2167 ἐπει-

237 2216 415 2285 ρῶντο
436 2216 629 2283 μςῐραν
650 2212 750 2264 οὐκ
803 2208 1123 2278 ὲλαχίστηνυ
1153 2206 1445 2276 Ῥωμαίων
1499 2205 1644 2258 τινά.
1681 2205 1815 2257 Ῥω-

240 2310 394 2377 μαῖοι
422 2306 478 2359 δὲ
508 2305 643 2375 πρὸς
677 2304 775 2373 μὲν
807 2303 1060 2370 θάτερον,
1083 2299 1112 2352 ὃ
1169 2300 1236 2369 δὴ
1286 2300 1381 2352 καὶ
1442 2298 1649 2367 ἐώρων,
1679 2297 1814 2367 πρὸς

233 2402 418 2455 ἐκεῖνο
445 2398 544 2450 καὶ
563 2390 712 2449 οὗτοι
747 2389 1232 2461 παρεσκευάζοντο
1270 2404 1284 2420 ο
1322 2388 1477 2442 οὔπω
1512 2389 1616 2459 γάρ
1656 2388 1814 2440 θάτε-

151 2558 155 2561 _
235 2507 331 2563 ρον
354 2485 493 2542 εἰδον
520 2504 534 2519 ο
563 2486 829 2554 ἐξαπίνης
876 2485 985 2553 γὰρ
1017 2482 1254 2549 ἔδραμεν
1282 2495 1298 2512 ο
1335 2480 1436 2551 ήδη
1492 2480 1549 2533 δέ
1609 2480 1816 2551 cup“-

230 2579 467 2649 γνυσθαι
490 2577 794 2647 μελλόντων
822 2573 930 2627 τῶν
957 2573 1411 2643 στρατευμάτων,
1439 2571 1577 2642 πρὸς
1606 2570 1813 2640 ἄλληλα

232 2669 374 2723 Θεοῦ
438 2668 669 2738 προνοίᾳ
734 2666 842 2718 τινὶ
888 2663 1120 2731 στρατὸς
1187 2662 1476 2731 Ῥωμαίων
1525 2662 1711 2731 ἕτερος
1750 2660 1814 2714 ἐκ

235 2778 386 2823 τινος
417 2760 654 2828 γηλόφου
710 2754 1095 2826 προύφαίνετο,
1132 2755 1426 2825 Προκοπίῳ
1475 2754 1552 2822 τῷ
1581 2770 1816 2823 στρατη-

232 2855 376 2925 λάτῃ
399 2854 667 2922 ἀγόμενος
697 2865 713 2882 ο
747 2851 805 2911 ὃς
829 2850 888 2900 ἐν
925 2845 1159 2916 κινδύνῳ
1211 2846 1651 2917 ἀπειλημμένους
1688 2847 1815 2907 τοὺς

237 2941 549 3009 ὁμοφύλους
601 2937 748 3002 ἰδὼν,
807 2939 923 3000 τοῖς
975 2935 1211 3006 Πέρσαις
1271 2936 1615 3005 ἐπιθέμενος,
1674 2938 1813 2990 κατὰ

236 3031 413 3083 νώτου
476 3024 697 3095 ἐχώρει.
760 3024 871 3077 Καὶ
922 3022 972 3075 οἰ
1032 3023 1140 3093 πρὸ
1202 3022 1431 3093 βραχέος
1495 3023 1813 3090 μεσολαϐεῖν

239 3122 531 3194 μέλλοντες
562 3114 994 3187 μεσολαϐοὖνται
1025 3113 1341 3183 Ῥωμαίοις.
1371 3115 1479 3168 Καὶ
1501 3113 1812 3176 κτείναντες
1840 3145 1882 3202 C

233 3218 509 3278 ἅπαντας,
541 3210 755 3264 ἐκεῖθεν
780 3209 916 3277 πρὸς
932 3205 1057 3268 τοὺς
1083 3207 1148 3258 ἐκ
1171 3206 1272 3275 τῆς
1301 3204 1527 3274 ἐνέδρας
1557 3205 1809 3268 ἐπιόντας

231 3305 577 3377 ἐτράπησαν.
629 3301 857 3368 Ἐπίσης
912 3298 971 3352 δὲ
1032 3299 1322 3360 κάκείνους
1382 3299 1494 3361 τοῖς
1542 3298 1811 3361 ἀκοντίοις

233 3396 577 3465 διέφθειραν.
598 3390 755 3445 Οὕτω
783 3392 884 3459 μὶν
916 3386 1011 3442 οὖν
1047 3389 1097 3440 οἰ
1127 3386 1279 3457 παρὰ
1311 3386 1546 3456 Πέρσαις
1589 3384 1814 3438 ’Δθάνα-

236 3505 323 3543 τοι
386 3485 576 3555 θνητοὶ
639 3482 843 3546 πάντες
910 3479 1174 3548 ἐξαπίνης
1244 3476 1594 3547 ἐδείχθησαν,
1646 3474 1811 3528 αὐτοῦ

233 3578 481 3652 Χριστοῦ
539 3574 640 3649 τήν
699 3574 856 3644 δίκην
904 3572 1144 3642 Πέρσαις
1195 3568 1632 3640 εἰσπραξαμένου
1662 3582 1676 3597 ο
1729 3562 1812 3631 οἷς

232 3680 337 3731 οὐκ
362 3673 677 3745 ἐλαχίστους
716 3669 828 3723 τῶν
874 3669 1088 3723 ἐκείνου
1148 3665 1504 3737 θεραπευτῶν
1560 3664 1812 3734 εὐσεϐείᾳ

232 3767 617 3836 διενεγκόντας
664 3761 882 3834 πικρῶς
933 3760 1031 3814 τοῦ
1082 3759 1182 3830 ζῇν
1233 3756 1599 3827 ὑπεξήγαγον.
1639 3756 1699 3810 '0
1754 3755 1812 3809 δέ

233 3860 491 3932 βασιλεὺς
552 3855 785 3927 Περσῶν
836 3852 979 3907 οὕτω
1033 3850 1377 3921 δυστυχήσας
1431 3850 1812 3919 προσεποιεῖτο

229 3954 333 4025 μιν
368 3950 536 4022 μηδὲν
560 3948 755 4001 εἰδέναι
784 3944 890 3998 τῶν
911 3942 1245 4013 γενομένων,
1290 3943 1382 3995 καὶ
1427 3941 1520 3994 τὸν
1565 3938 1813 4010 πρέσϐυν

228 4045 425 4107 λύσας,
464 4039 567 4111 τὴν
602 4035 901 4108 πρεσϐείαν
951 4035 1213 4105 προσίετο
1245 4032 1490 4087 ἐπειπών
1518 4049 1531 4063 ·
1567 4035 1641 4086 οὐ
1678 4031 1813 4087 Ῥω-

234 4132 421 4204 μαίοις
446 4128 809 4199 χαριζόμενος
837 4127 941 4194 τὴν
988 4125 1214 4195 εἰρήνην
1263 4124 1628 4189 ἀσπάζεσθαι,
1677 4124 1813 4179 ἀλλὰ

232 4226 320 4279 σοί
347 4239 413 4291 γε
446 4223 666 4275 πάντων
693 4218 942 4287 περιόντι
976 4217 1240 4288 φρονήσει
1270 4218 1370 4286 τὴν
1399 4217 1559 4287 χάριν
1610 4218 1814 4287 ταύτην

229 4314 418 4376 εἰδώς.
460 4311 518 4365 Ὀ
544 4309 646 4380 μὲν
672 4305 766 4363 οὖν
801 4309 1070 4374 Περσικὸς
1097 4307 1336 4375 πόλεμος
1371 4306 1458 4360 διὰ
1508 4304 1635 4369 τοὺς
1664 4323 1816 4377 κινη-

231 4408 429 4467 θέντας
456 4405 637 4457 ἐκεῖσε
696 4401 1119 4470 Χριστιανικοὺς
1152 4399 1432 4468 διωγμοὺς
1482 4398 1585 4469 τὴν
1638 4399 1813 4470 ἀρχὴν

1911 570 2018 623 que
2056 554 2181 621 fuit,
2217 567 2275 610 ιιι
2310 556 2476 610 etiam
2526 555 2782 610 secundis
2825 555 2990 610 rebus
3027 556 3164 619 suis,
3202 557 3352 625 pacis
3402 568 3484 611 ta-

1914 660 2038 700 men
2070 647 2304 701 consilia
2331 656 2573 717 caperet,
2606 657 2660 701 et
2690 662 2814 700 cum
2847 648 3100 701 hostibus
3129 648 3309 702 foedus
3341 649 3482 703 inire

1910 737 2097 793 vellet.
2148 739 2435 794 Helionem
2480 738 2652 809 igitur
2696 738 2895 792 ducem
2944 738 3142 793 illustri
3187 739 3478 808 praeditum

1912 826 2201 897 dignitate,
2232 830 2298 884 ad
2346 845 2534 899 pacem
2580 845 2705 885 eum
2741 831 2923 886 Persis
2961 831 3265 886 faciendam
3310 835 3483 890 misit.

1912 921 2092 989 Atque
2122 922 2168 975 is
2198 933 2489 993 postquam
2520 924 2575 978 in
2607 924 3051 992 Mesopotamiam
3086 930 3351 993 pervenit,
3386 927 3479 981 ubi

1911 1013 2143 1068 Romani
2201 1014 2405 1069 fossam
2462 1016 2653 1080 altam,
2699 1031 2820 1085 quae
2870 1017 3129 1085 praesidio
3179 1018 3260 1072 eis
3312 1028 3479 1083 esset,

1913 1102 2207 1167 duxerant,
2243 1104 2625 1166 Maximinum,
2658 1104 2835 1157 virum
2871 1105 3217 1174 praeclarum,
3251 1114 3308 1159 et
3336 1108 3489 1177 ejus-v

1913 1194 2038 1248 dem
2067 1208 2192 1248 cum
2222 1195 2535 1251 Ardaburio
2560 1196 2866 1265 dignitatis,
2895 1196 2990 1265 qui
3022 1199 3087 1251 de
3115 1212 3247 1266 pace
3274 1206 3483 1268 ageret,

1913 1284 1982 1339 ad
2037 1284 2260 1339 Persam
2308 1286 2528 1357 legavit.
2576 1286 2907 1342 Maximinus
2950 1288 3094 1357 apud
3134 1303 3314 1359 regem
3354 1304 3411 1343 se
3450 1304 3487 1344 α

1913 1377 2185 1442 ducibus,
2231 1394 2343 1432 non
2395 1379 2463 1433 ab
2516 1378 2854 1447 imperatore
2901 1378 3023 1448 ipso
3081 1380 3306 1433 missum
3361 1394 3487 1433 esse

1912 1471 2053 1524 dixit
2081 1488 2093 1524 :
2126 1471 2279 1524 illum
2308 1472 2453 1526 enim
2483 1470 2685 1525 bellum
2714 1473 2818 1524 hoc
2849 1472 3095 1537 nescire;
3127 1479 3291 1541 atque
3314 1471 3478 1526 etiam

1915 1573 1973 1617 ut
1994 1564 2045 1616 id
2074 1564 2306 1617 maxime
2334 1564 2524 1627 sciret,
2552 1563 2705 1633 parvi
2737 1572 2917 1617 tamen
2949 1562 3154 1617 facere.
3180 1565 3350 1617 Porro
3375 1564 3483 1619 Va-

1915 1670 2047 1708 rane
2082 1656 2409 1725 legatiom-m
2440 1670 2559 1709 eam
2599 1656 2926 1723 recipiente,
2958 1657 3106 1725 quod
3137 1656 3280 1711 fame
3312 1658 3487 1711 maxi-

1915 1757 2001 1795 ma
2059 1745 2336 1797 exercitus
2400 1747 2520 1813 ejus
2578 1755 2948 1811 premeretur.
3003 1747 3096 1815 qui
3154 1748 3295 1816 apud
3356 1763 3483 1800 eum

1918 1830 2259 1890 immortales
2290 1839 2363 1905 (l)
2393 1845 2659 1889 vocantur
2692 1837 2903 1900 (decem
2933 1838 3165 1891 millium
3196 1855 3484 1894 numerum

1917 1926 1990 1988 ii,
2048 1928 2390 1980 delectorum
2453 1925 2748 1979 admodum
2813 1935 2870 1980 et
2928 1928 3153 2005 fortium
3199 1930 3483 1993 virorum,

1915 2018 2218 2087 complent)
2261 2035 2389 2072 eum
2438 2019 2623 2073 adiere
2653 2038 2667 2073 :
2698 2029 2755 2073 et
2792 2035 2859 2074 ne
2896 2021 3052 2089 prius
3086 2036 3272 2089 pacem
3313 2024 3488 2077 susci-

1917 2120 2092 2181 peret,
2141 2127 2303 2181 quam
2343 2112 2606 2180 impetum
2647 2110 2703 2165 in
2737 2111 3012 2168 Romanos
3056 2129 3245 2184 parum
3293 2125 3486 2170 cautos

1916 2204 2017 2273 ipsi
2056 2204 2337 2268 fecissent,
2373 2204 2735 2259 admonuere.
2776 2205 2990 2271 Quibus
3033 2222 3129 2262 rex
3166 2209 3482 2275 obsecutus,

1915 2304 2192 2351 oratorem
2223 2296 2449 2366 quidem
2484 2298 2539 2351 in
2578 2298 2767 2353 abdito
2800 2298 2921 2353 loco
2954 2300 3199 2354 clausum
3235 2315 3485 2356 asserva-

1914 2389 1995 2443 vit
2039 2389 2435 2467 :lmmortales
2497 2398 2682 2443 autem
2750 2390 2876 2444 illos
2930 2391 3162 2446 insidias
3223 2393 3487 2448 Romanis

1914 2489 2132 2536 struere
2154 2481 2342 2551 jussit.
2377 2481 2481 2546 Qui
2529 2480 2777 2535 bifariam
2819 2481 3004 2548 divisi,
3044 2482 3097 2537 in
3144 2485 3324 2539 medio
3366 2501 3492 2555 par-

1919 2578 2026 2623 tem
2071 2569 2369 2640 quamdam
2419 2571 2649 2624 Bomani
2696 2572 2971 2626 exercitus
3018 2588 3126 2627 non
3164 2574 3486 2639 minimam,

1915 2663 2346 2715 circumventam
2400 2660 2733 2716 concludere
2782 2662 3100 2718 voluerunt.
3143 2664 3374 2720 Romani
3417 2666 3486 2720 ad

1919 2759 2155 2805 turmam
2202 2752 2444 2806 hostium
2491 2768 2632 2818 eam,
2673 2768 2835 2822 quam
2887 2766 3310 2824 conspexerant,
3354 2773 3487 2812 conc

1916 2845 2064 2899 versi
2095 2844 2438 2899 ferebantur.
2473 2845 2726 2901 Nondum
2765 2846 2910 2899 enim
2946 2848 3195 2912 alteram,
3228 2865 3351 2919 qua!
3383 2850 3486 2907 de-

1916 2947 2143 3008 repente
2199 2947 2576 3007 procurrerat,
2623 2939 2905 2994 videbant.
2961 2939 3024 2995 Et
3066 2941 3179 3010 jam
3231 2942 3376 2997 inter
3423 2959 3485 2999 se

1918 3031 2065 3084 acies
2114 3029 2557 3094 concurrebant,
2613 3044 2738 3083 cum
2793 3029 2887 3084 Dei
2935 3032 3320 3100 providentia,
3366 3033 3489 3088 alia:

1918 3119 2288 3175 Romanorum
2327 3121 2500 3188 copiae
2530 3134 2596 3173 ex
2628 3120 2769 3174 colle
2796 3120 3053 3190 quopiam
3086 3124 3491 3192 prospicientes

1914 3225 2241 3278 apparuere,
2294 3210 2550 3280 Procopii
2613 3210 2770 3265 ducis
2822 3211 2973 3281 signa
3024 3223 3341 3283 sequentes,
3394 3218 3487 3284 qui

1914 3303 2063 3357 cives
2105 3317 2239 3356 suos
2288 3301 2343 3355 in
2379 3301 2678 3357 discrimen
2728 3304 3007 3374 conjectos
3052 3306 3266 3372 videns,
3300 3318 3491 3363 contra

1912 3391 2110 3447 Persas
2159 3393 2336 3460 duxit,
2384 3408 2589 3463 eosque
2640 3410 2670 3447 a
2721 3403 2873 3463 tergo
2925 3410 3213 3466 aggressus
3262 3407 3366 3453 est.
3410 3400 3491 3454 Ita

1913 3482 2142 3549 factum,
2184 3492 2243 3538 ut
2290 3484 2386 3554 qui
2436 3485 2600 3553 paulo
2651 3496 2777 3540 ante
2829 3486 3162 3556 intercipere
3214 3488 3495 3544 Romanos

1914 3575 2222 3640 voluerint,
2271 3575 2376 3647 ipsi
2426 3575 2497 3630 ab
2547 3575 2659 3631 illis
2702 3576 2817 3630 sint
2872 3576 3250 3633 circumventi.
3300 3578 3490 3635 Nostri

1913 3668 2173 3723 omnibus
2209 3668 2318 3723 illis
2356 3666 2577 3733 occisis,
2611 3668 2680 3723 ad
2720 3683 2816 3723 eos
2853 3669 2979 3725 inde
3023 3670 3117 3740 qui
3159 3686 3225 3725 ex
3266 3671 3489 3727 insidiis

1912 3759 2232 3830 prodibant,
2277 3759 2555 3827 conversi,
2609 3759 2800 3815 itidem
2850 3760 2974 3816 illos
3024 3777 3245 3831 quoque
3285 3763 3492 3834 jaculis

1912 3850 2289 3906 confecerunt.
2351 3852 2432 3907 Ad
2488 3852 2637 3908 hunc
2690 3853 2857 3924 igitur
2916 3854 3137 3907 modum
3191 3856 3283 3924 qui
3336 3857 3487 3925 apud

1913 3941 2109 3997 Persas
2156 3951 2288 3997 sunt
2332 3942 2699 4008 lmmortales,
2743 3943 2927 3998 subito
2980 3947 3239 3999 mortales
3289 3962 3490 4002 omnes

1913 4051 2035 4092 esse
2065 4036 2334 4105 comperti
2382 4044 2531 4103 sunt,
2569 4037 2688 4106 ipso
2719 4051 2748 4091 a
2786 4035 2970 4092 Persis
3005 4052 3199 4107 ptruas
3234 4048 3493 4094 sumente

1915 4127 2173 4193 Christo,
2224 4137 2515 4198 propterea
2567 4127 2717 4198 quod
2763 4126 3034 4197 plurimos
3075 4128 3194 4199 ejus
3242 4129 3496 4186 cultores

1915 4217 2118 4289 insigni
2164 4218 2367 4287 pietate
2419 4228 2767 4287 praestantes,
2812 4220 3009 4275 acerba
3053 4229 3232 4276 morte
3284 4222 3489 4276 multa-

1914 4311 2048 4365 rint.
2074 4310 2239 4382 583
2270 4311 2385 4365 Rex
2420 4320 2602 4365 autem
2634 4312 2924 4367 Persarum
2955 4311 3111 4367 clade
3139 4327 3204 4368 ea
3235 4325 3486 4384 accepta,

1915 4400 2056 4454 nihil
2084 4416 2143 4455 se
2173 4416 2361 4455 earum
2400 4415 2584 4454 rerum
2617 4401 2761 4455 scire
2802 4401 3141 4467 assimilavit,
3169 4411 3226 4457 et
3261 4414 3486 4459 oratore

229 4497 497 4567 εἰληφὼς,
523 4495 645 4547 τότε
671 4492 735 4563 δή
768 4492 866 4546 καὶ
895 4491 1048 4554 τέλος
1082 4490 1394 4558 ἐλάμϐανεν
1433 4507 1449 4523 ι
1502 4490 1599 4544 ἐπὶ
1625 4491 1682 4544 δὲ
1733 4491 1809 4562 τῷ

1915 4506 1947 4547 e
1988 4492 2236 4546 custodia
2284 4491 2507 4558 emisso,
2543 4491 2875 4561 legationem
2898 4492 3113 4562 “recepit
3147 4511 3160 4546 :
3189 4508 3379 4562 pacem
3423 4509 3488 4550 se

230 4589 458 4658 πολέμῳ
496 4589 588 4641 καὶ
610 4589 638 4640 ό
653 4584 892 4655 διωγμὸς
916 4582 1281 4636 κατεπαύετο.

1915 4599 2027 4639 non
2058 4594 2119 4639 ut
2141 4582 2407 4639 Romanis
2435 4584 2859 4655 gratificaretur,
2881 4586 2977 4639 sed
2999 4587 3199 4639 oratori
3223 4585 3327 4655 ipsi
3358 4601 3490 4655 pru-

226 4683 424 4738 dentia
470 4696 664 4736 omnes
716 4678 1007 4735 excellenti
1060 4679 1331 4732 honorem
1377 4692 1505 4732 eum
1549 4677 1801 4746 haberet,
1861 4680 2149 4751 complecti
2209 4689 2459 4736 testatus.
2506 4678 2681 4734 Porro
2748 4679 2952 4735 bellum
3001 4682 3297 4745 Persicum,
3339 4682 3487 4751 quod

223 4776 452 4833 initium
481 4781 705 4845 propter
730 4771 1147 4843 persecutiones
1174 4769 1439 4825 adversus
1462 4769 1807 4827 Christianos
1846 4786 2019 4830 metas
2043 4775 2302 4846 sumpsit,
2338 4773 2501 4828 finem
2535 4780 2648 4827 tum
2679 4772 2889 4829 habuit.
2949 4771 3084 4828 Cum
3112 4772 3233 4843 ipso
3294 4782 3492 4828 autem

222 4867 376 4924 bello
404 4865 719 4936 persecutio
748 4877 965 4935 quoque
999 4863 1338 4932 conquievit.

301 5055 382 5123 (i)
433 5050 744 5123 ’Aodva'rgt,
787 5047 892 5102 hoc
936 5056 1050 5123 est,
1092 5048 1460 5123 immortales.
1507 5048 1793 5123 lectissimi

221 5118 418 5180 decies
464 5120 612 5174 mille
654 5118 946 5173 Persarum
1000 5119 1147 5184 viri,
1197 5134 1337 5187 quos
1385 5120 1595 5174 Xerxes
1646 5119 1791 5173 Darii

222 5194 446 5249 habuit.
500 5189 611 5243 llos
660 5189 765 5242 sub
807 5187 1116 5255 Theodosio
1163 5189 1506 5244 Ardaburius
1555 5189 1797 5253 concidit

221 5274 395 5332 atque
442 5257 725 5332 exstinxit.
760 5257 963 5327 (Suid.)
1005 5289 1074 5301 —
1107 5259 1351 5332 Proximi
1412 5260 1796 5332 ibant._quos

223 5327 415 5390 Persa
444 5328 781 5385 immortales
808 5338 1025 5395 vocant,
1057 5332 1124 5385 ad
1160 5331 1349 5385 decem
1379 5330 1570 5389 millia.
1603 5327 1797 5385 Cultus

1904 5049 2200 5119 opulentia:
2253 5047 2496 5104 barbara:
2553 5063 2661 5103 non
2707 5046 2847 5101 alios
2903 5046 3077 5117 magis
3124 5045 3476 5119 honestabat.

1904 5118 1986 5174 llli
2033 5135 2230 5175 aureos
2283 5129 2541 5188 torques,
2576 5118 2651 5172 illi
2707 5126 2914 5171 vestem
2966 5134 3103 5173 auro
3157 5118 3470 5172 distinctam

1903 5189 2210 5255 habebant,
2268 5195 2679 5259 manicatasque
2745 5188 2960 5256 tunicas
3017 5189 3251 5258 gemmis
3304 5188 3474 5243 etiam

1904 5262 2218 5317 adornatas.
2258 5259 2344 5334 (Q.
2388 5258 2660 5329 Curtius.)
