3910 6218
444 407 579 475 1127

594 538 601 545 °
1010 520 1238 576 CAPUT
1280 518 1443 573 XX“.

443 638 519 693 L‘c
549 642 741 693 Acutio
772 636 1037 693 Amidensi
1065 635 1329 701 episcopo,
1362 642 1417 684 ut
1452 634 1494 685 is
1528 649 1591 685 ea:
1625 632 1794 684 sacris
1826 628 2004 701 Eccle-

514 715 605 764 sia!
633 713 768 763 vasis
795 706 1023 759 nummis
1062 699 1251 770 (uelis,
1274 703 1557 755 Persarum
1598 704 1829 770 captivos
1866 699 2004 751 redi-

516 797 682 838 mens,
732 779 944 829 domum
999 789 1083 825 eos
1132 774 1391 825 remiserit
1434 787 1452 826 :

515 852 690 904 Persis
721 848 819 915 fuit
853 843 1221 897 admirationi.

515 1029 647 1082 Erat
676 1034 860 1080 autem
907 1023 960 1077 in
996 1023 1221 1077 civitate
1251 1021 1524 1074 Amidensi
1555 1020 1845 1090 cpiscopus
1876 1018 2008 1072 Aca-

420 1122 563 1175 ‘eius
602 1119 840 1183 nomine,
864 1132 1026 1187 quem
1057 1125 1168 1169 tum
1196 1115 1403 1169 facinus
1430 1114 1719 1183 pulchrum
1746 1114 2008 1167 illustrioo

446 1228 561 1267 rem
603 1209 862 1265 omnibus
904 1216 1067 1275 atque
1115 1206 1401 1261 clariorem
1445 1204 1706 1258 reddidit.
1740 1202 1874 1258 Cum
1919 1214 2004 1258 et-

444 1303 592 1358 enim
628 1299 905 1355 exercitus
936 1298 1215 1351 Romanus
1242 1296 1488 1349 Azazena
1518 1295 1743 1364 regione
1773 1304 2003 1359 vastata,

443 1410 606 1463 supra
660 1402 870 1462 septem
924 1389 1089 1443 millia
1132 1388 1420 1441 Persarum
1467 1387 1761 1455 cepissent,
1802 1401 2005 1455 eosque

446 1486 599 1539 nullo
623 1483 788 1537 modo
814 1483 992 1536 Persae
1022 1479 1291 1534 redimere
1325 1478 1545 1539 vellent,
1572 1486 1736 1546 atque
1761 1476 1838 1530 illi
1868 1476 2005 1530 fame

444 1575 703 1645 paulatim
752 1572 933 1641 aﬂlicti
976 1570 1288 1630 interirent,
1324 1582 1497 1637 eaque
1547 1583 1634 1622 res
1668 1582 1776 1621 non
1812 1582 2003 1637 parum

443 1665 706 1720 molestiae
754 1662 864 1731 regi
917 1660 1178 1724 aﬂ‘erret;
1227 1659 1459 1713 Aeacius
1504 1674 1568 1712 ea
1620 1658 1858 1728 cognita,
1897 1675 2004 1711 non

444 1756 515 1808 ita
552 1751 1076 1823 prwtermittcndam
1109 1751 1348 1813 censuit,
1376 1751 1470 1804 sed
1503 1751 1596 1819 qui
1642 1751 1744 1804 sub
1769 1768 1836 1804 co
1861 1760 2003 1815 erat,

1657 398 2075 465 NICEPHORI
2116 394 2455 460 CALLISTI

2030 518 2085 575 Δ

1500 787 1619 842 qua:
1670 787 1753 823 res
1802 781 2006 839 magna:
2027 808 2035 815 .

3555 385 3689 459 11:3

2689 511 2934 566 ΚΕΦΑΛ.
2975 506 3102 563 KB'.

2109 623 2577 693 Hept'Axax/ov
2645 622 2748 675 τοῦ
2797 622 3138 693 ἐπισκόπου
3182 620 3443 688 Ἀμι’δης,
3503 621 3586 687 ὡς
3620 625 3687 675 τὰ

2178 691 2301 763 ιερὰ
2332 693 2444 760 τῆς
2494 694 2867 763 Ἐκκλησίας
2927 693 3015 754 εἰς
3064 691 3250 763 κέρμα
3283 693 3507 763 κόψας,
3540 695 3689 756 τοὺς

2181 759 2429 832 Περσῶν
2481 761 2898 830 αὲχμιιλώτους
2958 759 3309 832 πριάμενος,
3361 759 3689 832 (ἐξέλυσεν

2177 828 2385 888 οἷιὶιιδε
2404 848 2416 861 ⁸
2445 828 2593 899 ὅπερ
2626 833 2804 900 ἔργον
2832 834 2919 897 εἰς
2950 830 3149 899 θαῦμα
3173 832 3328 898 μέγα
3360 828 3509 896 τοὺς
3540 833 3687 901 Πέρι

2180 921 2297 969 σας
2320 903 2525 972 ἢγαγεν

2176 1014 2285 1069 Ἦν
2316 1016 2371 1068 δέ
2400 1033 2483 1079 τις
2521 1016 2579 1067 ἐν
2624 1014 2817 1085 Ἀμίδῃ
2846 1017 2911 1085 τῇ
2956 1015 3107 1067 πόλει
3155 1014 3459 1077 ἐπίσκοπος
3520 1016 3691 1067 ‘Axio

2108 1110 2223 1171 κὲος
2257 1108 2428 1178 ὄνομα
2462 1123 2475 1136 ·
2513 1107 2571 1160 ὃν
2604 1106 2910 1176 τηνικαῦτα
2950 1106 3149 1175 πρᾶξις
3206 1107 3391 1178 ἀγαθὴ
3443 1123 3689 1177 περιφαο

2109 1202 2360 1269 νέστερον
2396 1201 2508 1260 τοῖς
2543 1201 2678 1251 πᾶσι
2712 1198 2911 1268 μᾶλλον
2962 1199 3138 1251 ἐποίει
3194 1199 3291 1251 καὶ
3324 1199 3684 1269 περιϐόητον.

2118 1292 2272 1345 Ἐπεὶ
2300 1292 2452 1362 γὰρό
2482 1292 2590 1343 τῶν
2634 1290 2924 1360 Ῥωμαίων
2971 1290 3204 1356 στρατὸς
3233 1288 3336 1358 τὴν
3376 1289 3689 1358 Ἀζαζηνὴν

2107 1384 2503 1453 πορθήσαντες,
2542 1384 2638 1435 καὶ
2685 1381 2828 1450 ὑπὲρ
2859 1382 3304 1449 ἑπτακισχιλίους
3334 1381 3569 1450 Περσῶν
3601 1384 3690 1433 αἷ-

2104 1474 2431 1546 χμαλὼτους
2467 1475 2775 1544 συσχόντες,
2810 1475 2931 1527 κατ’
2966 1473 3155 1525 ούδένα
3205 1475 3408 1543 τρόπον
3435 1475 3689 1527 ἀπ.διδό-

2108 1584 2195 1620 ναι
2234 1563 2310 1636 τῷ
2347 1568 2527 1636 Πέρσῃ
2563 1563 2819 1635 ᾑροῦντο,
2881 1564 3025 1633 λιμῷ
3049 1564 3095 1617 δ’
3159 1563 3508 1633 ἐξετρίὸοντο
3563 1565 3689 1617 κατ’

2105 1660 2286 1727 ὀλίγον
2331 1656 2772 1726 διαφθειρόμενοι
2809 1655 2991 1727 (τοῦτο
3039 1655 3096 1707 δὲ
3153 1656 3213 1707 ού
3282 1655 3510 1725 μέτριον
3552 1658 3687 1709 ἐνίει

2106 1750 2183 1818 τῷ
2224 1745 2434 1817 βασιλεῖ
2463 1744 2685 1814 Περσῶν
2712 1745 2905 1814 ἄχθος)
2935 1761 2949 1775 ’
2982 1746 3011 1796 ὀ
3058 1744 3311 1806 Ἀκάκιος
3342 1745 3524 1798 ταῦτα
3553 1749 3685 1799 ova.

442 1844 594 1897 clero
623 1852 815 1897 coacto
844 1860 858 1897 :
896 1861 914 1893 ι
949 1841 1114 1905 Deus,
1147 1842 1345 1909 inquit,
1376 1853 1585 1905 noster,
1620 1842 1789 1908 ﬁlioli,
1823 1850 2003 1912 neque

2111 1839 2315 1910 μαθὼν,
2338 1838 2399 1891 ού
2443 1837 2759 1907 παρέδραμε
2797 1836 2865 1888 τὰ
2927 1837 3216 1904 γινόμενα,
3258 1837 3399 1891 ἀλλὰ
3450 1840 3546 1891 τὸν
3593 1840 3685 1892 ὑπ’

444 1935 613 1988 discis
658 1932 887 2002 indiget,
920 1946 1097 2000 neque
1139 1931 1333 2000 pocula
1378 1940 1551 1985 curat.
1586 1931 1822 2000 Egestati
1858 1934 2003 1986 enim

446 2025 673 2080 minime
716 2024 1011 2088 obnoxius,
1045 2040 1151 2077 non
1178 2022 1312 2088 edit,
1340 2038 1518 2091 neque
1546 2023 1704 2077 bibit.
1734 2022 1871 2078 Cum
1902 2024 2004 2093 igi-

446 2128 535 2170 tur
561 2118 728 2171 mul'a
758 2116 869 2171 sint
897 2117 1148 2172 ecclesia;
1173 2118 1294 2188 ejus
1315 2116 1559 2181 donaria,
1588 2133 1754 2173 aurea
1782 2118 2003 2187 quidem

444 2208 706 2278 plurima,
748 2209 919 2262 multa
966 2208 1134 2262 etiam
1178 2217 1462 2277 argentea,
1504 2224 1627 2278 qua:
1670 2209 2006 2279 benignitate

441 2308 500 2355 et
529 2300 862 2356 liberalitate
904 2314 1099 2354 eorum
1133 2301 1227 2370 qui
1263 2316 1321 2355 se
1364 2300 1430 2354 ad
1474 2317 1593 2355 cam
1631 2302 2001 2363 contulerunt,

443 2389 675 2458 paravit,
729 2389 991 2444 utendum
1034 2390 1116 2444 eis
1159 2405 1357 2445 censeo
1407 2391 1474 2443 ad
1523 2391 1718 2446 Persas
1760 2392 2004 2461 captivos

442 2477 820 2540 redimendos.
848 2488 903 2533 et
934 2478 1215 2534 famelicos
1242 2479 1467 2535 alendos
1496 2481 1595 2550 (l).
1633 2500 1649 2533 ι
1690 2482 1812 2536 Haec
1841 2492 2004 2551 atque

440 2568 546 2623 alia
582 2569 731 2624 hisce
760 2570 962 2624 similia
999 2572 1240 2636 loeutus,
1271 2570 1453 2624 statim
1485 2571 1671 2626 divina
1706 2573 1797 2626 illa
1837 2573 2005 2627 dona—

441 2662 523 2716 ria
550 2660 828 2727 conﬂavit,
856 2675 1022 2731 atque
1058 2678 1124 2717 ex
1161 2664 1242 2718 eis
1282 2663 1699 2719 :estimationem
1738 2666 2003 2722 militibus

440 2767 559 2822 quae
586 2752 668 2807 eis
697 2754 811 2828 visa
843 2752 1043 2818 fuerat,
1080 2754 1364 2823 persolvit,
1396 2764 1450 2808 et
1477 2757 1718 2824 captivos
1748 2758 1955 2825 recepit
1986 2773 2001 2812 :

440 2843 639 2899 deinde
663 2845 938 2900 alimentis
961 2861 1058 2901 eos
1081 2846 1300 2901 abunde
1327 2846 1586 2912 refectos,
1613 2848 1810 2903 viatico
1838 2851 2001 2903 etiam

439 2946 787 3005 prosccutus,
818 2936 884 2989 ad
920 2952 1103 3006 regem
1149 2951 1308 2990 suum
1351 2937 1524 2992 misit.
1554 2939 1610 2992 ld
1641 2939 1884 3009 episcopi
1925 2940 2004 2994 fa-

441 3039 611 3093 ctum,
643 3027 941 3097 plurimum
975 3027 1263 3083 Persarum
1299 3043 1481 3097 regem
1513 3029 1579 3083 ad
1607 3030 2005 3083 consternatio.

442 3116 567 3173 nem
607 3118 833 3188 adegit:
868 3117 1036 3189 484
1072 3118 1216 3187 quod
1268 3116 1528 3172 Romanis
1567 3128 1862 3187 utrumque
1883 3120 2007 3174 'hoc

2107 1931 2257 2002 αὐτῷ
2284 1931 2615 1999 ταττόμενον
2660 1928 2941 1999 ἁθροίσας,
2982 1947 3001 1980 ι
3074 1928 3134 1982 '0
3187 1930 3346 1992 Θεὸς.
3403 1924 3448 1983 ὦ
3493 1933 3677 1994 τέκνα,

2106 2024 2291 2093 φησὶν,
2322 2026 2349 2077 ό
2373 2024 2639 2093 ἡμέτερος
2663 2020 2791 2073 οὗτε
2819 2020 3025 2074 δίσκων
3051 2022 3107 2074 ἐν
3163 2023 3328 2093 χρείᾳ
3358 2025 3526 2088 ἐστίν,
3558 2022 3675 2077 ἀλλ’

2106 2117 2224 2171 οῦδέ
2255 2117 2532 2187 ποτηρίων
2561 2114 2709 2183 αύτῷ
2744 2115 2966 2184 φροντίς
3008 2129 3023 2143 ο
3057 2115 3375 2184 ἀπροσδεὴς
3418 2118 3533 2187 γὰρ
3581 2118 3677 2181 ῶν,

2104 2207 2217 2260 οὔτ’
2241 2205 2434 2267 ἐσθίει,
2472 2206 2566 2258 καὶ
2597 2206 2698 2274 τῆς
2732 2206 2909 2275 ὑγρᾶς
2941 2205 3229 2274 ἐλεύθερός
3286 2209 3407 2261 ἐστι
3442 2210 3674 2270 πόσεως.

2110 2304 2325 2358 Πολλῶν
2383 2305 2567 2358 τοίνυν
2595 2304 2908 2375 προσόντων
2940 2305 3244 2375 κειμηλίων
3268 2308 3336 2375 τῇ
3383 2304 3675 2373 Ἐκκλησία

2100 2397 2296 2463 αὐτοῦ,
2331 2395 2532 2467 χρυσοῦ
2567 2395 2667 2465 μὲν
2707 2396 2960 2459 πλεῑστα,
2994 2397 3164 2450 πολλὰ
3192 2396 3250 2450 δὲ
3282 2398 3381 2450 καὶ
3430 2396 3672 2465 ἀργύρου

2107 2489 2471 2557 πεποιημένα,
2494 2486 2530 2541 ἃ
2556 2486 2619 2556 δὴ
2648 2489 2743 2540 καὶ
2770 2488 3037 2556 ἐκτήσατο
3084 2487 3269 2558 εὐνοίᾳ
3324 2487 3425 2540 καὶ
3476 2503 3677 2555 προσαο

2106 2579 2257 2646 γωγῇ
2285 2575 2396 2630 τῶν
2425 2578 2815 2648 προσηκόντων
2856 2574 3029 2644 αὐτῷ,
3059 2574 3260 2645 χρῆναι
3304 2575 3521 2644 νομίζω
3562 2575 3679 2628 τού·

2104 2685 2215 2731 τοις
2234 2669 2360 2730 τοὺς
2392 2664 2773 2736 αἰχμαλώτους
2811 2665 3039 2735 Περσῶν
3068 2665 3296 2735 ῥύεσθαι
3334 2666 3430 2719 καὶ
3467 2665 3675 2735 occeps-

2104 2773 2224 2825 φειν
2292 2757 2615 2819 πεινῶντας.
2660 2755 2891 2810 »Ταῦτα
2963 2756 3029 2826 δὴ
3080 2756 3349 2823 ἐπειπὼν,
3399 2756 3497 2810 καὶ
3545 2756 3679 2825 πρὸς

2102 2846 2326 2909 τούτους
2385 2846 2526 2900 ἄλλα
2578 2864 2638 2900 τε
2692 2847 3076 2918 παραπλήσια,
3114 2849 3320 2918 χωνείᾳ
3370 2849 3473 2917 μὲν
3520 2848 3677 2909 εὐθὺς

2103 2938 2273 2991 ἐδίδου
2303 2937 2372 2991 τὰ
2398 2937 2517 2992 θεία
2539 2939 2727 2992 ἐκεῖνα
2753 2940 3017 3010 κειμήλια
3051 2958 3065 2972 ·
3101 2941 3163 3004 ἐξ
3184 2942 3411 2993 ἐκείνων
3429 2940 3490 2993 δὲ
3516 2941 3681 3009 τιμή-

2105 3046 2247 3098 ματα
2280 3029 2497 3083 ἐοικότα
2524 3031 2638 3093 τοϊς
2671 3030 3047 3098 στρατιώταις
3094 3031 3368 3101 προσῆγε,
3405 3033 3507 3085 καὶ
3554 3033 3678 3093 τοὺς

2103 3118 2479 3189 αίχμαλὼτους
2496 3119 2823 3188 ἐλάμϐανεν.
2848 3121 3079 3173 Ἔπειτα
3105 3120 3420 3191 διατρέφων
3444 3121 3679 3189 ἀρκούνι

439 3212 628 3265 studio
651 3219 816 3274 esset,
850 3218 909 3262 ut
940 3209 1103 3263 simul
1130 3218 1185 3263 et
1213 3208 1357 3262 bello
1380 3220 1436 3263 et
1463 3209 1765 3265 benefactis
1789 3213 2001 3282 egregie

2111 3218 2231 3276 τως,
2260 3210 2493 3279 ἐφοδίοις
2521 3210 2792 3277 ἐδεξιοῦτο
2816 3226 2830 3241 ’
2865 3212 2962 3265 καὶ
2991 3212 3050 3276 ἐς
3103 3213 3195 3267 τὸν
3213 3214 3419 3266 οίκεῖον
3452 3212 3679 3282 βασιλέα

440 3305 745 3356 vincerent.
778 3302 992 3355 Dicitur
1021 3316 1175 3366 vero,
1214 3301 1436 3356 Persam
1461 3303 1627 3356 etiam
1664 3303 1997 3358 desiderium

2111 3302 2346 3374 Γοράνην
2407 3302 2760 3372 ἀπέπεμπεν.
2806 3302 2875 3356 Ἦ
2901 3303 2966 3372 δὴ
2998 3303 3197 3374 πρᾶξις
3222 3305 3320 3357 τοῦ
3373 3306 3677 3358 ἐπισκόπου

439 3396 653 3463 cepisse
706 3393 804 3447 viri
853 3393 973 3463 ejus
1027 3390 1286 3456 videndi,
1326 3401 1382 3445 ut
1424 3394 1542 3463 ejus
1594 3403 1650 3448 et
1704 3403 1998 3464 conspectu

2111 3395 2455 3448 ἐπιπλεϊστον
2504 3394 2855 3463 ἐκπλαγῆναι
2875 3395 2966 3448 τὸν
2989 3395 3213 3464 Περσῶν
3243 3395 3480 3464 βασιλέα
3506 3397 3678 3450 ἐποίει

441 3485 739 3547 frueretur,
763 3493 820 3539 et
846 3484 1121 3554 colloquio
1148 3484 1490 3553 dignaretur.
1524 3483 1689 3554 quue
1718 3486 1798 3542 sic
1825 3485 2002 3556 impe-

441 3578 641 3632 ratoris
676 3575 970 3631 Theodosii
1001 3576 1155 3647 jussu
1191 3576 1393 3629 factum
1418 3591 1562 3642 esse,
1596 3577 1737 3631 fama
1763 3578 1999 3634 obtinet.

441 3669 742 3726 Victoriam
784 3670 925 3724 hanc
965 3679 1170 3723 tantam
1213 3678 1501 3739 postquam
1534 3649 1673 3725 Deus
1703 3673 1997 3736 concessit.

442 3764 756 3832 quicunque
789 3775 855 3815 eo
883 3769 1125 3830 tempore
1161 3760 1475 3816 eruditione
1507 3763 1804 3832 pollebant,
1834 3764 2001 3820 libros

443 3856 498 3910 in
551 3853 770 3909 laudem
837 3852 1185 3921 imperatoris
1252 3852 1471 3921 publice
1530 3855 1998 3924 conscripserunt,

440 3946 602 4016 eique
635 3945 990 4000 obtulerunt:
1024 3943 1116 3999 alii
1153 3944 1397 4013 quidem,
1431 3954 1492 3999 ut
1528 3946 1854 4014 eloquentiae
1893 3947 2001 4001 vim

443 4055 605 4107 quam
654 4036 817 4107 longo
866 4035 1213 4105 collegissent
1265 4042 1544 4104 tempore,
1588 4037 1941 4090 ostenderent
1982 4055 1998 4092 :

442 4130 533 4184 alii
573 4138 789 4193 autem,
828 4136 889 4181 ut
935 4142 994 4181 se
1042 4127 1096 4180 in
1143 4125 1393 4180 notitiam
1436 4127 1583 4182 illius
1623 4127 1996 4194 insinuarent,

442 4232 609 4289 atque
638 4219 729 4272 alii
758 4218 888 4271 item
914 4231 1133 4271 causam
1160 4218 1321 4272 aliam
1348 4218 1769 4287 prmtendeutes.
1793 4219 1998 4274 Eadem

447 4324 612 4377 porro
655 4308 731 4361 illi
764 4306 985 4360 virtutis
1019 4317 1341 4362 ornamenta
1378 4308 1707 4366 testimoniis
1744 4312 1858 4364 suis
1900 4310 1999 4363 im-

448 4398 687 4469 peratori
744 4398 1086 4459 tribuerunt,
1143 4413 1265 4467 qua:
1322 4406 1378 4452 et
1430 4414 1532 4454 nos
1590 4399 1658 4453 de
1713 4414 1780 4454 eo
1836 4416 1999 4470 supra

2099 3489 2295 3557 ὅτιπερ
2342 3486 2635 3559 ἀμφότερα
2699 3485 2997 3555 Ῥωμαίοις
3049 3485 3448 3550 ἐσπούδασται,
3494 3488 3574 3556 τῷ
3619 3504 3675 3539 τε

2103 3579 2346 3648 πολέμῳ.
2375 3577 2563 3646 καὶτῷ
2594 3571 2653 3630 εὖ
2709 3579 2886 3629 ποιεῖν
2922 3576 3267 3646 κατακράτος
3322 3577 3509 3645 νικᾷν.
3541 3577 3676 3630 ﬁni

2099 3671 2155 3725 δέ
2186 3672 2276 3724 καὶ
2300 3672 2375 3734 ὡς
2423 3672 2500 3732 είς
2553 3668 2849 3739 ἐπιθυμίαν
2879 3664 3015 3740 ἦκεν
3048 3671 3077 3723 ὁ
3137 3670 3356 3741 Πέρσης
3407 3670 3509 3723 καὶ
3557 3670 3674 3722 κατ’

2100 3759 2224 3829 ὕψιν
2242 3761 2478 3829 ἐντυχεῖν
2493 3758 2571 3828 τῷ
2591 3758 2766 3828 ἀνδρῖ,
2794 3757 2937 3812 ὥστε
2955 3760 3047 3811 καὶ
3071 3757 3243 3821 εἴδους
3267 3760 3671 3822 ἐπαπολαῦσαι,

2103 3850 2195 3903 καὶ
2218 3848 2433 3919 ὁμιλίας
2491 3849 2809 3919 ἀξιωθῆναι.
2871 3850 2980 3903 Καί
3019 3865 3083 3917 γε
3136 3848 3295 3903 τοῦτο
3350 3850 3516 3917 λόγος
3565 3850 3673 3920 ἔχει

2101 3939 2354 4010 γενέσθαι
2386 3939 2652 4009 βασιλέως
2704 3939 3134 4008 προστάξαντος.
3170 3940 3442 4009 Τοιαύτης
3471 3941 3531 3993 δὲ
3578 3944 3672 4007 τῆς

2103 4034 2166 4085 ἐκ
2186 4031 2321 4085 Θεοῦ
2352 4031 2507 4101 νίκης
2547 4032 3034 4102 πρυτανευθείσης,
3066 4032 3181 4084 ὅσοι
3238 4032 3550 4103 τηνικαῦτα
3593 4034 3671 4086 λό-

2102 4140 2220 4191 γοις
2245 4121 2553 4187 ἀνθοῦντες,
2583 4121 2819 4192 δημοσίᾳ.
2844 4125 2971 4186 τοὺς
2998 4123 3340 4193 αίνετηρίους
3364 4126 3480 4177 τῶν
3501 4125 3671 4192 λόγων

2105 4214 2317 4285 βασιλεῖ
2346 4214 2585 4283 ἔγραφον
2638 4215 2924 4285 παριόντες
2958 4228 2973 4243 ·
3006 4217 3035 4268 ὁ
3092 4214 3190 4285 μὲν
3241 4217 3309 4285 ἣν
3358 4219 3423 4269 ἐκ
3479 4218 3671 4271 πολλσό

2106 4307 2479 4375 συναθροίσειε
2514 4305 2692 4375 λόγων
2740 4306 2974 4375 δύναμιν
3022 4307 3487 4375 ἐπιδεδειγμένος,
3537 4311 3568 4362 ὁ
3619 4311 3673 4363 δέ

2106 4402 2381 4471 γνώριμος
2409 4402 2601 4469 ἐκείνῳ
2646 4400 2986 4471 καταστῆναι
3019 4401 3367 4470 βουλόμενος,
3390 4406 3489 4456 καὶ
3516 4405 3674 4466 ἄλλος

447 4488 1017 4551 commemoravimus,
1044 4504 1113 4543 ex
1146 4489 1398 4558 pluritnis
1441 4506 1611 4558 pauca
1650 4491 1839 4545 saltem
1880 4493 2003 4547 bre-

2111 4493 2273 4561 ἆλλην
2306 4490 2745 4561 προϐαλλόμενος
2794 4491 2894 4562 τὴν
2930 4494 3129 4546 αἰτίαν.
3186 4493 3401 4547 Ἐκεῖνα
3458 4497 3517 4550 δέ
3566 4497 3672 4551 τῶν

447 4591 589 4635 νιιοι·
626 4580 1079 4651 perstringentes.
1125 4580 1241 4635 Non
1292 4579 1468 4634 solum
1516 4591 1698 4636 autem
1749 4583 1871 4649 hoc,
1910 4583 2002 4654 qui

451 4667 503 4719 in
548 4675 666 4720 arte
710 4666 927 4721 dicendi
969 4665 1210 4720 studium
1260 4677 1555 4737 posuerant
1591 4668 1791 4736 fecere,
1827 4673 1918 4726 sed
1949 4682 2005 4727 ct

449 4756 564 4824 ipsa
618 4756 855 4826 Augusta
910 4742 1259 4826 imperatoris
1302 4759 1523 4828 conjux,
1570 4759 1793 4814 heroico
1843 4777 2005 4816 versu

449 4856 701 4915 poemata
749 4846 943 4901 marito
977 4856 1034 4902 et
1069 4847 1306 4917 principi
1353 4863 1455 4906 suo
1495 4851 1825 4918 composuit.
1874 4852 2006 4905 Erat

446 4934 593 4987 enim
622 4934 878 5003 praelata
904 4936 1220 5003 admodum,
1248 4947 1302 4991 et
1335 4937 1517 4992 docta.
1549 4938 2005 5010 Quandoquidem

448 5042 579 5081 vero
611 5026 731 5096 ejus
766 5028 1025 5095 memini,
1072 5038 1371 5100 opportune
1408 5031 1513 5087 hoc
1547 5033 1669 5087 loco
1715 5048 1801 5088 me
1839 5049 2008 5103 expo-

447 5120 682 5173 siturum
730 5127 885 5189 puto,
923 5135 1043 5189 quae
1088 5136 1175 5185 ca,
1218 5131 1273 5176 et
1325 5123 1468 5177 unde
1518 5123 1683 5179 fuerit
1726 5145 1739 5181 :
1776 5138 1832 5181 et
1865 5143 2008 5196 quo-

450 5209 613 5265 modo
661 5224 768 5280 prae
816 5209 942 5264 aliis
986 5226 1106 5275 qua:
1153 5211 1206 5264 in
1254 5213 1697 5268 communionem
1746 5216 2004 5270 connubii

451 5301 800 5370 imperatoris
830 5300 1124 5357 Theodosii
1161 5305 1394 5368 veniret,
1430 5303 1638 5359 delecta
1670 5305 1760 5361 sit.
1792 5304 1900 5360 Res
1930 5308 2011 5362 sic

451 5389 639 5444 habet.

518 5563 594 5631 (l)
637 5564 691 5619 Si
731 5567 1241 5643 necessitasiuerit
1267 5568 1320 5623 in
1361 5571 1733 5639 redemptione
1768 5576 2013 5643 captivo-

452 5647 603 5691 rum,
647 5647 776 5689 tunc
810 5646 865 5690 et
898 5637 1267 5713 venditionem
1301 5637 1795 5696 sacratissimorum
1837 5637 2014 5713 atque

468 5716 770 5781 :rcanorum
826 5720 1075 5781 vasorum
1112 5708 1212 5781 ‘vel
1274 5712 1537 5781 vestium,
1580 5708 2013 5781 ca‘tctorumqne

471 5771 797 5823 ionariornm
828 5789 945 5841 quae
987 5778 1051 5828 .id
1092 5776 1327 5831 divinant
1364 5771 1678 5849 religionem
1712 5771 2011 5838 nece-stiria

2106 4582 2286 4636 καλῶν
2337 4582 2824 4652 προσεμαρτύρουν
2871 4582 2950 4654 τῷ
3002 4584 3231 4653 βασιλεῖ,
3277 4585 3314 4639 ἃ
3371 4589 3472 4641 καὶ⁵
3515 4591 3672 4657 ἡμεῖς

2104 4672 2276 4741 ἀθρόα
2313 4674 2745 4742 περιειλήφαμεν
2780 4674 3008 4741 ἄνωθεν,
3028 4676 3185 4743 ὀλίγα
3208 4678 3271 4729 ἐκ
3294 4678 3441 4731 πάνυ
3470 4681 3673 4733 πολλῶν

2107 4764 2387 4831 συντόμως
2419 4762 2802 4827 διεξελθόντες.
2836 4765 2909 4817 Οὐ
2937 4767 3096 4833 μόνον
3125 4765 3183 4817 δὲ
3215 4768 3264 4819 oi
3317 4770 3449 4834 περὶ
3483 4768 3672 4835 λόγους

2105 4853 2480 4921 ἐσχολακότες.
2512 4853 2649 4905 ἀλλὰ
2679 4855 2772 4906 καὶ
2820 4855 3015 4926 αύτὴή
3051 4854 3263 4924 βασιλὶς
3302 4859 3399 4911 καὶ
3461 4859 3674 4929 γαμετὴ

2105 4944 2199 4996 τοῦ
2222 4944 2549 5013 κρατοῦντος
2574 4946 2628 4997 ἐν
2655 4947 2879 5015 ἡρωῖκῷ
2930 4949 3111 5018 μέτρῳ
3147 4948 3434 5017 ποιήματα
3460 4951 3538 5020 τῷ
3590 4954 3675 5002 ἁν-

2105 5036 2191 5105 δρὶ
2226 5037 2319 5089 καὶ
2343 5037 2553 5106 βασιλεῖ
2581 5037 2839 5107 ἔγραφεν.
2877 5035 2985 5091 Ἦν
3017 5041 3127 5109 γὰρ
3171 5040 3316 5109 μάλα
3364 5042 3672 5111 ἐλλόγιμος.

2122 5130 2270 5181 Ἐπεὶ
2294 5130 2349 5181 δὲ
2384 5129 2587 5198 ταύτης
2618 5131 2921 5199 ἐμνήσθην,
2951 5134 3030 5192 εἰς
3068 5133 3260 5201 καιρὸν
3291 5135 3361 5185 ἂν
3412 5134 3559 5186 δοκῶ
3589 5150 3675 5201 μοι

2108 5218 2413 5284 διεξελθεῖν,
2456 5218 2538 5279 τίς
2572 5235 2629 5270 τε
2660 5214 2728 5288 ἦν
2769 5218 2930 5289 αὓτη,
2963 5221 3059 5271 καὶ
3094 5220 3233 5284 ὅθεν,
3270 5220 3366 5272 καὶ
3406 5222 3558 5283 ὅπως
3599 5221 3673 5289 τῷ

2112 5311 2322 5381 βασιλεῖ
2353 5311 2617 5379 Θεοδοσίῳ
2679 5313 2757 5373 είς
2796 5311 3077 5363 κοινωνίαν
3127 5312 3303 5378 γάμου
3350 5312 3460 5366 τᾶν
3504 5313 3672 5367 ἄλλων

2112 5404 2323 5472 ἐκρίθη.
2365 5403 2515 5471 Ἔχει
2543 5403 2599 5454 δὲ
2630 5403 2790 5456 οὕτω.

2113 5586 2274 5639 sunt,
2309 5587 2362 5631 et
2397 5578 2756 5647 hypothecam
2793 5590 2846 5636 et
2875 5581 3285 5651 pignorationes
3320 5586 3436 5640 ﬁeri
3472 5598 3670 5640 conce-

2114 5651 2317 5702 dimns.
2352 5654 2617 5711 Quoniam
2654 5667 2759 5702 non
2789 5652 3089 5704 absurdum
3120 5665 3223 5718 est,
3257 5657 3469 5709 animas
3500 5656 3670 5708 homio

2114 5735 2243 5795 nutu
2274 5728 2695 5795 tllllltllﬂ‘liilujtlc
2727 5723 2869 5773 vasis
2902 5725 2981 5774 vel
3020 5726 3357 5778 Vestimcutts
3386 5726 3666 5795 (praeferri.

2117 5789 2175 5840 L.
2215 5790 2510 5841 sancimus.
2557 5794 2614 5844 (ὲ.
2653 5792 2723 5843 De
2752 5808 2905 5843 sacro
2939 5805 3065 5846 auct
3123 5796 3331 5847 huius.
