  <div class='ocr_page' id='page_1' title='image "/cluster/home/n/w/nwhite01/storage/ocr_20150623/146/hvd.32044073502601/610.png"; bbox 0 0 3910 6218; ppageno 0'>
   <div class='ocr_carea' id='block_1_1' title="bbox 221 296 360 363">
    <p class='ocr_par' dir='ltr' id='par_1_1' title="bbox 221 296 360 363">
     <span class='ocr_line' id='line_1_1' title="bbox 221 296 360 363; baseline 0.007 -1"><span class='ocrx_word' id='word_1_1' title='bbox 221 296 360 363; x_wconf 81' lang='grc'><strong>1133</strong></span> 
     </span>
    </p>
   </div>
   <div class='ocr_carea' id='block_1_2' title="bbox 1103 318 2504 408">
    <p class='ocr_par' dir='ltr' id='par_1_2' title="bbox 1103 318 2504 408">
     <span class='ocr_line' id='line_1_2' title="bbox 1103 318 2504 408; baseline 0.02 -30"><span class='ocrx_word' id='word_1_2' title='bbox 1103 318 1700 393; x_wconf 59' lang='grc' dir='ltr'><strong>ΕΕΟΕΕΞΙΑΞΤΙΟᾸΞ</strong></span> <span class='ocrx_word' id='word_1_3' title='bbox 1735 333 2118 397; x_wconf 55' lang='grc' dir='ltr'><strong>ΙΙΙΞΤΟΙἏΙἉΕ</strong></span> <span class='ocrx_word' id='word_1_4' title='bbox 2162 341 2310 408; x_wconf 80' lang='lat' dir='ltr'><strong>LIB.</strong></span> <span class='ocrx_word' id='word_1_5' title='bbox 2356 345 2504 406; x_wconf 78' lang='lat' dir='ltr'><strong>XIV.</strong></span> 
     </span>
    </p>
   </div>
   <div class='ocr_carea' id='block_1_3' title="bbox 3338 367 3471 434">
    <p class='ocr_par' dir='ltr' id='par_1_3' title="bbox 3338 367 3471 434">
     <span class='ocr_line' id='line_1_3' title="bbox 3338 367 3471 434; baseline 0.038 -5"><span class='ocrx_word' id='word_1_6' title='bbox 3338 367 3471 434; x_wconf 73' lang='grc'><strong>1134</strong></span> 
     </span>
    </p>
   </div>
   <div class='ocr_carea' id='block_1_4' title="bbox 212 423 1757 554">
    <p class='ocr_par' dir='ltr' id='par_1_4' title="bbox 212 423 1757 554">
     <span class='ocr_line' id='line_1_4' title="bbox 212 423 1757 518; baseline 0.016 -45"><span class='ocrx_word' id='word_1_7' title='bbox 212 437 326 475; x_wconf 83' lang='grc' dir='ltr'><strong>των</strong></span> <span class='ocrx_word' id='word_1_8' title='bbox 379 423 572 478; x_wconf 78' lang='grc' dir='ltr'>ἐλὲουο</span> <span class='ocrx_word' id='word_1_9' title='bbox 610 432 842 502; x_wconf 81' lang='grc' dir='ltr'><strong>μυρίους</strong></span> <span class='ocrx_word' id='word_1_10' title='bbox 901 436 956 490; x_wconf 77' lang='grc' dir='ltr'>δὲ</span> <span class='ocrx_word' id='word_1_11' title='bbox 1021 439 1167 507; x_wconf 80' lang='grc' dir='ltr'>λέγω</span> <span class='ocrx_word' id='word_1_12' title='bbox 1217 444 1277 496; x_wconf 84' lang='grc' dir='ltr'><strong>τὸ</strong></span> <span class='ocrx_word' id='word_1_13' title='bbox 1329 446 1576 518; x_wconf 79' lang='grc' dir='ltr'>πλῆθος,</span> <span class='ocrx_word' id='word_1_14' title='bbox 1608 455 1668 505; x_wconf 69' lang='grc' dir='ltr'><strong>σὺ</strong></span> <span class='ocrx_word' id='word_1_15' title='bbox 1705 455 1757 506; x_wconf 63' lang='grc' dir='ltr'><strong>τὲ</strong></span> 
     </span>
     <span class='ocr_line' id='line_1_5' title="bbox 212 516 1747 554; baseline 0 0"><span class='ocrx_word' id='word_1_16' title='bbox 212 516 416 554; x_wconf 54' lang='lat' dir='ltr'><strong>sum:</strong></span> <span class='ocrx_word' id='word_1_17' title='bbox 467 519 648 554; x_wconf 59' lang='grc' dir='ltr'>κει-ἴε...</span> <span class='ocrx_word' id='word_1_18' title='bbox 717 527 952 554; x_wconf 66' lang='grc' dir='ltr'><strong>ι,,.ο.-ι--</strong></span> <span class='ocrx_word' id='word_1_19' title='bbox 1025 533 1172 554; x_wconf 29' lang='grc' dir='ltr'>νη-..</span> <span class='ocrx_word' id='word_1_20' title='bbox 1305 540 1315 554; x_wconf 74' lang='grc' dir='ltr'><strong>ρ</strong></span> <span class='ocrx_word' id='word_1_21' title='bbox 1518 544 1530 554; x_wconf 90' lang='grc'><strong>.</strong></span> <span class='ocrx_word' id='word_1_22' title='bbox 1578 545 1590 554; x_wconf 89' lang='grc'><strong>.</strong></span> <span class='ocrx_word' id='word_1_23' title='bbox 1734 548 1747 554; x_wconf 90' lang='grc'><strong>-</strong></span> 
     </span>
    </p>
   </div>
   <div class='ocr_carea' id='block_1_5' title="bbox 1863 423 3471 554">
    <p class='ocr_par' dir='ltr' id='par_1_5' title="bbox 1863 466 3471 554">
     <span class='ocr_line' id='line_1_6' title="bbox 1863 466 3471 554; baseline 0.019 -42"><span class='ocrx_word' id='word_1_24' title='bbox 1863 491 1868 512; x_wconf 72' lang='grc' dir='ltr'><strong>ι</strong></span> <span class='ocrx_word' id='word_1_25' title='bbox 1899 466 2113 511; x_wconf 70' lang='lat' dir='ltr'><strong>certum</strong></span> <span class='ocrx_word' id='word_1_26' title='bbox 2151 476 2456 529; x_wconf 83' lang='lat' dir='ltr'><strong>pauperum</strong></span> <span class='ocrx_word' id='word_1_27' title='bbox 2491 482 2778 522; x_wconf 76' lang='lat' dir='ltr'><strong>numerum</strong></span> <span class='ocrx_word' id='word_1_28' title='bbox 2817 475 3068 530; x_wconf 86' lang='lat' dir='ltr'><strong>ostendo.</strong></span> <span class='ocrx_word' id='word_1_29' title='bbox 3107 478 3471 554; x_wconf 82' lang='lat' dir='ltr'><strong>Quandoqui-</strong></span> 
     </span>
    </p>
   </div>
   <div class='ocr_carea' id='block_1_6' title="bbox 209 516 1791 614">
    <p class='ocr_par' dir='ltr' id='par_1_6' title="bbox 209 516 1791 614">
     <span class='ocr_line' id='line_1_7' title="bbox 209 516 1791 614; baseline 0.02 -49"><span class='ocrx_word' id='word_1_30' title='bbox 209 516 418 587; x_wconf 84' lang='grc' dir='ltr'>ἀκριϐῆ</span> <span class='ocrx_word' id='word_1_31' title='bbox 467 519 648 590; x_wconf 82' lang='grc' dir='ltr'>δηλῶν</span> <span class='ocrx_word' id='word_1_32' title='bbox 715 527 974 598; x_wconf 82' lang='grc' dir='ltr'>ἀριθμόν.</span> <span class='ocrx_word' id='word_1_33' title='bbox 1025 533 1180 588; x_wconf 77' lang='grc' dir='ltr'>Ἐπεὶ</span> <span class='ocrx_word' id='word_1_34' title='bbox 1230 516 1435 595; x_wconf 74' lang='grc' dir='ltr'>τοίνυν</span> <span class='ocrx_word' id='word_1_35' title='bbox 1472 544 1634 607; x_wconf 82' lang='grc' dir='ltr'>αὐτὸς</span> <span class='ocrx_word' id='word_1_36' title='bbox 1693 548 1791 614; x_wconf 81' lang='grc' dir='ltr'><strong>μὲν</strong></span> 
     </span>
    </p>
   </div>
   <div class='ocr_carea' id='block_1_7' title="bbox 210 607 1792 712">
    <p class='ocr_par' dir='ltr' id='par_1_7' title="bbox 210 607 1792 712">
     <span class='ocr_line' id='line_1_8' title="bbox 210 607 1792 712; baseline 0.023 -55"><span class='ocrx_word' id='word_1_37' title='bbox 210 607 323 676; x_wconf 59' lang='grc' dir='ltr'>ἕλω</span> <span class='ocrx_word' id='word_1_38' title='bbox 367 610 551 664; x_wconf 79' lang='grc' dir='ltr'>λαϐὼν</span> <span class='ocrx_word' id='word_1_39' title='bbox 612 616 852 686; x_wconf 74' lang='grc' dir='ltr'>ἀριθμὸν</span> <span class='ocrx_word' id='word_1_40' title='bbox 912 626 1067 696; x_wconf 72' lang='grc' dir='ltr'>παρὰ</span> <span class='ocrx_word' id='word_1_41' title='bbox 1121 627 1216 682; x_wconf 83' lang='grc' dir='ltr'>τοῦ</span> <span class='ocrx_word' id='word_1_42' title='bbox 1274 631 1491 702; x_wconf 77' lang='grc' dir='ltr'>δαψιλεῖ</span> <span class='ocrx_word' id='word_1_43' title='bbox 1534 640 1599 706; x_wconf 83' lang='grc' dir='ltr'>τῇ</span> <span class='ocrx_word' id='word_1_44' title='bbox 1643 607 1792 712; x_wconf 73' lang='grc' dir='ltr'>χειρὶ</span> 
     </span>
    </p>
   </div>
   <div class='ocr_carea' id='block_1_8' title="bbox 206 696 1790 793">
    <p class='ocr_par' dir='ltr' id='par_1_8' title="bbox 206 696 1790 793">
     <span class='ocr_line' id='line_1_9' title="bbox 206 696 1790 793; baseline 0.025 -47"><span class='ocrx_word' id='word_1_45' title='bbox 206 696 445 763; x_wconf 76' lang='grc' dir='ltr'><strong>διδόντος</strong></span> <span class='ocrx_word' id='word_1_46' title='bbox 469 706 584 765; x_wconf 80' lang='grc' dir='ltr'>τοῖς</span> <span class='ocrx_word' id='word_1_47' title='bbox 611 709 965 778; x_wconf 81' lang='grc' dir='ltr'>οἱκονομοῦσι</span> <span class='ocrx_word' id='word_1_48' title='bbox 1000 717 1204 781; x_wconf 87' lang='grc' dir='ltr'>καλῶς,</span> <span class='ocrx_word' id='word_1_49' title='bbox 1237 724 1535 790; x_wconf 78' lang='grc' dir='ltr'>συμϐαίνει</span> <span class='ocrx_word' id='word_1_50' title='bbox 1557 727 1612 780; x_wconf 78' lang='grc' dir='ltr'>δέ</span> <span class='ocrx_word' id='word_1_51' title='bbox 1637 745 1790 793; x_wconf 81' lang='grc' dir='ltr'>τινας</span> 
     </span>
    </p>
   </div>
   <div class='ocr_carea' id='block_1_9' title="bbox 207 789 1788 893">
    <p class='ocr_par' dir='ltr' id='par_1_9' title="bbox 207 789 1788 893">
     <span class='ocr_line' id='line_1_10' title="bbox 207 789 1788 893; baseline 0.023 -53"><span class='ocrx_word' id='word_1_52' title='bbox 207 789 537 860; x_wconf 75' lang='grc' dir='ltr'>ἀπορεῖσθαι</span> <span class='ocrx_word' id='word_1_53' title='bbox 567 795 917 869; x_wconf 81' lang='grc' dir='ltr'>δοκιμασίας,</span> <span class='ocrx_word' id='word_1_54' title='bbox 954 809 1120 876; x_wconf 86' lang='grc' dir='ltr'>χάριν</span> <span class='ocrx_word' id='word_1_55' title='bbox 1149 811 1259 864; x_wconf 87' lang='grc' dir='ltr'><strong>τῶν</strong></span> <span class='ocrx_word' id='word_1_56' title='bbox 1284 789 1519 884; x_wconf 44' lang='grc' dir='ltr'>ἐχόντων</span> <span class='ocrx_word' id='word_1_57' title='bbox 1549 821 1672 890; x_wconf 86' lang='grc' dir='ltr'>μὲν,</span> <span class='ocrx_word' id='word_1_58' title='bbox 1713 789 1788 893; x_wconf 62' lang='grc' dir='ltr'><strong>μη</strong></span> 
     </span>
    </p>
   </div>
   <div class='ocr_carea' id='block_1_10' title="bbox 213 885 1786 985">
    <p class='ocr_par' dir='ltr' id='par_1_10' title="bbox 213 885 1786 985">
     <span class='ocr_line' id='line_1_11' title="bbox 213 885 1786 985; baseline 0.022 -53"><span class='ocrx_word' id='word_1_59' title='bbox 213 885 562 954; x_wconf 82' lang='grc' dir='ltr'><strong>παρεχόντων</strong></span> <span class='ocrx_word' id='word_1_60' title='bbox 587 889 642 942; x_wconf 81' lang='grc' dir='ltr'>δὲ</span> <span class='ocrx_word' id='word_1_61' title='bbox 668 893 899 960; x_wconf 78' lang='grc' dir='ltr'><strong>τούτοις,</strong></span> <span class='ocrx_word' id='word_1_62' title='bbox 933 899 1132 968; x_wconf 88' lang='grc' dir='ltr'>λαϐὼν,</span> <span class='ocrx_word' id='word_1_63' title='bbox 1169 898 1215 957; x_wconf 83' lang='grc' dir='ltr'><strong>ῶ</strong></span> <span class='ocrx_word' id='word_1_64' title='bbox 1246 907 1373 978; x_wconf 82' lang='grc' dir='ltr'>φίλη</span> <span class='ocrx_word' id='word_1_65' title='bbox 1414 927 1507 979; x_wconf 87' lang='grc' dir='ltr'><strong>μοι</strong></span> <span class='ocrx_word' id='word_1_66' title='bbox 1545 915 1786 985; x_wconf 75' lang='grc' dir='ltr'>κεφαλὴ,</span> 
     </span>
    </p>
   </div>
   <div class='ocr_carea' id='block_1_11' title="bbox 203 978 1782 1066">
    <p class='ocr_par' dir='ltr' id='par_1_11' title="bbox 203 978 1782 1066">
     <span class='ocr_line' id='line_1_12' title="bbox 203 978 1782 1066; baseline 0.023 -41"><span class='ocrx_word' id='word_1_67' title='bbox 203 978 336 1040; x_wconf 76' lang='grc' dir='ltr'>τοὺς</span> <span class='ocrx_word' id='word_1_68' title='bbox 401 985 750 1050; x_wconf 76' lang='grc' dir='ltr'>τριακοσίους</span> <span class='ocrx_word' id='word_1_69' title='bbox 813 989 1041 1049; x_wconf 77' lang='grc' dir='ltr'>τούτους</span> <span class='ocrx_word' id='word_1_70' title='bbox 1097 999 1428 1066; x_wconf 86' lang='grc' dir='ltr'>χρυσίνους,</span> <span class='ocrx_word' id='word_1_71' title='bbox 1501 1005 1782 1061; x_wconf 77' lang='grc' dir='ltr'><strong>ἀνάλωσιν</strong></span> 
     </span>
    </p>
   </div>
   <div class='ocr_carea' id='block_1_12' title="bbox 204 1070 1788 1161">
    <p class='ocr_par' dir='ltr' id='par_1_12' title="bbox 204 1070 1788 1161">
     <span class='ocr_line' id='line_1_13' title="bbox 204 1070 1788 1161; baseline 0.021 -43"><span class='ocrx_word' id='word_1_72' title='bbox 204 1070 357 1131; x_wconf 76' lang='grc' dir='ltr'>ὅπως</span> <span class='ocrx_word' id='word_1_73' title='bbox 409 1071 475 1124; x_wconf 82' lang='grc' dir='ltr'><strong>ἂν</strong></span> <span class='ocrx_word' id='word_1_74' title='bbox 511 1073 787 1146; x_wconf 78' lang='grc' dir='ltr'>θελήσοις.</span> <span class='ocrx_word' id='word_1_75' title='bbox 840 1080 1092 1157; x_wconf 78' lang='grc' dir='ltr'>Βουλήσῃ</span> <span class='ocrx_word' id='word_1_76' title='bbox 1144 1088 1199 1139; x_wconf 87' lang='grc' dir='ltr'><strong>δέ</strong></span> <span class='ocrx_word' id='word_1_77' title='bbox 1249 1107 1353 1142; x_wconf 87' lang='grc' dir='ltr'><strong>που</strong></span> <span class='ocrx_word' id='word_1_78' title='bbox 1405 1093 1623 1159; x_wconf 88' lang='grc' dir='ltr'>πάντως</span> <span class='ocrx_word' id='word_1_79' title='bbox 1673 1103 1788 1161; x_wconf 89' lang='grc' dir='ltr'>τοῖς</span> 
     </span>
    </p>
   </div>
   <div class='ocr_carea' id='block_1_13' title="bbox 207 1162 1786 1260">
    <p class='ocr_par' dir='ltr' id='par_1_13' title="bbox 207 1162 1786 1260">
     <span class='ocr_line' id='line_1_14' title="bbox 207 1162 1786 1260; baseline 0.023 -51"><span class='ocrx_word' id='word_1_80' title='bbox 207 1162 632 1233; x_wconf 80' lang='grc' dir='ltr'><strong>αἰσχυνομένοις</strong></span> <span class='ocrx_word' id='word_1_81' title='bbox 664 1171 764 1239; x_wconf 85' lang='grc' dir='ltr'><strong>τὴν</strong></span> <span class='ocrx_word' id='word_1_82' title='bbox 795 1173 1036 1240; x_wconf 78' lang='grc' dir='ltr'>αἴτησιν,</span> <span class='ocrx_word' id='word_1_83' title='bbox 1073 1179 1188 1232; x_wconf 82' lang='grc' dir='ltr'>ἀλλ’</span> <span class='ocrx_word' id='word_1_84' title='bbox 1219 1183 1340 1251; x_wconf 74' lang='grc' dir='ltr'>οὐχὶ</span> <span class='ocrx_word' id='word_1_85' title='bbox 1373 1187 1489 1250; x_wconf 85' lang='grc' dir='ltr'>τοῖς</span> <span class='ocrx_word' id='word_1_86' title='bbox 1519 1189 1786 1260; x_wconf 82' lang='grc' dir='ltr'>ἐμπόριον</span> 
     </span>
    </p>
   </div>
   <div class='ocr_carea' id='block_1_14' title="bbox 206 1253 1784 1352">
    <p class='ocr_par' dir='ltr' id='par_1_14' title="bbox 206 1253 1784 1352">
     <span class='ocr_line' id='line_1_15' title="bbox 206 1253 1784 1352; baseline 0.022 -48"><span class='ocrx_word' id='word_1_87' title='bbox 206 1253 295 1306; x_wconf 66' lang='grc' dir='ltr'><strong>διὰ</strong></span> <span class='ocrx_word' id='word_1_88' title='bbox 331 1255 447 1323; x_wconf 85' lang='grc' dir='ltr'>βίου</span> <span class='ocrx_word' id='word_1_89' title='bbox 483 1260 582 1329; x_wconf 76' lang='grc' dir='ltr'><strong>τὴν</strong></span> <span class='ocrx_word' id='word_1_90' title='bbox 610 1265 856 1335; x_wconf 78' lang='grc' dir='ltr'><strong>γαστέρα</strong></span> <span class='ocrx_word' id='word_1_91' title='bbox 903 1271 1314 1340; x_wconf 79' lang='grc' dir='ltr'>προτεθεικόσι.</span> <span class='ocrx_word' id='word_1_92' title='bbox 1363 1253 1564 1344; x_wconf 32' lang='grc' dir='ltr'>Διδοῦς.</span> <span class='ocrx_word' id='word_1_93' title='bbox 1582 1253 1784 1352; x_wconf 77' lang='grc' dir='ltr'>τοίνυν,</span> 
     </span>
    </p>
   </div>
   <div class='ocr_carea' id='block_1_15' title="bbox 210 1347 1783 1442">
    <p class='ocr_par' dir='ltr' id='par_1_15' title="bbox 210 1347 1783 1442">
     <span class='ocr_line' id='line_1_16' title="bbox 210 1347 1783 1442; baseline 0.024 -47"><span class='ocrx_word' id='word_1_94' title='bbox 210 1347 345 1412; x_wconf 78' lang='grc' dir='ltr'><strong>μηδέ</strong></span> <span class='ocrx_word' id='word_1_95' title='bbox 380 1349 684 1418; x_wconf 77' lang='grc' dir='ltr'>θρησκείαν</span> <span class='ocrx_word' id='word_1_96' title='bbox 726 1356 920 1431; x_wconf 77' lang='grc' dir='ltr'>λογίσῃ</span> <span class='ocrx_word' id='word_1_97' title='bbox 970 1363 1116 1416; x_wconf 76' lang='grc' dir='ltr'>κατὰ</span> <span class='ocrx_word' id='word_1_98' title='bbox 1158 1367 1318 1420; x_wconf 80' lang='grc' dir='ltr'>τοῦτο</span> <span class='ocrx_word' id='word_1_99' title='bbox 1343 1371 1402 1422; x_wconf 80' lang='grc' dir='ltr'>τὸ</span> <span class='ocrx_word' id='word_1_100' title='bbox 1435 1373 1626 1442; x_wconf 80' lang='grc' dir='ltr'><strong>μέρος·</strong></span> <span class='ocrx_word' id='word_1_101' title='bbox 1662 1377 1783 1440; x_wconf 78' lang='grc' dir='ltr'>ἐνὸς</span> 
     </span>
    </p>
   </div>
   <div class='ocr_carea' id='block_1_16' title="bbox 211 1439 1782 1535">
    <p class='ocr_par' dir='ltr' id='par_1_16' title="bbox 211 1439 1782 1535">
     <span class='ocr_line' id='line_1_17' title="bbox 211 1439 1782 1535; baseline 0.024 -48"><span class='ocrx_word' id='word_1_102' title='bbox 211 1439 308 1489; x_wconf 72' lang='grc' dir='ltr'><strong>καὶ</strong></span> <span class='ocrx_word' id='word_1_103' title='bbox 345 1442 512 1508; x_wconf 74' lang='grc' dir='ltr'>μόνου</span> <span class='ocrx_word' id='word_1_104' title='bbox 546 1447 843 1516; x_wconf 90' lang='grc' dir='ltr'>γενόμενος</span> <span class='ocrx_word' id='word_1_105' title='bbox 866 1493 880 1516; x_wconf 83' lang='lat'><strong>,</strong></span> <span class='ocrx_word' id='word_1_106' title='bbox 916 1453 1011 1505; x_wconf 82' lang='grc' dir='ltr'>τοῦ</span> <span class='ocrx_word' id='word_1_107' title='bbox 1044 1457 1265 1524; x_wconf 76' lang='grc' dir='ltr'><strong>τρέφειν</strong></span> <span class='ocrx_word' id='word_1_108' title='bbox 1297 1463 1423 1524; x_wconf 82' lang='grc' dir='ltr'>τοὺς</span> <span class='ocrx_word' id='word_1_109' title='bbox 1456 1466 1782 1535; x_wconf 79' lang='grc' dir='ltr'>πεινῶντας,</span> 
     </span>
    </p>
   </div>
   <div class='ocr_carea' id='block_1_17' title="bbox 205 1529 1783 1628">
    <p class='ocr_par' dir='ltr' id='par_1_17' title="bbox 205 1529 1783 1628">
     <span class='ocr_line' id='line_1_18' title="bbox 205 1529 1783 1628; baseline 0.022 -50"><span class='ocrx_word' id='word_1_110' title='bbox 205 1529 344 1584; x_wconf 74' lang='grc' dir='ltr'>ἀλλὰ</span> <span class='ocrx_word' id='word_1_111' title='bbox 407 1533 483 1601; x_wconf 79' lang='grc' dir='ltr'>μὴ</span> <span class='ocrx_word' id='word_1_112' title='bbox 545 1535 888 1602; x_wconf 83' lang='grc' dir='ltr'>λογιστεύειν</span> <span class='ocrx_word' id='word_1_113' title='bbox 935 1547 1065 1610; x_wconf 77' lang='grc' dir='ltr'>τοὺς</span> <span class='ocrx_word' id='word_1_114' title='bbox 1129 1549 1221 1602; x_wconf 83' lang='grc' dir='ltr'><strong>τὸν</strong></span> <span class='ocrx_word' id='word_1_115' title='bbox 1269 1554 1540 1626; x_wconf 67' lang='grc' dir='ltr'>ἡμέτερον</span> <span class='ocrx_word' id='word_1_116' title='bbox 1581 1560 1783 1628; x_wconf 84' lang='grc' dir='ltr'>τρόπον</span> 
     </span>
    </p>
   </div>
   <div class='ocr_carea' id='block_1_18' title="bbox 208 1622 1783 1720">
    <p class='ocr_par' dir='ltr' id='par_1_18' title="bbox 208 1622 1783 1720">
     <span class='ocr_line' id='line_1_19' title="bbox 208 1622 1783 1720; baseline 0.022 -49"><span class='ocrx_word' id='word_1_117' title='bbox 208 1622 568 1690; x_wconf 65' lang='grc' dir='ltr'>φρονοῦντας.</span> <span class='ocrx_word' id='word_1_118' title='bbox 612 1647 631 1680; x_wconf 74' lang='grc' dir='ltr'><strong>ι</strong></span> <span class='ocrx_word' id='word_1_119' title='bbox 667 1630 789 1684; x_wconf 87' lang='grc' dir='ltr'><strong>Τῶν</strong></span> <span class='ocrx_word' id='word_1_120' title='bbox 823 1633 923 1703; x_wconf 83' lang='grc' dir='ltr'><strong>μὲν</strong></span> <span class='ocrx_word' id='word_1_121' title='bbox 975 1636 1071 1690; x_wconf 76' lang='grc' dir='ltr'><strong>οὖν</strong></span> <span class='ocrx_word' id='word_1_122' title='bbox 1120 1622 1395 1712; x_wconf 72' lang='grc' dir='ltr'><strong>δεομένων</strong></span> <span class='ocrx_word' id='word_1_123' title='bbox 1442 1622 1539 1702; x_wconf 75' lang='grc' dir='ltr'><strong>καὶ</strong></span> <span class='ocrx_word' id='word_1_124' title='bbox 1566 1622 1783 1720; x_wconf 74' lang='grc' dir='ltr'>πόρρω-</span> 
     </span>
    </p>
   </div>
   <div class='ocr_carea' id='block_1_19' title="bbox 205 1712 1778 1812">
    <p class='ocr_par' dir='ltr' id='par_1_19' title="bbox 205 1712 1778 1812">
     <span class='ocr_line' id='line_1_20' title="bbox 205 1712 1778 1812; baseline 0.022 -50"><span class='ocrx_word' id='word_1_125' title='bbox 205 1712 300 1763; x_wconf 85' lang='grc' dir='ltr'><strong>θεν</strong></span> <span class='ocrx_word' id='word_1_126' title='bbox 330 1713 503 1769; x_wconf 76' lang='grc' dir='ltr'>ὄντων</span> <span class='ocrx_word' id='word_1_127' title='bbox 551 1719 695 1774; x_wconf 73' lang='grc' dir='ltr'>οὕτω</span> <span class='ocrx_word' id='word_1_128' title='bbox 731 1726 1013 1793; x_wconf 81' lang='grc' dir='ltr'>φροντίδος</span> <span class='ocrx_word' id='word_1_129' title='bbox 1036 1727 1183 1801; x_wconf 78' lang='grc' dir='ltr'>εἶχεν</span> <span class='ocrx_word' id='word_1_130' title='bbox 1210 1738 1236 1786; x_wconf 96' lang='lat'><strong>6</strong></span> <span class='ocrx_word' id='word_1_131' title='bbox 1268 1733 1540 1802; x_wconf 84' lang='grc' dir='ltr'>Ἀττικός’</span> <span class='ocrx_word' id='word_1_132' title='bbox 1574 1712 1778 1812; x_wconf 27' lang='grc' dir='ltr'>οὐῠμὴν</span> 
     </span>
    </p>
   </div>
   <div class='ocr_carea' id='block_1_20' title="bbox 1895 546 3468 648">
    <p class='ocr_par' dir='ltr' id='par_1_20' title="bbox 1895 546 3468 648">
     <span class='ocr_line' id='line_1_21' title="bbox 1895 546 3468 648; baseline 0.024 -49"><span class='ocrx_word' id='word_1_133' title='bbox 1895 546 2020 602; x_wconf 91' lang='lat' dir='ltr'><strong>dem</strong></span> <span class='ocrx_word' id='word_1_134' title='bbox 2056 566 2185 604; x_wconf 78' lang='lat' dir='ltr'><strong>vero</strong></span> <span class='ocrx_word' id='word_1_135' title='bbox 2219 565 2433 609; x_wconf 88' lang='lat' dir='ltr'><strong>certum</strong></span> <span class='ocrx_word' id='word_1_136' title='bbox 2466 562 2714 625; x_wconf 64' lang='lat' dir='ltr'><strong>pecuniae</strong></span> <span class='ocrx_word' id='word_1_137' title='bbox 2763 579 3055 622; x_wconf 90' lang='lat' dir='ltr'><strong>numerum</strong></span> <span class='ocrx_word' id='word_1_138' title='bbox 3087 572 3136 626; x_wconf 89' lang='lat' dir='ltr'><strong>ei</strong></span> <span class='ocrx_word' id='word_1_139' title='bbox 3182 590 3468 648; x_wconf 85' lang='lat' dir='ltr'><strong>acceptum</strong></span> 
     </span>
    </p>
   </div>
   <div class='ocr_carea' id='block_1_21' title="bbox 1894 637 3472 732">
    <p class='ocr_par' dir='ltr' id='par_1_21' title="bbox 1894 637 3472 732">
     <span class='ocr_line' id='line_1_22' title="bbox 1894 637 3472 732; baseline 0.021 -41"><span class='ocrx_word' id='word_1_140' title='bbox 1894 637 2034 703; x_wconf 81' lang='lat' dir='ltr'><strong>fero,</strong></span> <span class='ocrx_word' id='word_1_141' title='bbox 2071 644 2166 711; x_wconf 90' lang='lat' dir='ltr'><strong>qui</strong></span> <span class='ocrx_word' id='word_1_142' title='bbox 2199 648 2509 714; x_wconf 83' lang='lat' dir='ltr'><strong>perliberali</strong></span> <span class='ocrx_word' id='word_1_143' title='bbox 2546 667 2708 707; x_wconf 89' lang='lat' dir='ltr'><strong>manu</strong></span> <span class='ocrx_word' id='word_1_144' title='bbox 2739 655 2845 710; x_wconf 83' lang='lat' dir='ltr'><strong>rite</strong></span> <span class='ocrx_word' id='word_1_145' title='bbox 2875 675 2992 712; x_wconf 84' lang='lat' dir='ltr'><strong>eam</strong></span> <span class='ocrx_word' id='word_1_146' title='bbox 3019 662 3472 732; x_wconf 69' lang='lat' dir='ltr'><strong>dispensantitius</strong></span> 
     </span>
    </p>
   </div>
   <div class='ocr_carea' id='block_1_22' title="bbox 1893 730 3466 818">
    <p class='ocr_par' dir='ltr' id='par_1_22' title="bbox 1893 730 3466 818">
     <span class='ocr_line' id='line_1_23' title="bbox 1893 730 3466 818; baseline 0.022 -34"><span class='ocrx_word' id='word_1_147' title='bbox 1893 730 2083 797; x_wconf 82' lang='lat' dir='ltr'><strong>donat,</strong></span> <span class='ocrx_word' id='word_1_148' title='bbox 2112 746 2167 789; x_wconf 81' lang='lat' dir='ltr'><strong>et</strong></span> <span class='ocrx_word' id='word_1_149' title='bbox 2199 742 2450 794; x_wconf 87' lang='lat' dir='ltr'><strong>nonnulli</strong></span> <span class='ocrx_word' id='word_1_150' title='bbox 2481 743 2752 815; x_wconf 73' lang='lat' dir='ltr'><strong>indigent,</strong></span> <span class='ocrx_word' id='word_1_151' title='bbox 2776 750 3243 818; x_wconf 79' lang='lat' dir='ltr'><strong>explorandorum</strong></span> <span class='ocrx_word' id='word_1_152' title='bbox 3271 776 3466 818; x_wconf 91' lang='lat' dir='ltr'><strong>eorum</strong></span> 
     </span>
    </p>
   </div>
   <div class='ocr_carea' id='block_1_23' title="bbox 1893 827 3466 918">
    <p class='ocr_par' dir='ltr' id='par_1_23' title="bbox 1893 827 3466 918">
     <span class='ocr_line' id='line_1_24' title="bbox 1893 827 3466 918; baseline 0.022 -43"><span class='ocrx_word' id='word_1_153' title='bbox 1893 827 2087 892; x_wconf 86' lang='lat' dir='ltr'><strong>gratia,</strong></span> <span class='ocrx_word' id='word_1_154' title='bbox 2127 829 2222 896; x_wconf 92' lang='lat' dir='ltr'><strong>qui</strong></span> <span class='ocrx_word' id='word_1_155' title='bbox 2257 830 2459 885; x_wconf 87' lang='lat' dir='ltr'><strong>habent</strong></span> <span class='ocrx_word' id='word_1_156' title='bbox 2492 835 2738 904; x_wconf 86' lang='lat' dir='ltr'><strong>quidem,</strong></span> <span class='ocrx_word' id='word_1_157' title='bbox 2776 841 2874 894; x_wconf 88' lang='lat' dir='ltr'><strong>sed</strong></span> <span class='ocrx_word' id='word_1_158' title='bbox 2904 844 3014 899; x_wconf 81' lang='lat' dir='ltr'><strong>illis</strong></span> <span class='ocrx_word' id='word_1_159' title='bbox 3057 863 3166 902; x_wconf 89' lang='lat' dir='ltr'><strong>non</strong></span> <span class='ocrx_word' id='word_1_160' title='bbox 3198 850 3350 918; x_wconf 88' lang='lat' dir='ltr'><strong>dant,</strong></span> <span class='ocrx_word' id='word_1_161' title='bbox 3380 872 3466 910; x_wconf 72' lang='lat' dir='ltr'><strong>ac.</strong></span> 
     </span>
    </p>
   </div>
   <div class='ocr_carea' id='block_1_24' title="bbox 1891 916 3472 1003">
    <p class='ocr_par' dir='ltr' id='par_1_24' title="bbox 1891 916 3472 1003">
     <span class='ocr_line' id='line_1_25' title="bbox 1891 916 3472 1003; baseline 0.023 -37"><span class='ocrx_word' id='word_1_162' title='bbox 1891 916 2070 984; x_wconf 89' lang='lat' dir='ltr'><strong>ceptis</strong></span> <span class='ocrx_word' id='word_1_163' title='bbox 2093 933 2121 971; x_wconf 88' lang='lat' dir='ltr'><strong>a</strong></span> <span class='ocrx_word' id='word_1_164' title='bbox 2158 935 2264 983; x_wconf 89' lang='lat' dir='ltr'><strong>me,</strong></span> <span class='ocrx_word' id='word_1_165' title='bbox 2293 938 2326 975; x_wconf 86' lang='grc' dir='ltr'><strong>ο</strong></span> <span class='ocrx_word' id='word_1_166' title='bbox 2352 924 2585 980; x_wconf 90' lang='lat' dir='ltr'><strong>charum</strong></span> <span class='ocrx_word' id='word_1_167' title='bbox 2619 930 2752 984; x_wconf 90' lang='lat' dir='ltr'><strong>mihi</strong></span> <span class='ocrx_word' id='word_1_168' title='bbox 2779 944 2966 1003; x_wconf 86' lang='lat' dir='ltr'><strong>caput,</strong></span> <span class='ocrx_word' id='word_1_169' title='bbox 2999 942 3259 997; x_wconf 84' lang='lat' dir='ltr'><strong>trecentis</strong></span> <span class='ocrx_word' id='word_1_170' title='bbox 3288 950 3472 1002; x_wconf 85' lang='lat' dir='ltr'><strong>aureis</strong></span> 
     </span>
    </p>
   </div>
   <div class='ocr_carea' id='block_1_25' title="bbox 1891 1005 3472 1093">
    <p class='ocr_par' dir='ltr' id='par_1_25' title="bbox 1891 1005 3472 1093">
     <span class='ocr_line' id='line_1_26' title="bbox 1891 1005 3472 1093; baseline 0.022 -34"><span class='ocrx_word' id='word_1_171' title='bbox 1891 1005 2036 1072; x_wconf 83' lang='lat' dir='ltr'><strong>istis,</strong></span> <span class='ocrx_word' id='word_1_172' title='bbox 2073 1019 2132 1064; x_wconf 86' lang='lat' dir='ltr'><strong>ut</strong></span> <span class='ocrx_word' id='word_1_173' title='bbox 2165 1014 2318 1068; x_wconf 82' lang='lat' dir='ltr'><strong>voles</strong></span> <span class='ocrx_word' id='word_1_174' title='bbox 2364 1033 2462 1070; x_wconf 87' lang='lat' dir='ltr'><strong>eos</strong></span> <span class='ocrx_word' id='word_1_175' title='bbox 2500 1023 2773 1088; x_wconf 81' lang='lat' dir='ltr'><strong>expende.</strong></span> <span class='ocrx_word' id='word_1_176' title='bbox 2807 1026 2972 1083; x_wconf 85' lang='lat' dir='ltr'><strong>Voles</strong></span> <span class='ocrx_word' id='word_1_177' title='bbox 3016 1043 3200 1088; x_wconf 88' lang='lat' dir='ltr'><strong>autem</strong></span> <span class='ocrx_word' id='word_1_178' title='bbox 3238 1037 3322 1091; x_wconf 89' lang='lat' dir='ltr'><strong>eis</strong></span> <span class='ocrx_word' id='word_1_179' title='bbox 3355 1055 3472 1093; x_wconf 84' lang='lat' dir='ltr'><strong>nia-</strong></span> 
     </span>
    </p>
   </div>
   <div class='ocr_carea' id='block_1_26' title="bbox 1891 1101 3469 1198">
    <p class='ocr_par' dir='ltr' id='par_1_26' title="bbox 1891 1101 3469 1198">
     <span class='ocr_line' id='line_1_27' title="bbox 1891 1101 3469 1198; baseline 0.023 -49"><span class='ocrx_word' id='word_1_180' title='bbox 1891 1101 2057 1163; x_wconf 81' lang='lat' dir='ltr'><strong>xime,</strong></span> <span class='ocrx_word' id='word_1_181' title='bbox 2093 1108 2185 1171; x_wconf 90' lang='lat' dir='ltr'><strong>qui</strong></span> <span class='ocrx_word' id='word_1_182' title='bbox 2219 1110 2536 1165; x_wconf 82' lang='lat' dir='ltr'><strong>mendicare</strong></span> <span class='ocrx_word' id='word_1_183' title='bbox 2568 1116 2907 1174; x_wconf 86' lang='lat' dir='ltr'><strong>erubescunt</strong></span> <span class='ocrx_word' id='word_1_184' title='bbox 2942 1140 2954 1175; x_wconf 91' lang='lat'><strong>:</strong></span> <span class='ocrx_word' id='word_1_185' title='bbox 2986 1138 3097 1177; x_wconf 88' lang='lat' dir='ltr'><strong>non</strong></span> <span class='ocrx_word' id='word_1_186' title='bbox 3137 1127 3263 1192; x_wconf 88' lang='lat' dir='ltr'><strong>illis,</strong></span> <span class='ocrx_word' id='word_1_187' title='bbox 3291 1131 3383 1198; x_wconf 87' lang='lat' dir='ltr'><strong>qui</strong></span> <span class='ocrx_word' id='word_1_188' title='bbox 3415 1133 3469 1186; x_wconf 86' lang='lat' dir='ltr'><strong>in</strong></span> 
     </span>
    </p>
   </div>
   <div class='ocr_carea' id='block_1_27' title="bbox 1891 1193 3465 1284">
    <p class='ocr_par' dir='ltr' id='par_1_27' title="bbox 1891 1193 3465 1284">
     <span class='ocr_line' id='line_1_28' title="bbox 1891 1193 3465 1284; baseline 0.024 -42"><span class='ocrx_word' id='word_1_189' title='bbox 1891 1193 1999 1246; x_wconf 87' lang='lat' dir='ltr'><strong>vita</strong></span> <span class='ocrx_word' id='word_1_190' title='bbox 2025 1206 2273 1250; x_wconf 87' lang='lat' dir='ltr'><strong>ventrem</strong></span> <span class='ocrx_word' id='word_1_191' title='bbox 2325 1200 2390 1252; x_wconf 89' lang='lat' dir='ltr'><strong>ad</strong></span> <span class='ocrx_word' id='word_1_192' title='bbox 2429 1203 2893 1263; x_wconf 84' lang='lat' dir='ltr'><strong>nundinationem</strong></span> <span class='ocrx_word' id='word_1_193' title='bbox 2943 1229 3280 1284; x_wconf 89' lang='lat' dir='ltr'><strong>proponunt.</strong></span> <span class='ocrx_word' id='word_1_194' title='bbox 3327 1222 3465 1279; x_wconf 86' lang='lat' dir='ltr'><strong>Cum</strong></span> 
     </span>
    </p>
   </div>
   <div class='ocr_carea' id='block_1_28' title="bbox 1891 1283 3468 1385">
    <p class='ocr_par' dir='ltr' id='par_1_28' title="bbox 1891 1283 3468 1385">
     <span class='ocr_line' id='line_1_29' title="bbox 1891 1283 3468 1385; baseline 0.023 -50"><span class='ocrx_word' id='word_1_195' title='bbox 1891 1283 2061 1353; x_wconf 86' lang='lat' dir='ltr'><strong>igitur</strong></span> <span class='ocrx_word' id='word_1_196' title='bbox 2094 1290 2381 1355; x_wconf 82' lang='lat' dir='ltr'><strong>pecuniam</strong></span> <span class='ocrx_word' id='word_1_197' title='bbox 2425 1294 2698 1365; x_wconf 75' lang='lat' dir='ltr'><strong>largieris,</strong></span> <span class='ocrx_word' id='word_1_198' title='bbox 2736 1302 3018 1372; x_wconf 83' lang='lat' dir='ltr'><strong>religionis</strong></span> <span class='ocrx_word' id='word_1_199' title='bbox 3064 1311 3165 1364; x_wconf 85' lang='lat' dir='ltr'><strong>hac</strong></span> <span class='ocrx_word' id='word_1_200' title='bbox 3211 1312 3263 1367; x_wconf 93' lang='lat' dir='ltr'><strong>in</strong></span> <span class='ocrx_word' id='word_1_201' title='bbox 3312 1328 3468 1385; x_wconf 88' lang='lat' dir='ltr'><strong>parte</strong></span> 
     </span>
    </p>
   </div>
   <div class='ocr_carea' id='block_1_29' title="bbox 1890 1374 3468 1470">
    <p class='ocr_par' dir='ltr' id='par_1_29' title="bbox 1890 1374 3468 1470">
     <span class='ocr_line' id='line_1_30' title="bbox 1890 1374 3468 1470; baseline 0.023 -45"><span class='ocrx_word' id='word_1_202' title='bbox 1890 1374 2160 1430; x_wconf 88' lang='lat' dir='ltr'><strong>rationem</strong></span> <span class='ocrx_word' id='word_1_203' title='bbox 2208 1394 2317 1434; x_wconf 92' lang='lat' dir='ltr'><strong>non</strong></span> <span class='ocrx_word' id='word_1_204' title='bbox 2367 1382 2598 1440; x_wconf 82' lang='lat' dir='ltr'><strong>habebis</strong></span> <span class='ocrx_word' id='word_1_205' title='bbox 2647 1407 2660 1440; x_wconf 87' lang='lat'><strong><em>:</em></strong></span> <span class='ocrx_word' id='word_1_206' title='bbox 2711 1390 2818 1446; x_wconf 90' lang='lat' dir='ltr'><strong>hoc</strong></span> <span class='ocrx_word' id='word_1_207' title='bbox 2861 1411 3028 1452; x_wconf 90' lang='lat' dir='ltr'><strong>unum</strong></span> <span class='ocrx_word' id='word_1_208' title='bbox 3079 1412 3357 1470; x_wconf 87' lang='lat' dir='ltr'><strong>spectans,</strong></span> <span class='ocrx_word' id='word_1_209' title='bbox 3409 1421 3468 1464; x_wconf 90' lang='lat' dir='ltr'><strong>ut</strong></span> 
     </span>
    </p>
   </div>
   <div class='ocr_carea' id='block_1_30' title="bbox 1887 1465 3465 1561">
    <p class='ocr_par' dir='ltr' id='par_1_30' title="bbox 1887 1465 3465 1561">
     <span class='ocr_line' id='line_1_31' title="bbox 1887 1465 3465 1561; baseline 0.023 -44"><span class='ocrx_word' id='word_1_210' title='bbox 1887 1465 2198 1536; x_wconf 78' lang='lat' dir='ltr'><strong>indigentes</strong></span> <span class='ocrx_word' id='word_1_211' title='bbox 2228 1472 2380 1536; x_wconf 87' lang='lat' dir='ltr'><strong>alas,</strong></span> <span class='ocrx_word' id='word_1_212' title='bbox 2419 1491 2599 1546; x_wconf 89' lang='lat' dir='ltr'><strong>neque</strong></span> <span class='ocrx_word' id='word_1_213' title='bbox 2640 1496 2738 1536; x_wconf 90' lang='lat' dir='ltr'><strong>eos</strong></span> <span class='ocrx_word' id='word_1_214' title='bbox 2779 1486 3046 1554; x_wconf 72' lang='lat' dir='ltr'><strong>praeferas</strong></span> <span class='ocrx_word' id='word_1_215' title='bbox 3085 1493 3180 1561; x_wconf 90' lang='lat' dir='ltr'><strong>qui</strong></span> <span class='ocrx_word' id='word_1_216' title='bbox 3217 1499 3465 1554; x_wconf 89' lang='lat' dir='ltr'><strong>moribus</strong></span> 
     </span>
    </p>
   </div>
   <div class='ocr_carea' id='block_1_31' title="bbox 1885 1561 3468 1660">
    <p class='ocr_par' dir='ltr' id='par_1_31' title="bbox 1885 1561 3468 1660">
     <span class='ocr_line' id='line_1_32' title="bbox 1885 1561 3468 1660; baseline 0.023 -51"><span class='ocrx_word' id='word_1_217' title='bbox 1885 1561 2092 1615; x_wconf 82' lang='lat' dir='ltr'><strong>nostris</strong></span> <span class='ocrx_word' id='word_1_218' title='bbox 2124 1563 2334 1619; x_wconf 86' lang='lat' dir='ltr'><strong>vivunt.</strong></span> <span class='ocrx_word' id='word_1_219' title='bbox 2368 1586 2387 1618; x_wconf 86' lang='grc'><strong>›</strong></span> <span class='ocrx_word' id='word_1_220' title='bbox 2432 1568 2741 1640; x_wconf 70' lang='lat' dir='ltr'><strong>Pauperum</strong></span> <span class='ocrx_word' id='word_1_221' title='bbox 2774 1592 2906 1633; x_wconf 86' lang='lat' dir='ltr'><strong>sane</strong></span> <span class='ocrx_word' id='word_1_222' title='bbox 2938 1583 3103 1637; x_wconf 86' lang='lat' dir='ltr'><strong>etiam</strong></span> <span class='ocrx_word' id='word_1_223' title='bbox 3131 1587 3224 1653; x_wconf 84' lang='lat' dir='ltr'><strong>qui</strong></span> <span class='ocrx_word' id='word_1_224' title='bbox 3249 1589 3468 1660; x_wconf 77' lang='lat' dir='ltr'><strong>longius</strong></span> 
     </span>
    </p>
   </div>
   <div class='ocr_carea' id='block_1_32' title="bbox 1885 1648 3467 1750">
    <p class='ocr_par' dir='ltr' id='par_1_32' title="bbox 1885 1648 3467 1750">
     <span class='ocr_line' id='line_1_33' title="bbox 1885 1648 3467 1750; baseline 0.023 -49"><span class='ocrx_word' id='word_1_225' title='bbox 1885 1648 2162 1719; x_wconf 87' lang='lat' dir='ltr'><strong>abessent,</strong></span> <span class='ocrx_word' id='word_1_226' title='bbox 2187 1655 2263 1710; x_wconf 90' lang='lat' dir='ltr'><strong>ita</strong></span> <span class='ocrx_word' id='word_1_227' title='bbox 2297 1673 2483 1713; x_wconf 85' lang='lat' dir='ltr'><strong>curam</strong></span> <span class='ocrx_word' id='word_1_228' title='bbox 2511 1662 2727 1720; x_wconf 85' lang='lat' dir='ltr'><strong>Atticus</strong></span> <span class='ocrx_word' id='word_1_229' title='bbox 2749 1670 2940 1737; x_wconf 90' lang='lat' dir='ltr'><strong>gessit.</strong></span> <span class='ocrx_word' id='word_1_230' title='bbox 2973 1673 3174 1730; x_wconf 85' lang='lat' dir='ltr'><strong>Verum</strong></span> <span class='ocrx_word' id='word_1_231' title='bbox 3209 1679 3301 1735; x_wconf 87' lang='lat' dir='ltr'><strong>ille</strong></span> <span class='ocrx_word' id='word_1_232' title='bbox 3329 1699 3467 1750; x_wconf 85' lang='lat' dir='ltr'><strong>quo-</strong></span> 
     </span>
    </p>
   </div>
   <div class='ocr_carea' id='block_1_33' title="bbox 1885 1752 3462 1838">
    <p class='ocr_par' dir='ltr' id='par_1_33' title="bbox 1885 1752 3462 1838">
     <span class='ocr_line' id='line_1_34' title="bbox 1885 1752 3462 1838; baseline 0.025 -46"><span class='ocrx_word' id='word_1_233' title='bbox 1885 1756 1992 1809; x_wconf 90' lang='lat' dir='ltr'><strong>que</strong></span> <span class='ocrx_word' id='word_1_234' title='bbox 2064 1753 2124 1796; x_wconf 84' lang='lat' dir='ltr'><strong>ut</strong></span> <span class='ocrx_word' id='word_1_235' title='bbox 2195 1752 2564 1816; x_wconf 88' lang='lat' dir='ltr'><strong>quorumdam</strong></span> <span class='ocrx_word' id='word_1_236' title='bbox 2633 1763 3086 1827; x_wconf 85' lang='lat' dir='ltr'><strong>superstitionem</strong></span> <span class='ocrx_word' id='word_1_237' title='bbox 3162 1773 3462 1838; x_wconf 86' lang='lat' dir='ltr'><strong>minueret.</strong></span> 
     </span>
    </p>
   </div>
   <div class='ocr_carea' id='block_1_34' title="bbox 205 1803 1757 1922">
    <p class='ocr_par' dir='ltr' id='par_1_34' title="bbox 205 1805 1757 1922">
     <span class='ocr_line' id='line_1_35' title="bbox 205 1805 1757 1900; baseline 0.021 -44"><span class='ocrx_word' id='word_1_238' title='bbox 205 1805 262 1857; x_wconf 80' lang='grc' dir='ltr'>δὲ</span> <span class='ocrx_word' id='word_1_239' title='bbox 290 1807 426 1860; x_wconf 77' lang='grc' dir='ltr'>ἀλλὰ</span> <span class='ocrx_word' id='word_1_240' title='bbox 459 1812 554 1862; x_wconf 74' lang='grc' dir='ltr'><strong>καὶ</strong></span> <span class='ocrx_word' id='word_1_241' title='bbox 585 1813 684 1876; x_wconf 80' lang='grc' dir='ltr'><strong>τάς</strong></span> <span class='ocrx_word' id='word_1_242' title='bbox 710 1833 879 1870; x_wconf 88' lang='grc' dir='ltr'>τινων</span> <span class='ocrx_word' id='word_1_243' title='bbox 920 1820 1356 1894; x_wconf 74' lang='grc' dir='ltr'>δεισιδαιμονίας</span> <span class='ocrx_word' id='word_1_244' title='bbox 1403 1834 1534 1900; x_wconf 79' lang='grc' dir='ltr'>περὶ</span> <span class='ocrx_word' id='word_1_245' title='bbox 1574 1833 1757 1888; x_wconf 86' lang='grc' dir='ltr'>πολλοὶ</span> 
     </span>
     <span class='ocr_line' id='line_1_36' title="bbox 213 1901 1242 1922; baseline 0.02 -10"><span class='ocrx_word' id='word_1_246' title='bbox 213 1901 255 1922; x_wconf 19' lang='grc' dir='ltr'>,Α</span> <span class='ocrx_word' id='word_1_247' title='bbox 268 1920 273 1922; x_wconf 96' lang='lat'>_</span> <span class='ocrx_word' id='word_1_248' title='bbox 287 1919 307 1922; x_wconf 78' lang='lat'><strong><em>_</em></strong></span> <span class='ocrx_word' id='word_1_249' title='bbox 325 1919 374 1922; x_wconf 24' lang='grc' dir='ltr'>,ί</span> <span class='ocrx_word' id='word_1_250' title='bbox 395 1902 431 1922; x_wconf 16' lang='grc' dir='ltr'><strong>..Α</strong></span> <span class='ocrx_word' id='word_1_251' title='bbox 446 1905 462 1922; x_wconf 73' lang='grc'><strong>,</strong></span> <span class='ocrx_word' id='word_1_252' title='bbox 696 1908 709 1922; x_wconf 89' lang='grc'><strong><em>,</em></strong></span> <span class='ocrx_word' id='word_1_253' title='bbox 920 1915 934 1922; x_wconf 92' lang='grc'><strong>-</strong></span> <span class='ocrx_word' id='word_1_254' title='bbox 1077 1919 1097 1922; x_wconf 90' lang='grc'><strong>-</strong></span> <span class='ocrx_word' id='word_1_255' title='bbox 1238 1921 1242 1922; x_wconf 44' lang='grc' dir='ltr'><strong>κ</strong></span> 
     </span>
    </p>
   </div>
   <div class='ocr_carea' id='block_1_35' title="bbox 1863 1803 3459 1922">
    <p class='ocr_par' dir='ltr' id='par_1_35' title="bbox 1883 1803 3459 1922">
     <span class='ocr_line' id='line_1_37' title="bbox 1901 1803 3459 1838; baseline 0.027 -48"><span class='ocrx_word' id='word_1_256' title='bbox 1901 1803 1917 1809; x_wconf 83' lang='lat'>_</span> <span class='ocrx_word' id='word_1_257' title='bbox 2215 1803 2226 1816; x_wconf 53' lang='grc' dir='ltr'>ι</span> <span class='ocrx_word' id='word_1_258' title='bbox 2403 1803 2412 1804; x_wconf 57' lang='lat'><strong><em>,</em></strong></span> <span class='ocrx_word' id='word_1_259' title='bbox 2453 1803 2564 1807; x_wconf 40' lang='lat' dir='ltr'>_ﬁ___</span> <span class='ocrx_word' id='word_1_260' title='bbox 2633 1803 3086 1827; x_wconf 62' lang='lat' dir='ltr'><strong>_...r-.....uuuu.u</strong></span> <span class='ocrx_word' id='word_1_261' title='bbox 3162 1803 3459 1838; x_wconf 72' lang='lat' dir='ltr'><strong>ulluulcrct.</strong></span> 
     </span>
     <span class='ocr_line' id='line_1_38' title="bbox 1883 1844 3459 1922; baseline 0.024 -38"><span class='ocrx_word' id='word_1_262' title='bbox 1883 1849 2215 1905; x_wconf 70' lang='lat' dir='ltr'><strong>magnopere</strong></span> <span class='ocrx_word' id='word_1_263' title='bbox 2265 1844 2497 1897; x_wconf 75' lang='lat' dir='ltr'><strong>curavit.</strong></span> <span class='ocrx_word' id='word_1_264' title='bbox 2549 1845 2782 1905; x_wconf 87' lang='lat' dir='ltr'><strong>Etcum</strong></span> <span class='ocrx_word' id='word_1_265' title='bbox 2835 1854 3082 1912; x_wconf 86' lang='lat' dir='ltr'><strong>audisset</strong></span> <span class='ocrx_word' id='word_1_266' title='bbox 3133 1861 3459 1922; x_wconf 87' lang='lat' dir='ltr'><strong>Sabbatium</strong></span> 
     </span>
    </p>
   </div>
   <div class='ocr_carea' id='block_1_36' title="bbox 207 1901 1778 1997">
    <p class='ocr_par' dir='ltr' id='par_1_36' title="bbox 207 1901 1778 1997">
     <span class='ocr_line' id='line_1_39' title="bbox 207 1901 1778 1997; baseline 0.02 -45"><span class='ocrx_word' id='word_1_267' title='bbox 207 1901 560 1958; x_wconf 64' lang='grc' dir='ltr'>ἀναστέλλειν</span> <span class='ocrx_word' id='word_1_268' title='bbox 603 1908 866 1975; x_wconf 85' lang='grc' dir='ltr'>πρόνοιαν</span> <span class='ocrx_word' id='word_1_269' title='bbox 917 1915 1178 1971; x_wconf 76' lang='grc' dir='ltr'>ἐποιεῖτο.</span> <span class='ocrx_word' id='word_1_270' title='bbox 1231 1921 1346 1975; x_wconf 73' lang='grc' dir='ltr'><strong>Καὶ</strong></span> <span class='ocrx_word' id='word_1_271' title='bbox 1376 1921 1440 1992; x_wconf 80' lang='grc' dir='ltr'><strong>δὴ</strong></span> <span class='ocrx_word' id='word_1_272' title='bbox 1471 1926 1778 1997; x_wconf 86' lang='grc' dir='ltr'>πυθόμενος</span> 
     </span>
    </p>
   </div>
   <div class='ocr_carea' id='block_1_37' title="bbox 205 1993 1775 2094">
    <p class='ocr_par' dir='ltr' id='par_1_37' title="bbox 205 1993 1775 2094">
     <span class='ocr_line' id='line_1_40' title="bbox 205 1993 1775 2094; baseline 0.022 -52"><span class='ocrx_word' id='word_1_273' title='bbox 205 1993 511 2049; x_wconf 76' lang='grc' dir='ltr'>Σαϐϐάτιον</span> <span class='ocrx_word' id='word_1_274' title='bbox 561 2001 812 2066; x_wconf 86' lang='grc' dir='ltr'>ἐκεῖνον,</span> <span class='ocrx_word' id='word_1_275' title='bbox 866 2003 926 2068; x_wconf 78' lang='grc' dir='ltr'>ὃς</span> <span class='ocrx_word' id='word_1_276' title='bbox 975 2008 1062 2061; x_wconf 80' lang='grc' dir='ltr'>διὰ</span> <span class='ocrx_word' id='word_1_277' title='bbox 1119 2011 1179 2062; x_wconf 83' lang='grc' dir='ltr'>τὸ</span> <span class='ocrx_word' id='word_1_278' title='bbox 1235 2013 1530 2070; x_wconf 68' lang='grc' dir='ltr'>Ίουδαῖκὸν</span> <span class='ocrx_word' id='word_1_279' title='bbox 1582 1993 1775 2094; x_wconf 69' lang='grc' dir='ltr'>Πάσχα</span> 
     </span>
    </p>
   </div>
   <div class='ocr_carea' id='block_1_38' title="bbox 204 2087 1776 2178">
    <p class='ocr_par' dir='ltr' id='par_1_38' title="bbox 204 2087 1776 2178">
     <span class='ocr_line' id='line_1_41' title="bbox 204 2087 1776 2178; baseline 0.024 -45"><span class='ocrx_word' id='word_1_280' title='bbox 204 2087 304 2154; x_wconf 80' lang='grc' dir='ltr'><strong>τῆς</strong></span> <span class='ocrx_word' id='word_1_281' title='bbox 339 2087 450 2138; x_wconf 86' lang='grc' dir='ltr'><strong>τῶν</strong></span> <span class='ocrx_word' id='word_1_282' title='bbox 491 2089 858 2148; x_wconf 84' lang='grc' dir='ltr'>Ναυατιανῶν</span> <span class='ocrx_word' id='word_1_283' title='bbox 899 2098 1199 2170; x_wconf 78' lang='grc' dir='ltr'>ἐκκλησίας</span> <span class='ocrx_word' id='word_1_284' title='bbox 1244 2107 1605 2178; x_wconf 74' lang='grc' dir='ltr'>ἀπορραγεὶς,</span> <span class='ocrx_word' id='word_1_285' title='bbox 1639 2115 1776 2170; x_wconf 86' lang='grc' dir='ltr'>ίδίαν</span> 
     </span>
    </p>
   </div>
   <div class='ocr_carea' id='block_1_39' title="bbox 199 2181 1772 2272">
    <p class='ocr_par' dir='ltr' id='par_1_39' title="bbox 199 2181 1772 2272">
     <span class='ocr_line' id='line_1_42' title="bbox 199 2181 1772 2272; baseline 0.021 -44"><span class='ocrx_word' id='word_1_286' title='bbox 199 2181 574 2249; x_wconf 80' lang='grc' dir='ltr'>συνεστήσατο</span> <span class='ocrx_word' id='word_1_287' title='bbox 623 2186 904 2257; x_wconf 80' lang='grc' dir='ltr'>ποίμνην,</span> <span class='ocrx_word' id='word_1_288' title='bbox 958 2192 1050 2245; x_wconf 82' lang='grc' dir='ltr'>τὸν</span> <span class='ocrx_word' id='word_1_289' title='bbox 1094 2195 1211 2263; x_wconf 87' lang='grc' dir='ltr'>βίον</span> <span class='ocrx_word' id='word_1_290' title='bbox 1265 2200 1324 2252; x_wconf 86' lang='grc' dir='ltr'><strong>ἐν</strong></span> <span class='ocrx_word' id='word_1_291' title='bbox 1360 2201 1527 2272; x_wconf 81' lang='grc' dir='ltr'>Ῥόδῳ</span> <span class='ocrx_word' id='word_1_292' title='bbox 1579 2206 1772 2260; x_wconf 85' lang='grc' dir='ltr'>ἀπολι-</span> 
     </span>
    </p>
   </div>
   <div class='ocr_carea' id='block_1_40' title="bbox 199 2267 1767 2354">
    <p class='ocr_par' dir='ltr' id='par_1_40' title="bbox 199 2267 1767 2354">
     <span class='ocr_line' id='line_1_43' title="bbox 199 2267 1767 2354; baseline 0.021 -38"><span class='ocrx_word' id='word_1_293' title='bbox 199 2267 376 2319; x_wconf 81' lang='grc' dir='ltr'>πόντα</span> <span class='ocrx_word' id='word_1_294' title='bbox 397 2285 414 2300; x_wconf 78' lang='grc' dir='ltr'><strong><em>ο</em></strong></span> <span class='ocrx_word' id='word_1_295' title='bbox 452 2271 630 2324; x_wconf 81' lang='grc' dir='ltr'>ἐκεῖσε</span> <span class='ocrx_word' id='word_1_296' title='bbox 661 2280 768 2345; x_wconf 84' lang='grc' dir='ltr'><strong>γάρ</strong></span> <span class='ocrx_word' id='word_1_297' title='bbox 815 2277 1109 2349; x_wconf 79' lang='grc' dir='ltr'>ὑπερόριος</span> <span class='ocrx_word' id='word_1_298' title='bbox 1148 2287 1444 2354; x_wconf 86' lang='grc' dir='ltr'>γενόμενος</span> <span class='ocrx_word' id='word_1_299' title='bbox 1478 2291 1767 2348; x_wconf 71' lang='grc' dir='ltr'>ἐτελεύταο</span> 
     </span>
    </p>
   </div>
   <div class='ocr_carea' id='block_1_41' title="bbox 195 2358 1769 2456">
    <p class='ocr_par' dir='ltr' id='par_1_41' title="bbox 195 2358 1769 2456">
     <span class='ocr_line' id='line_1_44' title="bbox 195 2358 1769 2456; baseline 0.021 -46"><span class='ocrx_word' id='word_1_300' title='bbox 195 2358 298 2410; x_wconf 76' lang='grc' dir='ltr'><strong>καὶ</strong></span> <span class='ocrx_word' id='word_1_301' title='bbox 331 2359 437 2412; x_wconf 73' lang='grc' dir='ltr'>ὑπὸ</span> <span class='ocrx_word' id='word_1_302' title='bbox 465 2365 559 2415; x_wconf 83' lang='grc' dir='ltr'>τοῦ</span> <span class='ocrx_word' id='word_1_303' title='bbox 593 2365 724 2418; x_wconf 83' lang='grc' dir='ltr'>ίδίου</span> <span class='ocrx_word' id='word_1_304' title='bbox 761 2374 1106 2438; x_wconf 79' lang='grc' dir='ltr'>συστήματος</span> <span class='ocrx_word' id='word_1_305' title='bbox 1136 2377 1352 2432; x_wconf 85' lang='grc' dir='ltr'>ἐκεῖθεν</span> <span class='ocrx_word' id='word_1_306' title='bbox 1390 2382 1484 2436; x_wconf 80' lang='grc' dir='ltr'>τοῦ</span> <span class='ocrx_word' id='word_1_307' title='bbox 1516 2386 1769 2456; x_wconf 85' lang='grc' dir='ltr'>σώματος</span> 
     </span>
    </p>
   </div>
   <div class='ocr_carea' id='block_1_42' title="bbox 199 2456 1767 2553">
    <p class='ocr_par' dir='ltr' id='par_1_42' title="bbox 199 2456 1767 2553">
     <span class='ocr_line' id='line_1_45' title="bbox 199 2456 1767 2553; baseline 0.023 -52"><span class='ocrx_word' id='word_1_308' title='bbox 199 2456 727 2524; x_wconf 83' lang='grc' dir='ltr'>μετακομισθέντος.</span> <span class='ocrx_word' id='word_1_309' title='bbox 791 2464 922 2532; x_wconf 77' lang='grc' dir='ltr'>περὶ</span> <span class='ocrx_word' id='word_1_310' title='bbox 969 2465 1058 2521; x_wconf 77' lang='grc' dir='ltr'>τὸν</span> <span class='ocrx_word' id='word_1_311' title='bbox 1120 2472 1331 2526; x_wconf 86' lang='grc' dir='ltr'>ἐκείνου</span> <span class='ocrx_word' id='word_1_312' title='bbox 1380 2479 1553 2546; x_wconf 80' lang='grc' dir='ltr'>τάφον</span> <span class='ocrx_word' id='word_1_313' title='bbox 1601 2484 1767 2553; x_wconf 73' lang='grc' dir='ltr'>εὐχὰς</span> 
     </span>
    </p>
   </div>
   <div class='ocr_carea' id='block_1_43' title="bbox 191 2548 1766 2648">
    <p class='ocr_par' dir='ltr' id='par_1_43' title="bbox 191 2548 1766 2648">
     <span class='ocr_line' id='line_1_46' title="bbox 191 2548 1766 2648; baseline 0.024 -53"><span class='ocrx_word' id='word_1_314' title='bbox 191 2548 388 2613; x_wconf 83' lang='grc' dir='ltr'>ποιεῖν,</span> <span class='ocrx_word' id='word_1_315' title='bbox 418 2550 513 2602; x_wconf 78' lang='grc' dir='ltr'><strong>καὶ</strong></span> <span class='ocrx_word' id='word_1_316' title='bbox 548 2551 625 2614; x_wconf 85' lang='grc' dir='ltr'>ὡς</span> <span class='ocrx_word' id='word_1_317' title='bbox 656 2555 800 2623; x_wconf 82' lang='grc' dir='ltr'>ἁγίῳ</span> <span class='ocrx_word' id='word_1_318' title='bbox 828 2557 992 2625; x_wconf 78' lang='grc' dir='ltr'>δῆθεν</span> <span class='ocrx_word' id='word_1_319' title='bbox 1017 2562 1075 2613; x_wconf 79' lang='grc' dir='ltr'><strong>τὸ</strong></span> <span class='ocrx_word' id='word_1_320' title='bbox 1105 2564 1267 2629; x_wconf 77' lang='grc' dir='ltr'>σέϐας</span> <span class='ocrx_word' id='word_1_321' title='bbox 1301 2569 1508 2637; x_wconf 82' lang='grc' dir='ltr'>νέμειν,</span> <span class='ocrx_word' id='word_1_322' title='bbox 1550 2548 1766 2648; x_wconf 72' lang='grc' dir='ltr'>νύκτιυρ</span> 
     </span>
    </p>
   </div>
   <div class='ocr_carea' id='block_1_44' title="bbox 190 2637 1766 2737">
    <p class='ocr_par' dir='ltr' id='par_1_44' title="bbox 190 2637 1766 2737">
     <span class='ocr_line' id='line_1_47' title="bbox 190 2637 1766 2737; baseline 0.023 -52"><span class='ocrx_word' id='word_1_323' title='bbox 190 2637 349 2698; x_wconf 84' lang='grc' dir='ltr'>τινάς</span> <span class='ocrx_word' id='word_1_324' title='bbox 380 2637 712 2706; x_wconf 75' lang='grc' dir='ltr'>ἀποστείλας</span> <span class='ocrx_word' id='word_1_325' title='bbox 738 2688 753 2711; x_wconf 88' lang='grc'><strong>,</strong></span> <span class='ocrx_word' id='word_1_326' title='bbox 790 2649 851 2699; x_wconf 81' lang='grc' dir='ltr'><strong>τὸ</strong></span> <span class='ocrx_word' id='word_1_327' title='bbox 901 2649 1208 2708; x_wconf 88' lang='grc' dir='ltr'>Σαϐϐατίου</span> <span class='ocrx_word' id='word_1_328' title='bbox 1242 2659 1406 2728; x_wconf 87' lang='grc' dir='ltr'>σῶμα</span> <span class='ocrx_word' id='word_1_329' title='bbox 1453 2665 1532 2726; x_wconf 87' lang='grc' dir='ltr'><strong>είς</strong></span> <span class='ocrx_word' id='word_1_330' title='bbox 1575 2637 1766 2737; x_wconf 67' lang='grc' dir='ltr'>ἕτερον</span> 
     </span>
    </p>
   </div>
   <div class='ocr_carea' id='block_1_45' title="bbox 188 2723 1764 2816">
    <p class='ocr_par' dir='ltr' id='par_1_45' title="bbox 188 2723 1764 2816">
     <span class='ocr_line' id='line_1_48' title="bbox 188 2723 1764 2816; baseline 0.023 -41"><span class='ocrx_word' id='word_1_331' title='bbox 188 2723 356 2779; x_wconf 85' lang='grc' dir='ltr'>τόπον</span> <span class='ocrx_word' id='word_1_332' title='bbox 385 2726 644 2786; x_wconf 74' lang='grc' dir='ltr'>ἔθαπτεν.</span> <span class='ocrx_word' id='word_1_333' title='bbox 675 2736 736 2788; x_wconf 85' lang='lat' dir='ltr'><strong>Oi</strong></span> <span class='ocrx_word' id='word_1_334' title='bbox 770 2736 827 2789; x_wconf 81' lang='grc' dir='ltr'>δὲ</span> <span class='ocrx_word' id='word_1_335' title='bbox 857 2741 988 2808; x_wconf 75' lang='grc' dir='ltr'>περὶ</span> <span class='ocrx_word' id='word_1_336' title='bbox 1038 2745 1200 2798; x_wconf 76' lang='grc' dir='ltr'>αὐτὸν</span> <span class='ocrx_word' id='word_1_337' title='bbox 1243 2723 1527 2816; x_wconf 50' lang='grc' dir='ltr'>ἐλθόντες,</span> <span class='ocrx_word' id='word_1_338' title='bbox 1551 2759 1644 2809; x_wconf 88' lang='grc' dir='ltr'><strong>καὶ</strong></span> <span class='ocrx_word' id='word_1_339' title='bbox 1669 2723 1764 2810; x_wconf 60' lang='grc' dir='ltr'>τὸν</span> 
     </span>
    </p>
   </div>
   <div class='ocr_carea' id='block_1_46' title="bbox 188 2819 1763 2904">
    <p class='ocr_par' dir='ltr' id='par_1_46' title="bbox 188 2819 1763 2904">
     <span class='ocr_line' id='line_1_49' title="bbox 188 2819 1763 2904; baseline 0.023 -36"><span class='ocrx_word' id='word_1_340' title='bbox 188 2819 366 2888; x_wconf 69' lang='grc' dir='ltr'>τάφον</span> <span class='ocrx_word' id='word_1_341' title='bbox 416 2821 815 2895; x_wconf 83' lang='grc' dir='ltr'>ὀρωρυγμένον</span> <span class='ocrx_word' id='word_1_342' title='bbox 870 2832 1148 2902; x_wconf 77' lang='grc' dir='ltr'>εὑρόντες,</span> <span class='ocrx_word' id='word_1_343' title='bbox 1193 2839 1290 2894; x_wconf 83' lang='grc' dir='ltr'><strong>τοῦ</strong></span> <span class='ocrx_word' id='word_1_344' title='bbox 1340 2842 1528 2898; x_wconf 76' lang='grc' dir='ltr'>λοιποῦ</span> <span class='ocrx_word' id='word_1_345' title='bbox 1581 2850 1763 2904; x_wconf 78' lang='grc' dir='ltr'>σέϐειν</span> 
     </span>
    </p>
   </div>
   <div class='ocr_carea' id='block_1_47' title="bbox 181 2911 1761 2997">
    <p class='ocr_par' dir='ltr' id='par_1_47' title="bbox 181 2911 1761 2997">
     <span class='ocr_line' id='line_1_50' title="bbox 181 2911 1761 2997; baseline 0.02 -35"><span class='ocrx_word' id='word_1_346' title='bbox 181 2911 286 2964; x_wconf 75' lang='grc' dir='ltr'><strong>καὶ</strong></span> <span class='ocrx_word' id='word_1_347' title='bbox 317 2911 739 2986; x_wconf 75' lang='grc' dir='ltr'>δεισιδαιμονεῖν</span> <span class='ocrx_word' id='word_1_348' title='bbox 786 2926 913 2993; x_wconf 72' lang='grc' dir='ltr'>περὶ</span> <span class='ocrx_word' id='word_1_349' title='bbox 953 2925 1046 2979; x_wconf 77' lang='grc' dir='ltr'><strong>τὸν</strong></span> <span class='ocrx_word' id='word_1_350' title='bbox 1093 2929 1266 2997; x_wconf 73' lang='grc' dir='ltr'>τάφον</span> <span class='ocrx_word' id='word_1_351' title='bbox 1307 2934 1596 2994; x_wconf 83' lang='grc' dir='ltr'>ἐπαύοντο.</span> <span class='ocrx_word' id='word_1_352' title='bbox 1623 2942 1761 2994; x_wconf 88' lang='grc' dir='ltr'>Λίαν</span> 
     </span>
    </p>
   </div>
   <div class='ocr_carea' id='block_1_48' title="bbox 184 3004 1758 3102">
    <p class='ocr_par' dir='ltr' id='par_1_48' title="bbox 184 3004 1758 3102">
     <span class='ocr_line' id='line_1_51' title="bbox 184 3004 1758 3102; baseline 0.02 -47"><span class='ocrx_word' id='word_1_353' title='bbox 184 3004 242 3057; x_wconf 84' lang='grc' dir='ltr'><strong>δέ</strong></span> <span class='ocrx_word' id='word_1_354' title='bbox 277 3008 369 3059; x_wconf 79' lang='grc' dir='ltr'><strong>καὶ</strong></span> <span class='ocrx_word' id='word_1_355' title='bbox 398 3008 690 3075; x_wconf 76' lang='grc' dir='ltr'>φιλόκαλος</span> <span class='ocrx_word' id='word_1_356' title='bbox 748 3013 993 3084; x_wconf 87' lang='grc' dir='ltr'>ἐγεγόνει</span> <span class='ocrx_word' id='word_1_357' title='bbox 1028 3023 1157 3090; x_wconf 78' lang='grc' dir='ltr'>περὶ</span> <span class='ocrx_word' id='word_1_358' title='bbox 1204 3023 1306 3089; x_wconf 88' lang='grc' dir='ltr'>τὰς</span> <span class='ocrx_word' id='word_1_359' title='bbox 1335 3028 1443 3082; x_wconf 90' lang='grc' dir='ltr'><strong>τῶν</strong></span> <span class='ocrx_word' id='word_1_360' title='bbox 1471 3031 1758 3102; x_wconf 84' lang='grc' dir='ltr'>ὀνομάτων</span> 
     </span>
    </p>
   </div>
   <div class='ocr_carea' id='block_1_49' title="bbox 183 3095 1755 3194">
    <p class='ocr_par' dir='ltr' id='par_1_49' title="bbox 183 3095 1755 3194">
     <span class='ocr_line' id='line_1_52' title="bbox 183 3095 1755 3194; baseline 0.021 -46"><span class='ocrx_word' id='word_1_361' title='bbox 183 3095 392 3162; x_wconf 77' lang='grc' dir='ltr'>Θέσεις,</span> <span class='ocrx_word' id='word_1_362' title='bbox 426 3100 703 3173; x_wconf 80' lang='grc' dir='ltr'>εὐστόχως</span> <span class='ocrx_word' id='word_1_363' title='bbox 727 3104 898 3171; x_wconf 77' lang='grc' dir='ltr'>αὐτὰς</span> <span class='ocrx_word' id='word_1_364' title='bbox 927 3112 1221 3176; x_wconf 83' lang='grc' dir='ltr'>συντιθείς.</span> <span class='ocrx_word' id='word_1_365' title='bbox 1244 3119 1380 3188; x_wconf 82' lang='grc' dir='ltr'>Περὶ</span> <span class='ocrx_word' id='word_1_366' title='bbox 1403 3122 1513 3194; x_wconf 85' lang='grc' dir='ltr'>γὰρ</span> <span class='ocrx_word' id='word_1_367' title='bbox 1535 3095 1595 3177; x_wconf 71' lang='grc' dir='ltr'><strong>τδ</strong></span> <span class='ocrx_word' id='word_1_368' title='bbox 1615 3131 1755 3182; x_wconf 84' lang='grc' dir='ltr'>κατὰ</span> 
     </span>
    </p>
   </div>
   <div class='ocr_carea' id='block_1_50' title="bbox 183 3186 1754 3283">
    <p class='ocr_par' dir='ltr' id='par_1_50' title="bbox 183 3186 1754 3283">
     <span class='ocr_line' id='line_1_53' title="bbox 183 3186 1754 3283; baseline 0.023 -45"><span class='ocrx_word' id='word_1_369' title='bbox 183 3186 277 3239; x_wconf 79' lang='grc' dir='ltr'><strong>τὺν</strong></span> <span class='ocrx_word' id='word_1_370' title='bbox 323 3188 582 3255; x_wconf 80' lang='grc' dir='ltr'>Εὔξεινον</span> <span class='ocrx_word' id='word_1_371' title='bbox 639 3196 837 3251; x_wconf 86' lang='grc' dir='ltr'>πόντον</span> <span class='ocrx_word' id='word_1_372' title='bbox 895 3203 1084 3257; x_wconf 73' lang='grc' dir='ltr'>στενὸν</span> <span class='ocrx_word' id='word_1_373' title='bbox 1146 3208 1211 3259; x_wconf 84' lang='grc' dir='ltr'><strong>ού</strong></span> <span class='ocrx_word' id='word_1_374' title='bbox 1266 3211 1456 3283; x_wconf 76' lang='grc' dir='ltr'>πόρρω</span> <span class='ocrx_word' id='word_1_375' title='bbox 1516 3234 1618 3270; x_wconf 91' lang='grc' dir='ltr'><strong>που</strong></span> <span class='ocrx_word' id='word_1_376' title='bbox 1659 3220 1754 3274; x_wconf 81' lang='grc' dir='ltr'>τοῦ</span> 
     </span>
    </p>
   </div>
   <div class='ocr_carea' id='block_1_51' title="bbox 180 3280 1753 3378">
    <p class='ocr_par' dir='ltr' id='par_1_51' title="bbox 180 3280 1753 3378">
     <span class='ocr_line' id='line_1_54' title="bbox 180 3280 1753 3378; baseline 0.023 -47"><span class='ocrx_word' id='word_1_377' title='bbox 180 3280 429 3335; x_wconf 72' lang='grc' dir='ltr'>ἁνάπλου</span> <span class='ocrx_word' id='word_1_378' title='bbox 477 3285 720 3342; x_wconf 79' lang='grc' dir='ltr'>ἐπίνειον</span> <span class='ocrx_word' id='word_1_379' title='bbox 756 3285 846 3360; x_wconf 82' lang='grc' dir='ltr'>ἦν,</span> <span class='ocrx_word' id='word_1_380' title='bbox 889 3291 917 3344; x_wconf 82' lang='grc' dir='ltr'><strong>ὅ</strong></span> <span class='ocrx_word' id='word_1_381' title='bbox 975 3297 1193 3366; x_wconf 82' lang='grc' dir='ltr'>ἀρχαῖοι</span> <span class='ocrx_word' id='word_1_382' title='bbox 1222 3280 1418 3374; x_wconf 83' lang='grc' dir='ltr'>ἄνδρες</span> <span class='ocrx_word' id='word_1_383' title='bbox 1449 3308 1753 3378; x_wconf 81' lang='grc' dir='ltr'>Φαρμακέα</span> 
     </span>
    </p>
   </div>
   <div class='ocr_carea' id='block_1_52' title="bbox 179 3373 1753 3474">
    <p class='ocr_par' dir='ltr' id='par_1_52' title="bbox 179 3373 1753 3474">
     <span class='ocr_line' id='line_1_55' title="bbox 179 3373 1753 3474; baseline 0.022 -50"><span class='ocrx_word' id='word_1_384' title='bbox 179 3373 441 3430; x_wconf 79' lang='grc' dir='ltr'>ἐκάλουν.</span> <span class='ocrx_word' id='word_1_385' title='bbox 483 3378 726 3446; x_wconf 84' lang='grc' dir='ltr'>Ἐκεῖνος</span> <span class='ocrx_word' id='word_1_386' title='bbox 755 3384 802 3436; x_wconf 79' lang='grc' dir='ltr'>δ’</span> <span class='ocrx_word' id='word_1_387' title='bbox 837 3386 1017 3440; x_wconf 78' lang='grc' dir='ltr'>ἐκεῖσε</span> <span class='ocrx_word' id='word_1_388' title='bbox 1065 3392 1166 3456; x_wconf 80' lang='grc' dir='ltr'>τὰς</span> <span class='ocrx_word' id='word_1_389' title='bbox 1198 3373 1452 3462; x_wconf 79' lang='grc' dir='ltr'>συνάξεις</span> <span class='ocrx_word' id='word_1_390' title='bbox 1485 3373 1753 3474; x_wconf 76' lang='grc' dir='ltr'>ποιούμε-</span> 
     </span>
    </p>
   </div>
   <div class='ocr_carea' id='block_1_53' title="bbox 176 3462 1752 3559">
    <p class='ocr_par' dir='ltr' id='par_1_53' title="bbox 176 3462 1752 3559">
     <span class='ocr_line' id='line_1_56' title="bbox 176 3462 1752 3559; baseline 0.022 -47"><span class='ocrx_word' id='word_1_391' title='bbox 176 3477 289 3525; x_wconf 84' lang='grc' dir='ltr'>νος,</span> <span class='ocrx_word' id='word_1_392' title='bbox 331 3462 419 3518; x_wconf 74' lang='grc' dir='ltr'>ἵνα</span> <span class='ocrx_word' id='word_1_393' title='bbox 465 3465 542 3538; x_wconf 82' lang='grc' dir='ltr'>μὴ</span> <span class='ocrx_word' id='word_1_394' title='bbox 573 3467 843 3542; x_wconf 84' lang='grc' dir='ltr'>δυσφήμῳ</span> <span class='ocrx_word' id='word_1_395' title='bbox 871 3474 1101 3544; x_wconf 79' lang='grc' dir='ltr'>ὀνόματι</span> <span class='ocrx_word' id='word_1_396' title='bbox 1129 3482 1350 3536; x_wconf 80' lang='grc' dir='ltr'>καλοῖτο</span> <span class='ocrx_word' id='word_1_397' title='bbox 1390 3489 1418 3539; x_wconf 90' lang='grc' dir='ltr'><strong>ό</strong></span> <span class='ocrx_word' id='word_1_398' title='bbox 1447 3462 1752 3559; x_wconf 35' lang='grc' dir='ltr'>χῶροςίείς</span> 
     </span>
    </p>
   </div>
   <div class='ocr_carea' id='block_1_54' title="bbox 176 3552 1753 3648">
    <p class='ocr_par' dir='ltr' id='par_1_54' title="bbox 176 3552 1753 3648">
     <span class='ocr_line' id='line_1_57' title="bbox 176 3552 1753 3648; baseline 0.022 -45"><span class='ocrx_word' id='word_1_399' title='bbox 176 3552 492 3622; x_wconf 86' lang='grc' dir='ltr'>Θεραπείαν</span> <span class='ocrx_word' id='word_1_400' title='bbox 539 3562 816 3627; x_wconf 87' lang='grc' dir='ltr'>μετετίθει</span> <span class='ocrx_word' id='word_1_401' title='bbox 870 3565 970 3634; x_wconf 81' lang='grc' dir='ltr'>τὴν</span> <span class='ocrx_word' id='word_1_402' title='bbox 1021 3570 1237 3638; x_wconf 80' lang='grc' dir='ltr'>κλῆσιν.</span> <span class='ocrx_word' id='word_1_403' title='bbox 1284 3575 1392 3628; x_wconf 80' lang='grc' dir='ltr'><strong>Καὶ</strong></span> <span class='ocrx_word' id='word_1_404' title='bbox 1426 3581 1753 3648; x_wconf 78' lang='grc' dir='ltr'>προάστειον</span> 
     </span>
    </p>
   </div>
   <div class='ocr_carea' id='block_1_55' title="bbox 175 3643 1752 3741">
    <p class='ocr_par' dir='ltr' id='par_1_55' title="bbox 175 3643 1752 3741">
     <span class='ocr_line' id='line_1_58' title="bbox 175 3643 1752 3741; baseline 0.022 -45"><span class='ocrx_word' id='word_1_405' title='bbox 175 3643 223 3696; x_wconf 87' lang='grc' dir='ltr'>δ’</span> <span class='ocrx_word' id='word_1_406' title='bbox 275 3646 467 3718; x_wconf 74' lang='grc' dir='ltr'>ἕτερον</span> <span class='ocrx_word' id='word_1_407' title='bbox 525 3651 829 3724; x_wconf 81' lang='grc' dir='ltr'>ἀντιπέραν</span> <span class='ocrx_word' id='word_1_408' title='bbox 883 3659 985 3727; x_wconf 80' lang='grc' dir='ltr'>τῆς</span> <span class='ocrx_word' id='word_1_409' title='bbox 1040 3661 1458 3723; x_wconf 83' lang='grc' dir='ltr'>Κωνσταντίνου</span> <span class='ocrx_word' id='word_1_410' title='bbox 1498 3672 1752 3741; x_wconf 83' lang='grc' dir='ltr'>κείμενον</span> 
     </span>
    </p>
   </div>
   <div class='ocr_carea' id='block_1_56' title="bbox 177 3738 1751 3840">
    <p class='ocr_par' dir='ltr' id='par_1_56' title="bbox 177 3738 1751 3840">
     <span class='ocr_line' id='line_1_59' title="bbox 177 3738 1751 3840; baseline 0.022 -51"><span class='ocrx_word' id='word_1_411' title='bbox 177 3738 581 3810; x_wconf 81' lang='grc' dir='ltr'>Ἀργυρόπολιν</span> <span class='ocrx_word' id='word_1_412' title='bbox 617 3749 1003 3820; x_wconf 82' lang='grc' dir='ltr'>μετωνόμαζε,</span> <span class='ocrx_word' id='word_1_413' title='bbox 1048 3760 1264 3812; x_wconf 83' lang='grc' dir='ltr'>τοιᾶσδε</span> <span class='ocrx_word' id='word_1_414' title='bbox 1313 3763 1492 3827; x_wconf 86' lang='grc' dir='ltr'>αίτίας</span> <span class='ocrx_word' id='word_1_415' title='bbox 1541 3738 1751 3840; x_wconf 72' lang='grc' dir='ltr'>ἡγησα-</span> 
     </span>
    </p>
   </div>
   <div class='ocr_carea' id='block_1_57' title="bbox 177 3832 1750 3921">
    <p class='ocr_par' dir='ltr' id='par_1_57' title="bbox 177 3832 1750 3921">
     <span class='ocr_line' id='line_1_60' title="bbox 177 3832 1750 3921; baseline 0.022 -40"><span class='ocrx_word' id='word_1_416' title='bbox 177 3832 375 3901; x_wconf 78' lang='grc' dir='ltr'>μένης.</span> <span class='ocrx_word' id='word_1_417' title='bbox 445 3835 798 3905; x_wconf 83' lang='grc' dir='ltr'>Χρυσόπολις</span> <span class='ocrx_word' id='word_1_418' title='bbox 855 3843 1093 3900; x_wconf 84' lang='grc' dir='ltr'>ἐπίνειον</span> <span class='ocrx_word' id='word_1_419' title='bbox 1145 3849 1375 3921; x_wconf 84' lang='grc' dir='ltr'>ἀρχαῖόν</span> <span class='ocrx_word' id='word_1_420' title='bbox 1439 3832 1646 3912; x_wconf 41' lang='grc' dir='ltr'>ἐστιν..</span> <span class='ocrx_word' id='word_1_421' title='bbox 1686 3864 1750 3915; x_wconf 89' lang='grc' dir='ltr'>Ὃ</span> 
     </span>
    </p>
   </div>
   <div class='ocr_carea' id='block_1_58' title="bbox 170 3925 1749 4020">
    <p class='ocr_par' dir='ltr' id='par_1_58' title="bbox 170 3925 1749 4020">
     <span class='ocr_line' id='line_1_61' title="bbox 170 3925 1749 4020; baseline 0.021 -46"><span class='ocrx_word' id='word_1_422' title='bbox 170 3925 356 3977; x_wconf 85' lang='grc' dir='ltr'>κεῖται</span> <span class='ocrx_word' id='word_1_423' title='bbox 421 3927 523 3995; x_wconf 89' lang='grc' dir='ltr'><strong>μέν</strong></span> <span class='ocrx_word' id='word_1_424' title='bbox 569 3930 626 3981; x_wconf 86' lang='grc' dir='ltr'><strong>ἐν</strong></span> <span class='ocrx_word' id='word_1_425' title='bbox 675 3932 816 4004; x_wconf 81' lang='grc' dir='ltr'>ἀρχῇ</span> <span class='ocrx_word' id='word_1_426' title='bbox 873 3936 971 3988; x_wconf 84' lang='grc' dir='ltr'>τοῦ</span> <span class='ocrx_word' id='word_1_427' title='bbox 1005 3939 1309 4011; x_wconf 89' lang='grc' dir='ltr'>Βοσπόρου,</span> <span class='ocrx_word' id='word_1_428' title='bbox 1358 3948 1659 4020; x_wconf 79' lang='grc' dir='ltr'>ἀντιπέραν</span> <span class='ocrx_word' id='word_1_429' title='bbox 1692 3955 1749 4007; x_wconf 75' lang='grc' dir='ltr'>δὲ</span> 
     </span>
    </p>
   </div>
   <div class='ocr_carea' id='block_1_59' title="bbox 163 4017 1750 4116">
    <p class='ocr_par' dir='ltr' id='par_1_59' title="bbox 163 4017 1750 4116">
     <span class='ocr_line' id='line_1_62' title="bbox 163 4017 1750 4116; baseline 0.019 -48"><span class='ocrx_word' id='word_1_430' title='bbox 163 4017 269 4084; x_wconf 81' lang='grc' dir='ltr'>τῆς</span> <span class='ocrx_word' id='word_1_431' title='bbox 310 4019 638 4085; x_wconf 80' lang='grc' dir='ltr'>Βυζαντίδος</span> <span class='ocrx_word' id='word_1_432' title='bbox 691 4025 827 4078; x_wconf 83' lang='grc' dir='ltr'>ἐστί.</span> <span class='ocrx_word' id='word_1_433' title='bbox 890 4027 1096 4083; x_wconf 84' lang='grc' dir='ltr'>Τούτου</span> <span class='ocrx_word' id='word_1_434' title='bbox 1142 4033 1200 4086; x_wconf 81' lang='grc' dir='ltr'>δὲ</span> <span class='ocrx_word' id='word_1_435' title='bbox 1255 4035 1441 4092; x_wconf 78' lang='grc' dir='ltr'>πολλοὶ</span> <span class='ocrx_word' id='word_1_436' title='bbox 1491 4017 1600 4096; x_wconf 86' lang='grc' dir='ltr'><strong>τῶν</strong></span> <span class='ocrx_word' id='word_1_437' title='bbox 1649 4046 1750 4116; x_wconf 87' lang='grc' dir='ltr'><strong>ἀρ-</strong></span> 
     </span>
    </p>
   </div>
   <div class='ocr_carea' id='block_1_60' title="bbox 163 4108 1746 4201">
    <p class='ocr_par' dir='ltr' id='par_1_60' title="bbox 163 4108 1746 4201">
     <span class='ocr_line' id='line_1_63' title="bbox 163 4108 1746 4201; baseline 0.02 -43"><span class='ocrx_word' id='word_1_438' title='bbox 163 4108 346 4176; x_wconf 78' lang='grc' dir='ltr'>χαίων</span> <span class='ocrx_word' id='word_1_439' title='bbox 408 4111 704 4180; x_wconf 76' lang='grc' dir='ltr'>ἱστορικῶν</span> <span class='ocrx_word' id='word_1_440' title='bbox 743 4115 1100 4188; x_wconf 80' lang='grc' dir='ltr'>μέμνηνται,</span> <span class='ocrx_word' id='word_1_441' title='bbox 1141 4123 1331 4196; x_wconf 79' lang='grc' dir='ltr'>ὥσπερ</span> <span class='ocrx_word' id='word_1_442' title='bbox 1395 4130 1656 4201; x_wconf 86' lang='grc' dir='ltr'>Στράϐων</span> <span class='ocrx_word' id='word_1_443' title='bbox 1689 4108 1746 4188; x_wconf 48' lang='grc' dir='ltr'>’ό</span> 
     </span>
    </p>
   </div>
   <div class='ocr_carea' id='block_1_61' title="bbox 163 4204 1745 4286">
    <p class='ocr_par' dir='ltr' id='par_1_61' title="bbox 163 4204 1745 4286">
     <span class='ocr_line' id='line_1_64' title="bbox 163 4204 1745 4286; baseline 0.02 -35"><span class='ocrx_word' id='word_1_444' title='bbox 163 4204 500 4271; x_wconf 77' lang='grc' dir='ltr'>γεωγράφος</span> <span class='ocrx_word' id='word_1_445' title='bbox 521 4244 535 4268; x_wconf 89' lang='grc'><strong>,</strong></span> <span class='ocrx_word' id='word_1_446' title='bbox 572 4205 842 4272; x_wconf 86' lang='grc' dir='ltr'>Νικόλαός</span> <span class='ocrx_word' id='word_1_447' title='bbox 888 4227 947 4264; x_wconf 87' lang='grc' dir='ltr'><strong>τε</strong></span> <span class='ocrx_word' id='word_1_448' title='bbox 988 4215 1015 4265; x_wconf 92' lang='lat'><strong>6</strong></span> <span class='ocrx_word' id='word_1_449' title='bbox 1049 4219 1410 4286; x_wconf 86' lang='grc' dir='ltr'>Δαμασκόθεν</span> <span class='ocrx_word' id='word_1_450' title='bbox 1438 4264 1452 4286; x_wconf 92' lang='grc'><strong>,</strong></span> <span class='ocrx_word' id='word_1_451' title='bbox 1485 4227 1580 4280; x_wconf 81' lang='grc' dir='ltr'>καὶ</span> <span class='ocrx_word' id='word_1_452' title='bbox 1606 4229 1633 4280; x_wconf 90' lang='lat'><strong>6</strong></span> <span class='ocrx_word' id='word_1_453' title='bbox 1675 4231 1745 4281; x_wconf 83' lang='grc' dir='ltr'>τὰ</span> 
     </span>
    </p>
   </div>
   <div class='ocr_carea' id='block_1_62' title="bbox 163 4293 1743 4384">
    <p class='ocr_par' dir='ltr' id='par_1_62' title="bbox 163 4293 1743 4384">
     <span class='ocr_line' id='line_1_65' title="bbox 163 4293 1743 4384; baseline 0.016 -36"><span class='ocrx_word' id='word_1_454' title='bbox 163 4293 360 4362; x_wconf 78' lang='grc' dir='ltr'>Κύρου</span> <span class='ocrx_word' id='word_1_455' title='bbox 393 4299 800 4369; x_wconf 82' lang='grc' dir='ltr'>συγγεγραφὼς</span> <span class='ocrx_word' id='word_1_456' title='bbox 836 4299 1058 4372; x_wconf 77' lang='grc' dir='ltr'>ἄριστα,</span> <span class='ocrx_word' id='word_1_457' title='bbox 1089 4309 1116 4360; x_wconf 90' lang='grc' dir='ltr'>ὁ</span> <span class='ocrx_word' id='word_1_458' title='bbox 1143 4309 1314 4375; x_wconf 83' lang='grc' dir='ltr'>πολὺς</span> <span class='ocrx_word' id='word_1_459' title='bbox 1357 4315 1413 4366; x_wconf 89' lang='grc' dir='ltr'><strong>ἐν</strong></span> <span class='ocrx_word' id='word_1_460' title='bbox 1445 4316 1622 4384; x_wconf 85' lang='grc' dir='ltr'>λόγων</span> <span class='ocrx_word' id='word_1_461' title='bbox 1651 4321 1743 4375; x_wconf 78' lang='grc' dir='ltr'>δυ-</span> 
     </span>
    </p>
   </div>
   <div class='ocr_carea' id='block_1_63' title="bbox 162 4387 1741 4475">
    <p class='ocr_par' dir='ltr' id='par_1_63' title="bbox 162 4387 1741 4475">
     <span class='ocr_line' id='line_1_66' title="bbox 162 4387 1741 4475; baseline 0.018 -37"><span class='ocrx_word' id='word_1_462' title='bbox 162 4387 354 4455; x_wconf 85' lang='grc' dir='ltr'>νάμει,</span> <span class='ocrx_word' id='word_1_463' title='bbox 404 4389 500 4442; x_wconf 69' lang='grc' dir='ltr'>καὶ</span> <span class='ocrx_word' id='word_1_464' title='bbox 549 4395 916 4466; x_wconf 77' lang='grc' dir='ltr'>συγγραφικῷ</span> <span class='ocrx_word' id='word_1_465' title='bbox 943 4403 1259 4472; x_wconf 82' lang='grc' dir='ltr'>χαρακτῆρι</span> <span class='ocrx_word' id='word_1_466' title='bbox 1293 4404 1611 4475; x_wconf 76' lang='grc' dir='ltr'>θαυμαστὸς</span> <span class='ocrx_word' id='word_1_467' title='bbox 1641 4412 1741 4465; x_wconf 89' lang='grc' dir='ltr'><strong>Ξε-</strong></span> 
     </span>
    </p>
   </div>
   <div class='ocr_carea' id='block_1_64' title="bbox 1881 1924 3462 2015">
    <p class='ocr_par' dir='ltr' id='par_1_64' title="bbox 1881 1924 3462 2015">
     <span class='ocr_line' id='line_1_67' title="bbox 1881 1924 3462 2015; baseline 0.024 -39"><span class='ocrx_word' id='word_1_468' title='bbox 1881 1924 2058 1988; x_wconf 85' lang='lat' dir='ltr'><strong>illum,</strong></span> <span class='ocrx_word' id='word_1_469' title='bbox 2084 1928 2178 1996; x_wconf 90' lang='lat' dir='ltr'><strong>qui</strong></span> <span class='ocrx_word' id='word_1_470' title='bbox 2213 1942 2442 2001; x_wconf 81' lang='lat' dir='ltr'><strong>pr0pter</strong></span> <span class='ocrx_word' id='word_1_471' title='bbox 2476 1935 2698 1994; x_wconf 75' lang='lat' dir='ltr'><strong>Pascha:</strong></span> <span class='ocrx_word' id='word_1_472' title='bbox 2732 1943 2878 1998; x_wconf 90' lang='lat' dir='ltr'><strong>diem</strong></span> <span class='ocrx_word' id='word_1_473' title='bbox 2911 1947 3144 2004; x_wconf 81' lang='lat' dir='ltr'><strong>Judaico</strong></span> <span class='ocrx_word' id='word_1_474' title='bbox 3179 1970 3333 2012; x_wconf 89' lang='lat' dir='ltr'><strong>more</strong></span> <span class='ocrx_word' id='word_1_475' title='bbox 3365 1975 3462 2015; x_wconf 84' lang='lat' dir='ltr'><strong>ce-</strong></span> 
     </span>
    </p>
   </div>
   <div class='ocr_carea' id='block_1_65' title="bbox 1880 2016 3457 2116">
    <p class='ocr_par' dir='ltr' id='par_1_65' title="bbox 1880 2016 3457 2116">
     <span class='ocr_line' id='line_1_68' title="bbox 1880 2016 3457 2116; baseline 0.022 -47"><span class='ocrx_word' id='word_1_476' title='bbox 1880 2016 2204 2072; x_wconf 86' lang='lat' dir='ltr'><strong>lebrandum</strong></span> <span class='ocrx_word' id='word_1_477' title='bbox 2240 2036 2268 2072; x_wconf 93' lang='lat' dir='ltr'><strong>a</strong></span> <span class='ocrx_word' id='word_1_478' title='bbox 2302 2022 2728 2084; x_wconf 83' lang='lat' dir='ltr'><strong>Novatianorum</strong></span> <span class='ocrx_word' id='word_1_479' title='bbox 2771 2036 3006 2092; x_wconf 87' lang='lat' dir='ltr'><strong>ecclesia</strong></span> <span class='ocrx_word' id='word_1_480' title='bbox 3042 2055 3366 2116; x_wconf 80' lang='lat' dir='ltr'><strong>secesserat,</strong></span> <span class='ocrx_word' id='word_1_481' title='bbox 3400 2067 3457 2106; x_wconf 84' lang='lat' dir='ltr'><strong>et</strong></span> 
     </span>
    </p>
   </div>
   <div class='ocr_carea' id='block_1_66' title="bbox 1877 2111 3454 2196">
    <p class='ocr_par' dir='ltr' id='par_1_66' title="bbox 1877 2111 3454 2196">
     <span class='ocr_line' id='line_1_69' title="bbox 1877 2111 3454 2196; baseline 0.023 -36"><span class='ocrx_word' id='word_1_482' title='bbox 1877 2124 2098 2179; x_wconf 82' lang='lat' dir='ltr'><strong>gregem</strong></span> <span class='ocrx_word' id='word_1_483' title='bbox 2133 2111 2238 2166; x_wconf 88' lang='lat' dir='ltr'><strong>sibi</strong></span> <span class='ocrx_word' id='word_1_484' title='bbox 2287 2131 2449 2169; x_wconf 87' lang='lat' dir='ltr'><strong>suum</strong></span> <span class='ocrx_word' id='word_1_485' title='bbox 2499 2133 2776 2190; x_wconf 85' lang='lat' dir='ltr'><strong>coegerat,</strong></span> <span class='ocrx_word' id='word_1_486' title='bbox 2812 2126 3014 2195; x_wconf 76' lang='lat' dir='ltr'><strong>Rhodi,</strong></span> <span class='ocrx_word' id='word_1_487' title='bbox 3063 2133 3154 2187; x_wconf 88' lang='lat' dir='ltr'><strong>ubi</strong></span> <span class='ocrx_word' id='word_1_488' title='bbox 3197 2111 3454 2196; x_wconf 20' lang='lat' dir='ltr'><strong>exsultare</strong></span> 
     </span>
    </p>
   </div>
   <div class='ocr_carea' id='block_1_67' title="bbox 1870 2200 3459 2298">
    <p class='ocr_par' dir='ltr' id='par_1_67' title="bbox 1870 2200 3459 2298">
     <span class='ocr_line' id='line_1_70' title="bbox 1870 2200 3459 2298; baseline 0.021 -45"><span class='ocrx_word' id='word_1_489' title='bbox 1870 2200 2061 2266; x_wconf 88' lang='lat' dir='ltr'><strong>jussus</strong></span> <span class='ocrx_word' id='word_1_490' title='bbox 2088 2203 2304 2271; x_wconf 74' lang='lat' dir='ltr'><strong>fuerat,</strong></span> <span class='ocrx_word' id='word_1_491' title='bbox 2338 2210 2508 2266; x_wconf 90' lang='lat' dir='ltr'><strong>vitam</strong></span> <span class='ocrx_word' id='word_1_492' title='bbox 2540 2212 2788 2283; x_wconf 80' lang='lat' dir='ltr'><strong>(iniisse,</strong></span> <span class='ocrx_word' id='word_1_493' title='bbox 2823 2224 3228 2298; x_wconf 73' lang='lat' dir='ltr'><strong>pepuleresque</strong></span> <span class='ocrx_word' id='word_1_494' title='bbox 3264 2230 3459 2288; x_wconf 83' lang='lat' dir='ltr'><strong>factio-</strong></span> 
     </span>
    </p>
   </div>
   <div class='ocr_carea' id='block_1_68' title="bbox 1878 2293 3458 2396">
    <p class='ocr_par' dir='ltr' id='par_1_68' title="bbox 1878 2293 3458 2396">
     <span class='ocr_line' id='line_1_71' title="bbox 1878 2293 3458 2396; baseline 0.024 -51"><span class='ocrx_word' id='word_1_495' title='bbox 1878 2293 1966 2347; x_wconf 84' lang='lat' dir='ltr'><strong>nis</strong></span> <span class='ocrx_word' id='word_1_496' title='bbox 1994 2297 2138 2366; x_wconf 85' lang='lat' dir='ltr'><strong>ejus.</strong></span> <span class='ocrx_word' id='word_1_497' title='bbox 2167 2314 2402 2370; x_wconf 90' lang='lat' dir='ltr'><strong>corpore</strong></span> <span class='ocrx_word' id='word_1_498' title='bbox 2436 2304 2585 2360; x_wconf 91' lang='lat' dir='ltr'><strong>illius</strong></span> <span class='ocrx_word' id='word_1_499' title='bbox 2611 2306 2739 2365; x_wconf 90' lang='lat' dir='ltr'><strong>inde</strong></span> <span class='ocrx_word' id='word_1_500' title='bbox 2773 2317 3058 2382; x_wconf 83' lang='lat' dir='ltr'><strong>translato.</strong></span> <span class='ocrx_word' id='word_1_501' title='bbox 3089 2293 3236 2377; x_wconf 69' lang='lat' dir='ltr'><strong>circa</strong></span> <span class='ocrx_word' id='word_1_502' title='bbox 3275 2329 3458 2396; x_wconf 87' lang='lat' dir='ltr'><strong>sepul-</strong></span> 
     </span>
    </p>
   </div>
   <div class='ocr_carea' id='block_1_69' title="bbox 1873 2389 3455 2475">
    <p class='ocr_par' dir='ltr' id='par_1_69' title="bbox 1873 2389 3455 2475">
     <span class='ocr_line' id='line_1_72' title="bbox 1873 2389 3455 2475; baseline 0.022 -37"><span class='ocrx_word' id='word_1_503' title='bbox 1873 2400 2029 2439; x_wconf 87' lang='lat' dir='ltr'><strong>crum</strong></span> <span class='ocrx_word' id='word_1_504' title='bbox 2080 2389 2201 2458; x_wconf 89' lang='lat' dir='ltr'><strong>ejus</strong></span> <span class='ocrx_word' id='word_1_505' title='bbox 2265 2397 2618 2460; x_wconf 86' lang='lat' dir='ltr'><strong>precationes</strong></span> <span class='ocrx_word' id='word_1_506' title='bbox 2663 2418 2947 2475; x_wconf 82' lang='lat' dir='ltr'><strong>peragere,</strong></span> <span class='ocrx_word' id='word_1_507' title='bbox 3001 2420 3059 2464; x_wconf 90' lang='lat' dir='ltr'><strong>et</strong></span> <span class='ocrx_word' id='word_1_508' title='bbox 3109 2415 3282 2469; x_wconf 79' lang='lat' dir='ltr'><strong>veluti</strong></span> <span class='ocrx_word' id='word_1_509' title='bbox 3335 2418 3455 2473; x_wconf 79' lang='lat' dir='ltr'><strong>viro</strong></span> 
     </span>
    </p>
   </div>
   <div class='ocr_carea' id='block_1_70' title="bbox 1872 2485 3454 2566">
    <p class='ocr_par' dir='ltr' id='par_1_70' title="bbox 1872 2485 3454 2566">
     <span class='ocr_line' id='line_1_73' title="bbox 1872 2485 3454 2566; baseline 0.023 -39"><span class='ocrx_word' id='word_1_510' title='bbox 1872 2487 2063 2530; x_wconf 85' lang='lat' dir='ltr'><strong>sancto</strong></span> <span class='ocrx_word' id='word_1_511' title='bbox 2117 2485 2483 2540; x_wconf 83' lang='lat' dir='ltr'><strong>reverentiam</strong></span> <span class='ocrx_word' id='word_1_512' title='bbox 2541 2491 2867 2564; x_wconf 88' lang='lat' dir='ltr'><strong>cultumque</strong></span> <span class='ocrx_word' id='word_1_513' title='bbox 2918 2511 3184 2566; x_wconf 65' lang='lat' dir='ltr'><strong>praestare</strong></span> <span class='ocrx_word' id='word_1_514' title='bbox 3233 2518 3454 2564; x_wconf 87' lang='lat' dir='ltr'><strong>:noctu</strong></span> 
     </span>
    </p>
   </div>
   <div class='ocr_carea' id='block_1_71' title="bbox 1871 2566 3452 2669">
    <p class='ocr_par' dir='ltr' id='par_1_71' title="bbox 1871 2566 3452 2669">
     <span class='ocr_line' id='line_1_74' title="bbox 1871 2566 3452 2669; baseline 0.025 -50"><span class='ocrx_word' id='word_1_515' title='bbox 1871 2566 2196 2626; x_wconf 83' lang='lat' dir='ltr'><strong>hominibus</strong></span> <span class='ocrx_word' id='word_1_516' title='bbox 2223 2577 2393 2631; x_wconf 88' lang='lat' dir='ltr'><strong>certis</strong></span> <span class='ocrx_word' id='word_1_517' title='bbox 2424 2579 2628 2647; x_wconf 89' lang='lat' dir='ltr'><strong>missis,</strong></span> <span class='ocrx_word' id='word_1_518' title='bbox 2659 2585 2896 2642; x_wconf 88' lang='lat' dir='ltr'><strong>cadaver</strong></span> <span class='ocrx_word' id='word_1_519' title='bbox 2928 2592 3180 2650; x_wconf 81' lang='lat' dir='ltr'><strong>Sabbatii</strong></span> <span class='ocrx_word' id='word_1_520' title='bbox 3226 2602 3452 2669; x_wconf 87' lang='lat' dir='ltr'><strong>sepeliri</strong></span> 
     </span>
    </p>
   </div>
   <div class='ocr_carea' id='block_1_72' title="bbox 1870 2659 3452 2752">
    <p class='ocr_par' dir='ltr' id='par_1_72' title="bbox 1870 2659 3452 2752">
     <span class='ocr_line' id='line_1_75' title="bbox 1870 2659 3452 2752; baseline 0.024 -38"><span class='ocrx_word' id='word_1_521' title='bbox 1870 2659 1924 2714; x_wconf 91' lang='lat' dir='ltr'><strong>in</strong></span> <span class='ocrx_word' id='word_1_522' title='bbox 1957 2663 2077 2718; x_wconf 91' lang='lat' dir='ltr'><strong>loco</strong></span> <span class='ocrx_word' id='word_1_523' title='bbox 2109 2667 2216 2722; x_wconf 88' lang='lat' dir='ltr'><strong>alio</strong></span> <span class='ocrx_word' id='word_1_524' title='bbox 2255 2673 2487 2727; x_wconf 87' lang='lat' dir='ltr'><strong>curavit.</strong></span> <span class='ocrx_word' id='word_1_525' title='bbox 2523 2673 2692 2748; x_wconf 66' lang='grc'><strong>488</strong></span> <span class='ocrx_word' id='word_1_526' title='bbox 2721 2679 2896 2738; x_wconf 87' lang='lat' dir='ltr'><strong>Porro</strong></span> <span class='ocrx_word' id='word_1_527' title='bbox 2944 2695 3252 2748; x_wconf 83' lang='lat' dir='ltr'><strong>sectatores</strong></span> <span class='ocrx_word' id='word_1_528' title='bbox 3301 2694 3452 2752; x_wconf 89' lang='lat' dir='ltr'><strong>illius</strong></span> 
     </span>
    </p>
   </div>
   <div class='ocr_carea' id='block_1_73' title="bbox 1870 2751 3451 2843">
    <p class='ocr_par' dir='ltr' id='par_1_73' title="bbox 1870 2751 3451 2843">
     <span class='ocr_line' id='line_1_76' title="bbox 1870 2751 3451 2843; baseline 0.026 -40"><span class='ocrx_word' id='word_1_529' title='bbox 1870 2751 1964 2806; x_wconf 89' lang='lat' dir='ltr'><strong>ubi</strong></span> <span class='ocrx_word' id='word_1_530' title='bbox 1996 2756 2268 2811; x_wconf 86' lang='lat' dir='ltr'><strong>tumulum</strong></span> <span class='ocrx_word' id='word_1_531' title='bbox 2290 2761 2550 2818; x_wconf 79' lang='lat' dir='ltr'><strong>eﬂ‘ossum</strong></span> <span class='ocrx_word' id='word_1_532' title='bbox 2589 2783 2940 2840; x_wconf 86' lang='lat' dir='ltr'><strong>repererunt,</strong></span> <span class='ocrx_word' id='word_1_533' title='bbox 2962 2784 3321 2842; x_wconf 81' lang='lat' dir='ltr'><strong>caeremonias</strong></span> <span class='ocrx_word' id='word_1_534' title='bbox 3356 2803 3451 2843; x_wconf 78' lang='lat' dir='ltr'><strong>su-</strong></span> 
     </span>
    </p>
   </div>
   <div class='ocr_carea' id='block_1_74' title="bbox 1865 2847 3448 2951">
    <p class='ocr_par' dir='ltr' id='par_1_74' title="bbox 1865 2847 3448 2951">
     <span class='ocr_line' id='line_1_77' title="bbox 1865 2847 3448 2951; baseline 0.026 -56"><span class='ocrx_word' id='word_1_535' title='bbox 1865 2847 2362 2921; x_wconf 86' lang='lat' dir='ltr'><strong>perstitionemque</strong></span> <span class='ocrx_word' id='word_1_536' title='bbox 2387 2870 2544 2910; x_wconf 88' lang='lat' dir='ltr'><strong>suam</strong></span> <span class='ocrx_word' id='word_1_537' title='bbox 2571 2860 2639 2912; x_wconf 85' lang='lat' dir='ltr'><strong>ad</strong></span> <span class='ocrx_word' id='word_1_538' title='bbox 2671 2865 2988 2933; x_wconf 87' lang='lat' dir='ltr'><strong>sepulcrum</strong></span> <span class='ocrx_word' id='word_1_539' title='bbox 3026 2872 3148 2942; x_wconf 89' lang='lat' dir='ltr'><strong>ejus</strong></span> <span class='ocrx_word' id='word_1_540' title='bbox 3181 2875 3448 2951; x_wconf 84' lang='lat' dir='ltr'><strong>deinceps</strong></span> 
     </span>
    </p>
   </div>
   <div class='ocr_carea' id='block_1_75' title="bbox 1865 2936 3444 3032">
    <p class='ocr_par' dir='ltr' id='par_1_75' title="bbox 1865 2936 3444 3032">
     <span class='ocr_line' id='line_1_78' title="bbox 1865 2936 3444 3032; baseline 0.027 -45"><span class='ocrx_word' id='word_1_541' title='bbox 1865 2936 2193 2996; x_wconf 87' lang='lat' dir='ltr'><strong>omiserunt.</strong></span> <span class='ocrx_word' id='word_1_542' title='bbox 2248 2943 2314 2998; x_wconf 88' lang='lat' dir='ltr'><strong>Et</strong></span> <span class='ocrx_word' id='word_1_543' title='bbox 2346 2951 2609 3015; x_wconf 91' lang='lat' dir='ltr'><strong>quoniam</strong></span> <span class='ocrx_word' id='word_1_544' title='bbox 2656 2954 2710 3008; x_wconf 89' lang='lat' dir='ltr'><strong>in</strong></span> <span class='ocrx_word' id='word_1_545' title='bbox 2760 2961 3047 3016; x_wconf 85' lang='lat' dir='ltr'><strong>nominum</strong></span> <span class='ocrx_word' id='word_1_546' title='bbox 3097 2965 3444 3032; x_wconf 78' lang='lat' dir='ltr'><strong>inventione.</strong></span> 
     </span>
    </p>
   </div>
   <div class='ocr_carea' id='block_1_76' title="bbox 1863 3031 3445 3127">
    <p class='ocr_par' dir='ltr' id='par_1_76' title="bbox 1863 3031 3445 3127">
     <span class='ocr_line' id='line_1_79' title="bbox 1863 3031 3445 3127; baseline 0.026 -47"><span class='ocrx_word' id='word_1_547' title='bbox 1863 3039 1988 3097; x_wconf 88' lang='lat' dir='ltr'><strong>apte</strong></span> <span class='ocrx_word' id='word_1_548' title='bbox 2021 3031 2129 3089; x_wconf 89' lang='lat' dir='ltr'><strong>illis</strong></span> <span class='ocrx_word' id='word_1_549' title='bbox 2163 3037 2329 3092; x_wconf 89' lang='lat' dir='ltr'><strong>rebus</strong></span> <span class='ocrx_word' id='word_1_550' title='bbox 2363 3039 2496 3108; x_wconf 85' lang='lat' dir='ltr'><strong>ipsis</strong></span> <span class='ocrx_word' id='word_1_551' title='bbox 2543 3043 2916 3118; x_wconf 87' lang='lat' dir='ltr'><strong>imponendis,</strong></span> <span class='ocrx_word' id='word_1_552' title='bbox 2947 3055 3173 3127; x_wconf 81' lang='lat' dir='ltr'><strong>elegans</strong></span> <span class='ocrx_word' id='word_1_553' title='bbox 3211 3070 3269 3116; x_wconf 90' lang='lat' dir='ltr'><strong>ct</strong></span> <span class='ocrx_word' id='word_1_554' title='bbox 3312 3031 3445 3121; x_wconf 64' lang='lat' dir='ltr'><strong>felis</strong></span> 
     </span>
    </p>
   </div>
   <div class='ocr_carea' id='block_1_77' title="bbox 1785 3117 3444 3221">
    <p class='ocr_par' dir='ltr' id='par_1_77' title="bbox 1785 3117 3444 3221">
     <span class='ocr_line' id='line_1_80' title="bbox 1785 3117 3444 3221; baseline 0.027 -52"><span class='ocrx_word' id='word_1_555' title='bbox 1785 3160 1830 3219; x_wconf 62' lang='grc' dir='ltr'>ϐ</span> <span class='ocrx_word' id='word_1_556' title='bbox 1863 3117 1991 3184; x_wconf 78' lang='lat' dir='ltr'><strong>fuit,</strong></span> <span class='ocrx_word' id='word_1_557' title='bbox 2023 3126 2216 3181; x_wconf 87' lang='lat' dir='ltr'><strong>navale</strong></span> <span class='ocrx_word' id='word_1_558' title='bbox 2250 3131 2396 3198; x_wconf 88' lang='lat' dir='ltr'><strong>quod</strong></span> <span class='ocrx_word' id='word_1_559' title='bbox 2446 3135 2514 3188; x_wconf 87' lang='lat' dir='ltr'><strong>ad</strong></span> <span class='ocrx_word' id='word_1_560' title='bbox 2563 3143 2847 3208; x_wconf 89' lang='lat' dir='ltr'><strong>angustias</strong></span> <span class='ocrx_word' id='word_1_561' title='bbox 2887 3117 3086 3203; x_wconf 71' lang='lat' dir='ltr'><strong>Euxini</strong></span> <span class='ocrx_word' id='word_1_562' title='bbox 3137 3117 3444 3221; x_wconf 89' lang='lat' dir='ltr'><strong>ponti</strong></span> 
     </span>
    </p>
   </div>
   <div class='ocr_carea' id='block_1_78' title="bbox 1860 3207 3444 3308">
    <p class='ocr_par' dir='ltr' id='par_1_78' title="bbox 1860 3207 3444 3308">
     <span class='ocr_line' id='line_1_81' title="bbox 1860 3207 3444 3308; baseline 0.028 -47"><span class='ocrx_word' id='word_1_563' title='bbox 1860 3207 2022 3279; x_wconf 80' lang='lat' dir='ltr'><strong>longe</strong></span> <span class='ocrx_word' id='word_1_564' title='bbox 2070 3229 2103 3268; x_wconf 83' lang='lat' dir='ltr'><strong>a</strong></span> <span class='ocrx_word' id='word_1_565' title='bbox 2139 3219 2374 3275; x_wconf 88' lang='lat' dir='ltr'><strong>transitu</strong></span> <span class='ocrx_word' id='word_1_566' title='bbox 2409 3223 2597 3290; x_wconf 85' lang='lat' dir='ltr'><strong>situm,</strong></span> <span class='ocrx_word' id='word_1_567' title='bbox 2638 3207 2853 3287; x_wconf 82' lang='lat' dir='ltr'><strong>veteres</strong></span> <span class='ocrx_word' id='word_1_568' title='bbox 2885 3207 3213 3308; x_wconf 75' lang='grc' dir='ltr'>φαρμακία,</span> <span class='ocrx_word' id='word_1_569' title='bbox 3260 3246 3314 3300; x_wconf 91' lang='lat' dir='ltr'><strong>id</strong></span> <span class='ocrx_word' id='word_1_570' title='bbox 3359 3257 3444 3304; x_wconf 87' lang='lat' dir='ltr'><strong>est</strong></span> 
     </span>
    </p>
   </div>
   <div class='ocr_carea' id='block_1_79' title="bbox 1863 3305 3441 3398">
    <p class='ocr_par' dir='ltr' id='par_1_79' title="bbox 1863 3305 3441 3398">
     <span class='ocr_line' id='line_1_82' title="bbox 1863 3305 3441 3398; baseline 0.027 -43"><span class='ocrx_word' id='word_1_571' title='bbox 1863 3305 2168 3362; x_wconf 80' lang='lat' dir='ltr'><strong>veneficum</strong></span> <span class='ocrx_word' id='word_1_572' title='bbox 2224 3314 2596 3386; x_wconf 86' lang='lat' dir='ltr'><strong>appellarunt,</strong></span> <span class='ocrx_word' id='word_1_573' title='bbox 2642 3325 2786 3392; x_wconf 90' lang='lat' dir='ltr'><strong>quod</strong></span> <span class='ocrx_word' id='word_1_574' title='bbox 2845 3305 2979 3398; x_wconf 80' lang='lat' dir='ltr'><strong>ipse</strong></span> <span class='ocrx_word' id='word_1_575' title='bbox 3010 3305 3088 3387; x_wconf 87' lang='lat' dir='ltr'><strong>ibi</strong></span> <span class='ocrx_word' id='word_1_576' title='bbox 3133 3351 3441 3398; x_wconf 82' lang='lat' dir='ltr'><strong>conventus</strong></span> 
     </span>
    </p>
   </div>
   <div class='ocr_carea' id='block_1_80' title="bbox 1854 3671 3431 3766">
    <p class='ocr_par' dir='ltr' id='par_1_80' title="bbox 1854 3671 3431 3766">
     <span class='ocr_line' id='line_1_83' title="bbox 1854 3671 3431 3766; baseline 0.025 -44"><span class='ocrx_word' id='word_1_577' title='bbox 1854 3671 2247 3744; x_wconf 85' lang='lat' dir='ltr'><strong>stantiuopolis</strong></span> <span class='ocrx_word' id='word_1_578' title='bbox 2279 3677 2450 3746; x_wconf 84' lang='lat' dir='ltr'><strong>aliud,</strong></span> <span class='ocrx_word' id='word_1_579' title='bbox 2493 3687 2899 3761; x_wconf 83' lang='lat' dir='ltr'><strong>Argyropolim,</strong></span> <span class='ocrx_word' id='word_1_580' title='bbox 2941 3713 3038 3766; x_wconf 89' lang='lat' dir='ltr'><strong>per</strong></span> <span class='ocrx_word' id='word_1_581' title='bbox 3068 3705 3431 3762; x_wconf 78' lang='lat' dir='ltr'><strong>mulationem</strong></span> 
     </span>
    </p>
   </div>
   <div class='ocr_carea' id='block_1_81' title="bbox 1855 3764 3432 3870">
    <p class='ocr_par' dir='ltr' id='par_1_81' title="bbox 1855 3764 3432 3870">
     <span class='ocr_line' id='line_1_84' title="bbox 1855 3764 3432 3870; baseline 0.027 -57"><span class='ocrx_word' id='word_1_582' title='bbox 1855 3764 2095 3819; x_wconf 88' lang='lat' dir='ltr'><strong>nominis</strong></span> <span class='ocrx_word' id='word_1_583' title='bbox 2143 3769 2212 3823; x_wconf 92' lang='lat' dir='ltr'><strong>ob</strong></span> <span class='ocrx_word' id='word_1_584' title='bbox 2254 3787 2474 3829; x_wconf 86' lang='lat' dir='ltr'><strong>causam</strong></span> <span class='ocrx_word' id='word_1_585' title='bbox 2505 3779 2775 3847; x_wconf 89' lang='lat' dir='ltr'><strong>ejusmodi</strong></span> <span class='ocrx_word' id='word_1_586' title='bbox 2823 3764 3140 3857; x_wconf 80' lang='lat' dir='ltr'><strong>appellavit.</strong></span> <span class='ocrx_word' id='word_1_587' title='bbox 3191 3797 3432 3870; x_wconf 76' lang='lat' dir='ltr'><strong>Chryso-</strong></span> 
     </span>
    </p>
   </div>
   <div class='ocr_carea' id='block_1_82' title="bbox 1852 3855 3427 3956">
    <p class='ocr_par' dir='ltr' id='par_1_82' title="bbox 1852 3855 3427 3956">
     <span class='ocr_line' id='line_1_85' title="bbox 1852 3855 3427 3956; baseline 0.025 -50"><span class='ocrx_word' id='word_1_588' title='bbox 1852 3855 1993 3922; x_wconf 86' lang='lat' dir='ltr'><strong>polis</strong></span> <span class='ocrx_word' id='word_1_589' title='bbox 2021 3860 2244 3930; x_wconf 88' lang='lat' dir='ltr'><strong>antiqua</strong></span> <span class='ocrx_word' id='word_1_590' title='bbox 2275 3866 2492 3920; x_wconf 85' lang='lat' dir='ltr'><strong>navium</strong></span> <span class='ocrx_word' id='word_1_591' title='bbox 2519 3874 2683 3927; x_wconf 84' lang='lat' dir='ltr'><strong>statio</strong></span> <span class='ocrx_word' id='word_1_592' title='bbox 2711 3886 2829 3940; x_wconf 87' lang='lat' dir='ltr'><strong>est,</strong></span> <span class='ocrx_word' id='word_1_593' title='bbox 2861 3855 3051 3935; x_wconf 78' lang='lat' dir='ltr'><strong>contra</strong></span> <span class='ocrx_word' id='word_1_594' title='bbox 3084 3855 3427 3956; x_wconf 68' lang='lat' dir='ltr'><strong>Byzantium.</strong></span> 
     </span>
    </p>
   </div>
   <div class='ocr_carea' id='block_1_83' title="bbox 1851 3950 3422 4050">
    <p class='ocr_par' dir='ltr' id='par_1_83' title="bbox 1851 3950 3422 4050">
     <span class='ocr_line' id='line_1_86' title="bbox 1851 3950 3422 4050; baseline 0.022 -47"><span class='ocrx_word' id='word_1_595' title='bbox 1851 3950 1906 4004; x_wconf 89' lang='lat' dir='ltr'><strong>in</strong></span> <span class='ocrx_word' id='word_1_596' title='bbox 1965 3953 2190 4023; x_wconf 85' lang='lat' dir='ltr'><strong>Bospori</strong></span> <span class='ocrx_word' id='word_1_597' title='bbox 2250 3961 2407 4015; x_wconf 91' lang='lat' dir='ltr'><strong>initio</strong></span> <span class='ocrx_word' id='word_1_598' title='bbox 2464 3969 2659 4033; x_wconf 82' lang='lat' dir='ltr'><strong>posita.</strong></span> <span class='ocrx_word' id='word_1_599' title='bbox 2712 3970 2863 4026; x_wconf 84' lang='lat' dir='ltr'><strong>Multi</strong></span> <span class='ocrx_word' id='word_1_600' title='bbox 2906 3975 3023 4044; x_wconf 85' lang='lat' dir='ltr'><strong>ejus</strong></span> <span class='ocrx_word' id='word_1_601' title='bbox 3070 3981 3422 4050; x_wconf 71' lang='lat' dir='ltr'><strong>antiquorum</strong></span> 
     </span>
    </p>
   </div>
   <div class='ocr_carea' id='block_1_84' title="bbox 1852 4038 3425 4140">
    <p class='ocr_par' dir='ltr' id='par_1_84' title="bbox 1852 4038 3425 4140">
     <span class='ocr_line' id='line_1_87' title="bbox 1852 4038 3425 4140; baseline 0.024 -50"><span class='ocrx_word' id='word_1_602' title='bbox 1852 4038 2240 4099; x_wconf 87' lang='lat' dir='ltr'><strong>historicorum</strong></span> <span class='ocrx_word' id='word_1_603' title='bbox 2274 4051 2599 4120; x_wconf 89' lang='lat' dir='ltr'><strong>meminere,</strong></span> <span class='ocrx_word' id='word_1_604' title='bbox 2638 4059 2800 4115; x_wconf 90' lang='lat' dir='ltr'><strong>sicuti</strong></span> <span class='ocrx_word' id='word_1_605' title='bbox 2831 4061 3030 4118; x_wconf 88' lang='lat' dir='ltr'><strong>Strabo</strong></span> <span class='ocrx_word' id='word_1_606' title='bbox 3057 4074 3425 4140; x_wconf 82' lang='lat' dir='ltr'><strong>geographus,</strong></span> 
     </span>
    </p>
   </div>
   <div class='ocr_carea' id='block_1_85' title="bbox 1847 4127 3420 4228">
    <p class='ocr_par' dir='ltr' id='par_1_85' title="bbox 1847 4127 3420 4228">
     <span class='ocr_line' id='line_1_88' title="bbox 1847 4127 3420 4228; baseline 0.026 -47"><span class='ocrx_word' id='word_1_607' title='bbox 1847 4127 2104 4189; x_wconf 87' lang='lat' dir='ltr'><strong>Nicolaus</strong></span> <span class='ocrx_word' id='word_1_608' title='bbox 2166 4136 2576 4209; x_wconf 87' lang='lat' dir='ltr'><strong>Damascenns,</strong></span> <span class='ocrx_word' id='word_1_609' title='bbox 2635 4161 2692 4202; x_wconf 87' lang='lat' dir='ltr'><strong>et</strong></span> <span class='ocrx_word' id='word_1_610' title='bbox 2759 4156 2853 4221; x_wconf 91' lang='lat' dir='ltr'><strong>qui</strong></span> <span class='ocrx_word' id='word_1_611' title='bbox 2923 4155 3047 4228; x_wconf 83' lang='lat' dir='ltr'><strong>Cyri</strong></span> <span class='ocrx_word' id='word_1_612' title='bbox 3137 4162 3420 4222; x_wconf 77' lang='lat' dir='ltr'><strong>historian.</strong></span> 
     </span>
    </p>
   </div>
   <div class='ocr_carea' id='block_1_86' title="bbox 1846 4224 3422 4319">
    <p class='ocr_par' dir='ltr' id='par_1_86' title="bbox 1846 4224 3422 4319">
     <span class='ocr_line' id='line_1_89' title="bbox 1846 4224 3422 4319; baseline 0.025 -46"><span class='ocrx_word' id='word_1_613' title='bbox 1846 4224 2054 4291; x_wconf 85' lang='lat' dir='ltr'><strong>optime</strong></span> <span class='ocrx_word' id='word_1_614' title='bbox 2078 4233 2430 4300; x_wconf 75' lang='lat' dir='ltr'><strong>conscripsit,</strong></span> <span class='ocrx_word' id='word_1_615' title='bbox 2455 4239 2505 4291; x_wconf 90' lang='lat' dir='ltr'><strong>vi</strong></span> <span class='ocrx_word' id='word_1_616' title='bbox 2531 4243 2863 4309; x_wconf 56' lang='lat' dir='ltr'><strong>eloquentia!</strong></span> <span class='ocrx_word' id='word_1_617' title='bbox 2888 4263 3140 4319; x_wconf 85' lang='lat' dir='ltr'><strong>magnus,</strong></span> <span class='ocrx_word' id='word_1_618' title='bbox 3168 4266 3222 4309; x_wconf 89' lang='lat' dir='ltr'><strong>ct</strong></span> <span class='ocrx_word' id='word_1_619' title='bbox 3249 4257 3422 4313; x_wconf 80' lang='lat' dir='ltr'><strong>histu-</strong></span> 
     </span>
    </p>
   </div>
   <div class='ocr_carea' id='block_1_87' title="bbox 1847 4314 3418 4422">
    <p class='ocr_par' dir='ltr' id='par_1_87' title="bbox 1847 4314 3418 4422">
     <span class='ocr_line' id='line_1_90' title="bbox 1847 4314 3418 4422; baseline 0.027 -57"><span class='ocrx_word' id='word_1_620' title='bbox 1847 4314 1964 4368; x_wconf 91' lang='lat' dir='ltr'><strong>rico</strong></span> <span class='ocrx_word' id='word_1_621' title='bbox 2013 4320 2156 4389; x_wconf 86' lang='lat' dir='ltr'><strong>stylo</strong></span> <span class='ocrx_word' id='word_1_622' title='bbox 2200 4323 2558 4384; x_wconf 80' lang='lat' dir='ltr'><strong>admirandus</strong></span> <span class='ocrx_word' id='word_1_623' title='bbox 2605 4331 2932 4406; x_wconf 79' lang='lat' dir='ltr'><strong>Xenophon,</strong></span> <span class='ocrx_word' id='word_1_624' title='bbox 2984 4343 3039 4397; x_wconf 92' lang='lat' dir='ltr'><strong>in</strong></span> <span class='ocrx_word' id='word_1_625' title='bbox 3091 4361 3247 4404; x_wconf 81' lang='lat' dir='ltr'><strong>sexto</strong></span> <span class='ocrx_word' id='word_1_626' title='bbox 3292 4352 3418 4422; x_wconf 74' lang='lat' dir='ltr'><strong>Cyri</strong></span> 
     </span>
    </p>
   </div>
   <div class='ocr_carea' id='block_1_88' title="bbox 1843 4407 3416 4502">
    <p class='ocr_par' dir='ltr' id='par_1_88' title="bbox 1843 4407 3416 4502">
     <span class='ocr_line' id='line_1_91' title="bbox 1843 4407 3416 4502; baseline 0.025 -46"><span class='ocrx_word' id='word_1_627' title='bbox 1843 4407 2216 4474; x_wconf 79' lang='lat' dir='ltr'><strong>expeditionis</strong></span> <span class='ocrx_word' id='word_1_628' title='bbox 2251 4427 2265 4464; x_wconf 90' lang='lat'><strong>:</strong></span> <span class='ocrx_word' id='word_1_629' title='bbox 2310 4417 2406 4468; x_wconf 89' lang='lat' dir='ltr'><strong>sed</strong></span> <span class='ocrx_word' id='word_1_630' title='bbox 2447 4427 2501 4471; x_wconf 88' lang='lat' dir='ltr'><strong>ct</strong></span> <span class='ocrx_word' id='word_1_631' title='bbox 2536 4423 2587 4472; x_wconf 93' lang='lat' dir='ltr'><strong>in</strong></span> <span class='ocrx_word' id='word_1_632' title='bbox 2633 4425 2812 4490; x_wconf 88' lang='lat' dir='ltr'><strong>primo</strong></span> <span class='ocrx_word' id='word_1_633' title='bbox 2851 4427 3280 4502; x_wconf 87' lang='lat' dir='ltr'><strong>llellanicorum,</strong></span> <span class='ocrx_word' id='word_1_634' title='bbox 3320 4459 3416 4495; x_wconf 80' lang='lat' dir='ltr'><strong>seu</strong></span> 
     </span>
    </p>
   </div>
   <div class='ocr_carea' id='block_1_89' title="bbox 165 4481 1757 4598">
    <p class='ocr_par' dir='ltr' id='par_1_89' title="bbox 165 4481 1737 4598">
     <span class='ocr_line' id='line_1_92' title="bbox 165 4481 1737 4569; baseline 0.01 -39"><span class='ocrx_word' id='word_1_635' title='bbox 165 4481 348 4547; x_wconf 68' lang='grc' dir='ltr'>νοςρῶν</span> <span class='ocrx_word' id='word_1_636' title='bbox 369 4523 382 4545; x_wconf 88' lang='grc'><strong>,</strong></span> <span class='ocrx_word' id='word_1_637' title='bbox 415 4483 469 4535; x_wconf 79' lang='grc' dir='ltr'><strong>ἐν</strong></span> <span class='ocrx_word' id='word_1_638' title='bbox 503 4502 563 4537; x_wconf 89' lang='grc' dir='ltr'><strong>τε</strong></span> <span class='ocrx_word' id='word_1_639' title='bbox 603 4489 667 4556; x_wconf 76' lang='grc' dir='ltr'>τῇ</span> <span class='ocrx_word' id='word_1_640' title='bbox 699 4485 830 4557; x_wconf 75' lang='grc' dir='ltr'>ἕκτῃ</span> <span class='ocrx_word' id='word_1_641' title='bbox 861 4489 970 4542; x_wconf 88' lang='grc' dir='ltr'><strong>τῶν</strong></span> <span class='ocrx_word' id='word_1_642' title='bbox 1000 4492 1323 4548; x_wconf 86' lang='grc' dir='ltr'>ἁναϐάσεων</span> <span class='ocrx_word' id='word_1_643' title='bbox 1360 4499 1568 4569; x_wconf 81' lang='grc' dir='ltr'>Κύρου·</span> <span class='ocrx_word' id='word_1_644' title='bbox 1600 4505 1737 4558; x_wconf 73' lang='grc' dir='ltr'><strong>ἀλλὰ</strong></span> 
     </span>
     <span class='ocr_line' id='line_1_93' title="bbox 168 4575 1595 4598; baseline 0 0"><span class='ocrx_word' id='word_1_645' title='bbox 168 4575 258 4598; x_wconf 54' lang='grc' dir='ltr'><strong>---Ἃ</strong></span> <span class='ocrx_word' id='word_1_646' title='bbox 298 4578 354 4598; x_wconf 74' lang='grc' dir='ltr'><strong>ι-.</strong></span> <span class='ocrx_word' id='word_1_647' title='bbox 388 4577 458 4598; x_wconf 68' lang='grc'><strong>-.”.</strong></span> <span class='ocrx_word' id='word_1_648' title='bbox 501 4596 532 4598; x_wconf 90' lang='lat'><em>_</em></span> <span class='ocrx_word' id='word_1_649' title='bbox 561 4578 606 4598; x_wconf 32' lang='grc' dir='ltr'><strong>κ)</strong></span> <span class='ocrx_word' id='word_1_650' title='bbox 631 4595 694 4598; x_wconf 35' lang='lat'><strong>7,.</strong></span> <span class='ocrx_word' id='word_1_651' title='bbox 731 4582 797 4598; x_wconf 26' lang='grc' dir='ltr'>μγ*</span> <span class='ocrx_word' id='word_1_652' title='bbox 887 4581 998 4598; x_wconf 63' lang='lat' dir='ltr'><strong>OL“!</strong></span> <span class='ocrx_word' id='word_1_653' title='bbox 1161 4587 1180 4595; x_wconf 93' lang='lat'><strong>--</strong></span> <span class='ocrx_word' id='word_1_654' title='bbox 1588 4596 1595 4598; x_wconf 93' lang='lat'>_</span> 
     </span>
    </p>
   </div>
   <div class='ocr_carea' id='block_1_90' title="bbox 1863 4481 3418 4598">
    <p class='ocr_par' dir='ltr' id='par_1_90' title="bbox 1863 4481 3418 4598">
     <span class='ocr_line' id='line_1_94' title="bbox 2634 4481 3416 4502; baseline 0.024 -27"><span class='ocrx_word' id='word_1_655' title='bbox 2634 4481 2647 4490; x_wconf 64' lang='grc'><strong>,</strong></span> <span class='ocrx_word' id='word_1_656' title='bbox 2907 4481 3280 4502; x_wconf 39' lang='lat' dir='ltr'><strong>-,m_-_--.-......,</strong></span> <span class='ocrx_word' id='word_1_657' title='bbox 3320 4481 3416 4495; x_wconf 57' lang='grc' dir='ltr'>ω...</span> 
     </span>
     <span class='ocr_line' id='line_1_95' title="bbox 1863 4495 3418 4598; baseline 0.022 -46"><span class='ocrx_word' id='word_1_658' title='bbox 1863 4495 2047 4554; x_wconf 62' lang='lat' dir='ltr'><strong>Enecat</strong></span> <span class='ocrx_word' id='word_1_659' title='bbox 2087 4498 2342 4561; x_wconf 76' lang='lat' dir='ltr'><strong>Historia:</strong></span> <span class='ocrx_word' id='word_1_660' title='bbox 2369 4507 2531 4574; x_wconf 88' lang='lat' dir='ltr'><strong>libro,</strong></span> <span class='ocrx_word' id='word_1_661' title='bbox 2565 4514 2658 4568; x_wconf 88' lang='lat' dir='ltr'><strong>ubi</strong></span> <span class='ocrx_word' id='word_1_662' title='bbox 2697 4517 2765 4571; x_wconf 85' lang='lat' dir='ltr'><strong>de</strong></span> <span class='ocrx_word' id='word_1_663' title='bbox 2788 4536 2850 4573; x_wconf 85' lang='lat' dir='ltr'><strong>ea</strong></span> <span class='ocrx_word' id='word_1_664' title='bbox 2896 4522 3009 4577; x_wconf 68' lang='lat' dir='ltr'><strong>haec</strong></span> <span class='ocrx_word' id='word_1_665' title='bbox 3051 4544 3270 4598; x_wconf 80' lang='lat' dir='ltr'><strong>quoque</strong></span> <span class='ocrx_word' id='word_1_666' title='bbox 3303 4551 3418 4587; x_wconf 84' lang='lat' dir='ltr'><strong>mc-</strong></span> 
     </span>
    </p>
   </div>
   <div class='ocr_carea' id='block_1_91' title="bbox 168 4575 1736 4662">
    <p class='ocr_par' dir='ltr' id='par_1_91' title="bbox 168 4575 1736 4662">
     <span class='ocr_line' id='line_1_96' title="bbox 168 4575 1736 4662; baseline 0.014 -35"><span class='ocrx_word' id='word_1_667' title='bbox 168 4575 264 4627; x_wconf 78' lang='grc' dir='ltr'>καὶ</span> <span class='ocrx_word' id='word_1_668' title='bbox 295 4578 355 4626; x_wconf 77' lang='grc' dir='ltr'><strong>ἐν</strong></span> <span class='ocrx_word' id='word_1_669' title='bbox 387 4577 464 4644; x_wconf 83' lang='grc' dir='ltr'><strong>τῷ</strong></span> <span class='ocrx_word' id='word_1_670' title='bbox 497 4578 700 4646; x_wconf 80' lang='grc' dir='ltr'>πρώτῳ</span> <span class='ocrx_word' id='word_1_671' title='bbox 727 4582 839 4633; x_wconf 88' lang='grc' dir='ltr'><strong>τῶν</strong></span> <span class='ocrx_word' id='word_1_672' title='bbox 887 4581 1224 4652; x_wconf 75' lang='grc' dir='ltr'>Ἑλληνικῶν</span> <span class='ocrx_word' id='word_1_673' title='bbox 1261 4596 1736 4662; x_wconf 83' lang='grc' dir='ltr'>συγγραμμάτων,</span> 
     </span>
    </p>
   </div>
   <div class='ocr_carea' id='block_1_92' title="bbox 161 4661 1738 4757">
    <p class='ocr_par' dir='ltr' id='par_1_92' title="bbox 161 4661 1738 4757">
     <span class='ocr_line' id='line_1_97' title="bbox 161 4661 1738 4757; baseline 0.015 -40"><span class='ocrx_word' id='word_1_674' title='bbox 161 4670 221 4718; x_wconf 82' lang='grc' dir='ltr'><strong>ἐν</strong></span> <span class='ocrx_word' id='word_1_675' title='bbox 330 4669 424 4721; x_wconf 73' lang='grc' dir='ltr'><strong>καὶ</strong></span> <span class='ocrx_word' id='word_1_676' title='bbox 455 4670 580 4722; x_wconf 85' lang='grc' dir='ltr'>τάδε</span> <span class='ocrx_word' id='word_1_677' title='bbox 616 4672 742 4738; x_wconf 78' lang='grc' dir='ltr'>περὶ</span> <span class='ocrx_word' id='word_1_678' title='bbox 775 4673 943 4726; x_wconf 82' lang='grc' dir='ltr'>αὑτοῦ</span> <span class='ocrx_word' id='word_1_679' title='bbox 983 4677 1227 4746; x_wconf 80' lang='grc' dir='ltr'>ἱστορεῖ,</span> <span class='ocrx_word' id='word_1_680' title='bbox 1269 4681 1344 4744; x_wconf 85' lang='grc' dir='ltr'>ὡς</span> <span class='ocrx_word' id='word_1_681' title='bbox 1391 4683 1738 4757; x_wconf 81' lang='grc' dir='ltr'>Ἀλκιϐιάδης</span> 
     </span>
    </p>
   </div>
   <div class='ocr_carea' id='block_1_93' title="bbox 159 4757 1738 4836">
    <p class='ocr_par' dir='ltr' id='par_1_93' title="bbox 159 4757 1738 4836">
     <span class='ocr_line' id='line_1_98' title="bbox 159 4757 1738 4836; baseline 0.015 -30"><span class='ocrx_word' id='word_1_682' title='bbox 159 4757 378 4817; x_wconf 76' lang='grc' dir='ltr'>ἐκεῖνος</span> <span class='ocrx_word' id='word_1_683' title='bbox 426 4757 495 4808; x_wconf 76' lang='grc' dir='ltr'>τὰ</span> <span class='ocrx_word' id='word_1_684' title='bbox 533 4759 688 4826; x_wconf 74' lang='grc' dir='ltr'>τείχη</span> <span class='ocrx_word' id='word_1_685' title='bbox 729 4761 997 4830; x_wconf 81' lang='grc' dir='ltr'>περιελὼν</span> <span class='ocrx_word' id='word_1_686' title='bbox 1032 4765 1453 4836; x_wconf 83' lang='grc' dir='ltr'>Χρυσοπόλεως,</span> <span class='ocrx_word' id='word_1_687' title='bbox 1485 4773 1738 4829; x_wconf 80' lang='grc' dir='ltr'>δεκαδευ-</span> 
     </span>
    </p>
   </div>
   <div class='ocr_carea' id='block_1_94' title="bbox 152 4848 1735 4932">
    <p class='ocr_par' dir='ltr' id='par_1_94' title="bbox 152 4848 1735 4932">
     <span class='ocr_line' id='line_1_99' title="bbox 152 4848 1735 4932; baseline 0.013 -33"><span class='ocrx_word' id='word_1_688' title='bbox 152 4848 351 4916; x_wconf 74' lang='grc' dir='ltr'>τήριον</span> <span class='ocrx_word' id='word_1_689' title='bbox 393 4849 451 4901; x_wconf 79' lang='grc' dir='ltr'><strong>ἐν</strong></span> <span class='ocrx_word' id='word_1_690' title='bbox 509 4851 649 4920; x_wconf 74' lang='grc' dir='ltr'>αὐτῇ</span> <span class='ocrx_word' id='word_1_691' title='bbox 709 4853 968 4908; x_wconf 75' lang='grc' dir='ltr'>καθίστα.</span> <span class='ocrx_word' id='word_1_692' title='bbox 1027 4856 1186 4910; x_wconf 81' lang='grc' dir='ltr'>Ὅσοι</span> <span class='ocrx_word' id='word_1_693' title='bbox 1225 4862 1332 4929; x_wconf 83' lang='grc' dir='ltr'><strong>γάρ</strong></span> <span class='ocrx_word' id='word_1_694' title='bbox 1377 4865 1610 4932; x_wconf 77' lang='grc' dir='ltr'>ἔμποροι</span> <span class='ocrx_word' id='word_1_695' title='bbox 1670 4871 1735 4921; x_wconf 87' lang='grc' dir='ltr'><strong>ἐκ</strong></span> 
     </span>
    </p>
   </div>
   <div class='ocr_carea' id='block_1_95' title="bbox 155 4941 1732 5027">
    <p class='ocr_par' dir='ltr' id='par_1_95' title="bbox 155 4941 1732 5027">
     <span class='ocr_line' id='line_1_100' title="bbox 155 4941 1732 5027; baseline 0.013 -36"><span class='ocrx_word' id='word_1_696' title='bbox 155 4941 367 4992; x_wconf 79' lang='grc' dir='ltr'>Πόντου</span> <span class='ocrx_word' id='word_1_697' title='bbox 407 4943 726 5008; x_wconf 72' lang='grc' dir='ltr'>κατέπλεον,</span> <span class='ocrx_word' id='word_1_698' title='bbox 760 4948 818 4995; x_wconf 84' lang='grc' dir='ltr'><strong>ἐν</strong></span> <span class='ocrx_word' id='word_1_699' title='bbox 848 4949 984 5016; x_wconf 78' lang='grc' dir='ltr'>αὐτῇ</span> <span class='ocrx_word' id='word_1_700' title='bbox 1029 4950 1128 5012; x_wconf 83' lang='grc' dir='ltr'><strong>τάς</strong></span> <span class='ocrx_word' id='word_1_701' title='bbox 1175 4953 1414 5017; x_wconf 80' lang='grc' dir='ltr'>δεκάτας</span> <span class='ocrx_word' id='word_1_702' title='bbox 1469 4961 1732 5027; x_wconf 75' lang='grc' dir='ltr'>παρεῖχον</span> 
     </span>
    </p>
   </div>
   <div class='ocr_carea' id='block_1_96' title="bbox 146 5033 1729 5120">
    <p class='ocr_par' dir='ltr' id='par_1_96' title="bbox 146 5033 1729 5120">
     <span class='ocr_line' id='line_1_101' title="bbox 146 5033 1729 5120; baseline 0.013 -37"><span class='ocrx_word' id='word_1_703' title='bbox 146 5033 265 5085; x_wconf 85' lang='grc' dir='ltr'><strong>τῶν</strong></span> <span class='ocrx_word' id='word_1_704' title='bbox 298 5036 536 5102; x_wconf 80' lang='grc' dir='ltr'>φόρτων.</span> <span class='ocrx_word' id='word_1_705' title='bbox 592 5037 650 5087; x_wconf 88' lang='lat' dir='ltr'><strong>&#39;U</strong></span> <span class='ocrx_word' id='word_1_706' title='bbox 707 5040 887 5090; x_wconf 82' lang='grc' dir='ltr'>τοίνυν</span> <span class='ocrx_word' id='word_1_707' title='bbox 925 5038 1191 5106; x_wconf 81' lang='grc' dir='ltr'>Ἀττικὸς,</span> <span class='ocrx_word' id='word_1_708' title='bbox 1253 5047 1342 5096; x_wconf 83' lang='grc' dir='ltr'><strong>τὸν</strong></span> <span class='ocrx_word' id='word_1_709' title='bbox 1390 5053 1729 5120; x_wconf 72' lang='grc' dir='ltr'>καταντικρὺ</span> 
     </span>
    </p>
   </div>
   <div class='ocr_carea' id='block_1_97' title="bbox 145 5127 1730 5208">
    <p class='ocr_par' dir='ltr' id='par_1_97' title="bbox 145 5127 1730 5208">
     <span class='ocr_line' id='line_1_102' title="bbox 145 5127 1730 5208; baseline 0.011 -29"><span class='ocrx_word' id='word_1_710' title='bbox 145 5127 559 5194; x_wconf 80' lang='grc' dir='ltr'>Χρυσοπόλεως</span> <span class='ocrx_word' id='word_1_711' title='bbox 610 5131 775 5184; x_wconf 78' lang='grc' dir='ltr'>τόπον</span> <span class='ocrx_word' id='word_1_712' title='bbox 810 5130 935 5186; x_wconf 76' lang='grc' dir='ltr'><strong>ἰδὼν</strong></span> <span class='ocrx_word' id='word_1_713' title='bbox 973 5135 1030 5184; x_wconf 82' lang='grc' dir='ltr'><strong>ἐν</strong></span> <span class='ocrx_word' id='word_1_714' title='bbox 1077 5136 1283 5204; x_wconf 78' lang='grc' dir='ltr'>εὐθέτῳ</span> <span class='ocrx_word' id='word_1_715' title='bbox 1312 5139 1575 5208; x_wconf 85' lang='grc' dir='ltr'>κείμενον</span> <span class='ocrx_word' id='word_1_716' title='bbox 1633 5144 1730 5198; x_wconf 70' lang='grc' dir='ltr'><strong>καὶ</strong></span> 
     </span>
    </p>
   </div>
   <div class='ocr_carea' id='block_1_98' title="bbox 139 5218 1727 5302">
    <p class='ocr_par' dir='ltr' id='par_1_98' title="bbox 139 5218 1727 5302">
     <span class='ocr_line' id='line_1_103' title="bbox 139 5218 1727 5302; baseline 0.011 -32"><span class='ocrx_word' id='word_1_717' title='bbox 139 5218 350 5287; x_wconf 68' lang='grc' dir='ltr'>τέρψιν</span> <span class='ocrx_word' id='word_1_718' title='bbox 394 5220 452 5270; x_wconf 77' lang='grc' dir='ltr'><strong>οὐ</strong></span> <span class='ocrx_word' id='word_1_719' title='bbox 493 5224 726 5290; x_wconf 84' lang='grc' dir='ltr'>μετρίαν</span> <span class='ocrx_word' id='word_1_720' title='bbox 777 5225 1113 5294; x_wconf 81' lang='grc' dir='ltr'>παρέχοντα,</span> <span class='ocrx_word' id='word_1_721' title='bbox 1143 5230 1348 5296; x_wconf 79' lang='grc' dir='ltr'>χρῆναι</span> <span class='ocrx_word' id='word_1_722' title='bbox 1379 5232 1481 5302; x_wconf 77' lang='grc' dir='ltr'>ἔφη</span> <span class='ocrx_word' id='word_1_723' title='bbox 1519 5235 1610 5285; x_wconf 76' lang='grc' dir='ltr'>τὸν</span> <span class='ocrx_word' id='word_1_724' title='bbox 1641 5237 1727 5288; x_wconf 84' lang='grc' dir='ltr'>τό·</span> 
     </span>
    </p>
   </div>
   <div class='ocr_carea' id='block_1_99' title="bbox 139 5312 1722 5386">
    <p class='ocr_par' dir='ltr' id='par_1_99' title="bbox 139 5312 1722 5386">
     <span class='ocr_line' id='line_1_104' title="bbox 139 5312 1722 5386; baseline 0.011 -24"><span class='ocrx_word' id='word_1_725' title='bbox 139 5329 252 5363; x_wconf 84' lang='grc' dir='ltr'><strong>πον</strong></span> <span class='ocrx_word' id='word_1_726' title='bbox 301 5312 493 5366; x_wconf 80' lang='grc' dir='ltr'>τοῦτον</span> <span class='ocrx_word' id='word_1_727' title='bbox 540 5313 935 5383; x_wconf 79' lang='grc' dir='ltr'>Ἀργυρόπολιν</span> <span class='ocrx_word' id='word_1_728' title='bbox 981 5317 1394 5386; x_wconf 78' lang='grc' dir='ltr'>ὀνομάζεσθαι·</span> <span class='ocrx_word' id='word_1_729' title='bbox 1447 5324 1474 5377; x_wconf 80' lang='grc' dir='ltr'><strong>ὃ</strong></span> <span class='ocrx_word' id='word_1_730' title='bbox 1525 5328 1722 5381; x_wconf 69' lang='grc' dir='ltr'>αὐτίκα</span> 
     </span>
    </p>
   </div>
   <div class='ocr_carea' id='block_1_100' title="bbox 138 5403 1722 5485">
    <p class='ocr_par' dir='ltr' id='par_1_100' title="bbox 138 5403 1722 5485">
     <span class='ocr_line' id='line_1_105' title="bbox 138 5403 1722 5485; baseline 0.012 -31"><span class='ocrx_word' id='word_1_731' title='bbox 138 5403 352 5475; x_wconf 73' lang='grc' dir='ltr'>ῥηθὲν,</span> <span class='ocrx_word' id='word_1_732' title='bbox 385 5407 486 5474; x_wconf 83' lang='grc' dir='ltr'>τὴν</span> <span class='ocrx_word' id='word_1_733' title='bbox 515 5408 832 5477; x_wconf 75' lang='grc' dir='ltr'>ἐπωνυμίαν</span> <span class='ocrx_word' id='word_1_734' title='bbox 871 5409 1045 5463; x_wconf 82' lang='grc' dir='ltr'>ἐδίδου</span> <span class='ocrx_word' id='word_1_735' title='bbox 1088 5412 1167 5482; x_wconf 85' lang='grc' dir='ltr'>τῷ</span> <span class='ocrx_word' id='word_1_736' title='bbox 1206 5414 1395 5485; x_wconf 85' lang='grc' dir='ltr'>χώρῳ.</span> <span class='ocrx_word' id='word_1_737' title='bbox 1434 5419 1722 5485; x_wconf 84' lang='grc' dir='ltr'>Λεγόντων</span> 
     </span>
    </p>
   </div>
   <div class='ocr_carea' id='block_1_101' title="bbox 125 5498 1720 5582">
    <p class='ocr_par' dir='ltr' id='par_1_101' title="bbox 125 5498 1720 5582">
     <span class='ocr_line' id='line_1_106' title="bbox 125 5498 1720 5582; baseline 0.011 -33"><span class='ocrx_word' id='word_1_738' title='bbox 125 5498 197 5550; x_wconf 73' lang='grc' dir='ltr'><em>δέ</em></span> <span class='ocrx_word' id='word_1_739' title='bbox 249 5515 416 5552; x_wconf 89' lang='grc' dir='ltr'>τινων</span> <span class='ocrx_word' id='word_1_740' title='bbox 465 5499 792 5570; x_wconf 69' lang='grc' dir='ltr'>ἀσύμφορον</span> <span class='ocrx_word' id='word_1_741' title='bbox 833 5500 974 5558; x_wconf 75' lang='grc' dir='ltr'>εἶναι</span> <span class='ocrx_word' id='word_1_742' title='bbox 1018 5505 1394 5570; x_wconf 75' lang='grc' dir='ltr'>Ναυατιανοὺς</span> <span class='ocrx_word' id='word_1_743' title='bbox 1437 5511 1588 5563; x_wconf 78' lang='grc' dir='ltr'>ἔνδον</span> <span class='ocrx_word' id='word_1_744' title='bbox 1622 5517 1720 5582; x_wconf 81' lang='grc' dir='ltr'>τῆς</span> 
     </span>
    </p>
   </div>
   <div class='ocr_carea' id='block_1_102' title="bbox 124 5592 1713 5667">
    <p class='ocr_par' dir='ltr' id='par_1_102' title="bbox 124 5592 1713 5667">
     <span class='ocr_line' id='line_1_107' title="bbox 124 5592 1713 5667; baseline 0.009 -25"><span class='ocrx_word' id='word_1_745' title='bbox 124 5592 562 5644; x_wconf 80' lang='grc' dir='ltr'>Κωνσταντίνου</span> <span class='ocrx_word' id='word_1_746' title='bbox 599 5597 1015 5665; x_wconf 75' lang='grc' dir='ltr'>ἐκκλησιάζειν,</span> <span class='ocrx_word' id='word_1_747' title='bbox 1068 5598 1367 5667; x_wconf 79' lang='grc' dir='ltr'>’Δγνοείτε,</span> <span class='ocrx_word' id='word_1_748' title='bbox 1406 5603 1481 5666; x_wconf 80' lang='grc' dir='ltr'>ὡς</span> <span class='ocrx_word' id='word_1_749' title='bbox 1513 5608 1713 5664; x_wconf 69' lang='grc' dir='ltr'>ἔοικεν,</span> 
     </span>
    </p>
   </div>
   <div class='ocr_carea' id='block_1_103' title="bbox 116 5682 1715 5758">
    <p class='ocr_par' dir='ltr' id='par_1_103' title="bbox 116 5682 1715 5758">
     <span class='ocr_line' id='line_1_108' title="bbox 116 5682 1715 5758; baseline 0.01 -24"><span class='ocrx_word' id='word_1_750' title='bbox 116 5682 268 5750; x_wconf 69' lang='grc' dir='ltr'>εφη,</span> <span class='ocrx_word' id='word_1_751' title='bbox 297 5684 400 5736; x_wconf 79' lang='grc' dir='ltr'><strong>ὅσα</strong></span> <span class='ocrx_word' id='word_1_752' title='bbox 434 5687 564 5754; x_wconf 76' lang='grc' dir='ltr'>ἡμῖν</span> <span class='ocrx_word' id='word_1_753' title='bbox 597 5689 795 5758; x_wconf 81' lang='grc' dir='ltr'>συνέϐη</span> <span class='ocrx_word' id='word_1_754' title='bbox 827 5691 1020 5744; x_wconf 81' lang='grc' dir='ltr'>παθεῖν</span> <span class='ocrx_word' id='word_1_755' title='bbox 1051 5692 1145 5744; x_wconf 80' lang='grc' dir='ltr'><strong>ἐπὶ</strong></span> <span class='ocrx_word' id='word_1_756' title='bbox 1197 5695 1587 5748; x_wconf 83' lang='grc' dir='ltr'>Κωνσταντίου</span> <span class='ocrx_word' id='word_1_757' title='bbox 1623 5702 1715 5750; x_wconf 67' lang='grc' dir='ltr'><strong>καὶ</strong></span> 
     </span>
    </p>
   </div>
   <div class='ocr_carea' id='block_1_104' title="bbox 121 5775 1711 5859">
    <p class='ocr_par' dir='ltr' id='par_1_104' title="bbox 121 5775 1711 5859">
     <span class='ocr_line' id='line_1_109' title="bbox 121 5775 1711 5859; baseline 0.01 -31"><span class='ocrx_word' id='word_1_758' title='bbox 121 5775 462 5840; x_wconf 70' lang='grc' dir='ltr'>Οὐάλεντος.</span> <span class='ocrx_word' id='word_1_759' title='bbox 502 5779 713 5844; x_wconf 72' lang='grc' dir='ltr'>Ἄλλως</span> <span class='ocrx_word' id='word_1_760' title='bbox 745 5800 802 5835; x_wconf 86' lang='grc' dir='ltr'><strong>τε</strong></span> <span class='ocrx_word' id='word_1_761' title='bbox 853 5784 908 5836; x_wconf 78' lang='grc' dir='ltr'>δὲ</span> <span class='ocrx_word' id='word_1_762' title='bbox 959 5785 1051 5835; x_wconf 79' lang='grc' dir='ltr'>καὶ</span> <span class='ocrx_word' id='word_1_763' title='bbox 1107 5786 1388 5858; x_wconf 83' lang='grc' dir='ltr'>μάρτυρες</span> <span class='ocrx_word' id='word_1_764' title='bbox 1421 5788 1566 5843; x_wconf 74' lang='grc' dir='ltr'>οὗτοι</span> <span class='ocrx_word' id='word_1_765' title='bbox 1616 5793 1711 5859; x_wconf 71' lang='grc' dir='ltr'>τῆς</span> 
     </span>
    </p>
   </div>
   <div class='ocr_carea' id='block_1_105' title="bbox 1845 4596 3415 4686">
    <p class='ocr_par' dir='ltr' id='par_1_105' title="bbox 1845 4596 3415 4686">
     <span class='ocr_line' id='line_1_110' title="bbox 1845 4596 3415 4686; baseline 0.024 -46"><span class='ocrx_word' id='word_1_766' title='bbox 1845 4601 2042 4657; x_wconf 86' lang='lat' dir='ltr'><strong>morat,</strong></span> <span class='ocrx_word' id='word_1_767' title='bbox 2083 4596 2232 4662; x_wconf 89' lang='lat' dir='ltr'><strong>quod</strong></span> <span class='ocrx_word' id='word_1_768' title='bbox 2274 4599 2591 4658; x_wconf 75' lang='lat' dir='ltr'><strong>Alcibiades</strong></span> <span class='ocrx_word' id='word_1_769' title='bbox 2625 4607 2715 4661; x_wconf 85' lang='lat' dir='ltr'><strong>ille</strong></span> <span class='ocrx_word' id='word_1_770' title='bbox 2750 4625 2906 4664; x_wconf 90' lang='lat' dir='ltr'><strong>muro</strong></span> <span class='ocrx_word' id='word_1_771' title='bbox 2934 4596 3254 4686; x_wconf 75' lang='lat' dir='ltr'><strong>Chrysopoli</strong></span> <span class='ocrx_word' id='word_1_772' title='bbox 3290 4640 3415 4676; x_wconf 83' lang='lat' dir='ltr'><strong>uin-</strong></span> 
     </span>
    </p>
   </div>
   <div class='ocr_carea' id='block_1_106' title="bbox 1841 4682 3413 4770">
    <p class='ocr_par' dir='ltr' id='par_1_106' title="bbox 1841 4682 3413 4770">
     <span class='ocr_line' id='line_1_111' title="bbox 1841 4682 3413 4770; baseline 0.024 -36"><span class='ocrx_word' id='word_1_773' title='bbox 1841 4682 1979 4748; x_wconf 89' lang='lat' dir='ltr'><strong>nita,</strong></span> <span class='ocrx_word' id='word_1_774' title='bbox 2012 4686 2353 4744; x_wconf 86' lang='lat' dir='ltr'><strong>decimarum</strong></span> <span class='ocrx_word' id='word_1_775' title='bbox 2389 4697 2833 4764; x_wconf 75' lang='lat' dir='ltr'><strong>accipiendarum</strong></span> <span class='ocrx_word' id='word_1_776' title='bbox 2869 4707 3056 4760; x_wconf 88' lang='lat' dir='ltr'><strong>sedem</strong></span> <span class='ocrx_word' id='word_1_777' title='bbox 3097 4712 3166 4763; x_wconf 89' lang='lat' dir='ltr'><strong>ibi</strong></span> <span class='ocrx_word' id='word_1_778' title='bbox 3206 4719 3413 4770; x_wconf 75' lang='lat' dir='ltr'><strong>consti-</strong></span> 
     </span>
    </p>
   </div>
   <div class='ocr_carea' id='block_1_107' title="bbox 1841 4777 3410 4861">
    <p class='ocr_par' dir='ltr' id='par_1_107' title="bbox 1841 4777 3410 4861">
     <span class='ocr_line' id='line_1_112' title="bbox 1841 4777 3410 4861; baseline 0.02 -34"><span class='ocrx_word' id='word_1_779' title='bbox 1841 4777 2025 4830; x_wconf 90' lang='lat' dir='ltr'><strong>tuerit.</strong></span> <span class='ocrx_word' id='word_1_780' title='bbox 2082 4783 2413 4851; x_wconf 75' lang='lat' dir='ltr'><strong>Quicunque</strong></span> <span class='ocrx_word' id='word_1_781' title='bbox 2480 4789 2628 4841; x_wconf 75' lang='lat' dir='ltr'><strong>enim</strong></span> <span class='ocrx_word' id='word_1_782' title='bbox 2702 4805 3039 4852; x_wconf 75' lang='lat' dir='ltr'><strong>mercatores</strong></span> <span class='ocrx_word' id='word_1_783' title='bbox 3104 4818 3169 4855; x_wconf 81' lang='lat' dir='ltr'><strong>ex</strong></span> <span class='ocrx_word' id='word_1_784' title='bbox 3236 4805 3410 4861; x_wconf 78' lang='lat' dir='ltr'><strong>Ponto</strong></span> 
     </span>
    </p>
   </div>
   <div class='ocr_carea' id='block_1_108' title="bbox 1839 4873 3404 4964">
    <p class='ocr_par' dir='ltr' id='par_1_108' title="bbox 1839 4873 3404 4964">
     <span class='ocr_line' id='line_1_113' title="bbox 1839 4873 3404 4964; baseline 0.023 -48"><span class='ocrx_word' id='word_1_785' title='bbox 1839 4873 2383 4940; x_wconf 61' lang='lat' dir='ltr'><strong>pra-ternavigarent,</strong></span> <span class='ocrx_word' id='word_1_786' title='bbox 2423 4876 2668 4936; x_wconf 75' lang='lat' dir='ltr'><strong>decimas</strong></span> <span class='ocrx_word' id='word_1_787' title='bbox 2710 4897 2777 4936; x_wconf 90' lang='lat' dir='ltr'><strong>eo</strong></span> <span class='ocrx_word' id='word_1_788' title='bbox 2815 4884 2937 4940; x_wconf 86' lang='lat' dir='ltr'><strong>loco</strong></span> <span class='ocrx_word' id='word_1_789' title='bbox 2968 4892 3231 4947; x_wconf 91' lang='lat' dir='ltr'><strong>mercium</strong></span> <span class='ocrx_word' id='word_1_790' title='bbox 3266 4913 3404 4964; x_wconf 77' lang='lat' dir='ltr'><strong>prm—</strong></span> 
     </span>
    </p>
   </div>
   <div class='ocr_carea' id='block_1_109' title="bbox 1838 4955 3408 5055">
    <p class='ocr_par' dir='ltr' id='par_1_109' title="bbox 1838 4955 3408 5055">
     <span class='ocr_line' id='line_1_114' title="bbox 1838 4955 3408 5055; baseline 0.022 -48"><span class='ocrx_word' id='word_1_791' title='bbox 1838 4955 2098 5012; x_wconf 88' lang='lat' dir='ltr'><strong>buerunt.</strong></span> <span class='ocrx_word' id='word_1_792' title='bbox 2135 4960 2347 5016; x_wconf 79' lang='lat' dir='ltr'><strong>Atticus</strong></span> <span class='ocrx_word' id='word_1_793' title='bbox 2396 4965 2564 5034; x_wconf 84' lang='lat' dir='ltr'><strong>igitur</strong></span> <span class='ocrx_word' id='word_1_794' title='bbox 2596 4969 2779 5024; x_wconf 79' lang='lat' dir='ltr'><strong>locum</strong></span> <span class='ocrx_word' id='word_1_795' title='bbox 2835 4989 2866 5028; x_wconf 92' lang='lat' dir='ltr'><strong>e</strong></span> <span class='ocrx_word' id='word_1_796' title='bbox 2915 4980 3135 5046; x_wconf 74' lang='lat' dir='ltr'><strong>regione</strong></span> <span class='ocrx_word' id='word_1_797' title='bbox 3172 4983 3408 5055; x_wconf 86' lang='lat' dir='ltr'><strong>Chryso-</strong></span> 
     </span>
    </p>
   </div>
   <div class='ocr_carea' id='block_1_110' title="bbox 1833 5048 3408 5135">
    <p class='ocr_par' dir='ltr' id='par_1_110' title="bbox 1833 5048 3408 5135">
     <span class='ocr_line' id='line_1_115' title="bbox 1833 5048 3408 5135; baseline 0.022 -35"><span class='ocrx_word' id='word_1_798' title='bbox 1833 5048 1982 5115; x_wconf 88' lang='lat' dir='ltr'><strong>poli,</strong></span> <span class='ocrx_word' id='word_1_799' title='bbox 2047 5056 2335 5110; x_wconf 88' lang='lat' dir='ltr'><strong>commode</strong></span> <span class='ocrx_word' id='word_1_800' title='bbox 2398 5073 2520 5112; x_wconf 91' lang='lat' dir='ltr'><strong>cum</strong></span> <span class='ocrx_word' id='word_1_801' title='bbox 2579 5077 2688 5116; x_wconf 89' lang='lat' dir='ltr'><strong>non</strong></span> <span class='ocrx_word' id='word_1_802' title='bbox 2753 5067 3017 5123; x_wconf 90' lang='lat' dir='ltr'><strong>mediocri</strong></span> <span class='ocrx_word' id='word_1_803' title='bbox 3087 5081 3408 5135; x_wconf 70' lang='lat' dir='ltr'><strong>animnitate</strong></span> 
     </span>
    </p>
   </div>
   <div class='ocr_carea' id='block_1_111' title="bbox 1831 5141 3406 5240">
    <p class='ocr_par' dir='ltr' id='par_1_111' title="bbox 1831 5141 3406 5240">
     <span class='ocr_line' id='line_1_116' title="bbox 1831 5141 3406 5240; baseline 0.022 -47"><span class='ocrx_word' id='word_1_804' title='bbox 1831 5141 1996 5194; x_wconf 87' lang='lat' dir='ltr'><strong>situm</strong></span> <span class='ocrx_word' id='word_1_805' title='bbox 2033 5157 2288 5211; x_wconf 88' lang='lat' dir='ltr'><strong>cernens,</strong></span> <span class='ocrx_word' id='word_1_806' title='bbox 2318 5148 2696 5220; x_wconf 84' lang='lat' dir='ltr'><strong>Argyropolim</strong></span> <span class='ocrx_word' id='word_1_807' title='bbox 2745 5173 2869 5212; x_wconf 87' lang='lat' dir='ltr'><strong>eum</strong></span> <span class='ocrx_word' id='word_1_808' title='bbox 2919 5164 3192 5222; x_wconf 83' lang='lat' dir='ltr'><strong>nominari</strong></span> <span class='ocrx_word' id='word_1_809' title='bbox 3239 5186 3406 5240; x_wconf 88' lang='lat' dir='ltr'><strong>opor-</strong></span> 
     </span>
    </p>
   </div>
   <div class='ocr_carea' id='block_1_112' title="bbox 1831 5233 3399 5328">
    <p class='ocr_par' dir='ltr' id='par_1_112' title="bbox 1831 5233 3399 5328">
     <span class='ocr_line' id='line_1_117' title="bbox 1831 5233 3399 5328; baseline 0.022 -44"><span class='ocrx_word' id='word_1_810' title='bbox 1831 5239 1947 5286; x_wconf 90' lang='lat' dir='ltr'><strong>tere</strong></span> <span class='ocrx_word' id='word_1_811' title='bbox 1986 5233 2158 5300; x_wconf 75' lang='lat' dir='ltr'><strong>dixit,</strong></span> <span class='ocrx_word' id='word_1_812' title='bbox 2198 5239 2345 5307; x_wconf 90' lang='lat' dir='ltr'><strong>quod</strong></span> <span class='ocrx_word' id='word_1_813' title='bbox 2377 5243 2604 5297; x_wconf 82' lang='lat' dir='ltr'><strong>verbum</strong></span> <span class='ocrx_word' id='word_1_814' title='bbox 2637 5249 2847 5316; x_wconf 88' lang='lat' dir='ltr'><strong>regioni</strong></span> <span class='ocrx_word' id='word_1_815' title='bbox 2877 5255 3061 5309; x_wconf 88' lang='lat' dir='ltr'><strong>statim</strong></span> <span class='ocrx_word' id='word_1_816' title='bbox 3096 5273 3399 5328; x_wconf 79' lang='lat' dir='ltr'><strong>cognomen</strong></span> 
     </span>
    </p>
   </div>
   <div class='ocr_carea' id='block_1_113' title="bbox 1828 5323 3398 5421">
    <p class='ocr_par' dir='ltr' id='par_1_113' title="bbox 1828 5323 3398 5421">
     <span class='ocr_line' id='line_1_118' title="bbox 1828 5323 3398 5421; baseline 0.022 -45"><span class='ocrx_word' id='word_1_817' title='bbox 1828 5323 2049 5381; x_wconf 89' lang='lat' dir='ltr'><strong>indidit.</strong></span> <span class='ocrx_word' id='word_1_818' title='bbox 2075 5328 2416 5394; x_wconf 88' lang='lat' dir='ltr'><strong>Quibusdam</strong></span> <span class='ocrx_word' id='word_1_819' title='bbox 2444 5335 2783 5405; x_wconf 90' lang='lat' dir='ltr'><strong>dicentibus,</strong></span> <span class='ocrx_word' id='word_1_820' title='bbox 2816 5345 3227 5405; x_wconf 88' lang='lat' dir='ltr'><strong>incommodum</strong></span> <span class='ocrx_word' id='word_1_821' title='bbox 3252 5371 3398 5421; x_wconf 88' lang='lat' dir='ltr'><strong>esse,</strong></span> 
     </span>
    </p>
   </div>
   <div class='ocr_carea' id='block_1_114' title="bbox 1825 5419 3454 5515">
    <p class='ocr_par' dir='ltr' id='par_1_114' title="bbox 1825 5419 3454 5515">
     <span class='ocr_line' id='line_1_119' title="bbox 1825 5419 3454 5515; baseline 0.02 -45"><span class='ocrx_word' id='word_1_822' title='bbox 1825 5420 1970 5487; x_wconf 90' lang='lat' dir='ltr'><strong>quod</strong></span> <span class='ocrx_word' id='word_1_823' title='bbox 2033 5419 2323 5478; x_wconf 86' lang='lat' dir='ltr'><strong>Novatiani</strong></span> <span class='ocrx_word' id='word_1_824' title='bbox 2389 5427 2530 5484; x_wconf 87' lang='lat' dir='ltr'><strong>intra</strong></span> <span class='ocrx_word' id='word_1_825' title='bbox 2597 5432 2788 5488; x_wconf 84' lang='lat' dir='ltr'><strong>urbem</strong></span> <span class='ocrx_word' id='word_1_826' title='bbox 2860 5419 3454 5515; x_wconf 86' lang='lat' dir='ltr'><strong>Constantinopolim’</strong></span> 
     </span>
    </p>
   </div>
   <div class='ocr_carea' id='block_1_115' title="bbox 1823 5524 2413 5587">
    <p class='ocr_par' dir='ltr' id='par_1_115' title="bbox 1823 5524 2413 5587">
     <span class='ocr_line' id='line_1_120' title="bbox 1823 5524 2413 5587; baseline 0.008 -20"><span class='ocrx_word' id='word_1_827' title='bbox 1823 5524 2129 5571; x_wconf 87' lang='lat' dir='ltr'><strong>conventus</strong></span> <span class='ocrx_word' id='word_1_828' title='bbox 2187 5529 2413 5587; x_wconf 87' lang='lat' dir='ltr'><strong>agerent</strong></span> 
     </span>
    </p>
   </div>
   <div class='ocr_carea' id='block_1_116' title="bbox 1820 5608 3390 5695">
    <p class='ocr_par' dir='ltr' id='par_1_116' title="bbox 1820 5608 3390 5695">
     <span class='ocr_line' id='line_1_121' title="bbox 1820 5608 3390 5695; baseline 0.019 -38"><span class='ocrx_word' id='word_1_829' title='bbox 1820 5621 1943 5677; x_wconf 71' lang='lat' dir='ltr'><strong>qua:</strong></span> <span class='ocrx_word' id='word_1_830' title='bbox 1987 5608 2092 5662; x_wconf 88' lang='lat' dir='ltr'><strong>sub</strong></span> <span class='ocrx_word' id='word_1_831' title='bbox 2132 5610 2460 5668; x_wconf 83' lang='lat' dir='ltr'><strong>Constantio</strong></span> <span class='ocrx_word' id='word_1_832' title='bbox 2510 5626 2566 5669; x_wconf 88' lang='lat' dir='ltr'><strong>et</strong></span> <span class='ocrx_word' id='word_1_833' title='bbox 2607 5619 2835 5678; x_wconf 82' lang='lat' dir='ltr'><strong>Valente</strong></span> <span class='ocrx_word' id='word_1_834' title='bbox 2883 5628 3125 5695; x_wconf 84' lang='lat' dir='ltr'><strong>perpessi</strong></span> <span class='ocrx_word' id='word_1_835' title='bbox 3177 5645 3390 5687; x_wconf 84' lang='lat' dir='ltr'><strong>sumus.</strong></span> 
     </span>
    </p>
   </div>
   <div class='ocr_carea' id='block_1_117' title="bbox 1822 5699 3390 5782">
    <p class='ocr_par' dir='ltr' id='par_1_117' title="bbox 1822 5699 3390 5782">
     <span class='ocr_line' id='line_1_122' title="bbox 1822 5699 3390 5782; baseline 0.018 -30"><span class='ocrx_word' id='word_1_836' title='bbox 1822 5699 2092 5756; x_wconf 71' lang='lat' dir='ltr'><strong>Praeterea</strong></span> <span class='ocrx_word' id='word_1_837' title='bbox 2127 5721 2257 5758; x_wconf 85' lang='lat' dir='ltr'><strong>vero</strong></span> <span class='ocrx_word' id='word_1_838' title='bbox 2290 5716 2457 5762; x_wconf 80' lang='lat' dir='ltr'><strong>testes</strong></span> <span class='ocrx_word' id='word_1_839' title='bbox 2500 5710 2575 5764; x_wconf 91' lang='lat' dir='ltr'><strong>ibi</strong></span> <span class='ocrx_word' id='word_1_840' title='bbox 2612 5713 2774 5768; x_wconf 91' lang='lat' dir='ltr'><strong>nobis</strong></span> <span class='ocrx_word' id='word_1_841' title='bbox 2817 5726 2947 5771; x_wconf 92' lang='lat' dir='ltr'><strong>sunt</strong></span> <span class='ocrx_word' id='word_1_842' title='bbox 2980 5719 3105 5776; x_wconf 88' lang='lat' dir='ltr'><strong>lidei</strong></span> <span class='ocrx_word' id='word_1_843' title='bbox 3137 5738 3390 5782; x_wconf 83' lang='lat' dir='ltr'><strong>veraces.</strong></span> 
     </span>
    </p>
   </div>
   <div class='ocr_carea' id='block_1_118' title="bbox 1816 5790 3392 5871">
    <p class='ocr_par' dir='ltr' id='par_1_118' title="bbox 1816 5790 3392 5871">
     <span class='ocr_line' id='line_1_123' title="bbox 1816 5790 3392 5871; baseline 0.017 -26"><span class='ocrx_word' id='word_1_844' title='bbox 1816 5790 1951 5846; x_wconf 86' lang='lat' dir='ltr'><strong>Cum</strong></span> <span class='ocrx_word' id='word_1_845' title='bbox 1977 5796 2122 5849; x_wconf 89' lang='lat' dir='ltr'><strong>enim</strong></span> <span class='ocrx_word' id='word_1_846' title='bbox 2150 5797 2473 5866; x_wconf 83' lang='lat' dir='ltr'><strong>jamdudum</strong></span> <span class='ocrx_word' id='word_1_847' title='bbox 2507 5803 2575 5858; x_wconf 88' lang='lat' dir='ltr'><strong>ab</strong></span> <span class='ocrx_word' id='word_1_848' title='bbox 2605 5805 2850 5862; x_wconf 82' lang='lat' dir='ltr'><strong>Ecclesia</strong></span> <span class='ocrx_word' id='word_1_849' title='bbox 2887 5812 3177 5869; x_wconf 78' lang='lat' dir='ltr'><strong>universali</strong></span> <span class='ocrx_word' id='word_1_850' title='bbox 3207 5832 3392 5871; x_wconf 78' lang='lat' dir='ltr'><strong>seces-</strong></span> 
     </span>
    </p>
   </div>
   <div class='ocr_carea' id='block_1_119' title="bbox 2465 5522 3394 5608">
    <p class='ocr_par' dir='ltr' id='par_1_119' title="bbox 2465 5522 3394 5608">
     <span class='ocr_line' id='line_1_124' title="bbox 2465 5522 3394 5608; baseline 0.022 -34"><span class='ocrx_word' id='word_1_851' title='bbox 2465 5539 2478 5574; x_wconf 88' lang='lat'>:</span> <span class='ocrx_word' id='word_1_852' title='bbox 2530 5522 2789 5595; x_wconf 88' lang='lat' dir='ltr'><strong>lgnorare</strong></span> <span class='ocrx_word' id='word_1_853' title='bbox 2835 5530 3132 5598; x_wconf 87' lang='lat' dir='ltr'><strong>videmini,</strong></span> <span class='ocrx_word' id='word_1_854' title='bbox 3191 5538 3394 5608; x_wconf 77' lang='lat' dir='ltr'><strong>inquit,</strong></span> 
     </span>
    </p>
   </div>
  </div>
