3910 6218
568 269 707 335 Μῖνι

1782 282 2162 344 NICEPHOR

2249 285 2594 346 CALLlSTI
3593 302 3682 367 1:40

568 377 963 458 TheOpliilum,
997 391 1052 446 in
1096 391 1424 448 confusione
1458 403 1516 449 et
1553 395 1711 450 turba
1758 415 1786 452 a
1817 400 2018 456 (ἐι-περιρ
2050 418 2148 457 su-

2253 405 2428 475 βραχῦ
2476 404 2766 474 ἀκριϐείας
2809 405 3261 474 προτετιμηκότα.
3285 409 3345 461 Al
3387 412 3479 482 γὰρ
3505 415 3555 482 δὴ
3581 421 3685 488 μέγι.

565 481 910 550 perstitionis
954 483 1223 539 studiosis
1269 486 1534 549 excitata,
1579 497 1828 544 exactam
1873 491 1939 545 ad
1975 493 2143 548 breve

568 581 789 642 tempus
823 573 1266 629 observationem
1304 577 1424 645 paci
1457 578 1867 646 posthabuisse.
1899 583 2146 638 Maxima:

568 662 717 716 enim
743 677 976 732 quaeque
1003 664 1174 719 urbes
1205 668 1398 736 pelago
1426 667 1688 726 fluctibus
1724 674 1996 742 exagitato
2024 692 2148 746 per-

570 755 801 819 similes,
859 771 924 810 ex
975 761 1248 814 sententia
1305 761 1550 828 civium,
1606 779 1716 818 non
1777 777 1884 820 tam
1930 784 2146 824 summa

571 847 752 915 legum
779 855 837 902 et
866 850 1332 906 constitutionum
1363 853 1769 922 observatione,
1796 876 1958 930 quam
1985 879 2151 934 expe-

571 936 866 992 ditissimis
917 940 1168 995 consiliis
1226 951 1390 1011 atque
1437 945 1682 1016 judiciis,
1729 950 1794 1002 ad
1847 966 2034 1020 pacem
2069 964 2150 1008 et

571 1030 924 1084 concordiam
978 1031 1336 1099 facientibus,
1391 1038 1504 1106 regi
1553 1048 1720 1109 atque
1770 1042 2147 1100 administrari

573 1120 772 1173 solent.
808 1121 924 1186 Qua
963 1139 1094 1177 vero
1136 1128 1200 1180 de
1228 1142 1392 1181 causa
1424 1128 1641 1185 litteras
1685 1133 1850 1188 hasce
1885 1137 2148 1197 scribam.

571 1212 786 1280 accipe.
839 1215 1003 1268 Novit
1042 1219 1306 1273 sanctitas
1344 1231 1456 1282 tua.
1513 1239 1576 1276 ac
1624 1225 1808 1292 potius
1861 1227 1971 1282 illis
2020 1230 2153 1298 ipsis

573 1304 753 1358 oculis
796 1305 1066 1368 intuetur,
1101 1311 1302 1378 quibus
1335 1313 1425 1382 qui
1473 1314 1527 1368 in
1576 1317 1782 1373 sanctis
1831 1331 1936 1379 est,
1993 1320 2154 1375 Pater

578 1405 768 1449 noster
797 1396 1166 1468 Theophilus,
1218 1407 1525 1474 conspexit,
1557 1409 1737 1476 qualis
1771 1421 1826 1464 et
1857 1428 2021 1480 quam
2072 1413 2153 1467 in-

575 1503 712 1555 gens
742 1491 924 1552 turba,
962 1509 1210 1561 magnam
1241 1499 1380 1552 hanc
1412 1501 1678 1556 invaserit
1710 1502 1900 1558 urbem
1937 1525 1948 1558 :
1989 1519 2153 1577 atque

577 1589 638 1634 ut
664 1581 716 1633 in
745 1595 810 1635 ea
850 1587 1092 1640 sanctior
1130 1587 1265 1642 fides
1299 1600 1355 1644 et
1388 1592 1583 1667 pietas,
1618 1609 1688 1649 ne
1719 1596 1968 1652 fittiditus
1993 1614 2156 1653 erue-

575 1681 753 1732 retur.
789 1675 1094 1743 periclitata
1123 1681 1196 1734 sit
1222 1696 1234 1733 :
1260 1682 1398 1736 adeo
1417 1685 1579 1738 etiam
1607 1689 1919 1757 utpopulus
1950 1691 2154 1762 majore

2249 515 2370 550 σται
2411 497 2522 549 τῶν
2557 497 2770 549 πόλεων
2817 500 3222 568 κυμαινομένης
3252 501 3490 572 θαλάσσης
3517 509 3685 578 κύμασιν

2247 589 2481 640 ἐοικυῖαι
2510 627 2525 651 ,
2574 588 2718 640 κατὰ
2768 587 2866 649 τὰς
2907 587 3130 654 γνώμας
3183 590 3286 643 τῶν
3323 595 3606 662 οἰκητόρων,
3646 605 3684 654 οὗ

2245 681 2500 734 τοσοῦτον
2532 682 2722 746 νόμοις
2755 681 2852 733 καὶ
2887 681 3188 745 διατάξεσιν
3217 685 3441 752 ἀκριϐέσι
3482 692 3682 758 πεφύκασι

2249 773 2537 826 πείθεσθαι
2565 815 2580 834 ,
2637 774 2762 825 ὅσον
2791 773 3128 841 διακρίσεσιν
3160 777 3589 845 εὐμεταχειρίστοις
3611 784 3687 851 βλε-

2195 936 2198 939 _
2249 868 2480 922 ποὺσαιε
2514 866 2650 934 πρὸς
2676 867 2907 936 είρήνην
2945 866 3039 918 καὶ
3074 867 3383 934 σύμπνοιαν.
3406 872 3540 923 Ὂτον
3563 875 3602 925 δὲ
3628 879 3686 944 χὰ-

2251 976 2339 1028 ριν
2382 957 2652 1029 ἐκτίθημι
2679 958 2851 1010 ταῦτα
2882 959 2950 1010 τὰ
2979 960 3293 1036 γράμματα.
3325 959 3546 1026 μάνθανε.
3569 966 3688 1031 Ἐγνιν)

2255 1072 2360 1106 που
2393 1055 2610 1111 πάντως
2645 1053 2677 1120 ἡ
2723 1053 2789 1121 σὴ
2817 1053 3056 1118 ὁσιότης.
3089 1053 3280 1119 μᾶλλον
3308 1055 3357 1106 δὲ
3398 1056 3599 1109 τεθέαται
3620 1064 3686 1121 τπῑς

2249 1144 2550 1212 ὀφθαλμοῖς
2579 1143 2813 1200 ἐκείνοις
2863 1138 3061 1212 οἷσπερ
3105 1139 3244 1194 οίδεν
3275 1146 3302 1196 ό
3327 1146 3379 1194 ὲν
3405 1146 3547 1213 ἁγίοις
3569 1149 3689 1219 Πατὴρ

2252 1233 2410 1302 ἡμῶν
2439 1234 2466 1284 ό
2495 1232 2778 1299 Θεόφιλος,
2807 1231 2896 1283 οἶα
2921 1233 3016 1284 καὶ⁵
3038 1233 3137 1300 ὅση
3167 1233 3366 1302 ταραχὴ
3391 1237 3602 1288 κατέλσεε
3631 1243 3688 1302 τὴν

2252 1325 2652 1393 Μεγαλόπολινο
2683 1325 2780 1377 καὶ
2810 1326 2958 1386 ὅπως
2986 1327 3048 1376 ὲκ
3075 1325 3181 1377 τῶν
3222 1325 3418 1394 βάθρων
3444 1327 3585 1378 αὐτῶν
3604 1332 3690 1378 ἐκιν-

2252 1418 2511 1472 δύνευσεν
2565 1419 2600 1488 ἡ
2654 1417 2886 1488 εὐσεϐὴς
2938 1417 3121 1479 πίστις
3172 1419 3690 1486 κατασεισθῆνσιοὼστε

2255 1511 2350 1564 καὶ
2375 1510 2536 1563 αὐτὸν
2554 1510 2648 1561 τὸν
2677 1508 2816 1562 λεὼν
2843 1508 3130 1579 τμηθέντα
3152 1509 3227 1579 τῷ
3256 1510 3438 1561 πλείονι
3471 1511 3605 1579 μέρει.
3628 1513 3692 1564 τίιν

2256 1601 2452 1671 τειχῶν
2503 1601 2660 1662 ἐκτὸς
2696 1601 3185 1670 συναθροίζεσθαι,
3235 1603 3324 1654 καὶ
3368 1604 3473 1664 τοὺς
3506 1604 3693 1669 ίερέιςιε

2259 1696 2356 1745 καὶ
2381 1693 2823 1756 συνεπισκόπους
2854 1693 3243 1764 ἀπορραγῆναι
3271 1695 3360 1761 τῆς
3390 1694 3694 1762 πρδςάὶλήὶονς

577 1781 644 1820 ex
670 1777 827 1836 parte
856 1784 956 1839 per
990 1770 1282 1828 factionem
1331 1778 1561 1842 scissus,
1605 1792 1758 1836 extra
1791 1799 1981 1839 muros
2025 1803 2156 1842 con-

2257 1785 2568 1847 κοινωνίας,
2598 1785 2696 1853 τὴν
2726 1786 2939 1853 ἀγαθὴν
2978 1786 3206 1853 φυτείαν
3237 1785 3326 1837 τοῦ
3369 1787 3583 1838 Δεσπότου
3607 1785 3696 1853 X9:-

577 1868 779 1914 ventus
810 1863 984 1929 egerit
1024 1881 1040 1918 :
1082 1875 1140 1918 et
1173 1867 1424 1937 plerique
1480 1873 1804 1928 sacerdotes
1843 1885 1899 1928 et
1936 1876 2157 1948 collegae

577 1949 758 2003 nostri
786 1951 1053 2021 episcopi,
1077 1970 1106 2008 a
1131 1966 1323 2011 mutua
1350 1961 1740 2016 communione
1763 1962 2154 2032 desciscentes,

581 2040 784 2096 bonam
814 2043 1210 2112 plantationem
1259 2047 1474 2104 Domini
1522 2051 1650 2106 Jesu
1689 2052 1918 2119 Christi,
1963 2071 2155 2125 parum

581 2133 743 2189 abest
768 2138 898 2206 quin
943 2139 1266 2207 evulserint,
1315 2145 1468 2213 pacis
1509 2147 1899 2202 commoditate
1948 2149 2160 2203 scilicet

589 2226 995 2296 aliquantulum
1046 2230 1334 2292 distracta.
1391 2235 1649 2291 Sedenim
1690 2239 1864 2292 multo
1903 2254 2035 2294 sane
2073 2239 2157 2293 la-

581 2319 742 2386 bore,
788 2323 962 2376 multo
1013 2324 1238 2388 sudore,
1272 2337 1329 2382 et
1357 2329 1621 2398 periculis
1671 2332 1861 2386 multis
1893 2332 2158 2400 despera-

581 2413 749 2469 tionis
779 2415 974 2483 plenis,
1011 2417 1241 2486 plurima
1273 2429 1327 2474 et
1360 2422 1598 2476 maxima
1635 2439 1868 2494 quaaque
1911 2440 2160 2479 comatu-

581 2506 736 2560 nium
786 2509 1010 2564 Patrum
1059 2523 1373 2568 nostrorum
1401 2524 1566 2584 atque
1595 2518 1763 2571 etiam
1804 2517 2024 2588 pietatis
2055 2529 2160 2572 tua:

581 2599 842 2668 precibus
897 2615 953 2656 et
1001 2605 1412 2675 conspiratione
1471 2611 1648 2678 sopita
1697 2619 1828 2664 sunt
1876 2611 2034 2666 mala.
2093 2611 2162 2665 Et

583 2691 748 2747 turba
793 2695 1016 2763 quidem
1053 2696 1143 2752 illa
1193 2701 1534 2770 conquievit,
1587 2703 1883 2758 concordia
1938 2719 2070 2759 vero
2105 2715 2160 2760 et

583 2798 778 2839 serena
810 2788 1180 2858 tranquillitas
1207 2790 1261 2844 in
1291 2792 1446 2848 orbis
1471 2794 1712 2850 universi
1741 2796 1990 2850 ecclesiis
2019 2797 2163 2852 obti-

581 2885 700 2930 net.
737 2874 871 2931 Cum
908 2893 1038 2934 vero
1069 2881 1321 2937 nonnulli
1355 2899 1556 2940 nomen
1583 2893 1795 2940 tantum
1825 2887 1969 2942 beati
1990 2887 2161 2942 Joan-

583 2968 674 3021 nis
703 2971 948 3040 mysticis
981 2972 1182 3029 tabulis
1209 2974 1441 3032 inscribi
1467 2977 1690 3043 vellent,
1722 2979 1921 3036 beatus
1944 2984 2160 3051 episco-

2260 1877 2412 1940 στοῦ,
2445 1877 2506 1929 τὸ
2547 1878 2646 1947 τῆς
2679 1878 2906 1945 είρήνης
2958 1878 3108 1945 λέγω
3138 1878 3319 1938 καλὸν,
3351 1877 3511 1945 μικροῦ
3533 1879 3696 1928 διασπά-

2259 1982 2484 2027 σαντας.
2519 1967 2726 2034 Διόπερ
2769 1966 2952 2035 πολλῷ
2987 1967 3090 2034 μὲν
3129 1967 3293 2036 πόνῳ,
3325 1967 3476 2034 πολλῷ
3499 1967 3538 2018 δὲ
3566 1967 3697 2036 ἱδρῶτι

2259 2060 2357 2112 καὶ
2393 2057 2661 2119 κινδύνοις
2699 2060 2963 2127 γέμουσιν
3005 2058 3360 2126 ἀπογνώσεως
3407 2059 3459 2110 τὰ
3490 2059 3612 2110 πλείω
3633 2061 3699 2109 καὶ

2259 2147 2636 2217 προτιμότερα
2664 2189 2679 2210 ,
2717 2150 3058 2216 προσευχαῖς
3114 2163 3175 2200 τε
3225 2149 3316 2200 καὶ
3341 2147 3596 2216 συμπνοίσις
3627 2147 3700 2198 τῶν

2259 2237 2453 2290 κοινῶν
2490 2237 2748 2308 Πατέρων
2790 2238 2971 2307 ἡμῶν,
3008 2237 3090 2290 ἔτι
3140 2254 3201 2304 γε
3237 2237 3335 2306 μὴν
3366 2237 3449 2289 καὶ
3483 2237 3556 2305 τῆς
3578 2237 3696 2287 θεοσε-

2261 2329 2435 2392 ϐείας,
2469 2328 2652 2399 ἐκείνη
2705 2330 2802 2398 μὲν
2844 2331 3228 2399 κατηυνάσθη·
3265 2328 3698 2398 όμόνοιαδὲκοὶτιο

2261 2421 2397 2488 λήνη
2421 2422 2643 2492 κατέχει
2673 2422 2770 2484 τάς
2815 2421 2962 2475 κατὰ
3009 2424 3114 2493 τὴν
3143 2423 3443 2491 οἰκουμένην
3480 2421 3700 2487 ἐκκλησίας.

2271 2514 2497 2582 Ἐπειδὴ
2540 2514 2598 2566 δέ
2635 2530 2784 2577 τινες
2833 2514 2936 2584 τὴν
2988 2515 3363 2584 προσηγορίαν
3393 2513 3524 2582 μόνον
3548 2511 3614 2563 τοῦ
3638 2528 3705 2579 μα-

2261 2603 2454 2673 καρίου
2481 2603 2738 2656 Ἰωάννου
2792 2607 2914 2668 ταῖς
2967 2609 3263 2674 μυστικαῖς
3313 2606 3493 2666 δέλτοις
3515 2603 3705 2672 γραφῆναι

2261 2695 2562 2766 ἠθέλησαν·
2601 2696 2744 2749 ὥστε
2777 2697 2873 2750 καὶ
2903 2698 2995 2750 τὸν
3056 2697 3322 2768 μακάριον
3353 2697 3591 2749 ἐπίσκοπον
3612 2692 3709 2746 Ἀὶὲς

2263 2788 2512 2858 ξανδρον,
2546 2789 2640 2841 τὶν
2670 2789 2772 2860 τῆς
2821 2788 3171 2860 Ἀντιοχείας
3232 2791 3385 2859 φημὶ.
3425 2788 3706 2850 ὲπιστὰντοτῇ

2263 2877 2668 2944 Μεγαλοπόλει,
2702 2877 2878 2932 πολλὰ
2927 2879 3394 2950 θρασυστομῆσαι,
3427 2876 3565 2930 πολλὰ
3597 2874 3709 2927 aui

2263 2969 2390 3031 τοὺς
2419 2967 2577 3032 λαοὺς
2601 2971 2892 3040 ἐπεγεῖραι
2927 2969 3178 3040 θελῆσαι·
3213 2969 3347 3022 ὥστε
3385 2969 3466 3020 καὶ
3505 2967 3564 3036 μὴ
3591 2963 3711 3032 βουλο-

584 3077 689 3131 pus
741 3063 1078 3130 Alexander,
1131 3067 1539 3124 Antiochenum
1599 3072 1764 3126 istum
1812 3073 1959 3138 dico,
1996 3073 2159 3145 [‘92

2267 3061 2448 3130 μένων
2475 3062 2632 3131 ἡμῶν
2663 3064 2977 3131 ἀναγκάσαι
3011 3064 3291 3133 γραφῆναι
3318 3063 3374 3115 τὸ
3393 3059 3475 3114 τοῦ
3501 3071 3712 3164 μνημονευ·

584 3154 1123 3226 Constantinopolim
1178 3160 1362 3224 venit,
1394 3171 1450 3215 et
1495 3163 1665 3216 multa
1703 3177 1799 3219 ore
1854 3164 2156 3220 confidenti

583 3246 757 3300 verba
812 3247 944 3303 fecit
998 3263 1015 3302 :
1058 3251 1531 3324 vehementerque
1586 3254 1830 3311 excitare
1891 3259 2156 3327 populum

586 3337 786 3404 voluit,
822 3349 882 3395 ut
923 3340 1008 3395 vel
1042 3342 1202 3398 nobis
1234 3343 1448 3410 invitis,
1493 3349 1808 3403 necessario
1845 3350 1966 3419 ejus
1994 3365 2158 3419 quem

585 3429 850 3493 diximus.
897 3449 1097 3489 nomen
1131 3436 1202 3490 ita
1243 3435 1659 3494 inscriberetur.
1699 3439 1872 3506 Quam
1919 3458 2031 3496 rem
2070 3458 2162 3496 ac-

586 3535 777 3582 curate
807 3543 1036 3598 prorsus
1073 3529 1264 3599 pietati
1299 3540 1425 3597 tnte,
1461 3531 1700 3587 ministri
1738 3534 1834 3589 Dei
1867 3535 2165 3606 religiosis—

586 3619 713 3673 simi
781 3620 1027 3684 diaconi,
1090 3622 1288 3679 Petrus
1342 3634 1400 3679 et
1447 3623 1709 3681 Edesius
1762 3638 2159 3697 exposuerunt.

587 3713 861 3769 Praeteriit
921 3727 1139 3786 tempus
1181 3717 1430 3788 longum,
1477 3730 1533 3774 et
1565 3734 1668 3774 nos
1722 3721 2058 3776 necessitate
2098 3735 2164 3776 ea

587 3823 716 3877 qua
761 3824 790 3862 a
829 3809 1090 3879 populari
1143 3825 1328 3865 rerum
1369 3812 1852 3867 administratione
1883 3815 2163 3884 provenit,

587 3899 769 3967 premi
842 3899 1288 3970 incipiebamus,
1352 3916 1536 3972 neque
1607 3911 1790 3957 tamen
1860 3903 2163 3974 quidquam

589 3990 908 4046 schismatis
938 4003 994 4045 et
1033 3991 1249 4047 dissidii
1299 3992 1564 4063 reliquias
1599 3994 1931 4048 curabamus
1984 4014 1996 4048 :
2042 4010 2167 4050 cum

588 4085 656 4138 ad
688 4099 793 4139 nos
822 4100 890 4140 ex
921 4083 1150 4140 Oriente
1185 4086 1278 4139 Dei
1308 4086 1670 4141 amantissimi
1705 4087 2001 4156 episcopus
2027 4088 2166 4142 Aca-

588 4179 712 4233 cius
746 4177 963 4234 litteras
1007 4178 1183 4241 dedit,
1212 4177 1694 4250 religiosissimum
1725 4179 2026 4234 antistitem
2060 4179 2171 4234 An-

592 4269 814 4324 tiochia:
847 4268 1196 4323 Theodotum
1223 4286 1253 4324 a
1281 4270 1508 4340 populo,
1541 4279 1599 4324 ut
1630 4285 1831 4326 nomen
1860 4271 2089 4327 Joannis
2113 4274 2167 4327 in

592 4377 780 4417 sacras
815 4361 1034 4417 tabulas
1081 4362 1336 4425 referret.
1385 4373 1640 4418 coactum
1677 4379 1822 4430 esse,
1860 4375 1921 4420 ut
1955 4365 2171 4422 veniam

2267 3153 2450 3216 θέντος
2486 3153 2680 3224 ὄνομα.
2717 3155 2902 3226 ’Λπερ
2942 3157 3086 3225 μετὰ
3135 3154 3411 3224 ἀκριϐείας
3436 3153 3612 3217 ἀπάσης
3635 3146 3712 3212 ἑξη-

2261 3246 2504 3314 γήσαντό
2542 3263 2645 3299 που
2693 3247 2915 3308 πάντως
2952 3250 3020 3318 τῇ
3070 3251 3135 3315 σῇ
3170 3245 3435 3314 θεοσεϐείᾳ
3473 3245 3514 3295 οί
3539 3239 3608 3293 τοῦ
3629 3233 3712 3289 Θειῦ

2263 3338 2438 3392 δοῦλοι
2485 3339 2869 3394 εὐλαϐέστατοι
2901 3340 3145 3394 διάκονοι
3202 3342 3398 3409 Πέτρος
3425 3337 3506 3389 καὶ
3537 3333 3712 3388 Αἱδέσιις.

2264 3433 2473 3500 Χρόνου
2505 3433 2562 3487 δὲ
2595 3433 2792 3487 πολλοῦ
2838 3434 3306 3505 παρεληλυθότος,
3339 3433 3424 3483 καὶ
3446 3428 3576 3500 ἡμῶν
3596 3429 3713 3494 βιαστ-

2270 3528 2447 3599 μένων
2482 3526 2582 3596 τὴν
2630 3530 2696 3580 ὲκ
2739 3527 2837 3605 τῆς
2864 3527 3247 3598 δημοκρατίας
3277 3525 3518 3592 ἀνάγκην,
3547 3517 3713 3574 καὶκατὰ
3802 3521 3803 3526 “

2269 3618 2437 3690 μηδὲν
2459 3618 2935 3688 ὲπιστρεφομὲνων
2969 3620 3109 3686 πρὸς
3127 3619 3190 3671 τὸ
3216 3618 3310 3670 τού
3338 3607 3708 3686 σχίσματοςλεξψί·

2268 3729 2381 3776 νον,
2427 3712 2709 3781 γέγραφεν
2755 3711 2890 3781 ἡμῖν
2929 3711 2993 3762 ἐκ
3023 3711 3125 3780 τῆς
3167 3709 3339 3779 Ἕῲας
3364 3711 3390 3761 ὁ
3415 3705 3716 3774 θεοφιλέστατος

2269 3808 2568 3870 ἐπίσκοπος
2621 3805 2908 3870 Ἀκάκιος,
2957 3805 3053 3858 τὸν
3099 3806 3475 3858 εὐλαϐέστατον
3515 3797 3718 3850 ἐπίσκοτον

2269 3899 2367 3966 τῆς
2413 3897 2744 3967 Ἀντιοχείας
2801 3897 3061 3950 Θεόδοτον
3117 3892 3586 3964 συναναγκασθῆναι
3629 3883 3720 3948 παρέ

2270 3993 2381 4043 τῶν
2420 3991 2606 4059 δήμων
2635 3991 2733 4060 τὴν
2765 3990 3148 4062 προσηγορίαν
3191 3989 3429 4042 Ἰωάννου
3457 3983 3645 4055 γράψαι·
3666 3977 3720 4025 ιιιὶ

2271 4087 2454 4156 ᾐτεῖτο
2487 4085 2790 4152 συγγνώμη
2820 4085 2973 4152 ἡμᾶς
3010 4084 3318 4153 παρασχεῖν
3345 4081 3416 4148 τῷ
3451 4078 3538 4132 ὑπὸ
3563 4073 3720 4135 ἀνάγκης

2272 4179 2432 4230 τοῦτο
2464 4176 2850 4245 πεποιηκέναι’
2878 4176 2968 4229 ὅτε
2999 4177 3257 4243 γενναῖος
3285 4175 3478 4232 ἐκεῖνος
3506 4168 3592 4220 τῶν
3609 4176 3723 4230 ml”

2277 4270 2465 4342 μάτων
2503 4269 2863 4338 διακομιστὴς
2895 4267 3274 4338 πρεσϐύτερος
3300 4263 3428 4333 ἔφθη
3459 4257 3724 4318 κατασπεῖραι

2273 4365 2368 4418 τϊν
2397 4363 2555 4430 λόγον
2585 4361 2664 4431 τῷ
2708 4360 2906 4431 πλήθει
2937 4359 3035 4430 τῆς
3074 4358 3512 4426 Μεγαλοπόλεως,
3541 4351 3616 4416 τῆς
3645 4346 3724 4396 ὖπθ·

592 4457 672 4510 rei
707 4455 758 4510 ei
785 4470 952 4526 quam
983 4455 1313 4511 necessitate
1343 4455 1436 4510 ille
1453 4456 1977 4522 adductusfecissct,
2005 4458 2162 4515 dare-

2276 4454 2479 4517 θέσεως
2516 4453 2680 4524 χάριν
2719 4449 2787 4522 ἦς
2839 4451 3100 4519 ἀφίκετο⁸
3145 4452 3240 4504 τόν
3283 4467 3340 4503 τε
3384 4446 3492 4501 νοῦν
3534 4442 3616 4494 τῶν
3643 4438 3726 4502 πμ

593 4565 739 4616 mus,
774 4560 988 4620 petens.
1024 4550 1095 4604 Et
1129 4558 1242 4604 tum
1276 4549 1455 4605 bonus
1483 4549 1574 4604 ille
1603 4551 1696 4620 qui
1727 4551 1941 4607 litteras
1968 4553 2034 4607 ad
2072 4568 2174 4608 nos

592 4643 828 4711 pertulit
859 4642 1171 4714 presbyter,
1211 4656 1434 4696 causam
1467 4642 1738 4698 adventus
1768 4643 1855 4698 sui
1897 4644 2171 4712 indicans,

595 4748 712 4786 rem
762 4733 908 4788 banc
959 4733 1016 4787 in
1056 4733 1252 4804 vulgus
1290 4748 1500 4804 magna:
1557 4731 1714 4787 urbis
1752 4733 2082 4802 prepalavit,
2117 4743 2174 4788 et

595 4826 927 4880 sententiam
958 4825 1098 4882 datae
1127 4827 1195 4881 ad
1229 4842 1330 4882 nos
1366 4827 1613 4898 epistolae
1642 4827 1848 4897 populo
1879 4828 2120 4898 vulgavit
2157 4843 2172 4880 :

595 4919 738 4974 adeo
770 4929 830 4973 ut
865 4935 1056 4990 parum
1094 4918 1357 4983 abfuerit,
1393 4920 1526 4987 quin
1567 4921 1805 4988 tumultu
1845 4919 2024 4989 plebis
2054 4921 2176 4974 uni-

595 5028 773 5068 versae
809 5014 942 5068 urbs
984 5014 1195 5084 repleta
1243 5014 1335 5067 sit.
1380 5014 1456 5068 lbi
1508 5029 1641 5068 vero
1673 5029 1796 5084 ego,
1841 5014 1918 5068 ibi
1952 5014 2172 5068 demum

595 5106 981 5177 perturbatus,
1013 5117 1068 5162 et
1103 5106 1171 5162 de
1200 5107 1369 5160 rebus
1407 5106 1662 5161 maximis
1692 5106 1991 5161 discrimen
2021 5122 2172 5160 sum-

597 5215 749 5253 mum
780 5200 1014 5264 veritus,
1044 5200 1352 5269 piissimum
1381 5199 1770 5268 imperatorem
1800 5198 1930 5260 adii,
1967 5207 2025 5252 et
2050 5192 2175 5252 cuni

597 5310 666 5348 eo
702 5295 770 5348 de
815 5308 951 5363 pace
1001 5302 1059 5346 et
1093 5291 1397 5358 tranquillo
1428 5305 1612 5344 rerum
1648 5298 1793 5344 statu
1841 5288 1949 5359 egi.
1999 5288 2177 5359 Atque

598 5388 690 5441 ille
728 5386 864 5440 nihil
911 5401 1036 5440 esse
1077 5383 1308 5453 periculi
1363 5392 1457 5436 aut
1501 5382 1832 5436 incommodi
1868 5381 2176 5455 respondit,

599 5479 644 5531 si
699 5477 948 5533 defuncti
995 5476 1101 5531 viri
1164 5491 1391 5535 nomen.
1446 5473 1883 5542 tranquillitatis,
1937 5471 2088 5541 pacis
2122 5482 2179 5526 et

601 5573 792 5640 populi
841 5568 1155 5626 concordiae
1192 5569 1369 5638 gratia
1401 5565 1824 5620 inscriberetur.
1855 5564 2048 5631 Itaque
2075 5578 2179 5632 ego

603 5678 667 5716 ea
705 5678 762 5715 re
803 5679 1118 5731 persuasus,
1152 5661 1453 5730 (quomodo
1490 5659 1639 5713 enim
1671 5655 1999 5712 necessitate
2043 5672 2181 5726 pra:-

607 5757 805 5802 ventus
847 5750 900 5803 id
939 5767 1050 5806 non
1087 5751 1382 5819 facerem?)
1423 5764 1490 5802 ne
1526 5745 1809 5817 religionis
1850 5755 2049 5802 nostra:
2093 5762 2181 5800 res

2276 4547 2425 4615 ἡμᾶς
2472 4543 2825 4614 γραμμάτων
2872 4541 3282 4611 διεπόρθμευσε
3335 4541 3439 4598 τοῖς
3487 4527 3726 4626 λαοίς,ὡστε

2278 4634 2598 4703 συγχύσεως
2637 4632 2838 4704 μικροῦ
2886 4633 2998 4686 δεῖν
3048 4634 3143 4686 τὸν
3195 4632 3352 4702 δχλον
3388 4629 3540 4682 πάντα
3567 4625 3729 4680 ἀνατ-λῖ·

2279 4725 2492 4795 σθῆναι.
2519 4725 2656 4777 Τότε
2678 4724 2766 4795 δὴ,
2795 4724 2915 4776 τότε
2944 4722 3271 4794 θορυϐηθεὶς
3302 4721 3427 4789 ἐγὼ,
3451 4718 3533 4772 καὶ
3557 4714 3626 4766 τὸν
3640 4709 3726 4769 ὑπὲρ

2277 4818 2386 4871 τῶν
2425 4817 2700 4886 μεγίστων
2748 4815 2996 4868 κίνδυνον
3048 4814 3421 4877 ὑποπτεύσας.
3461 4812 3543 4864 καὶ
3566 4799 3728 4873 mpm"

2279 4909 2676 4962 εὐσεϐέστατον
2706 4907 2936 4978 βασιλέα
2965 4908 3284 4978 γενόμενος,
3315 4907 3440 4975 περὶ
3476 4901 3559 4968 τῆς
3585 4895 3729 4962 “Pili;

2279 5002 2376 5054 καὶ
2429 5000 2531 5069 τῆς
2565 4999 2892 5060 εὐσταθείας
2943 5000 3250 5069 ἐποιούμην
3306 4999 3393 5052 τὸν
3445 4994 3591 5059 λόγον,
3624 4985 3665 5036 ’0

2279 5093 2616 5163 ἁπεκρίνατο
2672 5092 2840 5162 μηδὲν
2897 5086 3040 5144 εἶναι
3076 5090 3277 5161 βλάϐος
3313 5089 3528 5160 γράφειν
3547 5071 3730 5169 exillii.”

2281 5188 2434 5251 θύτας
2461 5186 2656 5256 ἀνδρὸς
2689 5184 2866 5254 ὄνομα,
2911 5183 3056 5253 ὑπὲρ
3107 5183 3208 5252 τῆς
3258 5175 3551 5236 εὐσταθείας
3586 5167 3730 5261 καὶ

2279 5281 2390 5335 τῶν
2419 5279 2567 5332 λαῶν
2599 5277 2858 5348 ὁμονοίας
2899 5293 2958 5328 τε
2987 5277 3084 5329 καὶ
3110 5276 3358 5345 είρήνης.
3389 5269 3489 5324 Καὶ
3513 5263 3649 5316 τοίνυν
3666 5257 3731 5316 ιιω

2282 5374 2497 5434 τούτοις
2548 5368 2820 5432 πεισθεὶς,
2879 5367 2975 5420 καὶ
3031 5367 3146 5431 πῶς
3187 5367 3296 5436 γάρ
3327 5363 3420 5416 οὐκ
3447 5356 3629 5426 ἔμελλον
3653 5358 3733 5449 τρες

2283 5467 2494 5534 φθάσας
2527 5462 2628 5532 τὴν
2657 5462 2948 5529 ἀνάγκην;
2981 5459 3121 5513 ὥστε
3175 5459 3252 5529 μὴ
3306 5453 3536 5524 γενέσθαι
3567 5445 3721 5542 sti-If!”

2283 5561 2431 5629 ἡμᾶς
2461 5555 2790 5611 ἀκολουθίαν
2834 5555 2930 5607 τοῦ
2967 5554 3228 5625 πλήθους.
3261 5553 3396 5622 μήτε
3429 5545 3521 5616 μὴν
3546 5534 3736 5637 ἐθισθῇνδξ

2285 5659 2363 5716 είς
2388 5648 2772 5722 δημοκρατίαν
2803 5649 2902 5718 τὴν
2931 5646 3105 5700 πόλιν·
3139 5645 3416 5716 γραφῆναι
3443 5634 3736 5731 “Pi-“3:”?

2284 5745 2385 5815 τὴν
2425 5742 2826 5814 προσηγορίαν*
2862 5740 3035 5805 οὐδὲν,
3069 5741 3140 5802 ως
3175 5734 3357 5809 οἶμαι,
3389 5733 3500 5788 οὐτε
3522 5727 3586 5789 εἰς
3611 5722 3738 5775 αὺτθυί
