3910 6218
202 325 336 391 ιἰῐί

1126 337 1716 399 ΕΕΕΕΕΞΙΑΞΤΙΟᾺΕ
1759 339 2140 401 illSTORI/E
2180 341 2331 405 LIB.
2373 341 2529 404 XIV.

3312 341 3452 405 Hi?

197 447 328 508 τοὺς
356 447 589 510 κανόνας
629 451 987 520 ἡμαρτηκὼς.
1027 453 1150 508 οὔτε
1197 457 1304 526 μὴν
1347 462 1412 528 τῇ
1441 459 1628 527 κρίσει
1661 459 1770 511 τῶν

1874 472 1936 512 ex
1994 458 2367 514 multitudinis
2403 459 2657 525 arbitrio,
2713 459 2964 528 exemplo
3012 472 3120 512 uno
3156 460 3455 528 permisso,-

202 538 466 604 Πατέρων
507 538 1010 611 διαλυμηνάμενος.
1045 543 1457 615 Μνημονεύεται
1493 551 1600 620 γὰρ
1635 551 1772 618 μετά

201 628 317 680 τῶν
342 631 763 699 ἀπεληλυθότων
809 635 872 686 ού
923 637 1086 702 μόνον
1122 641 1472 702 ἐπισκόπων.
1503 643 1638 695 ἀλλά
1676 643 1772 696 καὶ

202 723 621 792 πρεσϐυτέρων.
648 728 745 778 καλ⁹
767 726 1051 793 διακόνων,
1081 733 1176 784 καὶ
1200 732 1423 797 λαῑκῶν,
1450 737 1547 787 καὶ
1582 752 1772 802 γυναι-

201 815 338 865 κῶνο
383 816 520 885 πρὸς
569 817 661 877 οὓς
697 818 943 884 ἅπαντας
988 823 1088 874 οὐκ
1135 825 1286 878 ἔστιν
1336 830 1470 896 ἡμῖν
1514 832 1772 883 κοινωνία

206 907 539 975 ἱερωσύνης,
570 911 690 962 οὐδὲ
717 912 1004 978 μετάδοσις
1032 915 1144 968 τῶν
1190 919 1284 970 ἐπὶ
1324 919 1419 986 τῆς
1453 921 1614 986 ἁγίας
1638 940 1774 991 τρα-

203 999 383 1068 πέζης
428 1002 712 1069 μυστικῶς
759 1007 1121 1074 τελουμένων.
1156 1010 1297 1064 Πολὺ
1346 1012 1455 1082 γὰρ
1510 1011 1570 1065 τὸ
1607 1016 1772 1082 μέσον

204 1089 318 1141 τῶν
348 1091 688 1146 ὑπελθόντων
742 1096 803 1147 τὸ
850 1099 1042 1166 πέρας,
1075 1102 1169 1153 καὶ
1208 1103 1316 1154 τῶν
1370 1104 1451 1156 ἔτι
1497 1105 1639 1174 ὑπὲρ
1669 1109 1772 1174 γῆς

203 1183 606 1250 τυγχανόντων.
642 1185 784 1238 ὥστε
839 1191 932 1241 καὶ
968 1192 1397 1263 συνδιαιρεῖσθαι
1426 1197 1524 1260 τὰς
1556 1198 1772 1267 βίϐλους

206 1273 346 1338 πρὸς
392 1271 491 1340 τὴν
541 1275 654 1324 τῶν
688 1281 1182 1348 μνημονευομένων
1229 1286 1584 1340 κατάστασιν.
1635 1288 1772 1342 Οῦτε

206 1363 318 1430 γάρ
344 1380 397 1414 τι
426 1362 517 1414 τὸν
551 1365 714 1418 Δαυῖδ
740 1369 974 1436 ἑόλαψεν
1003 1373 1036 1440 ἡ
1072 1372 1288 1442 ἔντιμος
1336 1377 1430 1429 τοῦ
1461 1380 1634 1433 Σαοὺλ
1671 1399 1774 1451 κη-

207 1455 349 1519 δείι,
382 1455 503 1509 οὔτε
533 1460 660 1517 τοὺς
689 1461 1024 1524 ἀποστόλους
1060 1467 1086 1516 ὁ
1133 1465 1230 1534 τῆς
1276 1467 1368 1520 τοῦ
1395 1469 1603 1537 Ἀρείου
1649 1475 1776 1526 ἀσε-

207 1548 364 1610 6είας
393 1548 592 1611 ὀπαδὺς
631 1551 904 1618 Εὑδόξιος,
940 1555 1043 1606 ὑπὸ
1082 1557 1142 1610 τὸ
1194 1558 1328 1612 αὐτό
1383 1561 1774 1634 θυσιαστήριον

207 1639 486 1707 κείμενος·
535 1641 659 1694 οὔτε
697 1645 962 1707 Παυλίνός
998 1665 1059 1699 τε
1093 1649 1189 1702 καὶ
1222 1651 1510 1721 Εὑάγριος,
1539 1657 1588 1707 οί
1615 1659 1774 1722 γενό-

211 1745 365 1796 μενοι
397 1731 702 1799 ἀρχηγέται
742 1734 835 1786 τοῦ
887 1737 1186 1806 σχίσματος
1220 1745 1318 1810 τῆς
1367 1745 1424 1795 ὲν
1471 1746 1774 1816 Ἀντιοχείᾳ

207 1823 528 1891 ἐκκλησίας·
564 1827 648 1878 ὅτι
681 1830 819 1894 μετά
852 1829 1103 1892 θάνατον,
1138 1835 1306 1896 πολὺς
1348 1835 1534 1898 ὲξότου
1560 1840 1768 1907 χρόνος,

210 1919 322 1978 τοῖς
358 1922 646 1984 μυστικοῖς
678 1921 957 1990 διπτύχοις
984 1924 1070 1978 διὰ
1107 1927 1204 1995 τὴν
1244 1928 1354 1978 τῶν
1381 1929 1524 1982 λαῶν
1550 1932 1776 2002 εἰρήνην

209 2025 272 2060 τε
323 2012 417 2062 καὶ
469 2012 727 2080 ὁμόνοιαν
763 2017 1167 2084 ἐνεγράφησαν.
1224 2021 1427 2090 Διόπερ
1464 2026 1561 2074 καὶ
1612 2023 1778 2083 αὐτὸς

211 2101 472 2156 κέλευσον
515 2106 861 2173 ἐγγραφῆναι
887 2108 988 2176 τὴν
1015 2112 1396 2180 προσηγορίαν
1429 2111 1522 2165 τοῦ
1569 2114 1777 2183 ἀπελη-

208 2191 436 2254 λυθότος
465 2197 583 2254 ταῖς
627 2195 750 2247 κατ’
790 2196 1070 2262 Αἴγυπτον
1100 2198 1424 2265 ἐκκλησίαις
1461 2203 1558 2270 τῆς
1592 2202 1778 2254 οἰκου-

211 2286 447 2353 μενικῆς
477 2286 638 2356 χάριν
667 2286 926 2356 εἰρήνης,
963 2289 1103 2357 μήτε
1154 2291 1414 2359 Πατέρων
1446 2291 1587 2344 λύων
1618 2293 1776 2345 κανό-

208 2389 330 2439 νας,
361 2377 454 2426 καὶ
478 2375 578 2439 τὴν
609 2375 864 2442 ὁμόνοιαν
913 2377 1104 2428 πασῶν
1153 2379 1293 2446 ὁμοῦ
1327 2381 1431 2432 τῶν
1467 2382 1778 2450 ἐκκλησιῶν

209 2464 342 2532 περὶ
379 2465 634 2518 πλείστου
685 2466 1034 2535 ποιούμενος.
1072 2468 1198 2522 Ὀτι
1243 2471 1298 2523 δὲ
1353 2473 1448 2523 καὶ
1480 2474 1611 2540 ἡμῖν
1639 2475 1778 2543 γρὰ-

207 2557 333 2625 ea;
378 2559 448 2611 τὰ
495 2561 794 2627 πρέποντα,
832 2561 1360 2632 πεπληροφόρημαι,
1395 2567 1529 2633 πρός
1585 2583 1644 2617 τε
1676 2568 1776 2636 τὴν

205 2649 513 2719 δμοψυχίαν
553 2651 733 2703 καὶτὸ
777 2653 953 2705 κοινὸν
1000 2655 1097 2723 τῆς
1135 2655 1496 2727 ἀδελφότητος
1536 2659 1776 2713 anom-

208 2759 350 2794 πων.
394 2744 586 2796 Πᾶσα-ι
618 2745 718 2814 τὴν
750 2749 849 2798 σὺν
883 2747 968 2799 σοὶ
1005 2748 1348 2818 ἁδελςςότητα
1379 2751 1490 2817 ἐγώ
1525 2769 1579 2803 τε
1605 2754 1697 2804 καὶ
1726 2755 1775 2807 oi

209 2833 310 2883 σὺν
336 2835 464 2902 ἐμοὶ
480 2835 990 2906 προσαγορεύομεν.
1026 2855 1044 2888 ι
1080 2840 1193 2891 Καὶ
1217 2843 1352 2910 πρὸς
1381 2843 1481 2909 μὲν
1509 2844 1776 2912 Κύριλλον

206 2924 383 2978 ταῦτα
413 2925 676 2994 ἔγραψεν
708 2928 792 2979 ἔτι
821 2928 876 2981 δὲ
904 2930 1222 2998 διερεθίζων
1259 2933 1450 3002 αὐτὴν,
1481 2937 1576 2986 καὶ
1607 2935 1775 3004 ἄλλην

207 3019 350 3086 πρὸς
385 3019 588 3087 Πέτρον
639 3023 732 3074 καὶ
766 3021 1011 3074 Αίδὲσιον
1059 3025 1186 3084 τοὺς
1234 3025 1448 3078 ἐκείνου
1493 3027 1776 3090 διακόνους

1872 553 2216 618 penderent,
2273 567 2412 606 neve
2451 552 2644 606 urbem
2693 554 2864 621 ipsam
2918 551 3164 620 populari
3213 551 3453 605 admini-

1874 640 2126 694 strationi
2170 641 2665 706 assuefaceremus,
2700 657 2896 696 nomen
2947 642 2999 694 id
3051 643 3102 695 in
3137 641 3324 695 album
3357 658 3448 694 re-

1873 731 2005 788 ferri
2058 733 2226 802 jussi.
2275 735 2476 800 Quare,
2529 746 2590 790 ut
2640 736 2901 806 equidem
2940 745 3107 804 puto,
3157 751 3331 804 neque
3391 736 3452 789 in-

1874 837 2064 877 sacros
2117 839 2361 878 canones
2421 826 2707 888 commisi,
2759 841 2938 895 neque
2967 825 3177 894 judicio
3224 825 3444 878 Patrum

1872 913 2122 970 fraudem
2153 915 2282 972 feci.
2313 915 2518 970 Mentio
2538 931 2775 984 namque
2801 917 2921 986 ejus
2957 915 3154 971 ﬁtcum
3177 915 3449 969 defunctis

1872 1023 1983 1061 non
2037 1001 2215 1062 solum
2257 1007 2556 1078 episcopis.
2590 1009 2685 1064 sed
2721 1017 2777 1063 et
2806 1008 3169 1077 presbyteris,
3204 1007 3450 1062 diaconis

1872 1108 1928 1154 et
1961 1100 2112 1154 laicis
2141 1101 2298 1170 ipsis,
2335 1101 2791 1169 mulieribusque,
2810 1117 2932 1155 cum
2965 1101 3168 1170 quibus
3189 1101 3450 1154 omnibus

1873 1192 2034 1248 nobis
2061 1193 2361 1248 sacerdmii
2393 1194 2734 1255 communio,
2762 1203 2856 1246 aut
2891 1209 3080 1246 earum
3117 1207 3298 1246 rerum
3329 1209 3450 1261 quae

1876 1285 1929 1338 in
1979 1299 2132 1339 sacra
2171 1301 2358 1339 mensa
2394 1287 2622 1356 mystice
2658 1287 3066 1355 percipiunlur,
3098 1285 3446 1354 participatio

1874 1389 1983 1426 non
2017 1382 2122 1428 cst.
2155 1374 2342 1444 Magna
2378 1376 2528 1428 enim
2567 1384 2646 1430 est
2679 1376 2822 1429 inter
2851 1375 3141 1430 defunctos
3170 1385 3226 1430 et
3258 1391 3452 1443 super-

1874 1462 2032 1516 stites
2051 1463 2384 1525 differentia,
2406 1465 2477 1516 ita
2500 1473 2560 1517 ut
2591 1464 2754 1518 etiam
2774 1464 2925 1525 libri,
2943 1472 3170 1532 propter
3186 1463 3447 1516 dill‘eren—

1873 1562 1984 1606 tem
2025 1569 2217 1607 eorum
2253 1571 2489 1624 quorum
2525 1557 2788 1610 memoria
2819 1563 3183 1610 conservatur
3221 1563 3448 1615 statum,

1875 1645 2103 1700 discreti
2147 1646 2275 1702 sint.
2306 1647 2468 1719 493
2507 1648 2654 1702 Nihil
2685 1647 3237 1701 cnimDavidiobfuit
3279 1649 3451 1700 honu-

1877 1738 2028 1792 rilica
2063 1740 2214 1794 Sauli
2253 1743 2560 1810 sepultura,
2595 1757 2770 1811 neque
2803 1742 3066 1810 apostolis
3096 1741 3210 1793 Arii
3260 1741 3452 1810 impie-

1882 1830 2008 1883 tatis
2071 1839 2312 1885 sectator
2368 1831 2672 1890 Eudoxius.
2749 1833 2852 1885 sub
2917 1831 3113 1886 eadem
3175 1833 3450 1884 sanctiore

1876 1920 2135 1974 sacriﬁcii
2167 1935 2260 1973 ara
2293 1921 2508 1988 positus
2539 1938 2554 1974 :
2588 1936 2771 1987 neque
2801 1921 3065 1974 Paulinus
3093 1931 3148 1973 ct
3184 1921 3451 1988 Evagrius

1876 2011 2158 2076 Ecclesiae,
2200 2013 2296 2080 qui
2328 2013 2646 2067 schismatis
2690 2023 2746 2068 et
2786 2013 2998 2066 dissidii
3036 2013 3206 2067 duces
3257 2014 3307 2064 in
3347 2015 3448 2066 Ec-

1877 2102 2047 2156 clesia
2091 2102 2434 2155 Antiochena
2484 2085 2662 2166 fuere,
2715 2102 2862 2172 quod
2913 2111 3035 2171 post
3069 2103 3304 2165 obitum,
3341 2119 3449 2156 non

1877 2193 2069 2262 paucis
2121 2193 2251 2248 hinc
2297 2194 2366 2247 ab
2407 2194 2588 2256 annis,
2635 2204 2862 2263 propter
2911 2195 3098 2264 populi
3156 2210 3344 2263 pacem
3395 2209 3452 2246 et

1877 2287 2230 2341 concordiam
2267 2287 2513 2355 mysticis
2551 2288 2752 2341 tabulis
2782 2296 2911 2340 sunt
2958 2288 3229 2355 inscripti.
3275 2290 3448 2351 Quam

1877 2375 1950 2430 ob
1978 2392 2198 2430 causam
2229 2376 2344 2445 ipse
2374 2393 2596 2446 quoque
2637 2376 2850 2446 Egypti
2885 2378 3153 2439 ccclesiis,
3189 2377 3451 2430 ecclesia-

1879 2485 2000 2525 rum
2031 2470 2182 2525 orbis
2219 2471 2388 2524 totius
2422 2471 2883 2540 paciﬁcandarum
2916 2472 3111 2540 gratia,
3158 2481 3216 2524 ut
3247 2471 3450 2525 mortui

1877 2565 2028 2618 illius
2074 2579 2272 2616 nomen
2315 2564 2638 2628 inscribant,
2696 2563 2954 2632 prmcipc.
3007 2563 3083 2616 Ita
3129 2566 3276 2618 enim
3323 2580 3468 2620 cum-

1877 2656 2098 2710 Patrum
2136 2673 2375 2711 canones
2417 2672 2528 2710 non
2579 2659 3003 2725 transgrediere,
3038 2668 3149 2710 tum
3187 2659 3452 2712 ecclesia.

1876 2762 1996 2800 rum
2055 2748 2217 2802 simul
2260 2748 2507 2801 omnium
2562 2747 2919 2802 concordiam
2977 2748 3198 2817 plurimi
3257 2747 3466 2805 facies..

1877 2838 1954 2895 Te
2010 2857 2142 2895 vero
2185 2857 2247 2896 ea
2294 2841 2477 2908 nobis,
2537 2857 2658 2910 qua:
2716 2845 2996 2907 convenit,
3051 2844 3445 2911 rescripturum

1876 2947 2017 2996 esse,
2047 2933 2115 2986 ad
2161 2948 2511 2986 communem
2560 2947 2891 2987 consensum
2941 2944 2999 2987 ct
3047 2933 3471 2988 fraternitatem.

1879 3025 2298 3094 respicientem,
2362 3042 2689 3096 persuasum
2747 3027 2947 3080 habeo.
2995 3025 3446 3091 Fraternitatem,

203 3111 527 3174 ἀπέστελλε,
566 3113 693 3166 τάδε
735 3115 1058 3180 διεξιοῦσιν·
1095 3135 1114 3167 ι
1136 3117 1498 3172 Ἑπέσταλται
1553 3113 1670 3188 μὲν
1701 3121 1769 3172 τὰ

1875 3135 1995 3187 qua:
2027 3129 2205 3173 tecum
2237 3129 2343 3185 est,
2379 3135 2624 3182 omnem,
2674 3135 2774 3189 ego
2805 3120 3013 3189 quique
3049 3135 3261 3174 mecum
3295 3129 3448 3183 sunt,

208 3202 401 3255 εἰκότα
430 3206 566 3274 πρὸς
591 3206 685 3258 τὸν
716 3208 1142 3277 θεοφιλέστατον
1168 3212 1467 3266 ἐπίσκοπον
1504 3213 1594 3264 τὸν
1621 3213 1775 3265 ἀδελ-

207 3296 310 3362 φὸν
359 3297 518 3365 ἡμῶν
575 3298 845 3366 Κύριλλον
903 3302 1014 3355 τῶν
1069 3305 1378 3372 γενομένων
1429 3306 1620 3359 ἕνεκεν
1675 3307 1772 3372 τῆς

207 3387 586 3457 προσηγορίας
635 3388 904 3455 Ἰωάννου,
937 3394 1038 3458 τῆς
1087 3396 1144 3446 ἐν
1176 3399 1289 3459 τοῖς
1327 3396 1606 3466 διπτύχοις
1638 3415 1773 3468 γρα-

209 3480 411 3547 φείσης
457 3482 570 3542 τοῖς
614 3481 1111 3552 ὲκκλησιαστικοίς.
1156 3489 1322 3541 Ούδὲιθ
1371 3490 1427 3542 δὲ
1463 3484 1627 3561 ἦττον
1679 3491 1775 3543 καὶ

203 3572 275 3638 τῇ
314 3570 556 3642 ὑμετέρᾳ
596 3575 795 3643 γράφω
822 3577 1079 3648 εὐλαϐείᾳ
1112 3579 1272 3634 πλέον
1302 3581 1411 3633 τῶν
1449 3583 1626 3635 ἄλλων
1652 3585 1772 3635 ἐπι-

204 3665 454 3735 σταμένη
504 3666 572 3719 τὰ
623 3667 880 3730 ἐνταῦθα.
913 3672 1208 3741 εἰρηνικῶς
1264 3689 1325 3724 τε
1370 3673 1469 3742 τὴν
1512 3674 1772 3727 ὑπόθεσιν

206 3757 505 3826 ἀποῦῆναι,
572 3758 650 3828 τῷ
714 3762 955 3829 μάλιστα
1011 3763 1167 3816 τοῦτο
1215 3765 1388 3828 δόξαι,
1422 3767 1774 3836 προηγουμὲ-

203 3866 318 3912 νως
358 3851 457 3917 μὲν
502 3853 617 3914 τοῖς
669 3853 1092 3918 εὐσεϐεστάτοις
1125 3856 1460 3926 βασιλεῦσιν,
1495 3859 1686 3912 ἔπειτα
1714 3861 1772 3912 δὲ

202 3944 304 3994 καὶ
351 3943 490 3995 πᾶσι
541 3946 654 4006 τοῖς
699 3946 1041 4011 ἀνατολικοίς
1079 3949 1420 4012 ἐπισκόποις.
1455 3952 1529 4004 Οὐ
1572 3953 1680 4020 μὴν
1715 3951 1774 4003 δὲ

201 4035 349 4090 ἀλλά
377 4038 473 4089 καὶ
525 4039 640 4100 τοῖς
667 4040 764 4108 τῆς
814 4039 1060 4110 ἑσπέρας
1093 4040 1284 4111 αῦτῆςο
1311 4043 1407 4112 οὐχ
1441 4045 1517 4106 ὡς
1547 4045 1774 4097 ἐπισκό-

201 4147 312 4182 που
343 4132 724 4200 γραφομένου,
763 4131 880 4184 ἀλλ’
913 4132 989 4194 ὡς
1026 4133 1196 4187 πάλαι
1244 4135 1346 4203 μὲν
1399 4136 1590 4189 τούτου
1621 4153 1776 4204 γενο-

207 4227 405 4295 μένου,
439 4227 661 4296 μνήμης
711 4225 767 4278 δὲ
815 4226 1099 4291 ἀξιοῦσθαι
1133 4228 1220 4282 διὰ
1248 4228 1346 4299 τὴν
1389 4230 1774 4300 οίκουμενικὴν

198 4319 435 4388 εἰρήνην
465 4318 812 4384 ὀφείλοντος.
843 4319 1046 4390 Γράφω
1085 4319 1165 4384 δὲ,
1200 4319 1341 4373 ὥστε
1371 4319 1448 4391 μὴ
1497 4321 1620 4391 τῆς,
1647 4321 1776 4390 ὀμο-

206 4415 360 4474 νοίας
403 4413 466 4464 τὸ
505 4414 614 4466 πᾶν
649 4413 724 4474 ὡς
769 4413 944 4465 είπείν
995 4413 1349 4482 νεμηθείσης,
1394 4414 1588 4484 μόνους
1627 4414 1771 4483 ὑμᾶς
1799 4449 1852 4508 D

208 4507 284 4576 μὴ
322 4505 705 4575 συνθεμένους,
758 4509 995 4569 καὶτοῖς
1038 4507 1450 4570 εύσεὸεστάτοις
1489 4507 1771 4578 βασιλεῦσι

201 4603 386 4654 δοκεῖν
417 4601 744 4669 ἀντιλέγειν,
789 4602 886 4654 καὶ
931 4604 1046 4664 τοῖς
1095 4604 1557 4672 ἀναγκαιοτάτοις
1589 4605 1772 4675 πράγ-

199 4711 378 4764 μασιν
433 4695 631 4764 ἡμῶν,
679 4694 1002 4758 ἀντιπνοίας
1053 4698 1200 4759 τινὸς
1252 4698 1582 4766 γενομένης,
1644 4698 1773 4766 βλά-

198 4789 443 4843 πτεσθαι
467 4793 565 4854 τὰς
597 4789 898 4852 ἐκκλησίας
928 4789 1195 4857 Χριστοῦ.
1215 4790 1327 4842 Καὶ
1360 4791 1534 4843 ταῦτα
1560 4791 1660 4860 μὲν
1683 4791 1773 4844 οῦ-

193 4897 334 4942 τως·
363 4879 567 4948 σφὲδρα
595 4879 652 4931 δὲ
674 4879 823 4949 ἡμᾶς
854 4878 1063 4948 ἢγαγεν
1089 4879 1168 4943 είς
1190 4879 1543 4950 συναίσθησιν
1573 4882 1604 4949 ὴ
1634 4884 1771 4935 ἀπο.

197 4973 376 5042 δημία
409 4973 586 5040 ὑμῶν,
622 4971 730 5024 τῶν
765 4971 860 5023 νῦν
893 4971 1164 5023 συνόντων
1223 4973 1356 5040 ἡμῖν
1407 4973 1534 5026 ἀνθ’
1590 4975 1769 5043 ὑμῶν’

197 5069 300 5133 οὐχ
334 5064 508 5125 οὕτως
538 5066 671 5133 ἡμῖν
715 5062 1110 5133 συμϐιούντων,
1147 5063 1337 5133 ὥσπερ
1366 5063 1431 5135 δὴ
1460 5064 1557 5117 καὶ
1590 5066 1771 5135 ὑμεῖς,

197 5161 284 5224 ὡς
314 5160 394 5228 τῷ
432 5159 672 5228 ξενισμῷ
715 5157 827 5211 τῶν
879 5157 1100 5224 τρόπων
1152 5154 1360 5210 τούτων
1386 5175 1446 5211 τε
1479 5159 1576 5212 καὶ
1616 5160 1772 5228 ὑμῶν

197 5252 408 5325 μικροῦ
439 5254 548 5305 δεῖν
581 5253 725 5322 ὑμᾶς
760 5251 1036 5307 ἀνιᾶσθαι.
1075 5250 1274 5321 Διόπερ
1324 5251 1500 5305 πάντα
1535 5251 1769 5322 ὑπερθέ-

197 5366 400 5419 μενοι,
434 5349 772 5402 σπουδάσατε
803 5348 900 5400 καὶ
952 5347 1033 5409 εἰς
1078 5348 1139 5399 τὸ
1194 5347 1322 5416 ἑξῆς
1370 5347 1602 5417 δραμεῖν
1633 5346 1772 5418 πρὸς

197 5443 380 5510 ἡμᾶς,
404 5443 469 5493 ὲκ
497 5441 595 5510 τῆς
626 5441 988 5510 συγκρίσεως,
1025 5439 1395 5509 σφοδροτέραν
1422 5440 1772 5508 εὑρίσκοντες

199 5534 238 5602 ἦ
293 5533 564 5602 πρότερον
625 5532 758 5602 παρ’
793 5533 924 5601 ἡμῖν
970 5530 1071 5601 τὴν
1118 5530 1361 5600 ἀγάπην.
1396 5548 1414 5581 ο
1455 5530 1537 5583 Τά
1589 5531 1772 5584 τοίνυν

195 5625 433 5678 τοιαῦτα
490 5625 791 5694 γράμματα
844 5621 1138 5691 δεξάμενος
1195 5619 1466 5692 Κύριλλος
1519 5622 1770 5676 τοσοῦτον

199 5721 509 5792 παρῃτεῖτο
557 5717 654 5788 τὴν
711 5717 933 5788 πρᾶξιν,
957 5715 1033 5780 ὡς
1073 5715 1269 5775 ἐκτῶν
1297 5714 1647 5786 γραμμάτων
1675 5713 1768 5784 δῆ-

1875 3210 2084 3263 salvere
2111 3210 2391 3279 jubemus.
2436 3228 2454 3262 ι
2494 3211 2574 3265 Ad
2602 3210 2865 3282 Cyrillum
2899 3213 3113 3266 Atticus
3157 3211 3272 3264 haec
3307 3213 3449 3265 seri-

1875 3303 2002 3370 psit.
2038 3304 2169 3356 llem
2207 3315 2388 3356 autem
2431 3303 2587 3358 istam
2619 3305 2792 3374 magis
2832 3304 2998 3356 etiam
3032 3320 3250 3372 urgens,
3284 3306 3446 3360 aliam

1874 3408 2093 3463 quoque
2125 3396 2411 3462 epistolam
2434 3395 2502 3448 ad
2531 3395 2752 3448 Petrum
2785 3405 2839 3448 et
2871 3395 3152 3450 Aidcsium
3186 3396 3450 3448 diaconos

1874 3487 2012 3554 ejus,
2053 3485 2202 3538 hisce
2238 3487 2425 3540 verbis
2460 3487 2612 3540 dedit
2656 3507 2669 3539 :
2706 3506 2724 3538 ι
2764 3488 2846 3540 Ad
2879 3488 2972 3541 Dei
3002 3490 3444 3540 amantissimum

1875 3576 2217 3644 episcopum,
2253 3577 2480 3630 fratrem
2527 3585 2777 3630 nostrum
2815 3578 3102 3647 Cyrillum,
3135 3577 3208 3630 ita
3247 3587 3306 3630 ut
3355 3579 3449 3630 de-

1874 3668 2010 3729 cuit,
2068 3683 2167 3737 per
2219 3669 2507 3738 epistolam
2555 3668 2884 3738 scripsimus
2930 3685 2992 3722 ea
3049 3683 3171 3737 quae
3224 3669 3447 3720 nomine

1872 3760 2101 3815 Joannis
2136 3761 2190 3816 in
2226 3761 2631 3816 ecclesiasticas
2683 3761 2900 3816 tabulas
2934 3761 3107 3816 relato
3139 3770 3257 3815 acta
3292 3771 3444 3817 sunt.

1875 3855 2061 3908 Nihilo
2098 3870 2232 3909 vero
2264 3857 2447 3910 minus
2486 3865 2543 3910 et
2578 3856 2644 3912 ad
2675 3856 2944 3925 pietatem
2976 3863 3216 3908 vestram
3254 3857 3446 3908 si-ribi-

1875 3959 2019 4009 mus,
2047 3961 2168 4014 qua:
2211 3946 2407 3999 melius
2439 3961 2603 4015 quam
2641 3947 2736 4000 alii
2787 3961 2874 4000 res
2908 3956 3126 4000 nostras
3169 3946 3345 4010 novit,
3376 3946 3444 3999 ad
3463 3958 3482 3982 ἰ

1875 4051 2064 4105 pacem
2097 4038 2354 4093 videlicet
2377 4049 2432 4093 et
2462 4039 2919 4110 tranquillitatem
2954 4055 3049 4094 eas
3081 4041 3343 4102 evasisse,
3376 4039 3487 4096 de;-

1876 4130 2150 4185 sententia
2201 4133 2477 4202 praecipue
2536 4133 2917 4202 piissimorum
2976 4134 3332 4204 principum,
3390 4144 3450 4188 et

1875 4223 2124 4276 omnium
2163 4224 2362 4278 deinde
2409 4225 2774 4282 Orientalium
2831 4229 3243 4298 episcoporum,
3299 4229 3447 4297 ipso-

1876 4330 2114 4384 rumque
2150 4316 2290 4371 adeo
2335 4317 2774 4376 Occidentalium
2822 4337 3064 4392 quoque.
3116 4322 3184 4377 de
3231 4321 3461 4376 Joanne.

1876 4413 2046 4463 sacris
2085 4410 2304 4477 tabulis,
2337 4428 2447 4468 non
2481 4424 2539 4467 ut
2567 4417 2850 4486 episcopo,
2883 4421 2979 4471 sed
3014 4417 3107 4487 qni
3143 4415 3476 4486 aliquando:

1876 4498 2169 4568 episcopus
2195 4500 2383 4569 fuerit,
2415 4504 2646 4570 inserto,
2673 4516 2731 4562 ut
2760 4507 3022 4563 memoria
3048 4509 3188 4578 ejus,
3220 4520 3477 4578 proptcrv.

1875 4609 2224 4651 communem
2315 4597 2494 4653 orbis.
2539 4600 2806 4656 universi-
2872 4614 3063 4669 pacem
3138 4602 3485 4657 colcretur.-

1881 4686 2189 4746 Scribimus
2215 4703 2425 4759 autem,
2457 4708 2548 4757 ne,
2579 4694 2874 4748 concordia
2921 4695 3123 4763 ubique
3151 4708 3474 4762 propemo-n

1875 4781 2007 4836 dum
2046 4785 2352 4852 obtinente,
2385 4787 2516 4840 solis
2540 4787 2710 4841 .uobis
2740 4789 2790 4842 ci
2835 4803 2945 4842 non
2993 4788 3439 4855 astipulantibus,

1875 4876 2038 4930 simul
2064 4885 2118 4930 et
2141 4878 2408 4946 piissimis
2433 4877 2779 4947 principibus
2804 4879 3084 4932 adversari
3131 4879 3441 4944 videamur,
3469 4934 3471 4936 .

1874 4980 1929 5023 et
1959 4985 2171 5025 summe
2204 4968 2531 5026 necessariis
2562 4969 2726 5026 rebus
2768 4971 2996 5036 nostris,
3031 4970 3213 5026 ventis
3242 4971 3463 5040 aliqui-

1875 5060 1980 5114 bus
2013 5060 2259 5115 adversis
2294 5061 2528 5122 obortis,
2576 5070 2631 5116 et
2679 5060 2937 5118 Ecclesia
2987 5063 3193 5118 Christi
3237 5071 3443 5119 nocea-

1874 5168 2017 5210 mus.
2069 5154 2140 5208 De
2188 5155 2276 5209 his
2326 5155 2616 5209 hactenus.
2649 5156 2710 5209 ln
2761 5171 3017 5226 magnum
3053 5173 3185 5213 vero
3225 5157 3444 5213 deside-

1875 5248 2016 5299 rium
2076 5261 2173 5300 uos
2221 5247 2493 5316 profectio
2555 5257 2738 5303 vestra
2795 5247 3066 5317 adduxit,
3119 5250 3262 5319 quod
3329 5265 3436 5304 non

1870 5340 2118 5394 eamdem
2154 5354 2222 5394 ex
2252 5356 2442 5394 eorum
2479 5341 2574 5410 qui
2603 5357 2745 5396 nunc
2773 5342 3060 5398 nobiscum
3090 5355 3234 5408 sunt,
3267 5360 3432 5413 quam

1871 5449 1935 5486 ex
1968 5442 2152 5486 vestro
2179 5435 2433 5488 convictu
2459 5437 2831 5504 percipiamus
2849 5436 3271 5507 iucunditatem,
3297 5441 3437 5495 adeo
3462 5485 3464 5487 .

1873 5536 1932 5580 ut
1966 5526 2207 5581 novitate
2241 5525 2628 5582 familiaritatis
2661 5543 2853 5583 eorum
2899 5548 3020 5601 qum
3067 5546 3098 5585 a
3142 5541 3440 5586 consuetu-

1871 5619 2000 5672 dinc
2061 5630 2239 5674 vestra
2298 5621 2528 5675 multum
2583 5623 2806 5686 diﬂ‘ert,
2853 5625 2965 5679 fere
3027 5626 3433 5693 perturbentur.

1871 5711 2035 5786 494
2067 5712 2412 5785 Quapropter
2447 5714 2616 5771 rebus
2642 5716 2900 5774 omnibus
2930 5720 3272 5793 postpositis,
3303 5738 3434 5797 ope-
