3910 6218
485 322 624 385 1143

1696 327 2115 389 NlCEI‘llORl
2149 323 2489 383 CALLlS'l‘I

3586 324 3711 388 ιιιι

478 453 599 489 ram
640 436 788 502 date,
839 451 897 492 ut
930 438 1193 506 deinceps
1222 439 1290 492 ad
1325 454 1426 492 nos
1472 441 1790 506 recurratis,
1834 449 2051 510 propter

2160 438 2250 490 λον
2296 438 2573 504 γενέσθαι.
2616 437 2681 488 Ἀ
2713 436 2761 488 δ’
2813 435 2908 489 οῦν
2958 435 3297 502 ἀντέγραφε,
3334 433 3547 497 τούτοις
3595 435 3713 488 δεξί’

480 541 719 589 morum.
752 530 897 598 quod
931 529 1143 599 experti
1171 544 1383 597 sumus,
1416 530 1733 590 discrimen.
1769 532 1916 600 apud
1940 546 2044 586 nos

2151 531 2325 598 ληπτο
2347 544 2364 562 ο

478 624 947 678 vehementiorem
1006 639 1168 693 quam
1227 634 1385 681 antea
1408 627 2047 695 reperturicharitatem.
2087 644 2105 675 ι
2171 622 2394 679 Litteris
2441 621 2711 694 ejusmodi
2763 619 2999 691 Cyrillus
3055 620 3310 689 receptis,
3357 618 3708 685 maximopere

482 733 600 774 rem
636 735 754 774 eam
787 729 1071 777 aversatus
1106 732 1210 789 est,
1242 722 1403 779 sicuti
1440 739 1505 779 ex
1535 722 1739 779 litteris
1800 724 1923 793 ejus
1992 722 2126 778 satis
2165 722 2359 791 liquet.
2393 719 2526 777 Nam
2552 732 2677 789 quae
2705 716 2888 772 Attico
2915 714 3220 783 rescripsit,
3252 714 3335 769 sic
3366 713 3573 768 habent
3602 729 3617 767 :

1020 911 1250 970 CAPUT
1287 912 1502 969 XXVII.

479 1019 725 1087 Epistola
775 1028 1047 1097 contraria
1071 1029 1241 1082 sancti
1265 1027 1454 1097 συν-ξίίὸ
1484 1028 1554 1082 ad
1580 1027 1832 1089 Atticum,
1861 1044 2047 1082 nomen

785 1095 1014 1151 Joannis
1051 1095 1329 1152 admittere
1370 1101 1739 1154 detractantis.

557 1298 578 1331 ι
614 1279 796 1335 Lectis
840 1296 963 1351 qnte
1003 1297 1032 1336 a
1070 1282 1275 1352 pietate
1308 1291 1398 1338 tua
1448 1283 1515 1339 ad
1556 1298 1644 1340 me
1686 1285 1867 1339 missae
1898 1292 2047 1347 sunt,

478 1372 710 1440 litteris,
742 1372 973 1431 Joannis
1001 1362 1203 1431 nomen
1242 1378 1417 1432 sacris
1445 1377 1774 1446 inscriptum
1810 1388 1933 1432 esse
1966 1386 2049 1433 ta-

486 1465 636 1521 bulis
670 1466 939 1522 intellexi.
990 1466 1094 1525 Ubi
1129 1484 1260 1523 vero
1301 1484 1400 1524 eos
1445 1470 1539 1539 qui
1569 1469 1701 1524 inde
1728 1469 1794 1524 ad
1824 1484 1927 1523 nos
1954 1481 2049 1522 ve-

479 1570 640 1623 nere,
671 1558 1029 1631 interrogavi,
1066 1574 1174 1614 non
1212 1562 1266 1615 in
1298 1561 1589 1625 laicorum,
1630 1560 1726 1616 sed
1757 1562 2047 1631 episcopo-

481 1665 605 1704 rum
642 1651 888 1723 catalogo
919 1655 1215 1722 ascriptum
1251 1669 1373 1710 esse
1416 1655 1627 1709 audivi.
1658 1655 1832 1710 Porro
1870 1652 2046 1721 dispi-

480 1736 648 1791 cienti
685 1738 846 1804 mihi,
877 1748 1040 1808 atque
1066 1742 1118 1795 in
1154 1743 1335 1796 animo
1374 1746 1673 1813 reputanti,
1709 1761 1779 1799 an
1807 1746 1901 1814 qui
1934 1743 2042 1797 hoc

482 1826 687 1891 fecere,
716 1829 1063 1884 Niczenorum
1099 1834 1322 1886 Patrum
1356 1833 1582 1889 decreta
1608 1846 1911 1906 sequantur
1934 1877 1948 1899 ,
1989 1843 2045 1889 et

480 1923 881 1991 aliquantulum
932 1926 1132 1979 mentis
1166 1927 1470 1982 luminibus
1506 1928 1560 1983 in
1596 1945 1846 2000 magnam
1893 1931 2042 1984 illam

354 2024 367 2033 ‘
478 2012 749 2083 synodum
772 2013 1104 2082 intendenti,
1126 2021 1443 2074 universum
1470 2029 1791 2076 sanctorum
1822 2022 2042 2077 illorum

480 2104 709 2163 Patrum
762 2109 1077 2180 collegium,
1123 2113 1449 2181 quibusdam
1506 2117 1675 2169 veluti
1733 2116 1913 2172 oculis
1960 2134 2046 2170 re-

478 2215 675 2267 nuere,
706 2211 761 2257 et
787 2202 1001 2261 viribus
1029 2207 1307 2271 omnibus,
1343 2209 1643 2278 quominus
1674 2210 1741 2264 ad
1775 2225 1890 2264 rem
1923 2227 2043 2265 eam

477 2295 944 2365 comprobandam
1031 2313 1361 2364 accurram,
1422 2303 1695 2360 obsistere
1761 2303 2044 2358 videntur.

477 2388 768 2456 Quomodo
798 2405 1036 2461 namque
1068 2393 1214 2448 inter
1238 2394 1556 2451 sacerdotes
1581 2396 1674 2451 Dei
1700 2394 2042 2460 censebitur,

475 2484 773 2543 illorumve
808 2485 948 2541 feret
995 2498 1225 2548 sortem,
1259 2489 1348 2542 cui
1395 2487 1759 2544 sacerdotalis
1809 2490 2047 2560 dignitas

475 2579 740 2648 abrogata
773 2580 900 2635 est?
924 2580 1213 2647 Quomodo
1238 2596 1369 2636 vero
1403 2582 1457 2636 in
1486 2582 1736 2653 catalogo
1761 2597 2046 2637 sacrorum

477 2672 867 2727 ministrorum
902 2675 1031 2740 erit,
1063 2675 1157 2743 qui
1202 2674 1599 2731 ecclesiasticis
1626 2676 1904 2731 nitentibus
1930 2677 2046 2746 eje-

478 2778 607 2823 ctus
636 2766 757 2822 est?
801 2768 911 2822 Aut
949 2769 1093 2822 enim
1144 2769 1488 2838 professione
1539 2781 1724 2823 nostra
1763 2768 2047 2840 indignum

480 2872 589 2929 est,
623 2870 684 2916 ut
710 2861 1008 2918 sacerdotii
1044 2877 1246 2917 nomen
1277 2863 1412 2917 nihil
1450 2879 1594 2929 esse,
1633 2874 1690 2918 et
1725 2880 1840 2918 rem
1877 2865 2045 2933 ipsam

481 2969 832 3012 communem
863 2955 1123 3010 omnibus
1155 2972 1296 3020 esse,
1328 2972 1449 3025 quae
1474 2966 1655 3010 tamen
1682 2957 1765 3011 eis
1790 2957 1923 3010 solis
1951 2957 2044 3025 qui

484 3049 555 3107 ad
583 3064 705 3104 eam
749 3049 927 3103 vocati
975 3059 1126 3109 sunt,
1160 3059 1441 3105 asservata
1488 3059 1594 3111 est,
1627 3048 1877 3104 dicamus
1908 3068 1918 3102 :
1953 3059 2049 3102 aut

482 3146 528 3202 si
563 3160 823 3215 magnum
853 3143 1120 3214 quiddam
1163 3154 1266 3205 est,
1301 3144 1446 3214 quod
1491 3142 1885 3197 sacerdotalem
1923 3143 2050 3196 fun-

483 3237 727 3299 ctionem
747 3252 777 3290 a
792 3235 981 3306 populi
1008 3236 1362 3290 multitudine
1385 3234 1617 3300 dirimit,
1637 3249 1748 3289 non
1769 3234 2053 3289 miscenda

480 3347 605 3404 quae
634 3331 853 3386 misceri
885 3346 996 3385 non
1030 3339 1285 3400 possunt,
1314 3329 1413 3383 sed
1436 3342 1633 3383 eorum
1660 3343 1783 3391 qua:
1809 3327 2054 3382 diximus

480 3424 719 3497 quodvis
746 3425 831 3498 .in
877 3424 1072 3478 ordme
1115 3438 1216 3477 suo
1258 3404 1720 3487 conserrandum,
1755 3430 1809 3473 et
1842 3419 2052 3473 honore

481 3521 672 3579 debito
697 3517 1176 3575 cohonestandum
1212 3515 1374 3569 nobis
1400 3514 1529 3570 erit.
1568 3510 1858 3580 Quomodo
1885 3511 2054 3580 igitur

482 3625 582 3671 aut
631 3616 777 3668 inter
806 3611 1101 3682 episcopos
1131 3609 1304 3664 laicus
1324 3647 1340 3672 ,
1373 3617 1471 3663 aut
1504 3607 1651 3661 inter
1679 3619 1974 3676 germanos
1999 3612 2055 3659 et

482 3708 783 3779 legitimos,
816 3704 913 3774 qui
948 3703 1074 3759 talis
1101 3718 1213 3759 non
1258 3702 1350 3766 sit,
1384 3698 1696 3761 consistet?
1722 3697 1967 3760 Honora,
2001 3707 2056 3752 te

484 3803 703 3863 hortor,
733 3813 830 3854 eos
865 3797 961 3867 qui
992 3809 1314 3868 magnarum
1344 3803 1401 3849 e:
1427 3791 1847 3863 splendidarum
1878 3800 2056 3845 recte-

483 3912 594 3972 que
636 3905 889 3950 actarum
933 3907 1123 3948 rerum
1160 3890 1336 3945 tulere
1383 3887 1786 3951 testimonium,
1813 3901 1883 3940 ne
1925 3901 2056 3940 con-

484 3987 714 4041 tumelia
758 3994 1010 4042 sanctum
1060 3984 1286 4040 Patrum
1318 3981 1548 4038 chorum
1593 3979 1820 4034 adicias.
1865 3977 2057 4032 (ξουθῆ-

486 4079 636 4136 ιΙετα·
665 4093 763 4134 eos
810 4079 905 4148 qui
960 4078 1289 4147 superstitvs
1320 4076 1502 4130 adhuc
1550 4076 1604 4128 in
1650 4075 1759 4128 vita
1808 4080 2053 4136 manent,

486 4171 768 4244 quomodo
800 4186 917 4227 rem
947 4171 1090 4226 hanc
1114 4170 1452 4239 acceperint.
1486 4168 1570 4231 An
1603 4183 1715 4222 non
1749 4165 1825 4219 illi
1857 4164 2056 4220 dolore

487 4282 549 4324 se
580 4264 733 4321 omni
783 4265 1024 4335 repletos
1058 4278 1181 4319 esse
1233 4273 1385 4319 recte
1434 4263 1644 4327 dicant,
1687 4259 1850 4333 495
1895 4259 1942 4315 si
1999 4258 2055 4313 in

486 4357 751 4415 eumdem
782 4372 907 4412 cum
929 4357 1013 4412 eis
1037 4356 1312 4419 ordinem,
1339 4356 1386 4409 is
1417 4355 1507 4411 cui
1540 4355 1778 4427 dignitas
1801 4355 2057 4422 adempta

2725 904 2973 958 ΚΕΦΑΛ.
3016 900 3143 957 KZ'.

2164 1019 2606 1083 Ἀντεπιστολὴ
2660 1018 2768 1072 τοῦ
2813 1017 2986 1082 ἁγίου
3044 1016 3354 1082 Κυρίνιιου
3414 1010 3569 1077 πρὸς
3621 1014 3709 1083 τὸ·

2223 1091 2518 1155 Ἀττικὸν,
2552 1082 3021 1157 ἀπαγορεύουσα
3060 1086 3168 1139 τὸν
3219 1083 3510 1149 Ἰωάννην
3535 1083 3616 1135 sic
3628 1082 3707 1134 δέ-

2223 1161 2462 1225 ξασθαι.

2229 1292 2248 1325 ι
2298 1272 2424 1336 Tot;
2473 1271 2629 1342 παρὰ
2665 1271 2765 1339 τῆς
2817 1271 2918 1338 σῆς
2948 1267 3262 1337 θεοφιλείας
3295 1264 3709 1335 ἐπεσταλμένοις

2150 1363 2411 1434 ἐντυχὼν,
2434 1361 2813 1433 ἐγγεγράφθαι
2849 1362 2948 1430 μὲν
2992 1361 3094 1430 τὴν
3145 1361 3399 1413 Ἰωάννου
3452 1373 3710 1427 προσηγο-

2156 1455 2279 1525 ρίαν
2305 1457 2364 1508 ὲν
2396 1455 2519 1516 ταις
2551 1455 2721 1524 ἱεραῖς
2753 1451 3060 1520 ἐμάνθανον
3084 1449 3327 1510 δέλτοιςο
3363 1446 3710 1519 ἐρωτήσαςᾶ

2154 1545 2283 1608 τοὺς
2332 1543 2544 1597 ικεῖθεν
2587 1545 2846 1615 ἥκοντας,
2900 1541 3183 1608 ἐπυθόμην
3230 1539 3332 1592 οὐκ
3366 1540 3429 1591 ὲν
3464 1540 3582 1601 τοῖς
3619 1538 3713 1589 τῶν

2151 1635 2357 1689 λαῖκῶν
2380 1634 2728 1701 καταλόγοις,
2750 1634 2810 1687 ἐν
2821 1633 2877 1685 δὲ
2898 1633 3014 1695 τοῖς
3033 1631 3143 1685 τῶν
3164 1632 3486 1685 ἐπισκόπων
3516 1629 3715 1682 ἑντετὰο

2146 1724 2277 1794 χθαι
2309 1722 2505 1795 αὑτήν.
2541 1723 3018 1793 Διασκοπούμενος
3064 1723 3121 1775 δὲ
3168 1721 3267 1774 καὶ
3310 1721 3437 1774 κατ’
3491 1719 3714 1788 δμαοτδν

2144 1817 2364 1883 ἐννοῶν,
2393 1821 2441 1870 εἱ
2471 1819 2592 1880 ταῖς
2629 1815 2740 1869 τῶν
2774 1816 3040 1886 Ila-ripam
3088 1815 3199 1867 τῶν
3246 1816 3307 1867 ὲν
3358 1812 3571 1880 Nomia.
3596 1814 3715 1864 ἀκο-

2147 1909 2401 1962 λουθοῦσι
2427 1908 2608 1976 δόξαις
2653 1911 2703 1962 οἱ
2729 1909 2885 1961 τοῦτο
2920 1908 3292 1977 πεπραχότες.
3338 1906 3433 1958 καὶ
3464 1904 3638 1973 βραχύ
3666 1921 3716 1954 τι

2145 2004 2238 2054 τὸν
2264 2003 2360 2068 τῆς
2385 2001 2628 2062 διανοίας
2648 2000 2925 2068 ὀφθαλμὸν
2949 2000 3086 2068 πρὸς
3110 1999 3211 2068 τὴν
3237 1996 3480 2065 μεγάλην
3503 1996 3714 2063 ἐκείνην

2146 2088 2433 2150 ἀνατείνας
2486 2086 2730 2151 σύνοδον,
2781 2087 2912 2155 ὅλην
2942 2087 3053 2158 όρῶ
3096 2087 3210 2138 τῶν
3239 2087 3413 2153 ἁγίων
3461 2085 3715 2154 Πατὲρων

2147 2181 2372 2234 ἐκείνων
2405 2180 2503 2251 τὴν
2536 2182 2807 2250 ὁμήγυριν
2840 2178 3031 2247 ὥσπερ
3074 2180 3223 2231 τισὶν
3251 2176 3563 2246 ὀφθαλμοῖς
3604 2178 3719 2229 ἁνα-

2148 2272 2448 2337 νεύουσαν,
2505 2273 2601 2324 καὶ⁸
2655 2271 2819 2324 παντὶ
2870 2270 3049 2323 σθένει
3111 2267 3537 2320 διακωλύουσσν
3584 2266 3718 2333 ἡμᾶς

2147 2368 2360 2435 τρέχειν
2388 2365 2471 2427 είς
2494 2365 2592 2435 τὴν
2620 2365 2715 2416 ἐπὶ
2739 2362 2916 2432 τούτῳ
2950 2360 3284 2415 συναίνεσιν.
3318 2359 3451 2419 Πῶς
3482 2358 3596 2427 γὰρ
3616 2359 3714 2419 τοῖς

2153 2458 2361 2527 ἱερεῦσι
2392 2456 2531 2509 Θεοῦ
2564 2455 2970 2520 ωντετάξεται,
2994 2453 3203 2509 καὶτὸν
3233 2453 3466 2506 ἐκείνοιν
3499 2450 3720 2518 φυράσξι

2150 2547 2373 2617 κλῆροι,
2407 2549 2435 2599 ό
2480 2546 2581 2614 τῆς
2616 2547 2891 2617 ἱερατείας
2924 2543 3376 2613 ἐκδεσλημένοςς
3414 2541 3546 2603 Πῶς
3585 2539 3640 2593 δι
3670 2542 3723 2590 ἰν

2151 2639 2475 2706 καταλόγοις
2506 2638 2662 2692 ἔσται
2688 2636 3022 2706 λειτουργῶν
3044 2638 3073 2689 ὁ
3102 2636 3213 2688 τῶν
3242 2631 3723 2700 ἔκκλησιαστικῠν

2151 2729 2457 2801 περιϐόλων
2487 2729 2593 2792 ἔξω
2626 2727 2839 2794 τεθείς;
2890 2725 3114 2791 ἀνάξιον
3159 2726 3271 2795 γὰρ
3302 2726 3456 2795 ἡμᾶς
3488 2724 3528 2793 ἢ
3573 2723 3724 2791 eum

2149 2818 2291 2877 εἶναι
2309 2822 2493 2890 λέγειν
2538 2823 2599 2875 τὸ
2646 2821 2745 2897 τῆς
2796 2820 3067 2889 ἱερατείας
3103 2819 3298 2888 ὄνομα,
3342 2819 3442 2869 καὶ
3496 2818 3723 2885 πρᾶγμα

2150 2914 2326 2967 κοινὸν
2360 2911 2503 2967 εἶναι
2554 2914 2691 2966 πᾶσι
2736 2913 2801 2967 τὸ
2844 2914 3030 2982 μόνοις
3062 2912 3445 2982 τετηρημένον
3482 2912 3610 2972 τοῖς
3656 2911 3726 2969 εἰς

2149 3006 2307 3059 τοῦτο
2356 3005 2754 3075 καλουμένοις·
2808 3006 2841 3076 ἢ
2896 3007 2945 3058 εί
2989 3004 3130 3057 πολύ
3181 3021 3237 3056 τι
3286 3005 3352 3056 τί,
3401 3001 3727 3072 διατειχίζων

2077 3102 2123 3163 ς,
2153 3096 2300 3149 ἐστὶν
2328 3095 2632 3164 ἱερωσύνην
2661 3094 2753 3149 καὶ
2787 3094 2934 3156 λαόν,
2974 3094 3048 3163 μὴ
3082 3092 3334 3163 μιγνύειν
3373 3092 3451 3144 τὰ
3483 3092 3724 3160 ἄμικτα,

2152 3189 2344 3257 τηρεῖν
2371 3186 2429 3239 δὲ
2484 3188 2540 3239 εν
2587 3189 2651 3257 τῇ
2702 3185 2881 3256 οἱκείᾳ
2911 3185 3065 3249 τάξει
3096 3184 3210 3238 τῶν
3256 3184 3586 3252 εἱρημένων
3613 3182 3728 3235 Eu-

2154 3294 2315 3344 στον,
2348 3279 2445 3333 καὶ
2466 3278 2569 3349 τῆς
2603 3279 2755 3348 αὑτῷ
2790 3279 3112 3349 πρεπούσης
3156 3274 3326 3344 τιμῆς
3360 3273 3583 3341 ἀξιοῦν.
3625 3274 3727 3334 Πῶς

2153 3370 2250 3425 οὖν
2274 3373 2331 3425 ὲν
2356 3372 2683 3433 ἐπισκόποις
2712 3373 2741 3425 ὁ
2769 3371 2977 3431 λαῖκος,
3024 3370 3059 3439 ἢ
3108 3368 3227 3433 πῶς
3254 3371 3314 3421 ὲν
3347 3370 3465 3429 τοῖς
3493 3365 3727 3437 γνησίοις

2153 3468 2184 3518 ό
2225 3465 2300 3536 μὴ
2332 3462 2574 3527 τοιοῦτος
2595 3464 2891 3533 ἀναφανείς
2915 3481 2928 3526 ;
2953 3462 3219 3532 Τίμησον,
3252 3459 3597 3529 παρακαλῶ,
3620 3459 3729 3519 τοὺς

2155 3557 2249 3608 ἐπὶ
2277 3556 2551 3626 λαμπροῖς
2590 3555 2680 3607 καὶ
2718 3555 2979 3622 μεγάλοις
3005 3555 3120 3615 τοῖς
3154 3551 3565 3621 κατορθώμασι
3602 3567 3727 3620 μαρ-

2154 3645 2510 3716 τυρηθέντας.
2543 3646 2635 3715 Μὴ
2684 3644 2915 3715 ὑϐρίσῃς
2965 3644 3056 3697 τὸν
3108 3643 3267 3711 ἅγιον
3322 3641 3439 3694 τῶν
3474 3640 3729 3708 Πατέρα

2155 3738 2338 3808 χορόν.
2386 3738 2585 3791 Ἐννόει
2635 3736 2910 3805 παρόντας
2960 3736 3041 3789 ἔτι
3091 3735 3186 3789 καὶ
3217 3732 3729 3801 συνδιαιτωμένους.

2157 3832 2273 3892 πῶς
2304 3830 2371 3884 ἂν
2398 3832 2497 3883 ἐπὶ
2518 3831 2597 3899 τῷ
2634 3830 2881 3899 γεγονότι
2912 3828 3255 3898 διετέθησαν.
3289 3825 3417 3893 'Ap‘
3446 3826 3578 3894 οὐχὶ
3630 3824 3730 3876 πά·-

2158 3939 2257 3990 σης
2277 3922 2701 3990 ἀναπεπλῆσθαι
2730 3920 2907 3989 λύπης
2938 3916 3095 3973 εἷπον
3129 3919 3194 3971 ἂν
3223 3918 3481 3980 εἱκότως,
3509 3916 3603 3978 είς
3642 3916 3729 3983 τὴν

2159 4012 2282 4081 ἴσην
2323 4012 2510 4073 αὐτοῖς
2542 4012 2698 4076 τάξιν
2729 4011 3122 4079 εἰσφερομένου
3156 4006 3253 4061 τοῦ
3297 4008 3727 4078 καθῃρημένους

2170 4105 2311 4161 Ἀλλ’
2362 4101 2516 4174 οἶμαι
2575 4106 2670 4159 καὶ
2718 4102 2890 4174 αὐτὴν
2923 4101 3085 4181 τοῦτο
3136 4099 3433 4155 πεπεῖσθαι
3480 4102 3591 4167 τὴν
3639 4100 3727 4168 σὴν

2159 4197 2492 4252 θεοσέϐειαν.
2543 4196 2635 4250 Διὸ
2687 4195 2752 4266 δὴ
2781 4195 2973 4248 σόὲσον
3002 4195 3188 4257 αὐτοῖς
3234 4210 3295 4246 τε
3325 4193 3424 4246 καὶ
3453 4194 3597 4263 ἡμῖν
3641 4194 3733 4260 τῆς

2156 4289 2351 4358 ἀηδίας
2372 4288 2472 4360 τὴν
2496 4292 2795 4359 πρόφασιν.
2819 4285 2996 4340 Λῦσον
3022 4288 3117 4355 τῆς
3140 4286 3397 4340 ἁπάντων
3423 4286 3730 4355 κατηφείας

2158 4378 2259 4449 τὴν
2311 4362 2590 4432 ὑπόθεσιν.
2642 4377 2716 4430 Τὸ
2781 4376 2883 4446 μὲν
2933 4376 3044 4444 γὰρ
3102 4373 3613 4445 εὐμεταχειρίστως
3666 4373 3729 4424 τὰ

486 4461 572 4506 est
609 4450 923 4505 referatur?
961 4449 1162 4507 Verum
1205 4448 1261 4504 id
1293 4448 1482 4519 pietati
1514 4464 1737 4519 quoque
1776 4455 1883 4511 tua:
1922 4460 2051 4516 per-

2162 4447 2627 4539 παρεμπίπτοντα
2649 4468 2872 4521 διοικεῖν
2895 4466 3062 4521 καλὸν
3083 4466 3148 4519 ἂν
3174 4466 3387 4532 εἴποιμι
3417 4466 3516 4517 καὶ
3546 4464 3725 4531 σοφόν

485 4557 712 4598 suasum
757 4557 881 4598 esse
930 4549 1084 4611 puto.
1122 4538 1491 4606 Quamobrem
1537 4548 1594 4595 et
1645 4539 1754 4595 illis
1794 4551 1848 4595 et
1894 4538 2056 4595 nobis

484 4635 744 4691 mmroris
801 4635 960 4690 abole
1004 4649 1250 4689 causam.
1302 4632 1460 4688 Tolle
1515 4631 1766 4695 omnium
1813 4632 2057 4687 tristitiae

486 4731 862 4784 occasionem.
886 4727 1024 4782 Nam
1059 4726 1219 4781 facile
1242 4724 1572 4795 etexpedite
1606 4740 1672 4780 ea
1702 4740 1824 4796 quae
1855 4734 2057 4794 praeter

490 4822 810 4889 opinionem
865 4819 1149 4881 accidunt,
1185 4818 1481 4887 disponere
1534 4830 1590 4873 et
1640 4818 2051 4883 administrare,

490 4913 624 4969 boni
652 4923 708 4969 et
737 4913 1008 4983 sapientis
1042 4927 1164 4967 esse
1199 4912 1433 4967 dixerim
1471 4930 1486 4966 :
1532 4911 1629 4971 sed
1663 4922 1777 4966 tum
1810 4913 2055 4976 demum,

489 5022 615 5061 cum
646 5006 785 5061 nihil
816 5006 1137 5061 detrimenti
1175 5005 1388 5061 aderat.
1435 5005 1559 5060 Non
1597 5006 1767 5073 enim,
1806 5003 2058 5072 quamvis

486 5115 710 5171 gregem
759 5098 966 5152 Christi
1001 5113 1322 5168 propagare,
1358 5098 1905 5165 frequentioremque
1944 5095 2059 5148 elli-

392 5210 395 5211 '
488 5209 616 5247 cere
661 5192 1007 5254 studeamus,
1050 5191 1304 5245 examina
1352 5193 1666 5252 luere-3min,
1722 5190 1767 5245 si
1809 5202 2058 5242 errorem

487 5301 649 5339 suum
695 5300 804 5338 non
854 5271 1171 5352 repudient,
1212 5284 1530 5354 recipimus.
1564 5282 1631 5337 Et
1668 5282 1898 5351 proinde
1946 5295 2058 5336 non

487 5375 719 5431 omnino
768 5383 1023 5445 prompta
1075 5373 1316 5444 quadam
1374 5372 1786 5442 dispensatione
1841 5371 2055 5426 facilem

488 5486 615 5525 cum
640 5465 722 5526 eis
747 5470 1039 5540 complecti
1076 5484 1264 5539 pacem
1299 5467 1588 5529 debemus,
1625 5465 1894 5519 adversus
1918 5480 2058 5532 quos

487 5576 737 5629 pugnare
763 5570 1006 5632 praestet.
1036 5559 1473 5630 Dispensationis
1501 5573 1635 5614 sane
1659 5557 1895 5611 laudata:
1917 5572 2060 5626 opus

489 5652 681 5718 fuerit,
715 5655 759 5708 si
792 5655 1125 5725 quandoque
1148 5654 1221 5707 ita
1254 5669 1283 5707 a
1311 5653 1493 5706 debita
1522 5652 1735 5707 ratione
1762 5650 2059 5704 deflectere

494 5739 805 5806 videamur,
841 5755 903 5807 ut
942 5745 997 5799 in
1049 5745 1217 5800 rebus
1256 5743 1486 5803 utilibus
1515 5751 1572 5804 et
1619 5740 1925 5798 commodis
1968 5741 2062 5796 tle-

2159 4562 2280 4613 τότε
2317 4559 2363 4612 δ’
2383 4559 2537 4611 ἔσται
2568 4559 2758 4628 σοφὸν,
2788 4559 2855 4610 ἂν
2887 4558 2962 4627 μή
2992 4574 3048 4611 τι
3078 4556 3274 4624 βλάϐος
3304 4557 3541 4626 εἱσφέρῃ
3562 4572 3578 4586 ·
3610 4556 3728 4608 οὐδὲ

2159 4649 2269 4720 γὰρ
2302 4649 2602 4720 ἐπειδήπερ
2646 4646 2871 4718 μείζονα
2912 4649 3012 4717 τὴν
3044 4647 3283 4716 Χριστοῦ
3331 4649 3576 4715 ποίμνην
3597 4648 3728 4697 ἁπο-

2158 4739 2423 4810 τελοῦμεν
2448 4779 2464 4804 ,
2515 4740 2643 4801 τοὺς
2713 4739 2775 4791 ιν
2826 4739 2949 4798 ταῖς
3007 4738 3257 4808 αἱρέσεσι
3326 4737 3725 4804 πρωλαὸόντες

2160 4834 2383 4902 ἑσμοὺς,
2418 4831 2510 4885 καὶ
2561 4832 2613 4883 εἱ
2662 4830 2763 4900 τῆς
2793 4831 3001 4893 οἱκείας
3050 4830 3127 4898 μὴ
3166 4828 3461 4899 μεταθεῖεν
3497 4829 3723 4895 πλάνης.

2160 4923 2249 4979 διὰ
2271 4922 2433 4975 τοῦτο
2454 4921 2559 4992 χρὴ
2590 4920 2807 4984 πάντως
2832 4922 3183 4988 οἰκονομικήν
3207 4936 3333 4973 τινα
3357 4921 3453 4973 καὶ
3474 4919 3729 4988 ἀπεριέρ-

2162 5032 2365 5082 γαστον
2394 5016 2614 5083 εἱρήνην
2647 5012 2857 5077 ἁσπάζε
2869 5011 3016 5079 σθαι,
3041 5014 3175 5082 πρὸς
3199 5012 3291 5076 οὓς
3319 5017 3439 5065 ἐστι
3464 5014 3716 5083 κρείττων

2161 5110 2195 5176 ή
2235 5108 2406 5177 μάχη.
2440 5107 2640 5176 Ἔργον
2682 5106 2740 5158 δὲ
2778 5105 2945 5168 ὅντως
2972 5106 3285 5174 οἱκονομίας
3314 5106 3433 5156 ἐστὶ
3466 5106 3526 5156 τὸ
3553 5105 3717 5156 δοκεῖν

2161 5201 2273 5254 ἔσθ’
2307 5202 2395 5252 ὅτε
2421 5198 2594 5267 βραχύ
2625 5214 2678 5250 τι
2715 5196 2818 5250 ποῦ
2850 5199 3153 5266 πρέποντος
3192 5195 3511 5259 ἐξίστασθαι
3540 5195 3710 5262 λόγου.

2165 5289 2302 5359 μετὰ
2343 5286 2439 5340 τοῦ
2469 5289 2567 5355 τὴν
2613 5289 2672 5340 ἐν
2718 5288 2830 5348 τοῖς
2866 5286 3164 5357 χρησίμοις
3213 5286 3605 5355 παραιτεῖσθαι
3632 5285 3715 5351 C1;-

2165 5380 2315 5449 μίαν.
2351 5378 2508 5431 Οῦτω
2542 5380 2637 5431 καὶ
2664 5379 2692 5430 ό
2726 5378 2998 5453 μακάριος
3029 5377 3243 5439 Παῦλος
3270 5379 3383 5440 τοῖς
3419 5378 3592 5430 πᾶσιν
3618 5377 3717 5443 ἐγί-

2160 5489 2283 5524 νετο
2304 5470 2484 5523 πάντα
2506 5485 2521 5499 ·
2544 5470 2643 5539 οὐχ
2666 5469 2755 5522 ἶνα
2776 5469 3012 5541 κερδάνῃ
3045 5470 3144 5539 μέν
3173 5486 3223 5521 τι
3247 5468 3450 5538 βραχὺ,
3474 5468 3712 5538 ζημιωθῇ

2160 5560 2219 5612 δὲ
2248 5562 2433 5628 μέρος,
2467 5558 2584 5611 ἀλλ’
2622 5560 2707 5611 ἵνα
2740 5559 2946 5623 πάντας
2972 5559 3233 5632 κερδήσῃ.
3273 5559 3506 5627 ἰδωμεν
3550 5560 3714 5611 τάνυ*

2160 5651 2251 5703 διὰ
2277 5651 2480 5719 ταύτης
2509 5650 2607 5720 τῆς
2636 5648 2862 5718 ἐρεύνης
2890 5650 2989 5720 τῆς
3021 5652 3079 5703 ὲν
3107 5654 3218 5713 τοῖς
3251 5652 3541 5717 πράγμασι
3576 5648 3714 5718 βαόἱ·

2163 5740 2370 5804 ζοντες.
2404 5742 2450 5792 εἰ
2479 5738 2554 5810 μὴ
2589 5742 2767 5794 πλεῖον
2795 5741 2909 5812 ἔχει
2939 5743 2997 5793 τὸ
3033 5740 3226 5809 βλάεος
3260 5744 3293 5810 ἠ
3320 5739 3581 5802 ὑπόθεσις
3617 5737 3714 5791 τῶν
