3910 6218
265 341 404 409 1145

1196 350 1805 411 ECCLESIASTlC/E
1847 351 2236 413 lllhTORIJ‘I
2276 356 2418 415 LIB.
2464 355 2623 417 XIV.

3386 350 3522 414 1146

260 459 537 526 δοξάντων
586 458 729 515 εἶναι
780 464 1057 533 χρηστῶν.
1107 465 1386 529 Τοσοῦτος
1411 467 1513 537 ήδη
1560 468 1843 549 διιππεύει

1954 473 2273 527 trimcutum
2325 473 2629 527 evitemus.
2668 469 2761 525 Sic
2791 479 2847 525 et
2877 470 3072 523 beatus
3098 468 3303 522 Paulus
3340 469 3521 522 omni-

264 554 460 625 χρόνος
506 556 603 624 τῆς
636 556 733 625 σῆς
782 554 1095 620 θεοσεϐείας
1132 559 1427 631 διεπούσης
1468 563 1561 613 τὸν
1612 562 1837 633 θρόνονο

264 645 363 699 καλ¹
392 643 571 708 οὐδείς
598 647 751 699 ἐστιν
775 648 804 700 ό
832 648 1165 716 συνάγεσθαι
1199 651 1659 721 παραιτούμενος.
1700 654 1843 708 Ἀλλ’

262 739 313 790 εί
346 737 441 789 καί
493 737 599 791 πού
652 755 802 801 τινες
856 741 984 810 περὶ
1035 742 1132 811 τὴν
1181 744 1358 811 ἀρχὴν
1408 745 1843 815 φιλονεικότερον

262 827 606 898 πράττοντες
629 829 859 895 ἑαυτοὺς
877 832 1238 905 ἀπεμέριζον,
1266 837 1359 888 καὶ
1382 832 1527 891 οὗτοι
1554 838 1844 907 κέκληνται

262 923 354 977 διά
389 923 489 993 τὴν
517 924 613 978 τοῦ
641 922 901 996 Σωτῆρος
937 928 1097 998 ἡμῶν
1127 929 1279 999 ίσχύν
1306 949 1363 983 τε
1393 933 1486 984 καὶ
1511 935 1692 1001 χάριν.
1721 933 1844 985 Τῶν

262 1015 322 1068 δὲ
355 1018 413 1068 ὲν
440 1015 584 1069 τέλει
619 1018 700 1081 τίς
732 1022 760 1071 ὁ
791 1019 864 1089 μὴ
887 1023 983 1090 τῆς
1012 1023 1111 1088 σῆς
1137 1023 1421 1086 εὐλαϐείας
1453 1024 1839 1094 ἀκροώμενος

263 1108 350 1171 τίς
382 1107 437 1160 δὲ
465 1113 493 1162 ὁ
521 1109 730 1181 ταύτης
776 1113 939 1167 ἕνεκα
974 1115 1075 1183 τῆς
1106 1118 1288 1180 αἰτίας
1335 1117 1440 1181 ἔξω
1474 1120 1842 1188 μεμενηκώςς

265 1198 386 1253 Οὐκ
411 1202 560 1255 ἔστιν
577 1202 775 1267 οὐδείς.
812 1207 903 1277 Μὴ
934 1208 1043 1276 γὰρ
1075 1207 1190 1278 δοίη
1225 1211 1253 1262 ὁ
1283 1209 1433 1269 Θεός.
1461 1210 1595 1262 Τίνα
1621 1227 1845 1280 τοιγαρ-

265 1290 368 1343 οῦν
420 1292 747 1359 ἀνασώζων,
799 1298 832 1364 ἢ
869 1298 952 1360 είς
989 1299 1051 1351 τδ
1094 1299 1423 1367 συνάγεσθαι
1469 1301 1676 1365 καλῶν,
1714 1303 1843 1372 ὅλην

266 1384 376 1465 ἔξω
429 1385 542 1449 θεὶς
588 1388 699 1441 τῶν
748 1390 849 1460 τῆς
910 1392 1237 1463 Ἐκκλησίας
1293 1395 1617 1464 περιϐόλων,
1652 1398 1754 1469 τήν
1785 1417 1843 1451 τε

265 1478 569 1547 Αἴγυπτον,
602 1483 699 1535 καὶ
743 1485 1213 1560 Αὐγουσταλικήν,
1257 1489 1352 1541 καὶ
1398 1489 1712 1560 Ἀρκαδίαν,
1749 1493 1844 1543 καὶ

265 1575 533 1644 Θηϐαΐδα,
563 1577 656 1629 καὶ
682 1577 912 1649 Λιϐύην,
941 1581 1035 1633 καὶ
1067 1580 1422 1647 Πεντάπυλιν,
1449 1585 1542 1637 καὶ
1573 1587 1838 1651 τοσαύτας

278 1665 609 1735 Ἐκκλησίας
656 1667 886 1735 λυπεῖς;
931 1670 1021 1724 ἵνα
1052 1672 1260 1742 μηδένα
1289 1675 1595 1747 κερδάνῃς’
1632 1679 1844 1742 πάντας

264 1756 375 1823 γάρ
406 1757 775 1828 προεκέρδανε
808 1759 902 1813 τοῦ
950 1762 1204 1833 Σωτῆρος
1241 1766 1286 1836 li)
1318 1764 1498 1835 χάρις.
1546 1764 1657 1822 Καὶ
1712 1770 1844 1821 ἀνα-

265 1846 459 1918 τίθημι
489 1848 583 1902 τὸν
610 1851 704 1903 ἐπὶ
727 1850 904 1924 τούτῳ
935 1855 1098 1909 πόνον
1132 1859 1243 1920 τοῖς
1274 1859 1375 1929 τῆς
1402 1858 1501 1929 σῆς
1531 1859 1841 1923 θεοσεϐείας

265 1940 584 2011 διδάγμασι.
617 1943 711 2014 Μὴ
743 1947 927 2001 τοίνυν
971 1946 1269 2021 κατηγόρει
1312 1951 1513 2006 σαυτοῦ
1554 1954 1679 2013 τοὺς
1733 1956 1842 2006 ἀπὸ

266 2031 577 2098 φιλονείκου
615 2033 842 2107 γνώμης
873 2039 1338 2108 μεμερισμένους,
1374 2041 1471 2093 καὶ
1506 2038 1581 2112 μὴ
1607 2043 1844 2094 καταδε-

266 2125 531 2195 χομένους
567 2128 695 2181 ποτε
722 2129 788 2181 τὸ
822 2128 910 2180 ἐπ’
942 2131 1136 2202 ἐκείνῳ
1159 2131 1370 2187 δίκαιον
1402 2136 1597 2203 κρῖμα.
1632 2135 1703 2187 Ἦ
1733 2139 1843 2208 γάρ

267 2220 347 2279 είς
370 2217 625 2272 τοσοῦτον
652 2220 940 2285 νυστάζειν
971 2223 1121 2293 ἡμᾶς
1150 2224 1453 2295 ὑπείληφεν
1479 2228 1511 2298 ή
1555 2227 1619 2298 σὴ
1659 2227 1844 2280 θεοσέ-

267 2309 416 2377 ϐεια,
451 2310 593 2364 ὥστε
619 2312 693 2382 μὴ
724 2313 1023 2385 πειρᾶσθαι
1057 2316 1352 2386 μανθάνειν
1382 2318 1842 2389 ἐσπουδασμένως

266 2403 366 2465 τάς
392 2419 452 2455 τε
489 2402 589 2466 σὰς
614 2404 1023 2475 εὐδοκιμήσεις,
1070 2409 1163 2460 καὶ
1194 2410 1343 2470 ὅπως
1381 2410 1449 2463 τά
1470 2410 1564 2464 τοῦ
1587 2411 1843 2482 Σωτῆρος

267 2496 698 2565 χειραγωγείται
761 2497 1025 2565 ποίμνια’
1083 2503 1185 2566 μία
1243 2502 1420 2571 γάρὴ
1481 2499 1590 2555 τῶν
1656 2503 1843 2573 ἱερέων

268 2588 517 2656 φροντὶς,
554 2590 649 2641 καὶ
693 2590 742 2642 εί
772 2589 1015 2654 τοπικῶς
1066 2589 1400 2663 διῃρήμεθα.
1449 2594 1589 2646 Ἀλλ’
1645 2594 1730 2647 ῐια
1767 2596 1840 2665 μὴ

266 2679 487 2751 δοκοίην
526 2681 619 2733 ἐπὶ
651 2680 828 2751 τούτῳ
861 2681 1226 2736 διατείνεσθαι
1271 2684 1414 2747 λίαν,
1456 2686 1559 2737 καλ⁵
1592 2687 1703 2747 τοῖς
1736 2687 1845 2737 ἀπὸ

267 2772 370 2843 τῆς
399 2772 499 2843 σῆς
545 2773 835 2837 εὐλαϐείας
879 2777 1096 2846 φρονεῖν
1140 2778 1381 2840 ἐναντία,
1419 2778 1663 2831 ἔστωσάν
1697 2795 1841 2840 τινες

267 2861 440 2932 ὀλίγοι
471 2863 668 2935 κομιδῇ
714 2864 1189 2930 διαστασιάζοντες
1231 2867 1310 2920 ἔτι
1375 2867 1599 2936 καὶτῆς
1633 2871 1840 2922 ἐκείνου

269 2959 471 3022 κακίας
516 2959 1056 3028 προκινδυνεύοντες.
1107 2958 1378 3013 Τοσαῦται
1434 2960 1493 3014 δὲ
1548 2961 1679 3032 παρ’
1711 2962 1843 3031 ἡμῖν

268 3051 582 3121 ἐκκλησίαι,
611 3052 693 3106 δτι
722 3054 827 3124 χρὴ
854 3054 922 3105 τά
946 3054 1034 3106 ἐπ’
1059 3053 1252 3123 ἐκείνῳ
1279 3052 1580 3122 δεδογμένα
1617 3057 1843 3125 κρατεῖν

266 3144 763 3216 διισχυριζόμεναι.
808 3144 964 3199 τίσιν
993 3145 1088 3199 οὐν
1117 3148 1219 3217 τὴν
1247 3147 1432 3216 ψῆφον
1465 3145 1840 3217 άπονέμεσθαι

266 3239 520 3304 δίκαιονς
572 3238 740 3301 Τίνας
787 3238 845 3292 δὲ
900 3237 1298 3308 εὐφραίνεσθαι
1356 3238 1559 3310 μᾶλλον
1618 3240 1843 3309 ἀρέσκει

269 3333 393 3404 Θεῷ
414 3350 431 3400 ;
453 3333 579 3396 τοὺς
600 3333 791 3403 ἐκείνῳ
814 3333 1252 3401 συνηγοροῦντας
1270 3333 1495 3386 τοιαῦτα
1513 3333 1844 3402 πεπραχότι,

270 3424 306 3493 ἢ
338 3424 467 3485 τοὺς
489 3423 581 3473 ἐπὶ
610 3421 779 3491 τιμῆς
814 3421 1123 3488 ἐγνωκότας
1147 3463 1161 3487 ,
1214 3413 1257 3488 ᾧ
1308 3422 1369 3473 τὸ
1414 3420 1602 3473 λυπεῖν
1636 3420 1846 3488 λελόγι-

268 3532 400 3596 σται
423 3513 763 3584 παρ’.οὐδέν;
793 3515 856 3567 Ei
881 3514 1062 3568 τοίνυν
1085 3516 1146 3568 τὸ
1172 3514 1444 3579 σώζεσθαι
1470 3515 1569 3583 τὴν
1595 3515 1847 3581 ὁμόνοιαν

270 3607 385 3663 τῶν
406 3606 709 3677 ἐκκλησιῶν
739 3606 841 3660 οὐκ
872 3605 1347 3675 εὐκαταφρόνητον
1379 3604 1656 3674 φαίνεται,
1688 3602 1848 3657 λῦσον

276 3702 340 3755 τὸ
368 3704 572 3772 τέμνον
593 3702 823 3772 ταύτην,
875 3698 1186 3770 παρακαλῶ
1208 3712 1222 3729 ·
1261 3699 1389 3770 βάλε
1436 3699 1536 3768 τὴν
1571 3699 1850 3768 μάχαιραν

272 3796 359 3860 εἰς
388 3795 488 3866 τὴν
519 3795 696 3867 θήκην
731 3794 922 3865 αὐτῆς.
961 3793 1237 3847 Κέλευσον
1270 3790 1365 3844 τοῦ
1397 3791 1708 3859 καταλόγου
1739 3791 1849 3842 τῶν

274 3892 598 3948 ἐπισκόπων
637 3886 992 3958 ἐξαιρεθῆναι
1020 3885 1121 3958 τήν
1168 3885 1417 3940 Ἰωάννου
1446 3885 1847 3954 προσηγορίαν.

271 3977 341 4035 Εἰ
366 3979 475 4051 γὰρ
506 3980 659 4034 οὐδὲν
701 3974 848 4034 εἶναι
890 3978 1051 4034 τοῦτο
1095 3978 1448 4048 λογιούμεθα,
1496 3978 1572 4049 μή
1609 3976 1851 4030 λυπείτω

270 4074 371 4127 τὸν
404 4073 516 4126 τῶν
554 4072 871 4126 ἀποστόλων
909 4072 1070 4143 χορὸν
1105 4074 1134 4127 ό
1176 4071 1443 4144 προδότης
1494 4071 1677 4134 αὐτοῖς
1718 4084 1851 4136 συγ-

273 4164 779 4234 καταταττόμενος.
811 4167 1222 4237 Είσφερομένης
1255 4166 1311 4219 δὲ
1335 4166 1436 4236 τῆς
1477 4164 1648 4218 Ἰούδα
1675 4181 1851 4232 προσ·
1908 4224 1912 4229 _

273 4261 533 4333 ηγορίας,
566 4260 672 4314 ποῦ
706 4260 893 4315 λοιπὸν
932 4263 1064 4332 ἡμῖν
1097 4262 1125 4313 ό
1167 4259 1417 4321 Ματθίας
1473 4275 1537 4328 γε
1567 4257 1849 4319 κείσεταις

276 4356 344 4408 El
385 4356 567 4407 τοίνυν
592 4354 766 4416 οὐδεὶς
790 4353 883 4407 τὸν
917 4352 1166 4407 Ματθίαν
1192 4351 1439 4407 ἐκϐαλὼν
1468 4350 1736 4422 ὲγγράψοι
1759 4351 1852 4403 τὸν

290 4446 496 4501 Ἰούδαν
534 4446 612 4515 τῷ
634 4445 742 4498 τῶν
769 4445 1083 4499 ἀποστόλων
1113 4444 1281 4516 χορῷ,
1317 4442 1529 4513 μενέτω
1559 4443 1654 4495 καὶ
1688 4441 1852 4505 σωζέο

280 4540 420 4603 σθω,
477 4537 808 4608 παρακαλῶ,
856 4537 999 4607 μετά
1045 4536 1139 4589 τὸν
1195 4538 1295 4607 τῆς
1334 4535 1581 4604 ἀοιδίμου
1629 4535 1852 4603 μνήμης

276 4625 589 4703 Νεκτάριον
646 4631 901 4702 δεύτερος
948 4633 976 4684 ό
1008 4629 1104 4684 τοῦ
1153 4633 1516 4700 πανευφήμου
1552 4627 1852 4698 Ἀρσακίου

282 4727 529 4799 βαθμός·
579 4726 667 4780 ἵνα
705 4727 779 4796 μή
828 4742 882 4778 τι
937 4723 1031 4795 βίᾳ
1071 4721 1462 4792 παρεισαχθὲν,
1519 4720 1695 4792 ἐξώσῃ
1756 4716 1853 4772 τοῦ

284 4820 563 4890 μακαρίου
598 4819 695 4889 τὴν
733 4818 980 4887 μνήμην.
1015 4814 1154 4874 Ἀλλ’
1174 4814 1351 4884 ὀλίγοι
1379 4813 1542 4883 τυχὸν
1566 4814 1658 4867 ἐπὶ
1683 4812 1857 4881 τούτῳ

278 4911 734 4982 δυσχεραίνουσι⁶
787 4909 934 4961 δίδου
988 4925 1080 4979 μοι
1115 4910 1256 4978 μετά
1294 4907 1613 4980 παρρησίας
1656 4907 1856 4961 εἰπεῖν.

283 5005 501 5066 Πάντας
536 5003 634 5075 μὲν
653 5000 929 5074 εὐχόμεθα
961 4999 1229 5064 σώζεσθαι
1252 5015 1267 5030 ·
1294 4996 1426 5052 είδὲ
1456 5014 1544 5061 τις
1568 4998 1628 5062 ἐξ
1651 4998 1858 5060 οίκείας

282 5097 529 5168 ἀμαθίας
565 5096 885 5168 χωρίζεται,
929 5094 1163 5158 καὶτοῖς
1199 5092 1301 5162 τῆς
1348 5091 1676 5162 Ἑκκλησίας
1709 5094 1859 5146 ἀντι-

283 5192 457 5245 τείνει
512 5190 757 5260 θεσμοῖς,
810 5189 896 5249 τίς
935 5189 969 5257 ή
999 5186 1188 5240 τούτου
1234 5183 1445 5256 (quia;
1494 5181 1570 5238 *ιι
1603 5185 1711 5254 γὰρ
1741 5184 1860 5253 οὐχὶ

287 5285 384 5336 καὶ
414 5281 579 5346 αὐτὸς
605 5284 632 5335 ὁ
656 5280 849 5354 Σωτὴρ
893 5280 1163 5335 διδάσκων
1191 5281 1338 5350 ἡμᾶς
1384 5280 1445 5331 τὸ
1478 5278 1723 5332 τοιοῦτον
1766 5279 1859 5331 καὶ

286 5372 459 5425 τύπον
495 5373 553 5425 ὲν
582 5374 717 5433 πᾶσι
749 5372 945 5437 τιθεὶς,
978 5370 1157 5424 ἐλάλει
1202 5370 1301 5438 μὲν
1331 5370 1448 5432 τοῖς
1474 5367 1760 5437 προσιοῦσι
1791 5367 1860 5420 τά

289 5463 646 5534 συμφέροντα
664 5480 680 5497 ο
706 5461 1065 5523 ἀπειθοῦντας
1094 5460 1152 5513 δὲ
1189 5458 1283 5513 καὶ
1312 5458 1677 5521 ἀνανεύοντας
1704 5459 1860 5527 ὴφίει

288 5553 664 5627 χωρίζεσθαι;
693 5554 789 5607 καὶ
822 5551 1076 5606 τοσοῦτον
1111 5553 1436 5622 ἀφειστήκει
1467 5548 1562 5603 τοῦ
1587 5548 1860 5602 ποιεῖσθαί

287 5665 418 5702 τινα
445 5647 554 5700 τῶν
581 5646 843 5700 τοιούτων
880 5647 1061 5714 λόγον,
1094 5646 1169 5709 ὡς
1219 5647 1311 5697 καὶ
1360 5644 1499 5714 πρὸς
1547 5643 1746 5706 αὐτοὺς
1779 5643 1859 5693 εἰς

292 5745 416 5797 πεῖν
456 5740 586 5803 τοὺς
639 5738 1031 5809 μαθητὰς,Μὴ
1079 5737 1179 5792 καὶ
1230 5737 1403 5805 ὑμεῖς
1456 5737 1657 5790 θέλετε
1706 5733 1860 5789 {md-

296 5850 451 5911 γεινί
478 5835 591 5898 τοῖς
621 5835 717 5906 μὲν
749 5832 1025 5889 εὐπειθέσι
1060 5832 1261 5896 πολλήν
1287 5849 1403 5886 τινα
1426 5830 1638 5887 δίκαιον
1668 5829 1862 5884 ἀπονέ-

1954 567 2059 621 bus
2088 565 2269 619 factus
2311 577 2395 620 est
2441 564 2647 627 onmia,
2679 579 2787 617 non
2838 568 2897 615 ut
2948 562 3209 630 exiguum
3258 560 3519 630 quiddam

1958 657 2334 725 lucrifaceret,
2364 666 2571 727 partem
2603 665 2789 710 autem
2818 654 3129 724 quampiam
3165 652 3365 706 damno
3408 651 3524 705 alli-

1957 754 2134 815 ceret,
2185 749 2280 804 sed
2329 758 2389 803 ut
2421 764 2613 802 omnes
2650 746 2982 801 lucraretur.
3020 742 3315 799 Videamus
3366 757 3521 811 ergo.

1957 838 2227 915 ejusmodi
2259 857 2445 896 rerum
2493 840 2903 907 investigationi
2935 839 3280 895 insistentes,
3315 826 3518 887 annon

1956 938 2084 1006 plus
2151 936 2279 990 huic
2329 950 2506 988 causa:
2549 934 2681 987 insit
2730 931 2880 993 mali,
2918 942 3082 998 quam
3126 922 3218 980 illa
3266 926 3524 980 videatur

1963 1031 2173 1085 habere
2222 1027 2373 1082 boni.
2405 1008 2511 1081 Tot
2556 1025 2667 1095 jam
2722 1024 3041 1093 praeteriere
3093 1020 3243 1082 ann‘i,
3294 1034 3358 1072 ex
3414 1032 3523 1085 quo

1962 1123 2139 1192 pictas
2173 1132 2261 1175 tua
2292 1119 2551 1173 thronum
2580 1132 2739 1183 suum
2772 1115 2947 1171 tenuit
2977 1128 2990 1172 :
3022 1126 3198 1182 neque
3230 1110 3523 1180 quisquam

1955 1227 2063 1283 est,
2122 1215 2214 1285 qui
2263 1220 2571 1269 conventus
2620 1213 2674 1265 in
2715 1208 2963 1263 Ecclesia
3010 1216 3134 1260 tuas
3176 1206 3335 1269 vitet,
3389 1203 3521 1271 quin

1957 1309 2188 1364 etiamsi
2222 1308 2290 1362 ab
2329 1304 2492 1359 initio
2524 1302 2776 1356 nonnulli
2806 1298 3115 1354 dissidendi
3160 1312 3345 1351 amore
3379 1295 3526 1363 seip-

1955 1421 2047 1459 sos
2080 1403 2149 1457 ab
2182 1402 2292 1456 illis
2325 1405 2710 1470 segregarem,
2758 1406 2938 1449 tamen
2985 1404 3041 1446 et
3088 1390 3164 1445 illi
3199 1400 3298 1458 per
3324 1388 3432 1441 vim
3469 1397 3525 1439 et

1950 1494 2186 1566 gratiam
2238 1491 2446 1548 Christi
2501 1489 2743 1545 revocati
2788 1494 2937 1541 sunt.
2991 1485 3068 1539 Ex
3111 1480 3524 1546 magistratibus

1949 1604 2085 1643 vero
2111 1586 2237 1656 quis
2277 1600 2386 1641 non
2414 1581 2641 1653 pietatis
2672 1589 2777 1634 tua:
2803 1578 2968 1632 dictis
2997 1574 3228 1628 audiens
3249 1570 3376 1624 est?
3398 1571 3524 1639 quis

1947 1683 2021 1736 ob
2072 1680 2217 1735 hanc
2263 1679 2437 1747 ipsam
2481 1689 2704 1730 causam
2752 1681 2855 1734 est,
2890 1670 2983 1739 qui
3032 1676 3185 1722 extra
3232 1664 3521 1719 ecclesiam

1948 1772 2421 1828 maneat?‘Nemo
2468 1766 2715 1839 proiecto
2756 1772 2866 1819 est.
2918 1762 3034 1816 Non
3079 1761 3225 1814 enim
3280 1758 3385 1810 hoc
3431 1756 3525 1808 det

1948 1868 2115 1921 Deus.
2146 1865 2337 1932 Itaque
2386 1873 2682 1930 quemnam
2716 1855 2782 1910 ad
2812 1854 3048 1909 salutem
3097 1862 3388 1907 revocans.
3428 1855 3525 1899 aut

1948 1960 2015 2013 ad
2052 1956 2336 2027 legitimos
2370 1953 2427 2007 in
2465 1948 2698 2004 ecclesia
2734 1954 3039 2001 conventus
3064 1942 3357 2003 reducens,
3388 1939 3522 2006 quin

1946 2026 2167 2105 munem
2189 2046 2372 2118 potius
2392 2041 2640 2101 ecclesiae
2664 2038 2938 2094 moenibus
2954 2035 3182 2103 ejiciens
3200 2026 3523 2101 Egyptum,

1948 2142 2229 2213 regionem
2255 2140 2420 2193 etiam
2455 2134 2831 2205 Augustalem,
2864 2134 2919 2183 et
2953 2124 3271 2184 Arcadiam,
3297 2129 3352 2175 et
3379 2118 3525 2173 Tlte—

1950 2211 2170 2299 baiden,
2201 2242 2258 2287 et
2299 2230 2551 2299 Libyam,
2591 2232 2647 2279 et
2672 2219 3015 2290 Pentapolim
3046 2225 3103 2271 et
3138 2222 3219 2268 tot
3256 2211 3523 2267 ecclesias

1946 2330 2140 2383 dolore
2195 2320 2404 2379 amcis?
2456 2336 2566 2376 non
2626 2324 2687 2370 ut
2741 2324 3077 2384 quemquam
3135 2304 3457 2360 lucrifacias
3505 2317 3519 2353 :

1947 2436 2140 2476 omnes
2189 2429 2427 2483 namque
2474 2406 2759 2467 lucrifceit
2809 2404 2980 2485 gratia
3022 2397 3365 2455 Servaturis.
3412 2394 3523 2448 Re-

1947 2516 2107 2571 mitto
2143 2522 2197 2566 te
2229 2509 2333 2564 hac
2377 2508 2436 2562 in
2478 2520 2538 2558 re
2584 2501 2651 2556 ad
2703 2502 2876 2569 ipsam
2915 2494 3138 2566 pietatis
3178 2504 3284 2546 tua:
3313 2486 3521 2543 doctri-

1949 2624 2096 2663 nam.
2132 2598 2223 2660 Ne
2272 2602 2440 2671 igitur
2489 2604 2681 2651 contra
2728 2604 2782 2647 te
2826 2592 3005 2661 ipsum
3053 2584 3308 2642 celebres
3351 2590 3520 2650 atque

1948 2701 2193 2756 illustres
2235 2710 2332 2753 eos
2377 2694 2473 2764 qui
2505 2688 2833 2747 adversandi
2882 2683 3069 2740 studio
3116 2682 3169 2735 in
3196 2688 3378 2750 partes
3411 2676 3520 2729 dis-
3563 2697 3575 2708 -

1948 2808 2191 2857 cessere,
2229 2805 2413 2861 neque
2480 2799 2723 2855 unquam
2750 2783 2959 2853 justum
3006 2778 3074 2830 de
3121 2775 3321 2842 seipsis
3364 2770 3518 2841 judi-

1948 2891 2095 2945 cium
2125 2883 2427 2954 accipiunt.
2466 2880 2549 2935 An
2591 2878 2665 2931 ita
2711 2873 3011 2927 connivere
3057 2879 3113 2921 et
3159 2878 3376 2921 cessare
3417 2876 3518 2915 nos

1945 2985 2121 3054 pietas
2153 2989 2245 3033 tua
2286 2973 2625 3044 suspicatur,
2669 2975 2730 3022 ut
2778 2979 2890 3019 non
2941 2963 3236 3031 diligenter
3278 2958 3345 3011 de
3377 2966 3519 3024 pra:-

1947 3052 2095 3131 elara
2121 3073 2266 3129 fama
2298 3078 2417 3132 tua,
2445 3073 2501 3118 et
2527 3061 2809 3134 quomodo
2851 3052 3168 3111 Servatoris
3199 3063 3392 3119 greges
3430 3062 3520 3098 re-

1869 3180 1913 3238 c
1947 3178 2146 3241 gantur
2198 3173 2364 3232 atque
2411 3155 2881 3217 manuducantur,
2935 3136 3523 3213 inquiramus?&96

1948 3233 2068 3318 lina
2107 3268 2347 3324 namque
2380 3251 2521 3313 inec,
2549 3242 2769 3300 etiamsi
2805 3243 3056 3297 locorum
3100 3233 3522 3302 intercapedine

1951 3350 2216 3422 disjuncti
2259 3320 2417 3407 sint,
2469 3341 2861 3410 episcoporum
2907 3338 2995 3386 est
3041 3343 3196 3383 cura.
3259 3320 3523 3377 Sedenim

1950 3459 2019 3497 ne
2037 3411 2105 3495 in
2141 3439 2246 3493 hoc
2292 3432 2561 3505 prolixior
2585 3443 2729 3493 esse,
2762 3436 2820 3479 et
2858 3420 3051 3492 pietati
3098 3429 3210 3473 tua;
3239 3411 3522 3469 contraria

1949 3531 2157 3588 sentire
2190 3502 2381 3579 videar
2407 3539 2421 3577 :
2447 3532 2567 3574 esto
2592 3528 2653 3571 ut
2686 3514 2847 3585 pauci
2878 3508 3172 3564 admodum
3206 3504 3316 3559 sint
3338 3502 3523 3555 adhuc

1950 3618 2222 3682 seditiosi,
2270 3615 2364 3686 qui
2413 3630 2471 3667 se
2520 3620 2626 3680 pro
2670 3607 2819 3661 illius
2868 3598 3207 3669 malignitate
3272 3593 3521 3663 periculo

1949 3717 2235 3783 exponunt
2264 3724 2278 3761 :
2315 3704 2458 3774 apud
2488 3716 2589 3756 nos
2615 3707 2797 3753 autem
2831 3703 2913 3749 tot
2944 3700 3075 3746 sunt
3098 3687 3369 3748 ecclesiae,
3396 3697 3521 3753 quze

1951 3776 2038 3861 de-
2066 3805 2276 3860 Joanne
2319 3799 2541 3852 decreta
2589 3791 2847 3846 obtinere
2901 3785 3106 3840 debere
3146 3776 3513 3834 contendunt.

1952 3901 2165 3970 Quibus
2209 3895 2378 3968 igitur
2424 3885 2711 3957 suffragari
2765 3892 2983 3950 aequum
3012 3875 3134 3932 est?
3179 3872 3416 3938 Quinam
3460 3877 3523 3922 ut

1890 3969 1899 3982 ⁸
1952 3960 2259 4054 ιῖιξιεηιιιν,⁷
2279 3986 2389 4042 Deo
2418 3980 2681 4052 placitum
2709 3972 2831 4029 est?
2856 3969 3014 4025 llline
3057 3965 3152 4035 qui
3179 3960 3382 4018 Joanni
3421 3973 3522 4027 ρει-

1953 4051 2322 4142 trocinautur,
2355 4051 2479 4131 cum
2522 4079 2672 4125 tanta
2716 4059 3090 4134 designaverit
3119 4073 3134 4112 :
3166 4068 3237 4110 an
3270 4051 3364 4123 qui
3397 4064 3520 4121 ρω-

1952 4190 2078 4230 nam
2135 4166 2345 4225 homini
2375 4164 2705 4239 iirrogarunt
2752 4155 2804 4210 ei
2858 4152 2955 4221 qui
3002 4159 3128 4205 cum
3159 4146 3296 4200 alios
3327 4142 3520 4198 dolore

1956 4261 2220 4323 alliceret,
2272 4270 2375 4328 pro
2422 4252 2601 4307 nihilo
2620 4234 2831 4304 duxit?
2861 4240 3020 4310 Quod
3066 4239 3112 4295 si
3161 4234 3521 4292 concordiam

1954 4354 2317 4413 ecclesiarum
2370 4356 2722 4407 censervare,
2777 4337 3003 4392 minime
3053 4330 3524 4388 contemnendum

1955 4450 2201 4511 videtur,
2235 4442 2386 4499 solve
2436 4441 2490 4493 i‘d
2543 4451 2697 4506 rogo,
2733 4432 2881 4503 quod
2933 4443 3055 4484 eam
3112 4424 3341 4480 scindit.
3370 4420 3524 4474 Mitte

1892 4535 1934 4589 ι)
1961 4540 2203 4611 gladium
2250 4536 2306 4591 in
2352 4531 2608 4603 vaginam
2645 4540 2820 4581 suam.
2863 4521 3004 4579 Jube
3034 4536 3101 4574 ex
3139 4519 3525 4587 episcoporum

1960 4631 2381 4689 nomenelatura
2411 4622 2641 4679 Joannis
2662 4632 2872 4674 nomen
2906 4612 3096 4667 eximi.
3130 4609 3263 4662 Nam
3295 4607 3340 4660 si
3369 4604 3525 4673 parvi

1961 4724 2015 4778 id
2050 4720 2284 4776 facimus
2322 4725 2374 4771 et
2422 4713 2683 4771 dicimus,
2721 4721 2829 4761 non
2860 4702 3055 4758 afferat
3094 4698 3344 4753 dolorem
3392 4707 3529 4761 apo-

1966 4815 2242 4870 stolorum
2274 4810 2447 4863 choro
2468 4787 2638 4860 Juidas
2668 4798 2936 4869 proditor,
2961 4794 3014 4847 in
3038 4791 3233 4847 eodem
3260 4804 3389 4844 cum
3418 4788 3528 4841 illis

1967 4905 2161 4961 ordine
2192 4912 2431 4955 census:
2463 4894 2615 4949 Juda:
2649 4899 2833 4945 autem
2863 4888 3083 4940 nomine
3112 4884 3169 4937 in
3194 4895 3391 4936 eorum
3421 4894 3528 4933 nu-

1962 5008 2181 5053 merum
2230 4993 2430 5055 relato,
2484 5002 2595 5058 quo
2645 4981 2846 5038 deinde
2879 4981 3000 5034 loco
3055 4975 3313 5030 Matthias
3370 4971 3528 5025 nobis

1964 5084 2248 5162 ponetur?
2298 5078 2435 5139 Cum
2483 5080 2651 5149 igitur
2686 5078 2851 5129 nemo
2902 5070 3127 5125 Mattliia
3170 5068 3347 5138 eiecto
3395 5080 3528 5132 apo-

1963 5182 2231 5239 stolorum
2269 5176 2441 5231 choro
2470 5171 2666 5227 Iudam
2701 5163 3042 5233 ascripserit,
3078 5167 3297 5213 maneat
3334 5165 3389 5209 et
3415 5170 3530 5208 ser-

1961 5284 2143 5333 vetur,
2175 5268 2388 5328 hortor,
2427 5271 2552 5333 post
2597 5257 2836 5313 celebris
2871 5252 3154 5308 memoria:
3183 5247 3525 5307 Nectarium,

1963 5363 2242 5421 secundus
2270 5353 2641 5413 laudatissimi
2671 5349 2881 5406 Arsacii
2914 5348 3139 5418 gradus,
3166 5357 3235 5397 ne
3260 5339 3393 5409 quid
3432 5351 3529 5406 per
3564 5371 3570 5377 -

1962 5460 2077 5513 vim‘
2107 5467 2394 5528 perperam
2434 5460 2485 5505 et
2538 5447 2826 5516 illegitime
2858 5442 3171 5497 lnductum.
3203 5433 3529 5489 memoriam

1965 5551 2108 5606 beati
2142 5548 2244 5601 viri
2293 5538 2719 5613 explodat,b‘ed
2752 5536 2909 5605 pauci
2957 5534 3190 5586 {optasse
3233 5529 3339 5580 hoc
3385 5539 3530 5592 aegre

1965 5644 2170 5697 ferunt.
2227 5634 2490 5692 Permitte
2520 5640 2704 5684 autem
2756 5626 2889 5679 mibi
2928 5635 2987 5678 ut
3028 5623 3204 5678 libere
3251 5634 3374 5689 qua:
3409 5614 3533 5670 volo

1964 5734 2167 5788 dicam.
2228 5730 2434 5785 Omnes
2502 5721 2758 5793 equidem
2809 5718 2990 5773 salvos
3042 5715 3160 5770 ﬁeri
3203 5723 3411 5782 optem.
3466 5707 3527 5762 Si

1967 5827 2089 5897 quis
2130 5839 2258 5879 vero
2306 5819 2585 5893 imperitia
2633 5831 2731 5873 sua
2781 5814 2851 5871 ab
2897 5810 3141 5870 Ecclesia
3186 5806 3420 5871 secedit,
3475 5809 3532 5857 et
