3910 6218
443 275 578 344 11ιῖ

1663 274 2091 338 NICEPHORI
2132 277 2475 340 CALLlSTl

3487 287 3599 353 1148

439 389 590 445 itius
639 385 1138 443 constitutionibus
1189 386 1522 457 refragatur.
1569 402 1692 458 qua:
1743 390 2018 459 ejusmodi

2128 391 2324 460 μεσθαι
2352 390 2484 460 παρ’
2513 388 2670 458 ήμῶν
2699 387 2794 458 τὴν
2820 389 3074 458 φροντίδα
3094 406 3107 420 ·
3141 390 3166 443 ὁ
3194 390 3245 443 δὲ
3273 391 3505 466 δυσμειὴς
3528 401 3602 454 καὶ

440 481 686 536 hominis
716 489 806 536 est
830 479 1084 550 jactura?
1112 480 1191 532 An
1217 495 1328 534 non
1355 480 1470 550 ipse
1501 496 1722 552 quoque
1749 482 2015 538 Servator

439 589 564 639 nos,
599 573 837 644 i'dipsum
868 574 1098 637 docens,
1133 580 1188 627 et
1227 573 1457 630 formam
1493 574 1551 628 in
1597 575 1858 630 omnibus
1887 591 2014 644 pro-

442 681 675 735 ponens,
719 664 1095 721 conducibilia
1124 664 1348 734 quidem
1379 665 1444 717 ad
1469 680 1564 719 eos
1614 666 1708 734 qui
1755 681 1880 720 cum
1916 681 2013 721 ac-

439 769 730 814 cesserunt
773 759 994 812 locutus
1025 766 1131 818 est.
1165 757 1550 812 inobedientes
1587 769 1770 811 autem
1819 769 1878 813 et
1929 775 2015 813 re-

442 859 681 904 nuentes
711 847 1000 902 discedere
1034 848 1328 917 permisit?
1376 847 1554 916 Atque
1601 858 1814 902 tantum
1856 848 2013 902 abest

441 951 506 996 ut
537 942 774 1011 aliquam
807 940 998 994 talium
1032 941 1318 996 hominum
1343 944 1614 995 rationem
1643 940 1917 1002 habuerit,
1954 949 2012 993 ut

441 1035 608 1086 etiam
641 1033 706 1086 ad
746 1033 900 1101 ipsos
939 1033 1144 1088 dixerit
1176 1033 1475 1102 discipulos
1509 1051 1522 1086 :
1557 1034 1639 1087 An
1667 1042 1717 1086 et
1752 1050 1841 1086 nos
1869 1033 2014 1086 abire

441 1126 600 1180 cultis
626 1127 688 1179 ’ί
738 1127 1195 1195 Obsequentibus
1227 1143 1358 1182 sane
1403 1127 1630 1180 multam
1662 1140 1762 1179 nos
1795 1141 2011 1194 impen-

440 1217 573 1272 dere
636 1231 824 1272 curam
881 1233 1100 1286 aequum
1153 1226 1258 1270 est.
1314 1215 1674 1270 Adversarius
1725 1225 1908 1268 autem
1957 1223 2014 1268 et

441 1306 772 1362 inobediens
806 1307 1251 1361 malevolentiam
1297 1307 1411 1375 ipse
1437 1322 1592 1360 suam
1624 1317 1864 1368 accuset,
1902 1323 2016 1360 n~e~

440 1399 680 1454 dicinatn
733 1401 864 1454 odio
910 1400 1142 1455 habens.
1208 1399 1410 1455 Audiet
1476 1399 1567 1453 ille
1609 1415 1741 1453 vero
1801 1401 2011 1466 justum

435 1491 704 1561 jndicem,
740 1493 1014 1548 dicentem
1046 1511 1059 1545 :
1092 1492 1532 1560 Quandoquidem
1566 1491 1767 1544 locutus
1798 1508 1936 1549 sum.
1966 1499 2015 1544 et

442 1601 546 1637 non
603 1585 897 1640 obcdivistis
925 1599 944 1638 :
995 1594 1042 1638 et
1089 1587 1296 1640 extendi
1342 1601 1629 1651 sermones,
1683 1593 1732 1638 et
1776 1587 2024 1655 animum.

443 1693 548 1730 non
592 1679 890 1732 advenistis
915 1680 960 1742 ’,
1010 1688 1067 1733 et
1117 1695 1241 1747 qua:
1295 1691 1625 1747 sequuntur.
1685 1679 1847 1750 497
1904 1679 2014 1733 Nos

446 1771 696 1840 quidem,
743 1772 838 1841 qui
885 1773 1172 1834 docemus,
1224 1771 1556 1846 quibusnam
1605 1771 1772 1825 rebus
1813 1772 2017 1840 aliquis

441 1861 662 1915 laudem
711 1862 817 1916 sibi
849 1863 992 1932 apud
1029 1863 1196 1917 Deum
1233 1872 1409 1932 paret,
1439 1861 1687 1916 studiose
1719 1862 2015 1916 admodum

444 1954 498 2008 id
534 1954 716 2009 facere
750 1963 916 2024 atque
952 1955 1244 2010 inStituere
1281 1957 1459 2019 decet,
1488 1965 1656 2026 atque
1697 1972 1821 2012 cum
1848 1956 2017 2011 Paulo

443 2044 836 2100 resistentibus
877 2045 1114 2100 dicere:
1177 2046 1529 2100 Obsecremus
1579 2063 1674 2115 per
1727 2045 2014 2112 Christum,

443 2136 864 2192 reconciliamini
914 2139 1019 2192 Deo
1052 2141 1092 2202 ⁸,
1139 2140 1528 2196 inobedientes
1571 2156 1701 2196 vero
1753 2139 2017 2210 potestati

446 2231 541 2285 Dei
589 2232 1002 2298 commendare,
1053 2232 1189 2286 illud
1247 2241 1634 2303 usurpantes:
1692 2231 2016 2287 Curavimus

441 2321 788 2394 Babylonem,
819 2325 910 2377 sed
953 2335 1146 2378 sanata
1182 2340 1286 2377 non
1318 2332 1437 2377 est:
1473 2323 1837 2394 relinquamus
1876 2339 2017 2386 eam,

441 2419 696 2489 quoniam
735 2418 971 2488 pervenit
1000 2419 1055 2472 in
1089 2417 1275 2472 caelum
1309 2417 1571 2487 judicium
1601 2419 1714 2489 ejus
1741 2417 1786 2474 ⁵.
1811 2415 2020 2473 Conse-

443 2529 624 2582 quens
675 2515 844 2586 igitur
880 2530 990 2570 non
1029 2523 1135 2581 est,
1172 2523 1400 2585 propter
1445 2513 1710 2569 adversos
1752 2527 2022 2584 quorum-

444 2603 572 2663 dam
635 2622 946 2674 sermones,
1007 2607 1282 2677 siquidem
1344 2621 1574 2677 prorsus
1631 2606 1802 2676 aliqui
1863 2618 2018 2676 sunt,

444 2699 704 2754 funditus
764 2700 1082 2755 sanctiones
1154 2700 1562 2755 ecclesiasticas
1627 2699 1905 2764 convelli,
1962 2707 2020 2754 ut

445 2789 623 2846 laicus
655 2791 991 2846 sacerdotali
1032 2790 1301 2862 dignitate
1334 2790 1679 2847 enitentibus
1729 2805 2023 2846 accensea-

447 2895 560 2948 tur,
620 2893 679 2940 et
736 2884 1005 2940 honorem
1059 2885 1316 2940 eumdem
1375 2893 1776 2956 consequatur.
1831 2865 2021 2955 Neque

445 2977 595 3030 enim
643 2976 751 3030 hoc
783 2991 1136 3031 communem
1182 2976 1334 3029 orbis
1378 2975 1623 3030 universi
1675 2989 1892 3044 pacem,
1924 2973 2019 3028 sed

2120 483 2355 552 ἀνήκοος
2401 482 2500 551 τὴν
2533 479 2700 533 αὑτοῦ
2737 480 3022 532 κακόνοιαν
3071 483 3374 547 αἰτιάσαιτο,
3415 493 3599 554 μισήσας

2119 573 2183 626 τδ
2223 572 2649 639 θεραπεύεσθαι.
2693 568 3008 626 ’Δκούσεται
3039 575 3094 626 δὲ
3142 576 3282 643 παρά
3321 579 3404 630 τοῦ
3431 581 3595 637 δικαίου

2123 666 2339 737 κριτοῦ,
2381 665 2626 730 Ἐπειδὴ
2653 665 2944 731 ἐλάλουν,
2981 667 3076 721 καί
3110 671 3216 737 οὐχ
3248 673 3598 732 ὑπηκούσατε’

2121 760 2217 811 καί
2256 757 2526 822 ἐξέτεινα
2563 760 2809 826 λόγους,
2844 759 2941 812 καὶ
2974 762 3044 813 οὐ
3073 763 3426 829 προσείχετε,
3456 771 3531 820 καὶ
3554 775 3601 822 :‘z

2121 851 2331 914 τούτοις
2360 849 2511 918 ἑξῆς.
2553 851 2720 918 Ἡμῖν
2754 851 2855 920 μὲν
2884 851 2991 919 γὰρ
3020 854 3129 914 τοῖς
3154 853 3436 909 διδάσκουσι
3469 861 3602 927 τὰὲφ⁸

2119 939 2202 1006 οἷς
2232 944 2298 997 ἄν
2333 961 2412 1007 τις
2450 945 2768 1014 εὐδοκιμοίη
2813 945 2963 1012 παρά
2992 944 3127 1010 Θεῷ.
3161 948 3249 996 καὶ
3275 947 3605 1005 λίανὲσπονδι-
3643 989 3648 994 -

2123 1037 2335 1104 σμένως
2386 1037 2730 1105 είσηγεῖσθαι
2779 1037 3017 1106 πρέπει·
3051 1039 3143 1089 καὶ
3175 1039 3280 1099 τοῖς
3319 1041 3605 1094 ἀντιτείνωσι

2122 1127 2307 1195 λέγειν
2340 1128 2480 1197 μετά
2507 1126 2602 1180 τοῦ
2635 1127 2849 1180 Παύλου
2872 1143 2886 1157 ⁸
2919 1128 3172 1196 Δεόμεθα
3215 1128 3354 1196 ὑπὲρ
3389 1133 3604 1195 Χριστοῦ,

2047 1269 2060 1276 -
2126 1220 2550 1288 καταλλάγητε
2579 1218 2660 1284 τῷ
2693 1217 2836 1284 Θεῷ,
2867 1219 2994 1279 τοὺς
3033 1218 3088 1270 δὲ
3118 1219 3444 1283 ἀπειθοῦντας
3468 1223 3604 1276 λοιπὸν
3655 1284 3658 1288 ,

2045 1746 2093 1805 Β

2121 1312 2438 1366 ἀνατιθέναι
2463 1316 2529 1382 τῇ
2552 1312 2646 1364 τοῦ
2677 1311 2814 1366 Θεοῦ
2837 1311 3070 1380 δυνάμει
3111 1311 3376 1377 λέγοντες·
3410 1316 3607 1383 Ἰατρεύ-

2123 1421 2321 1473 σαμεν
2355 1403 2472 1471 τὴν
2502 1403 2853 1468 Βαϐυλῶνα,
2896 1401 2997 1454 καί
3027 1403 3134 1455 οὐκ
3157 1401 3302 1468 ίάθη.
3344 1404 3604 1470 Ἐγκατελίο

2123 1513 2318 1566 «oper
2343 1496 2541 1564 αὐτὴν
2589 1497 2677 1549 ὅτι
2716 1495 2966 1565 ἤγγικεν
3011 1497 3098 1559 εἰς
3126 1497 3370 1563 οὐρανὸν
3396 1498 3450 1549 τὸ
3475 1499 3607 1566 κρῖμα

2123 1588 2338 1656 αὐτῆς.
2373 1589 2490 1641 Οὐκ
2529 1589 2824 1641 ἀκόλουθον
2852 1586 3148 1656 τοιγαροῦν
3180 1587 3262 1639 διὰ
3284 1589 3372 1650 τάς
3395 1605 3524 1640 τινων
3540 1593 3607 1642 ἁν-

2124 1676 2372 1744 τιλογίας
2396 1678 2556 1747 εἰπερ
2597 1677 2742 1740 τινὲς
2785 1676 2924 1740 ὅλως
2953 1677 3118 1738 είσὶν,
3155 1678 3218 1728 ἐκ
3252 1676 3438 1746 βάθρων
3467 1680 3607 1751 ὥσπερ

2121 1768 2514 1822 κατασείεσθαι
2547 1769 2673 1832 τοὺς
2696 1767 2796 1836 τῆς
2844 1767 3174 1838 Ἐκκλησίας
3204 1769 3437 1835 θεσμοὺς,
3466 1771 3605 1823 λειίκοῦ

2122 1861 2559 1930 συνταττομένου
2589 1861 2705 1922 τοῖς
2741 1860 2800 1911 ὲν
2834 1860 3084 1929 ἱερατεία
3129 1858 3445 1928 διαπρέψασι,
3467 1863 3534 1911 καὶ
3562 1862 3604 1911 ἐν

2121 1957 2222 2028 ἴσῳ
2273 1957 2458 2024 μέτρῳ
2498 1955 2665 2024 τιμῆς
2713 1952 3116 2015 είσϐαίνοντος.
3151 1951 3240 2022 Μὴ
3288 1951 3384 2021 γάρ
3419 1952 3464 2021 δή
3485 1953 3601 2007 τοῦτο

2121 2049 2456 2104 καλείτωσαν
2495 2048 2884 2118 οίκουμενικήν
2913 2063 3065 2109 τινες
3104 2047 3344 2115 εἰρήνην,
3370 2047 3471 2098 ἀλλὰ
3498 2049 3598 2114 μᾶλα

2119 2141 2212 2194 λον
2240 2143 2581 2211 κατατομήν.
2638 2140 2782 2210 Ἐγὼ
2813 2139 2922 2210 γὰρ
2973 2141 3103 2194 τότε
3147 2141 3285 2210 φημὶ
3323 2140 3608 2206 κρατύνεσθαι

2121 2235 2184 2286 τὸ
2213 2234 2316 2303 τῆς
2347 2234 2570 2305 εἰρήνης
2599 2233 2773 2304 ὄνομα
2825 2234 2918 2286 καὶ
2964 2235 3228 2302 πρᾶγμα,
3277 2232 3390 2284 ὅταν
3432 2231 3494 2298 μή
3525 2234 3608 2293 ui;

2119 2326 2230 2380 τῶν
2301 2327 2475 2396 ἁγίων
2531 2326 2782 2396 γνώμαις
2844 2323 3315 2394 ἀντιταττώμεθα,
3370 2324 3484 2393 μήτε
3532 2325 3607 2385 τοῖς

2122 2417 2348 2472 ἐκείνων
2390 2418 2851 2488 άντιπράττωμεν
2881 2419 3057 2488 ὅροις.
3090 2417 3153 2470 Εἰ
3192 2417 3294 2484 γὰρ
3325 2416 3509 2476 εἷτινας
3537 2414 3610 2464 τῶν

2123 2513 2269 2566 κατὰ
2301 2511 2403 2582 τὴν
2457 2512 2601 2582 ἑῴαν
2639 2511 3069 2565 εὐλαῦεστάτων
3117 2507 3350 2576 ἀδελφῶν
3396 2507 3476 2559 καὶ
3522 2522 3611 2557 συν-

2123 2605 2444 2658 επισκὸπων
2473 2607 2502 2659 ὁ
2553 2605 2829 2674 μακάριος
2893 2602 3267 2670 Ἀλέξανδρος,
3310 2599 3614 2668 θρασύστομος

2123 2696 2202 2753 ὢν
2231 2700 2422 2763 ὅντως,
2473 2697 2617 2752 κατὰ
2646 2699 2744 2767 τῆς
2788 2697 2889 2766 σῆς
2931 2695 3249 2756 θεοσεὸείας
3287 2691 3468 2761 φωνὴν,
3495 2705 3617 2757 πεφε-

2123 2794 2342 2858 νάκικε,
2384 2792 2481 2846 καὶ
2525 2791 2885 2858 συναρπάσας
2933 2784 3086 2842 εἷλεν
3133 2791 3211 2850 είς
3264 2788 3354 2854 τήν
3388 2788 3466 2838 ἐπὶ
3491 2782 3618 2845 τούτῳ

2125 2884 2459 2950 συναίνεσιν,
2481 2883 2544 2937 οὐ
2568 2883 2658 2936 διὰ
2688 2881 2846 2936 τοῦτο
2869 2883 3098 2945 πάντως
3122 2883 3216 2934 καὶ
3242 2881 3443 2950 κρατεῖν
3468 2874 3619 2943 ὀφείλει

2122 2977 2186 3030 τὸ
2215 2976 2454 3046 νόσημα,
2503 2976 2598 3028 καὶ
2643 2977 2766 3036 ταῖς
2818 2975 3084 3028 ἁπάντων
3133 2965 3620 3033 καταϐόσκεσθαιψυ·

447 3067 821 3123 concisionem
868 3069 1052 3136 potius
1099 3069 1327 3138 quidam
1365 3077 1588 3147 vocent.
1639 3068 1753 3136 Ego
1795 3066 2018 3136 quidem

2125 3070 2269 3140 χαῖς,
2297 3069 2435 3122 ἀλλά
2467 3069 2670 3138 μᾶλλον
2700 3064 2790 3122 οἷά
2818 3083 2902 3130 τις
2933 3067 3092 3136 λήμη
3117 3065 3208 3118 τὸν
3233 3064 3325 3132 τῆς
3364 3057 3620 3125 Ἐκκλησὶσς

447 3166 565 3211 tum
617 3158 839 3212 demum
893 3159 1144 3214 obtinere
1180 3146 1401 3213 debere~
1436 3170 1491 3213 et
1539 3173 1742 3213 nomen
1795 3167 1853 3213 et
1902 3173 2018 3212 rem

447 3249 626 3318 ipsam
684 3250 834 3319 pacis
891 3265 1116 3316 censeo,
1183 3267 1307 3305 cum
1361 3261 1679 3305 sanctorum
1725 3252 2021 3306 sententiis

447 3359 562 3398 non
593 3343 980 3412 adversemur,
1013 3361 1194 3424 neque
1224 3347 1446 3401 illorum
1481 3347 1723 3402 decretis
1752 3363 2022 3416 repugne-

450 3453 595 3492 mus.
625 3439 784 3504 Quod
817 3441 860 3493 si
893 3440 1042 3494 enim
1086 3441 1282 3496 beatus
1323 3440 1658 3505 Alexander,
1687 3441 2023 3496 conlidentis

449 3546 680 3602 prorsus
707 3533 820 3586 oris
850 3533 957 3599 vir,
985 3533 1140 3602 juxta
1177 3533 1401 3602 pietatis
1435 3543 1542 3588 tute
1587 3535 1776 3598 verba,
1810 3534 2024 3603 aliquos

450 3640 520 3678 ex
576 3625 1009 3694 religiosissimis
1074 3625 1337 3680 fratribus
1399 3635 1455 3680 et
1527 3625 1753 3696 collegis
1813 3625 2024 3680 nostris

451 3714 828 3770 Orientalibus
857 3717 1136 3786 episCOpis
1187 3717 1336 3772 inani
1389 3719 1667 3772 dictorum
1704 3719 1829 3772 fuco
1861 3720 2026 3774 dece-

454 3809 556 3878 pit.
585 3819 641 3862 et
686 3810 753 3862 ad
800 3809 968 3881 hujus
1014 3811 1094 3865 rei
1131 3811 1644 3879 comprobationem
1676 3823 1862 3881 raptos
1901 3828 2027 3881 per-

455 3901 648 3961 traxit.
674 3916 784 3956 non
817 3913 1108 3973 propterea
1133 3903 1358 3959 morbus
1385 3904 1476 3958 hic
1499 3920 1726 3974 prorsus
1750 3905 2024 3964 obtinere,

451 4001 510 4048 et
547 3995 763 4050 animas
801 3998 1048 4050 omnium
1098 3997 1422 4066 depascere,
1471 3997 1566 4050 sed
1609 3996 1796 4066 p0tius
1854 3996 2024 4050 veluti

342 4143 366 4165 ⁸
453 4087 703 4155 quaedam
758 4087 1054 4156 lippitudo,
1085 4087 1346 4142 Ecclesia:
1397 4087 1617 4142 oculum
1666 4087 1957 4153 infestans,
1995 4103 2026 4141 a

453 4177 616 4230 vobis
651 4179 936 4247 repurgari
975 4179 1161 4234 debet.
1211 4179 1281 4234 Ut
1316 4178 1406 4232 illa
1439 4194 1662 4233 rursum
1713 4179 1922 4234 directe
1957 4178 2026 4233 ad

455 4269 680 4322 Patrum
713 4267 936 4322 decreta
985 4270 1304 4338 respiciens,
1347 4270 1544 4324 merito
1591 4286 1621 4324 a
1677 4271 1898 4326 Christo
1923 4287 2026 4326 au-

456 4359 573 4412 diat
619 4377 632 4413 :
688 4359 845 4412 Oculi
897 4361 976 4411 tui
1021 4361 1295 4414 columbae.
1352 4363 1551 4431 Accepi
1597 4371 1653 4416 et
1692 4380 1794 4434 ego
1850 4379 1878 4417 a
1931 4364 2027 4418 Dei

459 4451 864 4515 amantissimo,
903 4452 998 4522 qui
1049 4455 1113 4506 ad
1156 4462 1458 4507 extremam
1511 4455 1746 4510 feliciter
1777 4459 2030 4521 pervenit

459 4554 826 4607 senectutem,
865 4545 1070 4599 Aeat-io
1115 4545 1352 4609 litteras,
1387 4547 1443 4600 in
1486 4549 1691 4616 quibus
1730 4549 2032 4620 religiosis-

457 4638 662 4694 simum
714 4637 1027 4692 Antiochia:
1074 4639 1380 4693 antistitem
1424 4641 1475 4694 vi
1528 4649 1785 4694 coactum
1827 4658 1855 4694 a
1906 4643 2031 4711 qui-

459 4729 691 4784 busdam
739 4746 885 4793 esse,
916 4741 977 4786 ut
1029 4732 1260 4787 Joannis
1313 4737 1633 4787 memoriam
1679 4733 2023 4797 celebraret,

459 4831 777 4876 asseverat:
807 4833 973 4892 atque
1004 4824 1137 4878 illud
1173 4833 1438 4893 praeterea
1473 4835 1662 4894 aperte
1689 4842 2028 4880 commemo-

461 4926 569 4977 rat,
612 4918 771 4972 valde
811 4933 938 4972 eum
992 4919 1173 4972 virum
1220 4935 1283 4973 ea
1328 4919 1383 4973 in
1420 4935 1481 4974 re
1532 4921 1724 4975 dolore
1772 4921 2028 4976 affectum

460 5009 654 5071 fuisse,
688 5009 946 5078 viamque
976 5025 1084 5079 qua
1115 5025 1144 5064 a
1171 5019 1280 5065 tam
1312 5011 1598 5080 prafracta
1626 5013 1856 5068 audacia
1887 5013 2030 5067 libe-

461 5113 680 5154 raretur
731 5099 1017 5170 quaesiisse
1063 5120 1080 5158 :
1131 5111 1190 5157 et
1238 5102 1452 5157 litteras
1501 5104 1601 5158 hac
1659 5103 1727 5158 de
1782 5119 1947 5159 causa
1999 5119 2032 5159 a

459 5192 624 5249 nobis
650 5201 706 5247 et
735 5194 938 5262 pietate
970 5203 1084 5259 tua,
1126 5209 1195 5248 ne
1237 5194 1402 5249 simul
1443 5210 1570 5250 cum
1603 5195 1938 5265 quibusdam
1974 5195 2029 5250 in

462 5291 716 5344 eumdem
779 5305 1028 5346 errorem
1085 5292 1408 5358 duceretur,
1477 5308 1616 5347 neve
1686 5293 2031 5364 ejuscemodi

461 5383 692 5438 consilia
740 5384 1085 5454 agitantibus
1132 5384 1378 5450 cederet,
1427 5385 1726 5455 impetrare
1762 5387 2030 5442 voluisse.

462 5475 533 5526 At
585 5491 708 5540 nos,
761 5481 856 5544 qui
905 5477 975 5532 ad
1024 5493 1213 5532 curam
1253 5487 1308 5532 et
1342 5478 1673 5532 medicinam
1719 5479 2031 5535 faciendam

464 5567 645 5623 vocati
673 5583 861 5625 sumus
885 5570 976 5641 (da
1005 5571 1152 5626 enim
1180 5571 1285 5627 hoc
1312 5570 1472 5637 mihi,
1502 5580 1561 5626 ut
1594 5587 1695 5641 pro
1725 5571 1896 5625 animi
1923 5573 2026 5627 mei

543 5740 559 5771 ⁸
593 5736 747 5794 Joan.
774 5756 848 5806 vt,
870 5745 957 5799 68.
1032 5749 1052 5778 ’
1075 5747 1274 5801 Jercm.
1312 5763 1468 5812 xxxv,
1512 5749 1590 5803 Η.
1674 5750 1691 5780 ³
1722 5747 1762 5801 ll
1795 5747 1921 5802 Cor.
1951 5765 2001 5812 v,
2039 5750 2128 5805 ‘20.

2062 4425 2105 4480 Ι)

2123 3161 2408 3231 ὀφθαλμὸν
2444 3160 2825 3230 παραλύουσα,
2859 3159 2993 3229 παρ’
3026 3157 3185 3228 ὑμῶν
3235 3154 3622 3221 ἑκκαθαίρεσθσι·

2123 3254 2213 3307 ἵνα
2237 3254 2303 3322 δὴ
2342 3254 2506 3308 πάλιν
2537 3253 2712 3322 ὀρθῶς
2750 3253 2888 3322 πρὸς
2920 3250 3054 3314 τοὺς
3109 3251 3212 3303 τῶν
3243 3248 3475 3316 Πατέρων
3511 3244 3624 3310 ὅρους

2123 3347 2514 3404 ἀποϐλέπουσα
2566 3347 2792 3408 δικαίως
2859 3343 3038 3416 ἁκούῃ
3105 3343 3234 3414 περὶ
3302 3335 3535 3410 Χριστοῦ·
3582 3335 3626 3384 Ol

2125 3440 2424 3509 ὀφθαλμοί
2465 3455 2582 3494 σου
2613 3437 2980 3507 περιστεραί.
3024 3436 3292 3503 Δέδεγμαι
3325 3429 3410 3484 οὖν
3444 3427 3627 3497 γράμμα

2125 3535 2285 3603 κάγὼ
2330 3533 2485 3604 παρά
2549 3533 2643 3586 τοῦ
2695 3531 3074 3602 εύγηροτάτου
3131 3530 3228 3581 καὶ
3278 3519 3628 3592 θεοφιλεστάτου

2136 3628 2430 3682 Ἀκακίουο
2463 3626 2596 3680 ἔνθα
2645 3625 2736 3679 τὸν
2787 3623 3194 3677 εὺλαὸἐστατον
3234 3619 3328 3688 τῆς
3366 3609 3628 3680 Ἀντιοχείας

2126 3719 2426 3772 ἐπίσκοπον
2476 3715 2826 3788 ἠναγκάσθαι
2883 3716 3039 3784 παρά
3090 3727 3252 3766 τινων
3307 3704 3632 3775 διισχυρίζετσι

2125 3812 2225 3878 τὴν
2281 3808 2536 3862 Ἰωάννου
2576 3809 2802 3879 μνήμην
2860 3804 3216 3859 ἐπιτελέσαι·
3270 3803 3358 3855 καὶ
3399 3792 3629 3851 δάκνεσθαι

2112 3903 2231 3973 -μὲν
2267 3903 2361 3955 ἐπὶ
2402 3903 2580 3972 τούτῳ
2629 3902 2861 3971 σφόδρα,
2887 3901 3044 3953 λύσιν
3082 3900 3140 3951 δέ
3171 3917 3292 3953 τινα
3323 3896 3422 3949 τῶν
3453 3893 3507 3943 ἐκ
3536 3901 3634 3955 προ-

2130 3997 2353 4060 πετείας
2391 3996 2658 4066 εὕρασθαι
2711 3995 3019 4066 ζητοῦντα·
3060 3995 3161 4047 καὶ
3217 3993 3498 4061 γράμματα
3538 3979 3634 4046 περὶ

2127 4087 2319 4140 τούτου
2356 4087 2692 4156 κομίσασθαι
2746 4085 3077 4155 βουλόμενον
3127 4082 3278 4152 παρά
3304 4097 3359 4132 τε
3408 4076 3539 4148 ἡμῶν
3565 4073 3635 4123 καὶ

2129 4179 2229 4247 τῆς
2264 4180 2363 4247 σῆς
2401 4176 2737 4239 θεοσεϐείας.
2771 4175 2961 4244 σαφῶς
2991 4173 3396 4244 διαγορεύοντα,
3434 4167 3500 4236 μὴ
3536 4177 3633 4214 συν⁴

2131 4271 2444 4340 απάγεσθαί
2471 4287 2604 4337 τισι,
2642 4271 2780 4341 μηδὲ
2827 4269 2998 4322 εἴκειν
3045 4271 3165 4330 τοῖς
3201 4264 3415 4319 τοιαῦτα
3454 4255 3638 4326 συμΰουο

2131 4364 2405 4418 λεύουσιν.
2453 4363 2599 4416 Ἀλλ’
2641 4363 2690 4416 οἱ
2724 4363 2860 4432 πρὶς
2901 4361 3206 4430 θεραπείαν
3249 4353 3543 4423 κεκλημένοι
3567 4346 3636 4415 (δίο

2134 4454 2228 4506 δου
2295 4453 2401 4524 γάρ
2454 4470 2547 4523 μοι
2584 4452 2766 4520 λέγειν
2834 4454 2974 4522 μετά
3041 4450 3356 4520 παρρησίας
3411 4446 3636 4497 mvéeam

2135 4543 2234 4614 τὴν
2279 4544 2506 4616 ψυχὴν),
2555 4544 2890 4614 τραυμάτων
2929 4543 3222 4612 προσθήκη
3263 4541 3336 4609 μὴ
3386 4527 3634 4605 γενώμεθα,

2135 4635 2224 4688 ἶνα
2253 4635 2346 4688 καὶ
2375 4635 2437 4687 τὸ
2463 4631 2603 4688 εἶναι
2634 4635 3109 4706 παρακολούθημα
3140 4635 3237 4702 τῆς
3267 4631 3456 4701 ἑτέρων
3483 4635 3638 4693 προπε·

2135 4728 2289 4792 τείας
2318 4727 2719 4798 ἀποφύγωμεν.
2751 4728 3030 4797 Θαυμάζω
3081 4727 3140 4780 δὲ
3189 4727 3419 4781 κάκεῖνο.
3451 4721 3510 4781 εί,
3549 4728 3640 4764 τοτ’

2135 4822 2291 4885 οὗτος
2336 4821 2412 4874 ὢν
2447 4825 2525 4883 είς
2573 4822 2905 4890 πολυλογίαν
2935 4825 2962 4875 ὀ
3012 4817 3406 4892 μνημονευθεὶς
3441 4810 3640 4874 ’Δλέειγ

2136 4915 2282 4984 ὅρος,
2318 4916 2414 4968 καὶ
2463 4916 2654 4985 χρόνον
2686 4915 2748 4967 οὐ
2791 4917 2993 4986 μικρὸν
3026 4914 3312 4983 διατρίψας
3359 4909 3534 4964 ἐκεῖσε.
3570 4898 3640 4963 οὐκ

2135 5006 2287 5072 ὅπως
2314 5007 2540 5077 ἰσχύσας
2567 5007 2863 5062 ἀναπεῖσαί
2893 5025 3048 5070 τινας
3076 5008 3216 5077 πρὸς
3238 5003 3391 5058 τοῦτο
3421 4998 3641 5070 φαίνεται·

2136 5095 2218 5162 εἷς
2267 5100 2324 5153 δὲ
2359 5102 2712 5171 γραμμάτων
2748 5101 3108 5171 διακομιστὴς
3150 5098 3402 5152 τοσοῦτον
3453 5094 3640 5159 ἴσχυσεν.

2137 5197 2214 5259 ὡς
2253 5196 2636 5266 τεθρύλληται,
2685 5195 2831 5248 ὥστε
2864 5196 3038 5266 δῆμον
3065 5194 3267 5264 ἀνάψαι
3297 5187 3552 5245 τοσοῦτον,
3574 5176 3644 5231 καὶ

2140 5291 2598 5360 κατηύνασμένην
2644 5291 2901 5342 ὑπόθεσιν
2956 5289 3131 5359 χρόνῳ
3191 5284 3384 5355 μακρῷ
3429 5279 3645 5344 διεγεῖραι

2142 5385 2325 5448 πάλιν,
2371 5385 2511 5455 ὅπερ
2564 5384 2682 5436 ἐστὶ
2718 5382 3003 5445 παντελῶς
3041 5379 3322 5434 ἀπίθανον,
3371 5371 3498 5428 Ἀλλ’
3538 5368 3643 5420 ἔστω

2141 5477 2428 5532 καὶτοῦτο
2483 5477 2576 5530 καὶ
2636 5476 2981 5529 πιστευέσθω
3027 5473 3339 5544 γενόμενον.
3389 5463 3516 5519 Ἀλλ’
3555 5455 3642 5510 ῦῖδα

2140 5571 2238 5642 τὴν
2266 5571 2364 5642 σὴν
2394 5569 2706 5623 θεοσέϐειαν
2735 5567 3127 5640 ἀριστεύουσαν
3148 5568 3205 5617 ἐν
3232 5563 3424 5629 λόγοις.
3451 5550 3643 5615 Διδὰξείς

2213 5751 2229 5783 ³
2257 5749 2458 5813 .lerem,
2517 5763 2585 5814 LI,
2609 5749 2662 5804 9.
