3910 6218
265 315 402 380 ῙῖΗ

1191 320 1795 385 ECCLESIASTICIE
1829 324 2221 387 HISTORIA)
2262 328 2404 390 LIB.
2442 328 2596 390 XIV.

3387 329 3526 392 1150

262 434 488 496 πάντως
516 434 585 488 τὰ
611 433 803 490 δέοντα
835 439 962 502 τοὺς
1007 439 1504 524 τεθορυϐημένους.
1535 443 1722 510 Ἔχεις
1751 442 1850 512 ἀρ-

1960 441 2166 506 Llelore,
2200 444 2377 500 libere
2412 447 2599 500 dicere
2634 444 2887 516 possim),
2929 460 2999 500 ne
3047 444 3294 499 accessio
3326 445 3522 499 vulne-

263 527 472 582 κοῦσαν
504 528 617 582 τῶν
655 529 818 600 ἱερῶν
848 533 1229 602 κηρυγμάτων
1255 539 1354 603 τὴν
1380 529 1563 604 χάριν.
1597 536 1842 600 Πείσεις,

262 619 424 680 οἶδα,
482 620 579 675 καὶ
629 621 758 684 τοὺς
822 625 1252 687 εὐσεϐεστάτους
1306 626 1568 694 βασιλεῖς,
1621 629 1845 698 ἀγαπᾷν

265 714 518 784 συνήθως
559 714 621 768 τὺ
651 718 764 778 τοῖς
791 717 986 770 κανόσι
1009 717 1224 772 δοκοῦν.
1253 720 1514 783 Εύσεϐεῖς
1548 721 1658 791 γὰρ
1691 721 1844 784 ὄντες

262 808 363 862 καὶ
391 807 754 878 φιλόχριστοι,
787 809 1014 879 θεσμοῖς
1046 811 1200 875 ίδίοις
1238 812 1595 882 ἐπιτρέψουσι
1625 814 1846 867 διοικεῖ-

267 901 394 954 σθαι
416 900 514 961 τὰς
540 901 862 968 ἐκκλησίας,
895 903 993 955 καὶ
1017 903 1118 972 τῆς
1151 904 1417 976 πατρῴας
1442 906 1644 975 ἀρετῆς
1672 907 1847 977 ὑπάρ-

266 1007 458 1061 χοντες
490 990 757 1060 ζηλωταὶ.
797 992 866 1045 τά
915 993 1144 1047 ἐκείνων
1195 997 1553 1066 μιμήσονται.
1589 997 1682 1067 Μὴ
1717 1015 1847 1049 τατ-

263 1083 445 1135 τέσθω
500 1082 792 1152 τοιγαροῦν
845 1086 874 1138 ό
925 1086 1329 1156 ἐκϐεϐλημένος
1391 1087 1648 1158 Ἰεχονίας
1709 1089 1846 1158 μετά

263 1177 433 1230 Δαυῖδ
457 1193 517 1229 τε
551 1178 645 1230 καὶ
674 1178 932 1248 Σαμουὴλ
956 1179 1066 1232 τῶν
1091 1181 1391 1251 προφητῶν
1409 1195 1426 1212 ·
1455 1181 1592 1252 μηδὲ
1618 1182 1671 1234 εί
1703 1199 1848 1236 τισιν

263 1269 470 1330 ἀδίκως
503 1268 649 1335 ἔδοξε
683 1270 745 1322 τὸ
779 1270 1026 1336 Εὑδοξίου
1057 1271 1312 1340 λείψανον
1351 1275 1408 1326 ὲν
1435 1275 1618 1338 αὐτοῖς
1648 1275 1850 1329 ἀποτε-

269 1362 486 1414 θεῖσθαι
523 1362 736 1425 τόποις,
763 1363 850 1416 διὰ.
880 1363 1043 1417 τοῦτο
1081 1367 1179 1419 καὶ
1219 1367 1382 1436 ἡμεῖς
1410 1367 1501 1420 τὸν
1530 1366 1745 1438 ἀνίερον
1773 1367 1848 1430 ὡς

269 1455 418 1522 ἱερὸν
463 1455 832 1525 είσφέρωμεν.
891 1457 1091 1526 Ἐχρῆν
1138 1458 1248 1529 γὰρ
1299 1459 1473 1528 δήπου
1521 1460 1720 1530 μᾶλλον
1750 1462 1851 1514 κά·

268 1551 416 1600 κεῖνο
445 1547 736 1616 διόρθωσιν
768 1549 1152 1618 ὲπιζητεῖσθαι
1181 1552 1314 1620 παρ’
1346 1551 1528 1621 ήμῶν,
1559 1552 1660 1606 οὐκ
1686 1552 1850 1607 αὑτὸν

275 1637 619 1707 μορφοῦσθαι
669 1639 736 1691 τὰ
772 1639 1025 1710 δεύτερα.
1081 1643 1192 1696 Καὶ
1218 1643 1398 1696 ταῦτά
1432 1661 1613 1714 φαμεν
1649 1644 1746 1714 οὐχ
1773 1644 1851 1706 ὡς

271 1732 706 1797 ἐπεμϐαίνοντες
729 1731 808 1801 τῷ
838 1734 1113 1804 κειμένῳ·
1149 1736 1224 1805 μὴ
1252 1737 1362 1806 γὰρ
1384 1738 1499 1807 δοίη
1525 1737 1658 1801 Θεός
1679 1754 1694 1769 ο
1725 1737 1850 1792 οὐδὲ

270 1827 656 1896 ἐπιχαίροντες
684 1825 761 1889 ὡς
801 1827 1116 1896 γέγραπται
1143 1830 1256 1892 τοῖς
1293 1829 1598 1899 ἀλλοτρίοις
1627 1837 1844 1897 κακοῖς·

271 1921 334 1973 ού
363 1921 470 1990 γὰρ
499 1913 662 1982 οὗτος
711 1921 1062 1992 Χριστιανῶν
1108 1922 1310 1987 σκοπός
1333 1939 1350 1956 ’
1407 1923 1545 1977 ἀλλά
1580 1925 1681 1993 τῆς
1709 1926 1852 1994 πρὸς

271 2014 560 2085 ἄνθρωπον
610 2015 980 2084 συμπαθείας,
1012 2016 1074 2069 τὸ
1110 2021 1178 2088 τῇ
1215 2017 1518 2088 Ἐκκλησία
1568 2020 1852 2091 συμφέρον

268 2110 630 2176 πράττοντες,
678 2110 773 2162 καὶ
803 2109 910 2162 τῶν
957 2110 1170 2180 ταύτης
1203 2112 1444 2166 κανόνων
1477 2112 1632 2166 οὐδὲν
1682 2114 1850 2182 ἡγού-

275 2219 434 2269 μενοι
474 2201 893 2272 προτιμότερον.
927 2204 988 2255 Εί
1024 2203 1126 2273 μὲν
1160 2202 1289 2271 ἐξῆν
1317 2203 1470 2257 οὐδὲν
1501 2205 1602 2274 μὲν
1638 2204 1854 2266 τούτοις

269 2292 641 2361 λυμήνασθαι,
674 2294 1042 2347 κατατάττειν
1061 2293 1118 2348 δὲ
1136 2295 1194 2348 ὲν
1221 2295 1545 2358 ἐπισκόποις
1565 2297 1660 2349 τὸν
1681 2297 1855 2368 καθῃ-

278 2386 522 2454 ρημένον
545 2401 561 2417 ·
598 2381 668 2456 ἦν
710 2385 777 2439 ἂν
809 2387 1035 2450 εἰκότως
1062 2390 1260 2453 εἰπεῖν,
1305 2389 1537 2456 ἀγρίους
1567 2389 1725 2449 τινὰς
1757 2391 1852 2442 καὶ

272 2477 590 2548 ἀνημέρους
610 2479 736 2541 τοὺς
752 2477 909 2532 τοῦτο
927 2479 1182 2548 γενέσθαι
1206 2480 1610 2545 διακωλύοντας
1624 2498 1640 2512 ·
1661 2481 1851 2551 ἐπειδὴ

267 2571 327 2624 δὲ
355 2572 574 2642 ἀνάγκη
611 2573 940 2641 κρατοῦντος
997 2573 1114 2636 ἐνὸς
1165 2572 1264 2642 τήν
1311 2573 1405 2626 τοῦ
1451 2575 1643 2644 ἑτέρου
1675 2593 1853 2646 παρα-

265 2662 496 2716 λύεσθαι
544 2662 817 2733 δύναμιν,
886 2663 1202 2721 νικάτωσαν
1252 2665 1303 2716 οί
1359 2666 1461 2735 τῆς
1522 2665 1852 2735 Ἐκκλησίας

268 2759 490 2827 θεσμοὶ,
522 2759 616 2826 καὶ
645 2759 1006 2830 ἀποχωρείτω
1037 2759 1146 2812 τῶν
1183 2760 1480 2829 ίερατικῶν
1529 2761 1852 2826 καταλόγων

265 2855 296 2906 ό
324 2853 398 2922 μὴ
433 2852 772 2921 λειτουργὸς.
801 2851 973 2905 Τοῦτο
1002 2854 1111 2922 γὰρ
1143 2852 1410 2904 συνάπτει
1449 2853 1588 2922 πρὸς
1624 2853 1851 2923 εἰρήνην

267 2948 372 3007 τὰς
403 2944 735 3016 ὲκκλησίας’
771 2945 930 2998 τοῦτο
961 2947 1144 2998 πᾶσαν
1180 2946 1316 3016 ήμῖν
1354 2945 1659 3015 όμοψυχίαν
1689 2946 1852 3014 ἀνερο

1949 553 2072 591 rum
2110 536 2333 604 ﬁamus,
2369 539 2465 594 sed
2515 538 2701 608 potius
2751 537 3070 607 opinionem
3121 551 3264 598 eam,
3302 547 3409 606 qua
3448 546 3527 592 lc-

1949 633 2258 687 meritatem
2303 633 2540 687 aliorum
2589 632 2767 686 secuti
2819 646 2943 686 esse
2996 629 3170 684 videri
3222 630 3521 700 possimus,

1947 725 2247 795 fugiamus.
2304 725 2476 797 498
2530 727 2780 781 Demiror
2830 738 2966 779 vero
3012 723 3117 777 hoc
3175 738 3418 792 quoque,
3475 723 3522 777 si

1949 817 2282 878 Alexander,
2338 832 2502 886 quem
2563 816 2846 879 diximus,
2921 824 3031 868 tam
3092 813 3157 866 ad
3225 812 3524 867 dicendum

1948 921 2242 981 promptus
2275 920 2333 965 et
2372 910 2648 978 copiosus,
2685 919 2739 962 et
2793 906 2885 977 qui
2917 921 3028 960 non
3071 918 3244 975 parvo
3277 915 3529 972 tempore

1949 1002 2238 1058 vobiscum
2273 1001 2438 1056 isthic
2470 1010 2722 1056 versatus
2768 1000 2862 1062 sit,
2888 999 3109 1067 aliquos
3132 997 3202 1051 ad
3235 997 3378 1050 hanc
3408 1009 3523 1049 rem

1950 1095 2212 1153 suasione
2274 1110 2371 1150 sua
2424 1093 2704 1148 adducere
2765 1106 2877 1145 non
2933 1088 3180 1160 potuisse
3229 1088 3383 1141 visus
3417 1095 3522 1149 est,

1952 1203 2114 1256 quam
2156 1187 2482 1242 tabellarius
2536 1201 2679 1239 unus
2712 1183 2929 1238 eﬂicere
2965 1189 3204 1246 tantum,
3234 1179 3396 1233 sicuti
3431 1194 3528 1231 ru-

1952 1280 2202 1334 moribus
2239 1279 2439 1343 fertur,
2492 1278 2697 1348 potuit,
2731 1284 2790 1328 ut
2842 1275 3103 1343 populum
3137 1270 3527 1333 commoverit,

1951 1389 2290 1442 causamque
2346 1380 2596 1440 tempore
2643 1368 2891 1438 longiore
2930 1364 3164 1434 sopitam
3195 1362 3380 1416 denuo
3431 1376 3528 1414 ex-

1951 1469 2162 1523 citarit.
2202 1465 2358 1532 Quod
2417 1464 2649 1517 omnino
2695 1470 2782 1516 est
2827 1456 3182 1514 incredibile.
3212 1455 3416 1510 Verum
3459 1452 3532 1505 sit

1953 1558 2061 1613 hoc
2092 1570 2336 1627 quoque,
2368 1564 2422 1610 et
2451 1554 2526 1608 ita
2556 1552 2762 1606 factum
2790 1563 2914 1604 esse
2948 1547 3235 1602 credatur.
3270 1543 3374 1598 Sed
3400 1542 3530 1596 novi

1955 1651 2219 1720 pietatem
2285 1659 2436 1702 tuam
2499 1644 2823 1716 prteclaram
2890 1641 2947 1695 in
3010 1637 3329 1708 eloquentia
3385 1648 3529 1688 esse.

1954 1741 2188 1795 Docebit
2235 1755 2299 1794 ea
2355 1753 2604 1808 prorsus,
2637 1751 2763 1806 quae
2809 1748 2951 1803 opus
3000 1739 3106 1797 est,
3153 1727 3408 1783 homines
3463 1725 3530 1777 ad

1953 1831 2254 1887 tumultum
2285 1830 2575 1884 excitatos.
2612 1826 2852 1883 Uberem
2887 1823 3060 1878 habes
3101 1835 3388 1875 sacrarum
3427 1817 3531 1870 do-

1954 1925 2264 1980 ctrinarum
2319 1921 2576 1991 gratiam.
2631 1916 3021 1980 Pcrsuadebis,
3073 1915 3214 1975 scio,
3270 1910 3534 1981 piissimis

1953 2022 2119 2076 etiam
2159 2018 2529 2090 principibus,
2578 2025 2638 2068 ut
2682 2027 2838 2067 more
2873 2026 2976 2066 suo
3013 2010 3068 2063 in
3115 2021 3391 2064 canonum
3439 2005 3537 2058 dc-

1955 2114 2126 2169 cretis
2156 2111 2538 2181 acquiescant.
2571 2105 2731 2172 Quod
2773 2105 2923 2159 enim
2960 2116 3106 2156 vera:
3147 2098 3371 2167 pietatis
3417 2105 3536 2148 stu-

1955 2204 2098 2259 diosi
2149 2211 2207 2258 et
2250 2200 2456 2256 Christi
2509 2205 2760 2252 amantes
2813 2203 2982 2254 sunt,
3034 2185 3537 2244 constitutionibus

1957 2299 2075 2354 suis
2100 2296 2367 2351 ecclesias
2391 2289 2775 2346 administrari
2810 2286 3156 2356 permittent.
3184 2291 3536 2352 paternasque

1954 2388 2182 2443 virtutis
2223 2385 2578 2440 aemulatores
2617 2381 2891 2451 majorum
2925 2376 3181 2446 exempla
3231 2372 3535 2428 imitabun-

1957 2493 2070 2538 tur.
2103 2480 2183 2535 Ne
2226 2478 2398 2549 igitur
2442 2474 2742 2530 Jcchonias
2791 2472 3036 2542 rejectus
3081 2483 3208 2522 cum
3244 2463 3452 2520 Davide
3479 2469 3539 2517 et

1957 2573 2213 2632 Samuele
2241 2568 2528 2642 prophetis
2549 2575 2848 2622 censeatur
2875 2583 2891 2618 :
2922 2575 3104 2631 neque
3127 2559 3171 2614 si
3197 2555 3535 2627 quibusdam

1955 2669 2145 2738 inique
2191 2664 2455 2737 placitum
2503 2671 2609 2724 est,
2657 2668 2718 2713 ut
2747 2656 2987 2713 Eudoxii
3029 2651 3294 2722 reliquias
3325 2664 3394 2703 eo
3425 2661 3535 2716 quo

1952 2760 2256 2831 scripsistis
2285 2762 2630 2826 reponerent
2664 2753 2814 2812 loco.
2851 2757 3146 2820 propterea
3175 2758 3276 2798 nos
3309 2753 3534 2810 quoque

1954 2853 2253 2926 profanum
2304 2858 2365 2905 ut
2413 2863 2634 2904 sacrum
2667 2846 2724 2900 in
2763 2843 2950 2898 album
2991 2842 3324 2896 referamus.
3357 2833 3536 2902 Opor-

1956 2948 2064 3002 tuit
2110 2957 2348 3014 namque
2375 2957 2406 2996 a
2447 2940 2611 2994 nobis
2649 2953 2737 2992 res
2767 2935 2916 2990 illius
2962 2931 3188 3002 corrigi,
3238 2943 3348 2983 non
3378 2925 3532 2979 illum

267 3037 527 3106 γάσαιτο.
557 3037 712 3090 Δίδου
738 3036 1033 3109 τοιγαροῦν
1063 3039 1196 3107 ήμίν
1221 3039 1281 3090 τὸ
1315 3036 1650 3105 συνάγεσθαι
1683 3035 1853 3090 καθα-

1960 3039 2122 3094 nobis
2172 3033 2558 3107 pra-scribere,
2613 3042 2671 3085 et
2717 3043 2840 3098 qum
2883 3036 3011 3096 post
3053 3039 3177 3078 eum
3229 3029 3352 3073 acta
3401 3020 3534 3068 sunt

268 3131 387 3202 ρῶς
445 3129 583 3200 μετὰ
639 3130 740 3198 τῆς
791 3106 914 3199 σῆς*
949 3130 1280 3193 θεοσεϐείας,
1332 3131 1453 3191 ἑνὸς
1509 3128 1607 3182 καὶ
1659 3129 1850 3184 τούτου

1960 3106 2325 3188 constituere.
2353 3133 2530 3196 Atque
2569 3127 2685 3180 haec
2713 3124 2975 3184 dicimus,
3008 3133 3118 3172 non
3153 3113 3299 3184 quod
3322 3106 3528 3181 iacenti

267 3227 720 3295 τελευτήσαντος,
776 3225 987 3294 ἀμείνω
1023 3225 1344 3295 ποιούμενος
1390 3224 1491 3290 τὴν
1538 3223 1674 3294 πρὸς
1721 3224 1849 3284 τοὺς

1960 3233 2014 3279 οι
2065 3232 2288 3276 mortuo
2344 3219 2423 3273 illi
2481 3216 2818 3271 insultemus
2862 3228 2876 3265 :
2930 3224 3041 3262 non
3083 3206 3230 3260 enim
3283 3201 3388 3255 hoc
3439 3197 3533 3250 det

267 3307 356 3372 ἔτι
388 3319 598 3384 ζῶντας
624 3317 924 3388 ἀγάπησιν,
976 3317 1178 3388 μᾶλλον
1218 3318 1274 3371 δὲ
1308 3316 1438 3380 τοὺς
1481 3316 1583 3386 τῆς
1617 3318 1852 3386 Ἐκκλη-

1960 3318 2154 3372 Deus:
2198 3326 2380 3382 neque
2420 3309 2567 3380 quod
2625 3305 2846 3369 alienis,
2897 3301 3061 3356 sicuti
3100 3297 3370 3366 scriptum
3424 3297 3533 3351 est.

269 3414 397 3475 σίας
425 3413 683 3481 θεσμούς.
732 3429 752 3462 ι

1961 3417 2213 3465 lmtemur
2265 3403 2428 3458 malis
2460 3420 2473 3455 :
2505 3415 2616 3455 non
2654 3399 2805 3454 enim
2841 3397 2946 3450 hoc
2971 3389 3417 3448 Christianorum
3448 3389 3536 3437 est

267 3509 574 3564 consilium
669 3518 726 3564 et
796 3509 1154 3573 institutum;
1235 3506 1330 3561 sed
1379 3505 1434 3560 id
1514 3504 1662 3574 quod
1715 3505 1928 3560 homini
1971 3503 2354 3565 condolemus,
2401 3498 2469 3552 ad
2523 3495 2817 3550 utilitatem
2864 3487 3122 3544 Ecclesiat
3169 3481 3534 3543 confer-imus.

266 3607 584 3662 canonibus
615 3606 767 3662 illius
805 3607 945 3661 nihil
979 3603 1351 3677 prestabilius
1394 3617 1520 3658 esse
1590 3602 1880 3658 ducentes.
1922 3601 1978 3658 Si
2029 3613 2269 3668 namque
2322 3595 2447 3650 illos
2487 3601 2667 3648 sartos
2752 3595 2928 3642 tectos
2972 3593 3327 3641 conservare,
3368 3586 3537 3643 atque

266 3711 693 3756 exauctoratum
765 3701 910 3756 inter
982 3699 1274 3768 episcopos
1337 3711 1568 3752 censere
1626 3696 1846 3760 liceret,
1883 3704 2036 3751 recte
2104 3667 2378 3762 profecto,
2455 3687 2552 3756 qui
2599 3683 2654 3738 id
2716 3680 3016 3750 quominus
3088 3674 3245 3728 ﬁeret
3306 3667 3538 3737 impedi-

267 3806 420 3860 rent,
476 3797 578 3851 feri
619 3804 786 3864 atque
834 3795 1088 3850 inunites'
1116 3795 1457 3850 dicerentur.
1499 3790 1978 3861 Quandoquidem
2045 3804 2180 3844 vero
2242 3787 2420 3842 altero
2479 3783 2790 3846 obtinente,
2823 3779 3059 3833 alterum
3092 3772 3396 3829 consistere
3424 3776 3538 3817 non

267 3907 437 3961 posse
471 3906 697 3945 necesse
727 3892 820 3952 sit,
848 3890 1163 3945 sanctiones
1191 3888 1453 3943 Ecclesiae
1490 3886 1717 3941 vincant
1753 3900 1766 3937 :
1795 3893 1852 3939 et
1889 3898 1956 3938 ex
2029 3897 2189 3939 sacro
2255 3879 2526 3947 catalogo,
2556 3876 2650 3947 qui
2679 3887 2962 3931 sacrorum
2997 3869 3254 3923 minister
3279 3878 3391 3916 non
3423 3865 3531 3920 est,

263 3995 582 4040 moveatur.
625 3984 740 4038 Hoc
779 3983 928 4039 enim
979 3982 1242 4038 ecclesias
1305 3981 1374 4036 ad
1417 3995 1609 4052 pacem
1655 3977 1980 4034 servandam
2042 3974 2367 4046 coniungit:
2430 3972 2538 4026 hoc
2602 3968 2910 4024 animorum
2942 3973 3276 4019 consensum
3311 3967 3532 4010 omnem

185 4097 187 4100 '
263 4081 506 4152 perﬁcit.
547 4081 737 4149 Itaque
777 4079 911 4134 illud
954 4078 1118 4133 nobis
1144 4077 1300 4142 dato,
1367 4087 1429 4131 ut
1488 4091 1628 4146 pure
1689 4088 1790 4127 nos
1856 4081 2165 4127 conventus
2209 4083 2392 4139 agere,
2448 4075 2505 4121 et
2553 4061 2966 4119 communicare
3009 4069 3134 4111 cum
3186 4052 3394 4122 pietate
3443 4057 3536 4098 tua

262 4178 594 4247 possimus:
627 4175 794 4248 499
836 4183 1006 4244 atque
1057 4182 1113 4227 tu
1189 4172 1378 4232 unius,
1449 4172 1683 4241 ejusque
1753 4165 2028 4230 defuncti,
2075 4179 2345 4225 amorem,
2392 4168 2514 4232 post
2557 4172 2750 4213 eorum
2805 4153 2899 4225 qui
2946 4150 3131 4205 adhuc
3208 4145 3403 4199 vivunt
3448 4140 3534 4193 di-

263 4272 594 4338 lectionem,
645 4287 708 4326 ac
759 4271 945 4340 potius
1000 4276 1124 4338 post
1175 4265 1431 4320 Ecclesia:
1482 4263 1844 4325 sanctiones,
1883 4261 2114 4314 habeas.
2148 4277 2165 4309 ι

839 4415 1089 4470 ΚΕΦᾹΛ.⁴
1143 4413 1278 4466 ΚΗ’.

277 4539 382 4601 Ὠς
437 4539 470 4590 ὁ
523 4531 682 4598 θεῖος
737 4529 1037 4595 Κύριλλος

343 4590 634 4661 ’Ἰωάννου
657 4590 1081 4668 προσὴτορίὰν
1126 4595 1375 4668 ἐδέξατο
1403 4592 1550 4668 ἰκαὶ
1602 4593 1684 4668 ὡς
1736 4590 1853 4644 διέ-

342 4682 504 4758 λξνσε
531 4672 630 4726 διὰ
658 4663 770 4738 τῆς
802 4663 1098 4724 Θεοτόκου
1149 4667 1216 4720 τὸ
1245 4663 1478 4735 μεταξὺ
1529 4664 1857 4732 γενόμενον·

340 4761 545 4816 μίσος.

355 4865 416 4914 '0
451 4860 551 4930 μὲν
605 4857 698 4911 οῦν
755 4853 1028 4926 Κύριλλος
1087 4851 1319 4904 τοιαῦτα
1371 4849 1515 4902 κατὰ
1549 4847 1642 4901 τοῦ
1707 4844 1857 4915 ίεροῦ

268 4951 670 5024 Χρυσοστόμου
721 4949 932 5017 ἔγραφε
982 4945 1078 4998 καὶ
1117 4942 1374 5012 ἐφρόνει,
1410 4938 1683 5008 προλήψει
1736 4936 1862 4989 δου-

269 5050 473 5111 λεύων,
511 5048 577 5117 ἢν
611 5049 675 5099 ὲκ
728 5040 926 5096 πολλοῦ
963 5038 1090 5107 ἔσχε
1119 5037 1198 5106 τῷ
1257 5033 1388 5103 θείῳ
1418 5030 1585 5084 αὐτοῦ
1609 5029 1861 5100 Θεοφίλῳ

270 5145 552 5214 ἑπόμενος
577 5156 592 5171 ’
637 5138 759 5191 ἐπεὶ
789 5135 846 5189 δὲ
872 5133 1036 5204 ζῆλος
1055 5127 1124 5201 ἦν
1145 5129 1210 5182 τὸ
1244 5127 1648 5200 πραττόμενον,
1679 5126 1729 5177 εί
1761 5123 1863 5176 καὶ

279 5240 360 5312 μὴ
389 5235 512 5310 κατ’
557 5234 856 5301 ἐπίγνωσιν
891 5227 1050 5290 τέως,
1085 5225 1145 5276 οὐ
1201 5221 1396 5291 φθόνος
1432 5218 1543 5272 οὐδ’
1603 5218 1861 5277 ἔνστασις

271 5311 564 5399 διαϐολικὴ
593 5328 655 5380 τὸ
707 5325 1042 5394 μαχόμενον,
1073 5317 1134 5371 ού
1167 5317 1279 5369 δεῖν
1312 5313 1510 5385 ἐκρίθη
1559 5311 1719 5376 Θεοῦ,
1774 5326 1865 5363 το-

279 5423 477 5478 σοῦτον
506 5419 654 5488 λόγῳ
680 5415 776 5469 καὶ
800 5413 971 5484 ἀρετῇ
1000 5408 1333 5477 διαφέροντα
1374 5405 1431 5457 ὲν
1458 5402 1637 5472 τούτῳ
1666 5401 1730 5469 δη
1765 5399 1864 5468 μό-

275 5536 371 5572 νον
404 5514 653 5578 σκάζειν,
697 5509 793 5563 καὶ
837 5507 914 5578 μὴ
960 5507 1021 5558 τὸ
1055 5506 1230 5572 ἀκρον
1262 5500 1489 5571 φθάνειν
1517 5500 1616 5566 τῆς
1652 5494 1861 5549 τελειό-

274 5625 471 5682 τητος·
504 5607 786 5676 ἄνθρωποι
836 5600 946 5669 γὰρ
977 5593 1144 5670 ἦσαν,
1173 5595 1271 5648 xui.
1324 5589 1693 5662 ἀνθρωπίνοις
1729 5587 1865 5640 ὑπέ-

281 5717 466 5758 κειντο
502 5697 725 5752 πάθεσι.
754 5692 854 5747 Διά
886 5708 972 5744 τοι
1023 5687 1186 5742 τοῦτο
1233 5685 1328 5738 καὶ
1375 5683 1556 5753 χρόνῳ
1611 5680 1863 5748 ὕστερον,

280 5797 498 5852 πολλῶν
519 5792 615 5847 καὶ
639 5788 815 5844 ἀλλων
842 5781 1298 5843 συνελαυνόντων,
1318 5776 1393 5832 τῶ
1421 5773 1642 5842 μεγάλῳ
1667 5770 1865 5839 ἐκείνῳ

2484 4397 2710 4454 CAPUT
2758 4393 2999 4450 XXVIII.

1094 4525 1360 4589 ὀπτασίᾳ
1421 4521 1690 4589 θειοτέρα
1740 4519 1852 4585 τὴν

1960 4524 2024 4580 Ut
2057 4521 2208 4574 divus
2243 4516 2480 4589 (Συνίημι
2506 4532 2599 4583 per
2623 4512 2877 4566 visionem
2898 4510 3134 4589 divinant
3160 4518 3348 4589 nomen
3366 4499 3537 4589 Ιοςμτ

2033 4594 2112 4645 m's
2159 4568 2443 4656 susceperit
2487 4568 2515 4636 ε’
2549 4584 3158 4656 conccp:unzque_ant_ea
3199 4574 3398 4634 odium,
3441 4568 3538 4622 Dei

2034 4646 2318 4719 Genitricis
2345 4646 2740 4714 intercessione,
2780 4652 2826 4704 εἱ
2851 4646 3139 4702 remiserit.

2033 4843 2160 4899 Haec
2201 4837 2426 4910 quidem
2475 4835 2720 4907 Cyrillus
2753 4831 2823 4886 de
2865 4843 3028 4885 sacro
3059 4827 3457 4897 Chrysostomo
3486 4831 3542 4877 et

1962 4934 2187 5004 scripsit
2217 4939 2276 4986 et
2305 4929 2505 4990 sensit,
2540 4931 2887 4995 praesumpta!
2920 4919 3172 4991 Opinioni
3205 4915 3540 4975 inserviens,

1964 5042 2128 5099 quam
2157 5023 2365 5079 dudum
2398 5029 2659 5090 patruum
2690 5029 2852 5070 suum
2895 5010 3269 5081 Theophilum
3315 5014 3542 5062 secutus

1963 5125 2316 5188 conceperat.
2364 5111 2637 5179 Quoniam
2684 5122 2818 5162 vero
2851 5105 3142 5160 dissidium
3172 5102 3278 5160 hoc
3308 5099 3535 5169 quidem

1962 5229 2032 5270 ex
2056 5209 2432 5271 aemulatione,
2460 5202 2714 5274 quamvis
2742 5215 2854 5255 non
2885 5198 3192 5253 secundum
3226 5190 3541 5254 scientiam,

1964 5320 2078 5361 non
2132 5309 2318 5356 autem
2366 5313 2432 5353 ex
2481 5295 2715 5360 invidia,
2763 5306 2946 5360 neque
2982 5287 3260 5344 diabolica
3313 5289 3547 5337 conten-

1967 5399 2116 5453 tione
2146 5393 2417 5457 manavit,
2445 5406 2558 5445 non
2595 5395 2860 5459 oportere
2893 5385 3072 5436 virum
3114 5388 3173 5434 et
3199 5375 3452 5432 doctrina
3487 5382 3544 5428 et

1967 5490 2177 5546 virtute
2199 5492 2580 5557 praestantem,
2609 5481 2712 5536 hac
2736 5493 2843 5532 una
2872 5477 2927 5530 in
2958 5488 3018 5528 re
3042 5470 3382 5533 claudicare,
3407 5481 3548 5535 quo-

1968 5582 2153 5637 minus
2187 5578 2255 5633 ad
2287 5590 2558 5633 summam
2608 5569 3006 5644 perfectionem
3056 5560 3398 5634 perveniret,
3429 5559 3544 5613 Deo

1967 5676 2149 5730 visum
2185 5680 2291 5726 est.
2343 5668 2608 5724 Homines
2657 5663 2806 5719 enim
2850 5660 2926 5715 illi
2973 5664 3156 5720 erant,
3189 5663 3247 5707 et
3285 5651 3545 5706 humanis

1971 5762 2359 5822 all’ectionibus
2401 5756 2647 5814 obnoxii.
2689 5754 3037 5823 Quapropter
3080 5746 3363 5816 aliquanto
3399 5751 3538 5812 post,
