3910 6218
435 293 568 358 1151

1621 291 1625 305 τ
1651 291 2071 354 NICEP‘HORI
2111 293 2452 352 CALLIS’I‘I

3485 264 3590 374 1152

428 403 671 475 Cyrillus
717 418 845 460 cum
899 419 1097 474 magno
1142 403 1236 457 illo
1290 404 1433 463 viro.
1480 403 1644 459 etiam
1707 413 1834 472 post
1885 405 2008 474 ejus

2114 405 2204 457 καὶ
2230 404 2371 471 μετὰ
2395 402 2632 455 θάνατον
2663 403 2984 458 σπένδεται·
3013 407 3103 460 καὶ
3131 411 3347 477 μάλιστα
3379 414 3593 488 Ἰσιδώρου

430 502 698 560 mortem,
729 495 784 550 in
811 496 1045 566 gratiam
1082 495 1268 559 rediit,
1295 511 1658 564 erroremque
1691 511 1854 550 suum
1879 511 2004 551 cum

429 587 625 644 multis
671 587 796 643 aliis
847 582 1284 650 concitantibus,
1339 597 1453 642 tum
1505 589 1746 642 maxime
1797 588 2009 644 Isidoro

429 680 712 737 Pelusima
765 695 914 734 nunc
964 679 1399 748 reprehensione
1437 696 1584 735 nunc
1625 681 2008 738 admonitione

430 786 560 826 eum
587 773 935 836 cohortante,
963 770 1149 825 divina
1171 771 1336 825 etiam
1365 785 1422 826 et
1446 773 1738 828 arcaniore
1769 775 2003 842 quadam

432 864 775 918 revelatione
833 861 1169 925 accedente,
1219 865 1482 918 correxit.
1517 865 1719 920 Videre
1766 882 2006 934 namque

431 957 586 1012 visus
615 965 720 1019 est,
747 955 990 1024 seipsum
1029 955 1206 1011 sacris
1234 957 1450 1012 :edibus
1481 959 1771 1026 expulsum
1807 975 1928 1014 esse
1975 977 2006 1015 a

431 1047 668 1108 Joanne,
704 1045 973 1099 comitatu
1013 1055 1069 1100 et
1119 1046 1336 1112 divino,
1380 1050 1472 1116 qui
1519 1049 1666 1103 circa
1706 1065 1832 1104 eum
1865 1057 2004 1116 erat,

431 1135 696 1191 satellitio
735 1137 976 1192 maxime
1026 1136 1169 1193 freto
1204 1157 1218 1193 :
1250 1149 1306 1194 et
1357 1148 1588 1194 matrem
1636 1141 1857 1195 Domini
1905 1158 2007 1211 pro

429 1230 552 1296 ipso
616 1233 1009 1299 deprecantem
1067 1231 1362 1296 Joannem,
1419 1242 1587 1303 atque
1649 1248 1774 1286 cum
1831 1235 2006 1289 multa

429 1321 599 1375 etiam
653 1321 760 1376 alia
797 1331 913 1376 tum
971 1321 1107 1377 illud
1159 1323 1437 1391 praecipue
1484 1324 1632 1392 quod
1682 1338 1782 1392 pro
1831 1324 2007 1394 ipsius

432 1413 608 1482 gloria
639 1414 943 1484 plurimum
980 1415 1073 1469 ille
1103 1415 1423 1480 decertarit,
1456 1415 1621 1472 sicuti
1647 1415 1882 1481 dicetur,
1923 1432 2008 1470 rc-

429 1508 724 1567 fcrentem,
776 1516 837 1562 ut
883 1507 941 1561 in
981 1522 1139 1563 sacra
1171 1509 1374 1578 templa
1409 1509 1778 1579 reciperetur,
1819 1523 2002 1564 orare.

430 1597 586 1654 lianc
612 1599 886 1656 visionem
915 1617 1044 1656 cum
1068 1603 1232 1658 divus
1257 1602 1497 1672 Cyrillus
1522 1602 1925 1672 cogitabundus
1952 1603 2006 1656 in

431 1692 622 1747 animo
645 1709 834 1749 secum
859 1696 1132 1763 volveret,
1175 1711 1235 1751 se
1265 1696 1446 1766 ipsum
1477 1697 1626 1766 quod
1661 1699 1716 1751 in
1747 1706 2002 1751 sanctum

428 1787 615 1840 virum
661 1786 915 1844 invectus
945 1799 1114 1852 esset,
1163 1789 1450 1845 damnavit
1492 1808 1505 1843 :
1551 1800 1609 1844 et
1648 1790 1852 1844 deinde
1884 1791 2004 1858 ipse

430 1895 655 1950 quoque
688 1896 747 1936 re
782 1883 1028 1950 cognita,
1052 1881 1706 1951 EcclesizeChrysostomi
1731 1881 2006 1943 addictus,

428 1973 611 2026 virum
643 1989 770 2028 eum
820 1975 1130 2029 admiratus
1177 1983 1286 2040 est,
1333 1974 1603 2043 valdeque
1654 1989 1806 2038 eum,
1857 1974 2006 2042 quod

431 2073 628 2118 contra
680 2065 835 2119 illum
889 2065 1224 2135 imprudens
1257 2080 1487 2135 prorsus
1536 2065 1785 2120 irritatus
1819 2065 2006 2128 fuerit,

429 2157 712 2226 paenituit.
753 2157 994 2211 Proinde
1023 2159 1301 2213 diversum
1344 2158 1572 2211 omnino
1603 2173 1632 2210 a
1665 2157 1849 2225 priore
1877 2173 2008 2211 con-

430 2249 562 2304 silio
610 2249 845 2315 faciens,
897 2250 1171 2316 synodum
1226 2251 1624 2320 provincialem
1684 2250 1895 2318 coegit,
1951 2259 2009 2303 et

429 2343 663 2398 Joannis
692 2357 894 2396 nomen
921 2343 1085 2397 simul
1121 2351 1175 2397 et
1206 2344 1324 2412 ipse
1359 2352 1415 2398 et
1451 2342 1652 2412 reliqui
1685 2359 2005 2413 magnarum

431 2436 649 2490 sodium
683 2436 982 2500 antistites,
1005 2437 1058 2490 in
1099 2451 1258 2491 sacro
1277 2436 1405 2491 albo
1457 2445 1890 2506 proposuerunt.
1926 2435 2009 2492 llli

431 2541 568 2582 vero
622 2527 808 2582 minus
855 2544 986 2582 vere
1034 2529 1223 2584 dicere
1273 2527 1561 2592 videntur,
1610 2529 1703 2598 qui
1742 2527 2009 2598 Cyrillum

429 2620 609 2676 libros
663 2621 800 2676 alios
855 2621 1041 2690 magni
1098 2622 1279 2677 Patris
1325 2622 1637 2678 abolevisse
1686 2621 2008 2691 perhibent.

428 2714 568 2769 Nam
599 2714 643 2769 si
673 2729 782 2783 qua
814 2716 1024 2785 scripta
1055 2715 1176 2784 ejus
1205 2713 1474 2768 abolenda
1516 2722 1697 2778 erant,
1737 2713 1853 2767 hinc
1887 2729 2010 2782 qua:

430 2806 614 2861 adhuc
641 2817 886 2870 exstant,
923 2807 1072 2877 quod
1111 2807 1404 2862 consilium
1435 2804 1865 2874 institutumque
1887 2806 2010 2876 ejus

430 2896 489 2951 in
515 2897 596 2952 eis
631 2897 866 2951 maxime
898 2913 1224 2968 expressum
1258 2905 1367 2961 est,
1395 2897 1603 2952 abolita
1632 2897 2006 2967 oportuisset:

429 2990 538 3044 nisi
589 2990 738 3045 Deus
791 2991 1051 3045 utilitatis
1099 2991 1386 3045 hominum
1439 3005 1629 3046 curam
1670 3005 1894 3060 gerens,
1943 3003 2009 3044 ea

2107 493 2203 547 τοῦ
2240 493 2650 562 Πηλουσιώτου,
2687 497 2760 564 πῆ
2816 497 2915 564 μὲν
2943 499 3166 570 ἐλέγχῳ,
3200 504 3271 574 πῆ
3298 505 3350 558 δὲ
3375 513 3457 561 καὶ
3482 530 3595 583 παρ-

2108 585 2314 640 αινέσει
2363 588 2676 657 χρωμένου,
2727 588 3066 659 διορθώσεως
3107 592 3341 657 ἀξιοῦται
3376 598 3478 671 θείᾳ
3517 607 3598 658 τινὶ

2109 681 2204 733 καὶ
2257 681 2647 752 μυστικωτέρα
2693 676 3060 752 ἀποκαλύψει.
3111 686 3308 740 Ἐδόκει
3357 693 3453 760 γὰρ
3500 697 3598 765 ὁρᾷ-δ

2110 772 2302 824 ἑαυτὸν
2345 771 2445 840 μὲν
2476 771 2584 823 τῶν
2648 771 2813 839 ἱερῶν
2841 772 3206 842 ἐξωθούμενον
3255 778 3352 831 ὑπὸ
3380 782 3596 849 Ἰωάννου,

2113 863 2430 934 παρρησίας
2495 864 2764 933 μεγίστης
2833 865 3133 932 ἠξιωμένου
3191 871 3254 938 τῇ
3309 873 3425 940 περὶ
3476 877 3601 930 αὑτὸν

2109 957 2303 1022 πομπῇ
2351 955 2447 1006 καὶ
2480 953 2601 1023 θείᾳ
2627 954 2954 1024 δορυφορίᾳ,
2982 956 3081 1023 τὴν
3105 956 3160 1008 δὲ
3187 957 3276 1008 τοῦ
3323 961 3499 1030 Κυρίου
3523 983 3599 1035 μη.

2109 1045 2243 1115 τέρα
2272 1045 2412 1114 ὑπὲρ
2460 1046 2629 1099 αὐτοῦ
2679 1046 2771 1098 τὸν
2812 1044 3067 1115 Ἰωάννην
3123 1048 3488 1115 ἀντιϐολοῦσαν,
3535 1059 3602 1108 καὶ

2109 1137 2372 1201 ἀξιοῦσαν
2419 1140 2534 1200 τοῖς
2565 1139 2732 1208 ἱεροῖς
2761 1138 3088 1207 ἀνακτόροις
3139 1141 3507 1210 παραδεχθῆναι
3532 1151 3602 1199 αὖ-

2107 1230 2221 1295 τὸν,
2253 1229 2428 1282 πολλὰ
2466 1231 2566 1298 μὲν
2601 1230 2698 1283 καὶ
2743 1229 2879 1284 ἄλλα
2932 1230 3385 1301 προϐαλλομένην,
3423 1238 3533 1304 πρὸς
3563 1239 3601 1292 δὲ

2109 1324 2205 1376 καὶ⁵
2239 1323 2315 1387 ὡς
2353 1323 2584 1376 πλεῖστα
2611 1323 2756 1390 ὑπὲρ
2785 1324 2886 1390 τῆς
2929 1324 3103 1390 αὐτῆς
3130 1324 3282 1391 δόξης
3325 1327 3602 1396 ἀγωνισάμε-

2110 1433 2218 1480 νον,
2266 1415 2343 1478 ὡς
2377 1414 2682 1478 λελέξεται.
2714 1408 2818 1468 Ἦν
2850 1417 2908 1467 έν
2933 1414 3169 1484 Ιμεθέξει
3207 1415 3508 1484 γενόμενοςό
3536 1421 3602 1472 εε-

2111 1509 2336 1570 σπέσιος
2384 1507 2678 1578 Κύριλλος,
2737 1509 2832 1562 καὶ
2874 1507 3225 1577 ἁναπολήσας
3253 1507 3408 1561 ταῦτα
3431 1513 3521 1572 τοῖς
3542 1513 3603 1566 λο-

2109 1602 2354 1670 γισμοῖς,
2395 1601 2646 1669 κατέγνω
2682 1600 2784 1671 μὲν
2814 1599 3019 1654 ἑαυτοῦ
3045 1600 3146 1666 τῆς
3173 1600 3264 1651 ἐπὶ
3295 1601 3365 1668 τῷ
3385 1601 3501 1672 ἁγίῳ
3533 1622 3603 1656 κα-

2108 1693 2392 1763 ταδρομῆς
2410 1710 2426 1725 ·
2454 1692 2551 1745 καὶ
2579 1692 2871 1746 τουλοιποῦ
2898 1694 3084 1756 συνεὶς
3115 1693 3208 1747 καὶ
3235 1693 3400 1755 αὐτὸς,
3427 1697 3479 1762 τῇ
3499 1700 3602 1747 κατὰ

2107 1785 2199 1838 τὸν
2251 1785 2644 1856 Χρυσόστομον
2687 1784 2992 1854 Ἐκκλησία
3049 1783 3385 1852 προσέκειτο,
3425 1786 3499 1838 καὶ
3535 1786 3601 1839 διὰ

2110 1878 2391 1948 θαύματος
2421 1878 2660 1932 ἐποιεῖτο
2685 1877 2778 1931 τδν
2804 1877 2999 1948 ἄνδρα,
3049 1875 3231 1944 πολλῷ
3258 1876 3496 1946 χρώμενος
3526 1893 3600 1944 με·

2108 1970 2371 2040 ταμέλῳ,
2430 1964 2513 2032 οἷς
2583 1967 2706 2030 κατ’
2765 1967 2983 2022 ἐκείνου
3046 1965 3367 2036 τοπαράπαν
3412 1965 3595 2035 ἠρέθιστο

2109 2061 2345 2128 ἀγνοῶν.
2379 2060 2546 2114 Ὅθεν
2597 2059 2911 2130 ἀντίρροπα
2962 2059 3139 2129 δρῶν,
3200 2057 3402 2111 σύνοδον
3435 2057 3596 2126 ἡθροιζε

2109 2156 2374 2222 τοπικήν·
2409 2153 2506 2206 καὶ
2537 2155 2653 2216 τοῖς
2684 2154 2852 2222 ἱεροῖς
2884 2151 3097 2213 δέλτοις
3147 2149 3244 2219 τὴν
3287 2150 3490 2204 Ἰωάννου
3507 2149 3604 2212 κλῆ-

2112 2265 2198 2301 σιν
2223 2246 2322 2300 καὶ
2378 2244 2536 2309 οὗτος
2564 2246 2662 2298 καὶ
2720 2245 2771 2297 oi
2811 2244 2994 2296 λοιποὶ
3026 2241 3140 2295 τῶν
3187 2241 3418 2309 μεγάλων
3455 2240 3604 2309 θρόνων

2109 2340 2434 2409 ἐνέγραφον.
2459 2335 2536 2389 Ob
2573 2355 2668 2405 μοι
2697 2335 2755 2388 δὲ
2783 2334 3043 2388 δοκοῦσιν
3071 2335 3250 2405 ἀληθῆ
3273 2333 3436 2402 λέγειν
3452 2333 3607 2402 uicani

2110 2433 2209 2488 καὶ
2242 2431 2460 2502 βίϐλους
2485 2431 2656 2493 an“
2687 2428 2966 2498 Κύριλλον
3011 2428 3280 2498 ἀφανίσαι
3319 2426 3401 2480 τοῦ
3427 2426 3608 2497 μεγάλου

2111 2524 2348 2594 Πατρός.
2376 2524 2439 2576 El
2473 2523 2583 2592 γὰρ
2615 2521 2910 2590 ἀφανίζειν
2939 2520 3054 2573 ἔδει
3086 2522 3187 2582 τὰς
3217 2519 3332 2574 νυνὶ
3360 2519 3610 2586 σωζομένης

2113 2618 2251 2690 πρὸς
2285 2617 2347 2670 τὺ
2383 2615 2808 2686 σκοπιμώτατον
2853 2613 3056 2684 ἐκείνῳ
3097 2614 3296 2685 ἐχρῆν·
3347 2614 3391 2665 εί
3437 2611 3496 2681 μή
3537 2627 3614 2663 που

2110 2709 2244 2773 Θεὸς
2269 2709 2366 2778 τῆς
2390 2708 2500 2763 τῶν
2524 2706 2835 2778 ἀνθρώπων
2872 2706 3152 2776 ὠφελείας
3179 2706 3468 2776 κηδόμενος,
3489 2703 3612 2765 αὑτὰς

2109 2801 2430 2857 διεσώσατο.
2490 2800 2664 2854 Τοῦτο
2721 2801 2821 2870 μὲν
2882 2795 2977 2855 οὖν
3027 2802 3088 2853 ὲν
3125 2797 3416 2868 ἀποκρύφῳ
3455 2797 3615 2864 ἱστορίᾳ

2111 2895 2290 2967 εὑρὼν
2319 2895 2538 2966 Νικήτα
2572 2893 2872 2962 φιλοσόφου
2906 2891 3004 2946 τοῦ
3040 2893 3139 2946 καὶ
3167 2889 3343 2955 Δαυῖδ,
3367 2888 3450 2943 καὶ
3466 2887 3617 2950 ἀλλων,

2112 2990 2206 3043 καὶ
2234 2989 2398 3051 αὐτὸς
2419 2988 2530 3042 δεῖν
2562 2988 2736 3057 ἔγνων
2787 2989 2853 3058 τῇ
2884 2985 3142 3057 παρούσῃ
3191 2987 3394 3054 ἱστορίᾳ
3416 2981 3615 3045 ἔνταξιν

431 3082 596 3152 500
647 3091 1056 3138 conservasset.
1119 3083 1236 3136 Hoc
1286 3097 1412 3136 cum
1460 3083 1519 3136 in
1553 3097 1756 3137 arcana
1802 3081 2010 3136 Nicetae

2114 3082 2190 3146 ὼς
2227 3082 2293 3137 ἂν
2324 3083 2399 3154 μή
2439 3099 2547 3136 τινι
2595 3080 2964 3151 άμφιόάλλειν
2991 3081 3231 3149 γένοιτο,
3264 3077 3374 3140 πῶς
3399 3076 3443 3130 oi
3476 3073 3620 3127 τοσοῦ-

431 3172 775 3243 philosophi,
808 3175 902 3242 qui
947 3183 1004 3228 et
1051 3174 1224 3227 David
1283 3173 1466 3228 dictus
1513 3182 1616 3236 est,
1663 3173 1918 3237 historia,
1955 3181 2014 3227 et

433 3264 580 3330 apud
619 3263 755 3316 alios
787 3263 923 3318 item
955 3265 1286 3330 invenerim,
1321 3266 1474 3334 operi
1520 3265 1650 3320 huic
1703 3280 1828 3319 meo
1871 3267 2015 3319 inse-

434 3357 674 3410 rendum
721 3371 846 3412 esse
893 3371 1114 3426 quoque
1165 3357 1343 3413 duxi:
1388 3374 1458 3414 ne
1495 3360 1588 3414 cui
1631 3358 1914 3428 ambigere
1957 3359 2012 3413 in

434 3461 675 3505 mentem
706 3452 914 3518 veniat,
949 3452 1229 3522 quomodo
1269 3461 1419 3506 tanta
1471 3451 1792 3516 luminaria,
1826 3451 2015 3507 inimi-

434 3548 592 3602 citias
623 3555 848 3602 mutuas
877 3547 1219 3610 exercentis,
1248 3546 1412 3601 ambo
1447 3545 1516 3601 ad
1571 3561 1842 3601 summam
1880 3561 2012 3600 san-

2115 3192 2201 3228 τοι
2231 3175 2522 3244 φωστῆρες
2555 3175 2623 3228 δι’
2667 3175 2868 3245 ἔχθρας
2896 3173 3159 3242 ἀλλήλοις
3213 3174 3393 3234 ἰόντες,
3436 3167 3620 3234 ἁγιωσύ-

2117 3282 2213 3335 νης
2238 3266 2332 3318 καὶ
2378 3265 2545 3335 ἄμφω
2578 3266 2658 3328 είς
2703 3264 2874 3335 ἄκρον
2903 3258 3067 3334 ἧκον,
3101 3265 3198 3318 καὶ
3225 3263 3320 3332 τῆς
3358 3255 3623 3327 Ἐκκλησίας

2117 3357 2358 3427 Θεμέλιοι
2389 3358 2792 3428 ἐχρημάτισαν,
2829 3357 3100 3427 μηδαμῶς
3123 3357 3186 3410 τὸ
3210 3358 3304 3425 τῆς
3325 3354 3500 3425 ἔχθρας
3520 3352 3624 3419 μέγα

2115 3451 2214 3521 τὴν
2245 3452 2558 3522 κρατοῦσαν
2589 3452 2748 3516 δόξαν
2781 3451 3139 3526 λυμήνασθαι
3171 3441 3628 3520 δυνηθείσης.’Δλλά

2117 3547 2249 3616 περὶ
2278 3545 2377 3605 μὲν
2411 3547 2628 3601 τούτων
2659 3546 2855 3610 οὕτως.

439 3642 688 3696 ctitatem
750 3642 1132 3712 pervenerint,
1203 3652 1260 3697 et
1332 3641 1595 3698 Ecclesiae
1655 3641 1926 3697 columna:
1991 3642 2346 3707 exstiterint,
2419 3642 2730 3699 inimicitiis
2799 3643 3127 3714 hujusmodi
3197 3642 3398 3700 nullum
3461 3638 3628 3694 illorum

438 3739 631 3809 gloria:
702 3739 1097 3794 detrimentum
1167 3739 1554 3796 aﬂ'erentibus.
1617 3739 1695 3796 De
1763 3740 1850 3798 his
1914 3741 2204 3796 hactenus.

1001 3896 1226 3954 CAPUT
1260 3897 1453 3954 XXIX.

442 4011 569 4067 Post
617 4013 852 4068 Atticum
881 4014 971 4084 ad
1016 4013 1192 4084 sedem
1241 4015 1589 4084 episcopalem
1644 4010 1889 4084 Sisinius
1937 4026 2014 4067 est
2065 4063 2068 4066 .

513 4097 740 4155 evectus.
771 4081 1277 4155 Philippusﬁidites
1301 4088 1348 4155 ei
1379 4081 1716 4154 postpositus.
1752 4082 1936 4148 Qualis
1968 4086 2012 4137 is

514 4151 794 4227 Philippus
827 4151 1008 4220 fuerit.
1049 4153 1118 4206 Ut
1150 4151 1388 4227 Proclus'
1411 4151 1788 4227 Cysicertorum
1820 4157 2015 4227 episco-

514 4239 611 4295 pus
634 4225 933 4295 ordinatus,
970 4233 1018 4276 et
1060 4224 1272 4277 tandem
1323 4241 1427 4277 non
1466 4224 1732 4294 receptus,
1775 4225 2014 4295 privatus

512 4294 816 4360 otiosusque
843 4291 1308 4363 ConstantinOpoli
1337 4297 1521 4364 egerit.

513 4405 700 4461 Attico
729 4411 937 4470 autem,
956 4407 1421 4476 quemadmodum
1448 4408 1714 4474 diximus,
1734 4407 2014 4472 defuncto,

447 4497 652 4568 ingens
681 4497 750 4552 de
778 4497 1015 4568 legendo
1045 4508 1211 4569 atque
1244 4500 1554 4553 ordinando
1587 4501 1848 4569 episc0po
1888 4515 2022 4554 con-

445 4592 624 4647 tentio
674 4592 930 4646 exstitit:
985 4594 1132 4662 quod
1203 4594 1587 4663 unusquisque
1634 4601 1800 4662 prout
1851 4593 2016 4648 alicui

444 4687 676 4749 faveret,
713 4687 766 4740 ei
808 4686 1068 4742 thronum
1122 4687 1396 4741 committi
1439 4688 1720 4756 cupiebat.
1774 4687 2019 4742 Proinde

443 4777 778 4848 quibusdam
820 4779 1111 4849 Philippus
1161 4779 1451 4850 presbyter
1491 4778 1558 4831 ad
1588 4793 1803 4834 sacram
1834 4780 2017 4832 sedem

445 4871 768 4927 evehendus
821 4887 945 4926 esse
983 4871 1324 4926 videbatur:
1362 4871 1615 4924 nonnulli
1655 4869 1912 4926 Proclum
1942 4871 2018 4936 ei,

444 4965 829 5028 Chrysostomi
864 4965 1228 5035 discipulum,
1254 4965 1644 5035 praeferebant.
1678 4966 1810 5020 Erat
1830 4976 2017 5020 autem

444 5067 503 5110 ct
529 5059 577 5111 is
609 5057 920 5127 presbyter.
948 5058 1333 5113 Communiter
1356 5073 1488 5113 vero
1521 5073 1716 5113 omnes
1750 5057 2016 5113 Sisinium

443 5151 708 5205 idoneum
769 5150 1006 5205 maxime
1056 5162 1417 5206 censuerunt.
1464 5151 1568 5217 Qui
1627 5151 1747 5220 ipse
1798 5167 2019 5221 quoque

441 5242 752 5313 presbyteri
800 5241 1068 5312 dignitate
1113 5242 1382 5306 enitebat,
1416 5257 1525 5294 non
1561 5241 1819 5310 equidem
1870 5243 2017 5296 Con-

443 5333 828 5403 stantinOpoli,
871 5332 970 5388 sed
1012 5335 1065 5387 in
1099 5332 1420 5387 suburbano
1452 5333 1576 5402 ejus
1605 5335 1750 5400 vico,
1780 5333 1869 5389 cui
1919 5348 2022 5388 no-

444 5437 570 5476 men
621 5436 708 5480 est
747 5425 875 5481 Olea
906 5426 1012 5496 (l),
1048 5425 1143 5494 qui
1173 5442 1241 5481 ex
1273 5425 1508 5481 adverso
1546 5426 1668 5480 urbi
1691 5427 1833 5481 situs
1882 5437 1966 5482 est
2001 5444 2013 5480 :

444 5531 555 5584 quo
585 5519 636 5570 in
674 5521 797 5574 loco
815 5521 958 5587 _urbs
985 5521 1101 5590 ipsa
1119 5536 1246 5576 cum
1276 5519 1490 5574 civibus
1521 5520 1781 5575 omnibus
1813 5520 2016 5576 festum

447 5607 594 5668 diem
629 5609 908 5666 Servatori
938 5611 1183 5678 Christo,
1221 5626 1334 5682 quo
1372 5611 1429 5666 in
1467 5611 1670 5668 coelum
1701 5623 2036 5690 assumptus.

2709 3897 2959 3951 ΚΕΦΑΛ.
3002 3898 3133 3951 KO'.

2133 4009 2230 4072 Ὧς
2253 4012 2402 4077 μετὰ
2439 4010 2712 4067 Ἀττικὸν
2767 4013 3038 4078 Σισίνιος
3080 4015 3168 4078 εἰς
3216 4013 3320 4066 τὸν
3347 4012 3537 4078 θρόνον
3557 4009 3632 4061 dr-

2192 4078 2384 4148 ήκθηὶ
2425 4081 2711 4148 παρώφθη
2768 4081 2836 4132 δὲ
2890 4083 3253 4144 Φίλιπποςό
3303 4079 3632 4147 Σιὸι”τιις,ιαί

2193 4148 2320 4213 οἷος
2346 4147 2445 4219 ἦν.
2478 4147 2604 4205 Ἔτι
2637 4150 2707 4202 δὲ
2741 4152 2836 4203 καί
2861 4153 2942 4217 ὡς
2971 4153 3252 4219 Πρόκλος
3293 4151 3519 4211 Κυζίκου
3540 4165 3631 4214 χει·

2187 4222 2541 4290 ροτονηθείς
2575 4222 2673 4274 καί
2700 4221 2784 4288 μὴ
2809 4221 3072 4291 δεχθεὶς,
3109 4223 3398 4291 σχολαῖος
3427 4220 3491 4290 τῇ
3514 4222 3635 4274 Kur-

2191 4292 2522 4346 σταντίνου
2543 4291 2776 4360 διῆγεν.

2207 4407 2459 4461 Ἀττικοῦ
2489 4409 2533 4462 δ’
2561 4408 2636 4472 ὡς
2673 4407 2890 4479 εἴρηται
2925 4412 2985 4463 τδ
3019 4409 3176 4482 βιοῦν
3231 4409 3632 4481 ὲκμετρήσαντος.

2124 4502 2293 4573 πολλή
2348 4521 2432 4566 τις
2484 4502 2769 4572 ἐρεσχελία
2827 4503 2960 4574 περὶ
3015 4503 3358 4574 χειροτονίας
3390 4499 3632 4554 ἐπισκόπου

2122 4594 2371 4663 ἐγένετοο
2408 4595 2638 4658 ἕκαστος
2676 4595 2783 4666 γὰρ
2813 4589 2857 4662 ᾧ
2888 4596 3234 4666 προσπαθῶν
3257 4592 3344 4668 ἦν,
3379 4593 3462 4647 τὸν
3487 4588 3634 4660 θρόνον

2123 4688 2516 4759 ἀπεχαριξετο.
2549 4687 2677 4752 Τοῖς
2712 4689 2813 4758 μὲν
2840 4689 2950 4760 γὰρ
2979 4689 3252 4743 Φίλιππον
3277 4692 3365 4742 τὸν
3391 4683 3636 4756 πρεσϐύτε-

2127 4799 2218 4850 ρον
2253 4782 2430 4834 ἐδόκει
2458 4783 2552 4834 ἐπὶ
2577 4782 2676 4852 τὴν
2714 4782 2866 4854 ἱερὰν
2895 4783 3173 4853 καθέδραν
3223 4785 3458 4851 ἀνάγειν,
3481 4777 3572 4830 τισὶ
3596 4773 3637 4824 δι

2124 4873 2367 4944 Πρόκλος
2419 4873 2553 4945 ὁτῷ
2583 4875 2961 4946 Χρυσοστόμῳ
3026 4875 3387 4946 μαθητευθεὶς
3440 4870 3636 4939 ἐκρίνετο

2123 4967 2544 5037 προτιμότερος.
2579 4967 2962 5038 Πρεσϐύτερος
2991 4969 3050 5022 δὲ
3085 4971 3180 5022 καὶ
3210 4964 3364 5031 οὗτος
3395 4964 3635 5031 ἐτύγχανεν

2121 5060 2218 5115 ὥν.
2255 5062 2426 5132 Κοινῇ
2455 5063 2512 5116 δὲ
2541 5064 2706 5116 πᾶσιν
2729 5063 2907 5116 ἐδόκει
2935 5064 3169 5127 Σισίνιος
3195 5060 3335 5116 εἶναι
3361 5056 3638 5128 ἁρμοδιώτε-

2123 5172 2236 5224 ρος.
2267 5155 2647 5227 Πρεσϐυτέρου
2679 5157 2736 5210 δὲ
2770 5159 2863 5210 καὶ
2894 5150 3052 5219 οὗτος
3084 5158 3212 5228 ἀξίᾳ
3237 5157 3531 5224 διέπρεπεν,
3561 5144 3636 5196 οὐκ

2121 5249 2180 5301 ἐν
2211 5251 2276 5318 τῇ
2311 5249 2752 5312 Κωνσταντίνου,
2790 5250 2909 5302 ἀλλ’
2961 5250 3021 5303 ἐν
3048 5269 3152 5304 τινι
3183 5254 3294 5302 τῶν
3326 5248 3481 5316 αὐτῆς
3507 5253 3638 5307 1:99a—

2125 5340 2344 5402 στείων,
2403 5337 2446 5408 ᾧ
2483 5341 2670 5394 Ἐλαία
2717 5336 2785 5410 ἦν
2815 5341 3015 5412 ὄνομα,
3057 5340 3501 5412 κεκληρωμένος·
3533 5333 3637 5393 ὅπερ

2121 5430 2354 5501 ἀντικρὺ
2393 5430 2495 5499 μὲν
2551 5433 2728 5485 κεῖται
2779 5433 2880 5501 τῆς
2908 5433 3158 5497 πόλεως’
3198 5432 3472 5500 πάνδημον
3497 5425 3543 5476 δὲ
3580 5417 3638 5485 τῷ

2123 5519 2284 5590 χώρῳ
2333 5521 2530 5592 ἑορτὴν
2588 5523 2770 5576 ἐκεῖσε
2819 5525 2852 5592 ἡ
2905 5524 3061 5587 πόλις
3109 5523 3185 5593 τῷ
3245 5521 3453 5590 Σωτῆρι
3503 5511 3638 5578 ἀνῆγε

2122 5615 2385 5685 Χριστῷ·
2423 5614 2666 5686 ὁπηνίκα
2696 5617 3054 5688 ἀναληφθεὶς,
3088 5617 3447 5684 παλίνδρομος
3466 5608 3532 5678 τῷ
3555 5604 3637 5657 ﬂ"

529 5744 615 5812 (ί)
665 5744 894 5813 Ἐλαία,
949 5747 1116 5816 Olca,
1166 5749 1487 5806 suburbana
1540 5749 2047 5822 Constantinopolis
2087 5752 2257 5822 rcgio.
