  <div class='ocr_page' id='page_1' title='image "/cluster/home/n/w/nwhite01/storage/ocr_20150623/146/hvd.32044073502601/620.png"; bbox 0 0 3910 6218; ppageno 0'>
   <div class='ocr_carea' id='block_1_1' title="bbox 304 290 443 367">
    <p class='ocr_par' dir='ltr' id='par_1_1' title="bbox 304 290 443 367">
     <span class='ocr_line' id='line_1_1' title="bbox 304 290 443 367; baseline 0 0"><span class='ocrx_word' id='word_1_1' title='bbox 304 290 443 367; x_wconf 65' lang='lat'><strong>115.3</strong></span> 
     </span>
    </p>
   </div>
   <div class='ocr_carea' id='block_1_2' title="bbox 1224 295 2638 363">
    <p class='ocr_par' dir='ltr' id='par_1_2' title="bbox 1224 295 2638 363">
     <span class='ocr_line' id='line_1_2' title="bbox 1224 295 2638 363; baseline 0.001 -4"><span class='ocrx_word' id='word_1_2' title='bbox 1224 295 1828 359; x_wconf 77' lang='lat' dir='ltr'><strong>ECCLESIASTlC.‘E</strong></span> <span class='ocrx_word' id='word_1_3' title='bbox 1870 298 2254 360; x_wconf 60' lang='lat' dir='ltr'><strong>IIISTthH‘J</strong></span> <span class='ocrx_word' id='word_1_4' title='bbox 2296 300 2444 363; x_wconf 84' lang='lat' dir='ltr'><strong>LIB.</strong></span> <span class='ocrx_word' id='word_1_5' title='bbox 2482 301 2638 363; x_wconf 80' lang='lat' dir='ltr'><strong>XIV.</strong></span> 
     </span>
    </p>
   </div>
   <div class='ocr_carea' id='block_1_3' title="bbox 3424 302 3560 368">
    <p class='ocr_par' dir='ltr' id='par_1_3' title="bbox 3424 302 3560 368">
     <span class='ocr_line' id='line_1_3' title="bbox 3424 302 3560 368; baseline 0.029 -4"><span class='ocrx_word' id='word_1_6' title='bbox 3424 302 3560 368; x_wconf 72' lang='grc'>1154</span> 
     </span>
    </p>
   </div>
   <div class='ocr_carea' id='block_1_4' title="bbox 291 408 1867 486">
    <p class='ocr_par' dir='ltr' id='par_1_4' title="bbox 291 409 1867 486">
     <span class='ocr_line' id='line_1_4' title="bbox 291 409 1867 486; baseline -0.002 -21"><span class='ocrx_word' id='word_1_7' title='bbox 291 434 380 482; x_wconf 79' lang='grc' dir='ltr'><strong>τρι</strong></span> <span class='ocrx_word' id='word_1_8' title='bbox 411 411 535 486; x_wconf 71' lang='grc' dir='ltr'>ἧκε.</span> <span class='ocrx_word' id='word_1_9' title='bbox 568 411 656 481; x_wconf 76' lang='grc' dir='ltr'><strong>Τῷ</strong></span> <span class='ocrx_word' id='word_1_10' title='bbox 686 411 741 464; x_wconf 81' lang='grc' dir='ltr'>δὲ</span> <span class='ocrx_word' id='word_1_11' title='bbox 770 409 950 478; x_wconf 86' lang='grc' dir='ltr'>πολλῷ</span> <span class='ocrx_word' id='word_1_12' title='bbox 983 409 1181 480; x_wconf 81' lang='grc' dir='ltr'>πλήθει</span> <span class='ocrx_word' id='word_1_13' title='bbox 1211 411 1304 462; x_wconf 72' lang='grc' dir='ltr'><strong>καὶ</strong></span> <span class='ocrx_word' id='word_1_14' title='bbox 1333 409 1696 479; x_wconf 64' lang='grc' dir='ltr'>διαφερόντως</span> <span class='ocrx_word' id='word_1_15' title='bbox 1733 410 1867 479; x_wconf 81' lang='grc' dir='ltr'>μάλα</span> 
     </span>
    </p>
   </div>
   <div class='ocr_carea' id='block_1_5' title="bbox 1971 408 3561 486">
    <p class='ocr_par' dir='ltr' id='par_1_5' title="bbox 1983 408 3561 479">
     <span class='ocr_line' id='line_1_5' title="bbox 1983 408 3561 479; baseline -0.001 -16"><span class='ocrx_word' id='word_1_16' title='bbox 1983 409 2047 463; x_wconf 86' lang='lat' dir='ltr'><strong>ad</strong></span> <span class='ocrx_word' id='word_1_17' title='bbox 2110 410 2650 473; x_wconf 70' lang='lat' dir='ltr'><strong>Patrem.revcrtit,</strong></span> <span class='ocrx_word' id='word_1_18' title='bbox 2708 408 2969 464; x_wconf 76' lang='lat' dir='ltr'><strong>celebrat.</strong></span> <span class='ocrx_word' id='word_1_19' title='bbox 3032 409 3242 479; x_wconf 80' lang='lat' dir='ltr'><strong>Populo</strong></span> <span class='ocrx_word' id='word_1_20' title='bbox 3296 412 3561 465; x_wconf 80' lang='lat' dir='ltr'><strong>universo</strong></span> 
     </span>
    </p>
   </div>
   <div class='ocr_carea' id='block_1_6' title="bbox 290 498 1869 575">
    <p class='ocr_par' dir='ltr' id='par_1_6' title="bbox 290 498 1869 575">
     <span class='ocr_line' id='line_1_6' title="bbox 290 498 1869 575; baseline -0.004 -18"><span class='ocrx_word' id='word_1_21' title='bbox 290 506 695 575; x_wconf 72' lang='grc' dir='ltr'><strong>κεχαρισμένος</strong></span> <span class='ocrx_word' id='word_1_22' title='bbox 728 498 796 572; x_wconf 81' lang='grc' dir='ltr'>ἦν</span> <span class='ocrx_word' id='word_1_23' title='bbox 828 505 856 555; x_wconf 86' lang='grc' dir='ltr'><strong>δ</strong></span> <span class='ocrx_word' id='word_1_24' title='bbox 901 500 1138 563; x_wconf 83' lang='grc' dir='ltr'>Σισινιος</span> <span class='ocrx_word' id='word_1_25' title='bbox 1161 517 1173 531; x_wconf 88' lang='grc'>·</span> <span class='ocrx_word' id='word_1_26' title='bbox 1221 501 1416 570; x_wconf 81' lang='grc' dir='ltr'><strong>ὅτιπερ</strong></span> <span class='ocrx_word' id='word_1_27' title='bbox 1449 499 1566 570; x_wconf 79' lang='grc' dir='ltr'>ἄμα</span> <span class='ocrx_word' id='word_1_28' title='bbox 1593 517 1653 551; x_wconf 83' lang='grc' dir='ltr'><strong>τε</strong></span> <span class='ocrx_word' id='word_1_29' title='bbox 1710 517 1869 569; x_wconf 86' lang='grc' dir='ltr'>περι-</span> 
     </span>
    </p>
   </div>
   <div class='ocr_carea' id='block_1_7' title="bbox 290 589 1872 669">
    <p class='ocr_par' dir='ltr' id='par_1_7' title="bbox 290 589 1872 669">
     <span class='ocr_line' id='line_1_7' title="bbox 290 589 1872 669; baseline -0.003 -18"><span class='ocrx_word' id='word_1_30' title='bbox 290 599 486 669; x_wconf 74' lang='grc' dir='ltr'>ϐόητος</span> <span class='ocrx_word' id='word_1_31' title='bbox 535 599 592 650; x_wconf 79' lang='grc' dir='ltr'><strong>ἐν</strong></span> <span class='ocrx_word' id='word_1_32' title='bbox 639 597 810 664; x_wconf 78' lang='grc' dir='ltr'>ἁρετῇ</span> <span class='ocrx_word' id='word_1_33' title='bbox 847 589 936 664; x_wconf 81' lang='grc' dir='ltr'>ἦν,</span> <span class='ocrx_word' id='word_1_34' title='bbox 969 594 1065 646; x_wconf 78' lang='grc' dir='ltr'>καὶ</span> <span class='ocrx_word' id='word_1_35' title='bbox 1116 591 1321 662; x_wconf 82' lang='grc' dir='ltr'>πολλὴν</span> <span class='ocrx_word' id='word_1_36' title='bbox 1348 594 1430 646; x_wconf 81' lang='grc' dir='ltr'><strong>ὅτι</strong></span> <span class='ocrx_word' id='word_1_37' title='bbox 1473 593 1583 645; x_wconf 87' lang='grc' dir='ltr'><strong>τῶν</strong></span> <span class='ocrx_word' id='word_1_38' title='bbox 1635 595 1872 662; x_wconf 80' lang='grc' dir='ltr'><strong>πτωχῶν</strong></span> 
     </span>
    </p>
   </div>
   <div class='ocr_carea' id='block_1_8' title="bbox 290 687 1872 763">
    <p class='ocr_par' dir='ltr' id='par_1_8' title="bbox 290 687 1872 763">
     <span class='ocr_line' id='line_1_8' title="bbox 290 687 1872 763; baseline -0.005 -18"><span class='ocrx_word' id='word_1_39' title='bbox 290 692 553 763; x_wconf 80' lang='grc' dir='ltr'>πρόνοιαν</span> <span class='ocrx_word' id='word_1_40' title='bbox 582 689 676 742; x_wconf 72' lang='grc' dir='ltr'><strong>καὶ</strong></span> <span class='ocrx_word' id='word_1_41' title='bbox 707 689 850 757; x_wconf 80' lang='grc' dir='ltr'>ὑπὲρ</span> <span class='ocrx_word' id='word_1_42' title='bbox 880 687 1114 755; x_wconf 82' lang='grc' dir='ltr'>δύναμιν</span> <span class='ocrx_word' id='word_1_43' title='bbox 1139 688 1396 739; x_wconf 79' lang='grc' dir='ltr'>ἐποιεῖτο.</span> <span class='ocrx_word' id='word_1_44' title='bbox 1431 687 1625 739; x_wconf 81' lang='grc' dir='ltr'>Ἔνθεν</span> <span class='ocrx_word' id='word_1_45' title='bbox 1646 703 1731 739; x_wconf 85' lang='grc' dir='ltr'><strong>τοι</strong></span> <span class='ocrx_word' id='word_1_46' title='bbox 1775 687 1872 739; x_wconf 71' lang='grc' dir='ltr'><strong>καὶ</strong></span> 
     </span>
    </p>
   </div>
   <div class='ocr_carea' id='block_1_9' title="bbox 289 778 1871 852">
    <p class='ocr_par' dir='ltr' id='par_1_9' title="bbox 289 778 1871 852">
     <span class='ocr_line' id='line_1_9' title="bbox 289 778 1871 852; baseline -0.004 -15"><span class='ocrx_word' id='word_1_47' title='bbox 289 785 384 837; x_wconf 72' lang='grc' dir='ltr'>τοῦ</span> <span class='ocrx_word' id='word_1_48' title='bbox 420 781 554 836; x_wconf 80' lang='grc' dir='ltr'>λαοῦ</span> <span class='ocrx_word' id='word_1_49' title='bbox 613 781 949 852; x_wconf 79' lang='grc' dir='ltr'>βιασαμένου</span> <span class='ocrx_word' id='word_1_50' title='bbox 1006 781 1103 832; x_wconf 80' lang='grc' dir='ltr'><strong>καὶ</strong></span> <span class='ocrx_word' id='word_1_51' title='bbox 1157 779 1575 848; x_wconf 82' lang='grc' dir='ltr'>ἐκνικήσαντος,</span> <span class='ocrx_word' id='word_1_52' title='bbox 1636 778 1871 842; x_wconf 86' lang='grc' dir='ltr'>Σισίνιος</span> 
     </span>
    </p>
   </div>
   <div class='ocr_carea' id='block_1_10' title="bbox 289 864 1873 941">
    <p class='ocr_par' dir='ltr' id='par_1_10' title="bbox 289 864 1873 941">
     <span class='ocr_line' id='line_1_10' title="bbox 289 864 1873 941; baseline -0.004 -14"><span class='ocrx_word' id='word_1_53' title='bbox 289 875 391 927; x_wconf 64' lang='grc' dir='ltr'><strong>ἐπὶ</strong></span> <span class='ocrx_word' id='word_1_54' title='bbox 417 876 506 925; x_wconf 77' lang='grc' dir='ltr'>τὸν</span> <span class='ocrx_word' id='word_1_55' title='bbox 535 874 726 941; x_wconf 85' lang='grc' dir='ltr'>θρόνον</span> <span class='ocrx_word' id='word_1_56' title='bbox 752 871 1040 924; x_wconf 81' lang='grc' dir='ltr'>ἀνέϐαινεν</span> <span class='ocrx_word' id='word_1_57' title='bbox 1064 887 1080 903; x_wconf 88' lang='grc'><strong>·</strong></span> <span class='ocrx_word' id='word_1_58' title='bbox 1112 870 1201 939; x_wconf 75' lang='grc' dir='ltr'><strong>ἐφ’</strong></span> <span class='ocrx_word' id='word_1_59' title='bbox 1235 864 1279 937; x_wconf 85' lang='grc' dir='ltr'><strong>ᾦ</strong></span> <span class='ocrx_word' id='word_1_60' title='bbox 1308 870 1625 939; x_wconf 76' lang='grc' dir='ltr'><strong>χαλεπήνας</strong></span> <span class='ocrx_word' id='word_1_61' title='bbox 1652 872 1680 922; x_wconf 88' lang='grc' dir='ltr'>ὁ</span> <span class='ocrx_word' id='word_1_62' title='bbox 1705 887 1873 939; x_wconf 84' lang='grc' dir='ltr'>πρεσ-</span> 
     </span>
    </p>
   </div>
   <div class='ocr_carea' id='block_1_11' title="bbox 290 961 1871 1037">
    <p class='ocr_par' dir='ltr' id='par_1_11' title="bbox 290 961 1871 1037">
     <span class='ocr_line' id='line_1_11' title="bbox 290 961 1871 1037; baseline -0.004 -17"><span class='ocrx_word' id='word_1_63' title='bbox 290 968 523 1037; x_wconf 79' lang='grc' dir='ltr'>6ύτερος</span> <span class='ocrx_word' id='word_1_64' title='bbox 560 965 831 1026; x_wconf 73' lang='grc' dir='ltr'>Φίλιππος</span> <span class='ocrx_word' id='word_1_65' title='bbox 864 966 947 1016; x_wconf 84' lang='grc' dir='ltr'><strong>ὅτι</strong></span> <span class='ocrx_word' id='word_1_66' title='bbox 976 963 1147 1035; x_wconf 80' lang='grc' dir='ltr'>αὐτοῦ</span> <span class='ocrx_word' id='word_1_67' title='bbox 1183 961 1513 1034; x_wconf 81' lang='grc' dir='ltr'><strong>προεκρίθη,</strong></span> <span class='ocrx_word' id='word_1_68' title='bbox 1570 963 1743 1016; x_wconf 83' lang='grc' dir='ltr'>πολλὰ</span> <span class='ocrx_word' id='word_1_69' title='bbox 1771 963 1871 1027; x_wconf 81' lang='grc' dir='ltr'>τῆς</span> 
     </span>
    </p>
   </div>
   <div class='ocr_carea' id='block_1_12' title="bbox 290 1054 1867 1130">
    <p class='ocr_par' dir='ltr' id='par_1_12' title="bbox 290 1054 1867 1130">
     <span class='ocr_line' id='line_1_12' title="bbox 290 1054 1867 1130; baseline -0.001 -17"><span class='ocrx_word' id='word_1_70' title='bbox 290 1059 631 1130; x_wconf 80' lang='grc' dir='ltr'>χειροτονίας</span> <span class='ocrx_word' id='word_1_71' title='bbox 678 1057 891 1110; x_wconf 78' lang='grc' dir='ltr'>ἐκείνου</span> <span class='ocrx_word' id='word_1_72' title='bbox 938 1055 1254 1126; x_wconf 78' lang='grc' dir='ltr'>καθήπτετο</span> <span class='ocrx_word' id='word_1_73' title='bbox 1304 1059 1361 1109; x_wconf 79' lang='grc' dir='ltr'>ὲν</span> <span class='ocrx_word' id='word_1_74' title='bbox 1406 1058 1472 1126; x_wconf 75' lang='grc' dir='ltr'>τῇ</span> <span class='ocrx_word' id='word_1_75' title='bbox 1512 1054 1648 1127; x_wconf 84' lang='grc' dir='ltr'>παρ’</span> <span class='ocrx_word' id='word_1_76' title='bbox 1700 1057 1867 1111; x_wconf 76' lang='grc' dir='ltr'>αὐτοῦ</span> 
     </span>
    </p>
   </div>
   <div class='ocr_carea' id='block_1_13' title="bbox 289 1148 1870 1220">
    <p class='ocr_par' dir='ltr' id='par_1_13' title="bbox 289 1148 1870 1220">
     <span class='ocr_line' id='line_1_13' title="bbox 289 1148 1870 1220; baseline -0.002 -16"><span class='ocrx_word' id='word_1_77' title='bbox 289 1151 682 1220; x_wconf 71' lang='grc' dir='ltr'>συγγραφείσῃ</span> <span class='ocrx_word' id='word_1_78' title='bbox 741 1151 1108 1217; x_wconf 80' lang='grc' dir='ltr'>Χριστιανικῇ</span> <span class='ocrx_word' id='word_1_79' title='bbox 1169 1148 1404 1217; x_wconf 71' lang='grc' dir='ltr'>ἱστορίᾳ.</span> <span class='ocrx_word' id='word_1_80' title='bbox 1442 1148 1515 1200; x_wconf 78' lang='grc' dir='ltr'><strong>Οὐ</strong></span> <span class='ocrx_word' id='word_1_81' title='bbox 1557 1148 1723 1218; x_wconf 87' lang='grc' dir='ltr'>μόνον</span> <span class='ocrx_word' id='word_1_82' title='bbox 1763 1149 1870 1218; x_wconf 85' lang='grc' dir='ltr'>γὰρ</span> 
     </span>
    </p>
   </div>
   <div class='ocr_carea' id='block_1_14' title="bbox 289 1241 1871 1313">
    <p class='ocr_par' dir='ltr' id='par_1_14' title="bbox 289 1241 1871 1313">
     <span class='ocr_line' id='line_1_14' title="bbox 289 1241 1871 1313; baseline -0.001 -17"><span class='ocrx_word' id='word_1_83' title='bbox 289 1246 503 1296; x_wconf 75' lang='grc' dir='ltr'>ἐκεῖνον</span> <span class='ocrx_word' id='word_1_84' title='bbox 550 1241 833 1300; x_wconf 77' lang='grc' dir='ltr'>διέϐαλεν,</span> <span class='ocrx_word' id='word_1_85' title='bbox 882 1242 1021 1293; x_wconf 75' lang='grc' dir='ltr'>ἀλλὰ</span> <span class='ocrx_word' id='word_1_86' title='bbox 1064 1242 1162 1293; x_wconf 73' lang='grc' dir='ltr'><strong>καὶ</strong></span> <span class='ocrx_word' id='word_1_87' title='bbox 1211 1243 1338 1302; x_wconf 78' lang='grc' dir='ltr'>τοὺς</span> <span class='ocrx_word' id='word_1_88' title='bbox 1379 1243 1871 1313; x_wconf 74' lang='grc' dir='ltr'>χειροτονήσαντας</span> 
     </span>
    </p>
   </div>
   <div class='ocr_carea' id='block_1_15' title="bbox 289 1331 1868 1404">
    <p class='ocr_par' dir='ltr' id='par_1_15' title="bbox 289 1331 1868 1404">
     <span class='ocr_line' id='line_1_15' title="bbox 289 1331 1868 1404; baseline -0.001 -15"><span class='ocrx_word' id='word_1_89' title='bbox 289 1338 388 1389; x_wconf 74' lang='grc' dir='ltr'><strong>καὶ</strong></span> <span class='ocrx_word' id='word_1_90' title='bbox 448 1336 539 1388; x_wconf 79' lang='grc' dir='ltr'><strong>τὸν</strong></span> <span class='ocrx_word' id='word_1_91' title='bbox 570 1333 784 1403; x_wconf 67' lang='grc' dir='ltr'>δῆμον*</span> <span class='ocrx_word' id='word_1_92' title='bbox 843 1333 939 1385; x_wconf 72' lang='grc' dir='ltr'>καὶ</span> <span class='ocrx_word' id='word_1_93' title='bbox 986 1331 1132 1386; x_wconf 74' lang='grc' dir='ltr'>οὕτω</span> <span class='ocrx_word' id='word_1_94' title='bbox 1182 1333 1555 1403; x_wconf 78' lang='grc' dir='ltr'>κατέδραμεν,</span> <span class='ocrx_word' id='word_1_95' title='bbox 1607 1335 1683 1397; x_wconf 83' lang='grc' dir='ltr'>ὡς</span> <span class='ocrx_word' id='word_1_96' title='bbox 1740 1334 1868 1404; x_wconf 79' lang='grc' dir='ltr'>μηδ’</span> 
     </span>
    </p>
   </div>
   <div class='ocr_carea' id='block_1_16' title="bbox 290 1421 1865 1495">
    <p class='ocr_par' dir='ltr' id='par_1_16' title="bbox 290 1421 1865 1495">
     <span class='ocr_line' id='line_1_16' title="bbox 290 1421 1865 1495; baseline 0.001 -18"><span class='ocrx_word' id='word_1_97' title='bbox 290 1424 515 1478; x_wconf 78' lang='grc' dir='ltr'><strong>ἑλέσθαι</strong></span> <span class='ocrx_word' id='word_1_98' title='bbox 573 1421 698 1476; x_wconf 82' lang='grc' dir='ltr'>τινά</span> <span class='ocrx_word' id='word_1_99' title='bbox 754 1421 826 1475; x_wconf 82' lang='grc' dir='ltr'><strong>τά</strong></span> <span class='ocrx_word' id='word_1_100' title='bbox 878 1422 1149 1493; x_wconf 75' lang='grc' dir='ltr'><strong>εἰρημένα</strong></span> <span class='ocrx_word' id='word_1_101' title='bbox 1208 1424 1541 1495; x_wconf 76' lang='grc' dir='ltr'><strong>συγγραφῆς</strong></span> <span class='ocrx_word' id='word_1_102' title='bbox 1589 1424 1865 1491; x_wconf 57' lang='lat' dir='ltr'><strong>diuitem“</strong></span> 
     </span>
    </p>
   </div>
   <div class='ocr_carea' id='block_1_17' title="bbox 288 1513 1869 1587">
    <p class='ocr_par' dir='ltr' id='par_1_17' title="bbox 288 1513 1869 1587">
     <span class='ocr_line' id='line_1_17' title="bbox 288 1513 1869 1587; baseline 0.001 -18"><span class='ocrx_word' id='word_1_103' title='bbox 288 1517 414 1569; x_wconf 75' lang='grc' dir='ltr'>ἐπεί</span> <span class='ocrx_word' id='word_1_104' title='bbox 447 1515 529 1568; x_wconf 84' lang='grc' dir='ltr'><strong>τοί</strong></span> <span class='ocrx_word' id='word_1_105' title='bbox 563 1531 627 1580; x_wconf 84' lang='grc' dir='ltr'><strong>γε</strong></span> <span class='ocrx_word' id='word_1_106' title='bbox 679 1513 795 1567; x_wconf 70' lang='grc' dir='ltr'>οὐδ’</span> <span class='ocrx_word' id='word_1_107' title='bbox 844 1515 1044 1587; x_wconf 78' lang='grc' dir='ltr'>ἐκείνῳ</span> <span class='ocrx_word' id='word_1_108' title='bbox 1079 1532 1164 1577; x_wconf 87' lang='grc' dir='ltr'><strong>τις</strong></span> <span class='ocrx_word' id='word_1_109' title='bbox 1199 1517 1460 1585; x_wconf 75' lang='grc' dir='ltr'>συγγνοίη</span> <span class='ocrx_word' id='word_1_110' title='bbox 1504 1517 1608 1585; x_wconf 72' lang='grc' dir='ltr'>τῆς</span> <span class='ocrx_word' id='word_1_111' title='bbox 1663 1535 1869 1587; x_wconf 86' lang='grc' dir='ltr'>προπε-</span> 
     </span>
    </p>
   </div>
   <div class='ocr_carea' id='block_1_18' title="bbox 218 1605 1866 1685">
    <p class='ocr_par' dir='ltr' id='par_1_18' title="bbox 218 1605 1866 1685">
     <span class='ocr_line' id='line_1_18' title="bbox 218 1605 1866 1685; baseline 0.002 -25"><span class='ocrx_word' id='word_1_112' title='bbox 218 1662 227 1685; x_wconf 48' lang='grc' dir='ltr'>ι</span> <span class='ocrx_word' id='word_1_113' title='bbox 287 1610 465 1669; x_wconf 82' lang='grc' dir='ltr'>τείας,</span> <span class='ocrx_word' id='word_1_114' title='bbox 493 1607 720 1659; x_wconf 83' lang='grc' dir='ltr'>τοιαῦτα</span> <span class='ocrx_word' id='word_1_115' title='bbox 756 1605 966 1676; x_wconf 59' lang='grc' dir='ltr'>γράψαι</span> <span class='ocrx_word' id='word_1_116' title='bbox 994 1608 1374 1677; x_wconf 81' lang='grc' dir='ltr'>ἀνασχομένῳ.</span> <span class='ocrx_word' id='word_1_117' title='bbox 1411 1609 1565 1662; x_wconf 78' lang='grc' dir='ltr'>Ἐπεὶ</span> <span class='ocrx_word' id='word_1_118' title='bbox 1591 1609 1649 1662; x_wconf 81' lang='grc' dir='ltr'>δὲ</span> <span class='ocrx_word' id='word_1_119' title='bbox 1678 1611 1866 1664; x_wconf 85' lang='grc' dir='ltr'>τούτου</span> 
     </span>
    </p>
   </div>
   <div class='ocr_carea' id='block_1_19' title="bbox 288 1697 1863 1769">
    <p class='ocr_par' dir='ltr' id='par_1_19' title="bbox 288 1697 1863 1769">
     <span class='ocr_line' id='line_1_19' title="bbox 288 1697 1863 1769; baseline 0.002 -17"><span class='ocrx_word' id='word_1_120' title='bbox 288 1698 594 1767; x_wconf 78' lang='grc' dir='ltr'>ἐμνήσθην,</span> <span class='ocrx_word' id='word_1_121' title='bbox 630 1697 806 1766; x_wconf 82' lang='grc' dir='ltr'>μικρά</span> <span class='ocrx_word' id='word_1_122' title='bbox 836 1698 932 1749; x_wconf 73' lang='grc' dir='ltr'><strong>καὶ</strong></span> <span class='ocrx_word' id='word_1_123' title='bbox 968 1699 1096 1769; x_wconf 71' lang='grc' dir='ltr'>περὶ</span> <span class='ocrx_word' id='word_1_124' title='bbox 1131 1698 1299 1752; x_wconf 76' lang='grc' dir='ltr'>αὑτοῦ</span> <span class='ocrx_word' id='word_1_125' title='bbox 1330 1699 1606 1754; x_wconf 79' lang='grc' dir='ltr'>διαλαδείν</span> <span class='ocrx_word' id='word_1_126' title='bbox 1631 1700 1863 1755; x_wconf 79' lang='grc' dir='ltr'>δίκαιον.</span> 
     </span>
    </p>
   </div>
   <div class='ocr_carea' id='block_1_20' title="bbox 1980 502 3543 572">
    <p class='ocr_par' dir='ltr' id='par_1_20' title="bbox 1980 502 3543 572">
     <span class='ocr_line' id='line_1_20' title="bbox 1980 502 3543 572; baseline 0.001 -17"><span class='ocrx_word' id='word_1_127' title='bbox 1980 504 2179 559; x_wconf 78' lang='lat' dir='ltr'><strong>chartis</strong></span> <span class='ocrx_word' id='word_1_128' title='bbox 2214 505 2486 571; x_wconf 45' lang='lat' dir='ltr'><strong>pra’cipue</strong></span> <span class='ocrx_word' id='word_1_129' title='bbox 2516 502 2753 556; x_wconf 85' lang='lat' dir='ltr'><strong>Sisinius</strong></span> <span class='ocrx_word' id='word_1_130' title='bbox 2786 502 2908 568; x_wconf 75' lang='lat' dir='ltr'><strong>fuit,</strong></span> <span class='ocrx_word' id='word_1_131' title='bbox 2950 508 3075 556; x_wconf 83' lang='lat' dir='ltr'><strong>‘cum</strong></span> <span class='ocrx_word' id='word_1_132' title='bbox 3122 513 3349 572; x_wconf 82' lang='lat' dir='ltr'><strong>propter</strong></span> <span class='ocrx_word' id='word_1_133' title='bbox 3385 507 3543 559; x_wconf 88' lang='lat' dir='ltr'><strong>virtu-</strong></span> 
     </span>
    </p>
   </div>
   <div class='ocr_carea' id='block_1_21' title="bbox 1981 594 3555 666">
    <p class='ocr_par' dir='ltr' id='par_1_21' title="bbox 1981 594 3555 666">
     <span class='ocr_line' id='line_1_21' title="bbox 1981 594 3555 666; baseline 0.003 -19"><span class='ocrx_word' id='word_1_134' title='bbox 1981 594 2052 648; x_wconf 88' lang='lat' dir='ltr'><strong>tis</strong></span> <span class='ocrx_word' id='word_1_135' title='bbox 2081 595 2411 659; x_wconf 74' lang='lat' dir='ltr'><strong>claritatem,</strong></span> <span class='ocrx_word' id='word_1_136' title='bbox 2452 605 2565 649; x_wconf 89' lang='lat' dir='ltr'><strong>tum</strong></span> <span class='ocrx_word' id='word_1_137' title='bbox 2599 596 2672 649; x_wconf 91' lang='lat' dir='ltr'><strong>ob</strong></span> <span class='ocrx_word' id='word_1_138' title='bbox 2710 595 2967 649; x_wconf 84' lang='lat' dir='ltr'><strong>eximiam</strong></span> <span class='ocrx_word' id='word_1_139' title='bbox 2987 596 3040 649; x_wconf 93' lang='lat' dir='ltr'><strong>in</strong></span> <span class='ocrx_word' id='word_1_140' title='bbox 3073 611 3367 666; x_wconf 87' lang='lat' dir='ltr'><strong>pauperes,</strong></span> <span class='ocrx_word' id='word_1_141' title='bbox 3388 611 3555 666; x_wconf 86' lang='lat' dir='ltr'><strong>supra</strong></span> 
     </span>
    </p>
   </div>
   <div class='ocr_carea' id='block_1_22' title="bbox 1978 686 3556 757">
    <p class='ocr_par' dir='ltr' id='par_1_22' title="bbox 1978 686 3556 757">
     <span class='ocr_line' id='line_1_22' title="bbox 1978 686 3556 757; baseline 0.001 -18"><span class='ocrx_word' id='word_1_142' title='bbox 1978 688 2128 741; x_wconf 87' lang='lat' dir='ltr'><strong>vires</strong></span> <span class='ocrx_word' id='word_1_143' title='bbox 2163 687 2327 740; x_wconf 87' lang='lat' dir='ltr'><strong>etiam</strong></span> <span class='ocrx_word' id='word_1_144' title='bbox 2364 687 2503 757; x_wconf 84' lang='lat' dir='ltr'><strong>ejus.</strong></span> <span class='ocrx_word' id='word_1_145' title='bbox 2538 702 2752 741; x_wconf 85' lang='lat' dir='ltr'><strong>curam.</strong></span> <span class='ocrx_word' id='word_1_146' title='bbox 2790 686 3140 757; x_wconf 77' lang='lat' dir='ltr'><strong>Quapropter</strong></span> <span class='ocrx_word' id='word_1_147' title='bbox 3185 688 3343 757; x_wconf 84' lang='lat' dir='ltr'><strong>plebs</strong></span> <span class='ocrx_word' id='word_1_148' title='bbox 3386 689 3436 740; x_wconf 93' lang='lat' dir='ltr'><strong>vi</strong></span> <span class='ocrx_word' id='word_1_149' title='bbox 3470 688 3556 743; x_wconf 62' lang='lat' dir='ltr'><strong>elo</strong></span> 
     </span>
    </p>
   </div>
   <div class='ocr_carea' id='block_1_23' title="bbox 1978 780 3554 849">
    <p class='ocr_par' dir='ltr' id='par_1_23' title="bbox 1978 780 3554 849">
     <span class='ocr_line' id='line_1_23' title="bbox 1978 780 3554 849; baseline 0.002 -16"><span class='ocrx_word' id='word_1_150' title='bbox 1978 780 2109 833; x_wconf 78' lang='lat' dir='ltr'><strong>fecit</strong></span> <span class='ocrx_word' id='word_1_151' title='bbox 2145 790 2308 849; x_wconf 83' lang='lat' dir='ltr'><strong>atqu--</strong></span> <span class='ocrx_word' id='word_1_152' title='bbox 2339 781 2529 844; x_wconf 79' lang='lat' dir='ltr'><strong>evicit,</strong></span> <span class='ocrx_word' id='word_1_153' title='bbox 2587 788 2646 833; x_wconf 89' lang='lat' dir='ltr'><strong>ut</strong></span> <span class='ocrx_word' id='word_1_154' title='bbox 2679 780 2724 834; x_wconf 91' lang='lat' dir='ltr'><strong>is</strong></span> <span class='ocrx_word' id='word_1_155' title='bbox 2760 781 2813 834; x_wconf 90' lang='lat' dir='ltr'><strong>in</strong></span> <span class='ocrx_word' id='word_1_156' title='bbox 2860 781 3121 835; x_wconf 76' lang='lat' dir='ltr'><strong>thronum</strong></span> <span class='ocrx_word' id='word_1_157' title='bbox 3174 781 3246 835; x_wconf 86' lang='lat' dir='ltr'><strong>sit</strong></span> <span class='ocrx_word' id='word_1_158' title='bbox 3280 781 3554 836; x_wconf 88' lang='lat' dir='ltr'><strong>sublatus.</strong></span> 
     </span>
    </p>
   </div>
   <div class='ocr_carea' id='block_1_24' title="bbox 1975 870 3554 942">
    <p class='ocr_par' dir='ltr' id='par_1_24' title="bbox 1975 870 3554 942">
     <span class='ocr_line' id='line_1_24' title="bbox 1975 870 3554 942; baseline 0.003 -19"><span class='ocrx_word' id='word_1_159' title='bbox 1975 872 2094 938; x_wconf 89' lang='lat' dir='ltr'><strong>Qua</strong></span> <span class='ocrx_word' id='word_1_160' title='bbox 2145 888 2202 925; x_wconf 91' lang='lat' dir='ltr'><strong>re</strong></span> <span class='ocrx_word' id='word_1_161' title='bbox 2259 871 2505 926; x_wconf 71' lang='lat' dir='ltr'><strong>offensus</strong></span> <span class='ocrx_word' id='word_1_162' title='bbox 2566 870 2854 939; x_wconf 74' lang='lat' dir='ltr'><strong>Philippus</strong></span> <span class='ocrx_word' id='word_1_163' title='bbox 2903 871 3209 942; x_wconf 80' lang='lat' dir='ltr'><strong>presbyter,</strong></span> <span class='ocrx_word' id='word_1_164' title='bbox 3263 873 3408 941; x_wconf 87' lang='lat' dir='ltr'><strong>quod</strong></span> <span class='ocrx_word' id='word_1_165' title='bbox 3460 873 3554 927; x_wconf 92' lang='lat' dir='ltr'><strong>ille</strong></span> 
     </span>
    </p>
   </div>
   <div class='ocr_carea' id='block_1_25' title="bbox 1977 963 3557 1033">
    <p class='ocr_par' dir='ltr' id='par_1_25' title="bbox 1977 963 3557 1033">
     <span class='ocr_line' id='line_1_25' title="bbox 1977 963 3557 1033; baseline -0.001 -14"><span class='ocrx_word' id='word_1_166' title='bbox 1977 965 2194 1019; x_wconf 83' lang='lat' dir='ltr'><strong>scilicet</strong></span> <span class='ocrx_word' id='word_1_167' title='bbox 2237 965 2340 1019; x_wconf 83' lang='lat' dir='ltr'><strong>sibi</strong></span> <span class='ocrx_word' id='word_1_168' title='bbox 2393 965 2650 1033; x_wconf 62' lang='lat' dir='ltr'><strong>praelatus</strong></span> <span class='ocrx_word' id='word_1_169' title='bbox 2684 976 2847 1021; x_wconf 84' lang='lat' dir='ltr'><strong>esset.</strong></span> <span class='ocrx_word' id='word_1_170' title='bbox 2881 963 3210 1018; x_wconf 88' lang='lat' dir='ltr'><strong>electionem</strong></span> <span class='ocrx_word' id='word_1_171' title='bbox 3245 972 3298 1019; x_wconf 86' lang='lat' dir='ltr'><strong>et</strong></span> <span class='ocrx_word' id='word_1_172' title='bbox 3332 964 3557 1018; x_wconf 78' lang='lat' dir='ltr'><strong>ordina-</strong></span> 
     </span>
    </p>
   </div>
   <div class='ocr_carea' id='block_1_26' title="bbox 1977 1055 3555 1127">
    <p class='ocr_par' dir='ltr' id='par_1_26' title="bbox 1977 1055 3555 1127">
     <span class='ocr_line' id='line_1_26' title="bbox 1977 1055 3555 1127; baseline 0 -17"><span class='ocrx_word' id='word_1_173' title='bbox 1977 1057 2185 1111; x_wconf 86' lang='lat' dir='ltr'><strong>tionem</strong></span> <span class='ocrx_word' id='word_1_174' title='bbox 2226 1057 2346 1127; x_wconf 81' lang='lat' dir='ltr'><strong>cjus</strong></span> <span class='ocrx_word' id='word_1_175' title='bbox 2392 1056 2691 1125; x_wconf 88' lang='lat' dir='ltr'><strong>plurimum</strong></span> <span class='ocrx_word' id='word_1_176' title='bbox 2735 1055 3111 1122; x_wconf 84' lang='lat' dir='ltr'><strong>reprehendit,</strong></span> <span class='ocrx_word' id='word_1_177' title='bbox 3146 1055 3199 1108; x_wconf 92' lang='lat' dir='ltr'><strong>in</strong></span> <span class='ocrx_word' id='word_1_178' title='bbox 3234 1072 3298 1109; x_wconf 90' lang='lat' dir='ltr'><strong>ea</strong></span> <span class='ocrx_word' id='word_1_179' title='bbox 3338 1072 3460 1125; x_wconf 68' lang='lat' dir='ltr'><strong>quae</strong></span> <span class='ocrx_word' id='word_1_180' title='bbox 3486 1057 3555 1110; x_wconf 85' lang='lat' dir='ltr'><strong>ab</strong></span> 
     </span>
    </p>
   </div>
   <div class='ocr_carea' id='block_1_27' title="bbox 1977 1147 3557 1217">
    <p class='ocr_par' dir='ltr' id='par_1_27' title="bbox 1977 1147 3557 1217">
     <span class='ocr_line' id='line_1_27' title="bbox 1977 1147 3557 1217; baseline 0 -14"><span class='ocrx_word' id='word_1_181' title='bbox 1977 1149 2095 1217; x_wconf 89' lang='lat' dir='ltr'><strong>ipso</strong></span> <span class='ocrx_word' id='word_1_182' title='bbox 2130 1149 2446 1216; x_wconf 87' lang='lat' dir='ltr'><strong>conscripta</strong></span> <span class='ocrx_word' id='word_1_183' title='bbox 2504 1156 2588 1201; x_wconf 86' lang='lat' dir='ltr'><strong>est</strong></span> <span class='ocrx_word' id='word_1_184' title='bbox 2619 1147 2938 1202; x_wconf 83' lang='lat' dir='ltr'><strong>Christiana</strong></span> <span class='ocrx_word' id='word_1_185' title='bbox 2974 1147 3230 1200; x_wconf 81' lang='lat' dir='ltr'><strong>historia.</strong></span> <span class='ocrx_word' id='word_1_186' title='bbox 3260 1148 3378 1202; x_wconf 80' lang='lat' dir='ltr'><strong>Non</strong></span> <span class='ocrx_word' id='word_1_187' title='bbox 3421 1149 3557 1203; x_wconf 78' lang='lat' dir='ltr'><strong>Sisi-</strong></span> 
     </span>
    </p>
   </div>
   <div class='ocr_carea' id='block_1_28' title="bbox 1974 1240 3556 1310">
    <p class='ocr_par' dir='ltr' id='par_1_28' title="bbox 1974 1240 3556 1310">
     <span class='ocr_line' id='line_1_28' title="bbox 1974 1240 3556 1310; baseline -0.001 -16"><span class='ocrx_word' id='word_1_188' title='bbox 1974 1241 2128 1295; x_wconf 89' lang='lat' dir='ltr'><strong>nium</strong></span> <span class='ocrx_word' id='word_1_189' title='bbox 2183 1257 2319 1294; x_wconf 78' lang='lat' dir='ltr'><strong>veru</strong></span> <span class='ocrx_word' id='word_1_190' title='bbox 2356 1249 2593 1303; x_wconf 87' lang='lat' dir='ltr'><strong>tantum,</strong></span> <span class='ocrx_word' id='word_1_191' title='bbox 2631 1241 2727 1294; x_wconf 86' lang='lat' dir='ltr'><strong>sed</strong></span> <span class='ocrx_word' id='word_1_192' title='bbox 2771 1248 2825 1294; x_wconf 90' lang='lat' dir='ltr'><strong>et</strong></span> <span class='ocrx_word' id='word_1_193' title='bbox 2871 1248 3290 1295; x_wconf 87' lang='lat' dir='ltr'><strong>consecratores</strong></span> <span class='ocrx_word' id='word_1_194' title='bbox 3323 1240 3472 1310; x_wconf 88' lang='lat' dir='ltr'><strong>ipsos</strong></span> <span class='ocrx_word' id='word_1_195' title='bbox 3500 1249 3556 1292; x_wconf 85' lang='lat' dir='ltr'><strong>et</strong></span> 
     </span>
    </p>
   </div>
   <div class='ocr_carea' id='block_1_29' title="bbox 1974 1332 3555 1403">
    <p class='ocr_par' dir='ltr' id='par_1_29' title="bbox 1974 1332 3555 1403">
     <span class='ocr_line' id='line_1_29' title="bbox 1974 1332 3555 1403; baseline 0.001 -18"><span class='ocrx_word' id='word_1_196' title='bbox 1974 1332 2240 1399; x_wconf 86' lang='lat' dir='ltr'><strong>populum</strong></span> <span class='ocrx_word' id='word_1_197' title='bbox 2277 1332 2623 1387; x_wconf 84' lang='lat' dir='ltr'><strong>calumniose</strong></span> <span class='ocrx_word' id='word_1_198' title='bbox 2660 1332 2987 1401; x_wconf 81' lang='lat' dir='ltr'><strong>perstrinxit</strong></span> <span class='ocrx_word' id='word_1_199' title='bbox 3022 1351 3036 1387; x_wconf 91' lang='lat'><strong>:</strong></span> <span class='ocrx_word' id='word_1_200' title='bbox 3072 1341 3236 1403; x_wconf 87' lang='lat' dir='ltr'><strong>atque</strong></span> <span class='ocrx_word' id='word_1_201' title='bbox 3268 1332 3320 1386; x_wconf 93' lang='lat' dir='ltr'><strong>in</strong></span> <span class='ocrx_word' id='word_1_202' title='bbox 3352 1349 3448 1387; x_wconf 86' lang='lat' dir='ltr'><strong>eos</strong></span> <span class='ocrx_word' id='word_1_203' title='bbox 3477 1333 3555 1387; x_wconf 86' lang='lat' dir='ltr'><strong>ita</strong></span> 
     </span>
    </p>
   </div>
   <div class='ocr_carea' id='block_1_30' title="bbox 1974 1420 3555 1492">
    <p class='ocr_par' dir='ltr' id='par_1_30' title="bbox 1974 1420 3555 1492">
     <span class='ocr_line' id='line_1_30' title="bbox 1974 1420 3555 1492; baseline 0.003 -17"><span class='ocrx_word' id='word_1_204' title='bbox 1974 1420 2228 1477; x_wconf 87' lang='lat' dir='ltr'><strong>invectus</strong></span> <span class='ocrx_word' id='word_1_205' title='bbox 2279 1431 2387 1483; x_wconf 86' lang='lat' dir='ltr'><strong>est.</strong></span> <span class='ocrx_word' id='word_1_206' title='bbox 2420 1431 2480 1477; x_wconf 93' lang='lat' dir='ltr'><strong>ut</strong></span> <span class='ocrx_word' id='word_1_207' title='bbox 2524 1438 2645 1492; x_wconf 70' lang='lat' dir='ltr'><strong>qua:</strong></span> <span class='ocrx_word' id='word_1_208' title='bbox 2697 1423 2788 1478; x_wconf 95' lang='lat' dir='ltr'><strong>ille</strong></span> <span class='ocrx_word' id='word_1_209' title='bbox 2836 1424 3064 1487; x_wconf 77' lang='lat' dir='ltr'><strong>dixerit,</strong></span> <span class='ocrx_word' id='word_1_210' title='bbox 3102 1440 3270 1477; x_wconf 91' lang='lat' dir='ltr'><strong>nemo</strong></span> <span class='ocrx_word' id='word_1_211' title='bbox 3320 1424 3555 1479; x_wconf 80' lang='lat' dir='ltr'><strong>historia</strong></span> 
     </span>
    </p>
   </div>
   <div class='ocr_carea' id='block_1_31' title="bbox 1972 1513 3552 1586">
    <p class='ocr_par' dir='ltr' id='par_1_31' title="bbox 1972 1513 3552 1586">
     <span class='ocr_line' id='line_1_31' title="bbox 1972 1513 3552 1586; baseline 0.001 -18"><span class='ocrx_word' id='word_1_212' title='bbox 1972 1513 2137 1585; x_wconf 79' lang='lat' dir='ltr'><strong>digna</strong></span> <span class='ocrx_word' id='word_1_213' title='bbox 2168 1514 2380 1586; x_wconf 86' lang='lat' dir='ltr'><strong>judicet</strong></span> <span class='ocrx_word' id='word_1_214' title='bbox 2414 1532 2429 1569; x_wconf 88' lang='lat'><strong>:</strong></span> <span class='ocrx_word' id='word_1_215' title='bbox 2467 1532 2648 1585; x_wconf 88' lang='lat' dir='ltr'><strong>neque</strong></span> <span class='ocrx_word' id='word_1_216' title='bbox 2697 1516 2972 1585; x_wconf 81' lang='lat' dir='ltr'><strong>quispiam</strong></span> <span class='ocrx_word' id='word_1_217' title='bbox 3002 1515 3053 1570; x_wconf 91' lang='lat' dir='ltr'><strong>ei</strong></span> <span class='ocrx_word' id='word_1_218' title='bbox 3102 1528 3213 1572; x_wconf 87' lang='lat' dir='ltr'><strong>tam</strong></span> <span class='ocrx_word' id='word_1_219' title='bbox 3246 1518 3552 1571; x_wconf 68' lang='lat' dir='ltr'><strong>temeraria:</strong></span> 
     </span>
    </p>
   </div>
   <div class='ocr_carea' id='block_1_32' title="bbox 1971 1608 3553 1683">
    <p class='ocr_par' dir='ltr' id='par_1_32' title="bbox 1971 1608 3553 1683">
     <span class='ocr_line' id='line_1_32' title="bbox 1971 1608 3553 1683; baseline -0.001 -19"><span class='ocrx_word' id='word_1_220' title='bbox 1971 1608 2250 1683; x_wconf 70' lang='lat' dir='ltr'><strong>audaciaz,</strong></span> <span class='ocrx_word' id='word_1_221' title='bbox 2294 1609 2387 1678; x_wconf 90' lang='lat' dir='ltr'><strong>qui</strong></span> <span class='ocrx_word' id='word_1_222' title='bbox 2449 1610 2695 1664; x_wconf 88' lang='lat' dir='ltr'><strong>scribere</strong></span> <span class='ocrx_word' id='word_1_223' title='bbox 2749 1609 2877 1663; x_wconf 86' lang='lat' dir='ltr'><strong>talia</strong></span> <span class='ocrx_word' id='word_1_224' title='bbox 2932 1608 3286 1672; x_wconf 89' lang='lat' dir='ltr'><strong>sustinuerit,</strong></span> <span class='ocrx_word' id='word_1_225' title='bbox 3333 1612 3553 1664; x_wconf 79' lang='lat' dir='ltr'><strong>veniam</strong></span> 
     </span>
    </p>
   </div>
   <div class='ocr_carea' id='block_1_33' title="bbox 1971 1700 3549 1772">
    <p class='ocr_par' dir='ltr' id='par_1_33' title="bbox 1971 1700 3549 1772">
     <span class='ocr_line' id='line_1_33' title="bbox 1971 1700 3549 1772; baseline 0.001 -18"><span class='ocrx_word' id='word_1_226' title='bbox 1971 1703 2256 1757; x_wconf 80' lang='lat' dir='ltr'><strong>concedat.</strong></span> <span class='ocrx_word' id='word_1_227' title='bbox 2294 1700 2450 1771; x_wconf 77' lang='lat'><strong>501</strong></span> <span class='ocrx_word' id='word_1_228' title='bbox 2506 1703 2569 1756; x_wconf 81' lang='lat' dir='ltr'><strong>Et</strong></span> <span class='ocrx_word' id='word_1_229' title='bbox 2604 1703 2732 1772; x_wconf 84' lang='lat' dir='ltr'><strong>quia</strong></span> <span class='ocrx_word' id='word_1_230' title='bbox 2769 1703 2891 1771; x_wconf 84' lang='lat' dir='ltr'><strong>ejus</strong></span> <span class='ocrx_word' id='word_1_231' title='bbox 2923 1704 3262 1759; x_wconf 87' lang='lat' dir='ltr'><strong>mentionem</strong></span> <span class='ocrx_word' id='word_1_232' title='bbox 3294 1704 3549 1769; x_wconf 79' lang='lat' dir='ltr'><strong>fecimus,</strong></span> 
     </span>
    </p>
   </div>
   <div class='ocr_carea' id='block_1_34' title="bbox 286 1786 1867 1866">
    <p class='ocr_par' dir='ltr' id='par_1_34' title="bbox 286 1786 1867 1865">
     <span class='ocr_line' id='line_1_34' title="bbox 286 1786 1867 1865; baseline 0.001 -22"><span class='ocrx_word' id='word_1_233' title='bbox 286 1793 557 1853; x_wconf 74' lang='grc' dir='ltr'>Φίλιππος</span> <span class='ocrx_word' id='word_1_234' title='bbox 605 1786 756 1852; x_wconf 80' lang='grc' dir='ltr'>οὗτος</span> <span class='ocrx_word' id='word_1_235' title='bbox 796 1791 861 1846; x_wconf 80' lang='grc' dir='ltr'>ἐκ</span> <span class='ocrx_word' id='word_1_236' title='bbox 906 1790 1067 1861; x_wconf 82' lang='grc' dir='ltr'><strong>Σίδης</strong></span> <span class='ocrx_word' id='word_1_237' title='bbox 1108 1790 1350 1861; x_wconf 38' lang='grc' dir='ltr'>μὲνντῆς</span> <span class='ocrx_word' id='word_1_238' title='bbox 1386 1793 1713 1862; x_wconf 81' lang='grc' dir='ltr'>Παμφυλίας</span> <span class='ocrx_word' id='word_1_239' title='bbox 1759 1794 1867 1865; x_wconf 83' lang='grc' dir='ltr'><strong>ὡρ-</strong></span> 
     </span>
    </p>
   </div>
   <div class='ocr_carea' id='block_1_35' title="bbox 1971 1786 3552 1866">
    <p class='ocr_par' dir='ltr' id='par_1_35' title="bbox 1971 1795 3552 1866">
     <span class='ocr_line' id='line_1_35' title="bbox 1971 1795 3552 1866; baseline 0.003 -21"><span class='ocrx_word' id='word_1_240' title='bbox 1971 1808 2188 1862; x_wconf 75' lang='lat' dir='ltr'><strong>zequutn</strong></span> <span class='ocrx_word' id='word_1_241' title='bbox 2225 1802 2309 1847; x_wconf 90' lang='lat' dir='ltr'><strong>est</strong></span> <span class='ocrx_word' id='word_1_242' title='bbox 2360 1803 2420 1846; x_wconf 90' lang='lat' dir='ltr'><strong>ut</strong></span> <span class='ocrx_word' id='word_1_243' title='bbox 2465 1809 2637 1863; x_wconf 86' lang='lat' dir='ltr'><strong>pauca</strong></span> <span class='ocrx_word' id='word_1_244' title='bbox 2687 1797 2754 1849; x_wconf 78' lang='lat' dir='ltr'><strong>de</strong></span> <span class='ocrx_word' id='word_1_245' title='bbox 2819 1811 2885 1847; x_wconf 88' lang='lat' dir='ltr'><strong>eo</strong></span> <span class='ocrx_word' id='word_1_246' title='bbox 2942 1795 3211 1850; x_wconf 84' lang='lat' dir='ltr'><strong>dicamus.</strong></span> <span class='ocrx_word' id='word_1_247' title='bbox 3262 1795 3552 1866; x_wconf 86' lang='lat' dir='ltr'><strong>Philippus</strong></span> 
     </span>
    </p>
   </div>
   <div class='ocr_carea' id='block_1_36' title="bbox 294 1878 1868 1955">
    <p class='ocr_par' dir='ltr' id='par_1_36' title="bbox 294 1878 1868 1955">
     <span class='ocr_line' id='line_1_36' title="bbox 294 1878 1868 1955; baseline -0.001 -18"><span class='ocrx_word' id='word_1_248' title='bbox 294 1886 456 1955; x_wconf 85' lang='grc' dir='ltr'>μᾶτο,</span> <span class='ocrx_word' id='word_1_249' title='bbox 492 1882 617 1936; x_wconf 85' lang='grc' dir='ltr'>ὅθεν</span> <span class='ocrx_word' id='word_1_250' title='bbox 650 1882 748 1935; x_wconf 79' lang='grc' dir='ltr'>καὶ</span> <span class='ocrx_word' id='word_1_251' title='bbox 771 1883 798 1933; x_wconf 84' lang='grc' dir='ltr'><strong><em>ὁ</em></strong></span> <span class='ocrx_word' id='word_1_252' title='bbox 824 1880 1090 1951; x_wconf 63' lang='grc' dir='ltr'>σοφιστὴς</span> <span class='ocrx_word' id='word_1_253' title='bbox 1118 1883 1363 1954; x_wconf 72' lang='grc' dir='ltr'>Τρωϊλος</span> <span class='ocrx_word' id='word_1_254' title='bbox 1394 1878 1482 1955; x_wconf 76' lang='grc' dir='ltr'>ἦν,</span> <span class='ocrx_word' id='word_1_255' title='bbox 1515 1878 1579 1939; x_wconf 75' lang='grc' dir='ltr'>οὗ</span> <span class='ocrx_word' id='word_1_256' title='bbox 1614 1884 1707 1936; x_wconf 77' lang='grc' dir='ltr'><strong>καὶ</strong></span> <span class='ocrx_word' id='word_1_257' title='bbox 1736 1901 1868 1951; x_wconf 81' lang='grc' dir='ltr'>συγ-</span> 
     </span>
    </p>
   </div>
   <div class='ocr_carea' id='block_1_37' title="bbox 287 1971 1869 2044">
    <p class='ocr_par' dir='ltr' id='par_1_37' title="bbox 287 1971 1869 2044">
     <span class='ocr_line' id='line_1_37' title="bbox 287 1971 1869 2044; baseline 0 -17"><span class='ocrx_word' id='word_1_258' title='bbox 287 1976 423 2044; x_wconf 80' lang='grc' dir='ltr'>γενῆ</span> <span class='ocrx_word' id='word_1_259' title='bbox 454 1974 651 2028; x_wconf 76' lang='grc' dir='ltr'>ἑαυτὸν</span> <span class='ocrx_word' id='word_1_260' title='bbox 683 1971 829 2025; x_wconf 83' lang='grc' dir='ltr'>εἶναι</span> <span class='ocrx_word' id='word_1_261' title='bbox 872 1973 1028 2039; x_wconf 74' lang='grc' dir='ltr'>ἔλεγε</span> <span class='ocrx_word' id='word_1_262' title='bbox 1050 1989 1064 2003; x_wconf 88' lang='grc'><strong>·</strong></span> <span class='ocrx_word' id='word_1_263' title='bbox 1099 1974 1357 2037; x_wconf 83' lang='grc' dir='ltr'>διάκονος</span> <span class='ocrx_word' id='word_1_264' title='bbox 1399 1974 1457 2026; x_wconf 76' lang='grc' dir='ltr'>δὲ</span> <span class='ocrx_word' id='word_1_265' title='bbox 1489 1972 1589 2041; x_wconf 83' lang='grc' dir='ltr'>ὢν,</span> <span class='ocrx_word' id='word_1_266' title='bbox 1620 1976 1869 2027; x_wconf 81' lang='grc' dir='ltr'>ταπολλὰ</span> 
     </span>
    </p>
   </div>
   <div class='ocr_carea' id='block_1_38' title="bbox 287 2067 1869 2140">
    <p class='ocr_par' dir='ltr' id='par_1_38' title="bbox 287 2067 1869 2140">
     <span class='ocr_line' id='line_1_38' title="bbox 287 2067 1869 2140; baseline 0.001 -19"><span class='ocrx_word' id='word_1_267' title='bbox 287 2069 368 2140; x_wconf 79' lang='grc' dir='ltr'>τῷ</span> <span class='ocrx_word' id='word_1_268' title='bbox 398 2070 621 2139; x_wconf 86' lang='grc' dir='ltr'>μεγάλῳ</span> <span class='ocrx_word' id='word_1_269' title='bbox 661 2067 885 2139; x_wconf 77' lang='grc' dir='ltr'>Ἰωάννῃ</span> <span class='ocrx_word' id='word_1_270' title='bbox 946 2069 1110 2137; x_wconf 79' lang='grc' dir='ltr'>συνῆν</span> <span class='ocrx_word' id='word_1_271' title='bbox 1139 2067 1241 2139; x_wconf 84' lang='grc' dir='ltr'>τὴν</span> <span class='ocrx_word' id='word_1_272' title='bbox 1283 2069 1705 2122; x_wconf 83' lang='grc' dir='ltr'>Κωνσταντίνου</span> <span class='ocrx_word' id='word_1_273' title='bbox 1743 2073 1869 2122; x_wconf 82' lang='grc' dir='ltr'>ἑπι-</span> 
     </span>
    </p>
   </div>
   <div class='ocr_carea' id='block_1_39' title="bbox 290 2159 1868 2231">
    <p class='ocr_par' dir='ltr' id='par_1_39' title="bbox 290 2159 1868 2231">
     <span class='ocr_line' id='line_1_39' title="bbox 290 2159 1868 2231; baseline -0.001 -18"><span class='ocrx_word' id='word_1_274' title='bbox 290 2163 640 2231; x_wconf 81' lang='grc' dir='ltr'>τροπεύοντι.</span> <span class='ocrx_word' id='word_1_275' title='bbox 672 2160 806 2230; x_wconf 77' lang='grc' dir='ltr'>Περὶ</span> <span class='ocrx_word' id='word_1_276' title='bbox 834 2160 890 2212; x_wconf 79' lang='grc' dir='ltr'>δὲ</span> <span class='ocrx_word' id='word_1_277' title='bbox 938 2159 1136 2228; x_wconf 85' lang='grc' dir='ltr'>λόγους</span> <span class='ocrx_word' id='word_1_278' title='bbox 1168 2160 1367 2221; x_wconf 85' lang='grc' dir='ltr'>πονῶν,</span> <span class='ocrx_word' id='word_1_279' title='bbox 1408 2160 1580 2214; x_wconf 82' lang='grc' dir='ltr'>πολλὰ</span> <span class='ocrx_word' id='word_1_280' title='bbox 1602 2164 1701 2215; x_wconf 71' lang='grc' dir='ltr'><strong>καὶ</strong></span> <span class='ocrx_word' id='word_1_281' title='bbox 1732 2178 1868 2215; x_wconf 71' lang='grc' dir='ltr'><strong>’τισιν⁶</strong></span> 
     </span>
    </p>
   </div>
   <div class='ocr_carea' id='block_1_40' title="bbox 291 2253 1868 2324">
    <p class='ocr_par' dir='ltr' id='par_1_40' title="bbox 291 2253 1868 2324">
     <span class='ocr_line' id='line_1_40' title="bbox 291 2253 1868 2324; baseline 0.001 -18"><span class='ocrx_word' id='word_1_282' title='bbox 291 2257 417 2306; x_wconf 84' lang='grc' dir='ltr'>τοῖα</span> <span class='ocrx_word' id='word_1_283' title='bbox 465 2254 648 2323; x_wconf 82' lang='grc' dir='ltr'>βιδλία</span> <span class='ocrx_word' id='word_1_284' title='bbox 701 2253 831 2321; x_wconf 76' lang='grc' dir='ltr'>περὶ</span> <span class='ocrx_word' id='word_1_285' title='bbox 886 2253 1052 2306; x_wconf 76' lang='grc' dir='ltr'>αὑτὸν</span> <span class='ocrx_word' id='word_1_286' title='bbox 1083 2253 1327 2324; x_wconf 75' lang='grc' dir='ltr'>ἧθροιζε.</span> <span class='ocrx_word' id='word_1_287' title='bbox 1359 2254 1465 2306; x_wconf 80' lang='grc' dir='ltr'><strong>Τὸν</strong></span> <span class='ocrx_word' id='word_1_288' title='bbox 1521 2254 1565 2306; x_wconf 80' lang='grc' dir='ltr'>δ’</span> <span class='ocrx_word' id='word_1_289' title='bbox 1615 2254 1868 2307; x_wconf 68' lang='grc' dir='ltr'>Ἀσιανῖιν</span> 
     </span>
    </p>
   </div>
   <div class='ocr_carea' id='block_1_41' title="bbox 288 2344 1866 2419">
    <p class='ocr_par' dir='ltr' id='par_1_41' title="bbox 288 2344 1866 2419">
     <span class='ocr_line' id='line_1_41' title="bbox 288 2344 1866 2419; baseline -0.003 -17"><span class='ocrx_word' id='word_1_290' title='bbox 288 2348 627 2419; x_wconf 75' lang='grc' dir='ltr'>χαρακτῆρα</span> <span class='ocrx_word' id='word_1_291' title='bbox 650 2345 922 2415; x_wconf 80' lang='grc' dir='ltr'>ζηλώσας,</span> <span class='ocrx_word' id='word_1_292' title='bbox 957 2344 1130 2397; x_wconf 84' lang='grc' dir='ltr'>πολλά</span> <span class='ocrx_word' id='word_1_293' title='bbox 1166 2348 1498 2416; x_wconf 83' lang='grc' dir='ltr'>συνέγραφε.</span> <span class='ocrx_word' id='word_1_294' title='bbox 1532 2344 1605 2398; x_wconf 81' lang='grc' dir='ltr'>Τὸ</span> <span class='ocrx_word' id='word_1_295' title='bbox 1640 2347 1693 2399; x_wconf 77' lang='grc' dir='ltr'>δὲ</span> <span class='ocrx_word' id='word_1_296' title='bbox 1733 2347 1866 2398; x_wconf 85' lang='grc' dir='ltr'>Ἰου-</span> 
     </span>
    </p>
   </div>
   <div class='ocr_carea' id='block_1_42' title="bbox 286 2436 1867 2509">
    <p class='ocr_par' dir='ltr' id='par_1_42' title="bbox 286 2436 1867 2509">
     <span class='ocr_line' id='line_1_42' title="bbox 286 2436 1867 2509; baseline -0.004 -14"><span class='ocrx_word' id='word_1_297' title='bbox 286 2440 480 2495; x_wconf 79' lang='grc' dir='ltr'>λιανοῦ</span> <span class='ocrx_word' id='word_1_298' title='bbox 512 2443 655 2494; x_wconf 69' lang='grc' dir='ltr'>κατὰ</span> <span class='ocrx_word' id='word_1_299' title='bbox 696 2441 809 2493; x_wconf 80' lang='grc' dir='ltr'><strong>τῶν</strong></span> <span class='ocrx_word' id='word_1_300' title='bbox 845 2440 1011 2509; x_wconf 84' lang='grc' dir='ltr'>ἱερῶν</span> <span class='ocrx_word' id='word_1_301' title='bbox 1042 2438 1266 2509; x_wconf 75' lang='grc' dir='ltr'>βιϐλίων</span> <span class='ocrx_word' id='word_1_302' title='bbox 1309 2436 1703 2502; x_wconf 74' lang='grc' dir='ltr'>ἀνασκευάζων</span> <span class='ocrx_word' id='word_1_303' title='bbox 1729 2442 1867 2502; x_wconf 76' lang='grc' dir='ltr'>σύγ-</span> 
     </span>
    </p>
   </div>
   <div class='ocr_carea' id='block_1_43' title="bbox 286 2529 1868 2603">
    <p class='ocr_par' dir='ltr' id='par_1_43' title="bbox 286 2529 1868 2603">
     <span class='ocr_line' id='line_1_43' title="bbox 286 2529 1868 2603; baseline -0.003 -19"><span class='ocrx_word' id='word_1_304' title='bbox 286 2550 549 2603; x_wconf 87' lang='grc' dir='ltr'>γραμμα,</span> <span class='ocrx_word' id='word_1_305' title='bbox 609 2531 862 2601; x_wconf 70' lang='grc' dir='ltr'>λαμπρὸν</span> <span class='ocrx_word' id='word_1_306' title='bbox 913 2529 1169 2595; x_wconf 72' lang='grc' dir='ltr'>ἐξεδίδου.</span> <span class='ocrx_word' id='word_1_307' title='bbox 1226 2530 1337 2583; x_wconf 66' lang='grc' dir='ltr'><strong>Καὶ</strong></span> <span class='ocrx_word' id='word_1_308' title='bbox 1372 2529 1502 2583; x_wconf 81' lang='grc' dir='ltr'>ἄλλο</span> <span class='ocrx_word' id='word_1_309' title='bbox 1538 2529 1594 2581; x_wconf 81' lang='grc' dir='ltr'>δὲ</span> <span class='ocrx_word' id='word_1_310' title='bbox 1637 2530 1868 2581; x_wconf 82' lang='grc' dir='ltr'>πυκτίόν</span> 
     </span>
    </p>
   </div>
   <div class='ocr_carea' id='block_1_44' title="bbox 290 2622 1863 2694">
    <p class='ocr_par' dir='ltr' id='par_1_44' title="bbox 290 2622 1863 2694">
     <span class='ocr_line' id='line_1_44' title="bbox 290 2622 1863 2694; baseline -0.005 -14"><span class='ocrx_word' id='word_1_311' title='bbox 290 2624 663 2694; x_wconf 84' lang='grc' dir='ltr'>συντεταχὼς,</span> <span class='ocrx_word' id='word_1_312' title='bbox 716 2623 1154 2692; x_wconf 74' lang='grc' dir='ltr'>Χριστιανικὴγ</span> <span class='ocrx_word' id='word_1_313' title='bbox 1208 2624 1489 2689; x_wconf 66' lang='lat' dir='ltr'><strong>(map/ar</strong></span> <span class='ocrx_word' id='word_1_314' title='bbox 1537 2622 1863 2692; x_wconf 80' lang='grc' dir='ltr'><strong>ὠνόμασεν⁹</strong></span> 
     </span>
    </p>
   </div>
   <div class='ocr_carea' id='block_1_45' title="bbox 285 2708 1869 2789">
    <p class='ocr_par' dir='ltr' id='par_1_45' title="bbox 285 2708 1869 2789">
     <span class='ocr_line' id='line_1_45' title="bbox 285 2708 1869 2789; baseline -0.002 -20"><span class='ocrx_word' id='word_1_315' title='bbox 285 2719 360 2789; x_wconf 72' lang='grc' dir='ltr'>ἢν</span> <span class='ocrx_word' id='word_1_316' title='bbox 390 2717 470 2781; x_wconf 84' lang='grc' dir='ltr'><strong>είς</strong></span> <span class='ocrx_word' id='word_1_317' title='bbox 505 2716 564 2780; x_wconf 73' lang='grc' dir='ltr'><strong>ἐξ</strong></span> <span class='ocrx_word' id='word_1_318' title='bbox 610 2718 705 2769; x_wconf 71' lang='grc' dir='ltr'>καὶ</span> <span class='ocrx_word' id='word_1_319' title='bbox 735 2716 1035 2782; x_wconf 86' lang='grc' dir='ltr'>τριάκοντα</span> <span class='ocrx_word' id='word_1_320' title='bbox 1080 2714 1244 2767; x_wconf 87' lang='grc' dir='ltr'>διεῖλε</span> <span class='ocrx_word' id='word_1_321' title='bbox 1274 2712 1479 2784; x_wconf 79' lang='grc' dir='ltr'>βιϐλία,</span> <span class='ocrx_word' id='word_1_322' title='bbox 1528 2708 1602 2765; x_wconf 82' lang='grc' dir='ltr'><strong>ῶν</strong></span> <span class='ocrx_word' id='word_1_323' title='bbox 1633 2714 1869 2766; x_wconf 60' lang='grc' dir='ltr'>ἕκαστον</span> 
     </span>
    </p>
   </div>
   <div class='ocr_carea' id='block_1_46' title="bbox 286 2803 1868 2878">
    <p class='ocr_par' dir='ltr' id='par_1_46' title="bbox 286 2803 1868 2878">
     <span class='ocr_line' id='line_1_46' title="bbox 286 2803 1868 2878; baseline -0.004 -16"><span class='ocrx_word' id='word_1_324' title='bbox 286 2810 495 2878; x_wconf 78' lang='grc' dir='ltr'>τόμους</span> <span class='ocrx_word' id='word_1_325' title='bbox 530 2810 776 2878; x_wconf 77' lang='grc' dir='ltr'>περιεῖχε</span> <span class='ocrx_word' id='word_1_326' title='bbox 815 2807 1048 2869; x_wconf 80' lang='grc' dir='ltr'>πολλούς</span> <span class='ocrx_word' id='word_1_327' title='bbox 1069 2822 1085 2838; x_wconf 76' lang='grc' dir='ltr'><strong>ο</strong></span> <span class='ocrx_word' id='word_1_328' title='bbox 1122 2806 1199 2869; x_wconf 83' lang='grc' dir='ltr'>ὡς</span> <span class='ocrx_word' id='word_1_329' title='bbox 1245 2803 1390 2861; x_wconf 71' lang='grc' dir='ltr'>εἶναι</span> <span class='ocrx_word' id='word_1_330' title='bbox 1421 2807 1632 2868; x_wconf 82' lang='grc' dir='ltr'>πάντας</span> <span class='ocrx_word' id='word_1_331' title='bbox 1663 2804 1868 2874; x_wconf 82' lang='grc' dir='ltr'>χιλίους</span> 
     </span>
    </p>
   </div>
   <div class='ocr_carea' id='block_1_47' title="bbox 289 2897 1866 2977">
    <p class='ocr_par' dir='ltr' id='par_1_47' title="bbox 289 2897 1866 2977">
     <span class='ocr_line' id='line_1_47' title="bbox 289 2897 1866 2977; baseline -0.002 -23"><span class='ocrx_word' id='word_1_332' title='bbox 289 2902 503 2973; x_wconf 75' lang='grc' dir='ltr'>σχεδόν.</span> <span class='ocrx_word' id='word_1_333' title='bbox 528 2900 620 2971; x_wconf 83' lang='grc' dir='ltr'><strong>Τῷ</strong></span> <span class='ocrx_word' id='word_1_334' title='bbox 651 2902 707 2953; x_wconf 79' lang='grc' dir='ltr'>δὲ</span> <span class='ocrx_word' id='word_1_335' title='bbox 736 2898 1093 2977; x_wconf 40' lang='grc' dir='ltr'>τόμῳοὶσάζει</span> <span class='ocrx_word' id='word_1_336' title='bbox 1120 2898 1355 2951; x_wconf 78' lang='grc' dir='ltr'>ἑκάστου</span> <span class='ocrx_word' id='word_1_337' title='bbox 1382 2897 1551 2966; x_wconf 88' lang='grc' dir='ltr'>τόμου</span> <span class='ocrx_word' id='word_1_338' title='bbox 1584 2898 1866 2965; x_wconf 81' lang='grc' dir='ltr'>ὑπόθεσις.</span> 
     </span>
    </p>
   </div>
   <div class='ocr_carea' id='block_1_48' title="bbox 286 2987 1862 3061">
    <p class='ocr_par' dir='ltr' id='par_1_48' title="bbox 286 2987 1862 3061">
     <span class='ocr_line' id='line_1_48' title="bbox 286 2987 1862 3061; baseline -0.006 -12"><span class='ocrx_word' id='word_1_339' title='bbox 286 2994 503 3056; x_wconf 77' lang='grc' dir='ltr'>Πολλὰς</span> <span class='ocrx_word' id='word_1_340' title='bbox 533 2994 590 3045; x_wconf 79' lang='grc' dir='ltr'>δὲ</span> <span class='ocrx_word' id='word_1_341' title='bbox 622 2991 731 3044; x_wconf 85' lang='grc' dir='ltr'><strong>τῶν</strong></span> <span class='ocrx_word' id='word_1_342' title='bbox 779 2991 923 3044; x_wconf 80' lang='grc' dir='ltr'>ὑλῶν</span> <span class='ocrx_word' id='word_1_343' title='bbox 960 2989 1037 3060; x_wconf 82' lang='grc' dir='ltr'>τῷ</span> <span class='ocrx_word' id='word_1_344' title='bbox 1074 2990 1475 3061; x_wconf 84' lang='grc' dir='ltr'>συγγράμματι</span> <span class='ocrx_word' id='word_1_345' title='bbox 1522 2987 1862 3057; x_wconf 75' lang='grc' dir='ltr'>ἐπεισφέρει,</span> 
     </span>
    </p>
   </div>
   <div class='ocr_carea' id='block_1_49' title="bbox 279 3064 1867 3154">
    <p class='ocr_par' dir='ltr' id='par_1_49' title="bbox 279 3081 1867 3154">
     <span class='ocr_line' id='line_1_49' title="bbox 279 3081 1867 3154; baseline -0.003 -14"><span class='ocrx_word' id='word_1_346' title='bbox 279 3088 357 3141; x_wconf 72' lang='grc' dir='ltr'>δι’</span> <span class='ocrx_word' id='word_1_347' title='bbox 382 3081 459 3140; x_wconf 75' lang='grc' dir='ltr'>ὧν</span> <span class='ocrx_word' id='word_1_348' title='bbox 496 3085 768 3139; x_wconf 77' lang='grc' dir='ltr'>δεικνύειν</span> <span class='ocrx_word' id='word_1_349' title='bbox 798 3082 1052 3154; x_wconf 83' lang='grc' dir='ltr'>βούλεται</span> <span class='ocrx_word' id='word_1_350' title='bbox 1088 3084 1375 3153; x_wconf 64' lang='grc' dir='ltr'>ἔμπειρον</span> <span class='ocrx_word' id='word_1_351' title='bbox 1397 3083 1587 3136; x_wconf 80' lang='grc' dir='ltr'>ἑαυτὸν</span> <span class='ocrx_word' id='word_1_352' title='bbox 1611 3084 1725 3136; x_wconf 84' lang='grc' dir='ltr'><strong>τῶν</strong></span> <span class='ocrx_word' id='word_1_353' title='bbox 1748 3082 1867 3136; x_wconf 82' lang='grc' dir='ltr'>Ἐλ-</span> 
     </span>
    </p>
   </div>
   <div class='ocr_carea' id='block_1_50' title="bbox 283 3172 1860 3249">
    <p class='ocr_par' dir='ltr' id='par_1_50' title="bbox 283 3172 1860 3249">
     <span class='ocr_line' id='line_1_50' title="bbox 283 3172 1860 3249; baseline -0.003 -16"><span class='ocrx_word' id='word_1_354' title='bbox 283 3180 530 3249; x_wconf 83' lang='grc' dir='ltr'>ληνικῶν</span> <span class='ocrx_word' id='word_1_355' title='bbox 586 3177 971 3246; x_wconf 77' lang='grc' dir='ltr'>μαθημάτων·</span> <span class='ocrx_word' id='word_1_356' title='bbox 1026 3172 1249 3237; x_wconf 86' lang='grc' dir='ltr'>πυκνῶς</span> <span class='ocrx_word' id='word_1_357' title='bbox 1295 3173 1405 3242; x_wconf 80' lang='grc' dir='ltr'><strong>γάρ</strong></span> <span class='ocrx_word' id='word_1_358' title='bbox 1438 3173 1860 3245; x_wconf 83' lang='grc' dir='ltr'>γεωμετρικῶν,</span> 
     </span>
    </p>
   </div>
   <div class='ocr_carea' id='block_1_51' title="bbox 286 3262 1864 3335">
    <p class='ocr_par' dir='ltr' id='par_1_51' title="bbox 286 3262 1864 3335">
     <span class='ocr_line' id='line_1_51' title="bbox 286 3262 1864 3335; baseline -0.004 -14"><span class='ocrx_word' id='word_1_359' title='bbox 286 3267 575 3333; x_wconf 79' lang='grc' dir='ltr'>μουσικῶν</span> <span class='ocrx_word' id='word_1_360' title='bbox 614 3281 676 3317; x_wconf 84' lang='grc' dir='ltr'><strong>τε</strong></span> <span class='ocrx_word' id='word_1_361' title='bbox 730 3267 825 3317; x_wconf 82' lang='grc' dir='ltr'>καὶ</span> <span class='ocrx_word' id='word_1_362' title='bbox 892 3264 1315 3333; x_wconf 81' lang='grc' dir='ltr'>ἀστρονομικῶν</span> <span class='ocrx_word' id='word_1_363' title='bbox 1371 3262 1752 3335; x_wconf 79' lang='grc' dir='ltr'>θεωρημάτων</span> <span class='ocrx_word' id='word_1_364' title='bbox 1806 3266 1864 3316; x_wconf 76' lang='grc' dir='ltr'>ὲν</span> 
     </span>
    </p>
   </div>
   <div class='ocr_carea' id='block_1_52' title="bbox 284 3355 1884 3433">
    <p class='ocr_par' dir='ltr' id='par_1_52' title="bbox 284 3355 1884 3433">
     <span class='ocr_line' id='line_1_52' title="bbox 284 3355 1884 3433; baseline -0.001 -22"><span class='ocrx_word' id='word_1_365' title='bbox 284 3362 452 3433; x_wconf 77' lang='grc' dir='ltr'>μνείᾳ</span> <span class='ocrx_word' id='word_1_366' title='bbox 475 3357 690 3425; x_wconf 87' lang='grc' dir='ltr'>γίνεται</span> <span class='ocrx_word' id='word_1_367' title='bbox 715 3372 728 3386; x_wconf 90' lang='grc'><strong>·</strong></span> <span class='ocrx_word' id='word_1_368' title='bbox 756 3357 941 3426; x_wconf 82' lang='grc' dir='ltr'>νήσων</span> <span class='ocrx_word' id='word_1_369' title='bbox 964 3370 1022 3407; x_wconf 89' lang='grc' dir='ltr'><strong>τε</strong></span> <span class='ocrx_word' id='word_1_370' title='bbox 1048 3355 1229 3418; x_wconf 77' lang='grc' dir='ltr'>θέσεις</span> <span class='ocrx_word' id='word_1_371' title='bbox 1263 3356 1553 3427; x_wconf 74' lang='grc' dir='ltr'>ὲκφράζει,</span> <span class='ocrx_word' id='word_1_372' title='bbox 1583 3356 1884 3427; x_wconf 73' lang='grc' dir='ltr'>καὶδρὲων·</span> 
     </span>
    </p>
   </div>
   <div class='ocr_carea' id='block_1_53' title="bbox 279 3447 1863 3525">
    <p class='ocr_par' dir='ltr' id='par_1_53' title="bbox 279 3447 1863 3525">
     <span class='ocr_line' id='line_1_53' title="bbox 279 3447 1863 3525; baseline -0.011 -18"><span class='ocrx_word' id='word_1_373' title='bbox 279 3457 383 3507; x_wconf 75' lang='grc' dir='ltr'>καὶ</span> <span class='ocrx_word' id='word_1_374' title='bbox 415 3452 670 3521; x_wconf 75' lang='grc' dir='ltr'>δένδρων,</span> <span class='ocrx_word' id='word_1_375' title='bbox 711 3448 810 3503; x_wconf 76' lang='grc' dir='ltr'>καὶ</span> <span class='ocrx_word' id='word_1_376' title='bbox 843 3447 1047 3511; x_wconf 77' lang='grc' dir='ltr'>ἀλλων,</span> <span class='ocrx_word' id='word_1_377' title='bbox 1083 3448 1159 3515; x_wconf 81' lang='grc' dir='ltr'>μὴ</span> <span class='ocrx_word' id='word_1_378' title='bbox 1192 3449 1591 3518; x_wconf 81' lang='grc' dir='ltr'>προσηκόντων</span> <span class='ocrx_word' id='word_1_379' title='bbox 1614 3447 1693 3519; x_wconf 82' lang='grc' dir='ltr'>τῷ</span> <span class='ocrx_word' id='word_1_380' title='bbox 1720 3465 1863 3525; x_wconf 57' lang='grc' dir='ltr'>προ-</span> 
     </span>
    </p>
   </div>
   <div class='ocr_carea' id='block_1_54' title="bbox 280 3538 1865 3615">
    <p class='ocr_par' dir='ltr' id='par_1_54' title="bbox 280 3538 1865 3615">
     <span class='ocr_line' id='line_1_54' title="bbox 280 3538 1865 3615; baseline -0.007 -15"><span class='ocrx_word' id='word_1_381' title='bbox 280 3544 530 3615; x_wconf 79' lang='grc' dir='ltr'>κειμένῳ</span> <span class='ocrx_word' id='word_1_382' title='bbox 554 3558 570 3576; x_wconf 80' lang='grc' dir='ltr'><strong>ο</strong></span> <span class='ocrx_word' id='word_1_383' title='bbox 607 3541 667 3595; x_wconf 76' lang='grc' dir='ltr'>οὗ</span> <span class='ocrx_word' id='word_1_384' title='bbox 699 3544 861 3611; x_wconf 85' lang='grc' dir='ltr'>χάριν</span> <span class='ocrx_word' id='word_1_385' title='bbox 884 3538 1110 3601; x_wconf 75' lang='grc' dir='ltr'>ἔκλυτος</span> <span class='ocrx_word' id='word_1_386' title='bbox 1143 3538 1295 3609; x_wconf 86' lang='grc' dir='ltr'><strong>αὐτῷ</strong></span> <span class='ocrx_word' id='word_1_387' title='bbox 1327 3539 1422 3591; x_wconf 76' lang='grc' dir='ltr'>καὶ</span> <span class='ocrx_word' id='word_1_388' title='bbox 1464 3538 1643 3608; x_wconf 86' lang='grc' dir='ltr'>χαύνη</span> <span class='ocrx_word' id='word_1_389' title='bbox 1674 3539 1865 3609; x_wconf 83' lang='grc' dir='ltr'>πρόει-</span> 
     </span>
    </p>
   </div>
   <div class='ocr_carea' id='block_1_55' title="bbox 284 3631 1865 3708">
    <p class='ocr_par' dir='ltr' id='par_1_55' title="bbox 284 3631 1865 3708">
     <span class='ocr_line' id='line_1_55' title="bbox 284 3631 1865 3708; baseline -0.004 -16"><span class='ocrx_word' id='word_1_390' title='bbox 284 3656 378 3693; x_wconf 83' lang='grc' dir='ltr'><strong>σιν</strong></span> <span class='ocrx_word' id='word_1_391' title='bbox 423 3640 457 3708; x_wconf 81' lang='grc' dir='ltr'><strong>ἡ</strong></span> <span class='ocrx_word' id='word_1_392' title='bbox 489 3634 872 3707; x_wconf 77' lang='grc' dir='ltr'>πραγματεία.</span> <span class='ocrx_word' id='word_1_393' title='bbox 915 3633 1007 3685; x_wconf 83' lang='grc' dir='ltr'>Διὸ</span> <span class='ocrx_word' id='word_1_394' title='bbox 1044 3633 1140 3684; x_wconf 73' lang='grc' dir='ltr'><strong>καὶ</strong></span> <span class='ocrx_word' id='word_1_395' title='bbox 1188 3631 1426 3694; x_wconf 74' lang='grc' dir='ltr'>ἰδιώταις</span> <span class='ocrx_word' id='word_1_396' title='bbox 1463 3631 1563 3684; x_wconf 76' lang='grc' dir='ltr'><strong>καὶ</strong></span> <span class='ocrx_word' id='word_1_397' title='bbox 1611 3631 1865 3693; x_wconf 80' lang='grc' dir='ltr'>παιδείας</span> 
     </span>
    </p>
   </div>
   <div class='ocr_carea' id='block_1_56' title="bbox 286 3723 1865 3803">
    <p class='ocr_par' dir='ltr' id='par_1_56' title="bbox 286 3723 1865 3803">
     <span class='ocr_line' id='line_1_56' title="bbox 286 3723 1865 3803; baseline -0.004 -20"><span class='ocrx_word' id='word_1_398' title='bbox 286 3727 690 3803; x_wconf 76' lang='grc' dir='ltr'>μετεσχηκόσιν</span> <span class='ocrx_word' id='word_1_399' title='bbox 712 3728 933 3796; x_wconf 70' lang='grc' dir='ltr'>ἀχρεῖον</span> <span class='ocrx_word' id='word_1_400' title='bbox 950 3723 1188 3778; x_wconf 79' lang='grc' dir='ltr'>καθίστα</span> <span class='ocrx_word' id='word_1_401' title='bbox 1205 3724 1267 3777; x_wconf 75' lang='grc' dir='ltr'>τὸ</span> <span class='ocrx_word' id='word_1_402' title='bbox 1288 3724 1654 3795; x_wconf 52' lang='grc' dir='ltr'>σύγγραμμας</span> <span class='ocrx_word' id='word_1_403' title='bbox 1680 3726 1742 3779; x_wconf 87' lang='lat' dir='ltr'><strong>Ol</strong></span> <span class='ocrx_word' id='word_1_404' title='bbox 1763 3724 1865 3794; x_wconf 83' lang='grc' dir='ltr'>μὲν</span> 
     </span>
    </p>
   </div>
   <div class='ocr_carea' id='block_1_57' title="bbox 280 3811 1860 3895">
    <p class='ocr_par' dir='ltr' id='par_1_57' title="bbox 280 3811 1860 3895">
     <span class='ocr_line' id='line_1_57' title="bbox 280 3811 1860 3895; baseline -0.004 -19"><span class='ocrx_word' id='word_1_405' title='bbox 280 3826 399 3895; x_wconf 81' lang='grc' dir='ltr'>γὰρ</span> <span class='ocrx_word' id='word_1_406' title='bbox 438 3823 648 3875; x_wconf 83' lang='grc' dir='ltr'>ἰδιῶται</span> <span class='ocrx_word' id='word_1_407' title='bbox 692 3821 755 3873; x_wconf 82' lang='grc' dir='ltr'>τὺ</span> <span class='ocrx_word' id='word_1_408' title='bbox 785 3811 1000 3890; x_wconf 75' lang='grc' dir='ltr'>κομψὸν</span> <span class='ocrx_word' id='word_1_409' title='bbox 1024 3819 1087 3870; x_wconf 82' lang='grc' dir='ltr'>οὐ</span> <span class='ocrx_word' id='word_1_410' title='bbox 1137 3817 1410 3888; x_wconf 83' lang='grc' dir='ltr'>συνορῶσι</span> <span class='ocrx_word' id='word_1_411' title='bbox 1441 3818 1539 3888; x_wconf 82' lang='grc' dir='ltr'>τῆς</span> <span class='ocrx_word' id='word_1_412' title='bbox 1568 3818 1822 3887; x_wconf 79' lang='grc' dir='ltr'>φράσεως</span> <span class='ocrx_word' id='word_1_413' title='bbox 1846 3833 1860 3848; x_wconf 71' lang='grc'><strong><em>⁸</em></strong></span> 
     </span>
    </p>
   </div>
   <div class='ocr_carea' id='block_1_58' title="bbox 278 3910 1866 3983">
    <p class='ocr_par' dir='ltr' id='par_1_58' title="bbox 278 3910 1866 3983">
     <span class='ocr_line' id='line_1_58' title="bbox 278 3910 1866 3983; baseline -0.003 -13"><span class='ocrx_word' id='word_1_414' title='bbox 278 3919 337 3970; x_wconf 77' lang='grc' dir='ltr'><strong>οἱ</strong></span> <span class='ocrx_word' id='word_1_415' title='bbox 377 3917 435 3970; x_wconf 68' lang='grc' dir='ltr'>δὲ</span> <span class='ocrx_word' id='word_1_416' title='bbox 481 3914 731 3975; x_wconf 81' lang='grc' dir='ltr'>παιδείας</span> <span class='ocrx_word' id='word_1_417' title='bbox 810 3912 1215 3983; x_wconf 74' lang='grc' dir='ltr'>μετεσχηκότες</span> <span class='ocrx_word' id='word_1_418' title='bbox 1276 3912 1338 3964; x_wconf 81' lang='grc' dir='ltr'><strong>τὸ</strong></span> <span class='ocrx_word' id='word_1_419' title='bbox 1381 3910 1734 3980; x_wconf 80' lang='grc' dir='ltr'>ταυτολογεῖν</span> <span class='ocrx_word' id='word_1_420' title='bbox 1767 3910 1866 3965; x_wconf 76' lang='grc' dir='ltr'><strong>καὶ</strong></span> 
     </span>
    </p>
   </div>
   <div class='ocr_carea' id='block_1_59' title="bbox 279 4002 1866 4078">
    <p class='ocr_par' dir='ltr' id='par_1_59' title="bbox 279 4002 1866 4078">
     <span class='ocr_line' id='line_1_59' title="bbox 279 4002 1866 4078; baseline -0.005 -14"><span class='ocrx_word' id='word_1_421' title='bbox 279 4014 500 4078; x_wconf 83' lang='grc' dir='ltr'>ἄκαιρα</span> <span class='ocrx_word' id='word_1_422' title='bbox 533 4007 879 4078; x_wconf 83' lang='grc' dir='ltr'>συγγράφειν</span> <span class='ocrx_word' id='word_1_423' title='bbox 910 4008 968 4059; x_wconf 73' lang='grc' dir='ltr'>ἐν</span> <span class='ocrx_word' id='word_1_424' title='bbox 993 4005 1203 4075; x_wconf 77' lang='grc' dir='ltr'>μέμψει</span> <span class='ocrx_word' id='word_1_425' title='bbox 1226 4003 1494 4057; x_wconf 82' lang='grc' dir='ltr'>τίθενται.</span> <span class='ocrx_word' id='word_1_426' title='bbox 1540 4002 1706 4056; x_wconf 81' lang='grc' dir='ltr'>Ἀλλὰ</span> <span class='ocrx_word' id='word_1_427' title='bbox 1732 4004 1866 4073; x_wconf 76' lang='grc' dir='ltr'>περὶ</span> 
     </span>
    </p>
   </div>
   <div class='ocr_carea' id='block_1_60' title="bbox 285 4096 1861 4174">
    <p class='ocr_par' dir='ltr' id='par_1_60' title="bbox 285 4096 1861 4174">
     <span class='ocr_line' id='line_1_60' title="bbox 285 4096 1861 4174; baseline -0.005 -17"><span class='ocrx_word' id='word_1_428' title='bbox 285 4106 394 4174; x_wconf 81' lang='grc' dir='ltr'><strong>μὲν</strong></span> <span class='ocrx_word' id='word_1_429' title='bbox 428 4104 654 4155; x_wconf 73' lang='grc' dir='ltr'>ἐκείνων</span> <span class='ocrx_word' id='word_1_430' title='bbox 705 4103 782 4163; x_wconf 80' lang='grc' dir='ltr'>ὡς</span> <span class='ocrx_word' id='word_1_431' title='bbox 834 4098 1054 4169; x_wconf 77' lang='grc' dir='ltr'>ἑκάστῳ</span> <span class='ocrx_word' id='word_1_432' title='bbox 1105 4096 1367 4170; x_wconf 80' lang='grc' dir='ltr'>βούλησις</span> <span class='ocrx_word' id='word_1_433' title='bbox 1417 4097 1598 4163; x_wconf 77' lang='grc' dir='ltr'>ἔσται,</span> <span class='ocrx_word' id='word_1_434' title='bbox 1643 4099 1861 4168; x_wconf 72' lang='grc' dir='ltr'>κρινεί’</span> 
     </span>
    </p>
   </div>
   <div class='ocr_carea' id='block_1_61' title="bbox 282 4189 1863 4266">
    <p class='ocr_par' dir='ltr' id='par_1_61' title="bbox 282 4189 1863 4266">
     <span class='ocr_line' id='line_1_61' title="bbox 282 4189 1863 4266; baseline -0.004 -18"><span class='ocrx_word' id='word_1_435' title='bbox 282 4197 511 4266; x_wconf 82' lang='grc' dir='ltr'>συγχὲει</span> <span class='ocrx_word' id='word_1_436' title='bbox 563 4195 618 4247; x_wconf 88' lang='grc' dir='ltr'>δὲ</span> <span class='ocrx_word' id='word_1_437' title='bbox 679 4194 806 4255; x_wconf 81' lang='grc' dir='ltr'>τοὺς</span> <span class='ocrx_word' id='word_1_438' title='bbox 859 4193 1084 4264; x_wconf 86' lang='grc' dir='ltr'>χρόνους</span> <span class='ocrx_word' id='word_1_439' title='bbox 1137 4190 1237 4261; x_wconf 81' lang='grc' dir='ltr'>τῆς</span> <span class='ocrx_word' id='word_1_440' title='bbox 1281 4192 1568 4261; x_wconf 76' lang='grc' dir='ltr'>ἱστορίαςο</span> <span class='ocrx_word' id='word_1_441' title='bbox 1604 4190 1702 4260; x_wconf 84' lang='grc' dir='ltr'>τῆς</span> <span class='ocrx_word' id='word_1_442' title='bbox 1754 4189 1863 4259; x_wconf 85' lang='grc' dir='ltr'>γὰρ</span> 
     </span>
    </p>
   </div>
   <div class='ocr_carea' id='block_1_62' title="bbox 278 4278 1866 4353">
    <p class='ocr_par' dir='ltr' id='par_1_62' title="bbox 278 4278 1866 4353">
     <span class='ocr_line' id='line_1_62' title="bbox 278 4278 1866 4353; baseline -0.006 -12"><span class='ocrx_word' id='word_1_443' title='bbox 278 4286 570 4341; x_wconf 75' lang='grc' dir='ltr'>θεοδοσίου</span> <span class='ocrx_word' id='word_1_444' title='bbox 611 4284 892 4353; x_wconf 81' lang='grc' dir='ltr'>βασιλείας</span> <span class='ocrx_word' id='word_1_445' title='bbox 946 4285 1026 4345; x_wconf 80' lang='grc' dir='ltr'><strong>είς</strong></span> <span class='ocrx_word' id='word_1_446' title='bbox 1067 4283 1294 4352; x_wconf 79' lang='grc' dir='ltr'>μνήμην</span> <span class='ocrx_word' id='word_1_447' title='bbox 1328 4280 1649 4350; x_wconf 83' lang='grc' dir='ltr'>γενόμενος,</span> <span class='ocrx_word' id='word_1_448' title='bbox 1707 4278 1866 4342; x_wconf 77' lang='grc' dir='ltr'>αὖθις</span> 
     </span>
    </p>
   </div>
   <div class='ocr_carea' id='block_1_63' title="bbox 278 4369 1868 4439">
    <p class='ocr_par' dir='ltr' id='par_1_63' title="bbox 278 4369 1868 4439">
     <span class='ocr_line' id='line_1_63' title="bbox 278 4369 1868 4439; baseline -0.005 -11"><span class='ocrx_word' id='word_1_449' title='bbox 278 4379 358 4433; x_wconf 79' lang='grc' dir='ltr'>τὰ</span> <span class='ocrx_word' id='word_1_450' title='bbox 388 4379 531 4430; x_wconf 69' lang='grc' dir='ltr'>κατὰ</span> <span class='ocrx_word' id='word_1_451' title='bbox 554 4376 641 4426; x_wconf 76' lang='grc' dir='ltr'><strong>τὸν</strong></span> <span class='ocrx_word' id='word_1_452' title='bbox 669 4373 839 4426; x_wconf 71' lang='grc' dir='ltr'>πολῦν</span> <span class='ocrx_word' id='word_1_453' title='bbox 860 4371 1180 4425; x_wconf 79' lang='grc' dir='ltr'>Ἀθανάσιον</span> <span class='ocrx_word' id='word_1_454' title='bbox 1214 4371 1396 4423; x_wconf 72' lang='grc' dir='ltr'>ὀπίσω</span> <span class='ocrx_word' id='word_1_455' title='bbox 1424 4370 1723 4438; x_wconf 86' lang='grc' dir='ltr'>γενόμενος</span> <span class='ocrx_word' id='word_1_456' title='bbox 1752 4369 1868 4439; x_wconf 86' lang='grc' dir='ltr'>διη-</span> 
     </span>
    </p>
   </div>
   <div class='ocr_carea' id='block_1_64' title="bbox 1973 1881 3551 1955">
    <p class='ocr_par' dir='ltr' id='par_1_64' title="bbox 1973 1881 3551 1955">
     <span class='ocr_line' id='line_1_64' title="bbox 1973 1881 3551 1955; baseline 0.004 -19"><span class='ocrx_word' id='word_1_457' title='bbox 1973 1883 2077 1941; x_wconf 87' lang='lat' dir='ltr'><strong>iste</strong></span> <span class='ocrx_word' id='word_1_458' title='bbox 2106 1881 2249 1937; x_wconf 69' lang='lat' dir='ltr'><strong>Sida:</strong></span> <span class='ocrx_word' id='word_1_459' title='bbox 2282 1884 2336 1936; x_wconf 85' lang='lat' dir='ltr'><strong>in</strong></span> <span class='ocrx_word' id='word_1_460' title='bbox 2381 1884 2702 1955; x_wconf 85' lang='lat' dir='ltr'><strong>Pamphylia</strong></span> <span class='ocrx_word' id='word_1_461' title='bbox 2734 1894 2894 1939; x_wconf 89' lang='lat' dir='ltr'><strong>ortus</strong></span> <span class='ocrx_word' id='word_1_462' title='bbox 2928 1896 3035 1950; x_wconf 86' lang='lat' dir='ltr'><strong>est,</strong></span> <span class='ocrx_word' id='word_1_463' title='bbox 3070 1887 3216 1941; x_wconf 92' lang='lat' dir='ltr'><strong>unde</strong></span> <span class='ocrx_word' id='word_1_464' title='bbox 3264 1888 3429 1944; x_wconf 88' lang='lat' dir='ltr'><strong>etiam</strong></span> <span class='ocrx_word' id='word_1_465' title='bbox 3458 1903 3551 1942; x_wconf 79' lang='lat' dir='ltr'><strong>so—</strong></span> 
     </span>
    </p>
   </div>
   <div class='ocr_carea' id='block_1_65' title="bbox 1970 1973 3548 2048">
    <p class='ocr_par' dir='ltr' id='par_1_65' title="bbox 1970 1973 3548 2048">
     <span class='ocr_line' id='line_1_65' title="bbox 1970 1973 3548 2048; baseline 0.002 -20"><span class='ocrx_word' id='word_1_466' title='bbox 1970 1974 2152 2043; x_wconf 89' lang='lat' dir='ltr'><strong>phista</strong></span> <span class='ocrx_word' id='word_1_467' title='bbox 2182 1973 2407 2029; x_wconf 80' lang='lat' dir='ltr'><strong>Troilus</strong></span> <span class='ocrx_word' id='word_1_468' title='bbox 2443 1993 2618 2046; x_wconf 78' lang='lat' dir='ltr'><strong>genus</strong></span> <span class='ocrx_word' id='word_1_469' title='bbox 2662 1976 2842 2041; x_wconf 84' lang='lat' dir='ltr'><strong>duxit,</strong></span> <span class='ocrx_word' id='word_1_470' title='bbox 2893 1979 3125 2048; x_wconf 83' lang='lat' dir='ltr'><strong>ejusque</strong></span> <span class='ocrx_word' id='word_1_471' title='bbox 3157 1978 3300 2034; x_wconf 90' lang='lat' dir='ltr'><strong>adeo</strong></span> <span class='ocrx_word' id='word_1_472' title='bbox 3339 1995 3548 2048; x_wconf 80' lang='lat' dir='ltr'><strong>cogna-</strong></span> 
     </span>
    </p>
   </div>
   <div class='ocr_carea' id='block_1_66' title="bbox 1972 2067 3549 2137">
    <p class='ocr_par' dir='ltr' id='par_1_66' title="bbox 1972 2067 3549 2137">
     <span class='ocr_line' id='line_1_66' title="bbox 1972 2067 3549 2137; baseline 0.007 -19"><span class='ocrx_word' id='word_1_473' title='bbox 1972 2076 2088 2119; x_wconf 86' lang='lat' dir='ltr'><strong>tum</strong></span> <span class='ocrx_word' id='word_1_474' title='bbox 2117 2081 2177 2121; x_wconf 88' lang='lat' dir='ltr'><strong>se</strong></span> <span class='ocrx_word' id='word_1_475' title='bbox 2207 2067 2497 2137; x_wconf 85' lang='lat' dir='ltr'><strong>Philippus</strong></span> <span class='ocrx_word' id='word_1_476' title='bbox 2538 2084 2659 2123; x_wconf 86' lang='lat' dir='ltr'><strong>esse</strong></span> <span class='ocrx_word' id='word_1_477' title='bbox 2704 2069 2864 2123; x_wconf 81' lang='lat' dir='ltr'><strong>dixit.</strong></span> <span class='ocrx_word' id='word_1_478' title='bbox 2905 2070 3180 2125; x_wconf 89' lang='lat' dir='ltr'><strong>Diaconus</strong></span> <span class='ocrx_word' id='word_1_479' title='bbox 3214 2085 3338 2124; x_wconf 90' lang='lat' dir='ltr'><strong>cum</strong></span> <span class='ocrx_word' id='word_1_480' title='bbox 3376 2080 3549 2129; x_wconf 83' lang='lat' dir='ltr'><strong>esset.</strong></span> 
     </span>
    </p>
   </div>
   <div class='ocr_carea' id='block_1_67' title="bbox 1969 2162 3550 2235">
    <p class='ocr_par' dir='ltr' id='par_1_67' title="bbox 1969 2162 3550 2235">
     <span class='ocr_line' id='line_1_67' title="bbox 1969 2162 3550 2235; baseline 0.004 -21"><span class='ocrx_word' id='word_1_481' title='bbox 1969 2175 2094 2214; x_wconf 90' lang='lat' dir='ltr'><strong>cum</strong></span> <span class='ocrx_word' id='word_1_482' title='bbox 2128 2168 2325 2232; x_wconf 80' lang='lat' dir='ltr'><strong>magno</strong></span> <span class='ocrx_word' id='word_1_483' title='bbox 2369 2162 2580 2217; x_wconf 87' lang='lat' dir='ltr'><strong>Joanne</strong></span> <span class='ocrx_word' id='word_1_484' title='bbox 2633 2163 3012 2231; x_wconf 88' lang='lat' dir='ltr'><strong>episc0patum</strong></span> <span class='ocrx_word' id='word_1_485' title='bbox 3062 2166 3550 2235; x_wconf 72' lang='lat' dir='ltr'><strong>Constantinopoli</strong></span> 
     </span>
    </p>
   </div>
   <div class='ocr_carea' id='block_1_68' title="bbox 1969 2254 3551 2321">
    <p class='ocr_par' dir='ltr' id='par_1_68' title="bbox 1969 2254 3551 2321">
     <span class='ocr_line' id='line_1_68' title="bbox 1969 2254 3551 2321; baseline 0.004 -17"><span class='ocrx_word' id='word_1_486' title='bbox 1969 2262 2232 2320; x_wconf 80' lang='lat' dir='ltr'><strong>gerente,</strong></span> <span class='ocrx_word' id='word_1_487' title='bbox 2293 2254 2526 2308; x_wconf 90' lang='lat' dir='ltr'><strong>multum</strong></span> <span class='ocrx_word' id='word_1_488' title='bbox 2578 2254 2702 2309; x_wconf 78' lang='lat' dir='ltr'><strong>fuit.</strong></span> <span class='ocrx_word' id='word_1_489' title='bbox 2751 2255 2909 2321; x_wconf 87' lang='lat' dir='ltr'><strong>Quod</strong></span> <span class='ocrx_word' id='word_1_490' title='bbox 2972 2273 3104 2312; x_wconf 89' lang='lat' dir='ltr'><strong>vero</strong></span> <span class='ocrx_word' id='word_1_491' title='bbox 3151 2257 3206 2312; x_wconf 92' lang='lat' dir='ltr'><strong>in</strong></span> <span class='ocrx_word' id='word_1_492' title='bbox 3250 2258 3551 2313; x_wconf 85' lang='lat' dir='ltr'><strong>scribendo</strong></span> 
     </span>
    </p>
   </div>
   <div class='ocr_carea' id='block_1_69' title="bbox 1969 2343 3550 2420">
    <p class='ocr_par' dir='ltr' id='par_1_69' title="bbox 1969 2343 3550 2420">
     <span class='ocr_line' id='line_1_69' title="bbox 1969 2343 3550 2420; baseline 0.006 -24"><span class='ocrx_word' id='word_1_493' title='bbox 1969 2343 2303 2407; x_wconf 87' lang='lat' dir='ltr'><strong>elaboraret,</strong></span> <span class='ocrx_word' id='word_1_494' title='bbox 2338 2345 2542 2400; x_wconf 92' lang='lat' dir='ltr'><strong>multos</strong></span> <span class='ocrx_word' id='word_1_495' title='bbox 2574 2356 2631 2401; x_wconf 90' lang='lat' dir='ltr'><strong>et</strong></span> <span class='ocrx_word' id='word_1_496' title='bbox 2660 2349 2849 2401; x_wconf 86' lang='lat' dir='ltr'><strong>varios</strong></span> <span class='ocrx_word' id='word_1_497' title='bbox 2891 2350 3113 2420; x_wconf 79' lang='lat' dir='ltr'><strong>collegit</strong></span> <span class='ocrx_word' id='word_1_498' title='bbox 3148 2349 3344 2405; x_wconf 89' lang='lat' dir='ltr'><strong>libros.</strong></span> <span class='ocrx_word' id='word_1_499' title='bbox 3384 2351 3550 2405; x_wconf 79' lang='lat' dir='ltr'><strong>Multa</strong></span> 
     </span>
    </p>
   </div>
   <div class='ocr_carea' id='block_1_70' title="bbox 1968 2436 3549 2514">
    <p class='ocr_par' dir='ltr' id='par_1_70' title="bbox 1968 2436 3549 2514">
     <span class='ocr_line' id='line_1_70' title="bbox 1968 2436 3549 2514; baseline 0.004 -23"><span class='ocrx_word' id='word_1_500' title='bbox 1968 2436 2157 2500; x_wconf 86' lang='lat' dir='ltr'><strong>etiam,</strong></span> <span class='ocrx_word' id='word_1_501' title='bbox 2190 2436 2454 2490; x_wconf 77' lang='lat' dir='ltr'><strong>Asianum</strong></span> <span class='ocrx_word' id='word_1_502' title='bbox 2486 2438 2753 2493; x_wconf 70' lang='lat' dir='ltr'><strong>affectans</strong></span> <span class='ocrx_word' id='word_1_503' title='bbox 2789 2440 3007 2496; x_wconf 90' lang='lat' dir='ltr'><strong>dicendi</strong></span> <span class='ocrx_word' id='word_1_504' title='bbox 3033 2458 3225 2512; x_wconf 80' lang='lat' dir='ltr'><strong>genus,</strong></span> <span class='ocrx_word' id='word_1_505' title='bbox 3261 2445 3549 2514; x_wconf 87' lang='lat' dir='ltr'><strong>conscrip-</strong></span> 
     </span>
    </p>
   </div>
   <div class='ocr_carea' id='block_1_71' title="bbox 1970 2526 3547 2604">
    <p class='ocr_par' dir='ltr' id='par_1_71' title="bbox 1970 2526 3547 2604">
     <span class='ocr_line' id='line_1_71' title="bbox 1970 2526 3547 2604; baseline 0.007 -24"><span class='ocrx_word' id='word_1_506' title='bbox 1970 2527 2065 2581; x_wconf 86' lang='lat' dir='ltr'><strong>sit.</strong></span> <span class='ocrx_word' id='word_1_507' title='bbox 2114 2528 2266 2597; x_wconf 91' lang='lat' dir='ltr'><strong>Opus</strong></span> <span class='ocrx_word' id='word_1_508' title='bbox 2295 2543 2429 2583; x_wconf 86' lang='lat' dir='ltr'><strong>vero</strong></span> <span class='ocrx_word' id='word_1_509' title='bbox 2467 2526 2843 2601; x_wconf 78' lang='lat' dir='ltr'><strong>magniﬁcum,</strong></span> <span class='ocrx_word' id='word_1_510' title='bbox 2880 2534 2933 2587; x_wconf 90' lang='lat' dir='ltr'><strong>in</strong></span> <span class='ocrx_word' id='word_1_511' title='bbox 2968 2550 3078 2604; x_wconf 89' lang='lat' dir='ltr'><strong>quo</strong></span> <span class='ocrx_word' id='word_1_512' title='bbox 3112 2534 3314 2589; x_wconf 72' lang='lat' dir='ltr'><strong>Iuliani</strong></span> <span class='ocrx_word' id='word_1_513' title='bbox 3352 2546 3547 2591; x_wconf 86' lang='lat' dir='ltr'><strong>contra</strong></span> 
     </span>
    </p>
   </div>
   <div class='ocr_carea' id='block_1_72' title="bbox 1970 2618 3549 2698">
    <p class='ocr_par' dir='ltr' id='par_1_72' title="bbox 1970 2618 3549 2698">
     <span class='ocr_line' id='line_1_72' title="bbox 1970 2618 3549 2698; baseline 0.006 -26"><span class='ocrx_word' id='word_1_514' title='bbox 1970 2633 2123 2673; x_wconf 86' lang='lat' dir='ltr'><strong>sacra</strong></span> <span class='ocrx_word' id='word_1_515' title='bbox 2149 2618 2325 2673; x_wconf 86' lang='lat' dir='ltr'><strong>Biblia</strong></span> <span class='ocrx_word' id='word_1_516' title='bbox 2358 2620 2628 2691; x_wconf 80' lang='lat' dir='ltr'><strong>scriptum</strong></span> <span class='ocrx_word' id='word_1_517' title='bbox 2668 2625 2890 2689; x_wconf 86' lang='lat' dir='ltr'><strong>evertit,</strong></span> <span class='ocrx_word' id='word_1_518' title='bbox 2928 2625 3172 2695; x_wconf 89' lang='lat' dir='ltr'><strong>reliquit.</strong></span> <span class='ocrx_word' id='word_1_519' title='bbox 3215 2627 3377 2683; x_wconf 85' lang='lat' dir='ltr'><strong>Aliud</strong></span> <span class='ocrx_word' id='word_1_520' title='bbox 3406 2644 3549 2698; x_wconf 84' lang='lat' dir='ltr'><strong>quo-</strong></span> 
     </span>
    </p>
   </div>
   <div class='ocr_carea' id='block_1_73' title="bbox 1970 2710 3551 2782">
    <p class='ocr_par' dir='ltr' id='par_1_73' title="bbox 1970 2710 3551 2782">
     <span class='ocr_line' id='line_1_73' title="bbox 1970 2710 3551 2782; baseline 0.006 -19"><span class='ocrx_word' id='word_1_521' title='bbox 1970 2725 2076 2779; x_wconf 91' lang='lat' dir='ltr'><strong>que</strong></span> <span class='ocrx_word' id='word_1_522' title='bbox 2102 2710 2363 2765; x_wconf 80' lang='lat' dir='ltr'><strong>volumen</strong></span> <span class='ocrx_word' id='word_1_523' title='bbox 2410 2714 2742 2781; x_wconf 85' lang='lat' dir='ltr'><strong>composuit,</strong></span> <span class='ocrx_word' id='word_1_524' title='bbox 2789 2717 2936 2782; x_wconf 91' lang='lat' dir='ltr'><strong>quod</strong></span> <span class='ocrx_word' id='word_1_525' title='bbox 2971 2713 3330 2772; x_wconf 80' lang='lat' dir='ltr'><strong>Christianam</strong></span> <span class='ocrx_word' id='word_1_526' title='bbox 3366 2719 3551 2774; x_wconf 78' lang='grc' dir='ltr'>Πὶειο-</span> 
     </span>
    </p>
   </div>
   <div class='ocr_carea' id='block_1_74' title="bbox 1970 2802 3546 2877">
    <p class='ocr_par' dir='ltr' id='par_1_74' title="bbox 1970 2802 3546 2877">
     <span class='ocr_line' id='line_1_74' title="bbox 1970 2802 3546 2877; baseline 0.005 -21"><span class='ocrx_word' id='word_1_527' title='bbox 1970 2804 2109 2857; x_wconf 84' lang='lat' dir='ltr'><strong>riam</strong></span> <span class='ocrx_word' id='word_1_528' title='bbox 2154 2802 2487 2858; x_wconf 80' lang='lat' dir='ltr'><strong>nominavit.</strong></span> <span class='ocrx_word' id='word_1_529' title='bbox 2527 2803 2587 2858; x_wconf 88' lang='lat' dir='ltr'><strong>ln</strong></span> <span class='ocrx_word' id='word_1_530' title='bbox 2633 2820 2701 2859; x_wconf 94' lang='lat' dir='ltr'><strong>eo</strong></span> <span class='ocrx_word' id='word_1_531' title='bbox 2750 2806 2969 2877; x_wconf 81' lang='lat' dir='ltr'><strong>triginta</strong></span> <span class='ocrx_word' id='word_1_532' title='bbox 3006 2818 3062 2863; x_wconf 89' lang='lat' dir='ltr'><strong>et</strong></span> <span class='ocrx_word' id='word_1_533' title='bbox 3099 2824 3194 2864; x_wconf 88' lang='lat' dir='ltr'><strong>sex</strong></span> <span class='ocrx_word' id='word_1_534' title='bbox 3230 2809 3355 2864; x_wconf 89' lang='lat' dir='ltr'><strong>libri</strong></span> <span class='ocrx_word' id='word_1_535' title='bbox 3391 2818 3546 2872; x_wconf 90' lang='lat' dir='ltr'><strong>sunt,</strong></span> 
     </span>
    </p>
   </div>
   <div class='ocr_carea' id='block_1_75' title="bbox 1969 2880 3546 2977">
    <p class='ocr_par' dir='ltr' id='par_1_75' title="bbox 1969 2880 3546 2977">
     <span class='ocr_line' id='line_1_75' title="bbox 1969 2880 3546 2977; baseline 0.006 -30"><span class='ocrx_word' id='word_1_536' title='bbox 1969 2908 2205 2964; x_wconf 90' lang='lat' dir='ltr'><strong>quorum</strong></span> <span class='ocrx_word' id='word_1_537' title='bbox 2257 2880 2493 2965; x_wconf 88' lang='lat' dir='ltr'><strong>quisque</strong></span> <span class='ocrx_word' id='word_1_538' title='bbox 2544 2904 2725 2951; x_wconf 86' lang='lat' dir='ltr'><strong>tomos</strong></span> <span class='ocrx_word' id='word_1_539' title='bbox 2773 2886 2960 2977; x_wconf 46' lang='lat' dir='ltr'><strong>plures</strong></span> <span class='ocrx_word' id='word_1_540' title='bbox 3013 2901 3180 2956; x_wconf 86' lang='lat' dir='ltr'><strong>habet</strong></span> <span class='ocrx_word' id='word_1_541' title='bbox 3223 2922 3236 2956; x_wconf 93' lang='lat'>:</span> <span class='ocrx_word' id='word_1_542' title='bbox 3294 2903 3429 2957; x_wconf 86' lang='lat' dir='ltr'><strong>adeo</strong></span> <span class='ocrx_word' id='word_1_543' title='bbox 3483 2898 3546 2957; x_wconf 62' lang='lat' dir='ltr'><strong>u&#39;t</strong></span> 
     </span>
    </p>
   </div>
   <div class='ocr_carea' id='block_1_76' title="bbox 1969 2986 3547 3069">
    <p class='ocr_par' dir='ltr' id='par_1_76' title="bbox 1969 2986 3547 3069">
     <span class='ocr_line' id='line_1_76' title="bbox 1969 2986 3547 3069; baseline 0.008 -30"><span class='ocrx_word' id='word_1_544' title='bbox 1969 3000 2162 3041; x_wconf 90' lang='lat' dir='ltr'><strong>omnes</strong></span> <span class='ocrx_word' id='word_1_545' title='bbox 2189 2986 2255 3041; x_wconf 91' lang='lat' dir='ltr'><strong>ad</strong></span> <span class='ocrx_word' id='word_1_546' title='bbox 2291 2987 2663 3043; x_wconf 87' lang='lat' dir='ltr'><strong>millenarium</strong></span> <span class='ocrx_word' id='word_1_547' title='bbox 2712 2989 2827 3046; x_wconf 84' lang='lat' dir='ltr'><strong>lere</strong></span> <span class='ocrx_word' id='word_1_548' title='bbox 2879 3009 3171 3048; x_wconf 88' lang='lat' dir='ltr'><strong>numerum</strong></span> <span class='ocrx_word' id='word_1_549' title='bbox 3209 2997 3547 3069; x_wconf 83' lang='lat' dir='ltr'><strong>pertingant,</strong></span> 
     </span>
    </p>
   </div>
   <div class='ocr_carea' id='block_1_77' title="bbox 1968 3079 3547 3157">
    <p class='ocr_par' dir='ltr' id='par_1_77' title="bbox 1968 3079 3547 3157">
     <span class='ocr_line' id='line_1_77' title="bbox 1968 3079 3547 3157; baseline 0.008 -24"><span class='ocrx_word' id='word_1_550' title='bbox 1968 3089 2026 3133; x_wconf 90' lang='lat' dir='ltr'><strong>et</strong></span> <span class='ocrx_word' id='word_1_551' title='bbox 2057 3079 2222 3133; x_wconf 82' lang='lat' dir='ltr'><strong>habet</strong></span> <span class='ocrx_word' id='word_1_552' title='bbox 2269 3094 2430 3134; x_wconf 87' lang='lat' dir='ltr'><strong>suum</strong></span> <span class='ocrx_word' id='word_1_553' title='bbox 2467 3090 2651 3137; x_wconf 86' lang='lat' dir='ltr'><strong>tomus</strong></span> <span class='ocrx_word' id='word_1_554' title='bbox 2681 3084 2917 3155; x_wconf 87' lang='lat' dir='ltr'><strong>quisque</strong></span> <span class='ocrx_word' id='word_1_555' title='bbox 2949 3100 3359 3157; x_wconf 73' lang='lat' dir='ltr'><strong>argumentum.</strong></span> <span class='ocrx_word' id='word_1_556' title='bbox 3402 3090 3547 3146; x_wconf 83' lang='lat' dir='ltr'><strong>Mul-</strong></span> 
     </span>
    </p>
   </div>
   <div class='ocr_carea' id='block_1_78' title="bbox 1972 3174 3549 3249">
    <p class='ocr_par' dir='ltr' id='par_1_78' title="bbox 1972 3174 3549 3249">
     <span class='ocr_line' id='line_1_78' title="bbox 1972 3174 3549 3249; baseline 0.009 -22"><span class='ocrx_word' id='word_1_557' title='bbox 1972 3183 2080 3227; x_wconf 86' lang='lat' dir='ltr'><strong>tam</strong></span> <span class='ocrx_word' id='word_1_558' title='bbox 2118 3188 2250 3228; x_wconf 73' lang='grc' dir='ltr'>τοι-ο</span> <span class='ocrx_word' id='word_1_559' title='bbox 2277 3174 2330 3227; x_wconf 92' lang='lat' dir='ltr'><strong>in</strong></span> <span class='ocrx_word' id='word_1_560' title='bbox 2358 3190 2498 3244; x_wconf 91' lang='lat' dir='ltr'><strong>opus</strong></span> <span class='ocrx_word' id='word_1_561' title='bbox 2532 3176 2587 3229; x_wconf 89' lang='lat' dir='ltr'><strong>id</strong></span> <span class='ocrx_word' id='word_1_562' title='bbox 2614 3180 2903 3233; x_wconf 89' lang='lat' dir='ltr'><strong>materiam</strong></span> <span class='ocrx_word' id='word_1_563' title='bbox 2934 3182 3234 3249; x_wconf 81' lang='lat' dir='ltr'><strong>congessit,</strong></span> <span class='ocrx_word' id='word_1_564' title='bbox 3267 3184 3549 3241; x_wconf 84' lang='lat' dir='ltr'><strong>declarare</strong></span> 
     </span>
    </p>
   </div>
   <div class='ocr_carea' id='block_1_79' title="bbox 1968 3263 3548 3345">
    <p class='ocr_par' dir='ltr' id='par_1_79' title="bbox 1968 3263 3548 3345">
     <span class='ocr_line' id='line_1_79' title="bbox 1968 3263 3548 3345; baseline 0.008 -27"><span class='ocrx_word' id='word_1_565' title='bbox 1968 3263 2185 3328; x_wconf 79' lang='lat' dir='ltr'><strong>volens,</strong></span> <span class='ocrx_word' id='word_1_566' title='bbox 2222 3279 2332 3318; x_wconf 91' lang='lat' dir='ltr'><strong>non</strong></span> <span class='ocrx_word' id='word_1_567' title='bbox 2385 3266 2703 3334; x_wconf 90' lang='lat' dir='ltr'><strong>imperitum</strong></span> <span class='ocrx_word' id='word_1_568' title='bbox 2761 3283 2819 3322; x_wconf 88' lang='lat' dir='ltr'><strong>se</strong></span> <span class='ocrx_word' id='word_1_569' title='bbox 2860 3267 3174 3326; x_wconf 68' lang='lat' dir='ltr'><strong>Graacarum</strong></span> <span class='ocrx_word' id='word_1_570' title='bbox 3222 3273 3548 3345; x_wconf 84' lang='lat' dir='ltr'><strong>disciplina-</strong></span> 
     </span>
    </p>
   </div>
   <div class='ocr_carea' id='block_1_80' title="bbox 1970 3354 3544 3433">
    <p class='ocr_par' dir='ltr' id='par_1_80' title="bbox 1970 3354 3544 3433">
     <span class='ocr_line' id='line_1_80' title="bbox 1970 3354 3544 3433; baseline 0.01 -27"><span class='ocrx_word' id='word_1_571' title='bbox 1970 3369 2090 3407; x_wconf 91' lang='lat' dir='ltr'><strong>rum</strong></span> <span class='ocrx_word' id='word_1_572' title='bbox 2158 3369 2302 3409; x_wconf 87' lang='lat' dir='ltr'><strong>esse.</strong></span> <span class='ocrx_word' id='word_1_573' title='bbox 2366 3354 2713 3426; x_wconf 87' lang='lat' dir='ltr'><strong>Frequenter</strong></span> <span class='ocrx_word' id='word_1_574' title='bbox 2775 3374 3016 3431; x_wconf 88' lang='lat' dir='ltr'><strong>namque</strong></span> <span class='ocrx_word' id='word_1_575' title='bbox 3062 3366 3544 3433; x_wconf 80' lang='lat' dir='ltr'><strong>geometricarum,</strong></span> 
     </span>
    </p>
   </div>
   <div class='ocr_carea' id='block_1_81' title="bbox 1967 3446 3546 3513">
    <p class='ocr_par' dir='ltr' id='par_1_81' title="bbox 1967 3446 3546 3513">
     <span class='ocr_line' id='line_1_81' title="bbox 1967 3446 3546 3513; baseline 0.009 -14"><span class='ocrx_word' id='word_1_576' title='bbox 1967 3446 2485 3510; x_wconf 89' lang='lat' dir='ltr'><strong>arithmeticarum.</strong></span> <span class='ocrx_word' id='word_1_577' title='bbox 2544 3451 2880 3505; x_wconf 90' lang='lat' dir='ltr'><strong>musicarum</strong></span> <span class='ocrx_word' id='word_1_578' title='bbox 2939 3462 2994 3507; x_wconf 90' lang='lat' dir='ltr'><strong>et</strong></span> <span class='ocrx_word' id='word_1_579' title='bbox 3044 3458 3546 3513; x_wconf 88' lang='lat' dir='ltr'><strong>astronomicarum</strong></span> 
     </span>
    </p>
   </div>
   <div class='ocr_carea' id='block_1_82' title="bbox 1946 3539 3548 3616">
    <p class='ocr_par' dir='ltr' id='par_1_82' title="bbox 1946 3539 3548 3616">
     <span class='ocr_line' id='line_1_82' title="bbox 1946 3539 3548 3616; baseline 0.009 -29"><span class='ocrx_word' id='word_1_580' title='bbox 1946 3539 2497 3592; x_wconf 35' lang='lat' dir='ltr'><strong>‘commentationum</strong></span> <span class='ocrx_word' id='word_1_581' title='bbox 2553 3542 2891 3596; x_wconf 88' lang='lat' dir='ltr'><strong>mentionem</strong></span> <span class='ocrx_word' id='word_1_582' title='bbox 2954 3543 3109 3597; x_wconf 79' lang='lat' dir='ltr'><strong>facit.</strong></span> <span class='ocrx_word' id='word_1_583' title='bbox 3181 3545 3548 3616; x_wconf 87' lang='lat' dir='ltr'><strong>Prosequitur</strong></span> 
     </span>
    </p>
   </div>
   <div class='ocr_carea' id='block_1_83' title="bbox 1967 3630 3547 3699">
    <p class='ocr_par' dir='ltr' id='par_1_83' title="bbox 1967 3630 3547 3699">
     <span class='ocr_line' id='line_1_83' title="bbox 1967 3630 3547 3699; baseline 0.009 -17"><span class='ocrx_word' id='word_1_584' title='bbox 1967 3644 2188 3699; x_wconf 90' lang='lat' dir='ltr'><strong>quoque</strong></span> <span class='ocrx_word' id='word_1_585' title='bbox 2222 3630 2529 3685; x_wconf 91' lang='lat' dir='ltr'><strong>insularum</strong></span> <span class='ocrx_word' id='word_1_586' title='bbox 2560 3633 2723 3695; x_wconf 87' lang='lat' dir='ltr'><strong>situs.</strong></span> <span class='ocrx_word' id='word_1_587' title='bbox 2760 3644 2817 3688; x_wconf 88' lang='lat' dir='ltr'><strong>et</strong></span> <span class='ocrx_word' id='word_1_588' title='bbox 2854 3635 3145 3690; x_wconf 89' lang='lat' dir='ltr'><strong>montium.</strong></span> <span class='ocrx_word' id='word_1_589' title='bbox 3179 3638 3420 3695; x_wconf 85' lang='lat' dir='ltr'><strong>Arbores</strong></span> <span class='ocrx_word' id='word_1_590' title='bbox 3443 3641 3547 3696; x_wconf 88' lang='lat' dir='ltr'><strong>de-</strong></span> 
     </span>
    </p>
   </div>
   <div class='ocr_carea' id='block_1_84' title="bbox 1967 3722 3548 3799">
    <p class='ocr_par' dir='ltr' id='par_1_84' title="bbox 1967 3722 3548 3799">
     <span class='ocr_line' id='line_1_84' title="bbox 1967 3722 3548 3799; baseline 0.008 -21"><span class='ocrx_word' id='word_1_591' title='bbox 1967 3724 2181 3788; x_wconf 86' lang='lat' dir='ltr'><strong>scribit,</strong></span> <span class='ocrx_word' id='word_1_592' title='bbox 2226 3733 2281 3779; x_wconf 89' lang='lat' dir='ltr'><strong>et</strong></span> <span class='ocrx_word' id='word_1_593' title='bbox 2320 3724 2428 3778; x_wconf 85' lang='lat' dir='ltr'><strong>alia</strong></span> <span class='ocrx_word' id='word_1_594' title='bbox 2474 3722 2748 3794; x_wconf 65' lang='lat' dir='ltr'><strong>quaedam,</strong></span> <span class='ocrx_word' id='word_1_595' title='bbox 2786 3724 2854 3780; x_wconf 87' lang='lat' dir='ltr'><strong>ad</strong></span> <span class='ocrx_word' id='word_1_596' title='bbox 2905 3739 3289 3799; x_wconf 86' lang='lat' dir='ltr'><strong>argumentum</strong></span> <span class='ocrx_word' id='word_1_597' title='bbox 3325 3734 3548 3790; x_wconf 88' lang='lat' dir='ltr'><strong>institu-</strong></span> 
     </span>
    </p>
   </div>
   <div class='ocr_carea' id='block_1_85' title="bbox 1967 3817 3547 3889">
    <p class='ocr_par' dir='ltr' id='par_1_85' title="bbox 1967 3817 3547 3889">
     <span class='ocr_line' id='line_1_85' title="bbox 1967 3817 3547 3889; baseline 0.007 -18"><span class='ocrx_word' id='word_1_598' title='bbox 1967 3826 2085 3871; x_wconf 90' lang='lat' dir='ltr'><strong>tum</strong></span> <span class='ocrx_word' id='word_1_599' title='bbox 2122 3817 2258 3872; x_wconf 89' lang='lat' dir='ltr'><strong>nihil</strong></span> <span class='ocrx_word' id='word_1_600' title='bbox 2296 3817 2651 3887; x_wconf 87' lang='lat' dir='ltr'><strong>pertinentia.</strong></span> <span class='ocrx_word' id='word_1_601' title='bbox 2689 3817 2928 3874; x_wconf 87' lang='lat' dir='ltr'><strong>Proinde</strong></span> <span class='ocrx_word' id='word_1_602' title='bbox 2976 3822 3292 3879; x_wconf 86' lang='lat' dir='ltr'><strong>lucubratio</strong></span> <span class='ocrx_word' id='word_1_603' title='bbox 3325 3842 3410 3889; x_wconf 86' lang='lat' dir='ltr'><strong>ea,</strong></span> <span class='ocrx_word' id='word_1_604' title='bbox 3449 3836 3547 3882; x_wconf 87' lang='lat' dir='ltr'><strong>ut-</strong></span> 
     </span>
    </p>
   </div>
   <div class='ocr_carea' id='block_1_86' title="bbox 1966 3909 3545 3981">
    <p class='ocr_par' dir='ltr' id='par_1_86' title="bbox 1966 3909 3545 3981">
     <span class='ocr_line' id='line_1_86' title="bbox 1966 3909 3545 3981; baseline 0.007 -18"><span class='ocrx_word' id='word_1_605' title='bbox 1966 3917 2097 3981; x_wconf 87' lang='lat' dir='ltr'><strong>pote</strong></span> <span class='ocrx_word' id='word_1_606' title='bbox 2146 3909 2213 3963; x_wconf 87' lang='lat' dir='ltr'><strong>ad</strong></span> <span class='ocrx_word' id='word_1_607' title='bbox 2265 3909 2693 3964; x_wconf 87' lang='lat' dir='ltr'><strong>ostentationem</strong></span> <span class='ocrx_word' id='word_1_608' title='bbox 2744 3915 3075 3981; x_wconf 64' lang='lat' dir='ltr'><strong>composita.</strong></span> <span class='ocrx_word' id='word_1_609' title='bbox 3122 3914 3241 3969; x_wconf 86' lang='lat' dir='ltr'><strong>laxa</strong></span> <span class='ocrx_word' id='word_1_610' title='bbox 3276 3926 3333 3971; x_wconf 90' lang='lat' dir='ltr'><strong>et</strong></span> <span class='ocrx_word' id='word_1_611' title='bbox 3364 3918 3545 3974; x_wconf 85' lang='lat' dir='ltr'><strong>soluta</strong></span> 
     </span>
    </p>
   </div>
   <div class='ocr_carea' id='block_1_87' title="bbox 1967 4001 3547 4071">
    <p class='ocr_par' dir='ltr' id='par_1_87' title="bbox 1967 4001 3547 4071">
     <span class='ocr_line' id='line_1_87' title="bbox 1967 4001 3547 4071; baseline 0.004 -15"><span class='ocrx_word' id='word_1_612' title='bbox 1967 4010 2054 4057; x_wconf 91' lang='lat' dir='ltr'><strong>est</strong></span> <span class='ocrx_word' id='word_1_613' title='bbox 2083 4020 2098 4055; x_wconf 90' lang='lat'><strong>:</strong></span> <span class='ocrx_word' id='word_1_614' title='bbox 2135 4009 2194 4056; x_wconf 88' lang='lat' dir='ltr'><strong>et</strong></span> <span class='ocrx_word' id='word_1_615' title='bbox 2221 4011 2517 4071; x_wconf 83' lang='lat' dir='ltr'><strong>prepterea</strong></span> <span class='ocrx_word' id='word_1_616' title='bbox 2550 4001 2797 4057; x_wconf 90' lang='lat' dir='ltr'><strong>indoctis</strong></span> <span class='ocrx_word' id='word_1_617' title='bbox 2832 4003 2997 4057; x_wconf 90' lang='lat' dir='ltr'><strong>simul</strong></span> <span class='ocrx_word' id='word_1_618' title='bbox 3034 4012 3090 4057; x_wconf 75' lang='lat' dir='ltr'><strong>et</strong></span> <span class='ocrx_word' id='word_1_619' title='bbox 3119 4004 3297 4061; x_wconf 87' lang='lat' dir='ltr'><strong>doctis</strong></span> <span class='ocrx_word' id='word_1_620' title='bbox 3332 4009 3547 4063; x_wconf 87' lang='lat' dir='ltr'><strong>inutilis</strong></span> 
     </span>
    </p>
   </div>
   <div class='ocr_carea' id='block_1_88' title="bbox 1969 4089 3544 4164">
    <p class='ocr_par' dir='ltr' id='par_1_88' title="bbox 1969 4089 3544 4164">
     <span class='ocr_line' id='line_1_88' title="bbox 1969 4089 3544 4164; baseline 0.005 -19"><span class='ocrx_word' id='word_1_621' title='bbox 1969 4105 2094 4146; x_wconf 76' lang='lat' dir='ltr'><strong>esse</strong></span> <span class='ocrx_word' id='word_1_622' title='bbox 2143 4090 2381 4144; x_wconf 87' lang='lat' dir='ltr'><strong>videtur.</strong></span> <span class='ocrx_word' id='word_1_623' title='bbox 2423 4089 2634 4146; x_wconf 89' lang='lat' dir='ltr'><strong>lndocti</strong></span> <span class='ocrx_word' id='word_1_624' title='bbox 2671 4091 2820 4147; x_wconf 88' lang='lat' dir='ltr'><strong>enim</strong></span> <span class='ocrx_word' id='word_1_625' title='bbox 2868 4093 2996 4164; x_wconf 83' lang='lat' dir='ltr'><strong>styli</strong></span> <span class='ocrx_word' id='word_1_626' title='bbox 3046 4093 3374 4163; x_wconf 81' lang='lat' dir='ltr'><strong>elegantiam</strong></span> <span class='ocrx_word' id='word_1_627' title='bbox 3432 4113 3544 4154; x_wconf 89' lang='lat' dir='ltr'><strong>non</strong></span> 
     </span>
    </p>
   </div>
   <div class='ocr_carea' id='block_1_89' title="bbox 1969 4183 3547 4254">
    <p class='ocr_par' dir='ltr' id='par_1_89' title="bbox 1969 4183 3547 4254">
     <span class='ocr_line' id='line_1_89' title="bbox 1969 4183 3547 4254; baseline 0.003 -16"><span class='ocrx_word' id='word_1_628' title='bbox 1969 4183 2314 4254; x_wconf 88' lang='lat' dir='ltr'><strong>perspiciunt</strong></span> <span class='ocrx_word' id='word_1_629' title='bbox 2366 4199 2382 4236; x_wconf 85' lang='lat'>:</span> <span class='ocrx_word' id='word_1_630' title='bbox 2435 4184 2639 4237; x_wconf 89' lang='lat' dir='ltr'><strong>eruditi</strong></span> <span class='ocrx_word' id='word_1_631' title='bbox 2687 4193 2898 4246; x_wconf 84' lang='lat' dir='ltr'><strong>autem,</strong></span> <span class='ocrx_word' id='word_1_632' title='bbox 2946 4185 3198 4240; x_wconf 88' lang='lat' dir='ltr'><strong>eamdem</strong></span> <span class='ocrx_word' id='word_1_633' title='bbox 3251 4201 3367 4241; x_wconf 89' lang='lat' dir='ltr'><strong>rem</strong></span> <span class='ocrx_word' id='word_1_634' title='bbox 3420 4188 3547 4242; x_wconf 82' lang='lat' dir='ltr'><strong>aliis</strong></span> 
     </span>
    </p>
   </div>
   <div class='ocr_carea' id='block_1_90' title="bbox 1967 4276 3548 4350">
    <p class='ocr_par' dir='ltr' id='par_1_90' title="bbox 1967 4276 3548 4350">
     <span class='ocr_line' id='line_1_90' title="bbox 1967 4276 3548 4350; baseline 0.004 -21"><span class='ocrx_word' id='word_1_635' title='bbox 1967 4276 2155 4329; x_wconf 78' lang='lat' dir='ltr'><strong>verbis</strong></span> <span class='ocrx_word' id='word_1_636' title='bbox 2184 4276 2375 4343; x_wconf 83' lang='lat' dir='ltr'><strong>repeti,</strong></span> <span class='ocrx_word' id='word_1_637' title='bbox 2404 4283 2463 4331; x_wconf 87' lang='lat' dir='ltr'><strong>et</strong></span> <span class='ocrx_word' id='word_1_638' title='bbox 2501 4276 2674 4330; x_wconf 88' lang='lat' dir='ltr'><strong>multa</strong></span> <span class='ocrx_word' id='word_1_639' title='bbox 2709 4277 3102 4346; x_wconf 81' lang='lat' dir='ltr'><strong>intempestive</strong></span> <span class='ocrx_word' id='word_1_640' title='bbox 3137 4279 3327 4347; x_wconf 85' lang='lat' dir='ltr'><strong>scribi,</strong></span> <span class='ocrx_word' id='word_1_641' title='bbox 3357 4297 3548 4350; x_wconf 83' lang='lat' dir='ltr'><strong>repre-</strong></span> 
     </span>
    </p>
   </div>
   <div class='ocr_carea' id='block_1_91' title="bbox 1970 4368 3545 4443">
    <p class='ocr_par' dir='ltr' id='par_1_91' title="bbox 1970 4368 3545 4443">
     <span class='ocr_line' id='line_1_91' title="bbox 1970 4368 3545 4443; baseline 0.003 -21"><span class='ocrx_word' id='word_1_642' title='bbox 1970 4368 2240 4422; x_wconf 88' lang='lat' dir='ltr'><strong>hendunt.</strong></span> <span class='ocrx_word' id='word_1_643' title='bbox 2273 4368 2471 4422; x_wconf 83' lang='lat' dir='ltr'><strong>Verum</strong></span> <span class='ocrx_word' id='word_1_644' title='bbox 2499 4368 2567 4423; x_wconf 89' lang='lat' dir='ltr'><strong>de</strong></span> <span class='ocrx_word' id='word_1_645' title='bbox 2592 4369 2817 4439; x_wconf 84' lang='lat' dir='ltr'><strong>scriptis</strong></span> <span class='ocrx_word' id='word_1_646' title='bbox 2847 4371 2991 4440; x_wconf 84' lang='lat' dir='ltr'><strong>ejus.</strong></span> <span class='ocrx_word' id='word_1_647' title='bbox 3022 4380 3082 4424; x_wconf 90' lang='lat' dir='ltr'><strong>ut</strong></span> <span class='ocrx_word' id='word_1_648' title='bbox 3114 4371 3352 4443; x_wconf 89' lang='lat' dir='ltr'><strong>quisque</strong></span> <span class='ocrx_word' id='word_1_649' title='bbox 3375 4373 3545 4440; x_wconf 81' lang='lat' dir='ltr'><strong>volet,</strong></span> 
     </span>
    </p>
   </div>
   <div class='ocr_carea' id='block_1_92' title="bbox 281 4460 1867 4546">
    <p class='ocr_par' dir='ltr' id='par_1_92' title="bbox 281 4462 1861 4539">
     <span class='ocr_line' id='line_1_92' title="bbox 281 4462 1861 4539; baseline -0.007 -16"><span class='ocrx_word' id='word_1_650' title='bbox 281 4475 467 4539; x_wconf 83' lang='grc' dir='ltr'>γεῖται</span> <span class='ocrx_word' id='word_1_651' title='bbox 492 4485 504 4500; x_wconf 87' lang='grc'><strong>·</strong></span> <span class='ocrx_word' id='word_1_652' title='bbox 535 4468 629 4521; x_wconf 63' lang='grc' dir='ltr'><strong>καὶ</strong></span> <span class='ocrx_word' id='word_1_653' title='bbox 662 4468 725 4520; x_wconf 82' lang='grc' dir='ltr'><strong>τὸ</strong></span> <span class='ocrx_word' id='word_1_654' title='bbox 768 4463 902 4535; x_wconf 81' lang='grc' dir='ltr'>ἦθος</span> <span class='ocrx_word' id='word_1_655' title='bbox 953 4465 1132 4527; x_wconf 80' lang='grc' dir='ltr'>τοῦτο,</span> <span class='ocrx_word' id='word_1_656' title='bbox 1166 4464 1269 4515; x_wconf 86' lang='grc' dir='ltr'><strong>οὐκ</strong></span> <span class='ocrx_word' id='word_1_657' title='bbox 1305 4464 1395 4514; x_wconf 83' lang='grc' dir='ltr'>ἐπ’</span> <span class='ocrx_word' id='word_1_658' title='bbox 1428 4462 1637 4515; x_wconf 74' lang='grc' dir='ltr'>ἐκείνου</span> <span class='ocrx_word' id='word_1_659' title='bbox 1671 4463 1861 4531; x_wconf 85' lang='grc' dir='ltr'>μόνου,</span> 
     </span>
    </p>
   </div>
   <div class='ocr_carea' id='block_1_93' title="bbox 1971 4460 3546 4546">
    <p class='ocr_par' dir='ltr' id='par_1_93' title="bbox 1971 4460 3546 4546">
     <span class='ocr_line' id='line_1_93' title="bbox 1971 4460 3546 4546; baseline 0.008 -35"><span class='ocrx_word' id='word_1_660' title='bbox 1971 4461 2258 4532; x_wconf 74' lang='lat' dir='ltr'><strong>iudicabit.</strong></span> <span class='ocrx_word' id='word_1_661' title='bbox 2297 4460 2550 4546; x_wconf 70' lang='lat' dir='ltr'><strong>Historiae</strong></span> <span class='ocrx_word' id='word_1_662' title='bbox 2600 4477 2732 4515; x_wconf 79' lang='lat' dir='ltr'><strong>vero</strong></span> <span class='ocrx_word' id='word_1_663' title='bbox 2770 4473 3016 4533; x_wconf 85' lang='lat' dir='ltr'><strong>tempora</strong></span> <span class='ocrx_word' id='word_1_664' title='bbox 3063 4466 3372 4522; x_wconf 77' lang='lat' dir='ltr'><strong>confundit.</strong></span> <span class='ocrx_word' id='word_1_665' title='bbox 3411 4465 3546 4523; x_wconf 84' lang='lat' dir='ltr'><strong>Nam</strong></span> 
     </span>
    </p>
   </div>
   <div class='ocr_carea' id='block_1_94' title="bbox 282 4552 1867 4624">
    <p class='ocr_par' dir='ltr' id='par_1_94' title="bbox 282 4552 1867 4624">
     <span class='ocr_line' id='line_1_94' title="bbox 282 4552 1867 4624; baseline -0.006 -11"><span class='ocrx_word' id='word_1_666' title='bbox 282 4561 424 4613; x_wconf 74' lang='grc' dir='ltr'>ἀλλὰ</span> <span class='ocrx_word' id='word_1_667' title='bbox 454 4561 553 4612; x_wconf 78' lang='grc' dir='ltr'>καὶ</span> <span class='ocrx_word' id='word_1_668' title='bbox 607 4560 698 4609; x_wconf 77' lang='grc' dir='ltr'>ἐπὶ</span> <span class='ocrx_word' id='word_1_669' title='bbox 745 4556 961 4607; x_wconf 85' lang='grc' dir='ltr'>πολλῶν</span> <span class='ocrx_word' id='word_1_670' title='bbox 988 4555 1193 4624; x_wconf 79' lang='grc' dir='ltr'>ἑτέρων</span> <span class='ocrx_word' id='word_1_671' title='bbox 1239 4555 1403 4606; x_wconf 81' lang='grc' dir='ltr'>ποιεῖ.</span> <span class='ocrx_word' id='word_1_672' title='bbox 1437 4554 1550 4606; x_wconf 73' lang='grc' dir='ltr'><strong>Καὶ</strong></span> <span class='ocrx_word' id='word_1_673' title='bbox 1596 4554 1728 4622; x_wconf 71' lang='grc' dir='ltr'>περὶ</span> <span class='ocrx_word' id='word_1_674' title='bbox 1767 4552 1867 4621; x_wconf 84' lang='grc' dir='ltr'>μὲν</span> 
     </span>
    </p>
   </div>
   <div class='ocr_carea' id='block_1_95' title="bbox 1971 4552 3549 4624">
    <p class='ocr_par' dir='ltr' id='par_1_95' title="bbox 1972 4553 3549 4624">
     <span class='ocr_line' id='line_1_95' title="bbox 1972 4553 3549 4624; baseline 0.004 -17"><span class='ocrx_word' id='word_1_675' title='bbox 1972 4554 2191 4624; x_wconf 88' lang='lat' dir='ltr'><strong>imperii</strong></span> <span class='ocrx_word' id='word_1_676' title='bbox 2255 4553 2551 4608; x_wconf 87' lang='lat' dir='ltr'><strong>Theodosii</strong></span> <span class='ocrx_word' id='word_1_677' title='bbox 2615 4556 2936 4609; x_wconf 90' lang='lat' dir='ltr'><strong>memoriam</strong></span> <span class='ocrx_word' id='word_1_678' title='bbox 2991 4555 3235 4619; x_wconf 74' lang='lat' dir='ltr'><strong>fat-iens,</strong></span> <span class='ocrx_word' id='word_1_679' title='bbox 3300 4559 3549 4615; x_wconf 80' lang='lat' dir='ltr'><strong>actiones</strong></span> 
     </span>
    </p>
   </div>
   <div class='ocr_carea' id='block_1_96' title="bbox 282 4646 1869 4714">
    <p class='ocr_par' dir='ltr' id='par_1_96' title="bbox 282 4646 1869 4714">
     <span class='ocr_line' id='line_1_96' title="bbox 282 4646 1869 4714; baseline -0.005 -9"><span class='ocrx_word' id='word_1_680' title='bbox 282 4654 566 4706; x_wconf 79' lang='grc' dir='ltr'>Φιλίππου</span> <span class='ocrx_word' id='word_1_681' title='bbox 621 4650 883 4702; x_wconf 84' lang='grc' dir='ltr'>τοσαῦτα.</span> <span class='ocrx_word' id='word_1_682' title='bbox 946 4650 1183 4709; x_wconf 81' lang='grc' dir='ltr'>Σισίνιος</span> <span class='ocrx_word' id='word_1_683' title='bbox 1236 4647 1333 4709; x_wconf 77' lang='grc' dir='ltr'><strong>δὲ,</strong></span> <span class='ocrx_word' id='word_1_684' title='bbox 1388 4646 1481 4699; x_wconf 75' lang='grc' dir='ltr'>τοῦ</span> <span class='ocrx_word' id='word_1_685' title='bbox 1538 4646 1869 4714; x_wconf 74' lang='grc' dir='ltr'>Κυζικηνῶν</span> 
     </span>
    </p>
   </div>
   <div class='ocr_carea' id='block_1_97' title="bbox 282 4737 1868 4812">
    <p class='ocr_par' dir='ltr' id='par_1_97' title="bbox 282 4737 1868 4812">
     <span class='ocr_line' id='line_1_97' title="bbox 282 4737 1868 4812; baseline -0.005 -15"><span class='ocrx_word' id='word_1_686' title='bbox 282 4744 559 4812; x_wconf 64' lang='grc' dir='ltr'>προέδρου</span> <span class='ocrx_word' id='word_1_687' title='bbox 594 4741 876 4801; x_wconf 81' lang='grc' dir='ltr'>θανόντος,</span> <span class='ocrx_word' id='word_1_688' title='bbox 909 4738 1002 4812; x_wconf 81' lang='grc' dir='ltr'><strong>τὸν</strong></span> <span class='ocrx_word' id='word_1_689' title='bbox 1038 4739 1182 4790; x_wconf 83' lang='grc' dir='ltr'>θεῖον</span> <span class='ocrx_word' id='word_1_690' title='bbox 1242 4738 1488 4808; x_wconf 80' lang='grc' dir='ltr'>Πρόκλον</span> <span class='ocrx_word' id='word_1_691' title='bbox 1536 4741 1602 4808; x_wconf 84' lang='grc' dir='ltr'><strong>τῇ</strong></span> <span class='ocrx_word' id='word_1_692' title='bbox 1641 4737 1868 4809; x_wconf 58' lang='grc' dir='ltr'>Κυζίκῳ</span> 
     </span>
    </p>
   </div>
   <div class='ocr_carea' id='block_1_98' title="bbox 282 4830 1865 4904">
    <p class='ocr_par' dir='ltr' id='par_1_98' title="bbox 282 4830 1865 4904">
     <span class='ocr_line' id='line_1_98' title="bbox 282 4830 1865 4904; baseline -0.002 -17"><span class='ocrx_word' id='word_1_693' title='bbox 282 4834 641 4904; x_wconf 69' lang='grc' dir='ltr'>ἐχειροτόνει.</span> <span class='ocrx_word' id='word_1_694' title='bbox 705 4833 811 4883; x_wconf 68' lang='grc' dir='ltr'><strong>Καὶ</strong></span> <span class='ocrx_word' id='word_1_695' title='bbox 861 4830 927 4900; x_wconf 81' lang='grc' dir='ltr'>δὴ</span> <span class='ocrx_word' id='word_1_696' title='bbox 977 4830 1204 4900; x_wconf 76' lang='grc' dir='ltr'>Πρόκλῳ</span> <span class='ocrx_word' id='word_1_697' title='bbox 1252 4831 1312 4882; x_wconf 85' lang='grc' dir='ltr'>ὲν</span> <span class='ocrx_word' id='word_1_698' title='bbox 1361 4833 1693 4901; x_wconf 80' lang='grc' dir='ltr'>παρασκευῇ</span> <span class='ocrx_word' id='word_1_699' title='bbox 1750 4832 1865 4884; x_wconf 85' lang='grc' dir='ltr'>δντι</span> 
     </span>
    </p>
   </div>
   <div class='ocr_carea' id='block_1_99' title="bbox 283 4923 1861 4996">
    <p class='ocr_par' dir='ltr' id='par_1_99' title="bbox 283 4923 1861 4996">
     <span class='ocr_line' id='line_1_99' title="bbox 283 4923 1861 4996; baseline -0.004 -15"><span class='ocrx_word' id='word_1_700' title='bbox 283 4930 420 4996; x_wconf 79' lang='grc' dir='ltr'>περὶ</span> <span class='ocrx_word' id='word_1_701' title='bbox 446 4927 623 4995; x_wconf 76' lang='grc' dir='ltr'>αὐτὴν</span> <span class='ocrx_word' id='word_1_702' title='bbox 652 4926 876 4995; x_wconf 76' lang='grc' dir='ltr'>χωρεῖν,</span> <span class='ocrx_word' id='word_1_703' title='bbox 907 4923 1208 4991; x_wconf 80' lang='grc' dir='ltr'>φθάνουσιν</span> <span class='ocrx_word' id='word_1_704' title='bbox 1254 4923 1462 4975; x_wconf 74' lang='grc' dir='ltr'>ἐκεῖνοι</span> <span class='ocrx_word' id='word_1_705' title='bbox 1493 4923 1588 4974; x_wconf 75' lang='grc' dir='ltr'>καὶ</span> <span class='ocrx_word' id='word_1_706' title='bbox 1617 4939 1861 4993; x_wconf 70' lang='grc' dir='ltr'>χειροτο-</span> 
     </span>
    </p>
   </div>
   <div class='ocr_carea' id='block_1_100' title="bbox 282 5012 1866 5086">
    <p class='ocr_par' dir='ltr' id='par_1_100' title="bbox 282 5012 1866 5086">
     <span class='ocr_line' id='line_1_100' title="bbox 282 5012 1866 5086; baseline -0.004 -14"><span class='ocrx_word' id='word_1_707' title='bbox 282 5018 471 5075; x_wconf 81' lang='grc' dir='ltr'>νοῦσιν</span> <span class='ocrx_word' id='word_1_708' title='bbox 497 5018 670 5086; x_wconf 79' lang='grc' dir='ltr'>ἄνδρα</span> <span class='ocrx_word' id='word_1_709' title='bbox 704 5016 906 5086; x_wconf 80' lang='grc' dir='ltr'>σεμνόν</span> <span class='ocrx_word' id='word_1_710' title='bbox 931 5031 1074 5081; x_wconf 88' lang='grc' dir='ltr'>τινα,</span> <span class='ocrx_word' id='word_1_711' title='bbox 1103 5014 1411 5082; x_wconf 83' lang='grc' dir='ltr'>Δαλμάτιον</span> <span class='ocrx_word' id='word_1_712' title='bbox 1458 5012 1652 5083; x_wconf 78' lang='grc' dir='ltr'>ὄνομα,</span> <span class='ocrx_word' id='word_1_713' title='bbox 1686 5016 1866 5083; x_wconf 81' lang='grc' dir='ltr'>ἀσκη-</span> 
     </span>
    </p>
   </div>
   <div class='ocr_carea' id='block_1_101' title="bbox 282 5105 1865 5178">
    <p class='ocr_par' dir='ltr' id='par_1_101' title="bbox 282 5105 1865 5178">
     <span class='ocr_line' id='line_1_101' title="bbox 282 5105 1865 5178; baseline -0.004 -13"><span class='ocrx_word' id='word_1_714' title='bbox 282 5113 462 5175; x_wconf 78' lang='grc' dir='ltr'>τικοῐς</span> <span class='ocrx_word' id='word_1_715' title='bbox 503 5111 688 5172; x_wconf 79' lang='grc' dir='ltr'>πόνοις</span> <span class='ocrx_word' id='word_1_716' title='bbox 725 5107 1276 5178; x_wconf 70' lang='grc' dir='ltr'>ἐγγεγυμνασμένον.</span> <span class='ocrx_word' id='word_1_717' title='bbox 1328 5107 1438 5160; x_wconf 65' lang='grc' dir='ltr'>Καὶ</span> <span class='ocrx_word' id='word_1_718' title='bbox 1484 5105 1645 5159; x_wconf 81' lang='grc' dir='ltr'>τοῦτο</span> <span class='ocrx_word' id='word_1_719' title='bbox 1670 5107 1865 5177; x_wconf 77' lang='grc' dir='ltr'>ἔδρων,</span> 
     </span>
    </p>
   </div>
   <div class='ocr_carea' id='block_1_102' title="bbox 285 5196 1866 5271">
    <p class='ocr_par' dir='ltr' id='par_1_102' title="bbox 285 5196 1866 5271">
     <span class='ocr_line' id='line_1_102' title="bbox 285 5196 1866 5271; baseline -0.003 -17"><span class='ocrx_word' id='word_1_720' title='bbox 285 5205 345 5255; x_wconf 67' lang='grc' dir='ltr'>ἂν</span> <span class='ocrx_word' id='word_1_721' title='bbox 380 5201 619 5271; x_wconf 69' lang='grc' dir='ltr'>δευτέρρ</span> <span class='ocrx_word' id='word_1_722' title='bbox 666 5201 761 5253; x_wconf 71' lang='grc' dir='ltr'>τὸν</span> <span class='ocrx_word' id='word_1_723' title='bbox 814 5198 980 5264; x_wconf 84' lang='grc' dir='ltr'>νόμον</span> <span class='ocrx_word' id='word_1_724' title='bbox 1028 5196 1283 5265; x_wconf 68' lang='grc' dir='ltr'>θέμενον</span> <span class='ocrx_word' id='word_1_725' title='bbox 1325 5196 1385 5260; x_wconf 84' lang='grc' dir='ltr'>ὃς</span> <span class='ocrx_word' id='word_1_726' title='bbox 1431 5196 1657 5250; x_wconf 70' lang='grc' dir='ltr'>ἐκέλευε</span> <span class='ocrx_word' id='word_1_727' title='bbox 1713 5199 1866 5268; x_wconf 83' lang='grc' dir='ltr'>παρὰ</span> 
     </span>
    </p>
   </div>
   <div class='ocr_carea' id='block_1_103' title="bbox 286 5289 1869 5363">
    <p class='ocr_par' dir='ltr' id='par_1_103' title="bbox 286 5289 1869 5363">
     <span class='ocr_line' id='line_1_103' title="bbox 286 5289 1869 5363; baseline -0.001 -18"><span class='ocrx_word' id='word_1_728' title='bbox 286 5293 521 5363; x_wconf 82' lang='grc' dir='ltr'>γνώμην</span> <span class='ocrx_word' id='word_1_729' title='bbox 550 5293 644 5346; x_wconf 78' lang='grc' dir='ltr'><strong>τοῦ</strong></span> <span class='ocrx_word' id='word_1_730' title='bbox 674 5291 980 5345; x_wconf 63' lang='grc' dir='ltr'>επισκόπου</span> <span class='ocrx_word' id='word_1_731' title='bbox 1019 5294 1118 5359; x_wconf 78' lang='grc' dir='ltr'><strong>τῆς</strong></span> <span class='ocrx_word' id='word_1_732' title='bbox 1161 5289 1582 5343; x_wconf 83' lang='grc' dir='ltr'>Κωνσταντίνου</span> <span class='ocrx_word' id='word_1_733' title='bbox 1618 5307 1869 5362; x_wconf 74' lang='grc' dir='ltr'>χειροτοο</span> 
     </span>
    </p>
   </div>
   <div class='ocr_carea' id='block_1_104' title="bbox 287 5379 1870 5455">
    <p class='ocr_par' dir='ltr' id='par_1_104' title="bbox 287 5379 1870 5455">
     <span class='ocr_line' id='line_1_104' title="bbox 287 5379 1870 5455; baseline -0.002 -17"><span class='ocrx_word' id='word_1_734' title='bbox 287 5386 415 5439; x_wconf 84' lang='grc' dir='ltr'>νίαν</span> <span class='ocrx_word' id='word_1_735' title='bbox 448 5386 523 5455; x_wconf 84' lang='grc' dir='ltr'>μὴ</span> <span class='ocrx_word' id='word_1_736' title='bbox 556 5386 825 5454; x_wconf 75' lang='grc' dir='ltr'>γίνεσθαι.</span> <span class='ocrx_word' id='word_1_737' title='bbox 870 5384 930 5437; x_wconf 86' lang='grc'><strong>’0</strong></span> <span class='ocrx_word' id='word_1_738' title='bbox 968 5382 1070 5452; x_wconf 73' lang='grc' dir='ltr'><strong>μὲν</strong></span> <span class='ocrx_word' id='word_1_739' title='bbox 1109 5379 1204 5435; x_wconf 84' lang='grc' dir='ltr'><strong>οὖν</strong></span> <span class='ocrx_word' id='word_1_740' title='bbox 1237 5382 1505 5451; x_wconf 71' lang='grc' dir='ltr'>Πρόκλος,</span> <span class='ocrx_word' id='word_1_741' title='bbox 1538 5382 1730 5435; x_wconf 81' lang='grc' dir='ltr'>τούτου</span> <span class='ocrx_word' id='word_1_742' title='bbox 1773 5400 1870 5451; x_wconf 88' lang='grc' dir='ltr'>γε-</span> 
     </span>
    </p>
   </div>
   <div class='ocr_carea' id='block_1_105' title="bbox 288 5475 1869 5550">
    <p class='ocr_par' dir='ltr' id='par_1_105' title="bbox 288 5475 1869 5550">
     <span class='ocr_line' id='line_1_105' title="bbox 288 5475 1869 5550; baseline -0.003 -18"><span class='ocrx_word' id='word_1_743' title='bbox 288 5480 545 5550; x_wconf 74' lang='grc' dir='ltr'>νομένου,</span> <span class='ocrx_word' id='word_1_744' title='bbox 593 5477 716 5531; x_wconf 81' lang='grc' dir='ltr'>καθ’</span> <span class='ocrx_word' id='word_1_745' title='bbox 744 5478 941 5530; x_wconf 71' lang='grc' dir='ltr'>ἑαυτὸν</span> <span class='ocrx_word' id='word_1_746' title='bbox 988 5475 1399 5539; x_wconf 76' lang='grc' dir='ltr'>συνεστέλλετο,</span> <span class='ocrx_word' id='word_1_747' title='bbox 1428 5476 1731 5546; x_wconf 79' lang='grc' dir='ltr'>ἐκκλησίας</span> <span class='ocrx_word' id='word_1_748' title='bbox 1769 5478 1869 5545; x_wconf 81' lang='grc' dir='ltr'>μὲν</span> 
     </span>
    </p>
   </div>
   <div class='ocr_carea' id='block_1_106' title="bbox 293 5566 1867 5642">
    <p class='ocr_par' dir='ltr' id='par_1_106' title="bbox 293 5566 1867 5642">
     <span class='ocr_line' id='line_1_106' title="bbox 293 5566 1867 5642; baseline -0.001 -21"><span class='ocrx_word' id='word_1_749' title='bbox 293 5569 570 5642; x_wconf 76' lang='grc' dir='ltr'>μηδεμιᾶς</span> <span class='ocrx_word' id='word_1_750' title='bbox 604 5569 1037 5639; x_wconf 83' lang='grc' dir='ltr'>προϊστάμενος,</span> <span class='ocrx_word' id='word_1_751' title='bbox 1077 5571 1200 5629; x_wconf 78' lang='grc' dir='ltr'>ταῖς</span> <span class='ocrx_word' id='word_1_752' title='bbox 1227 5567 1283 5619; x_wconf 84' lang='grc' dir='ltr'>δὲ</span> <span class='ocrx_word' id='word_1_753' title='bbox 1321 5566 1421 5636; x_wconf 83' lang='grc' dir='ltr'>τῆς</span> <span class='ocrx_word' id='word_1_754' title='bbox 1454 5567 1867 5621; x_wconf 81' lang='grc' dir='ltr'>Κωνσταντίνου</span> 
     </span>
    </p>
   </div>
   <div class='ocr_carea' id='block_1_107' title="bbox 1972 4645 3549 4717">
    <p class='ocr_par' dir='ltr' id='par_1_107' title="bbox 1972 4645 3549 4717">
     <span class='ocr_line' id='line_1_107' title="bbox 1972 4645 3549 4717; baseline 0.003 -18"><span class='ocrx_word' id='word_1_755' title='bbox 1972 4645 2156 4717; x_wconf 82' lang='lat' dir='ltr'><strong>magni</strong></span> <span class='ocrx_word' id='word_1_756' title='bbox 2208 4645 2495 4699; x_wconf 83' lang='lat' dir='ltr'><strong>Athanasii</strong></span> <span class='ocrx_word' id='word_1_757' title='bbox 2550 4654 2702 4699; x_wconf 88' lang='lat' dir='ltr'><strong>tanto</strong></span> <span class='ocrx_word' id='word_1_758' title='bbox 2747 4656 2871 4714; x_wconf 85' lang='lat' dir='ltr'><strong>post</strong></span> <span class='ocrx_word' id='word_1_759' title='bbox 2902 4655 3150 4714; x_wconf 89' lang='lat' dir='ltr'><strong>tempore</strong></span> <span class='ocrx_word' id='word_1_760' title='bbox 3189 4650 3391 4717; x_wconf 86' lang='lat' dir='ltr'><strong>repetit</strong></span> <span class='ocrx_word' id='word_1_761' title='bbox 3430 4668 3442 4704; x_wconf 90' lang='lat'>:</span> <span class='ocrx_word' id='word_1_762' title='bbox 3492 4660 3549 4703; x_wconf 90' lang='lat' dir='ltr'><strong>et</strong></span> 
     </span>
    </p>
   </div>
   <div class='ocr_carea' id='block_1_108' title="bbox 1971 4737 3544 4803">
    <p class='ocr_par' dir='ltr' id='par_1_108' title="bbox 1971 4737 3544 4803">
     <span class='ocr_line' id='line_1_108' title="bbox 1971 4737 3544 4803; baseline 0.003 -11"><span class='ocrx_word' id='word_1_763' title='bbox 1971 4738 2435 4793; x_wconf 80' lang='lat' dir='ltr'><strong>consuetudinem</strong></span> <span class='ocrx_word' id='word_1_764' title='bbox 2471 4738 2614 4790; x_wconf 90' lang='lat' dir='ltr'><strong>hanc</strong></span> <span class='ocrx_word' id='word_1_765' title='bbox 2660 4753 2769 4789; x_wconf 80' lang='lat' dir='ltr'><strong>non</strong></span> <span class='ocrx_word' id='word_1_766' title='bbox 2821 4737 2877 4790; x_wconf 87' lang='lat' dir='ltr'><strong>in</strong></span> <span class='ocrx_word' id='word_1_767' title='bbox 2934 4738 3029 4791; x_wconf 91' lang='lat' dir='ltr'><strong>illo</strong></span> <span class='ocrx_word' id='word_1_768' title='bbox 3071 4747 3303 4803; x_wconf 85' lang='lat' dir='ltr'><strong>tantum,</strong></span> <span class='ocrx_word' id='word_1_769' title='bbox 3352 4756 3544 4797; x_wconf 85' lang='lat' dir='ltr'><strong>verum</strong></span> 
     </span>
    </p>
   </div>
   <div class='ocr_carea' id='block_1_109' title="bbox 1968 4829 3543 4902">
    <p class='ocr_par' dir='ltr' id='par_1_109' title="bbox 1968 4829 3543 4902">
     <span class='ocr_line' id='line_1_109' title="bbox 1968 4829 3543 4902; baseline 0.004 -17"><span class='ocrx_word' id='word_1_770' title='bbox 1968 4833 2135 4885; x_wconf 80' lang='lat' dir='ltr'><strong>etiam</strong></span> <span class='ocrx_word' id='word_1_771' title='bbox 2192 4831 2245 4883; x_wconf 90' lang='lat' dir='ltr'><strong>in</strong></span> <span class='ocrx_word' id='word_1_772' title='bbox 2305 4831 2492 4882; x_wconf 87' lang='lat' dir='ltr'><strong>multis</strong></span> <span class='ocrx_word' id='word_1_773' title='bbox 2536 4829 2662 4882; x_wconf 88' lang='lat' dir='ltr'><strong>aliis</strong></span> <span class='ocrx_word' id='word_1_774' title='bbox 2712 4838 2919 4882; x_wconf 84' lang='lat' dir='ltr'><strong>servat.</strong></span> <span class='ocrx_word' id='word_1_775' title='bbox 2980 4829 3105 4883; x_wconf 75' lang='lat' dir='ltr'><strong>lla-c</strong></span> <span class='ocrx_word' id='word_1_776' title='bbox 3151 4831 3218 4884; x_wconf 87' lang='lat' dir='ltr'><strong>de</strong></span> <span class='ocrx_word' id='word_1_777' title='bbox 3268 4831 3543 4902; x_wconf 86' lang='lat' dir='ltr'><strong>Philippo.</strong></span> 
     </span>
    </p>
   </div>
   <div class='ocr_carea' id='block_1_110' title="bbox 1971 4920 3547 4991">
    <p class='ocr_par' dir='ltr' id='par_1_110' title="bbox 1971 4920 3547 4991">
     <span class='ocr_line' id='line_1_110' title="bbox 1971 4920 3547 4991; baseline 0.002 -14"><span class='ocrx_word' id='word_1_778' title='bbox 1971 4925 2143 4977; x_wconf 83' lang='lat' dir='ltr'><strong>Porro</strong></span> <span class='ocrx_word' id='word_1_779' title='bbox 2187 4920 2460 4991; x_wconf 80' lang='lat' dir='ltr'><strong>Cyziceno</strong></span> <span class='ocrx_word' id='word_1_780' title='bbox 2511 4922 2773 4990; x_wconf 82' lang='lat' dir='ltr'><strong>episcopo</strong></span> <span class='ocrx_word' id='word_1_781' title='bbox 2814 4932 3053 4983; x_wconf 85' lang='lat' dir='ltr'><strong>mortuo.</strong></span> <span class='ocrx_word' id='word_1_782' title='bbox 3111 4922 3351 4979; x_wconf 90' lang='lat' dir='ltr'><strong>Sisinius</strong></span> <span class='ocrx_word' id='word_1_783' title='bbox 3403 4927 3547 4980; x_wconf 85' lang='lat' dir='ltr'><strong>divi-</strong></span> 
     </span>
    </p>
   </div>
   <div class='ocr_carea' id='block_1_111' title="bbox 1973 5012 3546 5085">
    <p class='ocr_par' dir='ltr' id='par_1_111' title="bbox 1973 5012 3546 5085">
     <span class='ocr_line' id='line_1_111' title="bbox 1973 5012 3546 5085; baseline 0.003 -18"><span class='ocrx_word' id='word_1_784' title='bbox 1973 5030 2103 5067; x_wconf 86' lang='lat' dir='ltr'><strong>num</strong></span> <span class='ocrx_word' id='word_1_785' title='bbox 2158 5013 2407 5066; x_wconf 76' lang='lat' dir='ltr'><strong>I‘roclum</strong></span> <span class='ocrx_word' id='word_1_786' title='bbox 2478 5013 2727 5069; x_wconf 66' lang='lat' dir='ltr'><strong>ecclesiae</strong></span> <span class='ocrx_word' id='word_1_787' title='bbox 2782 5012 2963 5080; x_wconf 83' lang='lat' dir='ltr'><strong>Cyzici</strong></span> <span class='ocrx_word' id='word_1_788' title='bbox 3018 5015 3338 5085; x_wconf 87' lang='lat' dir='ltr'><strong>episcopum</strong></span> <span class='ocrx_word' id='word_1_789' title='bbox 3392 5018 3546 5072; x_wconf 87' lang='lat' dir='ltr'><strong>ordi-</strong></span> 
     </span>
    </p>
   </div>
   <div class='ocr_carea' id='block_1_112' title="bbox 1976 5105 3549 5177">
    <p class='ocr_par' dir='ltr' id='par_1_112' title="bbox 1976 5105 3549 5177">
     <span class='ocr_line' id='line_1_112' title="bbox 1976 5105 3549 5177; baseline 0.005 -17"><span class='ocrx_word' id='word_1_790' title='bbox 1976 5117 2068 5160; x_wconf 87' lang='lat' dir='ltr'><strong>nat</strong></span> <span class='ocrx_word' id='word_1_791' title='bbox 2101 5106 2204 5177; x_wconf 58' lang='grc' dir='ltr'><strong>(ἓ).</strong></span> <span class='ocrx_word' id='word_1_792' title='bbox 2249 5105 2507 5160; x_wconf 87' lang='lat' dir='ltr'><strong>Sedenim</strong></span> <span class='ocrx_word' id='word_1_793' title='bbox 2537 5120 2663 5160; x_wconf 89' lang='lat' dir='ltr'><strong>cum</strong></span> <span class='ocrx_word' id='word_1_794' title='bbox 2699 5105 2942 5169; x_wconf 84' lang='lat' dir='ltr'><strong>Proclus,</strong></span> <span class='ocrx_word' id='word_1_795' title='bbox 2990 5117 3051 5160; x_wconf 89' lang='lat' dir='ltr'><strong>ut</strong></span> <span class='ocrx_word' id='word_1_796' title='bbox 3076 5122 3144 5162; x_wconf 92' lang='lat' dir='ltr'><strong>co</strong></span> <span class='ocrx_word' id='word_1_797' title='bbox 3173 5110 3453 5176; x_wconf 87' lang='lat' dir='ltr'><strong>transiret,</strong></span> <span class='ocrx_word' id='word_1_798' title='bbox 3490 5114 3549 5168; x_wconf 89' lang='lat' dir='ltr'><strong>in</strong></span> 
     </span>
    </p>
   </div>
   <div class='ocr_carea' id='block_1_113' title="bbox 1976 5197 3550 5271">
    <p class='ocr_par' dir='ltr' id='par_1_113' title="bbox 1976 5197 3550 5271">
     <span class='ocr_line' id='line_1_113' title="bbox 1976 5197 3550 5271; baseline 0.003 -18"><span class='ocrx_word' id='word_1_799' title='bbox 1976 5200 2265 5268; x_wconf 79' lang='lat' dir='ltr'><strong>procinctu</strong></span> <span class='ocrx_word' id='word_1_800' title='bbox 2318 5208 2487 5261; x_wconf 85' lang='lat' dir='ltr'><strong>esset,</strong></span> <span class='ocrx_word' id='word_1_801' title='bbox 2540 5197 2792 5253; x_wconf 90' lang='lat' dir='ltr'><strong>homines</strong></span> <span class='ocrx_word' id='word_1_802' title='bbox 2837 5199 2912 5253; x_wconf 91' lang='lat' dir='ltr'><strong>ibi</strong></span> <span class='ocrx_word' id='word_1_803' title='bbox 2965 5200 3285 5269; x_wconf 85' lang='lat' dir='ltr'><strong>episcopum</strong></span> <span class='ocrx_word' id='word_1_804' title='bbox 3340 5218 3550 5271; x_wconf 66' lang='lat' dir='ltr'><strong>praeve-</strong></span> 
     </span>
    </p>
   </div>
   <div class='ocr_carea' id='block_1_114' title="bbox 1974 5289 3546 5362">
    <p class='ocr_par' dir='ltr' id='par_1_114' title="bbox 1974 5289 3546 5362">
     <span class='ocr_line' id='line_1_114' title="bbox 1974 5289 3546 5362; baseline 0.004 -18"><span class='ocrx_word' id='word_1_805' title='bbox 1974 5294 2190 5345; x_wconf 89' lang='lat' dir='ltr'><strong>nientes</strong></span> <span class='ocrx_word' id='word_1_806' title='bbox 2242 5289 2570 5345; x_wconf 80' lang='lat' dir='ltr'><strong>ordinarunt</strong></span> <span class='ocrx_word' id='word_1_807' title='bbox 2626 5291 2959 5346; x_wconf 87' lang='lat' dir='ltr'><strong>Dalmatium</strong></span> <span class='ocrx_word' id='word_1_808' title='bbox 3000 5295 3317 5362; x_wconf 85' lang='lat' dir='ltr'><strong>quemdam,</strong></span> <span class='ocrx_word' id='word_1_809' title='bbox 3370 5295 3546 5350; x_wconf 85' lang='lat' dir='ltr'><strong>virum</strong></span> 
     </span>
    </p>
   </div>
   <div class='ocr_carea' id='block_1_115' title="bbox 1974 5385 3550 5443">
    <p class='ocr_par' dir='ltr' id='par_1_115' title="bbox 1974 5385 3550 5443">
     <span class='ocr_line' id='line_1_115' title="bbox 1974 5385 3550 5443; baseline 0.006 -10"><span class='ocrx_word' id='word_1_810' title='bbox 1974 5386 2349 5437; x_wconf 85' lang='lat' dir='ltr'><strong>venerandum</strong></span> <span class='ocrx_word' id='word_1_811' title='bbox 2405 5391 2461 5437; x_wconf 90' lang='lat' dir='ltr'><strong>et</strong></span> <span class='ocrx_word' id='word_1_812' title='bbox 2496 5385 2549 5439; x_wconf 92' lang='lat' dir='ltr'><strong>in</strong></span> <span class='ocrx_word' id='word_1_813' title='bbox 2590 5386 2912 5442; x_wconf 86' lang='lat' dir='ltr'><strong>monasticis</strong></span> <span class='ocrx_word' id='word_1_814' title='bbox 2959 5386 3246 5441; x_wconf 86' lang='lat' dir='ltr'><strong>laboribus</strong></span> <span class='ocrx_word' id='word_1_815' title='bbox 3274 5389 3550 5443; x_wconf 80' lang='lat' dir='ltr'><strong>exercita-</strong></span> 
     </span>
    </p>
   </div>
   <div class='ocr_carea' id='block_1_116' title="bbox 1977 5475 3544 5551">
    <p class='ocr_par' dir='ltr' id='par_1_116' title="bbox 1977 5475 3544 5551">
     <span class='ocr_line' id='line_1_116' title="bbox 1977 5475 3544 5551; baseline 0.006 -24"><span class='ocrx_word' id='word_1_816' title='bbox 1977 5484 2113 5528; x_wconf 92' lang='lat' dir='ltr'><strong>tum.</strong></span> <span class='ocrx_word' id='word_1_817' title='bbox 2163 5475 2218 5529; x_wconf 89' lang='lat' dir='ltr'><strong>Id</strong></span> <span class='ocrx_word' id='word_1_818' title='bbox 2275 5476 2352 5531; x_wconf 88' lang='lat' dir='ltr'><strong>illi</strong></span> <span class='ocrx_word' id='word_1_819' title='bbox 2407 5476 2683 5543; x_wconf 77' lang='lat' dir='ltr'><strong>fecerunt,</strong></span> <span class='ocrx_word' id='word_1_820' title='bbox 2720 5481 3006 5534; x_wconf 87' lang='lat' dir='ltr'><strong>sanctione</strong></span> <span class='ocrx_word' id='word_1_821' title='bbox 3056 5479 3149 5533; x_wconf 89' lang='lat' dir='ltr'><strong>illa</strong></span> <span class='ocrx_word' id='word_1_822' title='bbox 3199 5489 3544 5551; x_wconf 87' lang='lat' dir='ltr'><strong>contempta,</strong></span> 
     </span>
    </p>
   </div>
   <div class='ocr_carea' id='block_1_117' title="bbox 1975 5570 3548 5644">
    <p class='ocr_par' dir='ltr' id='par_1_117' title="bbox 1975 5570 3548 5644">
     <span class='ocr_line' id='line_1_117' title="bbox 1975 5570 3548 5644; baseline 0.007 -24"><span class='ocrx_word' id='word_1_823' title='bbox 1975 5582 2097 5636; x_wconf 70' lang='lat' dir='ltr'><strong>quae</strong></span> <span class='ocrx_word' id='word_1_824' title='bbox 2151 5579 2346 5637; x_wconf 63' lang='lat' dir='ltr'><strong>praeter</strong></span> <span class='ocrx_word' id='word_1_825' title='bbox 2378 5575 2708 5627; x_wconf 81' lang='lat' dir='ltr'><strong>sententiam</strong></span> <span class='ocrx_word' id='word_1_826' title='bbox 2764 5573 3006 5642; x_wconf 87' lang='lat' dir='ltr'><strong>episcopi</strong></span> <span class='ocrx_word' id='word_1_827' title='bbox 3036 5570 3548 5644; x_wconf 71' lang='grc' dir='ltr'>Οοιιειειιιιὶιιυ,›ο1ἰ-</span> 
     </span>
    </p>
   </div>
   <div class='ocr_carea' id='block_1_118' title="bbox 363 5750 3328 5829">
    <p class='ocr_par' dir='ltr' id='par_1_118' title="bbox 363 5750 3328 5829">
     <span class='ocr_line' id='line_1_118' title="bbox 363 5750 3328 5829; baseline 0.002 -21"><span class='ocrx_word' id='word_1_828' title='bbox 363 5754 440 5829; x_wconf 72' lang='lat'><strong>(2)</strong></span> <span class='ocrx_word' id='word_1_829' title='bbox 481 5754 733 5809; x_wconf 82' lang='lat' dir='ltr'><strong>Socrates</strong></span> <span class='ocrx_word' id='word_1_830' title='bbox 776 5752 933 5816; x_wconf 87' lang='lat' dir='ltr'><strong>dicit,</strong></span> <span class='ocrx_word' id='word_1_831' title='bbox 984 5752 1160 5821; x_wconf 82' lang='lat' dir='ltr'><strong>legem</strong></span> <span class='ocrx_word' id='word_1_832' title='bbox 1212 5750 1350 5806; x_wconf 83' lang='lat' dir='ltr'><strong>hanc</strong></span> <span class='ocrx_word' id='word_1_833' title='bbox 1398 5754 1464 5809; x_wconf 87' lang='lat' dir='ltr'><strong>de</strong></span> <span class='ocrx_word' id='word_1_834' title='bbox 1511 5756 1672 5810; x_wconf 87' lang='lat' dir='ltr'><strong>unius</strong></span> <span class='ocrx_word' id='word_1_835' title='bbox 1702 5758 1867 5812; x_wconf 79' lang='lat' dir='ltr'><strong>Attici</strong></span> <span class='ocrx_word' id='word_1_836' title='bbox 1910 5771 2144 5827; x_wconf 87' lang='lat' dir='ltr'><strong>persona</strong></span> <span class='ocrx_word' id='word_1_837' title='bbox 2175 5755 2536 5812; x_wconf 84' lang='lat' dir='ltr'><strong>constitutam</strong></span> <span class='ocrx_word' id='word_1_838' title='bbox 2572 5754 2759 5812; x_wconf 76' lang='lat' dir='ltr'><strong>fuisse.</strong></span> <span class='ocrx_word' id='word_1_839' title='bbox 2791 5756 2912 5812; x_wconf 85' lang='lat' dir='ltr'><strong>Lib.</strong></span> <span class='ocrx_word' id='word_1_840' title='bbox 2953 5752 3049 5823; x_wconf 58' lang='lat' dir='ltr'><strong>cn,</strong></span> <span class='ocrx_word' id='word_1_841' title='bbox 3082 5773 3202 5827; x_wconf 84' lang='lat' dir='ltr'><strong>cap.</strong></span> <span class='ocrx_word' id='word_1_842' title='bbox 3235 5756 3328 5813; x_wconf 68' lang='grc'><strong>28.</strong></span> 
     </span>
    </p>
   </div>
  </div>
