3910 6218
316 306 451 369 157

1239 306 1841 366 ΕΟΟΙΕΒΙΑΞΤΙΟᾹΞ
1881 311 2268 373 illS'l'ORIJi
2304 315 2449 379 LIB.
2492 318 2647 380 XIV.

3425 323 3559 387 ll58

302 426 336 474 ὁ
360 421 546 489 ’μέγας
576 420 603 470 ό
630 419 727 489 τὴν
751 421 960 492 ἔρημον
989 423 1068 484 είς
1092 421 1249 474 πόλιν
1278 425 1699 491 μετασκευάσας
1721 442 1734 455 ο
1769 428 1875 478 Συ-

1981 432 2154 500 garita
2204 434 2473 506 Pelagiam
2521 451 2643 490 eam
2699 438 3108 506 cognominans,
3171 441 3224 494 in
3250 456 3355 512 qua
3408 458 3558 500 certe

314 512 458 581 μεών
493 529 548 563 τε
582 513 609 562 ό
645 512 742 580 τὴν
768 513 860 566 ἐπὶ
889 512 1082 566 στόλου
1134 514 1354 583 πρῶτος
1388 518 1717 583 κατοίκησιν
1748 517 1880 570 ὑπο-

298 605 489 667 ·εείξας
512 620 525 634 ⁶
569 604 763 666 Νεῖλός
799 621 856 657 τε
912 608 941 659 ό
972 606 1263 668 θεσπέσιος
1284 607 1532 678 ἅσκητής
1557 623 1571 639 ⁸
1616 609 1644 662 ὅ
1671 626 1732 661 τε
1784 609 1879 662 τοῦ

1989 524 2187 579 merito
2218 526 2417 595 aliquis
2470 526 2645 581 divini
2691 527 2883 598 judicii
2934 530 3163 601 pelagus
3226 533 3555 591 admiretur.

1987 618 2172 686 Viguit
2201 634 2331 673 vero
2361 629 2473 673 tum
2519 619 2754 673 maxime
2785 635 3001 690 quoque
3037 622 3089 675 in
3124 626 3355 679 ascetica
3389 627 3556 694 palm,-

312 699 613 768 Πηλουσίου
646 699 938 768 Ἰσίδωρος,
970 703 1063 754 καὶ
1099 704 1128 755 ό
1166 702 1607 774 πολυθρύλλητος
1635 706 1876 777 ἀσκητὴς

1984 718 2095 761 stra
2130 710 2469 776 praecipuus,
2507 719 2563 764 et
2594 709 2702 764 vita
2740 712 3044 765 monastica
3101 713 3354 779 illustris,
3410 733 3559 784 mag-

309 794 559 862 Μάρκος,
585 794 808 866 Ἰωάννῃ
833 795 910 864 τῷ
939 799 1081 849 πάνυ
1116 799 1557 866 μαθητευθέντες
1578 815 1593 830 ·
1621 801 1716 852 καὶ
1741 802 1883 867 Πρό-

307 886 432 946 κλος
458 886 486 936 ὀ
517 884 855 952 Θαυμαστὸς,
887 888 1131 955 σχολαῖος
1155 889 1358 957 διάγων
1379 907 1393 921 ·
1416 890 1512 943 καὶ¹
1538 889 1689 944 ἄλλοι
1727 889 1878 941 πλεῖ-

309 996 444 1041 στοι,
482 980 610 1048 περὶ
640 974 715 1032 ὧν
745 981 800 1042 ἐς
827 979 1056 1049 ὕστερον
1086 982 1441 1052 διαλήψομαι.

1981 814 2088 854 nus
2116 801 2208 855 ille
2231 800 2582 870 Euthymius,
2614 802 2710 871 qui
2734 802 3090 856 solitudinem
3145 805 3199 858 in
3233 808 3385 860 urbis
3444 807 3556 861 for-

1981 903 2124 941 mam
2152 889 2381 959 redegit.
2414 890 2481 944 Et
2516 889 2751 961 Symeon
2807 893 2903 961 qui
2962 892 3173 962 primus
3216 894 3553 951 domicilium

1979 980 2034 1033 in
2065 981 2319 1035 columna
2348 981 2552 1035 habere
2582 982 2819 1036 instituit
2853 999 2868 1039 :
2903 983 3131 1052 insuper
3163 984 3339 1048 Nilus.
3384 986 3554 1041 Asce-

309 1086 391 1126 tes
423 1071 765 1126 venerandus
803 1116 807 1121 .
853 1071 1092 1127 Isidorus
1126 1073 1421 1141 Pclusiota,
1453 1086 1509 1131 et
1559 1075 1885 1132 decantatus
1924 1073 2227 1128 monachus
2264 1072 2500 1137 Marcus,
2561 1073 2790 1128 Joannis
2857 1076 3039 1145 magni
3093 1076 3375 1147 discipuli.
3421 1080 3557 1132 Pro.

304 1174 425 1226 elus
448 1181 711 1240 praeterea
753 1167 844 1220 ille
888 1166 1268 1234 admirandus,
1296 1171 1537 1241 quietam
1591 1174 1792 1242 degens
1854 1169 2042 1235 vitam,
2076 1179 2133 1223 et
2184 1169 2278 1224 alii
2305 1170 2732 1240 quamplurimij,
2761 1171 2828 1225 de
2862 1172 3068 1241 quibus
3127 1184 3320 1244 postea
3380 1185 3436 1232 et
3473 1177 3556 1231 di-

300 1285 447 1323 ςαιιι.

873 1404 1124 1460 ΚΕΦΑΔ.
1150 1407 1268 1461 AA'.

321 1498 414 1558 ’.Ως
442 1500 591 1561 μετὰ
626 1498 898 1548 Eia/mor
922 1497 1247 1563 Νεστόριος
1284 1500 1317 1551 ὀ
1343 1496 1638 1563 αἱρετικὸς
1689 1513 1875 1564 χειρο-

382 1566 631 1618 τονεῖται
656 1564 1025 1636 ἐπίσκοπος·
1067 1567 1164 1618 καί
1201 1565 1281 1631 ὡς
1332 1568 1587 1636 συγχεῖν
1617 1566 1685 1629 ἐξ
1725 1568 1875 1622 ἀλα-

379 1635 611 1699 ζυνεὶας
650 1635 765 1701 τὴν
795 1634 1171 1703 Ἐκκλησίαν
1196 1634 1511 1691 assensi.

2541 1408 2764 1465 CAPUT
2794 1407 2986 1463 XXXI.

1988 1502 2052 1558 Ut
2086 1513 2200 1572 part
2246 1501 2502 1556 Sisinium
2533 1502 2808 1557 Nestorius
2841 1503 3122 1573 hwreticus
3164 1504 3434 1573 episwpus
3466 1522 3553 1559 or-

2057 1576 2297 1635 dinatus,
2353 1590 2446 1641 per
2493 1573 2862 1641 arrogantiam
2914 1572 3077 1624 turbis
3130 1580 3181 1623 et
3243 1575 3549 1630 tumultibus

2058 1644 2317 1714 complere
2349 1642 2640 1697 Ecclesium
2672 1643 2982 1695 instituerit.
3024 1659 3030 1665 ’

378 1748 485 1803 Τοῦ
513 1749 585 1822 δὲ,
610 1752 950 1819 πατριάρχου
981 1747 1240 1814 Σισινίου,
1268 1749 1342 1811 ὡς
1365 1725 1609 1819 εἴρηται,
1634 1749 1695 1803 τὸ
1717 1748 1870 1819 βιοῦν

2044 1758 2252 1816 Sisiuio
2310 1756 2623 1826 patriarcha
2658 1756 2941 1823 defuncto,
2969 1759 3129 1814 sicuti
3190 1760 3399 1817 dictum
3439 1772 3544 1826 est,

311 1841 767 1911 μεταλλάξαντος,
798 1840 911 1892 δεῖν
969 1841 1144 1893 ἐδόκει
1181 1842 1295 1903 τοῖς
1327 1843 1383 1894 ἐν
1418 1843 1715 1911 ὑπεροχαῖς
1768 1858 1874 1911 μη-

307 1935 432 1989 δένα
466 1936 576 1987 τῶν
605 1934 707 2002 τῆς
740 1933 1069 2000 Ἐκκλησίας
1114 1935 1196 1995 εἰς
1232 1933 1331 2003 τὴν
1363 1935 1669 2000 ἐπισκοπὴν
1700 1934 1872 2003 προά-

308 2048 452 2100 γειν,
498 2029 586 2082 διὰ
630 2029 757 2091 τοὺς
807 2027 885 2087 ὡς
934 2028 1090 2097 ἔτυχε
1142 2026 1536 2097 χαριζομένους
1590 2026 1870 2094 ἐπικενῆς.

302 2121 494 2178 Ἦσαν
525 2123 632 2192 γὰρ
660 2123 754 2175 καὶ
786 2117 942 2185 αὖθις
967 2122 1016 2174 oi.
1051 2120 1150 2190 μὲν
1179 2119 1456 2189 Φιλίππῳ,
1484 2120 1534 2172 oi
1559 2117 1617 2172 δὲ
1642 2117 1872 2189 Πρόκλῳ

311 2215 735 2280 σπουδάζοντες·
772 2212 832 2277 ἐξ
883 2210 1191 2280 ἀλλοδαπῆς
1232 2211 1292 2264 δέ
1347 2226 1473 2264 τινα
1519 2208 1871 2281 προχειρίζει-

309 2310 439 2362 σθαι
485 2308 691 2380 ἤθελον.
722 2303 828 2358 Ἦν
883 2305 941 2359 δέ
991 2323 1075 2368 τις
1129 2304 1249 2356 κατ’
1309 2305 1483 2357 ἐκείνο
1529 2302 1749 2370 καιροῦ,
1814 2302 1872 2354 ἐν

318 2399 624 2471 ’Δντιοχείᾳ
660 2398 982 2465 ποιούμενος
1008 2397 1105 2459 τὰς
1129 2395 1437 2464 διατριϐὰς,
1466 2394 1526 2446 τὸ
1557 2394 1714 2460 γένος
1741 2393 1875 2461 Pep-

308 2492 600 2561 μανικεὺς.
635 2487 873 2557 εὔφωνός
904 2505 962 2540 τε
999 2490 1092 2541 καὶ
1123 2486 1367 2549 εὖλαλος,
1406 2485 1503 2556 τὴν
1534 2485 1729 2554 κλῆσιν
1763 2485 1871 2537 Νε-

306 2584 555 2653 στόριος·
590 2581 647 2634 ὃν
677 2581 752 2644 ὡς
787 2581 913 2649 περὶ
943 2581 1005 2634 τὸ
1041 2579 1315 2632 διδάσκειν
1338 2577 1531 2644 δεξιῶς
1560 2580 1776 2647 ἔχοντα,
1809 2579 1873 2630 ἐκ

304 2675 409 2744 τῆς
435 2674 710 2744 Ἀντιόχου
745 2670 1208 2742 μεταστέλλεσθαι
1238 2670 1507 2738 ἔγνωσαν.
1540 2669 1873 2738 Περιόόητος

307 2767 368 2819 δέ
399 2767 492 2819 καὶ
527 2768 582 2817 ἐν
616 2764 938 2834 σωφροσύνῃ
975 2764 1215 2833 μάλιστα
1241 2758 1330 2832 ῆν.
1363 2761 1546 2832 Τριῶν
1567 2761 1624 2815 δὲ
1656 2762 1875 2831 παραρ-

306 2860 547 2928 ρυέντων
606 2858 813 2926 μηνῶν,
863 2857 1060 2924 ἄγεται
1114 2856 1208 2908 καὶ
1253 2853 1454 2909 αὐτίκα
1502 2853 1726 2924 είςητὴν
1774 2851 1876 2921 τῆς

305 2949 730 3003 Κωνσταντίνου
791 2949 1096 3018 ἐπισκοπὴν
1152 2946 1585 3017 προχειρίζεται.
1661 2943 1874 3006 Ὀποϊος

1971 1852 2054 1906 eis
2078 1852 2170 1919 qui
2203 1852 2443 1902 honores
2473 1854 2536 1900 et
2568 1848 2925 1915 magistratus
2970 1850 3257 1919 gerebant,
3314 1853 3544 1921 placuit,

1970 1926 2250 1996 neminem
2272 1955 2345 1993 ex
2368 1940 2489 2008 ejus
2513 1937 2776 1992 Ecclesia:
2801 1940 2952 1993 clero
2993 1944 3313 2009 episcopum
3337 1958 3549 2009 creare,

1971 2043 2200 2104 propter
2231 2045 2427 2084 vanam
2458 2043 2674 2092 eorum,
2706 2028 2801 2097 qui
2836 2030 3101 2084 honorem
3129 2032 3291 2084 talem
3318 2041 3548 2097 temere,

1972 2123 2175 2192 quibus
2200 2121 2302 2190 ipsi
2338 2120 2606 2179 faverent.
2635 2118 2950 2174 mandatum
2984 2121 3260 2183 volebant,
3289 2126 3549 2192 grati-sm.

1974 2213 2188 2268 Rursus
2223 2212 2372 2267 enim
2397 2210 2489 2265 alii
2524 2210 2798 2280 Philippo,
2834 2210 2930 2265 alii
2967 2226 3099 2266 vero
3130 2212 3325 2268 Proclo
3355 2215 3549 2283 cupie-

1974 2306 2128 2367 bant,
2155 2304 2250 2359 sed
2291 2302 2512 2355 aliunde
2542 2304 2853 2371 quempiam
2913 2302 3203 2371 designare
3233 2304 3409 2358 visum
3441 2316 3547 2358 est.

1973 2394 2103 2449 Erat
2131 2402 2248 2446 tum
2268 2392 2592 2456 Antiochiae,
2620 2391 3083 2446 Germaniciensis
3105 2393 3307 2461 patria,
3340 2396 3548 2450 vocalis

1972 2496 2029 2539 et
2071 2484 2343 2541 facundus
2381 2484 2682 2538 Nestorius
2734 2501 2748 2538 :
2799 2484 2947 2537 hunc
2996 2484 3142 2553 quod
3201 2484 3257 2538 in
3313 2487 3549 2540 dicendo

1975 2585 2263 2642 promptus
2293 2583 2348 2628 et
2388 2574 2566 2628 facilis
2596 2586 2765 2641 esset,
2814 2575 3108 2630 Antiochia
3151 2579 3546 2633 accersendum

1976 2678 2313 2730 statuerunt,
2345 2666 2441 2735 qui
2492 2667 2712 2721 laudem
2766 2668 2929 2722 etiam
2957 2669 3233 2724 castitatis
3261 2684 3549 2726 meruerat

1976 2760 2289 2811 maximam.
2329 2757 2714 2813 Practerierant
2750 2773 2970 2812 menses
2994 2769 3129 2825 tres,
3168 2769 3225 2813 et
3258 2761 3347 2816 ille
3374 2763 3551 2816 addu-

1975 2851 2144 2915 citur,
2170 2858 2226 2904 et
2277 2849 2575 2920 episcopus
2599 2844 3248 2920 Constantinoiiolitanus
3299 2863 3545 2910 creatur.

1976 2944 2165 3009 Qualis
2210 2958 2340 2997 vero
2375 2942 2421 2997 is
2453 2945 2537 2995 vir
2568 2943 2754 3007 fuerit,
2788 2945 2964 3012 prima
2993 2945 3178 2999 statim
3204 2946 3325 3015 ejus
3354 2950 3548 3002 concio

298 3041 366 3094 δὲ
395 3043 454 3094 τὸ
480 3036 611 3110 ῆθος
658 3035 748 3110 ῆν,
801 3043 864 3093 ἐκ
915 3040 1015 3107 τῆς
1047 3038 1269 3110 πρώτης
1309 3037 1476 3092 αὑτοῦ
1520 3036 1872 3099 διδασκαλίας

1981 3034 2261 3089 indicavit.
2314 3034 2465 3089 Illico
2526 3049 2765 3101 namque
2831 3046 2954 3105 post
3031 3040 3547 3104 consecrationem,

306 3130 717 3198 κατεμηνὺετο.
750 3130 909 3184 Μετὰ
944 3129 1052 3200 γὰρ
1081 3130 1179 3199 τὴν
1219 3128 1555 3200 χειροτονίαν
1586 3128 1684 3198 τὴν
1719 3144 1877 3196 περι-

302 3222 506 3289 εόητον
557 3221 776 3288 ἐκείνην
828 3220 1010 3289 ἀφῆκε
1072 3219 1259 3290 φωνὴν
1321 3221 1413 3272 ἐπὶ
1455 3220 1743 3290 παρρησίᾳ
1780 3213 1874 3272 τοῦ

306 3311 576 3382 πλήθους,
613 3311 749 3381 πρὸς
781 3311 872 3363 τδν
923 3309 1145 3381 βασιλέα
1174 3312 1266 3363 τὸν
1318 3310 1479 3378 λόγον
1509 3309 1838 3370 ποιούμενος
1857 3323 1870 3338 ⁶

314 3425 337 3457 ι
377 3406 475 3469 Δός
512 3422 620 3473 μοι.
654 3403 850 3471 λέγων,
883 3421 928 3457 ω
957 3402 1203 3473 βασιλεῦ,
1230 3403 1478 3472 καθαρὰν
1502 3403 1601 3473 τὴν
1636 3402 1740 3471 γῆν
1766 3400 1875 3453 τῶν

306 3497 646 3570 σίρετικῶν·
682 3495 837 3563 κάγώ
873 3512 956 3549 σοι
1014 3495 1103 3547 τὸν
1156 3494 1386 3564 οὐρανὸν
1438 3492 1739 3548 ἀντιδώσω.
1795 3491 1866 3543 Σύ

302 3605 409 3658 -μοι
434 3589 560 3646 τοὺς
618 3588 929 3652 αἱρετικους
963 3583 1160 3638 κάθελε
1183 3601 1199 3617 ο
1231 3579 1387 3653 κάγὼ
1419 3582 1742 3651 συγκαθελῶ
1791 3598 1877 3635 σοι

306 3686 441 3743 ’τοῦς
482 3682 719 3747 Πέρσας.
771 3698 789 3729 ι
826 3671 927 3729 Ὧν
957 3678 1290 3748 είρημένων,
1338 3678 1387 3729 οἱ
1431 3676 1532 3746 μὲν
1566 3674 1755 3728 πολλοὶ
1781 3675 1878 3726 καλ⁴

304 3773 585 3842 ἀποδοχῆς
622 3770 807 3841 ὴξίουν
837 3784 849 3798 °
886 3769 1013 3831 τοὺς
1038 3770 1086 3821 δ’
1111 3767 1357 3839 ἀκριϐῶς
1386 3768 1599 3828 εἰδότας
1648 3765 1878 3836 γνώμην

304 3867 374 3917 ἐκ
404 3864 563 3929 λόγου
588 3863 796 3930 κρίνειν
817 3862 876 3912 οὐ
912 3860 1281 3929 διεδίδρασκεν
1314 3857 1439 3911 οὔτε
1469 3857 1531 3910 τὸ
1558 3857 1763 3926 κοῦφον
1778 3859 1877 3927 τῆς

296 3958 572 4019 διανοίας,
609 3952 731 4006 οὔτε
765 3952 810 4005 δ’
836 3950 904 4005 αὖ
936 3951 998 4004 τὸ
1028 3950 1263 4020 θυμικὸν
1289 3953 1348 4002 ἐν
1390 3947 1574 4017 ταυτῷ
1603 3948 1698 4001 καὶ
1725 3946 1878 4000 κενό-

300 4048 499 4113 δοξον⁸
535 4048 616 4100 ὅτι
672 4045 806 4115 μηδὲ
839 4042 1021 4107 καλῶς
1070 4043 1180 4097 τῶν
1227 4040 1464 4095 ἐνταῦθα
1514 4040 1874 4109 γευσάμενος,

308 4143 394 4202 είς
428 4139 555 4200 τοὺς
589 4138 731 4206 ὑπὲρ
756 4136 862 4207 τῶν
890 4134 1149 4188 τοιούτων
1181 4134 1434 4205 προήχθη
1466 4133 1680 4199 λόγους.
1705 4131 1877 4201 Ζῆλον

302 4232 359 4285 δ’
388 4232 531 4298 ὑπὲρ
561 4230 658 4298 τῆς
683 4228 1012 4297 Ἐκκλησίας
1035 4227 1195 4295 δῆθεν
1218 4224 1424 4296 αὐχῶν,
1453 4224 1546 4278 τὸν
1576 4224 1684 4278 τῶν
1702 4225 1879 4293 Ἀρει-

308 4325 461 4378 ανῶν
496 4324 785 4391 εὐκτὴριον
833 4316 980 4372 οἷκον
1012 4321 1281 4371 κατέσπα.
1326 4317 1389 4369 Oi
1436 4317 1481 4369 δ’
1516 4315 1659 4369 οὕτω
1707 4332 1878 4369 κατα-

1979 3128 2328 3182 decantatam
2362 3125 2525 3195 5M
2572 3126 2723 3180 illam
2757 3126 3037 3196 propalam
3066 3130 3214 3197 apud
3260 3133 3547 3200 populum,

1979 3220 2047 3275 ad
2077 3219 2461 3288 imperatorem
2477 3217 2643 3271 verba
2671 3217 2934 3287 dirigens,
2954 3220 3138 3274 emisit
3162 3236 3348 3275 vocem
3378 3239 3391 3274 :
3426 3240 3447 3273 ι
3474 3223 3549 3276 Dn

1979 3313 2137 3374 mihi,
2180 3312 2454 3381 inquiens,
2495 3325 2529 3365 o
2568 3311 2869 3380 imperator
2893 3351 2908 3373 ,
2944 3319 3146 3365 terram
3178 3316 3245 3366 ab
3276 3312 3550 3369 haereticis

1977 3402 2208 3456 liberam
2236 3412 2292 3455 et
2326 3415 2538 3470 puram.
2568 3412 2624 3456 et
2645 3418 2746 3472 ego
2785 3403 2882 3455 tibi
2932 3403 3130 3458 caelum
3158 3404 3398 3457 vicissim
3426 3405 3551 3458 red-

1978 3494 2125 3548 dam.
2159 3493 2241 3547 Tu
2268 3493 2403 3546 mihi
2437 3493 2726 3549 haereticos
2747 3495 3012 3563 exstirpa,
3031 3505 3087 3547 et
3113 3510 3216 3565 ego
3242 3497 3337 3551 tibi
3366 3496 3549 3551 Persis

1979 3584 2228 3640 delendis
2250 3584 2439 3639 adero.
2493 3604 2513 3637 ι
2555 3585 2680 3638 Haec
2723 3588 2844 3656 ejus
2906 3586 3054 3641 dicta
3102 3586 3262 3640 multi
3316 3587 3540 3656 quidem

1980 3676 2424 3745 comprobarunt.
2452 3675 2556 3741 Qui
2594 3691 2727 3731 vero
2758 3687 2912 3732 certo
2944 3682 3129 3732 sciunt
3185 3677 3428 3731 animum
3478 3693 3548 3731 ex

1979 3770 2166 3824 verbis
2201 3768 2618 3837 dijudicandum
2645 3784 2791 3833 esse,
2819 3769 2898 3824 illi
2939 3771 3138 3824 mentis
3187 3773 3309 3841 ejus
3355 3771 3548 3823 levita-

1982 3872 2109 3927 tem,
2138 3863 2381 3916 animum
2409 3871 2777 3932 arrogantem,
2822 3874 2878 3918 et
2907 3878 3100 3917 vanam
3124 3865 3353 3933 gloriam
3385 3864 3552 3918 affec-

1983 3966 2208 4020 tantem,
2256 3955 2743 4024 deprehenderunt
2792 3972 2808 4009 :
2864 3965 3154 4025 propterea
3204 3956 3376 4023 quod,
3425 3970 3548 4009 cum

1979 4048 2222 4102 nondum
2251 4046 2553 4116 quidquam
2602 4046 2678 4101 ibi
2722 4047 2854 4101 satis
2882 4046 3247 4115 degustasset,
3296 4048 3365 4100 ad
3401 4048 3550 4117 ejus-

1979 4139 2197 4196 cemodi
2230 4138 2533 4207 productus
2560 4139 2629 4193 sit
2660 4139 2845 4193 verba.
2874 4138 3063 4193 Zelum
3086 4154 3220 4193 vero
3253 4149 3308 4192 et
3329 4141 3551 4193 annula-

1980 4230 2184 4286 tionem
2229 4230 2429 4285 deinde
2464 4246 2562 4298 pro
2584 4230 2830 4285 Ecclesia
2881 4230 3120 4299 spirans,
3153 4230 3326 4285 atdem
3359 4246 3550 4298 preca-

1981 4323 2176 4378 toriam
2210 4323 2539 4377 Arianorum
2586 4323 2883 4379 demolitus
2931 4333 3035 4377 est.
3069 4325 3248 4392 Atque
3306 4324 3379 4377 illi
3416 4333 3553 4378 tem-

311 4413 607 4482 σπώμενον
637 4412 869 4479 ὁρῶντες
892 4409 1073 4472 αὐτὸν,
1109 4407 1221 4477 πῦρ
1252 4407 1602 4477 ἐμϐαλόντες,
1628 4412 1687 4460 οὐ
1720 4409 1876 4476 μόνον

1987 4416 2136 4485 plum
2169 4429 2328 4470 suum
2353 4413 2597 4470 dirutum
2640 4424 2954 4477 cernentes,
2985 4414 3109 4483 igne
3155 4414 3381 4482 insuper
3415 4430 3516 4468 con
3539 4445 3551 4455 -

307 4509 544 4567 ἐκεῖνον,
574 4504 709 4561 ἀλλὰ
731 4505 826 4555 καὶ
852 4494 988 4555 πολύ
1023 4517 1075 4552 τι
1107 4499 1273 4571 μέρος
1306 4500 1415 4551 τῶν
1450 4499 1879 4569 παρακειμένων

307 4598 390 4665 τῷ
422 4594 571 4665 τόπῳ
604 4594 915 4662 ἀνήλισκον.
970 4591 1112 4660 (Iph;
1151 4590 1206 4642 δὲ
1239 4591 1333 4643 καὶ
1377 4589 1747 4653 Ναυατιανοὺς
1786 4606 1882 4642 τα-

311 4693 537 4762 ρὰττειν
563 4690 854 4742 ὲπὲὅαλεν.
894 4687 966 4739 Οὐ
1003 4688 1162 4754 μόνον
1214 4684 1271 4735 δέ
1319 4683 1563 4745 τούτους,
1619 4682 1753 4735 ἀλλὰ
1787 4681 1883 4733 καὶ

304 4786 432 4836 ὅσοι
465 4785 591 4848 περὶ
625 4779 814 4832 Ἀσίαν
841 4766 939 4829 καί
962 4772 1163 4828 Λυδίαν
1195 4774 1290 4828 καὶ
1324 4773 1538 4844 Καρίαν
1569 4774 1882 4841 Τεσσαρεσ-

307 4874 695 4929 καιδεκατῖτλι
742 4867 905 4939 ἦσαν,
958 4872 1039 4920 ἐτι
1096 4867 1151 4920 δέ
1203 4866 1302 4918 καὶ
1346 4866 1476 4934 περὶ
1506 4863 1746 4932 Μίλητον
1790 4863 1882 4913 καί

303 4966 564 5035 Σάρδεις,
594 4959 665 5015 ὧν
699 4962 900 5026 πολλοὶ,
932 4960 1028 5013 καὶ
1064 4959 1311 5020 στάσεως
1355 4956 1424 5010 δι’
1459 4955 1621 5008 αὐτὸν
1651 4955 1881 5021 γενομέ-

306 5073 433 5124 νης,
466 5056 556 5106 τὸν
591 5054 706 5122 βίον
749 5052 1034 5104 ἀπέλιπον.
1083 5047 1419 5118 Προφὰσεως
1452 5046 1496 5097 δ’
1528 5045 1878 5115 είλημμένος,

305 5147 506 5210 ὅτιπερ
533 5144 581 5195 οἱ
610 5140 949 5195 Μακεδονίου
981 5137 1270 5189 Ἀντώνιον
1295 5137 1385 5186 τὸν
1412 5133 1629 5202 ι’έρμης
1663 5134 1884 5185 ἐπίσκο-

309 5254 445 5298 πον,
473 5234 677 5302 σφόδρα
705 5233 951 5293 ἐκείνους
971 5229 1220 5282 κελεύσει
1238 5225 1533 5297 Νεστορίου
1566 5225 1881 5291 ἐλαύνοντα,

305 5331 692 5397 διεχρήσαντο,
733 5323 1095 5382 ὑποϐαλόντες
1125 5319 1297 5385 τινὰς,
1337 5323 1394 5371 ἐν
1426 5318 1664 5388 δευτέρῳ
1713 5321 1883 5385 τάγα-

311 5425 412 5477 Θὲν
442 5421 534 5473 τοῦ
569 5420 721 5491 ἡδέος
755 5420 1133 5489 ποιουμένους,
1162 5416 1389 5477 καὶτὰς
1422 5415 1649 5467 ἐκείνων
1683 5415 1884 5483 ἐκκλη-

308 5518 441 5575 σίας
481 5512 732 5580 ὑφείλετο
761 5529 776 5542 σ
837 5510 931 5572 τάς
958 5527 1017 5562 τε
1070 5511 1127 5563 ἐν
1171 5508 1749 5561 Κωνσταντινουπόλει
1788 5513 1881 5561 καὶ

307 5611 374 5661 ἐν
430 5604 692 5673 Κυζίκῳ,
747 5605 843 5655 καὶ
888 5605 1000 5665 τοῖς
1035 5600 1473 5670 Ἑλλησποντίοις
1522 5603 1748 5669 ἀγρνλῖςο
1805 5595 1881 5653 ὧν

308 5711 460 5757 τινες
496 5692 809 5763 βιαζόμενοι
840 5692 934 5745 καὶ
964 5694 1029 5761 τῇ
1059 5690 1153 5744 τοῦ
1180 5689 1469 5761 ὁμοουσίου
1502 5691 1682 5744 πίστει
1718 5691 1876 5743 συνέ-

1983 4507 2150 4577 jecto,
2208 4506 2399 4559 nonid
2446 4506 2632 4570 modo,
2686 4508 2779 4558 sed
2827 4515 2883 4558 et
2934 4519 3185 4574 magnam
3241 4505 3551 4558 vicinorum

1982 4598 2339 4653 uadiliciorum
2368 4608 2579 4666 partem
2632 4607 3079 4651 concremarunt.
3111 4596 3318 4649 Deinde
3368 4594 3551 4650 Nova~

1987 4690 2164 4742 tianos
2192 4703 2410 4757 quoque
2436 4686 2657 4740 turbare
2683 4702 2970 4757 aggressus
3004 4695 3109 4740 est.
3144 4686 3265 4739 Non
3300 4702 3394 4740 eos
3419 4703 3551 4740 vero

1984 4780 2183 4840 solum,
2214 4794 2406 4833 verum
2430 4777 2594 4831 etiam
2639 4777 2732 4845 qui
2795 4792 2895 4846 per
2946 4777 3148 4839 Asiam,
3208 4776 3438 4846 Libyam
3494 4789 3549 4832 et

1983 4867 2225 4931 Cariam,
2255 4877 2310 4919 et
2344 4866 2440 4934 qui
2492 4874 2760 4936 praeterea
2809 4866 2977 4919 Mileti
3023 4876 3078 4919 et
3126 4864 3315 4919 Sardis
3371 4876 3547 4925 erant.

1984 4958 2573 5025 Quatuordecimanos,
2634 4974 2868 5027 quorum
2943 4958 3102 5013 multi
3166 4958 3436 5014 seditione
3496 4968 3552 5011 ct

1984 5049 2221 5105 tumultu
2259 5061 2481 5117 propter
2508 5050 2682 5117 ipsum
2714 5049 2989 5103 concitato
3020 5049 3298 5105 interiere.
3334 5051 3552 5105 Etcum
3612 5084 3618 5091 -

1986 5140 2362 5194 Macedoniani
2413 5140 2714 5194 Antonium
2774 5141 3093 5209 episcopum
3171 5140 3553 5205 Germensem,

1984 5234 2076 5305 qui
2116 5248 2211 5286 eos
2238 5232 2477 5285 Nestorii
2495 5232 2651 5302 jussu
2682 5231 2975 5285 admodum
2998 5232 3289 5302 afﬂigebat.
3323 5249 3554 5302 percus-

1984 5323 2205 5377 soribus
2233 5322 2566 5391 quibusdam
2601 5310 2912 5386 submissis,
2938 5324 3033 5393 qui
3083 5324 3422 5393 voluptatem
3456 5325 3554 5376 ho-

1985 5425 2140 5468 nesto
2177 5413 2888 5483 prwl‘erunt,jngulasseht,
2943 5414 3289 5467 occasionem
3343 5428 3465 5466 eam
3498 5422 3555 5467 et

1986 5523 2204 5561 causam
2254 5507 2509 5576 arripuit,
2547 5516 2601 5559 et
2634 5506 2898 5560 ecclesias
2931 5505 3013 5559 eis
3050 5504 3553 5574 Constantinopoli,

1985 5600 2187 5671 Cyzici,
2225 5610 2281 5654 et
2320 5602 2373 5652 in
2419 5598 2773 5667 Hellesponto
2802 5597 3030 5651 ademit.
3060 5595 3135 5649 Ex
3168 5596 3371 5665 quibus
3410 5611 3554 5649 non-

1986 5694 2118 5746 nulli
2146 5692 2194 5745 vi
2215 5707 2276 5747 ea
2301 5693 2498 5754 adacti,
2526 5706 2584 5747 se
2612 5689 2676 5744 ad
2702 5686 3013 5757 ὁμοουσίου,
3043 5686 3555 5750 eonsuhstantialis,
