3910 6218
258 364 390 431 1161

1145 368 1749 428 ECCLESIASTiC.‘E
1793 367 2175 427 illSTClIHE
2217 368 2362 426 LiB.
2409 368 2565 430 XlV.

3371 355 3506 415 1162

250 489 352 552 τὴν
377 479 933 548 Ἐκκλησιαστικὶρν
976 479 1276 549 ’1στοράν
1306 481 1668 549 συντεταχώς,
1701 479 1826 532 τάδε

1944 485 2132 536 sensim
2165 483 2441 536 inducere.
2495 483 2550 534 In
2579 489 2787 533 tantum
2816 492 2946 529 sane.
2971 468 3197 543 qua'SLio
3229 468 3343 521 haec
3391 469 3504 533 agi-

251 575 382 644 περὶ
415 574 515 641 τῆς
545 572 706 638 δόξης
739 573 1040 641 Νεστορίου
1072 574 1324 636 διέξεισιν
1349 589 1363 604 ο
1404 591 1422 623 ι
1471 573 1637 639 Ἐγὼ,
1669 573 1824 641 φησὶ,

249 674 364 729 τοῖς
406 667 558 734 παρὰ
583 665 887 734 Νεστορίου
923 667 1187 719 ἑκδοθεῖσι
1229 667 1407 734 λόγοις
1441 665 1704 733 ἐντυχὼν,
1734 667 1831 734 ἁγ-

250 758 477 811 νοσῦντα
507 757 598 808 τὸν
638 757 806 824 ἄνδρα.
859 757 1204 826 ἐφεύρισκον,
1237 759 1333 810 καὶ
1379 755 1520 826 μετὰ
1561 756 1828 826 ,ἀληθείας

251 854 386 919 ὲρῶ.
415 849 556 902 Οὐδὲ
593 848 701 918 γὰρ
726 847 849 900 οὔτε
887 849 1329 918 ἀπεχθανόμενος
1363 849 1499 918 πρὸς
1529 851 1711 914 αὐτὸν,
1755 845 1830 902 ὧν

252 940 399 1012 εἶχεν
459 941 868 1010 ἐλαττωμάτων
932 941 1242 1010 ἐμνήσθην,
1297 939 1424 994 οὔτε
1473 941 1830 1011 χαριζόμενός

251 1052 419 1099 τισιν,
445 1033 480 1088 ἃ
512 1031 834 1086 ἑλαττοῦντα
864 1032 1100 1101 ἐφεῦρον
1129 1032 1460 1101 ἐκθήσομαι.
1499 1031 1574 1099 Οὔ
1610 1051 1699 1101 μοι
1741 1033 1830 1084 δο-

253 1126 339 1175 κεῖ
370 1125 398 1176 6
423 1123 745 1190 Νεστόριος,
774 1119 900 1172 οὔτε
953 1120 1047 1172 τὸν
1075 1121 1398 1188 Σαμοσατέα
1448 1119 1682 1185 Παῦλον,
1707 1121 1831 1173 οὔτε

257 1213 364 1282 μὴν
394 1212 660 1262 Φωτεινὸν
713 1209 1077 1278 μιμούμενος,
1108 1209 1264 1277 ψιλὸν
1310 1207 1598 1276 ἄνθρωπον
1648 1206 1832 1273 λέγειν

253 1306 348 1356 τὸν
380 1301 584 1371 Κύριον
606 1318 620 1331 ο
649 1301 785 1354 ἀλλὰ
811 1301 908 1370 τὴν
932 1300 1076 1365 λέξιν
1112 1301 1281 1368 μόνην
1330 1299 1406 1361 ὡς
1448 1303 1518 1352 τὰ
1551 1299 1830 1368 μορμολύ-

255 1413 381 1447 κεια
425 1393 756 1463 πεφόϐηται.
790 1393 900 1444 Καὶ
940 1390 1102 1445 τοῦτο
1133 1391 1406 1445 πέπονθεν
1447 1391 1552 1444 ὑπὸ
1593 1390 1831 1459 ἀμαθίας

257 1487 494 1555 πολλῆςι
545 1485 792 1554 φυσικῶς
845 1486 954 1553 γὰρ
1012 1483 1238 1547 εῦλαλος
1279 1485 1375 1549 ὢν,
1431 1484 1831 1538 πεπαιδεῦσθαι

260 1575 362 1645 μὲν
413 1573 696 1644 ἐνομίζετο
722 1616 736 1640 ,
773 1575 840 1643 τῇ
888 1574 944 1626 δὲ
1000 1572 1226 1643 ἀληθείᾳ
1269 1573 1554 1640 ἀνάγωγος
1601 1567 1708 1641 ἦν,
1740 1574 1833 1624 καὶ

253 1669 354 1730 τὰς
381 1667 490 1721 τῶν
522 1665 768 1720 παλαιῶν
796 1665 1116 1735 ἑρμηνεύων
1153 1665 1392 1732 βίϐλους,
1433 1665 1666 1735 ἀπηξίου
1699 1683 1830 1735 μαν-

257 1760 462 1815 θάνειν.
495 1759 812 1827 Τυφόμενος
871 1759 980 1828 γὰρ
1031 1757 1134 1809 ὑπὸ
1186 1758 1284 1825 τῆς
1332 1757 1689 1825 εὐγλωττίας,
1729 1757 1829 1810 οὐκ

257 1851 504 1921 ἀκριϐῶς
559 1852 815 1920 προσεῖχε
871 1851 984 1912 τοῖς
1052 1848 1340 1913 παλαιοῖς,
1403 1847 1542 1901 ἀλλὰ
1609 1847 1830 1901 πάντων

258 1941 549 2011 κρείττονα
597 1939 849 2006 ἐνόμιζεν
887 1936 1104 1991 ἑαυτόν.
1151 1936 1360 1989 Λύτίκα
1400 1935 1531 2002 γοῦν
1560 1936 1830 2006 ἠγνόησεν

254 2035 341 2087 ὅτι
381 2034 436 2084 ἑν
462 2035 528 2102 τῇ
560 2031 840 2101 Καθολικῇ
863 2029 1110 2084 Ἰωάννου
1143 2029 1454 2099 γέγραπται
1497 2028 1554 2082 ἑν
1585 2029 1698 2090 τοῖς
1728 2045 1832 2081 πα-

254 2125 431 2185 λαιοῖς
468 2121 842 2190 ἀντιγράφοις,
893 2121 974 2173 ὅτι
1013 2119 1144 2174 Πᾶν
1188 2121 1427 2190 πνεῦμα
1475 2121 1508 2173 ὃ
1558 2121 1694 2174 λύει
1725 2122 1833 2174 τὸν

271 2215 544 2282 Ἰησοῦν,
596 2214 714 2268 ἀπὸ
780 2213 886 2266 τοῦ
945 2213 1094 2267 Θεοῦ
1126 2215 1237 2267 οὐκ
1273 2213 1692 2282 ἔστι.,Ταύτην
1724 2213 1834 2284 γὰρ

257 2310 363 2380 τὴν
389 2309 630 2363 διάνοιαν
661 2308 723 2360 ἑκ
762 2306 870 2360 τῶν
907 2306 1152 2361 παλαιῶν
1176 2308 1532 2375 ἀντιγράφων
1560 2306 1834 2376 περιεῖλον

256 2404 311 2454 οἱ
348 2401 602 2471 χωρίζειν
628 2400 735 2453 ἀπὸ
762 2398 856 2452 τοῦ
885 2399 986 2467 τῆς
1015 2400 1336 2468 οἰκονομίας
1381 2398 1674 2468 ἀνθρώπου
1707 2398 1834 2468 βου⁶

257 2493 480 2562 λόμενοι
512 2494 612 2562 τὴν
668 2491 921 2561 θεότητα,
973 2491 1088 2545 Διὸι
1115 2492 1211 2545 καὶ
1254 2493 1302 2544 oi
1330 2491 1552 2545 παλαιοὶ
1579 2493 1836 2561 ἑρμηνεῖς

261 2585 397 2638 αὐτὸ
426 2584 587 2636 τοῦτο
630 2583 1076 2652 ἐπεσημήναντο,
1129 2581 1204 2644 ὥς
1255 2600 1402 2646 τινες
1439 2579 1550 2635 εἷεν
1583 2585 1836 2654 ῥᾳδιουρ-

260 2674 538 2742 γήσαντες
592 2673 691 2741 τὴν
733 2671 1046 2735 ἐπιστολὴν,
1093 2671 1238 2723 λύειν
1277 2673 1384 2724 ἀπὸ
1419 2673 1510 2724 τοῦ
1563 2672 1697 2725 Θεοῦ
1747 2674 1839 2724 τὴν

258 2761 554 2831 ἄνθρωπον
584 2761 849 2822 θέλοντες.
876 2758 1316 2829 Συνανείληπται
1338 2760 1394 2812 δὲ
1416 2761 1448 2830 η
1479 2760 1835 2829 ἁνθρωπότης

259 2857 330 2923 τῇ
367 2853 626 2922 θεότητι,
669 2853 766 2907 καὶ
814 2852 999 2904 οὐκέτι
1045 2852 1152 2904 εισι
1196 2851 1310 2918 δύο,
1351 2851 1492 2904 ἀλλὰ
1539 2851 1630 2904 ἓν·
1681 2851 1840 2906 τοῦτο

265 2947 606 3018 θαρροῦντες
639 2946 689 2999 οἱ
715 2945 961 3006 παλαιοὶ,
979 2945 1247 3000 Θεοτόκον
1277 2943 1461 3012 λέγειν
1490 2944 1590 3016 τὴν
1619 2945 1839 3015 Μαρίαν

261 3043 367 3094 οὐκ
399 3040 673 3110 ὤκνησαν.
726 3038 885 3094 Οὕτω
917 3040 1027 3108 γὰρ
1059 3040 1154 3092 καὶ
1187 3039 1216 3091 6
1251 3037 1540 3107 Παμφίλου
1579 3037 1840 3101 Εὐσέϐιος

263 3135 327 3184 ἒν
361 3131 436 3200 τῷ
493 3131 663 3201 τρίτῳ
713 3131 858 3200 λόγῳ
890 3129 970 3199 τῷ
1009 3131 1089 3192 είς
1129 3128 1220 3182 τὸν
1255 3129 1378 3182 Βίον
1425 3127 1836 3182 Κωνσταντίνου
1863 3165 1908 3230 C

265 3223 415 3277 κατὰ
442 3222 587 3289 λέξιν
619 3223 792 3278 ταῦτά
817 3240 952 3294 φησι
979 3238 993 3254 ·
1030 3224 1140 3276 Καὶ
1168 3222 1276 3292 γὰρ
1300 3224 1393 3276 καὶ
1425 3223 1679 3292 γέννησιν
1708 3224 1842 3276 ὐπο-

271 3315 517 3385 μένεινό
569 3314 688 3384 μεθ’
716 3315 866 3384 ἡμᾶς
921 3314 1054 3378 Θεὸς
1102 3315 1169 3368 δι’
1221 3315 1372 3384 ἡμᾶς
1420 3313 1715 3384 ἠνέσχετο·
1745 3316 1842 3369 καὶ

266 3407 439 3468 τόπος
473 3405 636 3458 αὑτοῦ
666 3406 766 3476 τῆς
793 3408 1064 3476 ινσάρκου
1089 3407 1398 3477 γεννήσεως
1427 3407 1688 3474 ὀνομαστὶ
1711 3410 1841 3479 παρ’

279 3498 559 3568 Ἑϐραίοις
590 3499 625 3568 ὴ
659 3499 907 3568 Βηθλεὲμ
952 3498 1306 3570 ἑλιηρύττετο.
1342 3500 1434 3552 Διδ
1455 3501 1520 3569 δὴ
1549 3501 1646 3554 καὶ
1684 3501 1719 3570 ἠ
1748 3499 1843 3570 βα-

271 3592 492 3644 σίλισσα
528 3590 717 3662 Ἑλένη
774 3593 806 3661 ἡ
863 3591 1254 3662 Θεοφιλεστάτη
1295 3593 1393 3662 τῆς
1445 3592 1713 3646 Θεοτόκου
1743 3592 1843 3664 τὴν

272 3681 475 3751 κύησιν
536 3684 785 3752 μνήμασι
822 3681 1150 3749 θαυμασίοις
1183 3683 1431 3753 ἐκόσμει,
1467 3685 1736 3748 παντοίως
1783 3686 1843 3738 τὸ

268 3774 400 3845 τῇδε
434 3775 577 3843 ίερδν
600 3773 794 3844 ἄντρον
818 3774 1206 3845 φαιδρύνουσα.
1238 3778 1343 3831 Καὶ
1384 3777 1666 3848 Ὦριγένης
1692 3778 1752 3832 δὲ
1787 3780 1846 3831 ἐν

268 3869 352 3938 τῷ
387 3867 557 3938 τρίτῳ
590 3869 739 3937 τόμῳ
769 3870 879 3921 τῶν
940 3872 1019 3934 είς
1053 3871 1152 3939 τὴν
1204 3871 1340 3941 πρὸς
1383 3869 1694 3940 Ῥωμαίους
1749 3873 1845 3925 τοῦ

282 3959 618 4014 Ἀποστόλου
667 3959 1010 4028 Ἐπιστολὴν,
1061 3960 1383 4030 ἑρμηνεύων
1416 3962 1533 4025 πῶς
1588 3963 1846 4025 Θεοτόκος

267 4054 500 4120 λέγεται
533 4050 778 4114 πλατέως
809 4053 1061 4124 ἐξήτασε.
1088 4055 1343 4108 Φαίνεται
1372 4055 1554 4109 τοίνυν
1584 4057 1612 4109 ό
1643 4055 1847 4110 Νεστό-

269 4164 398 4216 ριος
425 4149 698 4220 ἀγνοήσας
729 4148 826 4210 τὰς
862 4148 1252 4218 πραγματείας
1275 4150 1387 4202 τῶν
1414 4149 1693 4202 παλαιῶνο
1744 4149 1858 4217 διὸ,

271 4241 465 4304 καθὼς
496 4243 652 4312 ἔφην,
677 4243 779 4314 τὴν
807 4241 954 4305 λέξιν
982 4242 1149 4312 μόνην
1175 4241 1545 4312 περιίσταται.
1575 4241 1653 4297 Οὐ
1687 4244 1849 4314 μόνον

270 4335 336 4388 δὲ
372 4337 471 4393 τὴν
527 4334 690 4398 λέξιν,
743 4333 882 4388 ἀλλὰ
933 4335 1026 4387 καὶ
1062 4334 1344 4397 παντελῶς
1390 4335 1525 4387 Θεὸν
1568 4333 1712 4389 εἶναι
1760 4337 1851 4390 τὸν

271 4425 614 4494 γεννηθέντα
664 4425 965 4495 ἠρνήσατο.
1021 4426 1082 4478 ’0
1141 4425 1248 4495 γὰρ
1304 4426 1592 4496 γεννηθεὶς
1643 4429 1706 4480 ἐκ
1753 4429 1852 4496 τῆς

1931 585 2038 628 tata
2065 583 2168 636 est,
2205 583 2260 626 ut
2299 572 2595 627 universali
2646 571 2813 625 etiam
2871 581 3010 636 opus
3056 571 3203 618 esset
3271 559 3502 630 synodo.

1929 665 2101 718 Porro
2128 665 2401 726 Socrates,
2438 664 2530 732 qui
2564 661 2985 715 Ecclesiasticam
3025 656 3304 710 historiam
3369 667 3506 704 con-

1932 753 2178 821 scripsit,
2231 752 2299 805 de
2351 751 2588 806 Nestorii
2646 749 2907 818 opinione
2948 747 3063 800 haec
3087 752 3502 799 commemorat.

1941 864 1960 895 ι
2011 846 2145 913 Ego,
2179 844 2380 913 inquit,
2433 860 2554 898 cum
2585 844 2733 898 edita
2771 858 2799 894 a
2831 839 3085 894 Nestoriu
3117 839 3320 905 scripta
3357 836 3502 902 lege-

1937 949 2052 988 rem
2086 934 2400 1003 imperitum
2425 933 2702 987 hominem
2743 946 2864 985 esse
2890 929 3068 997 reperi
3096 945 3110 978 :
3150 936 3312 994 atque
3347 925 3397 978 id
3431 925 3503 977 ita

1938 1041 2065 1078 vere
2094 1025 2277 1080 dicere
2311 1038 2554 1093 possum.
2584 1022 2772 1090 Neque
2823 1019 2970 1072 enim
3000 1017 3128 1070 odio
3161 1016 3384 1078 ductus,
3422 1024 3502 1066 te-

1937 1117 2161 1170 nuitatis
2187 1118 2303 1186 ejus
2335 1132 2438 1184 qua
2463 1114 2586 1168 aliis
2618 1113 2844 1176 inferior
2877 1111 3000 1175 fuit,
3033 1111 3335 1162 meminero
3368 1124 3382 1168 ;
3410 1120 3508 1158 ne-

1933 1220 2038 1270 que
2086 1206 2342 1272 cuiquam
2376 1204 2735 1274 gratificatus,
2777 1204 2980 1271 quibus
3041 1203 3179 1256 alios
3225 1200 3508 1268 snperavit

1933 1298 2090 1350 dotes
2118 1311 2412 1366 exponam.
2460 1297 2579 1351 Non
2624 1297 2756 1350 mihi
2819 1296 3038 1349 videtur
3097 1292 3383 1348 Nestorins
3419 1292 3506 1344 vel

1879 1448 1883 1453 _
1934 1387 2160 1440 Paulum
2221 1387 2654 1450 Samnsatenum,
2723 1388 2805 1441 vel
2883 1386 3177 1440 Photinum
3242 1385 3506 1445 imitatus,

1933 1495 2142 1534 merum
2177 1481 2454 1536 hominem
2481 1482 2768 1536 Dominum
2803 1480 3014 1544 dicere,
3053 1478 3150 1533 sed
3178 1477 3506 1531 vocabulum

1934 1573 2110 1640 ipsum
2174 1582 2383 1626 tantum
2465 1574 2626 1628 sicuti
2691 1575 2892 1627 larvam
2953 1571 3292 1633 reformidat,
3344 1569 3510 1637 idque

1933 1675 2158 1733 propter
2187 1665 2412 1718 multam
2441 1665 2770 1734 imperitiam
2802 1666 2954 1720 facit.
2974 1664 3108 1720 Cum
3141 1679 3376 1732 namque
3413 1679 3511 1716 na-

1938 1757 2096 1812 turali
2125 1756 2361 1825 quadam
2399 1758 2656 1812 facundia
2683 1758 2948 1826 pra‘ditus
2977 1768 3144 1823 esset,
3180 1757 3352 1826 probe
3385 1757 3509 1824 qui-

1865 1829 1902 1881 Β
1933 1845 2056 1897 dent
2088 1846 2339 1900 eruditus
2397 1862 2520 1900 esse
2571 1849 2868 1915 putabatur
2903 1866 2916 1901 :
2954 1863 3010 1901 re
3059 1857 3241 1902 autem
3277 1848 3391 1916 ipsa
3423 1848 3510 1899 in-

1933 1937 2149 2002 ductus,
2183 1946 2238 1991 et
2263 1947 2508 1992 veterum
2542 1939 2904 2008 interpretum
2954 1941 3124 1994 libros
3159 1955 3379 1994 versare
3414 1955 3512 1991 no-

1933 2033 2034 2086 luit
2066 2050 2077 2084 :
2106 2030 2376 2098 siquidem
2426 2030 2665 2100 expetita
2699 2031 2896 2100 linguae
2926 2031 3277 2085 volubilitate
3306 2031 3513 2090 elatus,-

1934 2124 2179 2176 animum
2215 2121 2280 2174 ad
2313 2122 2531 2176 illorum
2557 2122 2758 2190 scripta
2789 2138 2896 2174 non
2927 2129 3183 2178 accurate
3245 2121 3510 2181 intendit,

1935 2215 2028 2269 sed
2062 2215 2302 2283 seipsum
2351 2214 2610 2268 omnibus
2667 2216 3106 2282 praestantiorem
3157 2228 3280 2268 esse
3331 2213 3508 2266 duxit.

1935 2307 2120 2375 Itaque
2154 2306 2287 2359 illud
2335 2307 2519 2360 statim
2552 2321 2622 2359 ex
2659 2305 2928 2359 Catholica
2983 2305 3213 2360 Joannis
3241 2305 3510 2373 Epistola,

1935 2399 2081 2467 quod
2106 2398 2157 2450 in
2183 2397 2414 2451 vetustis
2433 2396 2850 2465 exemplaribus
2882 2396 3147 2462 scriptum
3174 2405 3260 2448 est
3293 2397 3512 2464 ignora-

1935 2491 2016 2544 vit
2057 2489 2246 2554 :Quod
2275 2489 2496 2558 spiritus
2525 2489 2714 2553 omnis,
2756 2489 2846 2557 qui
2881 2487 3061 2540 Iesum
3093 2485 3273 2552 solvit,
3311 2503 3374 2539 ea:
3407 2488 3512 2539 Deo

1939 2582 2226 2636 nonest‘.
2262 2580 2398 2636 Nam
2439 2581 2769 2636 sententiam
2835 2580 2996 2644 hanc,
3048 2579 3141 2648 qui
3195 2579 3264 2633 ab
3338 2579 3514 2633 admi-

1937 2674 2262 2728 nistratione
2312 2673 2552 2728 hominis
2586 2674 2638 2727 in
2664 2673 2885 2728 Christo
2930 2673 3276 2728 divinitatem
3331 2689 3513 2743 segre-

1938 2782 2068 2836 gare
2098 2766 2410 2832 voluerunt,
2444 2782 2512 2821 ex
2553 2762 2797 2836 antiquis
2827 2767 3233 2836 exemplaribus
3275 2768 3513 2820 sustule-

1939 2867 2090 2913 runt.
2129 2858 2478 2931 Quapropter
2509 2871 2566 2916 et
2604 2862 2773 2931 prisci
2808 2863 3143 2930 interpretes
3171 2863 3274 2916 hoc
3325 2863 3506 2931 ipsum

1940 2949 2275 3018 indicarunt,
2300 2951 2474 3008 fuisse
2501 2953 2762 3008 nimirum
2793 2953 3087 3023 quosdam,
3143 2954 3241 3024 qui
3295 2955 3518 3024 Episto-

1939 3041 2050 3096 lam
2084 3057 2206 3098 eam
2262 3044 2640 3115 depravarint,
2701 3045 2980 3101 hominem
3044 3061 3075 3103 a
3143 3046 3256 3102 Deo
3304 3048 3519 3103 solvere

1940 3136 2212 3193 volentes.
2251 3140 2544 3210 Assumpta
2574 3149 2758 3195 autem
2801 3149 2886 3195 est
2919 3155 2950 3195 a
3003 3139 3289 3196 divinitate
3323 3141 3521 3196 huma-

1941 3229 2109 3294 nitas,
2140 3239 2195 3285 et
2213 3231 2326 3302 jam
2355 3246 2464 3286 non
2500 3231 2610 3287 duo
2633 3243 2802 3299 sunt,
2833 3234 2928 3288 sed
2966 3249 3134 3288 unum
3176 3250 3190 3288 :
3224 3249 3335 3303 quo
3371 3245 3519 3289 vete-

1943 3337 2032 3377 res
2078 3322 2225 3386 freti,
2273 3321 2496 3377 Mariam
2555 3322 2836 3389 Θεοτόκον,
2879 3325 2985 3380 hoc
3011 3335 3115 3393 est,
3157 3325 3248 3380 Dei
3278 3326 3520 3381 Genitri-

1943 3429 2062 3481 cem
2085 3414 2272 3468 dicere
2305 3429 2412 3467 non
2444 3413 2786 3469 dubitarunt.
2845 3415 2936 3470 Sic
2972 3418 3120 3471 enim
3151 3426 3207 3471 et
3249 3417 3520 3473 Eusebius

1943 3505 2211 3574 Pamphili
2245 3505 2300 3560 in
2335 3505 2608 3576 tertiojde
2643 3504 2764 3559 Vita
2794 3506 3142 3561 Condtantini
3204 3508 3372 3572 libro,
3420 3511 3523 3565 hac

1944 3599 2012 3652 de
2036 3612 2096 3651 re
2124 3597 2192 3651 ad
2213 3596 2441 3652 verbum
2472 3597 2652 3667 inquit
2683 3613 2696 3650 :
2723 3597 2858 3652 Nam
2876 3609 2932 3654 et
2952 3600 3404 3671 nativitatemqui
3433 3611 3522 3657 est

1945 3689 2233 3746 nobiscum
2285 3691 2450 3756 Deus,
2485 3701 2671 3746 nostra
2706 3705 2868 3745 causa
2914 3692 3101 3747 subire
3133 3694 3415 3758 sustinuit,
3464 3704 3524 3749 et

1945 3783 2099 3838 locus
2156 3783 2458 3838 nativitatis
2519 3785 2638 3854 ejus
2697 3784 2753 3838 in
2781 3799 2948 3839 carne
3004 3785 3328 3840 nominatim
3376 3786 3520 3855 apud

1948 3875 2207 3930 llcbrmos
2219 3877 2498 3931 Bethleem
2519 3876 2814 3945 pratdictus
2831 3887 2938 3932 est.
2959 3877 3325 3943 Quamobrem
3350 3879 3518 3932 etiam

1948 3966 2044 4020 Dei
2094 3967 2470 4022 amantissima
2524 3969 2729 4022 Helena
2803 3969 3075 4036 Augusta,
3151 3970 3518 4038 gestationem

1950 4059 2092 4113 uteri
2129 4058 2220 4112 Dei
2242 4058 2536 4115 Genitricis
2563 4060 2925 4115 admirandis‘
2953 4061 3323 4115 monumentis
3357 4061 3526 4116 coho-

1950 4152 2208 4217 nestavit,
2241 4161 2299 4206 et
2331 4167 2547 4208 sacrum
2580 4153 2714 4208 illud
2747 4163 2967 4208 antrum
3004 4153 3364 4208 multifariam
3426 4169 3526 4209 ex-

1951 4242 2188 4296 ornavit.
2221 4242 2380 4313 507
2415 4244 2673 4314 Origenes
2703 4259 2831 4298 vero
2854 4253 2910 4299 et
2949 4245 3064 4312 ipse
3100 4244 3155 4298 in
3187 4245 3346 4299 tertio
3367 4244 3528 4299 Com-

1954 4335 2390 4402 mentariorum,
2455 4337 2510 4390 in
2556 4335 2798 4406 Epistola
2850 4336 2916 4390 ad
2975 4334 3255 4393 Romanos
3286 4380 3300 4404 ,
3354 4346 3526 4403 tomo,

1954 4428 2231 4498 quomodo
2261 4429 2354 4483 Dei
2417 4428 2666 4484 Genitrix
2703 4429 2920 4484 dicatur
2944 4445 3245 4500 exponens,
3308 4433 3528 4499 copiose

278 4515 446 4582 ἁγίας
477 4513 755 4584 Παρθένου
783 4517 930 4568 ἐστὶν
961 4515 1403 4585 ἐσταυρωμένος,
1447 4515 1597 4579 ὅστις
1646 4515 1841 4586 Κύριός

1960 4523 2014 4575 id
2045 4522 2304 4591 explicat.
2340 4525 2582 4592 Apparet
2610 4524 2797 4593 igitur,
2831 4524 3144 4578 Nestorium
3179 4525 3528 4577 lucubratio-

278 4610 402 4660 ἐστι
448 4606 548 4676 τῆς
601 4606 780 4677 δόξης,
803 4651 818 4664 .
846 4607 920 4670 ὥς
949 4623 1114 4676 φησιν
1151 4609 1178 4659 ὁ
1220 4608 1550 4671 Ἀπόστολος
1576 4623 1591 4639 ο
1621 4611 1692 4662 El
1742 4609 1852 4677 γὰρ

274 4700 580 4769 ἔγνωσαν,
631 4701 743 4754 οὐκ
777 4699 852 4753 ἂν
888 4701 992 4753 τὸν
1023 4698 1244 4767 Κύριον
1281 4696 1391 4767 τῆς
1429 4699 1616 4766 δόξης
1639 4699 1856 4754 ἐσταύ-

269 4810 510 4864 ρωσαν.
534 4794 828 4862 Νεστόριος
857 4793 914 4845 δὲ
931 4793 1081 4862 λέγει
1108 4806 1122 4822 ⁸
1157 4811 1176 4844 ι
1218 4792 1309 4863 Μὴ
1349 4793 1564 4862 καυχῶ,
1594 4792 1816 4845 Ἰουδαῖε
1838 4807 1851 4820 ⁸

278 4885 422 4939 Θεὸν
445 4885 545 4936 οὐκ
564 4885 964 4953 ὲσταύρωσας,ι
999 4885 1074 4948 ὡς
1105 4885 1198 4938 τοῦ
1229 4886 1438 4952 Κυρίου
1463 4886 1560 4954 τῆς
1576 4884 1732 4954 δόξης
1757 4886 1859 4936 οὐκ

279 4975 732 5045 ἐσταυρωμένον.
770 4975 926 5029 Ἐπεὶ
957 4977 1039 5028 ὅτι
1081 4976 1239 5046 ψιλὸν
1267 4978 1329 5029 οὐ
1376 4977 1524 5044 λέγει
1569 4976 1859 5046 ἄνθρωπον

276 5069 378 5120 τὸν
407 5065 664 5136 Χριστὸν,
691 5065 764 5130 ὡς
791 5067 1060 5129 Φωτεινὸς
1093 5069 1126 5134 ἢ
1188 5067 1396 5130 Παῦλος
1425 5070 1452 5120 6
1484 5069 1858 5137 Σαμοσατεὺς,

277 5159 386 5212 καὶ
435 5159 493 5210 αἱ
527 5158 836 5212 ἑκδοθείσαι
868 5159 1033 5213 αὐτοῦ
1070 5159 1426 5231 προσομιλίαι
1474 5159 1857 5213 διδάσκουσινι

279 5253 367 5312 ὡς
396 5249 631 5320 οὐδαμοῦ
657 5253 758 5321 τὴν
789 5251 880 5304 τοῦ
912 5250 1052 5304 Θεοῦ
1084 5253 1260 5320 Λόγου
1300 5252 1600 5305 ὑπόστασιν
1623 5251 1861 5322 ἀναιρετ,

279 5339 430 5394 ἀλλὰ
489 5343 1186 5413 πανταχοῦ’ἑνυπόστατον
1248 5344 1410 5398 αὑτὸν
1456 5343 1731 5412 ὁμολογεῖ,
1765 5345 1864 5397 καὶ

284 5433 560 5488 ἐνούσιον.
605 5437 677 5487 Οὐ
711 5437 840 5505 μὴν,
871 5434 944 5498 ὡς
972 5436 1236 5500 Φωτεινὸς
1280 5435 1374 5489 καὶ
1413 5436 1443 5487 6
1483 5435 1861 5504 Σαμοσατεὺς,

283 5530 509 5598 ἀναιρεῖ
549 5528 716 5581 αὑτοῦ
760 5529 856 5599 τὴν
887 5529 1157 5600 ὓπαρξιν·
1204 5529 1363 5582 τοῦτο
1399 5529 1510 5598 γὰρ
1557 5529 1651 5583 καὶ
1691 5529 1865 5582 Μανι-

284 5623 435 5692 χαῖοι
463 5618 560 5672 καὶ
593 5623 640 5672 οἱ
673 5621 782 5674 ἀπὸ
815 5620 1099 5676 Μοντανοῦ
1137 5621 1488 5691 δογματίζειν
1523 5622 1859 5692 ἐτόλμησαν.

361 5804 568 5862 'Joan.
616 5821 692 5871 tv,
725 5806 777 5859 3.
855 5806 875 5836 ⁸
916 5803 1084 5874 lCor.
1125 5818 1190 5868 ιι,
1217 5803 1270 5857 8.

618 5905 893 5966 Pyrum"
938 5904 980 5963 G
996 5921 1050 5963 ιι.
1104 5901 1324 5963 CXLVI

1960 4628 2060 4668 nes
2089 4622 2338 4668 veterum
2371 4615 2672 4684 ignorasse.
2704 4613 2962 4678 Proinde,
2998 4612 3163 4680 sicuti
3213 4613 3348 4672 dixi.
3378 4614 3530 4666 locu-

1963 4706 2165 4760 tionem
2196 4708 2364 4760 solam
2401 4715 2703 4774 oppugnat.
2730 4705 2892 4774 (Quin
2919 4706 3012 4760 iUe
3051 4721 3159 4758 non
3199 4705 3525 4758 vocabulum

1962 4791 2142 4860 ipsum
2196 4791 2381 4855 modo,
2439 4791 2533 4846 sed
2559 4806 2784 4859 prorsus
2821 4793 2987 4845 etiam
3024 4793 3194 4846 Deum
3225 4807 3368 4858 esse,
3433 4798 3528 4862 qui

1960 4885 2178 4953 genitus
2196 4891 2301 4947 est,
2335 4884 2576 4952 negavit.
2633 4884 2737 4949 Qui
2777 4884 2923 4938 enim
2955 4901 3023 4938 ex
3077 4883 3301 4955 Virgine
3345 4897 3532 4941 sancta

1961 4984 2120 5030 natus
2201 4985 2306 5042 est,
2387 4975 2530 5031 idem
2610 4965 2921 5032 crucifixus
2985 4993 3200 5048 quoque
3278 4989 3382 5043 est,
3438 4981 3531 5047 qui

1960 5067 2182 5136 quidem
2253 5067 2519 5122 Dominus
2607 5079 2692 5123 est
2765 5069 2988 5137 gloriae,
3067 5071 3531 5140 quemaJmodum

1961 5157 2259 5227 Apostolus
2329 5159 2404 5212 ait
2461 5173 2476 5213 :
2540 5159 2601 5213 Si
2677 5162 2816 5215 enim
2889 5163 3266 5231 cognovissent,
3349 5161 3534 5214 Domi-

1962 5267 2088 5304 num
2138 5250 2319 5321 utique
2359 5250 2542 5320 gloriae
2589 5267 2692 5304 non
2733 5251 3114 5320 cruciﬁxisscnt
3162 5256 3204 5306 '.
3251 5252 3534 5306 Nestorius

1962 5353 2146 5397 autem
2191 5343 2397 5411 .inquit
2429 5361 2442 5395 :
2487 5361 2503 5392 ι
2538 5343 2618 5396 Ne
2647 5343 2927 5411 glorieris,
2967 5344 3172 5408 Judaee,
3218 5344 3386 5396 Deum
3423 5358 3532 5396 uun

1963 5433 2286 5490 crucifixisti
2315 5452 2328 5487 :
2357 5453 2377 5486 ›
2412 5433 2643 5504 perinde
2669 5445 2831 5504 atque
2863 5435 3123 5490 Dominus
3148 5434 3333 5504 gloriae
3357 5436 3534 5488 cruci-

1967 5529 2106 5582 fixus
2158 5541 2268 5581 non
2308 5534 2473 5581 esset.
2518 5526 2974 5595 Quandoquidem
3038 5527 3182 5596 quod
3229 5525 3534 5589 Christum,

1965 5635 2075 5675 non
2113 5634 2311 5690 puro
2347 5618 2628 5674 hominem
2689 5619 2858 5686 dicat,
2891 5620 3035 5673 sicut
3104 5619 3399 5682 Photinus,
3442 5626 3534 5671 aut

2990 5890 3062 5950 37
