3910 6218
285 378 442 442 ’11ὓ5

1218 381 1810 444 ECCLESIAS'PIC/E
1851 384 2240 445 HISTORLE
2276 383 2420 443 LIB.
2458 382 2610 443 XIV.

3401 373 3536 436 1106

301 493 681 566 πρεσϐυτέρας
737 493 956 565 Ῥώμης
1020 495 1305 567 ὲπίσκόπῳ
1370 498 1682 571 Κελεστίνῳ
1744 502 1864 554 ἀνέ-

1974 516 2097 570 pum
2146 498 2507 555 Caelestinum
2560 492 2732 549 misit.
2794 493 2874 550 Ad
2939 490 3254 547 Nestorium
3311 488 3536 558 insupcr

301 602 512 654 πεμπε.
543 585 750 656 Τρίτην
790 584 836 638 δ’
877 584 1044 655 ἀλλην
1075 587 1366 657 ιπιστολὴν
1408 588 1695 660 Νεστορίῳ
1739 590 1865 642 trti-

303 679 559 731 στελλενυ·
587 678 648 730 ιν
747 677 842 730 καὶ
895 676 965 729 τά
1005 676 1418 749 πολυθρύλλητα
1464 683 1539 749 ιβ’
1593 680 1866 750 κεφάλαια

305 771 422 841 μετ’
461 767 920 838 ἀναθαματισμῶν
951 770 1422 839 σνμπαρέζευξεν.
1459 773 1531 826 Ἀ
1579 772 1644 838 δὴ
1669 775 1766 827 καὶ
1788 773 1867 842 τῷ

302 862 532 931 παρόντι
587 860 825 913 ἐκθεῖναι
853 860 1064 914 δίκαιον
1113 861 1225 932 ῆγη
1237 880 1355 931 μαι,
1384 861 1529 917 οὕτω
1559 864 1827 931 διεξιόντα
1847 883 1864 901 ⁶

307 974 329 1006 ι
363 954 432 1006 Εἴ
448 971 531 1016 τις
559 952 660 1022 οὐχ
684 952 940 1022 ὁμολογεῖ
968 952 1102 1004 Θεὸν
1138 950 1280 1006 εῖναι
1313 957 1457 1010 κατὰ
1486 957 1746 1027 ἀλήθειαν
1775 960 1866 1013 τὸν

312 1041 679 1114 Ἐμμανουὴλ,
707 1044 799 1096 καὶ
824 1043 914 1098 διά
942 1041 1100 1096 τοῦτο
1125 1043 1384 1099 Θεοτόκον
1410 1047 1511 1117 τὴν
1532 1048 1695 1114 ἁγίαν
1724 1051 1868 1120 Παρ-

299 1135 452 1187 θένον
507 1134 831 1204 (γεγέννηκε
888 1136 995 1217 γὰρ
1060 1137 1342 1207 σαρκικῶς
1387 1138 1567 1207 σάρκα
1604 1142 1869 1208 γεγονότα

298 1226 389 1278 τὸν
421 1227 485 1278 ἐκ
509 1225 646 1277 Θεοῦ
673 1224 806 1279 Θεὸν
843 1227 1066 1293 Λόγον),
1103 1225 1356 1297 ἀνάθεμα
1382 1227 1546 1282 ἔστω.
1575 1230 1641 1282 Εἰ
1662 1247 1743 1293 τις
1769 1233 1869 1301 οὐχ

296 1318 553 1385 ὁμολογεῖ
578 1318 744 1387 σαρκὶ
776 1316 898 1370 καθ’
926 1319 1227 1372 ὑπόστασιν
1249 1319 1492 1387 ἡνῶσθαι
1512 1322 1607 1375 τὸν
1639 1324 1703 1375 ἐκ
1731 1322 1867 1377 Θεοῦ

305 1411 517 1480 Harpe;
563 1410 758 1477 Λόγον,
791 1409 889 1463 ενα
916 1427 975 1462 τι
1005 1407 1148 1463 εἶναι
1179 1412 1415 1480 Χριστὸν
1446 1414 1583 1483 μετά
1606 1414 1705 1484 τῆς
1731 1415 1869 1480 ιδίας

301 1497 526 1568 σαρκὸς,
554 1496 646 1550 τὸν
674 1495 839 1549 αὐτὸν
866 1494 1112 1564 δηλονότι
1132 1496 1266 1550 Θεὸν
1286 1497 1424 1566 ὁμοῦ
1446 1515 1507 1551 τε
1535 1500 1630 1553 καὶ
1652 1500 1864 1571 ἀνθρω-

300 1607 424 1655 πον,
483 1588 735 1657 ἀνάθεμα
764 1587 928 1642 ἔστω.
972 1588 1043 1641 Εἰ
1071 1606 1155 1654 τις
1189 1590 1283 1643 ἐπὶ
1333 1589 1429 1644 τοῦ
1478 1591 1599 1655 ἑνὸς
1630 1592 1868 1663 Χριστοῦ

298 1682 500 1750 διαιρεῖ
525 1680 624 1743 τὰς
652 1680 977 1743 ὑποστάσεις
1006 1684 1148 1751 μετά
1181 1679 1282 1750 τὴν
1327 1681 1547 1747 ἕνωσιν,
1569 1684 1705 1758 μόνῃ
1739 1704 1867 1739 συν-

299 1776 488 1831 άπτων
521 1774 692 1837 αὑτὰς
739 1789 1004 1843 συναφειᾳ
1056 1775 1124 1843 τῇ
1160 1774 1302 1828 κατά
1342 1773 1444 1845 τὴν
1475 1775 1656 1843 ἀξίαν,
1699 1778 1869 1847 ἦγουν

300 1867 589 1923 αὐθεντίαν
631 1867 665 1939 ἢ
696 1865 1015 1920 δυναστείαν
1041 1903 1056 1930 ,
1092 1866 1189 1918 καὶ
1218 1866 1339 1936 οὐχὶ
1375 1866 1577 1933 μᾶλλον
1604 1870 1867 1924 συνειδότι

301 1960 427 2015 καθ’
459 1959 652 2013 ἕνωσιν
686 1957 943 2029 φυσικὴν,
974 1957 1225 2027 ἀνάθεμα
1255 1957 1416 2012 ἔστω.
1448 1957 1515 2013 El
1538 1975 1622 2022 τις
1649 1958 1869 2031 προσώ-

302 2069 426 2116 ποις
450 2051 621 2116 δυσὶν,
644 2051 814 2121 ἤγουν
852 2049 1201 2113 ὑποστάσεσι,
1228 2048 1328 2112 τάς
1375 2065 1436 2102 τε
1469 2050 1527 2103 ἐν
1552 2051 1667 2112 τοῖς
1700 2050 1883 2119 εὐαγέ

301 2145 539 2212 γελικοῑς
593 2142 689 2197 καὶ
741 2141 1119 2205 ἀποστολικοίς
1165 2143 1569 2212 συγγράμμασι
1618 2144 1869 2214 διανέμει

305 2238 490 2309 φωνὰς
536 2238 625 2289 ἐπὶ
653 2235 877 2307 Χριστῷ
932 2236 1081 2305 παρά
1112 2234 1220 2289 τῶν
1263 2236 1438 2305 ἁγίων
1479 2238 1799 2307 λεγομένας,
1834 2239 1868 2310 ἣ

307 2334 443 2403 παρ’
476 2332 654 2393 αὐτοῖς
679 2332 810 2402 περὶ
844 2329 1036 2384 ἑαυτοῦ
1064 2347 1078 2362 ·
1112 2331 1209 2385 καὶ
1240 2331 1338 2393 τὰς
1373 2330 1469 2400 μὲν
1500 2332 1576 2395 ὡς
1597 2331 1871 2401 ἀνθρώπῳ

304 2427 459 2496 παρὰ
483 2424 578 2477 τὸν
610 2426 673 2477 ἑκ
708 2420 848 2476 Θεοῦ
894 2424 1108 2494 Πατρὸς
1138 2423 1315 2493 Λόγον
1349 2424 1534 2488 ιδικῶς
1576 2425 1870 2496 νοουμένάς

303 2519 635 2587 προσάπτει,
662 2518 761 2581 τὰς
793 2517 849 2570 δὲ
894 2516 971 2577 ὡς
1003 2517 1326 2588 θεοπρεπεῖς
1359 2518 1510 2589 μόνῳ
1539 2519 1620 2588 τῷ
1643 2521 1707 2572 ὲκ
1730 2515 1869 2573 Θεοῦ

304 2612 517 2679 Πατρὸς
549 2610 726 2680 Λόγῳ,
757 2609 1006 2680 ἀνάθεμα
1056 2608 1221 2663 ἔστω.
1257 2610 1325 2665 Ei
1366 2627 1450 2673 τις
1477 2610 1652 2683 τολμᾷ
1690 2611 1871 2679 λέγειν

303 2698 565 2768 θεοφόρον
607 2696 892 2767 ἄνθρωπον
944 2697 1035 2749 τὸν
1061 2697 1319 2767 Χριστὸν,
1362 2700 1458 2751 καὶ
1490 2701 1611 2771 οὐχὶ
1634 2700 1700 2771 δὴ
1732 2701 1872 2770 μᾶλ-

302 2792 393 2845 λον
435 2789 568 2843 Θεὸν
598 2787 736 2842 εἶναι
768 2790 907 2843 κατά
939 2789 1219 2860 ἀλήθειαν,
1256 2788 1334 2853 ὡς
1360 2790 1493 2844 Υίὸν
1521 2792 1617 2845 ἕνα
1644 2796 1737 2847 καὶ
1766 2792 1873 2864 φῦ-

303 2900 390 2937 σει
422 2883 544 2936 καθ’
590 2881 624 2935 δ
678 2882 866 2951 γέγονε
906 2880 1040 2951 σάρξ
1090 2883 1120 2934 ό
1152 2881 1345 2949 Λόγος,
1377 2884 1474 2936 καὶ
1504 2883 1872 2956 κεκοινώνηκε

306 2973 706 3043 παραπλησίως
739 2975 871 3043 ἡμῖν
928 2974 1160 3042 αἵματος
1214 2975 1310 3026 καὶ
1343 2975 1567 3046 σαρκὸς,
1624 2977 1873 3048 ἀνάθεμα

296 3067 466 3121 ἐστ-ω.
498 3065 569 3121 Et
592 3082 674 3128 τις
706 3065 855 3133 λέγει
892 3065 1021 3118 Θεὸν
1048 3064 1082 3137 ἢ
1113 3066 1391 3137 Δεσπότην
1430 3064 1569 3121 εἶναι
1613 3068 1711 3123 τοῦ
1738 3071 1875 3141 Χριο
1896 3134 1911 3156 Ι
1948 3072 1955 3079 “

1970 592 2187 647 tertiam
2218 587 2702 658 dedit‘epistoiam,
2733 586 2819 639 cui
2853 583 3087 639 multum
3121 581 3401 637 celebrata
3445 579 3537 633 illa

1966 681 2255 737 duodecim
2276 681 2477 749 capita,
2503 691 2753 734 unacum
2769 670 3242 730 anathematismis
3264 669 3534 738 adjuuxit:

1964 789 2089 845 quae
2114 783 2173 828 ut
2204 773 2295 828 hic
2328 775 2656 835 insererem,
2702 782 2916 837 equum
2963 780 3085 820 esse
3115 762 3271 817 duxi.
3322 760 3398 815 Ea
3454 761 3534 814 sic

1969 867 2169 922 habent
2200 882 2215 919 :
2253 883 2272 917 ι
2310 862 2365 919 Si
2393 861 2517 933 quis
2545 875 2653 915 non
2687 856 2978 929 profitetur
3003 869 3192 909 verum
3224 854 3390 907 Deum
3414 868 3535 905 esse

1968 956 2402 1022 Emmanuelem,
2450 952 2791 1024 proindeque
2847 947 3115 1019 virginem
3164 945 3388 999 Mariam
3436 944 3536 998 Dei

1962 1050 2299 1108 Genitricem
2345 1047 2557 1119 (genuit
2588 1044 2733 1100 enim
2766 1042 2859 1097 illa
2914 1039 3210 1112 carnaliter
3262 1052 3387 1091 eum
3441 1036 3535 1104 qui

1968 1158 2097 1199 caro
2140 1143 2319 1197 factus
2346 1138 2461 1208 est),
2512 1138 2681 1192 Deum
2729 1134 2940 1190 scilicet
2985 1147 3052 1185 ex
3098 1132 3209 1185 Deo
3256 1126 3540 1194 Verbum)

1969 1235 2262 1291 anathema
2296 1233 2387 1288 sit.
2422 1230 2479 1287 Si
2520 1228 2646 1299 quis
2674 1242 2783 1282 non
2810 1227 3104 1296 proﬁtetur
3132 1221 3285 1277 carni
3334 1235 3529 1276 secun-

1969 1328 2097 1383 dum
2121 1324 2524 1381 subsistentiam
2557 1322 2767 1376 unitum
2798 1334 2917 1374 esse
2946 1318 2999 1373 id
3031 1316 3176 1386 quod
3208 1326 3293 1370 est
3328 1329 3392 1367 ex
3426 1313 3538 1366 Deo

1969 1428 2124 1490 patre
2151 1417 2417 1482 Verbum,
2450 1427 2732 1481 unumque
2764 1424 2887 1466 esse
2911 1407 3195 1464 Christum
3231 1420 3355 1459 cum
3405 1419 3536 1472 pro-

1968 1511 2090 1581 pria
2156 1524 2357 1576 carne,
2416 1505 2673 1562 eumdem
2737 1503 2950 1559 scilicet
3014 1501 3184 1554 Deum
3242 1495 3406 1552 simul
3480 1507 3537 1548 et

1970 1602 2269 1668 hominem,
2311 1599 2605 1654 anathema
2635 1596 2727 1652 sit.
2762 1594 2822 1650 Si
2857 1593 2981 1664 quis
3030 1592 3086 1646 in
3150 1602 3260 1643 uno
3315 1585 3535 1641 Christo

1969 1694 2355 1751 subsistentlae
2385 1689 2579 1744 dividit
2602 1695 2727 1759 post
2744 1686 3037 1747 unionem,
3063 1683 3179 1739 sola
3211 1695 3306 1735 eas
3333 1693 3538 1733 conlue—

1970 1796 2125 1840 eteae
2148 1781 2561 1853 conjunctione,
2587 1791 2708 1847 qua:
2734 1773 3037 1831 secundum
3062 1772 3386 1841 dignitatem
3414 1768 3537 1821 sive

1971 1876 2357 1933 auctoritatem
2408 1883 2505 1928 aut
2548 1879 2879 1943 potestatem
2931 1876 3039 1930 est,
3096 1875 3153 1920 et
3193 1880 3302 1918 non
3348 1860 3536 1931 potius

1970 1969 2175 2026 unione
2218 1964 2480 2028 naturali,
2530 1962 2819 2017 anathema
2878 1959 2972 2012 sit.
3024 1955 3081 2011 Si
3141 1954 3266 2024 quis
3323 1951 3539 2005 duabus

1969 2059 2224 2132 personis
2270 2059 2389 2112 sine
2437 2053 2813 2112 subsistentiis
2862 2051 2920 2105 in
2975 2048 3220 2113 Christo,
3273 2059 3438 2101 voces
3481 2046 3539 2098 in

1968 2151 2303 2221 evangelicis
2339 2158 2394 2204 et
2422 2146 2739 2217 apostolicis
2772 2143 3018 2212 scriptis,
3050 2141 3133 2196 vel
3169 2156 3200 2194 a
3240 2139 3372 2192 viris
3412 2152 3559 2191 ξοην.

1972 2244 2094 2308 etis,
2129 2243 2216 2296 vel
2247 2242 2314 2296 ab
2344 2240 2463 2310 ipso
2493 2240 2561 2294 de
2588 2237 2771 2307 seipso
2797 2236 3033 2289 tributae
3076 2231 3295 2295 dividit,
3318 2236 3379 2284 et
3403 2229 3541 2283 alios

1971 2335 2192 2406 quidem
2243 2344 2304 2388 ut
2351 2332 2590 2395 homini,
2632 2341 2788 2385 extra
2833 2328 2889 2383 id
2921 2328 3069 2397 quod
3117 2341 3186 2379 ex
3229 2324 3340 2379 Deo
3377 2324 3431 2376 1’;
3457 2330 3540 2375 tre

1970 2439 2057 2483 est
2078 2426 2338 2488 Verbum,
2366 2424 2586 2495 proprie
2609 2421 3022 2484 convenientes,
3047 2418 3182 2473 alias
3214 2433 3345 2472 vero
3369 2414 3539 2469 veluti

1974 2520 2086 2574 Deo
2119 2526 2486 2589 congruentes
2517 2515 2570 2570 ei
2628 2495 2731 2569 soli
2785 2512 2932 2582 quod
2960 2525 3028 2564 ex
3084 2511 3195 2565 Deo
3231 2511 3393 2565 PaLre
3454 2520 3542 2563 est

1974 2609 2151 2666 Verbo
2179 2607 2577 2672 accommodat,
2620 2614 2911 2660 anathema
2956 2605 3047 2658 sit.
3090 2602 3148 2656 Si
3190 2601 3318 2671 quis
3358 2599 3542 2656 dicere

1974 2702 2138 2758 audet
2159 2702 2435 2757 hominem
2464 2697 2737 2755 Deiferum
2771 2694 3076 2760 Christum,
3118 2702 3176 2748 et
3215 2707 3325 2747 non
3357 2692 3546 2762 potius

1973 2809 2166 2849 verum
2204 2794 2374 2849 Deum
2402 2806 2543 2856 esse,
2585 2796 2774 2860 utpote
2798 2801 2969 2843 unum
3009 2784 3314 2855 etquidem
3349 2795 3547 2839 natura

1974 2890 2200 2955 Filium,
2230 2884 2754 2959 quatenusVerhum
2784 2896 2911 2937 caro
2927 2881 3132 2936 factum
3158 2889 3262 2945 est,
3291 2885 3347 2935 et
3366 2879 3553 2934 nobis-

1973 2999 2098 3040 cum
2130 2982 2413 3053 aequaliter
2453 2980 2520 3034 de
2551 2978 2817 3048 sanguine
2846 2984 2902 3031 et
2939 2990 3106 3030 carne
3142 2973 3318 3046 (extra
3353 2989 3546 3044 pecca-

1974 3076 2112 3149 tum)
2138 3073 2503 3146 participavit,
2530 3071 2820 3127 anathema
2840 3069 2936 3124 sit.
2962 3067 3019 3122 Si
3050 3065 3341 3136 quisdicit
3371 3065 3544 3121 Deum

306 3157 437 3213 στοῦ
462 3158 555 3212 τὸν
582 3160 646 3210 εκ
674 3157 810 3210 Θεοῦ
846 3157 1057 3227 Πατρὸς
1091 3158 1285 3226 Λόγον,
1307 3162 1401 3212 καὶ
1429 3161 1550 3232 οὐχὶ
1574 3161 1645 3232 δὴ
1664 3163 1871 3232 μᾶλλον

1975 3176 2070 3224 aut
2107 3167 2403 3225 Dominum
2431 3164 2635 3221 Christi
2669 3178 2816 3228 esse,
2848 3160 2994 3232 quod
3028 3174 3097 3214 ex
3132 3158 3249 3214 Deo
3281 3159 3438 3237 Patre
3460 3170 3552 3214 est

301 3253 397 3309 τὸν
429 3251 615 3316 αὑτὸν,
650 3249 786 3305 Θεὸν
823 3250 1078 3319 ὁμολογεί
1104 3252 1201 3304 καὶ
1232 3251 1540 3322 ἄνθρωπον,
1590 3255 1667 3318 ὡς
1711 3272 1874 3325 γεγο.

303 3345 459 3407 νότος
486 3345 685 3414 σαρκὸς
715 3343 809 3398 τοῦ
839 3345 1013 3413 Λόγου
1058 3344 1200 3398 κατά
1230 3346 1327 3408 τάς
1359 3344 1601 3419 Γραφάς,
1622 3349 1875 3421 ἀνάθεμα

304 3437 467 3490 ἔστω.
510 3436 570 3488 El
594 3451 677 3499 τις
718 3437 882 3504 φησιν
909 3434 983 3498 ὼς
1006 3434 1297 3505 ἄνθρωπον
1335 3436 1676 3509 ἑνηργῆσθαι
1718 3439 1875 3509 παρά

303 3527 401 3584 τοῦ
441 3529 575 3583 Θεοῦ
611 3530 786 3598 Λόγου
816 3528 909 3582 τὸν
955 3528 1185 3594 Ἰησοῦν,
1234 3527 1330 3581 καὶ
1362 3521 1468 3597 τὴν
1488 3526 1585 3580 τοῦ
1632 3528 1876 3597 Moven—

305 3625 432 3685 νοῦς
461 3624 704 3688 εὐδοξίαν
731 3621 1033 3693 περιῆφθαι
1067 3621 1144 3684 ὡς
1169 3621 1346 3691 ἑτέρῳ
1374 3620 1502 3690 παρ’
1527 3620 1677 3691 αὐτῷ
1700 3621 1876 3689 ὑπάρ-

302 3733 477 3789 χοντι,
511 3716 760 3786 ἀνάθεμα
788 3715 949 3768 ἔστω.
996 3715 1062 3766 El
1085 3730 1171 3777 τις
1202 3713 1380 3786 τολμᾷ
1410 3714 1591 3782 λέγειν
1616 3714 1708 3766 τὸν
1743 3716 1874 3768 ἀνα-

302 3806 582 3877 ληφθέντα
617 3805 904 3874 ἀνθρωπον
939 3805 1479 3873 συμπροσκυνεῑσθαι
1507 3805 1619 3859 δεῖν
1652 3805 1729 3878 τῷ
1756 3807 1875 3878 Θεῷ

294 3898 466 3969 ,Λόγῳ
495 3897 588 3951 καὶ
613 3895 1054 3959 συνδοξάζεσθαι,
1081 3896 1176 3950 καὶ
1220 3896 1685 3965 συγχρηματίζειν
1717 3898 1871 3963 Θεὸν,

292 3991 381 4054 ὼς
412 3990 601 4058 ἕτερον
623 3988 794 4057 ἑτέρῳ
818 3986 899 4057 (τὸ
918 3987 1028 4056 γάρ
1050 3986 1174 4041 σὺν·
1198 3988 1289 4041 ἀεὶ
1310 3989 1734 4060 προστιθέμενον
1752 3991 1877 4045 τοῦ-

301 4101 368 4138 το
398 4083 540 4134 νοεῖν
572 4080 921 4149 ἀναγκάσει),
962 4080 1058 4131 καὶ
1093 4079 1217 4150 οὐχὶ
1235 4078 1300 4150 δὴ
1335 4080 1536 4149 μᾶλλον
1570 4083 1673 4152 μιᾷ
1705 4099 1876 4152 προσ-

171 4242 194 4257 κ
300 4175 531 4243 χυνήσει
577 4173 740 4243 τιμᾷν
784 4173 873 4225 τὸν
915 4172 1285 4243 Ἐμμανουὴλ,
1311 4173 1407 4227 καὶ
1440 4172 1567 4242 μίαν
1598 4174 1751 4243 αὐτῷ
1776 4173 1875 4245 τὴν

303 4264 617 4333 δοξολογίαν
642 4265 900 4319 ἀνάπτειν
925 4262 1060 4318 καθὸ
1093 4263 1284 4331 γέγονε
1314 4264 1450 4333 σὰρξ
1479 4264 1508 4316 ό
1527 4263 1722 4332 Λόγος,
1746 4265 1877 4320 ἀνά-

305 4357 454 4426 θεμα
488 4356 651 4409 ἔστω.
677 4356 742 4408 El
764 4370 849 4417 τις
875 4356 1010 4424 φησὶ
1031 4353 1124 4407 τὸν
1144 4353 1239 4409 ἕνα
1267 4353 1474 4425 Κύριον
1520 4354 1729 4424 Ἰησοῦν
1748 4355 1878 4426 Χρι-

306 4451 437 4502 στὸν
466 4445 783 4513 δεδοξάσθαι
812 4446 959 4517 παρὰ
989 4444 1083 4497 τοῦ
1110 4443 1458 4515 Πνεῦματος,
1497 4444 1574 4508 ὡς
1619 4446 1877 4517 ἀλλοτρίᾳ

1976 3261 2243 3325 Verbum,
2271 3274 2336 3315 ac
2368 3272 2477 3315 non
2529 3257 2717 3328 potius
2745 3254 3001 3311 eumdem
3036 3252 3209 3308 Deum
3255 3251 3549 3322 proﬁtetur

1975 3364 2032 3411 et
2066 3354 2368 3418 hominem,
2401 3365 2525 3406 eum
2559 3350 2798 3406 Verbum
2820 3361 2952 3402 caro
2976 3345 3186 3401 iactum
3218 3345 3313 3408 sit,
3344 3360 3544 3400 sectan-

1974 3450 2105 3499 dum
2137 3445 2476 3513 Scriptum,
2508 3440 2803 3495 anathema
2833 3440 2935 3493 sit.
2968 3437 3023 3491 Si
3057 3438 3181 3505 quis
3208 3436 3342 3490 dicit
3376 3437 3545 3495 veluti

1976 3540 2257 3593 hominem
2276 3535 2464 3590 Iesum
2494 3550 2524 3586 a
2558 3532 2671 3586 Dee
2702 3530 2878 3588 Verbo
2902 3528 3190 3598 agitatum,
3225 3528 3389 3597 eique
3410 3545 3550 3599 pra-

1976 3631 2183 3687 clarum
2215 3625 2494 3697 Unigeniti
2543 3625 2772 3694 gloriam
2822 3621 3224 3677 circumdatam
3282 3636 3426 3686 esse,
3492 3632 3552 3675 ut

1978 3722 2070 3793 qui
2103 3721 2245 3776 alius
2267 3720 2336 3774 ab
2366 3720 2491 3789 ipso
2525 3716 2850 3780 exsisteret,
2888 3713 3188 3769 anathema
3218 3714 3311 3768 sit.
3342 3712 3399 3768 Si
3428 3714 3550 3782 quis

1978 3816 2162 3870 dicere
2194 3812 2381 3876 audet,
2416 3810 2695 3866 hominem
2731 3816 3074 3876 assumptum
3128 3822 3236 3860 una
3261 3821 3389 3860 cum
3436 3807 3551 3861 Deo

1989 3906 2177 3964 Verbo
2218 3904 2434 3959 adorari
2485 3912 2542 3957 et
2590 3897 2885 3971 gloriﬁcari
2931 3905 2990 3953 et
3035 3897 3283 3960 laudari.
3329 3898 3551 3965 dicique

1978 4001 2149 4057 Deum
2181 3998 2409 4063 debere,
2472 3994 2639 4051 sicuti
2688 3993 2924 4049 alterum
2964 4006 3100 4047 eum
3146 3991 3319 4045 altero
3391 3989 3553 4061 510

1974 4091 2267 4164 (particula
2300 4089 2448 4143 enim
2480 4088 2597 4143 Con
2628 4086 2862 4157 adjecta,
2919 4099 3139 4156 semper
3194 4084 3250 4138 id
3302 4086 3548 4155 cogitare

1977 4195 2140 4255 atque
2169 4182 2475 4251 intelligere
2501 4179 2694 4249 cogit),
2725 4192 2790 4232 ac
2819 4192 2930 4231 non
2979 4176 3165 4247 potius
3212 4176 3550 4233 Emmanue-

1980 4277 2083 4330 lem
2110 4273 2429 4330 adoratioue
2455 4288 2564 4327 uua
2594 4269 3003 4334 honorandum,
3033 4279 3090 4323 et
3127 4284 3291 4323 unam
3328 4269 3380 4324 ei
3429 4268 3550 4339 glo-

1979 4365 2336 4421 riﬁoationem
2388 4362 2741 4419 tribuendam
2787 4374 2930 4424 esse.
2982 4369 3259 4429 quatenus
3307 4357 3550 4414 Verbum

1979 4472 2109 4512 caro
2138 4456 2341 4511 factum
2374 4464 2480 4518 est,
2503 4452 2796 4507 anathema
2827 4450 2921 4505 sit.
2956 4449 3012 4505 Si
3060 4449 3187 4518 quis
3210 4448 3345 4516 dicit
3378 4465 3547 4505 unum

303 4540 535 4609 δυνάμει
582 4541 649 4610 τῇ
683 4536 748 4591 δι’
772 4536 937 4592 αὐτοῦ
969 4534 1277 4607 χρώμενον,
1302 4537 1397 4591 καὶ
1425 4535 1557 4607 παρ’
1587 4538 1751 4591 αὐτοῦ
1781 4537 1872 4590 λα-

1976 4548 2268 4607 Dominum
2296 4544 2484 4605 Iesum
2512 4544 2799 4601 Christum
2823 4542 3187 4611 gloriﬁcatum
3220 4555 3341 4595 esse
3370 4557 3400 4596 a
3424 4541 3549 4610 Spi-

305 4634 473 4689 6όντα
513 4633 573 4690 τὸ
604 4633 850 4700 ἐνεργεῖν
899 4630 1160 4684 δύνασθαι
1194 4630 1336 4686 κατὰ
1367 4632 1694 4701 πνευμάτων
1736 4631 1878 4685 ἀκα-

306 4725 544 4793 θάρτων,
580 4723 676 4777 καὶ
703 4721 762 4775 τὸ
793 4718 1037 4790 πληροῦν
1082 4720 1165 4783 είς
1194 4718 1512 4790 ἀνθρώπους
1537 4723 1638 4783 τὰς
1678 4720 1874 4792 θεοση-

307 4818 461 4887 μίας,
508 4816 602 4869 καὶ
657 4813 780 4883 οὐχὶ
815 4812 879 4883 δὴ
914 4812 1114 4883 μᾶλλον
1172 4812 1308 4866 ιδιον
1358 4813 1525 4866 αὐτοῦ
1559 4817 1622 4867 τὸ
1653 4814 1878 4887 Πνεῦμα

303 4907 465 4976 φησι,
486 4905 566 4959 δι’
595 4903 656 4959 οὗ
707 4903 799 4957 καὶ
828 4904 1099 4973 ὲνήργηκε
1137 4906 1236 4963 τὰς
1277 4901 1595 4972 θεοσημίας,
1625 4902 1879 4974 ἀνάθεμα

302 5000 468 5053 ἔστω.
492 4998 565 5055 Εἰ
588 5014 673 5061 τις
707 4997 966 5069 ἀρχιερέα
998 4996 1095 5051 καὶ
1126 4995 1426 5053 ἀπόστολον
1451 4995 1554 5064 τῆς
1578 4996 1878 5066 ὁμολογίας

302 5091 468 5163 ἡμῶν
508 5089 839 5162 γεγενῆσθαι
868 5088 1129 5161 Χριστὸν,
1159 5086 1234 5151 ὡς
1275 5088 1311 5159 ἠ
1356 5087 1476 5143 θεία
1504 5087 1655 5156 λέγει
1684 5088 1878 5160 Γραφὴ

300 5181 737 5252 (προσκεκόμικε
764 5178 873 5249 γάρ
928 5174 1120 5233 ἑαυτὸν
1178 5175 1317 5245 ὑπὲρ
1363 5174 1521 5246 ήμῶν
1577 5176 1656 5239 είς
1701 5176 1879 5248 ὀσμὴν

302 5270 538 5333 εὐωδίας
582 5269 672 5353 (τῷ
720 5267 841 5337 Θεῷ
894 5269 987 5320 καί
1044 5266 1281 5338 Πατρί)⁶
1335 5268 1388 5321 εί
1434 5284 1518 5332 τις
1553 5270 1734 5324 τοίνυν
1782 5272 1879 5341 ἀρ-

300 5364 495 5437 χιερέα
573 5360 671 5416 καὶ
733 5360 1035 5415 ἀπόστολον
1105 5360 1261 5430 ἡμῶν
1325 5359 1579 5427 γενέσθαι
1631 5362 1733 5417 οὐκ
1782 5366 1879 5417 αὐ-

300 5457 394 5510 τὸν
445 5456 536 5508 τὸν
594 5452 691 5507 τοῦ
749 5452 886 5507 Θεοῦ
950 5452 1143 5521 Λόγον,
1193 5452 1281 5505 ὅτε
1334 5452 1528 5521 γέγονε
1583 5452 1722 5525 σὰρξ
1785 5458 1879 5509 καὶ

302 5547 430 5602 καθ’
477 5547 623 5619 ἡμᾶς
682 5546 989 5616 ἄνθρωπος,
1039 5546 1155 5600 ἀλλ’
1183 5544 1259 5607 ὡς
1316 5546 1506 5616 ἕτερον
1548 5546 1732 5611 ίδικῶς
1788 5549 1878 5602 ἀν-

303 5640 527 5710 θρωπον
576 5640 705 5709 παρ’
756 5640 917 5694 αὑτὸν
960 5638 1024 5691 ὲκ
1056 5638 1346 5705 γυναικόςο
1389 5639 1443 5691 εί
1470 5654 1554 5702 τις
1605 5638 1878 5708 λέγεικαὶ

304 5732 448 5802 ὑπὲρ
481 5730 675 5785 ἑαυτοῦ
727 5733 1115 5801 προσενεγκεῖν
1172 5731 1336 5787 αὑτὸν
1390 5732 1491 5801 τὴν
1534 5734 1873 5804 προσφορὰν,

304 5828 397 5882 καὶ
448 5824 570 5895 οὐχὶ
634 5823 698 5894 δὴ
756 5825 955 5895 μᾶλλον
1010 5824 1148 5895 ὑπὲρ
1192 5826 1366 5897 μόνων
1421 5824 1579 5898 ήμῷν
1634 5825 1715 5894 (οὐ
1766 5827 1875 5897 γὰρ

1980 4642 2114 4703 ritu,
2142 4640 2370 4711 perinde
2406 4648 2571 4708 atque
2602 4636 2781 4691 aliena
2827 4635 3031 4689 virtute
3072 4646 3209 4690 usus
3229 4634 3340 4699 sit,
3389 4642 3446 4689 et
3473 4635 3545 4688 ab

1980 4734 2073 4789 illo
2098 4710 2396 4801 acceperit,
2429 4738 2490 4784 ut
2534 4727 2724 4784 eﬁicas
2768 4736 2962 4782 contra
3014 4726 3263 4795 impuros
3313 4710 3547 4793 spiritus

1977 4829 2144 4881 esset,
2178 4825 2232 4872 et
2256 4816 2439 4871 divina
2477 4816 2737 4870 miracula
2772 4815 2916 4870 inter
2942 4815 3196 4868 homines
3220 4813 3389 4889 edere
3420 4828 3547 4884 pos-

1976 4921 2081 4974 set,
2118 4927 2184 4965 ac
2216 4908 2527 4978 nonpotius
2546 4908 2831 4977 proprium
2862 4905 3038 4978 ipsius
3070 4904 3340 4975 Spiritum
3373 4906 3545 4974 proli-

1980 5015 2148 5069 tetur,
2186 4998 2291 5073 per
2326 5016 2488 5071 quem
2519 5000 2707 5056 divina
2733 4998 2867 5055 fecit
2918 4996 3210 5061 miracula,
3249 4996 3543 5051 anathema

1974 5098 2071 5155 sit.
2113 5094 2168 5150 Si
2219 5092 2345 5162 quis
2377 5090 2691 5162 pontiﬁcem
2731 5098 2788 5145 et
2823 5088 3134 5158 apostolum
3182 5086 3549 5141 confessionis

1979 5193 2180 5241 nostra:
2211 5184 2416 5240 factum
2442 5197 2564 5238 esse
2592 5180 2899 5246 Christum,
2933 5180 3099 5235 sicuti
3147 5178 3333 5234 divina
3379 5178 3550 5233 refert

1980 5275 2262 5346 Scriptura
2294 5272 2517 5343 (obtulit
2545 5272 2693 5327 enim
2719 5274 2963 5340 seipsum
2996 5284 3098 5339 pro
3133 5267 3295 5323 nobis
3324 5266 3377 5321 in
3414 5265 3552 5321 odo-

1981 5383 2094 5423 rem
2124 5350 2547 5422 suavitatisDeo
2567 5363 2764 5434 Patri),
2798 5361 2843 5417 si
2871 5361 3023 5432 quis,
3060 5360 3303 5430 inquam,
3331 5346 3551 5426 pontiﬁ-

1980 5475 2097 5515 cem
2124 5468 2177 5514 et
2199 5459 2507 5530 apostolum
2539 5468 2790 5513 nostrum
2819 5455 3023 5510 factum
3057 5466 3197 5517 esse,
3236 5466 3345 5505 non
3370 5451 3548 5520 ipsum

1989 5553 2083 5639 Qei
2114 5553 2375 5619 Verbum,
2407 5567 2532 5607 cum
2563 5565 2692 5606 caro
2723 5559 2780 5604 et
2805 5548 2950 5604 sicut
2998 5561 3101 5601 nos
3145 5559 3334 5599 sumus
3388 5544 3554 5600 homo

1981 5636 2184 5699 factum
2206 5655 2312 5709 est,
2336 5642 2432 5697 sed
2460 5652 2719 5711 tanquam
2751 5639 2920 5695 alium
2950 5636 3171 5710 propria
3198 5643 3254 5691 et
3286 5636 3553 5705 peculiari

1979 5734 2214 5803 quadam
2249 5732 2462 5789 ratione
2493 5733 2562 5787 ab
2593 5747 2660 5786 eo
2713 5731 2807 5802 qui
2836 5746 2905 5786 ex
2940 5728 3171 5783 muliere
3211 5735 3317 5794 est,
3372 5726 3552 5780 horni-

1983 5842 2104 5881 nem
2143 5842 2156 5878 :
2186 5834 2457 5897 praeterea
2500 5824 2547 5879 si
2588 5823 2713 5895 quis
2740 5838 2869 5879 cum
2897 5820 3066 5877 etiam
3120 5835 3219 5893 pro
3253 5817 3456 5891 seipse,
3492 5825 3548 5874 et
