  <div class='ocr_page' id='page_1' title='image "/cluster/home/n/w/nwhite01/storage/ocr_20150623/146/hvd.32044073502601/627.png"; bbox 0 0 3910 6218; ppageno 0'>
   <div class='ocr_carea' id='block_1_1' title="bbox 412 348 550 414">
    <p class='ocr_par' dir='ltr' id='par_1_1' title="bbox 412 348 550 414">
     <span class='ocr_line' id='line_1_1' title="bbox 412 348 550 414; baseline 0.043 -6"><span class='ocrx_word' id='word_1_1' title='bbox 412 348 550 414; x_wconf 61' lang='grc' dir='ltr'><strong>ἱλὸῚ</strong></span> 
     </span>
    </p>
   </div>
   <div class='ocr_carea' id='block_1_2' title="bbox 1627 347 2441 413">
    <p class='ocr_par' dir='ltr' id='par_1_2' title="bbox 1627 347 2441 413">
     <span class='ocr_line' id='line_1_2' title="bbox 1627 347 2441 413; baseline 0.004 -3"><span class='ocrx_word' id='word_1_2' title='bbox 1627 347 2053 412; x_wconf 78' lang='lat' dir='ltr'><strong>NICEPHORI</strong></span> <span class='ocrx_word' id='word_1_3' title='bbox 2093 349 2441 413; x_wconf 84' lang='lat' dir='ltr'><strong>CALLlSTI</strong></span> 
     </span>
    </p>
   </div>
   <div class='ocr_carea' id='block_1_3' title="bbox 3554 344 3677 410">
    <p class='ocr_par' dir='ltr' id='par_1_3' title="bbox 3554 344 3677 410">
     <span class='ocr_line' id='line_1_3' title="bbox 3554 344 3677 410; baseline -0.049 0"><span class='ocrx_word' id='word_1_4' title='bbox 3554 344 3677 410; x_wconf 65' lang='lat'><strong>1168</strong></span> 
     </span>
    </p>
   </div>
   <div class='ocr_carea' id='block_1_4' title="bbox 407 453 1992 530">
    <p class='ocr_par' dir='ltr' id='par_1_4' title="bbox 407 453 1985 529">
     <span class='ocr_line' id='line_1_4' title="bbox 407 453 1985 529; baseline -0.002 -16"><span class='ocrx_word' id='word_1_5' title='bbox 407 477 520 514; x_wconf 81' lang='lat' dir='ltr'><strong>non</strong></span> <span class='ocrx_word' id='word_1_6' title='bbox 558 459 741 529; x_wconf 88' lang='lat' dir='ltr'><strong>potius</strong></span> <span class='ocrx_word' id='word_1_7' title='bbox 775 465 999 513; x_wconf 81' lang='lat' dir='ltr'><strong>tantum.</strong></span> <span class='ocrx_word' id='word_1_8' title='bbox 1023 469 1122 526; x_wconf 88' lang='lat' dir='ltr'><strong>pro</strong></span> <span class='ocrx_word' id='word_1_9' title='bbox 1161 454 1322 514; x_wconf 87' lang='lat' dir='ltr'><strong>nobis</strong></span> <span class='ocrx_word' id='word_1_10' title='bbox 1347 453 1687 513; x_wconf 74' lang='lat' dir='ltr'><strong>oblationem</strong></span> <span class='ocrx_word' id='word_1_11' title='bbox 1717 456 1985 513; x_wconf 85' lang='lat' dir='ltr'><strong>obtulisse</strong></span> 
     </span>
    </p>
   </div>
   <div class='ocr_carea' id='block_1_5' title="bbox 2099 453 3677 530">
    <p class='ocr_par' dir='ltr' id='par_1_5' title="bbox 2099 455 3677 530">
     <span class='ocr_line' id='line_1_5' title="bbox 2099 455 3677 530; baseline -0.003 -16"><span class='ocrx_word' id='word_1_12' title='bbox 2099 460 2157 514; x_wconf 66' lang='lat' dir='ltr'><strong>iv</strong></span> <span class='ocrx_word' id='word_1_13' title='bbox 2184 459 2381 530; x_wconf 72' lang='grc' dir='ltr'>ἐδεήθη</span> <span class='ocrx_word' id='word_1_14' title='bbox 2407 457 2728 530; x_wconf 71' lang='grc' dir='ltr'>προσφορᾶς</span> <span class='ocrx_word' id='word_1_15' title='bbox 2748 459 2779 513; x_wconf 89' lang='grc' dir='ltr'><strong>ό</strong></span> <span class='ocrx_word' id='word_1_16' title='bbox 2801 457 2879 529; x_wconf 79' lang='grc' dir='ltr'>μὴ</span> <span class='ocrx_word' id='word_1_17' title='bbox 2896 455 3051 521; x_wconf 81' lang='grc' dir='ltr'>εἰδὼς</span> <span class='ocrx_word' id='word_1_18' title='bbox 3079 457 3405 528; x_wconf 78' lang='grc' dir='ltr'>ἁμαρτίαν),</span> <span class='ocrx_word' id='word_1_19' title='bbox 3432 458 3677 529; x_wconf 74' lang='grc' dir='ltr'>ἀνάθεμα</span> 
     </span>
    </p>
   </div>
   <div class='ocr_carea' id='block_1_6' title="bbox 406 546 1987 620">
    <p class='ocr_par' dir='ltr' id='par_1_6' title="bbox 406 546 1987 620">
     <span class='ocr_line' id='line_1_6' title="bbox 406 546 1987 620; baseline -0.003 -13"><span class='ocrx_word' id='word_1_20' title='bbox 406 551 545 607; x_wconf 89' lang='lat' dir='ltr'><strong>dicit</strong></span> <span class='ocrx_word' id='word_1_21' title='bbox 570 551 770 620; x_wconf 88' lang='lat' dir='ltr'><strong>(neque</strong></span> <span class='ocrx_word' id='word_1_22' title='bbox 798 549 945 604; x_wconf 90' lang='lat' dir='ltr'><strong>enim</strong></span> <span class='ocrx_word' id='word_1_23' title='bbox 979 546 1263 604; x_wconf 88' lang='lat' dir='ltr'><strong>oblatione</strong></span> <span class='ocrx_word' id='word_1_24' title='bbox 1286 562 1428 618; x_wconf 87' lang='lat' dir='ltr'><strong>opus</strong></span> <span class='ocrx_word' id='word_1_25' title='bbox 1465 547 1683 615; x_wconf 86' lang='lat' dir='ltr'><strong>habuit,</strong></span> <span class='ocrx_word' id='word_1_26' title='bbox 1714 548 1809 618; x_wconf 90' lang='lat' dir='ltr'><strong>qui</strong></span> <span class='ocrx_word' id='word_1_27' title='bbox 1858 564 1987 618; x_wconf 89' lang='lat' dir='ltr'><strong>pec-</strong></span> 
     </span>
    </p>
   </div>
   <div class='ocr_carea' id='block_1_7' title="bbox 407 636 1986 709">
    <p class='ocr_par' dir='ltr' id='par_1_7' title="bbox 407 636 1986 709">
     <span class='ocr_line' id='line_1_7' title="bbox 407 636 1986 709; baseline -0.003 -12"><span class='ocrx_word' id='word_1_28' title='bbox 407 650 588 709; x_wconf 87' lang='lat' dir='ltr'><strong>catum</strong></span> <span class='ocrx_word' id='word_1_29' title='bbox 620 656 731 694; x_wconf 90' lang='lat' dir='ltr'><strong>non</strong></span> <span class='ocrx_word' id='word_1_30' title='bbox 763 636 961 706; x_wconf 87' lang='lat' dir='ltr'><strong>novit),</strong></span> <span class='ocrx_word' id='word_1_31' title='bbox 1001 637 1291 693; x_wconf 84' lang='lat' dir='ltr'><strong>anathema</strong></span> <span class='ocrx_word' id='word_1_32' title='bbox 1321 640 1415 693; x_wconf 88' lang='lat' dir='ltr'><strong>sit.</strong></span> <span class='ocrx_word' id='word_1_33' title='bbox 1449 637 1647 709; x_wconf 81' lang='lat' dir='ltr'><strong>Siquis</strong></span> <span class='ocrx_word' id='word_1_34' title='bbox 1673 655 1779 693; x_wconf 90' lang='lat' dir='ltr'><strong>non</strong></span> <span class='ocrx_word' id='word_1_35' title='bbox 1815 639 1986 709; x_wconf 81' lang='lat' dir='ltr'><strong>proii-</strong></span> 
     </span>
    </p>
   </div>
   <div class='ocr_carea' id='block_1_8' title="bbox 342 730 1983 802">
    <p class='ocr_par' dir='ltr' id='par_1_8' title="bbox 342 730 1983 802">
     <span class='ocr_line' id='line_1_8' title="bbox 342 730 1983 802; baseline -0.001 -14"><span class='ocrx_word' id='word_1_36' title='bbox 342 774 355 784; x_wconf 89' lang='lat'><strong>.</strong></span> <span class='ocrx_word' id='word_1_37' title='bbox 410 745 558 790; x_wconf 88' lang='lat' dir='ltr'><strong>tetur</strong></span> <span class='ocrx_word' id='word_1_38' title='bbox 582 747 802 788; x_wconf 84' lang='lat' dir='ltr'><strong>carnem</strong></span> <span class='ocrx_word' id='word_1_39' title='bbox 837 730 1046 785; x_wconf 88' lang='lat' dir='ltr'><strong>Christi</strong></span> <span class='ocrx_word' id='word_1_40' title='bbox 1083 730 1356 786; x_wconf 81' lang='lat' dir='ltr'><strong>viviﬁcam</strong></span> <span class='ocrx_word' id='word_1_41' title='bbox 1389 741 1446 786; x_wconf 89' lang='lat' dir='ltr'><strong>et</strong></span> <span class='ocrx_word' id='word_1_42' title='bbox 1474 732 1749 802; x_wconf 80' lang='lat' dir='ltr'><strong>propriam</strong></span> <span class='ocrx_word' id='word_1_43' title='bbox 1785 732 1983 802; x_wconf 86' lang='lat' dir='ltr'><strong>ipsius,</strong></span> 
     </span>
    </p>
   </div>
   <div class='ocr_carea' id='block_1_9' title="bbox 409 825 1985 901">
    <p class='ocr_par' dir='ltr' id='par_1_9' title="bbox 409 825 1985 901">
     <span class='ocr_line' id='line_1_9' title="bbox 409 825 1985 901; baseline -0.004 -16"><span class='ocrx_word' id='word_1_44' title='bbox 409 829 558 901; x_wconf 90' lang='lat' dir='ltr'><strong>quod</strong></span> <span class='ocrx_word' id='word_1_45' title='bbox 591 845 656 885; x_wconf 81' lang='lat' dir='ltr'><strong>ex</strong></span> <span class='ocrx_word' id='word_1_46' title='bbox 690 828 802 881; x_wconf 90' lang='lat' dir='ltr'><strong>Deo</strong></span> <span class='ocrx_word' id='word_1_47' title='bbox 825 826 987 883; x_wconf 85' lang='lat' dir='ltr'><strong>Patre</strong></span> <span class='ocrx_word' id='word_1_48' title='bbox 1020 834 1126 887; x_wconf 86' lang='lat' dir='ltr'><strong>est,</strong></span> <span class='ocrx_word' id='word_1_49' title='bbox 1163 825 1351 889; x_wconf 77' lang='lat' dir='ltr'><strong>Verbi,</strong></span> <span class='ocrx_word' id='word_1_50' title='bbox 1390 825 1486 879; x_wconf 91' lang='lat' dir='ltr'><strong>sed</strong></span> <span class='ocrx_word' id='word_1_51' title='bbox 1522 825 1754 880; x_wconf 85' lang='lat' dir='ltr'><strong>alterius</strong></span> <span class='ocrx_word' id='word_1_52' title='bbox 1798 826 1985 895; x_wconf 83' lang='lat' dir='ltr'><strong>cujus-</strong></span> 
     </span>
    </p>
   </div>
   <div class='ocr_carea' id='block_1_10' title="bbox 409 916 1989 989">
    <p class='ocr_par' dir='ltr' id='par_1_10' title="bbox 409 916 1989 989">
     <span class='ocr_line' id='line_1_10' title="bbox 409 916 1989 989; baseline -0.004 -11"><span class='ocrx_word' id='word_1_53' title='bbox 409 925 532 978; x_wconf 93' lang='lat' dir='ltr'><strong>dam</strong></span> <span class='ocrx_word' id='word_1_54' title='bbox 569 920 638 974; x_wconf 86' lang='lat' dir='ltr'><strong>ab</strong></span> <span class='ocrx_word' id='word_1_55' title='bbox 669 919 784 989; x_wconf 90' lang='lat' dir='ltr'><strong>ipsa</strong></span> <span class='ocrx_word' id='word_1_56' title='bbox 814 932 955 980; x_wconf 86' lang='lat' dir='ltr'><strong>esse,</strong></span> <span class='ocrx_word' id='word_1_57' title='bbox 992 917 1162 972; x_wconf 84' lang='lat' dir='ltr'><strong>veluti</strong></span> <span class='ocrx_word' id='word_1_58' title='bbox 1191 917 1240 971; x_wconf 91' lang='lat' dir='ltr'><strong>ei</strong></span> <span class='ocrx_word' id='word_1_59' title='bbox 1302 918 1457 987; x_wconf 75' lang='lat' dir='ltr'><strong>juxta</strong></span> <span class='ocrx_word' id='word_1_60' title='bbox 1487 916 1809 986; x_wconf 77' lang='lat' dir='ltr'><strong>dignitatem</strong></span> <span class='ocrx_word' id='word_1_61' title='bbox 1859 932 1989 971; x_wconf 87' lang='lat' dir='ltr'><strong>con-</strong></span> 
     </span>
    </p>
   </div>
   <div class='ocr_carea' id='block_1_11' title="bbox 407 1008 1985 1085">
    <p class='ocr_par' dir='ltr' id='par_1_11' title="bbox 407 1008 1985 1085">
     <span class='ocr_line' id='line_1_11' title="bbox 407 1008 1985 1085; baseline -0.004 -18"><span class='ocrx_word' id='word_1_62' title='bbox 407 1012 602 1085; x_wconf 86' lang='lat' dir='ltr'><strong>juncti,</strong></span> <span class='ocrx_word' id='word_1_63' title='bbox 632 1012 749 1066; x_wconf 83' lang='lat' dir='ltr'><strong>sive</strong></span> <span class='ocrx_word' id='word_1_64' title='bbox 798 1010 952 1080; x_wconf 89' lang='lat' dir='ltr'><strong>quasi</strong></span> <span class='ocrx_word' id='word_1_65' title='bbox 1006 1009 1177 1063; x_wconf 86' lang='lat' dir='ltr'><strong>solam</strong></span> <span class='ocrx_word' id='word_1_66' title='bbox 1227 1010 1465 1063; x_wconf 84' lang='lat' dir='ltr'><strong>divinam</strong></span> <span class='ocrx_word' id='word_1_67' title='bbox 1502 1009 1897 1066; x_wconf 84' lang='lat' dir='ltr'><strong>habitationem</strong></span> <span class='ocrx_word' id='word_1_68' title='bbox 1931 1008 1985 1061; x_wconf 91' lang='lat' dir='ltr'><strong>in</strong></span> 
     </span>
    </p>
   </div>
   <div class='ocr_carea' id='block_1_12' title="bbox 407 1100 1985 1171">
    <p class='ocr_par' dir='ltr' id='par_1_12' title="bbox 407 1100 1985 1171">
     <span class='ocr_line' id='line_1_12' title="bbox 407 1100 1985 1171; baseline -0.004 -10"><span class='ocrx_word' id='word_1_69' title='bbox 407 1122 470 1161; x_wconf 87' lang='lat' dir='ltr'><strong>ea</strong></span> <span class='ocrx_word' id='word_1_70' title='bbox 493 1102 771 1165; x_wconf 85' lang='lat' dir='ltr'><strong>habuerit,</strong></span> <span class='ocrx_word' id='word_1_71' title='bbox 800 1112 855 1157; x_wconf 87' lang='lat' dir='ltr'><strong>et</strong></span> <span class='ocrx_word' id='word_1_72' title='bbox 879 1119 985 1156; x_wconf 90' lang='lat' dir='ltr'><strong>non</strong></span> <span class='ocrx_word' id='word_1_73' title='bbox 1012 1103 1197 1171; x_wconf 82' lang='lat' dir='ltr'><strong>potius</strong></span> <span class='ocrx_word' id='word_1_74' title='bbox 1218 1100 1705 1171; x_wconf 73' lang='lat' dir='ltr'><strong>(quemadmodum</strong></span> <span class='ocrx_word' id='word_1_75' title='bbox 1726 1100 1985 1170; x_wconf 70' lang='lat' dir='ltr'><strong>diximus)</strong></span> 
     </span>
    </p>
   </div>
   <div class='ocr_carea' id='block_1_13' title="bbox 409 1189 1986 1261">
    <p class='ocr_par' dir='ltr' id='par_1_13' title="bbox 409 1189 1986 1261">
     <span class='ocr_line' id='line_1_13' title="bbox 409 1189 1986 1261; baseline -0.003 -14"><span class='ocrx_word' id='word_1_76' title='bbox 409 1194 706 1255; x_wconf 84' lang='lat' dir='ltr'><strong>vivilicam,</strong></span> <span class='ocrx_word' id='word_1_77' title='bbox 734 1208 857 1261; x_wconf 76' lang='lat' dir='ltr'><strong>qua:</strong></span> <span class='ocrx_word' id='word_1_78' title='bbox 894 1191 1063 1247; x_wconf 85' lang='lat' dir='ltr'><strong>Verbi</strong></span> <span class='ocrx_word' id='word_1_79' title='bbox 1091 1191 1311 1261; x_wconf 88' lang='lat' dir='ltr'><strong>propria</strong></span> <span class='ocrx_word' id='word_1_80' title='bbox 1340 1190 1478 1244; x_wconf 77' lang='lat' dir='ltr'><strong>facta</strong></span> <span class='ocrx_word' id='word_1_81' title='bbox 1509 1190 1600 1256; x_wconf 89' lang='lat' dir='ltr'><strong>sit,</strong></span> <span class='ocrx_word' id='word_1_82' title='bbox 1632 1191 1817 1244; x_wconf 88' lang='lat' dir='ltr'><strong>omnia</strong></span> <span class='ocrx_word' id='word_1_83' title='bbox 1850 1189 1986 1243; x_wconf 85' lang='lat' dir='ltr'><strong>vivi-</strong></span> 
     </span>
    </p>
   </div>
   <div class='ocr_carea' id='block_1_14' title="bbox 411 1280 1986 1351">
    <p class='ocr_par' dir='ltr' id='par_1_14' title="bbox 411 1280 1986 1351">
     <span class='ocr_line' id='line_1_14' title="bbox 411 1280 1986 1351; baseline -0.004 -11"><span class='ocrx_word' id='word_1_84' title='bbox 411 1288 578 1341; x_wconf 86' lang='lat' dir='ltr'><strong>licare</strong></span> <span class='ocrx_word' id='word_1_85' title='bbox 606 1284 863 1346; x_wconf 85' lang='lat' dir='ltr'><strong>valentis,</strong></span> <span class='ocrx_word' id='word_1_86' title='bbox 890 1284 1183 1337; x_wconf 85' lang='lat' dir='ltr'><strong>anathema</strong></span> <span class='ocrx_word' id='word_1_87' title='bbox 1206 1285 1297 1346; x_wconf 86' lang='lat' dir='ltr'><strong>sit,</strong></span> <span class='ocrx_word' id='word_1_88' title='bbox 1318 1281 1386 1337; x_wconf 84' lang='lat' dir='ltr'><strong>.Si</strong></span> <span class='ocrx_word' id='word_1_89' title='bbox 1410 1281 1532 1351; x_wconf 86' lang='lat' dir='ltr'><strong>quis</strong></span> <span class='ocrx_word' id='word_1_90' title='bbox 1562 1297 1672 1335; x_wconf 86' lang='lat' dir='ltr'><strong>non</strong></span> <span class='ocrx_word' id='word_1_91' title='bbox 1698 1280 1986 1350; x_wconf 82' lang='lat' dir='ltr'><strong>proﬁtetur</strong></span> 
     </span>
    </p>
   </div>
   <div class='ocr_carea' id='block_1_15' title="bbox 409 1371 1990 1443">
    <p class='ocr_par' dir='ltr' id='par_1_15' title="bbox 409 1371 1990 1443">
     <span class='ocr_line' id='line_1_15' title="bbox 409 1371 1990 1443; baseline -0.004 -11"><span class='ocrx_word' id='word_1_92' title='bbox 409 1378 506 1432; x_wconf 97' lang='lat' dir='ltr'><strong>Dei</strong></span> <span class='ocrx_word' id='word_1_93' title='bbox 534 1377 775 1434; x_wconf 83' lang='lat' dir='ltr'><strong>Verbum</strong></span> <span class='ocrx_word' id='word_1_94' title='bbox 810 1389 974 1430; x_wconf 85' lang='lat' dir='ltr'><strong>carne</strong></span> <span class='ocrx_word' id='word_1_95' title='bbox 1019 1390 1238 1443; x_wconf 88' lang='lat' dir='ltr'><strong>passum</strong></span> <span class='ocrx_word' id='word_1_96' title='bbox 1271 1389 1419 1438; x_wconf 86' lang='lat' dir='ltr'><strong>esse,</strong></span> <span class='ocrx_word' id='word_1_97' title='bbox 1453 1382 1508 1428; x_wconf 90' lang='lat' dir='ltr'><strong>et</strong></span> <span class='ocrx_word' id='word_1_98' title='bbox 1544 1389 1711 1427; x_wconf 86' lang='lat' dir='ltr'><strong>carne</strong></span> <span class='ocrx_word' id='word_1_99' title='bbox 1770 1371 1990 1427; x_wconf 81' lang='lat' dir='ltr'><strong>cruciﬁ-</strong></span> 
     </span>
    </p>
   </div>
   <div class='ocr_carea' id='block_1_16' title="bbox 409 1464 1990 1536">
    <p class='ocr_par' dir='ltr' id='par_1_16' title="bbox 409 1464 1990 1536">
     <span class='ocr_line' id='line_1_16' title="bbox 409 1464 1990 1536; baseline -0.004 -11"><span class='ocrx_word' id='word_1_100' title='bbox 409 1484 563 1533; x_wconf 85' lang='lat' dir='ltr'><strong>xum,</strong></span> <span class='ocrx_word' id='word_1_101' title='bbox 591 1477 648 1524; x_wconf 88' lang='lat' dir='ltr'><strong>et</strong></span> <span class='ocrx_word' id='word_1_102' title='bbox 677 1483 843 1521; x_wconf 89' lang='lat' dir='ltr'><strong>carne</strong></span> <span class='ocrx_word' id='word_1_103' title='bbox 876 1477 1108 1521; x_wconf 89' lang='lat' dir='ltr'><strong>mortem</strong></span> <span class='ocrx_word' id='word_1_104' title='bbox 1142 1474 1416 1536; x_wconf 79' lang='lat' dir='ltr'><strong>gustasse,</strong></span> <span class='ocrx_word' id='word_1_105' title='bbox 1455 1475 1622 1535; x_wconf 90' lang='lat' dir='ltr'><strong>atquc</strong></span> <span class='ocrx_word' id='word_1_106' title='bbox 1651 1464 1990 1535; x_wconf 75' lang='lat' dir='ltr'><strong>primogeni-</strong></span> 
     </span>
    </p>
   </div>
   <div class='ocr_carea' id='block_1_17' title="bbox 412 1559 1992 1628">
    <p class='ocr_par' dir='ltr' id='par_1_17' title="bbox 412 1559 1992 1628">
     <span class='ocr_line' id='line_1_17' title="bbox 412 1559 1992 1628; baseline -0.003 -11"><span class='ocrx_word' id='word_1_107' title='bbox 412 1575 525 1617; x_wconf 88' lang='lat' dir='ltr'><strong>tum</strong></span> <span class='ocrx_word' id='word_1_108' title='bbox 558 1577 623 1617; x_wconf 74' lang='lat' dir='ltr'><strong>ex</strong></span> <span class='ocrx_word' id='word_1_109' title='bbox 656 1561 888 1615; x_wconf 86' lang='lat' dir='ltr'><strong>mortuis</strong></span> <span class='ocrx_word' id='word_1_110' title='bbox 922 1559 1125 1614; x_wconf 84' lang='lat' dir='ltr'><strong>factum</strong></span> <span class='ocrx_word' id='word_1_111' title='bbox 1154 1574 1295 1621; x_wconf 87' lang='lat' dir='ltr'><strong>esse.</strong></span> <span class='ocrx_word' id='word_1_112' title='bbox 1325 1569 1598 1628; x_wconf 86' lang='lat' dir='ltr'><strong>quatenus</strong></span> <span class='ocrx_word' id='word_1_113' title='bbox 1628 1559 1737 1613; x_wconf 84' lang='lat' dir='ltr'><strong>vita</strong></span> <span class='ocrx_word' id='word_1_114' title='bbox 1768 1567 1820 1614; x_wconf 90' lang='lat' dir='ltr'><strong>et</strong></span> <span class='ocrx_word' id='word_1_115' title='bbox 1857 1559 1992 1613; x_wconf 80' lang='lat' dir='ltr'><strong>vivi-</strong></span> 
     </span>
    </p>
   </div>
   <div class='ocr_carea' id='block_1_18' title="bbox 411 1651 1989 1722">
    <p class='ocr_par' dir='ltr' id='par_1_18' title="bbox 411 1651 1989 1722">
     <span class='ocr_line' id='line_1_18' title="bbox 411 1651 1989 1722; baseline -0.004 -11"><span class='ocrx_word' id='word_1_116' title='bbox 411 1658 582 1711; x_wconf 89' lang='lat' dir='ltr'><strong>ticans</strong></span> <span class='ocrx_word' id='word_1_117' title='bbox 609 1665 715 1719; x_wconf 89' lang='lat' dir='ltr'><strong>est,</strong></span> <span class='ocrx_word' id='word_1_118' title='bbox 739 1663 929 1722; x_wconf 88' lang='lat' dir='ltr'><strong>utpote</strong></span> <span class='ocrx_word' id='word_1_119' title='bbox 958 1653 1122 1717; x_wconf 88' lang='lat' dir='ltr'><strong>Deus,</strong></span> <span class='ocrx_word' id='word_1_120' title='bbox 1156 1652 1450 1707; x_wconf 86' lang='lat' dir='ltr'><strong>anathema</strong></span> <span class='ocrx_word' id='word_1_121' title='bbox 1479 1653 1572 1715; x_wconf 78' lang='lat' dir='ltr'><strong>sit,</strong></span> <span class='ocrx_word' id='word_1_122' title='bbox 1612 1670 1631 1703; x_wconf 73' lang='grc' dir='ltr'><strong>ι</strong></span> <span class='ocrx_word' id='word_1_123' title='bbox 1656 1651 1989 1707; x_wconf 77' lang='lat' dir='ltr'><strong>leestinus</strong></span> 
     </span>
    </p>
   </div>
   <div class='ocr_carea' id='block_1_19' title="bbox 2090 549 3680 622">
    <p class='ocr_par' dir='ltr' id='par_1_19' title="bbox 2090 549 3680 622">
     <span class='ocr_line' id='line_1_19' title="bbox 2090 549 3680 622; baseline 0.002 -18"><span class='ocrx_word' id='word_1_124' title='bbox 2090 551 2254 605; x_wconf 75' lang='grc' dir='ltr'>ἔστω.</span> <span class='ocrx_word' id='word_1_125' title='bbox 2272 549 2343 604; x_wconf 66' lang='lat' dir='ltr'><strong>Et</strong></span> <span class='ocrx_word' id='word_1_126' title='bbox 2360 569 2443 615; x_wconf 83' lang='grc' dir='ltr'><strong>τις</strong></span> <span class='ocrx_word' id='word_1_127' title='bbox 2469 550 2567 621; x_wconf 83' lang='grc' dir='ltr'><strong>οὐχ</strong></span> <span class='ocrx_word' id='word_1_128' title='bbox 2596 549 2852 620; x_wconf 81' lang='grc' dir='ltr'>ὁμολογεῖ</span> <span class='ocrx_word' id='word_1_129' title='bbox 2878 552 2977 620; x_wconf 81' lang='grc' dir='ltr'>τὴν</span> <span class='ocrx_word' id='word_1_130' title='bbox 2996 549 3091 603; x_wconf 83' lang='grc' dir='ltr'>τοῦ</span> <span class='ocrx_word' id='word_1_131' title='bbox 3117 552 3327 615; x_wconf 78' lang='grc' dir='ltr'><strong>Κυρίου</strong></span> <span class='ocrx_word' id='word_1_132' title='bbox 3352 552 3535 622; x_wconf 80' lang='grc' dir='ltr'>σάρκα</span> <span class='ocrx_word' id='word_1_133' title='bbox 3553 552 3680 617; x_wconf 64' lang='lat' dir='ltr'><strong>Coro-</strong></span> 
     </span>
    </p>
   </div>
   <div class='ocr_carea' id='block_1_20' title="bbox 2092 638 3678 713">
    <p class='ocr_par' dir='ltr' id='par_1_20' title="bbox 2092 638 3678 713">
     <span class='ocr_line' id='line_1_20' title="bbox 2092 638 3678 713; baseline 0.002 -19"><span class='ocrx_word' id='word_1_134' title='bbox 2092 642 2244 695; x_wconf 78' lang='grc' dir='ltr'>ποιὸν</span> <span class='ocrx_word' id='word_1_135' title='bbox 2279 638 2439 706; x_wconf 78' lang='grc' dir='ltr'>εἶναι,</span> <span class='ocrx_word' id='word_1_136' title='bbox 2465 641 2560 694; x_wconf 78' lang='grc' dir='ltr'>καὶ</span> <span class='ocrx_word' id='word_1_137' title='bbox 2598 640 2733 696; x_wconf 80' lang='grc' dir='ltr'>ἰδίαν</span> <span class='ocrx_word' id='word_1_138' title='bbox 2760 640 2926 694; x_wconf 80' lang='grc' dir='ltr'>αὑτοῦ</span> <span class='ocrx_word' id='word_1_139' title='bbox 2954 640 3049 695; x_wconf 81' lang='grc' dir='ltr'>τοῦ</span> <span class='ocrx_word' id='word_1_140' title='bbox 3074 643 3140 694; x_wconf 81' lang='grc' dir='ltr'>ὲκ</span> <span class='ocrx_word' id='word_1_141' title='bbox 3161 644 3300 694; x_wconf 81' lang='grc' dir='ltr'>Θεοῦ</span> <span class='ocrx_word' id='word_1_142' title='bbox 3333 643 3553 713; x_wconf 51' lang='lat' dir='ltr'><strong>Ila-:93;</strong></span> <span class='ocrx_word' id='word_1_143' title='bbox 3586 644 3678 697; x_wconf 77' lang='lat' dir='ltr'><strong>A6-</strong></span> 
     </span>
    </p>
   </div>
   <div class='ocr_carea' id='block_1_21' title="bbox 2090 732 3675 803">
    <p class='ocr_par' dir='ltr' id='par_1_21' title="bbox 2090 732 3675 803">
     <span class='ocr_line' id='line_1_21' title="bbox 2090 732 3675 803; baseline 0.001 -18"><span class='ocrx_word' id='word_1_144' title='bbox 2090 749 2211 801; x_wconf 88' lang='grc' dir='ltr'>γου,</span> <span class='ocrx_word' id='word_1_145' title='bbox 2245 733 2362 786; x_wconf 76' lang='grc' dir='ltr'>ἀλλ’</span> <span class='ocrx_word' id='word_1_146' title='bbox 2388 732 2463 796; x_wconf 82' lang='grc' dir='ltr'><strong>ὡς</strong></span> <span class='ocrx_word' id='word_1_147' title='bbox 2492 732 2682 803; x_wconf 79' lang='grc' dir='ltr'>ἑτέρου</span> <span class='ocrx_word' id='word_1_148' title='bbox 2724 732 2872 795; x_wconf 84' lang='grc' dir='ltr'>τινὸς</span> <span class='ocrx_word' id='word_1_149' title='bbox 2899 733 3033 802; x_wconf 79' lang='grc' dir='ltr'>παρ’</span> <span class='ocrx_word' id='word_1_150' title='bbox 3068 732 3265 786; x_wconf 79' lang='grc' dir='ltr'>αὐτόν·</span> <span class='ocrx_word' id='word_1_151' title='bbox 3323 736 3675 803; x_wconf 73' lang='grc' dir='ltr'>συνημμένου</span> 
     </span>
    </p>
   </div>
   <div class='ocr_carea' id='block_1_22' title="bbox 2095 823 3676 896">
    <p class='ocr_par' dir='ltr' id='par_1_22' title="bbox 2095 823 3676 896">
     <span class='ocr_line' id='line_1_22' title="bbox 2095 823 3676 896; baseline 0.001 -18"><span class='ocrx_word' id='word_1_152' title='bbox 2095 824 2196 896; x_wconf 80' lang='grc' dir='ltr'>μὲν</span> <span class='ocrx_word' id='word_1_153' title='bbox 2226 824 2375 895; x_wconf 75' lang='grc' dir='ltr'>αὐτῷ</span> <span class='ocrx_word' id='word_1_154' title='bbox 2405 823 2547 878; x_wconf 87' lang='grc' dir='ltr'><strong>κατά</strong></span> <span class='ocrx_word' id='word_1_155' title='bbox 2574 825 2672 895; x_wconf 84' lang='grc' dir='ltr'><strong>τὴν</strong></span> <span class='ocrx_word' id='word_1_156' title='bbox 2716 825 2899 890; x_wconf 73' lang='grc' dir='ltr'>ἀξίαν,</span> <span class='ocrx_word' id='word_1_157' title='bbox 2962 825 3133 894; x_wconf 85' lang='grc' dir='ltr'>ῆγουν</span> <span class='ocrx_word' id='word_1_158' title='bbox 3182 826 3259 889; x_wconf 84' lang='grc' dir='ltr'>ὡς</span> <span class='ocrx_word' id='word_1_159' title='bbox 3315 827 3491 896; x_wconf 87' lang='grc' dir='ltr'>μόνην</span> <span class='ocrx_word' id='word_1_160' title='bbox 3533 827 3676 881; x_wconf 79' lang='grc' dir='ltr'>θείαν</span> 
     </span>
    </p>
   </div>
   <div class='ocr_carea' id='block_1_23' title="bbox 2091 916 3678 989">
    <p class='ocr_par' dir='ltr' id='par_1_23' title="bbox 2091 916 3678 989">
     <span class='ocr_line' id='line_1_23' title="bbox 2091 916 3678 989; baseline 0.001 -18"><span class='ocrx_word' id='word_1_161' title='bbox 2091 917 2373 989; x_wconf 77' lang='grc' dir='ltr'><strong>ἐνοίκησιν</strong></span> <span class='ocrx_word' id='word_1_162' title='bbox 2409 916 2730 987; x_wconf 72' lang='grc' dir='ltr'><strong>ἐσχηκότος,</strong></span> <span class='ocrx_word' id='word_1_163' title='bbox 2761 918 2857 970; x_wconf 70' lang='grc' dir='ltr'>καὶ</span> <span class='ocrx_word' id='word_1_164' title='bbox 2888 918 3008 988; x_wconf 70' lang='grc' dir='ltr'>οὐχὶ</span> <span class='ocrx_word' id='word_1_165' title='bbox 3036 919 3100 987; x_wconf 82' lang='grc' dir='ltr'>δὴ</span> <span class='ocrx_word' id='word_1_166' title='bbox 3140 919 3348 986; x_wconf 79' lang='grc' dir='ltr'>μᾶλλον</span> <span class='ocrx_word' id='word_1_167' title='bbox 3394 921 3678 985; x_wconf 55' lang='lat' dir='ltr'><strong>Commio»,</strong></span> 
     </span>
    </p>
   </div>
   <div class='ocr_carea' id='block_1_24' title="bbox 2089 1009 3682 1078">
    <p class='ocr_par' dir='ltr' id='par_1_24' title="bbox 2089 1009 3682 1078">
     <span class='ocr_line' id='line_1_24' title="bbox 2089 1009 3682 1078; baseline 0.001 -15"><span class='ocrx_word' id='word_1_168' title='bbox 2089 1011 2164 1073; x_wconf 83' lang='grc' dir='ltr'>ὡς</span> <span class='ocrx_word' id='word_1_169' title='bbox 2195 1010 2427 1078; x_wconf 77' lang='grc' dir='ltr'>ἔφημεν,</span> <span class='ocrx_word' id='word_1_170' title='bbox 2464 1009 2548 1061; x_wconf 86' lang='grc' dir='ltr'>ὅτι</span> <span class='ocrx_word' id='word_1_171' title='bbox 2598 1010 2816 1078; x_wconf 80' lang='grc' dir='ltr'><strong>γεγόνει</strong></span> <span class='ocrx_word' id='word_1_172' title='bbox 2874 1010 2969 1064; x_wconf 80' lang='grc' dir='ltr'>τοῦ</span> <span class='ocrx_word' id='word_1_173' title='bbox 3020 1011 3197 1078; x_wconf 82' lang='grc' dir='ltr'>Λόγου</span> <span class='ocrx_word' id='word_1_174' title='bbox 3250 1009 3351 1063; x_wconf 84' lang='grc' dir='ltr'>τοῦ</span> <span class='ocrx_word' id='word_1_175' title='bbox 3407 1014 3480 1065; x_wconf 74' lang='grc' dir='ltr'>τὰ</span> <span class='ocrx_word' id='word_1_176' title='bbox 3512 1014 3682 1065; x_wconf 80' lang='grc' dir='ltr'>πάντα</span> 
     </span>
    </p>
   </div>
   <div class='ocr_carea' id='block_1_25' title="bbox 2088 1101 3681 1173">
    <p class='ocr_par' dir='ltr' id='par_1_25' title="bbox 2088 1101 3681 1173">
     <span class='ocr_line' id='line_1_25' title="bbox 2088 1101 3681 1173; baseline 0.001 -17"><span class='ocrx_word' id='word_1_177' title='bbox 2088 1102 2378 1171; x_wconf 78' lang='grc' dir='ltr'><strong>ζωογονεῖν</strong></span> <span class='ocrx_word' id='word_1_178' title='bbox 2411 1102 2705 1171; x_wconf 77' lang='grc' dir='ltr'><strong>ἰσχύοντος,</strong></span> <span class='ocrx_word' id='word_1_179' title='bbox 2731 1101 2980 1172; x_wconf 78' lang='grc' dir='ltr'><strong>ἀνάθεμα</strong></span> <span class='ocrx_word' id='word_1_180' title='bbox 3009 1103 3171 1157; x_wconf 79' lang='grc' dir='ltr'>ἔστω.</span> <span class='ocrx_word' id='word_1_181' title='bbox 3197 1104 3267 1155; x_wconf 81' lang='grc' dir='ltr'><strong>Εἴ</strong></span> <span class='ocrx_word' id='word_1_182' title='bbox 3302 1120 3388 1166; x_wconf 86' lang='grc' dir='ltr'><strong>τις</strong></span> <span class='ocrx_word' id='word_1_183' title='bbox 3423 1104 3525 1172; x_wconf 82' lang='grc' dir='ltr'><strong>οὐχ</strong></span> <span class='ocrx_word' id='word_1_184' title='bbox 3557 1108 3681 1173; x_wconf 75' lang='grc' dir='ltr'>ὀμο-</span> 
     </span>
    </p>
   </div>
   <div class='ocr_carea' id='block_1_26' title="bbox 2091 1193 3681 1271">
    <p class='ocr_par' dir='ltr' id='par_1_26' title="bbox 2091 1193 3681 1271">
     <span class='ocr_line' id='line_1_26' title="bbox 2091 1193 3681 1271; baseline -0.001 -23"><span class='ocrx_word' id='word_1_185' title='bbox 2091 1195 2242 1261; x_wconf 88' lang='grc' dir='ltr'>λογεί</span> <span class='ocrx_word' id='word_1_186' title='bbox 2263 1196 2355 1248; x_wconf 72' lang='grc' dir='ltr'><strong>τὸν</strong></span> <span class='ocrx_word' id='word_1_187' title='bbox 2390 1194 2484 1247; x_wconf 84' lang='grc' dir='ltr'><strong>τοῦ</strong></span> <span class='ocrx_word' id='word_1_188' title='bbox 2507 1193 2643 1271; x_wconf 82' lang='grc' dir='ltr'>Θεοῦ</span> <span class='ocrx_word' id='word_1_189' title='bbox 2664 1194 2839 1258; x_wconf 82' lang='grc' dir='ltr'>Λόγον</span> <span class='ocrx_word' id='word_1_190' title='bbox 2868 1196 3111 1248; x_wconf 75' lang='grc' dir='ltr'><strong>παθόντα</strong></span> <span class='ocrx_word' id='word_1_191' title='bbox 3133 1197 3304 1265; x_wconf 71' lang='grc' dir='ltr'>σαρκὶ</span> <span class='ocrx_word' id='word_1_192' title='bbox 3325 1235 3340 1259; x_wconf 88' lang='grc'><strong>,</strong></span> <span class='ocrx_word' id='word_1_193' title='bbox 3370 1196 3469 1249; x_wconf 65' lang='grc' dir='ltr'><strong>καὶ</strong></span> <span class='ocrx_word' id='word_1_194' title='bbox 3499 1199 3681 1249; x_wconf 76' lang='grc' dir='ltr'>ἐσταυ-</span> 
     </span>
    </p>
   </div>
   <div class='ocr_carea' id='block_1_27' title="bbox 2095 1287 3679 1359">
    <p class='ocr_par' dir='ltr' id='par_1_27' title="bbox 2095 1287 3679 1359">
     <span class='ocr_line' id='line_1_27' title="bbox 2095 1287 3679 1359; baseline 0 -18"><span class='ocrx_word' id='word_1_195' title='bbox 2095 1289 2341 1359; x_wconf 83' lang='grc' dir='ltr'>ρωμένον</span> <span class='ocrx_word' id='word_1_196' title='bbox 2377 1289 2568 1358; x_wconf 74' lang='grc' dir='ltr'>σαρκὶ,</span> <span class='ocrx_word' id='word_1_197' title='bbox 2605 1289 2701 1340; x_wconf 72' lang='grc' dir='ltr'><strong>καὶ</strong></span> <span class='ocrx_word' id='word_1_198' title='bbox 2727 1287 2965 1341; x_wconf 84' lang='grc' dir='ltr'>θανάτου</span> <span class='ocrx_word' id='word_1_199' title='bbox 2999 1288 3345 1355; x_wconf 79' lang='grc' dir='ltr'>γευσάμενον</span> <span class='ocrx_word' id='word_1_200' title='bbox 3371 1290 3564 1359; x_wconf 73' lang='grc' dir='ltr'>σαρκὶ,</span> <span class='ocrx_word' id='word_1_201' title='bbox 3594 1305 3679 1356; x_wconf 70' lang='grc' dir='ltr'>γει</span> 
     </span>
    </p>
   </div>
   <div class='ocr_carea' id='block_1_28' title="bbox 2090 1378 3678 1451">
    <p class='ocr_par' dir='ltr' id='par_1_28' title="bbox 2090 1378 3678 1451">
     <span class='ocr_line' id='line_1_28' title="bbox 2090 1378 3678 1451; baseline 0 -16"><span class='ocrx_word' id='word_1_202' title='bbox 2090 1381 2291 1450; x_wconf 84' lang='grc' dir='ltr'>γονότα</span> <span class='ocrx_word' id='word_1_203' title='bbox 2317 1398 2378 1434; x_wconf 86' lang='grc' dir='ltr'><strong>τε</strong></span> <span class='ocrx_word' id='word_1_204' title='bbox 2405 1382 2758 1451; x_wconf 82' lang='grc' dir='ltr'>πρωτότοκον</span> <span class='ocrx_word' id='word_1_205' title='bbox 2793 1381 2860 1432; x_wconf 72' lang='grc' dir='ltr'>ἑκ</span> <span class='ocrx_word' id='word_1_206' title='bbox 2884 1378 2994 1433; x_wconf 83' lang='grc' dir='ltr'>τῶν</span> <span class='ocrx_word' id='word_1_207' title='bbox 3024 1379 3261 1450; x_wconf 81' lang='grc' dir='ltr'>νεκρῶν,</span> <span class='ocrx_word' id='word_1_208' title='bbox 3293 1381 3436 1434; x_wconf 69' lang='grc' dir='ltr'>καθὸ</span> <span class='ocrx_word' id='word_1_209' title='bbox 3481 1381 3596 1448; x_wconf 78' lang='grc' dir='ltr'><strong>ζωή</strong></span> <span class='ocrx_word' id='word_1_210' title='bbox 3624 1380 3678 1435; x_wconf 78' lang='grc' dir='ltr'><strong>τέ</strong></span> 
     </span>
    </p>
   </div>
   <div class='ocr_carea' id='block_1_29' title="bbox 2092 1471 3683 1541">
    <p class='ocr_par' dir='ltr' id='par_1_29' title="bbox 2092 1471 3683 1541">
     <span class='ocr_line' id='line_1_29' title="bbox 2092 1471 3683 1541; baseline 0 -15"><span class='ocrx_word' id='word_1_211' title='bbox 2092 1474 2330 1527; x_wconf 75' lang='grc' dir='ltr'>ἐστικαὶ</span> <span class='ocrx_word' id='word_1_212' title='bbox 2361 1472 2626 1536; x_wconf 78' lang='grc' dir='ltr'>ζωοποιὺς</span> <span class='ocrx_word' id='word_1_213' title='bbox 2649 1472 2726 1535; x_wconf 86' lang='grc' dir='ltr'>ὡς</span> <span class='ocrx_word' id='word_1_214' title='bbox 2759 1471 2914 1534; x_wconf 83' lang='grc' dir='ltr'>Θεὸς,</span> <span class='ocrx_word' id='word_1_215' title='bbox 2947 1472 3199 1541; x_wconf 80' lang='grc' dir='ltr'><strong>ἀνάθεμα</strong></span> <span class='ocrx_word' id='word_1_216' title='bbox 3254 1471 3419 1525; x_wconf 80' lang='grc' dir='ltr'>ἔστω.</span> <span class='ocrx_word' id='word_1_217' title='bbox 3462 1491 3482 1524; x_wconf 77' lang='grc' dir='ltr'><strong>ι</strong></span> <span class='ocrx_word' id='word_1_218' title='bbox 3520 1472 3683 1526; x_wconf 60' lang='lat' dir='ltr'><strong>lisia-</strong></span> 
     </span>
    </p>
   </div>
   <div class='ocr_carea' id='block_1_30' title="bbox 2094 1563 3683 1635">
    <p class='ocr_par' dir='ltr' id='par_1_30' title="bbox 2094 1563 3683 1635">
     <span class='ocr_line' id='line_1_30' title="bbox 2094 1563 3683 1635; baseline -0.001 -17"><span class='ocrx_word' id='word_1_219' title='bbox 2094 1565 2343 1629; x_wconf 66' lang='grc' dir='ltr'>στῖνοςδ</span> <span class='ocrx_word' id='word_1_220' title='bbox 2379 1567 2405 1618; x_wconf 88' lang='grc' dir='ltr'><strong>ό</strong></span> <span class='ocrx_word' id='word_1_221' title='bbox 2426 1565 2526 1635; x_wconf 83' lang='grc' dir='ltr'><strong>τῆς</strong></span> <span class='ocrx_word' id='word_1_222' title='bbox 2574 1563 2796 1633; x_wconf 80' lang='grc' dir='ltr'>Ῥώμης</span> <span class='ocrx_word' id='word_1_223' title='bbox 2824 1564 3125 1625; x_wconf 73' lang='grc' dir='ltr'>ἐπίσκοπος</span> <span class='ocrx_word' id='word_1_224' title='bbox 3158 1563 3229 1617; x_wconf 71' lang='grc' dir='ltr'><strong>τὰ</strong></span> <span class='ocrx_word' id='word_1_225' title='bbox 3252 1564 3349 1618; x_wconf 79' lang='grc' dir='ltr'><strong>τοῦ</strong></span> <span class='ocrx_word' id='word_1_226' title='bbox 3392 1563 3543 1617; x_wconf 87' lang='grc' dir='ltr'>θείου</span> <span class='ocrx_word' id='word_1_227' title='bbox 3576 1564 3683 1617; x_wconf 78' lang='grc' dir='ltr'><strong>Κυ-</strong></span> 
     </span>
    </p>
   </div>
   <div class='ocr_carea' id='block_1_31' title="bbox 2097 1655 3685 1727">
    <p class='ocr_par' dir='ltr' id='par_1_31' title="bbox 2097 1655 3685 1727">
     <span class='ocr_line' id='line_1_31' title="bbox 2097 1655 3685 1727; baseline -0.001 -18"><span class='ocrx_word' id='word_1_228' title='bbox 2097 1658 2278 1727; x_wconf 87' lang='grc' dir='ltr'>ρίλλου</span> <span class='ocrx_word' id='word_1_229' title='bbox 2319 1656 2614 1724; x_wconf 79' lang='grc' dir='ltr'>δεξάμενος</span> <span class='ocrx_word' id='word_1_230' title='bbox 2652 1655 2981 1725; x_wconf 80' lang='grc' dir='ltr'>γράμματα,</span> <span class='ocrx_word' id='word_1_231' title='bbox 3008 1655 3091 1708; x_wconf 74' lang='grc' dir='ltr'>ἔτι</span> <span class='ocrx_word' id='word_1_232' title='bbox 3126 1655 3181 1708; x_wconf 77' lang='grc' dir='ltr'>δὲ</span> <span class='ocrx_word' id='word_1_233' title='bbox 3208 1657 3306 1709; x_wconf 72' lang='grc' dir='ltr'><strong>καὶ</strong></span> <span class='ocrx_word' id='word_1_234' title='bbox 3337 1655 3441 1715; x_wconf 80' lang='grc' dir='ltr'>τὰς</span> <span class='ocrx_word' id='word_1_235' title='bbox 3483 1656 3685 1725; x_wconf 70' lang='grc' dir='ltr'>δυσφη-</span> 
     </span>
    </p>
   </div>
   <div class='ocr_carea' id='block_1_32' title="bbox 410 1743 1992 1818">
    <p class='ocr_par' dir='ltr' id='par_1_32' title="bbox 410 1743 1989 1814">
     <span class='ocr_line' id='line_1_32' title="bbox 410 1743 1989 1814; baseline -0.004 -10"><span class='ocrx_word' id='word_1_236' title='bbox 410 1760 595 1805; x_wconf 84' lang='lat' dir='ltr'><strong>autem</strong></span> <span class='ocrx_word' id='word_1_237' title='bbox 647 1747 931 1801; x_wconf 83' lang='lat' dir='ltr'><strong>Romanus</strong></span> <span class='ocrx_word' id='word_1_238' title='bbox 982 1745 1303 1814; x_wconf 86' lang='lat' dir='ltr'><strong>episcopus,</strong></span> <span class='ocrx_word' id='word_1_239' title='bbox 1356 1743 1532 1798; x_wconf 89' lang='lat' dir='ltr'><strong>divini</strong></span> <span class='ocrx_word' id='word_1_240' title='bbox 1560 1744 1749 1813; x_wconf 77' lang='lat' dir='ltr'><strong>Cyrilli</strong></span> <span class='ocrx_word' id='word_1_241' title='bbox 1786 1743 1989 1798; x_wconf 86' lang='lat' dir='ltr'><strong>litteris</strong></span> 
     </span>
    </p>
   </div>
   <div class='ocr_carea' id='block_1_33' title="bbox 2099 1743 3685 1818">
    <p class='ocr_par' dir='ltr' id='par_1_33' title="bbox 2099 1744 3685 1818">
     <span class='ocr_line' id='line_1_33' title="bbox 2099 1744 3685 1818; baseline -0.001 -19"><span class='ocrx_word' id='word_1_242' title='bbox 2099 1748 2226 1817; x_wconf 78' lang='grc' dir='ltr'>μίας</span> <span class='ocrx_word' id='word_1_243' title='bbox 2258 1747 2579 1818; x_wconf 80' lang='grc' dir='ltr'>Νέστορίου,</span> <span class='ocrx_word' id='word_1_244' title='bbox 2614 1747 2823 1815; x_wconf 75' lang='grc' dir='ltr'>γράφει</span> <span class='ocrx_word' id='word_1_245' title='bbox 2854 1744 3138 1817; x_wconf 79' lang='grc' dir='ltr'>Νεστορίῳ</span> <span class='ocrx_word' id='word_1_246' title='bbox 3177 1746 3320 1815; x_wconf 72' lang='grc' dir='ltr'>μετὰ</span> <span class='ocrx_word' id='word_1_247' title='bbox 3347 1747 3485 1798; x_wconf 81' lang='grc' dir='ltr'>δέκα</span> <span class='ocrx_word' id='word_1_248' title='bbox 3517 1761 3685 1814; x_wconf 75' lang='grc' dir='ltr'>καρα-</span> 
     </span>
    </p>
   </div>
   <div class='ocr_carea' id='block_1_34' title="bbox 409 1807 1992 1912">
    <p class='ocr_par' dir='ltr' id='par_1_34' title="bbox 409 1834 1989 1910">
     <span class='ocr_line' id='line_1_34' title="bbox 409 1834 1989 1910; baseline -0.003 -15"><span class='ocrx_word' id='word_1_249' title='bbox 409 1839 676 1910; x_wconf 85' lang='lat' dir='ltr'><strong>acceptis,</strong></span> <span class='ocrx_word' id='word_1_250' title='bbox 725 1847 779 1892; x_wconf 90' lang='lat' dir='ltr'><strong>et</strong></span> <span class='ocrx_word' id='word_1_251' title='bbox 814 1838 1037 1891; x_wconf 81' lang='lat' dir='ltr'><strong>sinistra</strong></span> <span class='ocrx_word' id='word_1_252' title='bbox 1072 1847 1337 1905; x_wconf 69' lang='lat' dir='ltr'><strong>praeterea</strong></span> <span class='ocrx_word' id='word_1_253' title='bbox 1396 1835 1466 1890; x_wconf 91' lang='lat' dir='ltr'><strong>de</strong></span> <span class='ocrx_word' id='word_1_254' title='bbox 1522 1834 1784 1890; x_wconf 82' lang='lat' dir='ltr'><strong>Nestorio</strong></span> <span class='ocrx_word' id='word_1_255' title='bbox 1840 1834 1989 1890; x_wconf 80' lang='lat' dir='ltr'><strong>fama</strong></span> 
     </span>
    </p>
   </div>
   <div class='ocr_carea' id='block_1_35' title="bbox 2099 1807 3683 1912">
    <p class='ocr_par' dir='ltr' id='par_1_35' title="bbox 2099 1807 3683 1912">
     <span class='ocr_line' id='line_1_35' title="bbox 2099 1807 3683 1912; baseline -0.002 -18"><span class='ocrx_word' id='word_1_256' title='bbox 2099 1807 2302 1912; x_wconf 75' lang='grc' dir='ltr'>δρομὴν</span> <span class='ocrx_word' id='word_1_257' title='bbox 2335 1807 2581 1911; x_wconf 66' lang='grc' dir='ltr'>ἡμερῶν,</span> <span class='ocrx_word' id='word_1_258' title='bbox 2607 1807 2771 1894; x_wconf 60' lang='grc' dir='ltr'>ἐξιέτί</span> <span class='ocrx_word' id='word_1_259' title='bbox 2819 1842 2885 1910; x_wconf 82' lang='grc' dir='ltr'>τῇ</span> <span class='ocrx_word' id='word_1_260' title='bbox 2918 1840 3009 1910; x_wconf 78' lang='grc' dir='ltr'>ἴσῃ</span> <span class='ocrx_word' id='word_1_261' title='bbox 3036 1807 3357 1910; x_wconf 49' lang='grc' dir='ltr'>’δυσσεὸεία</span> <span class='ocrx_word' id='word_1_262' title='bbox 3409 1807 3683 1909; x_wconf 69' lang='grc' dir='ltr'>ἐπιμένοι,</span> 
     </span>
    </p>
   </div>
   <div class='ocr_carea' id='block_1_36' title="bbox 406 1926 1988 1997">
    <p class='ocr_par' dir='ltr' id='par_1_36' title="bbox 406 1926 1988 1997">
     <span class='ocr_line' id='line_1_36' title="bbox 406 1926 1988 1997; baseline -0.003 -11"><span class='ocrx_word' id='word_1_263' title='bbox 406 1933 621 1994; x_wconf 83' lang='lat' dir='ltr'><strong>audita.</strong></span> <span class='ocrx_word' id='word_1_264' title='bbox 650 1929 717 1984; x_wconf 88' lang='lat' dir='ltr'><strong>ad</strong></span> <span class='ocrx_word' id='word_1_265' title='bbox 749 1944 877 1984; x_wconf 85' lang='lat' dir='ltr'><strong>eum</strong></span> <span class='ocrx_word' id='word_1_266' title='bbox 911 1928 1135 1997; x_wconf 86' lang='lat' dir='ltr'><strong>scripsit</strong></span> <span class='ocrx_word' id='word_1_267' title='bbox 1168 1944 1182 1979; x_wconf 92' lang='lat'><strong>:</strong></span> <span class='ocrx_word' id='word_1_268' title='bbox 1212 1926 1402 1982; x_wconf 83' lang='lat' dir='ltr'><strong>decem</strong></span> <span class='ocrx_word' id='word_1_269' title='bbox 1433 1928 1644 1983; x_wconf 81' lang='lat' dir='ltr'><strong>exactis</strong></span> <span class='ocrx_word' id='word_1_270' title='bbox 1689 1928 1909 1992; x_wconf 83' lang='lat' dir='ltr'><strong>diebus,</strong></span> <span class='ocrx_word' id='word_1_271' title='bbox 1943 1930 1988 1984; x_wconf 91' lang='lat' dir='ltr'><strong>si</strong></span> 
     </span>
    </p>
   </div>
   <div class='ocr_carea' id='block_1_37' title="bbox 408 2012 1987 2089">
    <p class='ocr_par' dir='ltr' id='par_1_37' title="bbox 408 2012 1987 2089">
     <span class='ocr_line' id='line_1_37' title="bbox 408 2012 1987 2089; baseline -0.003 -10"><span class='ocrx_word' id='word_1_272' title='bbox 408 2024 593 2079; x_wconf 88' lang='lat' dir='ltr'><strong>adhuc</strong></span> <span class='ocrx_word' id='word_1_273' title='bbox 623 2024 673 2076; x_wconf 89' lang='lat' dir='ltr'><strong>in</strong></span> <span class='ocrx_word' id='word_1_274' title='bbox 701 2021 892 2077; x_wconf 82' lang='lat' dir='ltr'><strong>eadem</strong></span> <span class='ocrx_word' id='word_1_275' title='bbox 922 2020 1206 2089; x_wconf 82' lang='lat' dir='ltr'><strong>impietate</strong></span> <span class='ocrx_word' id='word_1_276' title='bbox 1238 2012 1653 2088; x_wconf 75' lang='lat' dir='ltr'><strong>persevei-aret,</strong></span> <span class='ocrx_word' id='word_1_277' title='bbox 1699 2036 1808 2076; x_wconf 91' lang='lat' dir='ltr'><strong>non</strong></span> <span class='ocrx_word' id='word_1_278' title='bbox 1869 2036 1987 2075; x_wconf 84' lang='lat' dir='ltr'><strong>am-</strong></span> 
     </span>
    </p>
   </div>
   <div class='ocr_carea' id='block_1_38' title="bbox 381 2111 1990 2186">
    <p class='ocr_par' dir='ltr' id='par_1_38' title="bbox 381 2111 1990 2186">
     <span class='ocr_line' id='line_1_38' title="bbox 381 2111 1990 2186; baseline -0.002 -15"><span class='ocrx_word' id='word_1_279' title='bbox 381 2117 557 2186; x_wconf 82' lang='lat' dir='ltr'><strong>-plius</strong></span> <span class='ocrx_word' id='word_1_280' title='bbox 607 2129 736 2170; x_wconf 89' lang='lat' dir='ltr'><strong>eum</strong></span> <span class='ocrx_word' id='word_1_281' title='bbox 787 2112 857 2167; x_wconf 87' lang='lat' dir='ltr'><strong>ad</strong></span> <span class='ocrx_word' id='word_1_282' title='bbox 908 2112 1357 2166; x_wconf 87' lang='lat' dir='ltr'><strong>communionem</strong></span> <span class='ocrx_word' id='word_1_283' title='bbox 1407 2111 1837 2175; x_wconf 83' lang='lat' dir='ltr'><strong>admittendum.</strong></span> <span class='ocrx_word' id='word_1_284' title='bbox 1893 2114 1990 2169; x_wconf 87' lang='lat' dir='ltr'><strong>sed</strong></span> 
     </span>
    </p>
   </div>
   <div class='ocr_carea' id='block_1_39' title="bbox 406 2202 1989 2280">
    <p class='ocr_par' dir='ltr' id='par_1_39' title="bbox 406 2202 1989 2280">
     <span class='ocr_line' id='line_1_39' title="bbox 406 2202 1989 2280; baseline 0 -20"><span class='ocrx_word' id='word_1_285' title='bbox 406 2210 596 2280; x_wconf 78' lang='lat' dir='ltr'><strong>potius</strong></span> <span class='ocrx_word' id='word_1_286' title='bbox 682 2207 911 2262; x_wconf 87' lang='lat' dir='ltr'><strong>omnino</strong></span> <span class='ocrx_word' id='word_1_287' title='bbox 989 2204 1337 2259; x_wconf 84' lang='lat' dir='ltr'><strong>sacerdotum</strong></span> <span class='ocrx_word' id='word_1_288' title='bbox 1430 2202 1641 2260; x_wconf 86' lang='lat' dir='ltr'><strong>Christi</strong></span> <span class='ocrx_word' id='word_1_289' title='bbox 1729 2206 1989 2277; x_wconf 77' lang='lat' dir='ltr'><strong>catalogo</strong></span> 
     </span>
    </p>
   </div>
   <div class='ocr_carea' id='block_1_40' title="bbox 407 2298 1969 2368">
    <p class='ocr_par' dir='ltr' id='par_1_40' title="bbox 407 2298 1969 2368">
     <span class='ocr_line' id='line_1_40' title="bbox 407 2298 1969 2368; baseline -0.003 -11"><span class='ocrx_word' id='word_1_290' title='bbox 407 2300 759 2357; x_wconf 83' lang='lat' dir='ltr'><strong>eximendum</strong></span> <span class='ocrx_word' id='word_1_291' title='bbox 819 2298 1120 2368; x_wconf 80' lang='lat' dir='ltr'><strong>:illosque</strong></span> <span class='ocrx_word' id='word_1_292' title='bbox 1156 2298 1331 2353; x_wconf 81' lang='lat' dir='ltr'><strong>-adeo</strong></span> <span class='ocrx_word' id='word_1_293' title='bbox 1385 2299 1453 2353; x_wconf 88' lang='lat' dir='ltr'><strong>ad</strong></span> <span class='ocrx_word' id='word_1_294' title='bbox 1511 2300 1969 2354; x_wconf 87' lang='lat' dir='ltr'><strong>communionem</strong></span> 
     </span>
    </p>
   </div>
   <div class='ocr_carea' id='block_1_41' title="bbox 407 2391 1992 2469">
    <p class='ocr_par' dir='ltr' id='par_1_41' title="bbox 407 2391 1992 2469">
     <span class='ocr_line' id='line_1_41' title="bbox 407 2391 1992 2469; baseline -0.002 -20"><span class='ocrx_word' id='word_1_295' title='bbox 407 2394 759 2469; x_wconf 86' lang='lat' dir='ltr'><strong>recipiendos</strong></span> <span class='ocrx_word' id='word_1_296' title='bbox 787 2406 935 2458; x_wconf 88' lang='lat' dir='ltr'><strong>esse,</strong></span> <span class='ocrx_word' id='word_1_297' title='bbox 973 2392 1069 2460; x_wconf 90' lang='lat' dir='ltr'><strong>qui</strong></span> <span class='ocrx_word' id='word_1_298' title='bbox 1104 2400 1398 2461; x_wconf 89' lang='lat' dir='ltr'><strong>propterea</strong></span> <span class='ocrx_word' id='word_1_299' title='bbox 1446 2391 1516 2445; x_wconf 91' lang='lat' dir='ltr'><strong>ab</strong></span> <span class='ocrx_word' id='word_1_300' title='bbox 1550 2405 1641 2453; x_wconf 88' lang='lat' dir='ltr'><strong>eo.</strong></span> <span class='ocrx_word' id='word_1_301' title='bbox 1686 2391 1835 2461; x_wconf 87' lang='lat' dir='ltr'><strong>quod</strong></span> <span class='ocrx_word' id='word_1_302' title='bbox 1888 2406 1992 2461; x_wconf 90' lang='lat' dir='ltr'><strong>pro</strong></span> 
     </span>
    </p>
   </div>
   <div class='ocr_carea' id='block_1_42' title="bbox 410 2482 1992 2547">
    <p class='ocr_par' dir='ltr' id='par_1_42' title="bbox 410 2482 1992 2547">
     <span class='ocr_line' id='line_1_42' title="bbox 410 2482 1992 2547; baseline -0.002 -7"><span class='ocrx_word' id='word_1_303' title='bbox 410 2487 516 2542; x_wconf 79' lang='lat' dir='ltr'><strong>ﬁde</strong></span> <span class='ocrx_word' id='word_1_304' title='bbox 575 2494 721 2540; x_wconf 89' lang='lat' dir='ltr'><strong>recta</strong></span> <span class='ocrx_word' id='word_1_305' title='bbox 801 2483 1109 2547; x_wconf 84' lang='lat' dir='ltr'><strong>stetissent,</strong></span> <span class='ocrx_word' id='word_1_306' title='bbox 1192 2482 1663 2539; x_wconf 77' lang='lat' dir='ltr'><strong>excommunicati</strong></span> <span class='ocrx_word' id='word_1_307' title='bbox 1747 2483 1992 2538; x_wconf 78' lang='lat' dir='ltr'><strong>fuerant.</strong></span> 
     </span>
    </p>
   </div>
   <div class='ocr_carea' id='block_1_43' title="bbox 408 2572 1991 2646">
    <p class='ocr_par' dir='ltr' id='par_1_43' title="bbox 408 2572 1991 2646">
     <span class='ocr_line' id='line_1_43' title="bbox 408 2572 1991 2646; baseline -0.004 -13"><span class='ocrx_word' id='word_1_308' title='bbox 408 2578 581 2633; x_wconf 84' lang='lat' dir='ltr'><strong>Porro</strong></span> <span class='ocrx_word' id='word_1_309' title='bbox 606 2591 716 2631; x_wconf 84' lang='lat' dir='ltr'><strong>non</strong></span> <span class='ocrx_word' id='word_1_310' title='bbox 759 2573 1016 2630; x_wconf 85' lang='lat' dir='ltr'><strong>Nestorio</strong></span> <span class='ocrx_word' id='word_1_311' title='bbox 1065 2572 1230 2628; x_wconf 84' lang='lat' dir='ltr'><strong>modo</strong></span> <span class='ocrx_word' id='word_1_312' title='bbox 1265 2573 1506 2646; x_wconf 82' lang='lat' dir='ltr'><strong>Cyrillus</strong></span> <span class='ocrx_word' id='word_1_313' title='bbox 1539 2583 1595 2628; x_wconf 89' lang='lat' dir='ltr'><strong>et</strong></span> <span class='ocrx_word' id='word_1_314' title='bbox 1634 2572 1991 2640; x_wconf 77' lang='lat' dir='ltr'><strong>C(elestinus,</strong></span> 
     </span>
    </p>
   </div>
   <div class='ocr_carea' id='block_1_44' title="bbox 408 2665 1991 2731">
    <p class='ocr_par' dir='ltr' id='par_1_44' title="bbox 408 2665 1991 2731">
     <span class='ocr_line' id='line_1_44' title="bbox 408 2665 1991 2731; baseline -0.004 -4"><span class='ocrx_word' id='word_1_315' title='bbox 408 2670 502 2727; x_wconf 87' lang='lat' dir='ltr'><strong>sed</strong></span> <span class='ocrx_word' id='word_1_316' title='bbox 534 2669 701 2724; x_wconf 84' lang='lat' dir='ltr'><strong>etiam</strong></span> <span class='ocrx_word' id='word_1_317' title='bbox 729 2667 928 2724; x_wconf 82' lang='lat' dir='ltr'><strong>Joanni</strong></span> <span class='ocrx_word' id='word_1_318' title='bbox 955 2667 1325 2731; x_wconf 77' lang='lat' dir='ltr'><strong>Antiocheno,</strong></span> <span class='ocrx_word' id='word_1_319' title='bbox 1347 2665 1625 2721; x_wconf 88' lang='lat' dir='ltr'><strong>Theodoti</strong></span> <span class='ocrx_word' id='word_1_320' title='bbox 1656 2666 1991 2729; x_wconf 86' lang='lat' dir='ltr'><strong>successori.</strong></span> 
     </span>
    </p>
   </div>
   <div class='ocr_carea' id='block_1_45' title="bbox 408 2756 1994 2830">
    <p class='ocr_par' dir='ltr' id='par_1_45' title="bbox 408 2756 1994 2830">
     <span class='ocr_line' id='line_1_45' title="bbox 408 2756 1994 2830; baseline -0.004 -11"><span class='ocrx_word' id='word_1_321' title='bbox 408 2771 469 2819; x_wconf 88' lang='lat' dir='ltr'><strong>et</strong></span> <span class='ocrx_word' id='word_1_322' title='bbox 520 2759 773 2818; x_wconf 80' lang='lat' dir='ltr'><strong>Juvenali</strong></span> <span class='ocrx_word' id='word_1_323' title='bbox 844 2758 1377 2830; x_wconf 77' lang='lat' dir='ltr'><strong>Hierosolymitano,</strong></span> <span class='ocrx_word' id='word_1_324' title='bbox 1424 2757 1677 2813; x_wconf 68' lang='lat' dir='ltr'><strong>haeresim</strong></span> <span class='ocrx_word' id='word_1_325' title='bbox 1751 2756 1994 2812; x_wconf 83' lang='lat' dir='ltr'><strong>Nestorii</strong></span> 
     </span>
    </p>
   </div>
   <div class='ocr_carea' id='block_1_46' title="bbox 408 2848 1998 2925">
    <p class='ocr_par' dir='ltr' id='par_1_46' title="bbox 408 2848 1998 2925">
     <span class='ocr_line' id='line_1_46' title="bbox 408 2848 1998 2925; baseline -0.005 -15"><span class='ocrx_word' id='word_1_326' title='bbox 408 2861 772 2925; x_wconf 77' lang='lat' dir='ltr'><strong>exponentes,</strong></span> <span class='ocrx_word' id='word_1_327' title='bbox 810 2852 1175 2921; x_wconf 89' lang='lat' dir='ltr'><strong>scripserunt.</strong></span> <span class='ocrx_word' id='word_1_328' title='bbox 1209 2849 1368 2921; x_wconf 73' lang='lat'><strong>51],</strong></span> <span class='ocrx_word' id='word_1_329' title='bbox 1404 2849 1527 2919; x_wconf 88' lang='lat' dir='ltr'><strong>Ipse</strong></span> <span class='ocrx_word' id='word_1_330' title='bbox 1557 2863 1781 2919; x_wconf 85' lang='lat' dir='ltr'><strong>quoque</strong></span> <span class='ocrx_word' id='word_1_331' title='bbox 1824 2848 1998 2904; x_wconf 79' lang='lat' dir='ltr'><strong>Joan-</strong></span> 
     </span>
    </p>
   </div>
   <div class='ocr_carea' id='block_1_47' title="bbox 409 2943 1994 3017">
    <p class='ocr_par' dir='ltr' id='par_1_47' title="bbox 409 2943 1994 3017">
     <span class='ocr_line' id='line_1_47' title="bbox 409 2943 1994 3017; baseline -0.004 -10"><span class='ocrx_word' id='word_1_332' title='bbox 409 2966 508 3007; x_wconf 87' lang='lat' dir='ltr'><strong>nes</strong></span> <span class='ocrx_word' id='word_1_333' title='bbox 527 2950 595 3006; x_wconf 89' lang='lat' dir='ltr'><strong>ad</strong></span> <span class='ocrx_word' id='word_1_334' title='bbox 621 2948 936 3005; x_wconf 86' lang='lat' dir='ltr'><strong>Nestorium</strong></span> <span class='ocrx_word' id='word_1_335' title='bbox 959 2946 1249 3017; x_wconf 83' lang='lat' dir='ltr'><strong>epistolam</strong></span> <span class='ocrx_word' id='word_1_336' title='bbox 1280 2946 1454 3010; x_wconf 88' lang='lat' dir='ltr'><strong>dedit,</strong></span> <span class='ocrx_word' id='word_1_337' title='bbox 1485 2945 1790 3002; x_wconf 81' lang='lat' dir='ltr'><strong>admonens</strong></span> <span class='ocrx_word' id='word_1_338' title='bbox 1816 2943 1994 3002; x_wconf 88' lang='lat' dir='ltr'><strong>homi-</strong></span> 
     </span>
    </p>
   </div>
   <div class='ocr_carea' id='block_1_48' title="bbox 406 3034 1990 3110">
    <p class='ocr_par' dir='ltr' id='par_1_48' title="bbox 406 3034 1990 3110">
     <span class='ocr_line' id='line_1_48' title="bbox 406 3034 1990 3110; baseline -0.004 -13"><span class='ocrx_word' id='word_1_339' title='bbox 406 3058 557 3108; x_wconf 88' lang='lat' dir='ltr'><strong>nem,</strong></span> <span class='ocrx_word' id='word_1_340' title='bbox 592 3056 662 3097; x_wconf 86' lang='lat' dir='ltr'><strong>ne</strong></span> <span class='ocrx_word' id='word_1_341' title='bbox 701 3057 730 3096; x_wconf 89' lang='lat' dir='ltr'><strong>a</strong></span> <span class='ocrx_word' id='word_1_342' title='bbox 769 3040 945 3110; x_wconf 85' lang='lat' dir='ltr'><strong>patria</strong></span> <span class='ocrx_word' id='word_1_343' title='bbox 975 3038 1101 3094; x_wconf 86' lang='lat' dir='ltr'><strong>tidei</strong></span> <span class='ocrx_word' id='word_1_344' title='bbox 1138 3037 1484 3108; x_wconf 83' lang='lat' dir='ltr'><strong>professione</strong></span> <span class='ocrx_word' id='word_1_345' title='bbox 1533 3036 1819 3102; x_wconf 78' lang='lat' dir='ltr'><strong>deﬁceret.</strong></span> <span class='ocrx_word' id='word_1_346' title='bbox 1877 3034 1990 3091; x_wconf 88' lang='lat' dir='ltr'><strong>sed</strong></span> 
     </span>
    </p>
   </div>
   <div class='ocr_carea' id='block_1_49' title="bbox 2099 1926 3679 2007">
    <p class='ocr_par' dir='ltr' id='par_1_49' title="bbox 2099 1926 3679 2007">
     <span class='ocr_line' id='line_1_49' title="bbox 2099 1926 3679 2007; baseline -0.001 -21"><span class='ocrx_word' id='word_1_347' title='bbox 2099 1934 2296 2007; x_wconf 69' lang='grc' dir='ltr'>μηκέτι</span> <span class='ocrx_word' id='word_1_348' title='bbox 2331 1926 2473 1987; x_wconf 77' lang='grc' dir='ltr'>εἶναι</span> <span class='ocrx_word' id='word_1_349' title='bbox 2502 1932 2840 1998; x_wconf 78' lang='grc' dir='ltr'>κοινωνικὸν,</span> <span class='ocrx_word' id='word_1_350' title='bbox 2872 1932 2906 2001; x_wconf 81' lang='grc' dir='ltr'><strong>ἢ</strong></span> <span class='ocrx_word' id='word_1_351' title='bbox 2934 1931 3072 1996; x_wconf 83' lang='grc' dir='ltr'>ὅλως</span> <span class='ocrx_word' id='word_1_352' title='bbox 3108 1932 3203 1985; x_wconf 76' lang='grc' dir='ltr'>τοῦ</span> <span class='ocrx_word' id='word_1_353' title='bbox 3229 1932 3534 1999; x_wconf 76' lang='grc' dir='ltr'><strong>καταλόγου</strong></span> <span class='ocrx_word' id='word_1_354' title='bbox 3569 1932 3679 1985; x_wconf 80' lang='grc' dir='ltr'>τῶν</span> 
     </span>
    </p>
   </div>
   <div class='ocr_carea' id='block_1_50' title="bbox 2098 2019 3677 2095">
    <p class='ocr_par' dir='ltr' id='par_1_50' title="bbox 2098 2019 3677 2095">
     <span class='ocr_line' id='line_1_50' title="bbox 2098 2019 3677 2095; baseline 0.001 -18"><span class='ocrx_word' id='word_1_355' title='bbox 2098 2026 2290 2093; x_wconf 78' lang='grc' dir='ltr'>ἱερέων</span> <span class='ocrx_word' id='word_1_356' title='bbox 2316 2023 2556 2095; x_wconf 76' lang='grc' dir='ltr'>Χριστοῦ</span> <span class='ocrx_word' id='word_1_357' title='bbox 2579 2039 2594 2055; x_wconf 78' lang='grc'><strong><em>⁸</em></strong></span> <span class='ocrx_word' id='word_1_358' title='bbox 2629 2025 2876 2087; x_wconf 72' lang='grc' dir='ltr'>ἐκείνους</span> <span class='ocrx_word' id='word_1_359' title='bbox 2909 2024 2967 2078; x_wconf 81' lang='grc' dir='ltr'>δὲ</span> <span class='ocrx_word' id='word_1_360' title='bbox 2999 2023 3209 2093; x_wconf 80' lang='grc' dir='ltr'>μᾶλλον</span> <span class='ocrx_word' id='word_1_361' title='bbox 3258 2019 3390 2078; x_wconf 79' lang='grc' dir='ltr'>εἶναι</span> <span class='ocrx_word' id='word_1_362' title='bbox 3433 2024 3677 2094; x_wconf 79' lang='grc' dir='ltr'>παραδε-</span> 
     </span>
    </p>
   </div>
   <div class='ocr_carea' id='block_1_51' title="bbox 2096 2115 3680 2187">
    <p class='ocr_par' dir='ltr' id='par_1_51' title="bbox 2096 2115 3680 2187">
     <span class='ocr_line' id='line_1_51' title="bbox 2096 2115 3680 2187; baseline -0.001 -17"><span class='ocrx_word' id='word_1_363' title='bbox 2096 2117 2287 2179; x_wconf 86' lang='grc' dir='ltr'>κτέους</span> <span class='ocrx_word' id='word_1_364' title='bbox 2314 2118 2394 2181; x_wconf 80' lang='grc' dir='ltr'><strong>εἰς</strong></span> <span class='ocrx_word' id='word_1_365' title='bbox 2411 2116 2719 2182; x_wconf 78' lang='grc' dir='ltr'>κοινωνίαν,</span> <span class='ocrx_word' id='word_1_366' title='bbox 2739 2116 2789 2169; x_wconf 82' lang='grc' dir='ltr'>οἳ</span> <span class='ocrx_word' id='word_1_367' title='bbox 2811 2115 2889 2185; x_wconf 81' lang='grc' dir='ltr'>τῷ</span> <span class='ocrx_word' id='word_1_368' title='bbox 2923 2118 3022 2186; x_wconf 90' lang='grc' dir='ltr'><strong>τῆς</strong></span> <span class='ocrx_word' id='word_1_369' title='bbox 3048 2116 3219 2187; x_wconf 80' lang='grc' dir='ltr'><strong>ὀρθῆς</strong></span> <span class='ocrx_word' id='word_1_370' title='bbox 3248 2115 3480 2180; x_wconf 80' lang='grc' dir='ltr'>πίστεως</span> <span class='ocrx_word' id='word_1_371' title='bbox 3508 2117 3680 2187; x_wconf 57' lang='grc' dir='ltr'>ὕπερ.</span> 
     </span>
    </p>
   </div>
   <div class='ocr_carea' id='block_1_52' title="bbox 2099 2190 3685 2277">
    <p class='ocr_par' dir='ltr' id='par_1_52' title="bbox 2099 2190 3685 2277">
     <span class='ocr_line' id='line_1_52' title="bbox 2099 2190 3685 2277; baseline 0.003 -17"><span class='ocrx_word' id='word_1_372' title='bbox 2099 2208 2371 2272; x_wconf 86' lang='grc' dir='ltr'>ίστασθαι,</span> <span class='ocrx_word' id='word_1_373' title='bbox 2406 2208 2761 2277; x_wconf 81' lang='grc' dir='ltr'>ἀκοινώνητοι</span> <span class='ocrx_word' id='word_1_374' title='bbox 2809 2207 2906 2261; x_wconf 78' lang='grc' dir='ltr'>ὑπ’</span> <span class='ocrx_word' id='word_1_375' title='bbox 2959 2190 3172 2262; x_wconf 75' lang='grc' dir='ltr'>ἐκείνου</span> <span class='ocrx_word' id='word_1_376' title='bbox 3205 2211 3578 2275; x_wconf 77' lang='grc' dir='ltr'>κατέστησαν.</span> <span class='ocrx_word' id='word_1_377' title='bbox 3607 2211 3685 2264; x_wconf 71' lang='grc' dir='ltr'><strong>Οὔ</strong></span> 
     </span>
    </p>
   </div>
   <div class='ocr_carea' id='block_1_53' title="bbox 2099 2294 3684 2366">
    <p class='ocr_par' dir='ltr' id='par_1_53' title="bbox 2099 2294 3684 2366">
     <span class='ocr_line' id='line_1_53' title="bbox 2099 2294 3684 2366; baseline 0.002 -18"><span class='ocrx_word' id='word_1_378' title='bbox 2099 2296 2260 2365; x_wconf 86' lang='grc' dir='ltr'>μόνον</span> <span class='ocrx_word' id='word_1_379' title='bbox 2308 2296 2365 2349; x_wconf 83' lang='grc' dir='ltr'>δὲ</span> <span class='ocrx_word' id='word_1_380' title='bbox 2416 2294 2703 2366; x_wconf 69' lang='grc' dir='ltr'>Νεστορίῳ</span> <span class='ocrx_word' id='word_1_381' title='bbox 2765 2294 3036 2366; x_wconf 78' lang='grc' dir='ltr'>Κύριλλός</span> <span class='ocrx_word' id='word_1_382' title='bbox 3093 2314 3155 2350; x_wconf 85' lang='grc' dir='ltr'><strong>τε</strong></span> <span class='ocrx_word' id='word_1_383' title='bbox 3215 2297 3316 2351; x_wconf 72' lang='grc' dir='ltr'>καὶ</span> <span class='ocrx_word' id='word_1_384' title='bbox 3364 2297 3684 2359; x_wconf 55' lang='lat' dir='ltr'><strong>limati-.0;</strong></span> 
     </span>
    </p>
   </div>
   <div class='ocr_carea' id='block_1_54' title="bbox 2097 2386 3683 2461">
    <p class='ocr_par' dir='ltr' id='par_1_54' title="bbox 2097 2386 3683 2461">
     <span class='ocr_line' id='line_1_54' title="bbox 2097 2386 3683 2461; baseline 0.001 -19"><span class='ocrx_word' id='word_1_385' title='bbox 2097 2389 2370 2458; x_wconf 73' lang='grc' dir='ltr'>ἔγραψαν,</span> <span class='ocrx_word' id='word_1_386' title='bbox 2401 2386 2666 2441; x_wconf 71' lang='grc' dir='ltr'>ἀλλὰκαὶ</span> <span class='ocrx_word' id='word_1_387' title='bbox 2709 2388 2932 2460; x_wconf 76' lang='grc' dir='ltr'>Ἰωάννῃ</span> <span class='ocrx_word' id='word_1_388' title='bbox 2965 2389 3046 2459; x_wconf 82' lang='grc' dir='ltr'>τῷ</span> <span class='ocrx_word' id='word_1_389' title='bbox 3088 2390 3454 2461; x_wconf 76' lang='grc' dir='ltr'>’Δντιοχείας,</span> <span class='ocrx_word' id='word_1_390' title='bbox 3482 2389 3683 2453; x_wconf 58' lang='lat'><strong>5.10:6-</strong></span> 
     </span>
    </p>
   </div>
   <div class='ocr_carea' id='block_1_55' title="bbox 2097 2479 3681 2551">
    <p class='ocr_par' dir='ltr' id='par_1_55' title="bbox 2097 2479 3681 2551">
     <span class='ocr_line' id='line_1_55' title="bbox 2097 2479 3681 2551; baseline -0.003 -18"><span class='ocrx_word' id='word_1_391' title='bbox 2097 2480 2246 2534; x_wconf 91' lang='grc' dir='ltr'>δοτον</span> <span class='ocrx_word' id='word_1_392' title='bbox 2297 2479 2591 2546; x_wconf 75' lang='grc' dir='ltr'>διεδέξατο,</span> <span class='ocrx_word' id='word_1_393' title='bbox 2624 2480 2718 2533; x_wconf 75' lang='grc' dir='ltr'><strong>καὶ</strong></span> <span class='ocrx_word' id='word_1_394' title='bbox 2758 2480 3103 2551; x_wconf 79' lang='grc' dir='ltr'>Ἰουϐεναλίῳ</span> <span class='ocrx_word' id='word_1_395' title='bbox 3134 2481 3216 2551; x_wconf 82' lang='grc' dir='ltr'>τῷ</span> <span class='ocrx_word' id='word_1_396' title='bbox 3259 2481 3681 2551; x_wconf 74' lang='grc' dir='ltr'>Ἱεροσολύμων,</span> 
     </span>
    </p>
   </div>
   <div class='ocr_carea' id='block_1_56' title="bbox 2096 2571 3688 2643">
    <p class='ocr_par' dir='ltr' id='par_1_56' title="bbox 2096 2571 3688 2643">
     <span class='ocr_line' id='line_1_56' title="bbox 2096 2571 3688 2643; baseline 0.001 -17"><span class='ocrx_word' id='word_1_397' title='bbox 2096 2574 2165 2628; x_wconf 79' lang='grc' dir='ltr'>τὰ</span> <span class='ocrx_word' id='word_1_398' title='bbox 2216 2574 2316 2641; x_wconf 86' lang='grc' dir='ltr'><strong>τῆς</strong></span> <span class='ocrx_word' id='word_1_399' title='bbox 2369 2573 2637 2642; x_wconf 84' lang='grc' dir='ltr'>αἱρέσεως</span> <span class='ocrx_word' id='word_1_400' title='bbox 2698 2571 3002 2643; x_wconf 77' lang='grc' dir='ltr'>Νεστορίου</span> <span class='ocrx_word' id='word_1_401' title='bbox 3048 2573 3473 2643; x_wconf 84' lang='grc' dir='ltr'>παραδιδόντες.</span> <span class='ocrx_word' id='word_1_402' title='bbox 3526 2572 3688 2627; x_wconf 71' lang='grc' dir='ltr'>Ἀλλὰ</span> 
     </span>
    </p>
   </div>
   <div class='ocr_carea' id='block_1_57' title="bbox 2101 2662 3690 2736">
    <p class='ocr_par' dir='ltr' id='par_1_57' title="bbox 2101 2662 3690 2736">
     <span class='ocr_line' id='line_1_57' title="bbox 2101 2662 3690 2736; baseline -0.001 -18"><span class='ocrx_word' id='word_1_403' title='bbox 2101 2662 2210 2735; x_wconf 78' lang='grc' dir='ltr'>μὴν</span> <span class='ocrx_word' id='word_1_404' title='bbox 2244 2664 2341 2717; x_wconf 73' lang='grc' dir='ltr'><strong>καὶ</strong></span> <span class='ocrx_word' id='word_1_405' title='bbox 2384 2663 2639 2733; x_wconf 81' lang='grc' dir='ltr'>Ἰωάννης</span> <span class='ocrx_word' id='word_1_406' title='bbox 2668 2663 2764 2716; x_wconf 81' lang='grc' dir='ltr'>καὶ</span> <span class='ocrx_word' id='word_1_407' title='bbox 2818 2664 2986 2727; x_wconf 76' lang='grc' dir='ltr'>αὐτὸς</span> <span class='ocrx_word' id='word_1_408' title='bbox 3039 2664 3335 2736; x_wconf 83' lang='grc' dir='ltr'>Νεστορίῳ</span> <span class='ocrx_word' id='word_1_409' title='bbox 3394 2664 3690 2734; x_wconf 69' lang='grc' dir='ltr'>ἐπιστολὴν</span> 
     </span>
    </p>
   </div>
   <div class='ocr_carea' id='block_1_58' title="bbox 2096 2746 3696 2829">
    <p class='ocr_par' dir='ltr' id='par_1_58' title="bbox 2096 2746 3696 2829">
     <span class='ocr_line' id='line_1_58' title="bbox 2096 2746 3696 2829; baseline -0.001 -18"><span class='ocrx_word' id='word_1_410' title='bbox 2096 2757 2314 2826; x_wconf 67' lang='grc' dir='ltr'>ἔπεμπε</span> <span class='ocrx_word' id='word_1_411' title='bbox 2337 2797 2354 2822; x_wconf 89' lang='grc'><strong>,</strong></span> <span class='ocrx_word' id='word_1_412' title='bbox 2415 2753 2726 2825; x_wconf 83' lang='grc' dir='ltr'>παραινῶν,</span> <span class='ocrx_word' id='word_1_413' title='bbox 2785 2754 2863 2826; x_wconf 81' lang='grc' dir='ltr'>μὴ</span> <span class='ocrx_word' id='word_1_414' title='bbox 2896 2757 3009 2811; x_wconf 82' lang='grc' dir='ltr'><strong>τῶν</strong></span> <span class='ocrx_word' id='word_1_415' title='bbox 3064 2756 3315 2829; x_wconf 71' lang='grc' dir='ltr'>πατρίων</span> <span class='ocrx_word' id='word_1_416' title='bbox 3344 2746 3696 2824; x_wconf 71' lang='grc' dir='ltr'>ἐξίστασθαι,</span> 
     </span>
    </p>
   </div>
   <div class='ocr_carea' id='block_1_59' title="bbox 2096 2848 3696 2923">
    <p class='ocr_par' dir='ltr' id='par_1_59' title="bbox 2096 2848 3696 2923">
     <span class='ocr_line' id='line_1_59' title="bbox 2096 2848 3696 2923; baseline 0.001 -18"><span class='ocrx_word' id='word_1_417' title='bbox 2096 2851 2272 2923; x_wconf 84' lang='grc' dir='ltr'><strong>ὀρθῶς</strong></span> <span class='ocrx_word' id='word_1_418' title='bbox 2306 2852 2351 2905; x_wconf 82' lang='grc' dir='ltr'>δ’</span> <span class='ocrx_word' id='word_1_419' title='bbox 2387 2852 2676 2922; x_wconf 78' lang='grc' dir='ltr'>ὁμολογεῖν</span> <span class='ocrx_word' id='word_1_420' title='bbox 2699 2851 2791 2907; x_wconf 76' lang='grc' dir='ltr'><strong>τὸν</strong></span> <span class='ocrx_word' id='word_1_421' title='bbox 2833 2850 2965 2905; x_wconf 83' lang='grc' dir='ltr'>Υίδν</span> <span class='ocrx_word' id='word_1_422' title='bbox 2998 2848 3096 2904; x_wconf 73' lang='grc' dir='ltr'>τοῦ</span> <span class='ocrx_word' id='word_1_423' title='bbox 3122 2849 3262 2904; x_wconf 79' lang='grc' dir='ltr'><strong>Θεοῦ</strong></span> <span class='ocrx_word' id='word_1_424' title='bbox 3292 2851 3360 2904; x_wconf 76' lang='grc' dir='ltr'>ἑκ</span> <span class='ocrx_word' id='word_1_425' title='bbox 3395 2851 3501 2920; x_wconf 83' lang='grc' dir='ltr'><strong>τῆς</strong></span> <span class='ocrx_word' id='word_1_426' title='bbox 3522 2849 3696 2919; x_wconf 69' lang='grc' dir='ltr'>ἁγίας</span> 
     </span>
    </p>
   </div>
   <div class='ocr_carea' id='block_1_60' title="bbox 2096 2941 3695 3014">
    <p class='ocr_par' dir='ltr' id='par_1_60' title="bbox 2096 2941 3695 3014">
     <span class='ocr_line' id='line_1_60' title="bbox 2096 2941 3695 3014; baseline -0.002 -18"><span class='ocrx_word' id='word_1_427' title='bbox 2096 2941 2429 3014; x_wconf 82' lang='grc' dir='ltr'>γεννηθῆναι</span> <span class='ocrx_word' id='word_1_428' title='bbox 2450 2941 2717 2998; x_wconf 83' lang='grc' dir='ltr'>Θεοτόκου</span> <span class='ocrx_word' id='word_1_429' title='bbox 2749 2942 2994 3013; x_wconf 83' lang='grc' dir='ltr'>Μαρίας,</span> <span class='ocrx_word' id='word_1_430' title='bbox 3035 2941 3131 2994; x_wconf 75' lang='grc' dir='ltr'>καὶ</span> <span class='ocrx_word' id='word_1_431' title='bbox 3157 2943 3261 2996; x_wconf 83' lang='grc' dir='ltr'><strong>οὐκ</strong></span> <span class='ocrx_word' id='word_1_432' title='bbox 3293 2943 3376 3005; x_wconf 79' lang='grc' dir='ltr'><strong>είς</strong></span> <span class='ocrx_word' id='word_1_433' title='bbox 3398 2941 3501 2996; x_wconf 80' lang='grc' dir='ltr'>δύο</span> <span class='ocrx_word' id='word_1_434' title='bbox 3532 2943 3695 2996; x_wconf 65' lang='grc' dir='ltr'>αὑτὸν</span> 
     </span>
    </p>
   </div>
   <div class='ocr_carea' id='block_1_61' title="bbox 2098 3034 3697 3106">
    <p class='ocr_par' dir='ltr' id='par_1_61' title="bbox 2098 3034 3697 3106">
     <span class='ocr_line' id='line_1_61' title="bbox 2098 3034 3697 3106; baseline -0.001 -17"><span class='ocrx_word' id='word_1_435' title='bbox 2098 3035 2472 3106; x_wconf 80' lang='grc' dir='ltr'>μερισθῆναι,</span> <span class='ocrx_word' id='word_1_436' title='bbox 2525 3035 2643 3090; x_wconf 82' lang='grc' dir='ltr'>ἀλλ’</span> <span class='ocrx_word' id='word_1_437' title='bbox 2698 3034 2820 3089; x_wconf 75' lang='grc' dir='ltr'>οὐδὲ</span> <span class='ocrx_word' id='word_1_438' title='bbox 2871 3035 3022 3090; x_wconf 73' lang='grc' dir='ltr'>κατὰ</span> <span class='ocrx_word' id='word_1_439' title='bbox 3068 3034 3360 3105; x_wconf 80' lang='grc' dir='ltr'>προκοπὴν</span> <span class='ocrx_word' id='word_1_440' title='bbox 3419 3034 3697 3104; x_wconf 81' lang='grc' dir='ltr'>θεωθῆναι</span> 
     </span>
    </p>
   </div>
   <div class='ocr_carea' id='block_1_62' title="bbox 410 3119 1992 3209">
    <p class='ocr_par' dir='ltr' id='par_1_62' title="bbox 410 3127 1992 3209">
     <span class='ocr_line' id='line_1_62' title="bbox 410 3127 1992 3209; baseline -0.003 -21"><span class='ocrx_word' id='word_1_441' title='bbox 410 3143 559 3190; x_wconf 89' lang='lat' dir='ltr'><strong>recte</strong></span> <span class='ocrx_word' id='word_1_442' title='bbox 607 3131 805 3190; x_wconf 85' lang='lat' dir='ltr'><strong>Filium</strong></span> <span class='ocrx_word' id='word_1_443' title='bbox 843 3130 940 3186; x_wconf 84' lang='lat' dir='ltr'><strong>Dei</strong></span> <span class='ocrx_word' id='word_1_444' title='bbox 981 3145 1049 3185; x_wconf 78' lang='lat' dir='ltr'><strong>ex</strong></span> <span class='ocrx_word' id='word_1_445' title='bbox 1103 3139 1303 3209; x_wconf 79' lang='lat' dir='ltr'><strong>sancta</strong></span> <span class='ocrx_word' id='word_1_446' title='bbox 1354 3128 1448 3184; x_wconf 91' lang='lat' dir='ltr'><strong>Dei</strong></span> <span class='ocrx_word' id='word_1_447' title='bbox 1488 3127 1771 3184; x_wconf 85' lang='lat' dir='ltr'><strong>Genitriee</strong></span> <span class='ocrx_word' id='word_1_448' title='bbox 1818 3127 1992 3183; x_wconf 75' lang='lat' dir='ltr'><strong>Maria</strong></span> 
     </span>
    </p>
   </div>
   <div class='ocr_carea' id='block_1_63' title="bbox 2099 3119 3694 3209">
    <p class='ocr_par' dir='ltr' id='par_1_63' title="bbox 2099 3119 3694 3198">
     <span class='ocr_line' id='line_1_63' title="bbox 2099 3119 3694 3198; baseline -0.003 -17"><span class='ocrx_word' id='word_1_449' title='bbox 2099 3124 2417 3181; x_wconf 76' lang='grc' dir='ltr'>ὑποὸάλλων</span> <span class='ocrx_word' id='word_1_450' title='bbox 2463 3126 2559 3179; x_wconf 66' lang='grc' dir='ltr'><strong>καὶ⁹</strong></span> <span class='ocrx_word' id='word_1_451' title='bbox 2598 3125 2703 3192; x_wconf 70' lang='grc' dir='ltr'>τὴν</span> <span class='ocrx_word' id='word_1_452' title='bbox 2760 3124 3132 3194; x_wconf 80' lang='grc' dir='ltr'>ἀποστολικὴν</span> <span class='ocrx_word' id='word_1_453' title='bbox 3183 3126 3344 3194; x_wconf 80' lang='grc' dir='ltr'>ῥῆσιν</span> <span class='ocrx_word' id='word_1_454' title='bbox 3504 3141 3694 3195; x_wconf 57' lang='grc' dir='ltr'>φησιν,</span> 
     </span>
    </p>
   </div>
   <div class='ocr_carea' id='block_1_64' title="bbox 409 3218 1993 3295">
    <p class='ocr_par' dir='ltr' id='par_1_64' title="bbox 409 3218 1993 3295">
     <span class='ocr_line' id='line_1_64' title="bbox 409 3218 1993 3295; baseline -0.004 -16"><span class='ocrx_word' id='word_1_455' title='bbox 409 3224 654 3295; x_wconf 77' lang='lat' dir='ltr'><strong>genitum</strong></span> <span class='ocrx_word' id='word_1_456' title='bbox 688 3235 810 3276; x_wconf 88' lang='lat' dir='ltr'><strong>esse</strong></span> <span class='ocrx_word' id='word_1_457' title='bbox 839 3218 1213 3290; x_wconf 81' lang='lat' dir='ltr'><strong>proﬁteretur,</strong></span> <span class='ocrx_word' id='word_1_458' title='bbox 1247 3233 1428 3289; x_wconf 86' lang='lat' dir='ltr'><strong>neque</strong></span> <span class='ocrx_word' id='word_1_459' title='bbox 1469 3220 1527 3275; x_wconf 90' lang='lat' dir='ltr'><strong>in</strong></span> <span class='ocrx_word' id='word_1_460' title='bbox 1561 3219 1673 3274; x_wconf 88' lang='lat' dir='ltr'><strong>duo</strong></span> <span class='ocrx_word' id='word_1_461' title='bbox 1709 3234 1833 3274; x_wconf 89' lang='lat' dir='ltr'><strong>eum</strong></span> <span class='ocrx_word' id='word_1_462' title='bbox 1864 3234 1993 3289; x_wconf 88' lang='lat' dir='ltr'><strong>par-</strong></span> 
     </span>
    </p>
   </div>
   <div class='ocr_carea' id='block_1_65' title="bbox 412 3309 1992 3384">
    <p class='ocr_par' dir='ltr' id='par_1_65' title="bbox 412 3309 1992 3384">
     <span class='ocr_line' id='line_1_65' title="bbox 412 3309 1992 3384; baseline -0.003 -11"><span class='ocrx_word' id='word_1_463' title='bbox 412 3309 630 3381; x_wconf 79' lang='lat' dir='ltr'><strong>tirelur,</strong></span> <span class='ocrx_word' id='word_1_464' title='bbox 661 3328 841 3384; x_wconf 89' lang='lat' dir='ltr'><strong>neque</strong></span> <span class='ocrx_word' id='word_1_465' title='bbox 863 3313 1031 3368; x_wconf 89' lang='lat' dir='ltr'><strong>etiam</strong></span> <span class='ocrx_word' id='word_1_466' title='bbox 1055 3311 1213 3382; x_wconf 78' lang='lat' dir='ltr'><strong>juxta</strong></span> <span class='ocrx_word' id='word_1_467' title='bbox 1246 3327 1598 3383; x_wconf 75' lang='lat' dir='ltr'><strong>progressum</strong></span> <span class='ocrx_word' id='word_1_468' title='bbox 1649 3327 1747 3367; x_wconf 86' lang='lat' dir='ltr'><strong>seu</strong></span> <span class='ocrx_word' id='word_1_469' title='bbox 1802 3312 1992 3381; x_wconf 83' lang='lat' dir='ltr'><strong>prole-</strong></span> 
     </span>
    </p>
   </div>
   <div class='ocr_carea' id='block_1_66' title="bbox 412 3403 1994 3474">
    <p class='ocr_par' dir='ltr' id='par_1_66' title="bbox 412 3403 1994 3474">
     <span class='ocr_line' id='line_1_66' title="bbox 412 3403 1994 3474; baseline -0.003 -11"><span class='ocrx_word' id='word_1_470' title='bbox 412 3417 561 3463; x_wconf 88' lang='lat' dir='ltr'><strong>ctum</strong></span> <span class='ocrx_word' id='word_1_471' title='bbox 647 3405 966 3461; x_wconf 79' lang='lat' dir='ltr'><strong>deiﬁcatum</strong></span> <span class='ocrx_word' id='word_1_472' title='bbox 1028 3418 1152 3459; x_wconf 89' lang='lat' dir='ltr'><strong>esse</strong></span> <span class='ocrx_word' id='word_1_473' title='bbox 1214 3404 1451 3470; x_wconf 84' lang='lat' dir='ltr'><strong>diceret,</strong></span> <span class='ocrx_word' id='word_1_474' title='bbox 1522 3403 1880 3474; x_wconf 82' lang='lat' dir='ltr'><strong>apostolicam</strong></span> <span class='ocrx_word' id='word_1_475' title='bbox 1914 3403 1994 3459; x_wconf 89' lang='lat' dir='ltr'><strong>illi</strong></span> 
     </span>
    </p>
   </div>
   <div class='ocr_carea' id='block_1_67' title="bbox 409 3493 1994 3565">
    <p class='ocr_par' dir='ltr' id='par_1_67' title="bbox 409 3493 1994 3565">
     <span class='ocr_line' id='line_1_67' title="bbox 409 3493 1994 3565; baseline -0.002 -12"><span class='ocrx_word' id='word_1_476' title='bbox 409 3499 578 3553; x_wconf 84' lang='lat' dir='ltr'><strong>etiam</strong></span> <span class='ocrx_word' id='word_1_477' title='bbox 629 3510 823 3552; x_wconf 87' lang='lat' dir='ltr'><strong>vocem</strong></span> <span class='ocrx_word' id='word_1_478' title='bbox 882 3493 1226 3565; x_wconf 74' lang='lat' dir='ltr'><strong>subiiciens,</strong></span> <span class='ocrx_word' id='word_1_479' title='bbox 1277 3508 1400 3564; x_wconf 75' lang='lat' dir='ltr'><strong>qua:</strong></span> <span class='ocrx_word' id='word_1_480' title='bbox 1456 3501 1545 3548; x_wconf 89' lang='lat' dir='ltr'><strong>est</strong></span> <span class='ocrx_word' id='word_1_481' title='bbox 1595 3511 1611 3550; x_wconf 88' lang='lat'><strong>:</strong></span> <span class='ocrx_word' id='word_1_482' title='bbox 1666 3493 1808 3548; x_wconf 75' lang='lat' dir='ltr'><strong>Misit</strong></span> <span class='ocrx_word' id='word_1_483' title='bbox 1854 3494 1994 3550; x_wconf 78' lang='lat' dir='ltr'><strong>Deus</strong></span> 
     </span>
    </p>
   </div>
   <div class='ocr_carea' id='block_1_68' title="bbox 412 3588 2000 3660">
    <p class='ocr_par' dir='ltr' id='par_1_68' title="bbox 412 3588 2000 3660">
     <span class='ocr_line' id='line_1_68' title="bbox 412 3588 2000 3660; baseline -0.003 -14"><span class='ocrx_word' id='word_1_484' title='bbox 412 3591 618 3646; x_wconf 81' lang='lat' dir='ltr'><strong>Filium</strong></span> <span class='ocrx_word' id='word_1_485' title='bbox 638 3607 797 3646; x_wconf 79' lang='lat' dir='ltr'><strong>suum</strong></span> <span class='ocrx_word' id='word_1_486' title='bbox 829 3591 1031 3660; x_wconf 75' lang='lat' dir='ltr'><strong>[actum</strong></span> <span class='ocrx_word' id='word_1_487' title='bbox 1059 3603 1124 3642; x_wconf 73' lang='lat' dir='ltr'><strong>ea:</strong></span> <span class='ocrx_word' id='word_1_488' title='bbox 1150 3588 1371 3643; x_wconf 81' lang='lat' dir='ltr'><strong>muliere</strong></span> <span class='ocrx_word' id='word_1_489' title='bbox 1395 3589 1435 3643; x_wconf 79' lang='grc' dir='ltr'>ί.</span> <span class='ocrx_word' id='word_1_490' title='bbox 1463 3588 1541 3644; x_wconf 80' lang='lat' dir='ltr'><strong>.Et</strong></span> <span class='ocrx_word' id='word_1_491' title='bbox 1568 3588 1733 3645; x_wconf 82' lang='lat' dir='ltr'><strong>simul</strong></span> <span class='ocrx_word' id='word_1_492' title='bbox 1760 3588 1837 3644; x_wconf 89' lang='lat' dir='ltr'><strong>illi</strong></span> <span class='ocrx_word' id='word_1_493' title='bbox 1872 3603 2000 3644; x_wconf 85' lang='lat' dir='ltr'><strong>sua-</strong></span> 
     </span>
    </p>
   </div>
   <div class='ocr_carea' id='block_1_69' title="bbox 412 3681 1993 3759">
    <p class='ocr_par' dir='ltr' id='par_1_69' title="bbox 412 3681 1993 3759">
     <span class='ocr_line' id='line_1_69' title="bbox 412 3681 1993 3759; baseline -0.003 -19"><span class='ocrx_word' id='word_1_494' title='bbox 412 3687 505 3750; x_wconf 86' lang='lat' dir='ltr'><strong>sit,</strong></span> <span class='ocrx_word' id='word_1_495' title='bbox 537 3700 605 3740; x_wconf 85' lang='lat' dir='ltr'><strong>ne</strong></span> <span class='ocrx_word' id='word_1_496' title='bbox 642 3682 979 3740; x_wconf 89' lang='lat' dir='ltr'><strong>sententiam</strong></span> <span class='ocrx_word' id='word_1_497' title='bbox 1018 3681 1138 3752; x_wconf 84' lang='lat' dir='ltr'><strong>ipse</strong></span> <span class='ocrx_word' id='word_1_498' title='bbox 1189 3696 1349 3759; x_wconf 83' lang='lat' dir='ltr'><strong>suam</strong></span> <span class='ocrx_word' id='word_1_499' title='bbox 1380 3689 1442 3736; x_wconf 87' lang='lat' dir='ltr'><strong>ut</strong></span> <span class='ocrx_word' id='word_1_500' title='bbox 1468 3690 1674 3738; x_wconf 89' lang='lat' dir='ltr'><strong>rectam</strong></span> <span class='ocrx_word' id='word_1_501' title='bbox 1699 3690 1756 3737; x_wconf 91' lang='lat' dir='ltr'><strong>et</strong></span> <span class='ocrx_word' id='word_1_502' title='bbox 1774 3692 1993 3738; x_wconf 86' lang='lat' dir='ltr'><strong>certam</strong></span> 
     </span>
    </p>
   </div>
   <div class='ocr_carea' id='block_1_70' title="bbox 414 3772 1995 3843">
    <p class='ocr_par' dir='ltr' id='par_1_70' title="bbox 414 3772 1995 3843">
     <span class='ocr_line' id='line_1_70' title="bbox 414 3772 1995 3843; baseline -0.003 -12"><span class='ocrx_word' id='word_1_503' title='bbox 414 3777 704 3840; x_wconf 86' lang='lat' dir='ltr'><strong>retineret,</strong></span> <span class='ocrx_word' id='word_1_504' title='bbox 737 3773 833 3830; x_wconf 89' lang='lat' dir='ltr'><strong>sed</strong></span> <span class='ocrx_word' id='word_1_505' title='bbox 883 3772 1075 3843; x_wconf 84' lang='lat' dir='ltr'><strong>potius</strong></span> <span class='ocrx_word' id='word_1_506' title='bbox 1112 3772 1262 3843; x_wconf 86' lang='lat' dir='ltr'><strong>quod</strong></span> <span class='ocrx_word' id='word_1_507' title='bbox 1298 3772 1356 3828; x_wconf 85' lang='lat' dir='ltr'><strong>in</strong></span> <span class='ocrx_word' id='word_1_508' title='bbox 1392 3787 1693 3829; x_wconf 88' lang='lat' dir='ltr'><strong>commune</strong></span> <span class='ocrx_word' id='word_1_509' title='bbox 1744 3787 1995 3828; x_wconf 90' lang='lat' dir='ltr'><strong>commo-</strong></span> 
     </span>
    </p>
   </div>
   <div class='ocr_carea' id='block_1_71' title="bbox 413 3864 1997 3938">
    <p class='ocr_par' dir='ltr' id='par_1_71' title="bbox 413 3864 1997 3938">
     <span class='ocr_line' id='line_1_71' title="bbox 413 3864 1997 3938; baseline -0.005 -14"><span class='ocrx_word' id='word_1_510' title='bbox 413 3870 548 3924; x_wconf 89' lang='lat' dir='ltr'><strong>dum</strong></span> <span class='ocrx_word' id='word_1_511' title='bbox 579 3878 744 3938; x_wconf 85' lang='lat' dir='ltr'><strong>atque</strong></span> <span class='ocrx_word' id='word_1_512' title='bbox 774 3866 911 3921; x_wconf 89' lang='lat' dir='ltr'><strong>utile</strong></span> <span class='ocrx_word' id='word_1_513' title='bbox 961 3874 1131 3929; x_wconf 84' lang='lat' dir='ltr'><strong>esset,</strong></span> <span class='ocrx_word' id='word_1_514' title='bbox 1168 3874 1520 3934; x_wconf 78' lang='lat' dir='ltr'><strong>sequeretur.</strong></span> <span class='ocrx_word' id='word_1_515' title='bbox 1561 3865 1713 3919; x_wconf 77' lang='lat' dir='ltr'><strong>Misit</strong></span> <span class='ocrx_word' id='word_1_516' title='bbox 1765 3864 1997 3933; x_wconf 84' lang='lat' dir='ltr'><strong>insuper</strong></span> 
     </span>
    </p>
   </div>
   <div class='ocr_carea' id='block_1_72' title="bbox 413 3955 1999 4029">
    <p class='ocr_par' dir='ltr' id='par_1_72' title="bbox 413 3955 1999 4029">
     <span class='ocr_line' id='line_1_72' title="bbox 413 3955 1999 4029; baseline -0.001 -17"><span class='ocrx_word' id='word_1_517' title='bbox 413 3960 481 4013; x_wconf 89' lang='lat' dir='ltr'><strong>ad</strong></span> <span class='ocrx_word' id='word_1_518' title='bbox 526 3973 656 4014; x_wconf 88' lang='lat' dir='ltr'><strong>eum</strong></span> <span class='ocrx_word' id='word_1_519' title='bbox 684 3975 847 4029; x_wconf 86' lang='lat' dir='ltr'><strong>.quas</strong></span> <span class='ocrx_word' id='word_1_520' title='bbox 886 3955 1223 4015; x_wconf 67' lang='lat' dir='ltr'><strong>Caelestinus</strong></span> <span class='ocrx_word' id='word_1_521' title='bbox 1273 3966 1329 4011; x_wconf 85' lang='lat' dir='ltr'><strong>et</strong></span> <span class='ocrx_word' id='word_1_522' title='bbox 1372 3955 1611 4026; x_wconf 87' lang='lat' dir='ltr'><strong>Cyrillus</strong></span> <span class='ocrx_word' id='word_1_523' title='bbox 1659 3956 1999 4026; x_wconf 89' lang='lat' dir='ltr'><strong>scripserant</strong></span> 
     </span>
    </p>
   </div>
   <div class='ocr_carea' id='block_1_73' title="bbox 414 4048 1998 4121">
    <p class='ocr_par' dir='ltr' id='par_1_73' title="bbox 414 4048 1998 4121">
     <span class='ocr_line' id='line_1_73' title="bbox 414 4048 1998 4121; baseline -0.003 -14"><span class='ocrx_word' id='word_1_524' title='bbox 414 4055 651 4110; x_wconf 87' lang='lat' dir='ltr'><strong>litteras.</strong></span> <span class='ocrx_word' id='word_1_525' title='bbox 711 4054 1001 4109; x_wconf 77' lang='lat' dir='ltr'><strong>Nestorius</strong></span> <span class='ocrx_word' id='word_1_526' title='bbox 1064 4052 1172 4110; x_wconf 89' lang='lat' dir='ltr'><strong>sibi</strong></span> <span class='ocrx_word' id='word_1_527' title='bbox 1232 4051 1338 4121; x_wconf 90' lang='lat' dir='ltr'><strong>ipsi</strong></span> <span class='ocrx_word' id='word_1_528' title='bbox 1399 4051 1705 4106; x_wconf 83' lang='lat' dir='ltr'><strong>obsecutus</strong></span> <span class='ocrx_word' id='word_1_529' title='bbox 1762 4060 1873 4105; x_wconf 89' lang='lat' dir='ltr'><strong>est.</strong></span> <span class='ocrx_word' id='word_1_530' title='bbox 1926 4048 1998 4103; x_wconf 87' lang='lat' dir='ltr'><strong>Et</strong></span> 
     </span>
    </p>
   </div>
   <div class='ocr_carea' id='block_1_74' title="bbox 415 4141 1997 4216">
    <p class='ocr_par' dir='ltr' id='par_1_74' title="bbox 415 4141 1997 4216">
     <span class='ocr_line' id='line_1_74' title="bbox 415 4141 1997 4216; baseline -0.001 -15"><span class='ocrx_word' id='word_1_531' title='bbox 415 4147 676 4216; x_wconf 92' lang='lat' dir='ltr'><strong>quoniam</strong></span> <span class='ocrx_word' id='word_1_532' title='bbox 728 4147 939 4202; x_wconf 88' lang='lat' dir='ltr'><strong>sciebat</strong></span> <span class='ocrx_word' id='word_1_533' title='bbox 992 4146 1359 4201; x_wconf 71' lang='lat' dir='ltr'><strong>ecclesiarum</strong></span> <span class='ocrx_word' id='word_1_534' title='bbox 1426 4144 1695 4214; x_wconf 69' lang='lat' dir='ltr'><strong>praesules</strong></span> <span class='ocrx_word' id='word_1_535' title='bbox 1749 4141 1997 4199; x_wconf 87' lang='lat' dir='ltr'><strong>Ecclesia</strong></span> 
     </span>
    </p>
   </div>
   <div class='ocr_carea' id='block_1_75' title="bbox 419 4234 1996 4307">
    <p class='ocr_par' dir='ltr' id='par_1_75' title="bbox 419 4234 1996 4307">
     <span class='ocr_line' id='line_1_75' title="bbox 419 4234 1996 4307; baseline -0.001 -15"><span class='ocrx_word' id='word_1_536' title='bbox 419 4241 496 4293; x_wconf 87' lang='lat' dir='ltr'><strong>ita</strong></span> <span class='ocrx_word' id='word_1_537' title='bbox 548 4238 773 4292; x_wconf 89' lang='lat' dir='ltr'><strong>turbata</strong></span> <span class='ocrx_word' id='word_1_538' title='bbox 817 4237 1245 4307; x_wconf 86' lang='lat' dir='ltr'><strong>haudquaquam</strong></span> <span class='ocrx_word' id='word_1_539' title='bbox 1294 4236 1586 4305; x_wconf 89' lang='lat' dir='ltr'><strong>tacituros,</strong></span> <span class='ocrx_word' id='word_1_540' title='bbox 1618 4234 1996 4293; x_wconf 79' lang='lat' dir='ltr'><strong>Theodosium</strong></span> 
     </span>
    </p>
   </div>
   <div class='ocr_carea' id='block_1_76' title="bbox 419 4328 1996 4402">
    <p class='ocr_par' dir='ltr' id='par_1_76' title="bbox 419 4328 1996 4402">
     <span class='ocr_line' id='line_1_76' title="bbox 419 4328 1996 4402; baseline -0.002 -15"><span class='ocrx_word' id='word_1_541' title='bbox 419 4331 716 4402; x_wconf 87' lang='lat' dir='ltr'><strong>permovit,</strong></span> <span class='ocrx_word' id='word_1_542' title='bbox 748 4339 810 4385; x_wconf 91' lang='lat' dir='ltr'><strong>ut</strong></span> <span class='ocrx_word' id='word_1_543' title='bbox 848 4345 1063 4386; x_wconf 88' lang='lat' dir='ltr'><strong>sacram</strong></span> <span class='ocrx_word' id='word_1_544' title='bbox 1099 4331 1166 4385; x_wconf 78' lang='lat' dir='ltr'><strong>ad</strong></span> <span class='ocrx_word' id='word_1_545' title='bbox 1193 4330 1457 4401; x_wconf 88' lang='lat' dir='ltr'><strong>Cyrillum</strong></span> <span class='ocrx_word' id='word_1_546' title='bbox 1488 4330 1758 4393; x_wconf 85' lang='lat' dir='ltr'><strong>mitteret,</strong></span> <span class='ocrx_word' id='word_1_547' title='bbox 1795 4328 1853 4384; x_wconf 91' lang='lat' dir='ltr'><strong>in</strong></span> <span class='ocrx_word' id='word_1_548' title='bbox 1884 4344 1996 4400; x_wconf 90' lang='lat' dir='ltr'><strong>qua</strong></span> 
     </span>
    </p>
   </div>
   <div class='ocr_carea' id='block_1_77' title="bbox 419 4421 1992 4513">
    <p class='ocr_par' dir='ltr' id='par_1_77' title="bbox 419 4421 1992 4513">
     <span class='ocr_line' id='line_1_77' title="bbox 419 4421 1992 4513; baseline -0.003 -34"><span class='ocrx_word' id='word_1_549' title='bbox 419 4426 592 4480; x_wconf 90' lang='lat' dir='ltr'><strong>ntulta</strong></span> <span class='ocrx_word' id='word_1_550' title='bbox 626 4424 702 4478; x_wconf 91' lang='lat' dir='ltr'><strong>illi</strong></span> <span class='ocrx_word' id='word_1_551' title='bbox 736 4422 1054 4513; x_wconf 54' lang='lat' dir='ltr'><strong>objiciebat)</strong></span> <span class='ocrx_word' id='word_1_552' title='bbox 1084 4434 1140 4478; x_wconf 91' lang='lat' dir='ltr'><strong>et</strong></span> <span class='ocrx_word' id='word_1_553' title='bbox 1175 4425 1348 4478; x_wconf 90' lang='lat' dir='ltr'><strong>multa</strong></span> <span class='ocrx_word' id='word_1_554' title='bbox 1392 4421 1727 4487; x_wconf 87' lang='lat' dir='ltr'><strong>minabatur,</strong></span> <span class='ocrx_word' id='word_1_555' title='bbox 1780 4421 1893 4477; x_wconf 89' lang='lat' dir='ltr'><strong>nisi</strong></span> <span class='ocrx_word' id='word_1_556' title='bbox 1937 4421 1992 4476; x_wconf 91' lang='lat' dir='ltr'><strong>in</strong></span> 
     </span>
    </p>
   </div>
   <div class='ocr_carea' id='block_1_78' title="bbox 2110 3214 3698 3286">
    <p class='ocr_par' dir='ltr' id='par_1_78' title="bbox 2110 3214 3698 3286">
     <span class='ocr_line' id='line_1_78' title="bbox 2110 3214 3698 3286; baseline 0 -14"><span class='ocrx_word' id='word_1_557' title='bbox 2110 3217 2578 3283; x_wconf 74' lang='grc' dir='ltr'>Ἐξαπέστσιλεν</span> <span class='ocrx_word' id='word_1_558' title='bbox 2611 3218 2644 3270; x_wconf 86' lang='grc' dir='ltr'><strong>ό</strong></span> <span class='ocrx_word' id='word_1_559' title='bbox 2673 3215 2819 3281; x_wconf 82' lang='grc' dir='ltr'><strong>Θεὸς</strong></span> <span class='ocrx_word' id='word_1_560' title='bbox 2849 3215 2958 3271; x_wconf 78' lang='grc' dir='ltr'>τὸν</span> <span class='ocrx_word' id='word_1_561' title='bbox 2977 3216 3114 3271; x_wconf 80' lang='grc' dir='ltr'><strong>Υιόν</strong></span> <span class='ocrx_word' id='word_1_562' title='bbox 3136 3214 3328 3271; x_wconf 83' lang='grc' dir='ltr'>αὐτοῦ</span> <span class='ocrx_word' id='word_1_563' title='bbox 3356 3218 3698 3286; x_wconf 67' lang='grc' dir='ltr'>γενόμενον</span> 
     </span>
    </p>
   </div>
   <div class='ocr_carea' id='block_1_79' title="bbox 2096 3307 3698 3380">
    <p class='ocr_par' dir='ltr' id='par_1_79' title="bbox 2096 3307 3698 3380">
     <span class='ocr_line' id='line_1_79' title="bbox 2096 3307 3698 3380; baseline -0.003 -15"><span class='ocrx_word' id='word_1_564' title='bbox 2096 3311 2167 3365; x_wconf 83' lang='grc' dir='ltr'>ἐκ</span> <span class='ocrx_word' id='word_1_565' title='bbox 2195 3308 2506 3380; x_wconf 78' lang='grc' dir='ltr'>γυναικός.</span> <span class='ocrx_word' id='word_1_566' title='bbox 2541 3307 2828 3377; x_wconf 83' lang='grc' dir='ltr'>Είσηγεῖτό</span> <span class='ocrx_word' id='word_1_567' title='bbox 2852 3324 2913 3360; x_wconf 83' lang='grc' dir='ltr'><strong>τε</strong></span> <span class='ocrx_word' id='word_1_568' title='bbox 2940 3309 3077 3377; x_wconf 72' lang='grc' dir='ltr'>ἅμα,</span> <span class='ocrx_word' id='word_1_569' title='bbox 3108 3307 3185 3378; x_wconf 82' lang='grc' dir='ltr'>μὴ</span> <span class='ocrx_word' id='word_1_570' title='bbox 3216 3309 3277 3361; x_wconf 74' lang='grc' dir='ltr'>τὸ</span> <span class='ocrx_word' id='word_1_571' title='bbox 3306 3307 3478 3373; x_wconf 75' lang='grc' dir='ltr'>δόξαν</span> <span class='ocrx_word' id='word_1_572' title='bbox 3502 3308 3698 3378; x_wconf 63' lang='grc' dir='ltr'>ἐκείνῳ</span> 
     </span>
    </p>
   </div>
   <div class='ocr_carea' id='block_1_80' title="bbox 2098 3400 3700 3474">
    <p class='ocr_par' dir='ltr' id='par_1_80' title="bbox 2098 3400 3700 3474">
     <span class='ocr_line' id='line_1_80' title="bbox 2098 3400 3700 3474; baseline -0.002 -16"><span class='ocrx_word' id='word_1_573' title='bbox 2098 3403 2173 3467; x_wconf 85' lang='grc' dir='ltr'><strong>ὡς</strong></span> <span class='ocrx_word' id='word_1_574' title='bbox 2214 3402 2463 3471; x_wconf 70' lang='grc' dir='ltr'>ἀσφαλὲς</span> <span class='ocrx_word' id='word_1_575' title='bbox 2495 3402 2769 3473; x_wconf 81' lang='grc' dir='ltr'>κατέχειν,</span> <span class='ocrx_word' id='word_1_576' title='bbox 2802 3400 2935 3459; x_wconf 84' lang='grc' dir='ltr'>ἀλλὰ</span> <span class='ocrx_word' id='word_1_577' title='bbox 2962 3402 3023 3455; x_wconf 81' lang='grc' dir='ltr'>τὸ</span> <span class='ocrx_word' id='word_1_578' title='bbox 3054 3403 3205 3472; x_wconf 76' lang='grc' dir='ltr'>κοινῇ</span> <span class='ocrx_word' id='word_1_579' title='bbox 3242 3402 3545 3474; x_wconf 74' lang='grc' dir='ltr'>συμφέρον</span> <span class='ocrx_word' id='word_1_580' title='bbox 3572 3404 3700 3471; x_wconf 67' lang='grc' dir='ltr'>μελε</span> 
     </span>
    </p>
   </div>
   <div class='ocr_carea' id='block_1_81' title="bbox 2098 3493 3697 3567">
    <p class='ocr_par' dir='ltr' id='par_1_81' title="bbox 2098 3493 3697 3567">
     <span class='ocr_line' id='line_1_81' title="bbox 2098 3493 3697 3567; baseline -0.001 -17"><span class='ocrx_word' id='word_1_581' title='bbox 2098 3496 2188 3550; x_wconf 89' lang='grc' dir='ltr'><strong>λον</strong></span> <span class='ocrx_word' id='word_1_582' title='bbox 2218 3494 2512 3567; x_wconf 75' lang='grc' dir='ltr'>αἱρεῖσθαι.</span> <span class='ocrx_word' id='word_1_583' title='bbox 2535 3494 2969 3549; x_wconf 86' lang='grc' dir='ltr'>Συναποστέλλει</span> <span class='ocrx_word' id='word_1_584' title='bbox 2992 3493 3180 3564; x_wconf 83' lang='grc' dir='ltr'>μέντοι</span> <span class='ocrx_word' id='word_1_585' title='bbox 3196 3494 3401 3566; x_wconf 70' lang='grc' dir='ltr'>ἐκείνῳ</span> <span class='ocrx_word' id='word_1_586' title='bbox 3426 3497 3533 3549; x_wconf 72' lang='grc' dir='ltr'><strong>καὶ</strong></span> <span class='ocrx_word' id='word_1_587' title='bbox 3554 3498 3697 3565; x_wconf 68' lang='grc' dir='ltr'>ἅπερ</span> 
     </span>
    </p>
   </div>
   <div class='ocr_carea' id='block_1_82' title="bbox 2099 3586 3699 3659">
    <p class='ocr_par' dir='ltr' id='par_1_82' title="bbox 2099 3586 3699 3659">
     <span class='ocr_line' id='line_1_82' title="bbox 2099 3586 3699 3659; baseline -0.002 -15"><span class='ocrx_word' id='word_1_588' title='bbox 2099 3587 2423 3652; x_wconf 83' lang='grc' dir='ltr'>Κελεστίνός</span> <span class='ocrx_word' id='word_1_589' title='bbox 2471 3605 2531 3641; x_wconf 82' lang='grc' dir='ltr'><strong>τε</strong></span> <span class='ocrx_word' id='word_1_590' title='bbox 2566 3588 2666 3640; x_wconf 79' lang='grc' dir='ltr'>καὶ</span> <span class='ocrx_word' id='word_1_591' title='bbox 2695 3586 2982 3658; x_wconf 83' lang='grc' dir='ltr'>Κύριλλος</span> <span class='ocrx_word' id='word_1_592' title='bbox 3008 3586 3396 3657; x_wconf 84' lang='grc' dir='ltr'>διεπέμψαντο</span> <span class='ocrx_word' id='word_1_593' title='bbox 3428 3591 3699 3659; x_wconf 78' lang='grc' dir='ltr'>γράμμα-</span> 
     </span>
    </p>
   </div>
   <div class='ocr_carea' id='block_1_83' title="bbox 2099 3679 3700 3752">
    <p class='ocr_par' dir='ltr' id='par_1_83' title="bbox 2099 3679 3700 3752">
     <span class='ocr_line' id='line_1_83' title="bbox 2099 3679 3700 3752; baseline 0.001 -17"><span class='ocrx_word' id='word_1_594' title='bbox 2099 3699 2187 3737; x_wconf 85' lang='grc' dir='ltr'>τα.</span> <span class='ocrx_word' id='word_1_595' title='bbox 2215 3682 2310 3744; x_wconf 70' lang='lat' dir='ltr'><strong>Ei;</strong></span> <span class='ocrx_word' id='word_1_596' title='bbox 2338 3680 2533 3735; x_wconf 74' lang='grc' dir='ltr'>ἑαυτὸν</span> <span class='ocrx_word' id='word_1_597' title='bbox 2572 3680 2626 3734; x_wconf 76' lang='grc' dir='ltr'>δὲ</span> <span class='ocrx_word' id='word_1_598' title='bbox 2654 3679 2951 3748; x_wconf 78' lang='grc' dir='ltr'>γενόμενος</span> <span class='ocrx_word' id='word_1_599' title='bbox 2984 3682 3011 3732; x_wconf 89' lang='grc' dir='ltr'>ὀ</span> <span class='ocrx_word' id='word_1_600' title='bbox 3036 3679 3368 3752; x_wconf 80' lang='grc' dir='ltr'>Νεστόριος,</span> <span class='ocrx_word' id='word_1_601' title='bbox 3396 3682 3503 3735; x_wconf 81' lang='grc' dir='ltr'>καὶ</span> <span class='ocrx_word' id='word_1_602' title='bbox 3538 3684 3700 3751; x_wconf 71' lang='grc' dir='ltr'>γνοὺς</span> 
     </span>
    </p>
   </div>
   <div class='ocr_carea' id='block_1_84' title="bbox 2098 3772 3700 3845">
    <p class='ocr_par' dir='ltr' id='par_1_84' title="bbox 2098 3772 3700 3845">
     <span class='ocr_line' id='line_1_84' title="bbox 2098 3772 3700 3845; baseline 0.001 -18"><span class='ocrx_word' id='word_1_603' title='bbox 2098 3776 2175 3839; x_wconf 78' lang='grc' dir='ltr'><strong>ὡς</strong></span> <span class='ocrx_word' id='word_1_604' title='bbox 2207 3775 2257 3827; x_wconf 76' lang='lat' dir='ltr'><strong>oi</strong></span> <span class='ocrx_word' id='word_1_605' title='bbox 2291 3774 2405 3828; x_wconf 75' lang='grc' dir='ltr'>τῶν</span> <span class='ocrx_word' id='word_1_606' title='bbox 2439 3772 2752 3845; x_wconf 68' lang='grc' dir='ltr'>ἐκκλησιῶν</span> <span class='ocrx_word' id='word_1_607' title='bbox 2782 3773 3055 3843; x_wconf 75' lang='grc' dir='ltr'>ἡγεμόνες</span> <span class='ocrx_word' id='word_1_608' title='bbox 3087 3774 3190 3826; x_wconf 80' lang='grc' dir='ltr'><strong>οὐκ</strong></span> <span class='ocrx_word' id='word_1_609' title='bbox 3221 3774 3533 3845; x_wconf 73' lang='grc' dir='ltr'>ἀνέχονται</span> <span class='ocrx_word' id='word_1_610' title='bbox 3572 3792 3700 3828; x_wconf 84' lang='grc' dir='ltr'>σιω-</span> 
     </span>
    </p>
   </div>
   <div class='ocr_carea' id='block_1_85' title="bbox 2101 3864 3704 3938">
    <p class='ocr_par' dir='ltr' id='par_1_85' title="bbox 2101 3864 3704 3938">
     <span class='ocr_line' id='line_1_85' title="bbox 2101 3864 3704 3938; baseline 0.001 -18"><span class='ocrx_word' id='word_1_611' title='bbox 2101 3869 2209 3938; x_wconf 83' lang='grc' dir='ltr'>πᾷν</span> <span class='ocrx_word' id='word_1_612' title='bbox 2234 3866 2378 3920; x_wconf 81' lang='grc' dir='ltr'>οὓτω</span> <span class='ocrx_word' id='word_1_613' title='bbox 2393 3865 2495 3935; x_wconf 86' lang='grc' dir='ltr'><strong>τῆς</strong></span> <span class='ocrx_word' id='word_1_614' title='bbox 2508 3864 2842 3935; x_wconf 85' lang='grc' dir='ltr'>Ἐκκλησίας</span> <span class='ocrx_word' id='word_1_615' title='bbox 2872 3866 3308 3936; x_wconf 74' lang='grc' dir='ltr'>ταραττομένης,</span> <span class='ocrx_word' id='word_1_616' title='bbox 3337 3867 3704 3938; x_wconf 70' lang='grc' dir='ltr'>παρεσκεύα-</span> 
     </span>
    </p>
   </div>
   <div class='ocr_carea' id='block_1_86' title="bbox 2101 3956 3702 4036">
    <p class='ocr_par' dir='ltr' id='par_1_86' title="bbox 2101 3956 3702 4036">
     <span class='ocr_line' id='line_1_86' title="bbox 2101 3956 3702 4036; baseline 0.001 -24"><span class='ocrx_word' id='word_1_617' title='bbox 2101 3960 2161 4024; x_wconf 78' lang='grc' dir='ltr'>ζε</span> <span class='ocrx_word' id='word_1_618' title='bbox 2190 3958 2495 4023; x_wconf 81' lang='grc' dir='ltr'>Θεοδόσιον,</span> <span class='ocrx_word' id='word_1_619' title='bbox 2541 3957 2759 4026; x_wconf 84' lang='grc' dir='ltr'>σόικραν</span> <span class='ocrx_word' id='word_1_620' title='bbox 2796 3957 3036 4029; x_wconf 82' lang='grc' dir='ltr'>πέμπειν</span> <span class='ocrx_word' id='word_1_621' title='bbox 3076 3959 3353 4030; x_wconf 75' lang='grc' dir='ltr'>Κυρίλλῳ,</span> <span class='ocrx_word' id='word_1_622' title='bbox 3378 3962 3440 4015; x_wconf 74' lang='grc' dir='ltr'>ἐν</span> <span class='ocrx_word' id='word_1_623' title='bbox 3548 3964 3702 4015; x_wconf 76' lang='grc' dir='ltr'>πλεῖ-</span> 
     </span>
    </p>
   </div>
   <div class='ocr_carea' id='block_1_87' title="bbox 2102 4048 3700 4123">
    <p class='ocr_par' dir='ltr' id='par_1_87' title="bbox 2102 4048 3700 4123">
     <span class='ocr_line' id='line_1_87' title="bbox 2102 4048 3700 4123; baseline 0 -20"><span class='ocrx_word' id='word_1_624' title='bbox 2102 4066 2206 4104; x_wconf 85' lang='grc' dir='ltr'><strong>στα</strong></span> <span class='ocrx_word' id='word_1_625' title='bbox 2238 4048 2520 4120; x_wconf 75' lang='grc' dir='ltr'>ἐμέμφετο</span> <span class='ocrx_word' id='word_1_626' title='bbox 2563 4050 2658 4102; x_wconf 57' lang='grc' dir='ltr'><strong>κοιλ⁵</strong></span> <span class='ocrx_word' id='word_1_627' title='bbox 2688 4048 2962 4118; x_wconf 79' lang='grc' dir='ltr'>διηπείλει</span> <span class='ocrx_word' id='word_1_628' title='bbox 2986 4088 3003 4117; x_wconf 93' lang='grc'><strong>,</strong></span> <span class='ocrx_word' id='word_1_629' title='bbox 3034 4050 3083 4102; x_wconf 86' lang='grc' dir='ltr'>εἰ</span> <span class='ocrx_word' id='word_1_630' title='bbox 3117 4050 3195 4121; x_wconf 71' lang='grc' dir='ltr'>μὴ</span> <span class='ocrx_word' id='word_1_631' title='bbox 3224 4053 3344 4114; x_wconf 83' lang='grc' dir='ltr'>τοῖς</span> <span class='ocrx_word' id='word_1_632' title='bbox 3392 4052 3556 4123; x_wconf 78' lang='grc' dir='ltr'>ὅροις</span> <span class='ocrx_word' id='word_1_633' title='bbox 3594 4053 3700 4106; x_wconf 81' lang='grc' dir='ltr'><strong>Νε-</strong></span> 
     </span>
    </p>
   </div>
   <div class='ocr_carea' id='block_1_88' title="bbox 2102 4140 3701 4213">
    <p class='ocr_par' dir='ltr' id='par_1_88' title="bbox 2102 4140 3701 4213">
     <span class='ocr_line' id='line_1_88' title="bbox 2102 4140 3701 4213; baseline 0.004 -17"><span class='ocrx_word' id='word_1_634' title='bbox 2102 4141 2319 4212; x_wconf 84' lang='grc' dir='ltr'>στορίου</span> <span class='ocrx_word' id='word_1_635' title='bbox 2350 4140 2606 4210; x_wconf 83' lang='grc' dir='ltr'>ἐμμένοι.</span> <span class='ocrx_word' id='word_1_636' title='bbox 2635 4142 2748 4195; x_wconf 61' lang='grc' dir='ltr'><strong>Καὶ⁵</strong></span> <span class='ocrx_word' id='word_1_637' title='bbox 2786 4144 3168 4196; x_wconf 82' lang='grc' dir='ltr'>κατακτυπεῖν</span> <span class='ocrx_word' id='word_1_638' title='bbox 3202 4143 3466 4199; x_wconf 64' lang='grc' dir='ltr'>ἐντεῦθεν</span> <span class='ocrx_word' id='word_1_639' title='bbox 3493 4148 3701 4213; x_wconf 80' lang='grc' dir='ltr'>δοκῶν,</span> 
     </span>
    </p>
   </div>
   <div class='ocr_carea' id='block_1_89' title="bbox 2100 4233 3704 4310">
    <p class='ocr_par' dir='ltr' id='par_1_89' title="bbox 2100 4233 3704 4310">
     <span class='ocr_line' id='line_1_89' title="bbox 2100 4233 3704 4310; baseline 0.002 -24"><span class='ocrx_word' id='word_1_640' title='bbox 2100 4234 2307 4286; x_wconf 65' lang='grc' dir='ltr'>ἐκεῖνον</span> <span class='ocrx_word' id='word_1_641' title='bbox 2331 4233 2533 4302; x_wconf 78' lang='grc' dir='ltr'>μᾶλλον</span> <span class='ocrx_word' id='word_1_642' title='bbox 2551 4233 2815 4304; x_wconf 78' lang='grc' dir='ltr'>ἐρεθίζων</span> <span class='ocrx_word' id='word_1_643' title='bbox 2839 4234 3083 4307; x_wconf 81' lang='grc' dir='ltr'>διήγειρε</span> <span class='ocrx_word' id='word_1_644' title='bbox 3101 4252 3117 4268; x_wconf 86' lang='grc'><strong>·</strong></span> <span class='ocrx_word' id='word_1_645' title='bbox 3155 4235 3386 4306; x_wconf 82' lang='grc' dir='ltr'>Πνεῦμα</span> <span class='ocrx_word' id='word_1_646' title='bbox 3410 4238 3530 4310; x_wconf 78' lang='grc' dir='ltr'>γὰρ</span> <span class='ocrx_word' id='word_1_647' title='bbox 3558 4240 3704 4293; x_wconf 74' lang='grc' dir='ltr'>θεῖον</span> 
     </span>
    </p>
   </div>
   <div class='ocr_carea' id='block_1_90' title="bbox 2099 4321 3706 4403">
    <p class='ocr_par' dir='ltr' id='par_1_90' title="bbox 2099 4321 3706 4403">
     <span class='ocr_line' id='line_1_90' title="bbox 2099 4321 3706 4403; baseline 0.002 -26"><span class='ocrx_word' id='word_1_648' title='bbox 2099 4321 2387 4403; x_wconf 75' lang='grc' dir='ltr'>ἀναλαϐὼν</span> <span class='ocrx_word' id='word_1_649' title='bbox 2427 4322 2720 4395; x_wconf 82' lang='grc' dir='ltr'>Κύριλλος,</span> <span class='ocrx_word' id='word_1_650' title='bbox 2743 4324 2894 4396; x_wconf 79' lang='grc' dir='ltr'>αὑτῷ</span> <span class='ocrx_word' id='word_1_651' title='bbox 2921 4341 2983 4378; x_wconf 85' lang='grc' dir='ltr'><strong>τε</strong></span> <span class='ocrx_word' id='word_1_652' title='bbox 3014 4326 3227 4396; x_wconf 81' lang='grc' dir='ltr'>βασιλεῖ</span> <span class='ocrx_word' id='word_1_653' title='bbox 3265 4328 3365 4380; x_wconf 72' lang='grc' dir='ltr'><strong>καὶ</strong></span> <span class='ocrx_word' id='word_1_654' title='bbox 3394 4331 3524 4392; x_wconf 79' lang='grc' dir='ltr'>ταῖς</span> <span class='ocrx_word' id='word_1_655' title='bbox 3544 4329 3706 4396; x_wconf 72' lang='grc' dir='ltr'>βασε-</span> 
     </span>
    </p>
   </div>
   <div class='ocr_carea' id='block_1_91' title="bbox 2101 4414 3706 4492">
    <p class='ocr_par' dir='ltr' id='par_1_91' title="bbox 2101 4414 3706 4492">
     <span class='ocr_line' id='line_1_91' title="bbox 2101 4414 3706 4492; baseline 0.005 -24"><span class='ocrx_word' id='word_1_656' title='bbox 2101 4414 2320 4479; x_wconf 88' lang='grc' dir='ltr'>λίσσαις</span> <span class='ocrx_word' id='word_1_657' title='bbox 2344 4415 2629 4484; x_wconf 84' lang='grc' dir='ltr'>γενναίους</span> <span class='ocrx_word' id='word_1_658' title='bbox 2685 4416 2832 4487; x_wconf 83' lang='grc' dir='ltr'>μάλα</span> <span class='ocrx_word' id='word_1_659' title='bbox 2866 4418 3063 4487; x_wconf 83' lang='grc' dir='ltr'>λόγους</span> <span class='ocrx_word' id='word_1_660' title='bbox 3097 4420 3477 4491; x_wconf 76' lang='grc' dir='ltr'>συντεταχὼς,</span> <span class='ocrx_word' id='word_1_661' title='bbox 3518 4423 3706 4492; x_wconf 64' lang='grc' dir='ltr'>επεμ-</span> 
     </span>
    </p>
   </div>
   <div class='ocr_carea' id='block_1_92' title="bbox 394 4484 1992 4585">
    <p class='ocr_par' dir='ltr' id='par_1_92' title="bbox 394 4484 1992 4584">
     <span class='ocr_line' id='line_1_92' title="bbox 394 4484 1992 4584; baseline -0.003 -10"><span class='ocrx_word' id='word_1_662' title='bbox 394 4516 658 4574; x_wconf 81' lang='lat' dir='ltr'><strong>-Nestorii</strong></span> <span class='ocrx_word' id='word_1_663' title='bbox 686 4484 926 4570; x_wconf 66' lang='lat' dir='ltr'><strong>decretis</strong></span> <span class='ocrx_word' id='word_1_664' title='bbox 951 4484 1322 4584; x_wconf 67' lang='lat' dir='ltr'><strong>aquiesceret.</strong></span> <span class='ocrx_word' id='word_1_665' title='bbox 1360 4513 1430 4568; x_wconf 89' lang='lat' dir='ltr'><strong>Et</strong></span> <span class='ocrx_word' id='word_1_666' title='bbox 1459 4528 1585 4569; x_wconf 89' lang='lat' dir='ltr'><strong>cum</strong></span> <span class='ocrx_word' id='word_1_667' title='bbox 1616 4484 1825 4569; x_wconf 82' lang='lat' dir='ltr'><strong>talibus</strong></span> <span class='ocrx_word' id='word_1_668' title='bbox 1852 4513 1992 4569; x_wconf 88' lang='lat' dir='ltr'><strong>litte-</strong></span> 
     </span>
    </p>
   </div>
   <div class='ocr_carea' id='block_1_93' title="bbox 2099 4484 3703 4585">
    <p class='ocr_par' dir='ltr' id='par_1_93' title="bbox 2109 4484 3703 4585">
     <span class='ocr_line' id='line_1_93' title="bbox 2109 4484 3703 4585; baseline 0.003 -21"><span class='ocrx_word' id='word_1_669' title='bbox 2109 4527 2235 4575; x_wconf 85' lang='grc' dir='ltr'>πεν,</span> <span class='ocrx_word' id='word_1_670' title='bbox 2265 4512 2322 4563; x_wconf 84' lang='grc' dir='ltr'>ὲν</span> <span class='ocrx_word' id='word_1_671' title='bbox 2353 4503 2434 4573; x_wconf 73' lang='grc' dir='ltr'>οἷς</span> <span class='ocrx_word' id='word_1_672' title='bbox 2462 4511 2524 4564; x_wconf 82' lang='grc' dir='ltr'><strong>τό</strong></span> <span class='ocrx_word' id='word_1_673' title='bbox 2572 4526 2633 4565; x_wconf 77' lang='grc' dir='ltr'><strong>τε</strong></span> <span class='ocrx_word' id='word_1_674' title='bbox 2668 4484 2766 4582; x_wconf 75' lang='grc' dir='ltr'><strong>τῆς</strong></span> <span class='ocrx_word' id='word_1_675' title='bbox 2795 4484 2966 4584; x_wconf 81' lang='grc' dir='ltr'>ὀρθῆς</span> <span class='ocrx_word' id='word_1_676' title='bbox 3000 4513 3244 4578; x_wconf 84' lang='grc' dir='ltr'>πίστεως</span> <span class='ocrx_word' id='word_1_677' title='bbox 3286 4484 3527 4585; x_wconf 59' lang='grc' dir='ltr'>ἀκριϐές</span> <span class='ocrx_word' id='word_1_678' title='bbox 3556 4484 3703 4569; x_wconf 52' lang='grc' dir='ltr'><strong>δέ.-</strong></span> 
     </span>
    </p>
   </div>
   <div class='ocr_carea' id='block_1_94' title="bbox 420 4602 2001 4677">
    <p class='ocr_par' dir='ltr' id='par_1_94' title="bbox 420 4602 2001 4677">
     <span class='ocr_line' id='line_1_94' title="bbox 420 4602 2001 4677; baseline -0.003 -12"><span class='ocrx_word' id='word_1_679' title='bbox 420 4611 499 4665; x_wconf 91' lang='lat' dir='ltr'><strong>ris</strong></span> <span class='ocrx_word' id='word_1_680' title='bbox 551 4624 611 4665; x_wconf 89' lang='lat' dir='ltr'><strong>se</strong></span> <span class='ocrx_word' id='word_1_681' title='bbox 661 4608 819 4663; x_wconf 92' lang='lat' dir='ltr'><strong>illum</strong></span> <span class='ocrx_word' id='word_1_682' title='bbox 870 4606 1355 4677; x_wconf 90' lang='lat' dir='ltr'><strong>pessumdaturum</strong></span> <span class='ocrx_word' id='word_1_683' title='bbox 1403 4602 1787 4671; x_wconf 67' lang='lat' dir='ltr'><strong>existimaret,</strong></span> <span class='ocrx_word' id='word_1_684' title='bbox 1825 4604 2001 4675; x_wconf 75' lang='lat' dir='ltr'><strong>magis</strong></span> 
     </span>
    </p>
   </div>
   <div class='ocr_carea' id='block_1_95' title="bbox 420 4694 2001 4766">
    <p class='ocr_par' dir='ltr' id='par_1_95' title="bbox 420 4694 2001 4766">
     <span class='ocr_line' id='line_1_95' title="bbox 420 4694 2001 4766; baseline -0.004 -9"><span class='ocrx_word' id='word_1_685' title='bbox 420 4702 587 4757; x_wconf 90' lang='lat' dir='ltr'><strong>etiam</strong></span> <span class='ocrx_word' id='word_1_686' title='bbox 622 4708 960 4756; x_wconf 82' lang='lat' dir='ltr'><strong>commotum</strong></span> <span class='ocrx_word' id='word_1_687' title='bbox 997 4698 1282 4753; x_wconf 81' lang='lat' dir='ltr'><strong>excitavit.</strong></span> <span class='ocrx_word' id='word_1_688' title='bbox 1313 4694 1560 4766; x_wconf 85' lang='lat' dir='ltr'><strong>Accepto</strong></span> <span class='ocrx_word' id='word_1_689' title='bbox 1609 4709 1849 4763; x_wconf 87' lang='lat' dir='ltr'><strong>namque</strong></span> <span class='ocrx_word' id='word_1_690' title='bbox 1875 4695 2001 4766; x_wconf 91' lang='lat' dir='ltr'><strong>Spi-</strong></span> 
     </span>
    </p>
   </div>
   <div class='ocr_carea' id='block_1_96' title="bbox 420 4789 2001 4864">
    <p class='ocr_par' dir='ltr' id='par_1_96' title="bbox 420 4789 2001 4864">
     <span class='ocr_line' id='line_1_96' title="bbox 420 4789 2001 4864; baseline -0.003 -15"><span class='ocrx_word' id='word_1_691' title='bbox 420 4796 533 4849; x_wconf 90' lang='lat' dir='ltr'><strong>ritu</strong></span> <span class='ocrx_word' id='word_1_692' title='bbox 577 4794 769 4849; x_wconf 89' lang='lat' dir='ltr'><strong>divino</strong></span> <span class='ocrx_word' id='word_1_693' title='bbox 817 4792 1076 4864; x_wconf 85' lang='lat' dir='ltr'><strong>Cyrillus,</strong></span> <span class='ocrx_word' id='word_1_694' title='bbox 1127 4789 1198 4846; x_wconf 84' lang='lat' dir='ltr'><strong>ad</strong></span> <span class='ocrx_word' id='word_1_695' title='bbox 1251 4790 1435 4861; x_wconf 88' lang='lat' dir='ltr'><strong>ipsum</strong></span> <span class='ocrx_word' id='word_1_696' title='bbox 1501 4789 1894 4859; x_wconf 84' lang='lat' dir='ltr'><strong>imperatorem</strong></span> <span class='ocrx_word' id='word_1_697' title='bbox 1943 4797 2001 4846; x_wconf 88' lang='lat' dir='ltr'><strong>et</strong></span> 
     </span>
    </p>
   </div>
   <div class='ocr_carea' id='block_1_97' title="bbox 418 4880 2001 4957">
    <p class='ocr_par' dir='ltr' id='par_1_97' title="bbox 418 4880 2001 4957">
     <span class='ocr_line' id='line_1_97' title="bbox 418 4880 2001 4957; baseline -0.003 -15"><span class='ocrx_word' id='word_1_698' title='bbox 418 4887 694 4957; x_wconf 79' lang='lat' dir='ltr'><strong>Augustas</strong></span> <span class='ocrx_word' id='word_1_699' title='bbox 729 4885 949 4941; x_wconf 84' lang='lat' dir='ltr'><strong>libellos</strong></span> <span class='ocrx_word' id='word_1_700' title='bbox 993 4884 1157 4939; x_wconf 88' lang='lat' dir='ltr'><strong>docte</strong></span> <span class='ocrx_word' id='word_1_701' title='bbox 1188 4888 1530 4953; x_wconf 88' lang='lat' dir='ltr'><strong>compositos</strong></span> <span class='ocrx_word' id='word_1_702' title='bbox 1572 4880 1745 4947; x_wconf 87' lang='lat' dir='ltr'><strong>misit,</strong></span> <span class='ocrx_word' id='word_1_703' title='bbox 1793 4880 2001 4952; x_wconf 89' lang='lat' dir='ltr'><strong>quibus</strong></span> 
     </span>
    </p>
   </div>
   <div class='ocr_carea' id='block_1_98' title="bbox 2111 4603 3704 4677">
    <p class='ocr_par' dir='ltr' id='par_1_98' title="bbox 2111 4603 3704 4677">
     <span class='ocr_line' id='line_1_98' title="bbox 2111 4603 3704 4677; baseline 0.003 -19"><span class='ocrx_word' id='word_1_704' title='bbox 2111 4604 2372 4671; x_wconf 85' lang='grc' dir='ltr'>δείκνυσι,</span> <span class='ocrx_word' id='word_1_705' title='bbox 2397 4603 2493 4658; x_wconf 62' lang='grc' dir='ltr'><strong>καί⁹</strong></span> <span class='ocrx_word' id='word_1_706' title='bbox 2514 4605 2576 4657; x_wconf 75' lang='grc' dir='ltr'>τὸ</span> <span class='ocrx_word' id='word_1_707' title='bbox 2606 4605 2706 4675; x_wconf 87' lang='grc' dir='ltr'><strong>τῆς</strong></span> <span class='ocrx_word' id='word_1_708' title='bbox 2729 4604 3030 4677; x_wconf 80' lang='grc' dir='ltr'>Νεστορίου</span> <span class='ocrx_word' id='word_1_709' title='bbox 3061 4607 3498 4677; x_wconf 77' lang='grc' dir='ltr'>φρενοϐλαϐείας</span> <span class='ocrx_word' id='word_1_710' title='bbox 3529 4611 3704 4662; x_wconf 78' lang='grc' dir='ltr'>κακό-</span> 
     </span>
    </p>
   </div>
   <div class='ocr_carea' id='block_1_99' title="bbox 2111 4695 3703 4772">
    <p class='ocr_par' dir='ltr' id='par_1_99' title="bbox 2111 4695 3703 4772">
     <span class='ocr_line' id='line_1_99' title="bbox 2111 4695 3703 4772; baseline 0.003 -23"><span class='ocrx_word' id='word_1_711' title='bbox 2111 4695 2263 4761; x_wconf 81' lang='grc' dir='ltr'>δοξον</span> <span class='ocrx_word' id='word_1_712' title='bbox 2294 4712 2308 4727; x_wconf 87' lang='grc'><strong>·</strong></span> <span class='ocrx_word' id='word_1_713' title='bbox 2369 4695 2486 4766; x_wconf 72' lang='grc' dir='ltr'><strong>ἅμα</strong></span> <span class='ocrx_word' id='word_1_714' title='bbox 2542 4696 2606 4750; x_wconf 79' lang='grc' dir='ltr'>δὲ</span> <span class='ocrx_word' id='word_1_715' title='bbox 2671 4697 2766 4751; x_wconf 78' lang='grc' dir='ltr'>καὶ</span> <span class='ocrx_word' id='word_1_716' title='bbox 2831 4698 3051 4752; x_wconf 70' lang='grc' dir='ltr'>σύνοδον</span> <span class='ocrx_word' id='word_1_717' title='bbox 3112 4701 3514 4772; x_wconf 78' lang='grc' dir='ltr'>οίκουμενικὴν</span> <span class='ocrx_word' id='word_1_718' title='bbox 3575 4702 3703 4772; x_wconf 64' lang='grc' dir='ltr'>ᾔτει</span> 
     </span>
    </p>
   </div>
   <div class='ocr_carea' id='block_1_100' title="bbox 2113 4788 3703 4864">
    <p class='ocr_par' dir='ltr' id='par_1_100' title="bbox 2113 4788 3703 4864">
     <span class='ocr_line' id='line_1_100' title="bbox 2113 4788 3703 4864; baseline 0.005 -22"><span class='ocrx_word' id='word_1_719' title='bbox 2113 4788 2609 4861; x_wconf 85' lang='grc' dir='ltr'>συνγκροτηθῆναι,</span> <span class='ocrx_word' id='word_1_720' title='bbox 2634 4789 2709 4853; x_wconf 82' lang='grc' dir='ltr'>ὡς</span> <span class='ocrx_word' id='word_1_721' title='bbox 2736 4788 2802 4844; x_wconf 80' lang='grc' dir='ltr'><strong>ἂν</strong></span> <span class='ocrx_word' id='word_1_722' title='bbox 2827 4791 2896 4846; x_wconf 79' lang='grc' dir='ltr'>τὰ</span> <span class='ocrx_word' id='word_1_723' title='bbox 2924 4791 3071 4846; x_wconf 78' lang='grc' dir='ltr'>κατὰ</span> <span class='ocrx_word' id='word_1_724' title='bbox 3099 4792 3401 4864; x_wconf 83' lang='grc' dir='ltr'>Νεστόριον</span> <span class='ocrx_word' id='word_1_725' title='bbox 3434 4794 3703 4863; x_wconf 74' lang='grc' dir='ltr'>ἀσφαλῶς</span> 
     </span>
    </p>
   </div>
   <div class='ocr_carea' id='block_1_101' title="bbox 2110 4879 2474 4952">
    <p class='ocr_par' dir='ltr' id='par_1_101' title="bbox 2110 4879 2474 4952">
     <span class='ocr_line' id='line_1_101' title="bbox 2110 4879 2474 4952; baseline -0.003 -17"><span class='ocrx_word' id='word_1_726' title='bbox 2110 4879 2474 4952; x_wconf 85' lang='grc' dir='ltr'>γυμνασθείη.</span> 
     </span>
    </p>
   </div>
   <div class='ocr_carea' id='block_1_102' title="bbox 419 4976 3703 5052">
    <p class='ocr_par' dir='ltr' id='par_1_102' title="bbox 419 4976 3703 5052">
     <span class='ocr_line' id='line_1_102' title="bbox 419 4976 3703 5052; baseline -0.003 -9"><span class='ocrx_word' id='word_1_727' title='bbox 419 4986 585 5043; x_wconf 89' lang='lat' dir='ltr'><strong>simul</strong></span> <span class='ocrx_word' id='word_1_728' title='bbox 610 4997 817 5041; x_wconf 82' lang='lat' dir='ltr'><strong>certam</strong></span> <span class='ocrx_word' id='word_1_729' title='bbox 860 4993 1022 5039; x_wconf 64' lang='lat' dir='ltr'><strong>rectae</strong></span> <span class='ocrx_word' id='word_1_730' title='bbox 1087 4980 1214 5038; x_wconf 79' lang='lat' dir='ltr'><strong>ﬁdei</strong></span> <span class='ocrx_word' id='word_1_731' title='bbox 1260 4980 1692 5052; x_wconf 82' lang='lat' dir='ltr'><strong>professionem,</strong></span> <span class='ocrx_word' id='word_1_732' title='bbox 1754 4988 1813 5035; x_wconf 86' lang='lat' dir='ltr'><strong>et</strong></span> <span class='ocrx_word' id='word_1_733' title='bbox 1889 4993 2205 5049; x_wconf 85' lang='lat' dir='ltr'><strong>perversam</strong></span> <span class='ocrx_word' id='word_1_734' title='bbox 2253 4977 2493 5033; x_wconf 82' lang='lat' dir='ltr'><strong>Nestorii</strong></span> <span class='ocrx_word' id='word_1_735' title='bbox 2543 4976 2817 5033; x_wconf 64' lang='lat' dir='ltr'><strong>vecordia</strong></span> <span class='ocrx_word' id='word_1_736' title='bbox 2848 4978 3169 5049; x_wconf 89' lang='lat' dir='ltr'><strong>opinionem</strong></span> <span class='ocrx_word' id='word_1_737' title='bbox 3233 4978 3529 5034; x_wconf 79' lang='lat' dir='ltr'><strong>ostendit:</strong></span> <span class='ocrx_word' id='word_1_738' title='bbox 3577 4988 3703 5033; x_wconf 74' lang='lat' dir='ltr'><strong>tum</strong></span> 
     </span>
    </p>
   </div>
   <div class='ocr_carea' id='block_1_103' title="bbox 392 5073 3492 5151">
    <p class='ocr_par' dir='ltr' id='par_1_103' title="bbox 392 5073 3492 5151">
     <span class='ocr_line' id='line_1_103' title="bbox 392 5073 3492 5151; baseline -0.003 -12"><span class='ocrx_word' id='word_1_739' title='bbox 392 5094 628 5148; x_wconf 86' lang='lat' dir='ltr'><strong>‘autem,</strong></span> <span class='ocrx_word' id='word_1_740' title='bbox 662 5089 723 5136; x_wconf 89' lang='lat' dir='ltr'><strong>ut</strong></span> <span class='ocrx_word' id='word_1_741' title='bbox 755 5078 1001 5151; x_wconf 80' lang='lat' dir='ltr'><strong>synodus</strong></span> <span class='ocrx_word' id='word_1_742' title='bbox 1035 5078 1365 5133; x_wconf 85' lang='lat' dir='ltr'><strong>universalis</strong></span> <span class='ocrx_word' id='word_1_743' title='bbox 1407 5086 1766 5148; x_wconf 81' lang='lat' dir='ltr'><strong>cogereretur</strong></span> <span class='ocrx_word' id='word_1_744' title='bbox 1802 5076 1991 5147; x_wconf 77' lang='lat' dir='ltr'><strong>petiit,</strong></span> <span class='ocrx_word' id='word_1_745' title='bbox 2034 5083 2095 5131; x_wconf 90' lang='lat' dir='ltr'><strong>ut</strong></span> <span class='ocrx_word' id='word_1_746' title='bbox 2127 5073 2366 5132; x_wconf 86' lang='lat' dir='ltr'><strong>Nestorii</strong></span> <span class='ocrx_word' id='word_1_747' title='bbox 2397 5086 2487 5130; x_wconf 82' lang='lat' dir='ltr'><strong>res</strong></span> <span class='ocrx_word' id='word_1_748' title='bbox 2518 5083 2672 5130; x_wconf 86' lang='lat' dir='ltr'><strong>certo</strong></span> <span class='ocrx_word' id='word_1_749' title='bbox 2700 5074 2757 5129; x_wconf 90' lang='lat' dir='ltr'><strong>in</strong></span> <span class='ocrx_word' id='word_1_750' title='bbox 2793 5082 3044 5145; x_wconf 86' lang='lat' dir='ltr'><strong>apertum</strong></span> <span class='ocrx_word' id='word_1_751' title='bbox 3079 5073 3492 5145; x_wconf 73' lang='lat' dir='ltr'><strong>proferrentur.</strong></span> 
     </span>
    </p>
   </div>
   <div class='ocr_carea' id='block_1_104' title="bbox 952 5197 1448 5257">
    <p class='ocr_par' dir='ltr' id='par_1_104' title="bbox 952 5197 1448 5257">
     <span class='ocr_line' id='line_1_104' title="bbox 952 5197 1448 5257; baseline -0.004 0"><span class='ocrx_word' id='word_1_752' title='bbox 952 5200 1176 5257; x_wconf 75' lang='lat' dir='ltr'><strong>CAPUT</strong></span> <span class='ocrx_word' id='word_1_753' title='bbox 1229 5197 1448 5255; x_wconf 75' lang='lat' dir='ltr'><strong>XXXlV</strong></span> 
     </span>
    </p>
   </div>
   <div class='ocr_carea' id='block_1_105' title="bbox 423 5278 2001 5361">
    <p class='ocr_par' dir='ltr' id='par_1_105' title="bbox 423 5278 2001 5361">
     <span class='ocr_line' id='line_1_105' title="bbox 423 5278 2001 5361; baseline -0.006 -8"><span class='ocrx_word' id='word_1_754' title='bbox 423 5300 502 5355; x_wconf 82' lang='lat' dir='ltr'><strong>De</strong></span> <span class='ocrx_word' id='word_1_755' title='bbox 536 5300 690 5354; x_wconf 86' lang='lat' dir='ltr'><strong>tertio</strong></span> <span class='ocrx_word' id='word_1_756' title='bbox 720 5278 1220 5351; x_wconf 41' lang='lat' dir='ltr'><strong>sancto‘universali</strong></span> <span class='ocrx_word' id='word_1_757' title='bbox 1263 5292 1488 5360; x_wconf 78' lang='lat' dir='ltr'><strong>Ephesio</strong></span> <span class='ocrx_word' id='word_1_758' title='bbox 1520 5290 1769 5358; x_wconf 82' lang='lat' dir='ltr'><strong>concilio,</strong></span> <span class='ocrx_word' id='word_1_759' title='bbox 1800 5292 1856 5345; x_wconf 82' lang='lat' dir='ltr'><strong>in</strong></span> <span class='ocrx_word' id='word_1_760' title='bbox 1895 5306 2001 5361; x_wconf 83' lang='lat' dir='ltr'><strong>quo</strong></span> 
     </span>
    </p>
   </div>
   <div class='ocr_carea' id='block_1_106' title="bbox 674 5364 1752 5436">
    <p class='ocr_par' dir='ltr' id='par_1_106' title="bbox 674 5364 1752 5436">
     <span class='ocr_line' id='line_1_106' title="bbox 674 5364 1752 5436; baseline -0.005 -14"><span class='ocrx_word' id='word_1_761' title='bbox 674 5367 926 5422; x_wconf 80' lang='lat' dir='ltr'><strong>Nestorio</strong></span> <span class='ocrx_word' id='word_1_762' title='bbox 956 5365 1287 5435; x_wconf 77' lang='lat' dir='ltr'><strong>episwpatus</strong></span> <span class='ocrx_word' id='word_1_763' title='bbox 1325 5372 1400 5417; x_wconf 75' lang='lat' dir='ltr'><strong>est</strong></span> <span class='ocrx_word' id='word_1_764' title='bbox 1436 5364 1752 5436; x_wconf 66' lang='lat' dir='ltr'><strong>abrogatas.</strong></span> 
     </span>
    </p>
   </div>
   <div class='ocr_carea' id='block_1_107' title="bbox 494 5464 2000 5549">
    <p class='ocr_par' dir='ltr' id='par_1_107' title="bbox 494 5464 2000 5549">
     <span class='ocr_line' id='line_1_107' title="bbox 494 5464 2000 5549; baseline -0.003 -15"><span class='ocrx_word' id='word_1_765' title='bbox 494 5481 841 5539; x_wconf 79' lang='lat' dir='ltr'><strong>Theodosius</strong></span> <span class='ocrx_word' id='word_1_766' title='bbox 868 5464 1251 5549; x_wconf 85' lang='lat' dir='ltr'><strong>imperialibus</strong></span> <span class='ocrx_word' id='word_1_767' title='bbox 1274 5475 1478 5533; x_wconf 90' lang='lat' dir='ltr'><strong>litteris</strong></span> <span class='ocrx_word' id='word_1_768' title='bbox 1519 5478 1635 5532; x_wconf 86' lang='lat' dir='ltr'><strong>suis</strong></span> <span class='ocrx_word' id='word_1_769' title='bbox 1685 5476 1741 5531; x_wconf 91' lang='lat' dir='ltr'><strong>in</strong></span> <span class='ocrx_word' id='word_1_770' title='bbox 1791 5482 2000 5530; x_wconf 89' lang='lat' dir='ltr'><strong>metro-</strong></span> 
     </span>
    </p>
   </div>
   <div class='ocr_carea' id='block_1_108' title="bbox 426 5568 1999 5642">
    <p class='ocr_par' dir='ltr' id='par_1_108' title="bbox 426 5568 1999 5642">
     <span class='ocr_line' id='line_1_108' title="bbox 426 5568 1999 5642; baseline -0.003 -15"><span class='ocrx_word' id='word_1_771' title='bbox 426 5574 532 5642; x_wconf 86' lang='lat' dir='ltr'><strong>poli</strong></span> <span class='ocrx_word' id='word_1_772' title='bbox 562 5574 781 5641; x_wconf 79' lang='lat' dir='ltr'><strong>Epheso</strong></span> <span class='ocrx_word' id='word_1_773' title='bbox 810 5572 1062 5626; x_wconf 89' lang='lat' dir='ltr'><strong>locorum</strong></span> <span class='ocrx_word' id='word_1_774' title='bbox 1090 5571 1339 5626; x_wconf 91' lang='lat' dir='ltr'><strong>omnium</strong></span> <span class='ocrx_word' id='word_1_775' title='bbox 1376 5570 1668 5640; x_wconf 86' lang='lat' dir='ltr'><strong>episcopos</strong></span> <span class='ocrx_word' id='word_1_776' title='bbox 1700 5568 1999 5624; x_wconf 86' lang='lat' dir='ltr'><strong>convenire</strong></span> 
     </span>
    </p>
   </div>
   <div class='ocr_carea' id='block_1_109' title="bbox 423 5661 1996 5734">
    <p class='ocr_par' dir='ltr' id='par_1_109' title="bbox 423 5661 1996 5734">
     <span class='ocr_line' id='line_1_109' title="bbox 423 5661 1996 5734; baseline 0.001 -20"><span class='ocrx_word' id='word_1_777' title='bbox 423 5664 606 5734; x_wconf 75' lang='lat' dir='ltr'><strong>jussit,</strong></span> <span class='ocrx_word' id='word_1_778' title='bbox 636 5678 848 5717; x_wconf 85' lang='lat' dir='ltr'><strong>sacram</strong></span> <span class='ocrx_word' id='word_1_779' title='bbox 876 5664 1234 5719; x_wconf 67' lang='lat' dir='ltr'><strong>Pentecoste:</strong></span> <span class='ocrx_word' id='word_1_780' title='bbox 1270 5662 1441 5731; x_wconf 89' lang='lat' dir='ltr'><strong>diem,</strong></span> <span class='ocrx_word' id='word_1_781' title='bbox 1470 5677 1580 5733; x_wconf 87' lang='lat' dir='ltr'><strong>qua</strong></span> <span class='ocrx_word' id='word_1_782' title='bbox 1605 5661 1996 5726; x_wconf 87' lang='lat' dir='ltr'><strong>convenirent,</strong></span> 
     </span>
    </p>
   </div>
   <div class='ocr_carea' id='block_1_110' title="bbox 391 5800 934 5866">
    <p class='ocr_par' dir='ltr' id='par_1_110' title="bbox 391 5800 934 5866">
     <span class='ocr_line' id='line_1_110' title="bbox 391 5800 934 5866; baseline 0.011 -13"><span class='ocrx_word' id='word_1_783' title='bbox 391 5826 403 5837; x_wconf 85' lang='lat'><strong>-</strong></span> <span class='ocrx_word' id='word_1_784' title='bbox 503 5802 519 5831; x_wconf 82' lang='grc'><strong>⁸</strong></span> <span class='ocrx_word' id='word_1_785' title='bbox 555 5800 729 5855; x_wconf 86' lang='lat' dir='ltr'><strong>Galat.</strong></span> <span class='ocrx_word' id='word_1_786' title='bbox 766 5816 840 5866; x_wconf 89' lang='lat' dir='ltr'><strong>tv,</strong></span> <span class='ocrx_word' id='word_1_787' title='bbox 881 5805 934 5859; x_wconf 71' lang='grc'><strong>4.</strong></span> 
     </span>
    </p>
   </div>
   <div class='ocr_carea' id='block_1_111' title="bbox 1643 5927 1678 5935">
    <p class='ocr_par' dir='ltr' id='par_1_111' title="bbox 1643 5927 1678 5935">
     <span class='ocr_line' id='line_1_111' title="bbox 1643 5927 1678 5935; baseline 0 0"><span class='ocrx_word' id='word_1_788' title='bbox 1643 5927 1678 5935; x_wconf 68' lang='grc' dir='ltr'><strong>ο·-</strong></span> 
     </span>
    </p>
   </div>
   <div class='ocr_carea' id='block_1_112' title="bbox 1982 5949 2030 5960">
    <p class='ocr_par' dir='ltr' id='par_1_112' title="bbox 1982 5949 2030 5960">
     <span class='ocr_line' id='line_1_112' title="bbox 1982 5949 2030 5960; baseline 0.021 -1"><span class='ocrx_word' id='word_1_789' title='bbox 1982 5949 2030 5960; x_wconf 44' lang='grc' dir='ltr'>τε.</span> 
     </span>
    </p>
   </div>
   <div class='ocr_carea' id='block_1_113' title="bbox 2700 5196 3108 5252">
    <p class='ocr_par' dir='ltr' id='par_1_113' title="bbox 2700 5196 3108 5252">
     <span class='ocr_line' id='line_1_113' title="bbox 2700 5196 3108 5252; baseline 0.007 -3"><span class='ocrx_word' id='word_1_790' title='bbox 2700 5196 2955 5251; x_wconf 79' lang='grc' dir='ltr'><strong>ΚΕΦΑΛ.</strong></span> <span class='ocrx_word' id='word_1_791' title='bbox 2986 5197 3108 5252; x_wconf 80' lang='lat' dir='ltr'><strong>AA&#39;.</strong></span> 
     </span>
    </p>
   </div>
   <div class='ocr_carea' id='block_1_114' title="bbox 2113 5288 3702 5372">
    <p class='ocr_par' dir='ltr' id='par_1_114' title="bbox 2113 5288 3702 5372">
     <span class='ocr_line' id='line_1_114' title="bbox 2113 5288 3702 5372; baseline 0 -28"><span class='ocrx_word' id='word_1_792' title='bbox 2113 5289 2255 5359; x_wconf 75' lang='grc' dir='ltr'>Περὶ</span> <span class='ocrx_word' id='word_1_793' title='bbox 2288 5289 2393 5372; x_wconf 66' lang='grc' dir='ltr'>ξῆς</span> <span class='ocrx_word' id='word_1_794' title='bbox 2425 5288 2494 5343; x_wconf 80' lang='grc' dir='ltr'><strong>ἐν</strong></span> <span class='ocrx_word' id='word_1_795' title='bbox 2533 5288 2992 5372; x_wconf 44' lang='grc' dir='ltr'>,Ἐφέσῳ-ἁγίας</span> <span class='ocrx_word' id='word_1_796' title='bbox 3031 5290 3237 5372; x_wconf 58' lang='grc' dir='ltr'>ςρίςης</span> <span class='ocrx_word' id='word_1_797' title='bbox 3273 5290 3372 5372; x_wconf 54' lang='grc' dir='ltr'><strong>περὶ</strong></span> <span class='ocrx_word' id='word_1_798' title='bbox 3423 5293 3702 5372; x_wconf 59' lang='lat' dir='ltr'><strong>circum-</strong></span> 
     </span>
    </p>
   </div>
   <div class='ocr_carea' id='block_1_115' title="bbox 2058 5359 3632 5430">
    <p class='ocr_par' dir='ltr' id='par_1_115' title="bbox 2058 5359 3632 5430">
     <span class='ocr_line' id='line_1_115' title="bbox 2058 5359 3632 5430; baseline 0.001 -15"><span class='ocrx_word' id='word_1_799' title='bbox 2058 5370 2063 5375; x_wconf 78' lang='lat'><strong>‘</strong></span> <span class='ocrx_word' id='word_1_800' title='bbox 2179 5359 2359 5430; x_wconf 74' lang='grc' dir='ltr'>νικῆς</span> <span class='ocrx_word' id='word_1_801' title='bbox 2385 5359 2658 5414; x_wconf 81' lang='grc' dir='ltr'>συνόδου</span> <span class='ocrx_word' id='word_1_802' title='bbox 2678 5374 2692 5389; x_wconf 72' lang='grc'><strong><em>⁸</em></strong></span> <span class='ocrx_word' id='word_1_803' title='bbox 2717 5361 2817 5414; x_wconf 73' lang='grc' dir='ltr'>καὶ</span> <span class='ocrx_word' id='word_1_804' title='bbox 2843 5359 2923 5425; x_wconf 85' lang='grc' dir='ltr'><strong>ὡς</strong></span> <span class='ocrx_word' id='word_1_805' title='bbox 2942 5361 3247 5429; x_wconf 74' lang='grc' dir='ltr'>καθῃρέθη</span> <span class='ocrx_word' id='word_1_806' title='bbox 3271 5362 3632 5429; x_wconf 75' lang='grc' dir='ltr'>Νεστόριος.</span> 
     </span>
    </p>
   </div>
   <div class='ocr_carea' id='block_1_116' title="bbox 2183 5475 3705 5549">
    <p class='ocr_par' dir='ltr' id='par_1_116' title="bbox 2183 5475 3705 5549">
     <span class='ocr_line' id='line_1_116' title="bbox 2183 5475 3705 5549; baseline 0 -20"><span class='ocrx_word' id='word_1_807' title='bbox 2183 5476 2294 5530; x_wconf 83' lang='grc' dir='ltr'><strong>Καὶ</strong></span> <span class='ocrx_word' id='word_1_808' title='bbox 2321 5475 2387 5549; x_wconf 78' lang='grc' dir='ltr'>δὴ</span> <span class='ocrx_word' id='word_1_809' title='bbox 2431 5475 2737 5546; x_wconf 84' lang='grc' dir='ltr'>βασιλικοῖς</span> <span class='ocrx_word' id='word_1_810' title='bbox 2796 5477 3126 5547; x_wconf 83' lang='grc' dir='ltr'>γράμμασιν</span> <span class='ocrx_word' id='word_1_811' title='bbox 3154 5478 3259 5531; x_wconf 73' lang='grc' dir='ltr'><strong>ἀνὰ</strong></span> <span class='ocrx_word' id='word_1_812' title='bbox 3285 5477 3385 5548; x_wconf 75' lang='grc' dir='ltr'><strong>τὴν</strong></span> <span class='ocrx_word' id='word_1_813' title='bbox 3430 5476 3705 5547; x_wconf 66' lang='grc' dir='ltr'>Ἐφεσίων</span> 
     </span>
    </p>
   </div>
   <div class='ocr_carea' id='block_1_117' title="bbox 2114 5567 3704 5639">
    <p class='ocr_par' dir='ltr' id='par_1_117' title="bbox 2114 5567 3704 5639">
     <span class='ocr_line' id='line_1_117' title="bbox 2114 5567 3704 5639; baseline 0.001 -19"><span class='ocrx_word' id='word_1_814' title='bbox 2114 5567 2450 5639; x_wconf 85' lang='grc' dir='ltr'>μητρόπολιν</span> <span class='ocrx_word' id='word_1_815' title='bbox 2474 5568 2765 5639; x_wconf 79' lang='grc' dir='ltr'>ἁλισθῆναι</span> <span class='ocrx_word' id='word_1_816' title='bbox 2794 5569 2920 5632; x_wconf 81' lang='grc' dir='ltr'>τοὺς</span> <span class='ocrx_word' id='word_1_817' title='bbox 2944 5568 3265 5639; x_wconf 78' lang='grc' dir='ltr'>ἁπανταχοῦ</span> <span class='ocrx_word' id='word_1_818' title='bbox 3285 5569 3465 5637; x_wconf 75' lang='grc' dir='ltr'>ἱερέας</span> <span class='ocrx_word' id='word_1_819' title='bbox 3484 5570 3704 5639; x_wconf 67' lang='grc' dir='ltr'>ἔγραφε</span> 
     </span>
    </p>
   </div>
   <div class='ocr_carea' id='block_1_118' title="bbox 2110 5661 3705 5735">
    <p class='ocr_par' dir='ltr' id='par_1_118' title="bbox 2110 5661 3705 5735">
     <span class='ocr_line' id='line_1_118' title="bbox 2110 5661 3705 5735; baseline 0 -20"><span class='ocrx_word' id='word_1_820' title='bbox 2110 5661 2414 5729; x_wconf 86' lang='grc' dir='ltr'>Θεοδόσιος,</span> <span class='ocrx_word' id='word_1_821' title='bbox 2451 5662 2747 5735; x_wconf 77' lang='grc' dir='ltr'>ἀποφήνας</span> <span class='ocrx_word' id='word_1_822' title='bbox 2778 5664 2876 5717; x_wconf 79' lang='grc' dir='ltr'><strong>καὶ</strong></span> <span class='ocrx_word' id='word_1_823' title='bbox 2900 5663 3001 5734; x_wconf 85' lang='grc' dir='ltr'><strong>τῆς</strong></span> <span class='ocrx_word' id='word_1_824' title='bbox 3030 5663 3397 5727; x_wconf 78' lang='grc' dir='ltr'>συνελεύσεως</span> <span class='ocrx_word' id='word_1_825' title='bbox 3422 5663 3525 5735; x_wconf 75' lang='grc' dir='ltr'>τὴν</span> <span class='ocrx_word' id='word_1_826' title='bbox 3549 5662 3705 5733; x_wconf 55' lang='lat' dir='ltr'><strong>inti-</strong></span> 
     </span>
    </p>
   </div>
  </div>
