3910 6218
251 319 398 391 ἱιθθ

1168 334 1770 402 ΕΟΕΕΕΒΙᾹΒΤΙΟᾸΞ
1812 340 2202 404 ΗΙΞΤΟΒΙᾹΞ
2238 342 2383 406 LlB.
2431 346 2579 408 XIV.

3368 300 3503 416 1.170

253 458 356 531 ραν
380 434 522 497 εἶναι
557 440 656 515 τὴν
693 443 856 512 ἁγίαν
879 446 1280 523 Πεντηκοστὴν,
1318 446 1431 528 ὲνῇ
1472 454 1535 507 τδ
1565 453 1829 519 ζωοποιδν

1934 456 2298 513 constituens.
2333 458 2391 512 In
2424 475 2487 513 ea
2520 459 2722 529 quippe
2768 458 2856 515 die
2900 458 3143 531 Spiritus
3196 462 3505 519 viviﬁcatnr

246 530 366 599 τοῖς
419 537 585 607 ἱεροῖς
646 537 969 604 ἀποστόλοις
1020 542 1353 614 ἑπεφοίτησε
1412 544 1672 617 Πνεῦμα·
1732 549 1830 602 καὶ

248 626 425 680 ταῦτα
455 628 570 691 τοῖς
615 628 912 701 γράμμασι
966 634 1320 703 προστιθείς*
1378 656 1398 689 ι
1438 636 1535 703 Ὠς
1565 638 1827 709 οὐδεμίαν

248 718 365 786 ἔξει
402 724 541 791 πρὸς
570 721 726 787 Θεὸν,
772 724 894 778 οὐδὲ
932 725 1072 795 πρὸς
1122 728 1273 797 ἡμᾶς
1329 729 1649 798 ἀπολογίαν,
1686 733 1714 784 ό
1752 730 1832 801 μὴ

250 814 598 884 παραχρῆμα
620 814 743 869 κατ’
764 818 936 888 αὐτὴν
954 818 1053 890 τὴν
1084 821 1300 891 ἡμέραν
1321 824 1421 891 τῆς
1446 823 1609 891 ἁγίας
1627 824 1831 892 Πεντη-

252 905 453 973 κοστῆς
485 905 878 976 εὑρισκόμενος
900 924 914 939 ⁸
947 910 975 963 ό
1003 909 1341 980 καλούμενος
1375 913 1505 983 γὰρ,
1537 915 1725 983 φησὶν,
1750 916 1832 977 είς

254 995 541 1067 ἱερατικὴν
593 996 811 1052 σύνοδον
864 1005 960 1057 καὶ⁵
1022 1002 1096 1073 μὴ
1143 1004 1440 1074 προθύμως
1497 1006 1829 1078 συντρέχων,

253 1089 355 1143 οὐκ
386 1089 553 1161 ὀρθῆς
597 1091 875 1146 δείκνυται
906 1096 1288 1166 συνειδήσεως.
1323 1116 1343 1149 ι
1397 1098 1456 1152 '0
1483 1098 1584 1164 μὲν
1607 1099 1699 1153 οὖν
1721 1100 1830 1153 Νε-

254 1181 471 1251 στόριος
503 1182 598 1236 ἅτε
634 1183 697 1254 δὴ
727 1184 786 1236 οὐ
826 1186 1017 1256 πόρρω
1046 1188 1149 1256 τῆς
1184 1190 1452 1257 Ἐφεσίων
1476 1190 1829 1260 ἀφεστηκὼς,

258 1275 358 1327 σὺν
382 1274 526 1345 ὄχλῳ
570 1276 749 1346 πολλῷ
778 1278 941 1340 εὐθὺς
968 1282 1109 1348 μετά
1149 1280 1245 1352 τὴν
1285 1280 1479 1353 ἑορτὴν
1508 1280 1603 1336 τοῦ
1641 1284 1832 1353 Πάσχα

254 1366 358 1419 ἀνὰ
382 1367 481 1436 τὴν
512 1368 748 1437 Ἔφεσον
774 1368 1031 1437 ἔφθανεν.
1067 1371 1298 1435 πολλοὺς
1330 1375 1515 1428 ἐκεῖσε
1548 1375 1831 1439 συνιόντας

251 1458 365 1511 τῶν
388 1460 707 1513 ἐπισκόπων
729 1459 927 1531 εὑρών.
964 1464 1209 1534 Ἀπήντα
1237 1465 1294 1518 δὲ
1320 1468 1415 1519 καὶ
1439 1466 1710 1537 Κύριλλος
1732 1468 1832 1521 σὺν

254 1641 504 1706 6ενάλιος
528 1645 587 1698 δὲ
618 1646 759 1714 μετά
786 1646 1046 1718 πέμπτην
1073 1650 1292 1720 ἡμέραν
1316 1654 1414 1722 τῆς
1446 1653 1831 1723 Πεντηκοστῆς

255 1732 458 1803 ἔφθανε
513 1736 735 1806 σύναμα
772 1740 884 1803 τοῖς
919 1740 1309 1805 Παλαιστινοῖς
1362 1744 1716 1807 ἐπισκόποιςο
1747 1738 1831 1808 οἷς

255 1826 665 1898 ἀθροιζομένοις
698 1832 726 1883 ό
779 1831 1110 1902 περισόητος
1164 1835 1261 1888 καὶ
1324 1835 1500 1903 μέγας
1553 1836 1829 1905 Εὑθύμιος

256 1916 452 1991 Πέτρῳ
482 1919 560 1990 τῷ
589 1921 698 1974 τῶν
720 1911 1055 1994 Σαραίκηνών
1085 1924 1375 1995 ὲπισκόπῳ
1401 1927 1618 1980 ἀπιόντι
1642 1929 1849 1997 ἐνεκεορ

256 2009 465 2078 nam,
494 2012 751 2083 Κυρίλλφ
782 2013 860 2085 τῷ
902 2015 1005 2084 τῆς
1047 2015 1407 2083 Ἀλεξάνδρου
1439 2016 1689 2088 προέδρῳ
1736 2012 1837 2088 καλέ

270 2100 511 2171 Ἀκακίιρ
537 2100 615 2171 τῷ
642 2100 936 2173 Μελιτινῆς
974 2104 1260 2175 έπισκόπῳ
1287 2103 1546 2171 καθάπαξ
1573 2086 1835 2172 ἕπεσθαι,

257 2191 528 2258 ἐπειπὼν,
583 2193 665 2247 δτι
713 2193 899 2247 στύλοι
942 2195 1040 2248 καὶ
1084 2193 1274 2267 όροφοι
1333 2197 1435 2266 τῆς
1466 2196 1635 2270 ὀρθῆς
1682 2197 1829 2252 οὗτοι

256 2285 568 2357 ὑπάρχουσι
620 2284 876 2348 πίστεως.
933 2286 1259 2352 Κελεστίνος
1308 2288 1356 2341 δ’
1402 2291 1432 2342 ό
1472 2290 1571 2361 τῆς
1607 2289 1831 2361 Ῥώμης

255 2380 556 2442 ἐπίσκοπος
604 2378 692 2432 διὰ
746 2380 817 2434 τὰ
876 2380 1022 2436 κατά
1080 2380 1356 2436 θάλατταν
1406 2383 1831 2454 προσδοκώμενα

258 2471 558 2542 παρῃτεῖτο
587 2469 653 2523 δι’
673 2470 871 2525 ἑαυτοῦ
894 2473 961 2543 τῇ
990 2472 1194 2541 συνόδῳ
1221 2473 1581 2544 παραϐαλεῖν.
1620 2454 1839 2548 Ἔγρασῖ

257 2580 327 2633 gos
354 2562 412 2616 δὲ
443 2563 714 2632 Κυρίλλῳ,
762 2564 1093 2635 προτρέπων
1143 2567 1240 2622 καὶ
1288 2567 1382 2621 τὸν
1429 2566 1639 2622 ἐκείνου
1668 2569 1837 2623 τόπον

255 2655 502 2725 έπέχειν·
536 2655 595 2722 ἑξ
623 2647 686 2708 οὗ
715 2655 873 2725 λόγος
898 2657 993 2710 καὶ
1018 2656 1081 2709 τὸ
1108 2646 1210 2727 τῆς
1262 2657 1462 2729 μίτρας
1487 2658 1727 2730 ἐπίθεμα
1756 2660 1835 2712 ei:

255 2745 507 2817 ληφέναι,
570 2748 668 2801 καὶ
705 2746 807 2820 τὴν
836 2746 933 2802 τοῦ
964 2748 1170 2803 πάππα
1211 2752 1593 2821 προσηγορίαν
1622 2751 1831 2822 λαϐεῖν,

258 2839 354 2892 καὶ
391 2839 486 2909 τῆς
533 2840 859 2910 οἰκουμένης
884 2840 1079 2912 κριτὴν
1106 2842 1471 2913 ὀνομάζεσθαι
1509 2859 1524 2875 ο
1577 2844 1834 2900 κάκεῖθεν

258 2931 351 2984 επὶ
376 2930 628 3004 διαδοχὴν
658 2932 948 3002 προελθεῖν
973 2932 1169 3001 ταῦτα,
1195 2936 1293 2989 καὶ
1320 2935 1436 3000 τοῖς
1461 2937 1609 2991 κατά
1635 2939 1836 3009 κλῆρον

260 3022 505 3094 εἰληχόσι
535 3025 630 3079 τὸν
657 3025 757 3095 τῆς
799 3024 1156 3098 Ἀλεξάνδρου
1187 3026 1381 3100 θρόνον
1419 3030 1586 3099 ῑεροῖς
1615 3030 1838 3084 ἐπισκό-

258 3131 404 3177 ποις.
440 3114 620 3178 Μόνος
667 3115 714 3168 δ’
757 3115 1013 3188 Ἰωάννης
1040 3120 1069 3171 ό
1111 3116 1207 3187 τῆς
1246 3118 1523 3190 Ἀντιόχου
1574 3120 1835 3190 πρόεδρος
1857 3145 1903 3211 C

261 3204 446 3275 πολλῷ
491 3207 590 3289 τῆς
624 3206 967 3277 προθεσμίας
984 3208 1275 3279 ὑστέρησε,
1300 3210 1406 3286 καὶ
1432 3213 1479 3265 οί
1505 3212 1645 3281 ἀμφ’
1670 3212 1834 3266 αὐτὸν

258 3298 389 3370 έῷοι
416 3299 739 3352 ἐπίσκοποι·
775 3297 896 3352 οὔτι
938 3299 1102 3366 έκὼν,
1147 3300 1223 3363 ub;
1278 3300 1498 3366 πολλοῖς
1531 3302 1832 3371 ἀπολογού-

262 3407 425 3462 μενος
453 3390 639 3459 ἔλεγεν
659 3407 675 3423 ο
710 3391 823 3445 ἀλλ’
851 3393 935 3446 ὅτι
964 3394 1039 3464 μὴ
1067 3393 1234 3464 τάχος
1263 3393 1520 3466 ἀθροῖσαι
1549 3394 1679 3458 τοὺς
1706 3395 1832 3465 περὶ

258 3484 428 3537 αὐτὸν
456 3485 788 3549 ἐπισκόπους
833 3485 985 3554 αὐτῷ
1017 3486 1298 3552 ἐξεγένετο
1318 3502 1334 3519 ·
1367 3484 1549 3558 πολλῷ
1596 3488 1704 3558 γὰρ
1733 3488 1834 3542 διί-

263 3592 492 3629 στανται
540 3576 873 3648 διαστήματι
903 3579 959 3631 αἱ
995 3578 1088 3630 ὑπ’
1124 3579 1291 3632 αὐτὸν
1320 3580 1510 3643 πόλεις
1537 3580 1635 3649 τῆς
1668 3578 1834 3634 πάλαι

265 3664 371 3734 μὲν
408 3665 763 3737 Ἀντιοχείας,
808 3668 926 3722 νυνὶ
971 3668 1029 3720 δὲ
1072 3667 1456 3732 Θεουπόλεως’
1491 3669 1568 3732 ώς
1609 3652 1834 3723 εἶναιτὸ

259 3754 541 3825 διάστημα
597 3756 821 3826 ἡμερῶν
870 3755 1023 3826 ἀνδρὶ
1075 3755 1295 3827 εὐζώνῳ
1358 3757 1686 3811 δυοκαίδεκα
1739 3761 1835 3813 καὶ

263 3848 469 3917 μικρόν
504 3864 559 3901 τι
600 3849 739 3917 πρός
760 3866 774 3882 ο
808 3842 1013 3919 διέχειν
1045 3848 1103 3902 δὲ
1149 3851 1245 3902 καὶ
1272 3850 1374 3920 τὴν
1409 3851 1681 3921 Ἀντιόχου
1730 3851 1830 3921 τῆς

274 3941 544 4010 Ἐφεσίων
573 3942 961 4011 μητροπόλεως
983 3942 1102 3995 ὁδὸν
1129 3942 1354 4012 ἡμερῶν
1384 3944 1681 4013 τριάκοντα
1727 3944 1834 4014 μά-

258 4035 455 4089 λισταο
491 4034 586 4088 καί
641 4050 706 4102 γε
733 4035 1137 4105 διισχυρίζετο,
1191 4036 1429 4105 μήποτε
1477 4035 1683 4102 φθάσαι
1736 4037 1835 4104 τὴν

259 4128 600 4197 ὡρισμένην,
652 4128 701 4180 εί
756 4127 855 4199 τὴν
905 4129 1029 4181 νέαν
1081 4129 1424 4199 καλουμένην
1453 4129 1744 4199 Κυριακὴν
1784 4128 1834 4181 οί

263 4218 401 4283 περὶ
453 4216 614 4269 αὐτὸν
648 4216 752 4269 ἀνά
793 4217 919 4280 τοὺς
957 4219 1195 4282 οἰκείους
1227 4219 1535 4272 διετέλεσαν
1587 4219 1831 4290 θρόνους.

269 4303 363 4366 Ὦς
390 4304 446 4356 δὲ
488 4305 629 4372 μετά
668 4304 767 4375 τὴν
799 4304 1139 4374 προθεσμίαν
1167 4307 1258 4359 καὶ
1282 4307 1486 4377 ἡμέραι
1508 4307 1836 4361 διίππευσαν

262 4395 684 4473 πεντεκαίδεκα,
718 4397 812 4449 καὶ
833 4396 884 4448 οί
906 4398 1035 4467 περὶ
1059 4398 1152 4450 τόν
1195 4398 1525 4467 Ἀντιοχείας
1546 4402 1644 4452 οὐκ
1671 4398 1837 4470 ἑφθη-

1929 545 1997 601 ad
2032 556 2251 603 sanctos
2281 548 2574 617 Apostolos
2605 550 2876 612 pervenit.
2902 550 3130 608 Litteris
3181 553 3319 624 ipsis
3366 555 3499 609 illud

1930 651 2146 706 quoque
2176 638 2400 705 adjecit,
2438 640 2715 694 neminem
2761 656 2821 696 se
2884 643 2969 698 vel
3022 646 3168 712 apud
3206 644 3379 701 Deum
3417 650 3500 701 vel

1930 727 2076 797 apud
2126 728 2378 784 homines
2402 743 2795 787 cxcusaturum
2831 749 2977 801 csse,
3011 737 3104 804 qui
3156 753 3265 792 non
3318 740 3502 793 statim

1930 819 1997 874 ad
2019 820 2356 890 designatam
2388 833 2592 879 sanet-1e
2620 825 2981 883 Pentecostes
3014 828 3161 883 diem
3189 841 3392 900 praesto
3415 808 3504 885 “ibi

1929 919 2095 965 esset.
2130 909 2290 981 512
2329 929 2347 963 ι
2379 912 2482 979 Qui
2524 930 2776 984 namque,
2808 917 3008 987 inquit,
3041 919 3108 971 ad
3143 920 3503 990 episcopalem
3584 946 3591 950 κ

1930 1015 2146 1057 sacrum
2172 1015 2502 1060 conventmn
2545 1016 2772 1062 νοοιιιυε
2805 1024 2914 1062 non
2934 1008 3190 1065 alacriter
3240 1013 3501 1075 accurrit,

1930 1108 2041 1149 non
2074 1094 2231 1150 bona:
2262 1096 2307 1150 is
2334 1098 2687 1154 conscientiae
2708 1114 2831 1155 esse
2852 1111 3099 1171 apparet.
3134 1120 3153 1154 ι
3189 1102 3502 1163 Nestorius.

1931 1186 2024 1256 qui
2048 1202 2162 1242 non
2183 1188 2344 1258 longe
2376 1190 2447 1244 ab
2478 1191 2694 1259 Epheso
2721 1192 2959 1256 abesset,
2988 1209 3112 1249 eum
3144 1195 3305 1249 turba
3333 1196 3502 1251 multa

1929 1278 2113 1333 statim
2143 1290 2267 1348 post
2325 1281 2525 1337 festum
2580 1283 2806 1339 Paschaa
2837 1284 2982 1340 diem
3020 1286 3294 1355 Ephesum
3332 1290 3501 1348 venit.

1935 1370 2139 1425 multos
2169 1370 2245 1426 ibi
2288 1372 2400 1443 jam
2444 1387 2809 1446 congregatos
2843 1378 3139 1447 episcopos
3196 1378 3502 1448 reperiens.

1857 1453 1887 1549 χ
1933 1458 2172 1530 Cyrillus
2206 1476 2427 1532 quoque
2478 1481 2608 1520 vero
2654 1482 2776 1521 cum
2815 1470 2934 1523 suis
2972 1479 3101 1523 ante
3168 1468 3503 1524 destinatum

254 1552 369 1612 τοῖς
402 1551 519 1619 μετ’
548 1552 715 1605 αὐτοῦ
748 1555 856 1623 πρὸ
889 1554 990 1624 τῆς
1027 1556 1391 1629 ἀγγελθείσης
1422 1559 1656 1629 ἡμέρας.
1698 1561 1832 1614 Ἰου-

1931 1550 2078 1606 diem
2106 1552 2288 1609 aﬂ‘uit.
2324 1554 2527 1622 Quinta
2567 1568 2691 1628 post
2729 1560 3094 1615 Pentecosten
3131 1560 3244 1626 die,
3269 1559 3507 1616 Juvena—

1929 1640 1999 1697 lis
2049 1658 2174 1698 cum
2222 1644 2547 1717 Palaestinis
2587 1649 2866 1719 episcopis
2935 1650 3107 1705 venit.
3166 1651 3377 1717 Quibus
3432 1651 3505 1704 ita

1931 1735 2422 1803 convenientibus,
2477 1740 2717 1796 celebris
2750 1750 2809 1796 et
2857 1757 3089 1811 magnus
3147 1743 3238 1797 ille
3302 1742 3508 1813 Euthy-

1935 1825 2082 1880 mius
2108 1826 2273 1881 Petro
2300 1826 2703 1885 Saracenorum
2730 1831 2995 1902 episeopo
3023 1832 3254 1887 abeunti
3300 1849 3507 1903 praece-

1929 1916 2033 1987 pit,
2034 1926 2124 1999 "ut
2142 1916 2346 1993 ACyrilli
2398 1921 2757 1977 Alexandrini
2807 1933 2863 1978 et
2914 1925 3101 1979 Aeacii
3137 1917 3551 2011 Melitineusisl

1930 2009 2158 2064 omnino
2182 2013 2512 2066 sententiam
2541 2025 2893 2083 sequeretur,
2922 2017 3215 2071 columnas
3267 2027 3323 2072 et
3355 2016 3508 2072 fasti-
3543 2009 3572 2081 ’,

1931 2100 2019 2169 gia
2054 2108 2218 2157 recta:
2249 2102 2374 2157 ﬁdei
2405 2118 2503 2159 eos
2527 2118 2652 2160 esse
2684 2114 2935 2162 testatus.
2966 2106 3300 2163 Cuslestinus
3323 2119 3505 2164 autem

1933 2190 2126 2246 [toruae
2175 2192 2491 2263 episcopus,
2537 2204 2766 2264 propter
2811 2196 3185 2267 navigationis
3222 2198 3465 2268 pericula
3491 2238 3504 2260 ,

1933 2285 2050 2356 ipse
2078 2287 2290 2357 synodo
2312 2286 2504 2342 adesse
2529 2286 2859 2343 detrectavit
2882 2306 2896 2344 :
2922 2289 2991 2344 ad
3009 2289 3275 2361 Cyrillum
3298 2299 3503 2350 tamen.

1934 2386 1995 2432 ut
2038 2377 2224 2432 locum
2280 2377 2357 2432 ibi
2408 2392 2571 2433 suum
2626 2379 2925 2445 obtineret,
2973 2381 3217 2452 scripsit.
3264 2382 3343 2436 Ex
3397 2397 3508 2451 quo

1935 2478 2204 2539 tempore,
2236 2470 2378 2526 fama
2405 2480 2514 2537 est,
2550 2473 2768 2527 mitram
2796 2473 2947 2530 illum
2975 2483 3032 2529 et
3063 2490 3216 2544 papae
3266 2474 3507 2545 appella-

1934 2561 2165 2627 tionem,
2196 2573 2363 2633 atque
2392 2571 2454 2617 ut
2500 2564 2653 2619 orbis
2702 2565 2947 2620 universi
2973 2566 3144 2637 judex
3199 2567 3507 2638 appellare-

1900 2661 2048 2734 .tur,
2090 2655 2402 2724 accepisse;
2446 2671 2566 2723 qua:
2593 2655 2792 2711 deinde
2821 2657 3004 2712 omnia
3055 2672 3154 2727 per
3197 2659 3506 2713 successio-

1933 2760 2060 2799 nem
2114 2745 2180 2799 ad
2243 2760 2340 2802 eos
2407 2746 2576 2802 etiam
2630 2747 3030 2816 pervenerint,
3098 2745 3303 2816 quibus
3355 2757 3507 2802 sorte

1933 2836 2322 2893 Alexandrina:
2383 2837 2631 2893 ecclesiae
2678 2839 2912 2892 thronus
2964 2838 3206 2909 legitime
3250 2838 3508 2894 obvenis-

1935 2938 2041 2994 set,
2071 2945 2261 2987 sacros
2309 2931 2619 3001 episcopos.
2658 2931 2822 2987 Solus
2850 2932 3090 2988 Joannes
3129 2932 3509 2988 Antiochenus

1939 3018 2179 3075 antistes
2227 3033 2353 3074 cum
2395 3018 2769 3077 Orientalibus
2813 3020 2931 3076 suis
2991 3023 3302 3093 episcopis,
3348 3023 3509 3093 longe

1933 3112 2099 3167 etiam
2123 3122 2249 3181 post
2270 3112 2412 3167 diem
2445 3114 2839 3182 constitutum,
2869 3115 3083 3171 tardius
3133 3114 3290 3171 all‘uit
3330 3108 3369 3169 :‘
3397 3130 3506 3170 non

1934 3203 2115 3258 dedita
2145 3204 2237 3258 ille
2266 3220 2435 3274 opera
2468 3219 2736 3269 moratus,
2776 3207 2942 3261 sicuti
2984 3222 3043 3260 se
3080 3207 3333 3277 pluribus
3368 3221 3496 3261 ver-

1932 3295 2020 3351 bis
2051 3296 2335 3350 excusavit
2365 3312 2380 3348 :
2408 3296 2503 3351 sed
2556 3295 2706 3365 quod
2761 3305 2871 3351 tam
2919 3297 3180 3351 celeriter
3221 3298 3512 3367 episcopos

1934 3385 2028 3455 qui
2062 3386 2167 3441 sub
2195 3401 2264 3441 eo
2292 3396 2499 3450 essent,
2532 3402 2731 3457 cogere
2761 3403 2869 3442 non
2916 3389 3116 3457 potuit.
3153 3388 3322 3453 Magis
3361 3387 3507 3441 enim

1933 3477 2182 3531 locorum
2215 3476 2525 3531 intervallis
2550 3477 2782 3532 ditionis
2810 3478 2933 3547 ejus
2965 3479 3133 3531 urbes
3172 3476 3401 3539 distant,
3435 3477 3507 3530 ab

1934 3582 2000 3622 ea
2028 3582 2149 3636 qua:
2176 3567 2310 3621 olim
2362 3568 2586 3637 quidem
2641 3568 2932 3623 Antiochia
2978 3568 3078 3637 (Ι),
3128 3583 3276 3622 nunc
3322 3579 3504 3622 autem

1935 3660 2237 3730 Thcopolis
2265 3660 2410 3713 dicta
2441 3667 2549 3715 est.
2582 3658 2882 3715 Duodecim
2909 3675 3147 3729 namque
3177 3660 3391 3714 dierum
3424 3659 3512 3713 iti-

1934 3766 2088 3815 nere,
2122 3761 2177 3805 et
2204 3750 2389 3820 aliquo
2434 3763 2699 3821 praeterea
2732 3752 2951 3822 exiguo,
2991 3752 3199 3806 homini
3252 3753 3510 3822 expedito

1934 3852 1991 3897 et
2040 3842 2324 3897 succincte
2372 3842 2588 3897 absunt.
2637 3842 2775 3897 Tum
2822 3852 3002 3897 autem
3045 3842 3337 3898 Antiochia
3393 3845 3511 3913 ipsa

1937 3935 2154 4004 Epheso
2189 3935 2413 4005 triginta
2443 3934 2657 3989 dierum
2694 3937 2781 3990 via
2808 3936 3044 3990 maxime
3073 3937 3257 3990 distat.
3294 3935 3512 3990 Conlir.

1940 4027 2110 4080 mavit
2142 4027 2232 4081 ille
2254 4029 2451 4094 etiam,
2489 4028 2555 4082 ad
2587 4028 2935 4097 designatum
2968 4044 3027 4082 se
3061 4044 3172 4082 non
3213 4012 3521 4081 venturum,

1939 4118 2110 4174 fuisse
2162 4118 2330 4185 diem,
2387 4120 2433 4174 si
2493 4135 2633 4175 novo
2680 4120 2773 4189 qui
2833 4120 3037 4175 dicitur
3081 4119 3369 4175 Dominico
3424 4120 3512 4174 die

1937 4210 2157 4281 collega:
2206 4211 2289 4264 sui
2332 4210 2388 4265 in
2435 4213 2659 4268 sedibus
2698 4213 2815 4267 suis
2863 4228 2983 4267 esse
3032 4222 3510 4282 perseverassent.

1938 4303 2039 4359 Ubi
2070 4318 2201 4357 vero
2248 4312 2372 4373 post
2420 4303 2568 4358 diem
2612 4305 2977 4360 constitutum
3028 4305 3146 4359 dies
3192 4303 3513 4374 quindecim

1938 4395 2276 4464 praeteriere,
2329 4406 2387 4449 et
2426 4394 2806 4451 Antiochenus
2853 4396 3055 4467 prscsul
3111 4411 3220 4450 non
3267 4395 3512 4457 advenit.

266 4502 391 4547 σαν,
446 4486 660 4539 πολλῶν
701 4487 1019 4540 ἐπισκόπων
1064 4489 1238 4552 νόσοις
1276 4491 1373 4544 καὶ
1420 4489 1603 4554 ἄλλοις
1630 4492 1694 4561 δή
1726 4509 1836 4545 τισι

1942 4486 2210 4555 multique
2238 4487 2484 4557 episcopi
2521 4488 2731 4542 morbis
2761 4495 2817 4542 et
2866 4487 3131 4543 aerumnis
3165 4487 3290 4542 aliis
3340 4488 3512 4556 pressi

264 4578 609 4647 πιεζομένων
654 4579 865 4645 δεινοῖς,
898 4580 1172 4644 ἀλίζονται
1199 4586 1351 4654 κοινῇ
1372 4583 1539 4655 ψήφῳ
1572 4586 1712 4638 κατά
1741 4584 1838 4655 τὴν

262 4672 523 4739 εἰκοστὴν
551 4670 648 4725 τοῦ
691 4671 913 4725 Ἰουνίου
960 4672 1131 4742 μηνὸς
1178 4674 1472 4744 τριάκοντα
1519 4676 1613 4730 καὶ
1643 4677 1837 4731 ἑκατὸν

263 4766 581 4830 ἐπίσκοποι,
614 4763 726 4817 ἔτει
772 4765 870 4833 μὲν
901 4766 1011 4818 ἀπὸ
1042 4768 1274 4830 κτίσεως
1306 4766 1516 4837 κόσμου
1548 4785 1839 4823 πεντακισ-

264 4856 531 4927 χιλιοστῷ
553 4854 956 4925 έννακοσιοστῷ
989 4858 1492 4930 πεντεκαιδεκάτῳ,
1523 4859 1628 4911 ἀπὸ
1655 4859 1713 4911 δὲ
1740 4860 1881 4927 τῆςρ

1942 4585 2091 4642 sum,
2123 4576 2189 4631 de
2216 4579 2497 4633 communi
2521 4579 2797 4634 sententia
2826 4579 3097 4648 vigesimo
3128 4579 3335 4633 mensis
3359 4578 3512 4632 Junii

1942 4667 2031 4723 die
2082 4668 2328 4737 episcOpi
2377 4671 2692 4741 congregati
2743 4683 2872 4724 sunt
2920 4670 3146 4725 circiter
3197 4680 3416 4725 centum
3457 4680 3553 4722 et.

1944 4759 2198 4829 triginta,
2246 4776 2275 4814 a
2337 4760 2560 4815 condito
2621 4762 2828 4816 mundo
2878 4763 3173 4831 quinquies
3218 4754 3512 4814 millesimo

1942 4848 2420 4919 noningentesimo
2439 4850 2654 4905 decimo
2681 4852 2874 4920 quinto
2902 4851 2999 4922 (2),
3021 4852 3179 4921 513
3208 4867 3237 4905 ε
3268 4852 3512 4906 secunda
3556 4874 3567 4906 ί

261 4949 532 5018 δευτέρας
589 4951 810 5003 συνόδου
861 4948 982 5012 ἑνός
1033 4949 1187 5014 έτους
1237 4952 1335 5005 καὶ
1392 4950 1837 5017 τεσσαρακοστοιῖ

1934 4950 2124 5001 autem
2149 4942 2360 5012 synodo
2389 4943 2812 5014 quadragesimo
2833 4952 2890 4998 et
2914 4958 3025 4998 uno
3051 4960 3216 5011 anno,
3242 4951 3512 5013 praesente
3554 4948 3560 4985 3

264 5041 591 5102 διελθόντος·
663 5039 1027 5093 ’1ου6εναλίου
1084 5040 1352 5111 παρόντος
1403 5041 1497 5094 καὶ
1545 5041 1638 5094 τοῦ
1692 5039 1863 5094 θείουὲ

271 5126 575 5199 Κυρίλλου,
606 5128 705 5181 καὶ
727 5129 819 5181 τὸν
847 5128 1005 5180 τόκον
1033 5128 1318 5198 ἐπέχοντος
1339 5144 1354 5158 α
1389 5127 1712 5180 Κελεστίνευ
1746 5127 1857 5203 τοῦ.

268 5220 371 5291 τῆς
402 5220 783 5291 πρεσϐυτέρας
824 5220 1042 5291 Ῥώμης
1090 5221 1182 5273 τὸν
1229 5219 1436 5289 θρόνον,
1466 5219 1543 5283 rb;
1598 5221 1840 5291 είρηται,

273 5311 734 5384 πρυτανεύοντος.
784 5311 897 5368 Καὶ
952 5310 1092 5365 κατά
1142 5311 1240 5384 μὲν
1269 5312 1367 5382 τὴν
1399 5310 1624 5382 πρώτην
1659 5311 1843 5382 παρῆν

272 5405 374 5459 καὶ⁹
403 5402 722 5472 Νεστόριος.
773 5405 908 5458 Kal“
933 5404 1056 5457 ἐπεὶ
1094 5405 1394 5457 ἀνεκινεῖτο
1426 5402 1486 5457 τὸ
1523 5401 1644 5457 κατ’
1679 5403 1843 5457 αὐτὸν
1880 5456 1886 5481 Ι

270 5496 519 5568 ζήτημα»
562 5494 827 5567 Κύριλλος
861 5495 890 5548 ὁ
926 5496 1025 5566 τῆς
1051 5493 1400 5566 Ἀλεξάνδρον
1424 5495 1690 5563 γενναίως
1714 5493 1844 5565 βάλ-

347 5629 1215 5700 (1)ιυειίιιῐιιηυεἈηιίοοὶιίιιτη
1275 5637 1400 5698 post
1465 5638 1840 5686 terraemotum

275 5705 644 5770 aoSpicntiore
682 5703 902 5756 nomine
938 5702 1257 5770 Theopolim
1293 5700 1531 5754 vocavit.

347 5772 425 5842 (2)
460 5770 777 5827 Secundqu
827 5772 1132 5827 neotericos
1179 5770 1318 5825 4412
1340 5812 1353 5837 ,
1404 5770 1498 5837 qui
1532 5771 1587 5825 in
1618 5780 1865 5833 compu-'

972 6003 1017 6028 η

1917 5016 2193 5107 ξιιιινειιειί
2226 5041 2282 5086 et
2310 5034 2511 5101 .diviuo
2563 5033 2791 5105 Cyrillo,
2827 5034 2919 5103 qui
2982 5035 3269 5091 (Itelestini
3330 5038 3511 5091 locum
3550 5056 3557 5103 ς

1944 5125 2142 5188 tenuit,
2166 5126 2415 5181 seniores
2446 5126 2632 5181 Romae
2678 5126 3051 5198 (utdiximus)
3097 5129 3363 5199 episcopi.
3414 5130 3514 5184 Die

1944 5215 2126 5285 primo
2162 5214 2450 5271 Nestorius
2476 5216 2643 5271 etiam
2677 5227 2879 5287 praesto
2910 5217 3039 5273 fuit.
3088 5220 3266 5290 Atque
3316 5218 3408 5272 ubi
3444 5218 3512 5271 de
3546 5212 3551 5285 ᾖ

1944 5306 2249 5379 quaestione
2278 5309 2399 5378 ejus
2419 5309 2502 5380 agi
2534 5320 2775 5379 coeptum
2802 5320 2906 5377 est,
2938 5310 3173 5383 Cyrillus
3192 5308 3517 5365 Alexandri.

1943 5413 2050 5454 nus
2095 5398 2151 5453 in
2203 5399 2380 5469 prima
2420 5398 2743 5457 velitatione
2786 5401 2968 5472 iacula
3010 5400 3235 5456 fortiter
3274 5401 3512 5470 jaciens,

1942 5488 2258 5547 Nestorium
2311 5488 2609 5547 admodum
2664 5491 3014 5563 perstrinxit.
3087 5488 3287 5565 Hostili
3364 5492 3512 5546 enim

1946 5633 2151 5690 latione
2194 5648 2458 5688 annorum
2495 5632 2751 5689 secunda;
2780 5641 2837 5687 et
2870 5632 3045 5704 tertia:
3089 5631 3301 5704 synodo
3338 5633 3516 5687 inter-

1944 5703 2254 5784 cedentium
2302 5719 2427 5760 cum
2475 5704 2579 5759 bac
2624 5718 2847 5774 quoque
2900 5703 3132 5759 ratione
3154 5719 3263 5760 non
3313 5719 3518 5758 convc-
