3910 6218
314 1532 319 1537 ς
409 1511 532 1551 cum
586 1497 697 1554 illis
749 1502 1047 1557 convenire
1093 1505 1293 1561 solitus
1343 1505 1450 1559 fuit

406 268 536 335 1171

1625 279 2050 349 NICEPHORI
2083 284 2427 379 mmsis

3531 280 3673 359 1112

403 384 727 455 jamdudum
758 405 892 464 erga
920 409 1046 451 eum
1078 402 1196 452 erat
1221 380 1428 452 animo.
1461 398 1547 463 Et,
1575 415 1713 457 cum.
1752 400 1981 458 Christo

2085 406 2194 462 λων
2230 410 2347 471 τοῖς
2379 398 2826 479 ἀκροϐολισμοῖς,
2857 395 3070 462 ἐκείνου
3125 404 3272 476 μάλα
3301 408 3633 479 καθήπτετο
3653 428 3670 444 ·

404 484 691 539 sententiis
715 487 833 543 suis
859 488 1205 547 divinitatem
1232 489 1388 546 multi
1414 491 1743 559 tribuerent,
1780 507 1979 547 unum-

405 591 514 641 que
545 585 602 631 et
630 579 884 633 eumdem
910 595 1030 635 esse
1060 581 1282 646 Filium,
1313 597 1378 637 ex
1407 582 1568 638 Patre
1597 583 1820 653 quidem
1851 591 1978 639 ante

406 668 608 722 saecula
661 669 927 740 genitum,
979 673 1250 727 extremis
1297 682 1480 729 autem
1531 676 1872 745 temporibus
1910 690 1980 729 ex

413 769 678 829 perpetua
709 761 935 831 Virgine
993 764 1271 819 hominem
1313 765 1540 831 factum,
1589 782 1767 836 neque
1809 767 1979 822 alium

407 860 572 922 atque
594 852 782 917 alium,
810 853 907 908 sed
934 867 1103 909 unum
1132 866 1296 927 atque
1323 858 1604 924 eumdem,
1629 868 1685 914 et
1712 855 1985 929 virginem

409 944 633 999 Mariam
671 947 895 1017 pr0prie
938 957 992 1004 et
1019 965 1143 1005 vere
1179 950 1445 1006 Θεοτόκον
1495 952 1591 1007 Dei
1640 953 1978 1012 Genitricem

407 1036 696 1092 dicendam
746 1054 868 1095 esse
916 1052 1254 1110 asscrerent,
1284 1046 1576 1116 assurgens
1625 1046 1916 1104 Nestorius
1961 1066 1977 1104 :

413 1147 431 1180 ι
493 1127 628 1199 Ego,
659 1129 879 1199 ﬁinquit,
913 1132 1231 1189 bimestrem
1268 1136 1508 1206 aliquem
1555 1147 1613 1192 et
1645 1139 1979 1194 trimestrem

405 1217 577 1274 Deum
608 1236 721 1275 non
753 1224 1009 1279 dixerim.
1040 1225 1273 1281 Proinde
1308 1242 1479 1297 purus
1500 1241 1620 1283 sum
1651 1243 1682 1282 ο
1713 1230 1979 1300 sanguine

405 1321 612 1376 vestro,
642 1321 699 1369 et
719 1312 956 1385 amplius
983 1318 1048 1371 ad
1080 1333 1180 1373 vos
1211 1332 1319 1373 non
1345 1319 1581 1374 veniam.
1624 1339 1643 1372 ι
1670 1319 1767 1375 llis
1792 1320 1978 1376 verbis

408 1403 592 1464 dictis.
617 1420 743 1461 cum
772 1422 867 1462 sex
893 1409 1169 1480 episc0pis
1200 1426 1455 1482 egressus
1487 1422 1593 1476 est,
1634 1421 1689 1467 et
1715 1407 1981 1483 dein'ceps

1507 1523 1523 1561 :
1574 1501 1697 1563 aliis
1761 1523 1981 1578 quoque

407 1592 728 1661 assumptis,
776 1593 870 1663 qui
917 1610 1140 1665 pravam
1197 1595 1320 1667 ejus
1371 1596 1531 1653 iidem
1581 1600 1977 1669 sequebantur.

407 1686 490 1738 ita
525 1686 767 1756 synodus
813 1687 1078 1759 deinceps
1133 1689 1188 1745 in
1244 1700 1437 1758 partes
1480 1692 1617 1746 duas
1654 1692 1831 1747 divisa
1871 1705 1975 1747 est.

409 1775 668 1847 Cyrillus,
713 1788 770 1834 et
810 1782 906 1851 qui
939 1797 1063 1837 cum
1100 1797 1165 1838 eo
1199 1778 1377 1847 erant,
1431 1784 1697 1852 postridie
1743 1787 1980 1841 concilio

408 1881 624 1936 coacto,
646 1879 704 1926 ut
733 1887 852 1929 mos
879 1885 980 1934 est.
1013 1874 1190 1927 tribus
1211 1875 1484 1945 episcopis
1516 1876 1723 1941 missis,
1776 1876 1979 1931 Nesto-

411 1962 556 2016 rium
600 1975 663 2019 ut
715 1963 772 2019 in
820 1974 1155 2021 conventum
1204 1967 1418 2023 veniret
1470 1968 1731 2023 citarunt.
1772 1968 1870 2023 Ille
1925 1968 1979 2023 id

411 2055 745 2125 contempsit
776 2064 833 2111 et
873 2057 1298 2130 haudquaquam
1344 2061 1679 2130 comparuit,
1710 2060 1978 2131 synodum

412 2146 467 2199 in
504 2147 831 2203 Antiocheni
901 2151 1146 2221 ep‘scopi
1234 2152 1529 2207 adventum
1580 2152 1862 2209 differens.
1911 2153 1981 2211 Ut

412 2249 598 2294 autem
630 2239 722 2294 ille
757 2240 959 2297 iterum
987 2252 1153 2312 atque
1185 2245 1351 2300 tertio
1380 2253 1625 2309 vocatus,
1656 2260 1979 2314 responsum

412 2327 652 2391 nullum,
709 2343 819 2397 quo
866 2345 925 2385 se
981 2330 1325 2399 defenderet,
1382 2333 1553 2398 dedit,
1606 2344 1662 2389 et
1716 2336 1982 2391 conviciis

411 2429 576 2488 atque
613 2422 965 2477 contumeliis
996 2438 1092 2478 eos
1120 2424 1219 2493 qui
1242 2426 1310 2479 ad
1338 2441 1397 2480 se
1434 2426 1584 2481 missi
1625 2435 1785 2482 erant
1820 2428 1983 2482 remi-

412 2512 485 2565 sit
518 2526 533 2564 :
574 2511 816 2581 synodus
846 2521 1033 2569 saneta
1065 2524 1436 2572 trecentorum
1467 2519 1683 2573 illorum
1706 2529 1760 2575 et
1793 2522 1979 2579 decem

415 2611 542 2656 octo
572 2602 885 2659 divinorum
918 2606 1145 2661 Patrum
1177 2606 1484 2678 symbolum
1528 2610 1584 2664 in
1627 2611 1889 2684 medium.
1925 2620 1981 2668 et

413 2693 603 2764 Cyrilli
646 2703 811 2766 atque
866 2696 1133 2766 Nestorii,
1188 2714 1327 2770 quas
1387 2700 1543 2757 ultro
1609 2702 1859 2772 citroque
1912 2704 1981 2758 de

413 2788 668 2855 dogmate
693 2787 958 2843 dederant
981 2790 1213 2857 litteras,
1242 2806 1452 2847 sacram
1479 2792 1608 2846 item
1635 2792 1781 2848 illam
1805 2793 1984 2851 Coale-

414 2877 547 2931 stini
580 2879 647 2933 ad
681 2878 861 2949 ipsum
893 2879 1208 2937 Nestorium
1239 2884 1500 2953 scriptam
1533 2884 1823 2954 epistolam
1856 2901 1984 2955 pro-

414 2973 559 3026 tulit.
592 2974 770 3043 Atque
805 2974 896 3028 ubi
938 2974 1261 3031 Theodotus
1312 2975 1635 3047 Ancyranus
1676 2985 1734 3031 et
1778 2975 1982 3032 Meliti-
2008 3012 2023 3027 ι

2082 500 2176 552 καὶ
2196 501 2306 569 γὰρ
2328 500 2584 571 ἀπεχθῶς
2607 500 2743 571 πρὸς
2763 501 2927 555 αὑτὸν
2953 504 3017 556 ὲκ
3049 500 3247 556 πολλοῦ
3275 497 3414 571 εἶχε.
3446 501 3678 556 Πολλῶν

2080 590 2137 643 δὲ
2167 591 2258 645 τὸν
2281 572 2525 661 Χριστὸν
2549 589 2968 660 θεολογούντων.
3004 593 3104 647 καὶ
3133 592 3231 646 ενα
3257 592 3352 646 καὶ
3379 592 3480 645 τον
3506 591 3676 643 αὑτὸν

2080 679 2223 736 εἶναι
2258 683 2408 746 Υίδν,
2439 683 2532 737 τὸν
2567 685 2631 737 ικ
2654 678 2870 754 ηατρὸς
2891 685 2995 754 μέν
3018 684 3125 754 πρὸ
3150 684 3370 737 αἰώνων
3394 684 3671 753 πρότερον

2080 772 2434 843 γεννηθέντα,
2461 774 2557 826 καὶ
2587 772 2677 826 ἐπ’
2706 773 2954 843 ἐσχάτων
2981 774 3037 826 δὲ
3071 772 3178 827 τῶν
3204 775 3446 844 χρόνων,
3477 775 3543 826 ἐκ
3566 773 3664 843 τῆς

2093 854 2486 935 ’Ἀειπαρθένου
2526 862 2822 933 γενόμενον
2871 863 3183 935 ἄνθρωπον,
3239 865 3338 917 καὶ
3366 866 3471 917 οὐκ
3502 863 3663 917 ἄλλον

2082 955 2179 1010 καὶ
2204 954 2384 1021 ἀλλον,
2426 955 2519 1008 καὶ
2577 950 2847 1009 Θεοτόκον
2893 954 3104 1025 κυρίως
3145 955 3245 1009 καὶ
3296 952 3518 1025 ἀληθῶς
3567 955 3664 1025 τὴν

2083 1045 2354 1116 παρθένον
2397 1045 2624 1115 Μαρίαν
2658 1046 3124 1116 ἀποφηναμένων,
3168 1044 3364 1115 παρὼν
3401 1046 3434 1098 δ
3460 1044 3665 1099 Νεστό-

2084 1152 2227 1207 ριος,
2270 1155 2293 1189 ε
2333 1135 2496 1205 Ἐγὼ,
2530 1137 2689 1207 φησὶ,
2742 1137 2835 1191 τὸν
2873 1137 3172 1207 γενόμενον
3202 1137 3524 1207 διμηνιαῐον
3567 1137 3659 1191 καὶ

2081 1231 2425 1300 τριμηνιαῐον
2462 1228 2563 1282 οόκ
2591 1229 2656 1283 ἂν
2685 1228 2818 1282 Θεὸν
2854 1228 3220 1300 ὀνομάσαιμιο
3252 1230 3355 1283 καὶ
3381 1230 3475 1281 διὰ
3503 1229 3662 1281 τοῦτο

2083 1318 2323 1389 καθαρός
2354 1321 2471 1388 εἰμι
2521 1319 2632 1373 ἀπὸ
2661 1318 2755 1372 τοῦ
2786 1318 3018 1388 αἵματος
3057 1320 3247 1389 ὑμῶν’
3283 1321 3383 1374 καὶ
3417 1322 3528 1373 ἀπὸ
3564 1319 3660 1372 τοῦ

2083 1409 2179 1463 νῦν
2218 1411 2353 1481 πρὸς
2387 1412 2533 1481 ὑμᾶς
2563 1411 2665 1465 οὐκ
2692 1412 3007 1480 ἐλεύσομαι,
3046 1430 3068 1464 ι
3103 1410 3269 1464 Ταῦτ’
3295 1411 3492 1473 είπὼν,
3525 1414 3664 1481 μετὰ

2083 1504 2143 1571 ἓξ
2180 1505 2497 1558 ἐπισκόπων
2552 1503 2768 1573 ἐξῆλθε,
2814 1505 2909 1556 καὶ
2948 1503 3043 1557 τοῦ
3092 1503 3286 1557 λοιποῦ
3323 1504 3445 1573 μετ’
3480 1504 3665 1558 αὐτῶν

2085 1596 2493 1667 συνηθροίζετο,
2526 1598 2620 1652 καὶ
2657 1596 2852 1660 ἄλλους
2903 1595 3294 1665 προσειληφὼς
3335 1598 3404 1667 τῇ
3449 1597 3662 1649 ἐκείνου

2083 1690 2418 1760 κακοπιστίᾳ
2473 1688 2867 1758 ἑφεπομένους.
2936 1691 3048 1743 Καὶ
3111 1689 3240 1757 διχῆ
3277 1687 3341 1741 τὸ
3390 1688 3586 1743 λοιπον
3632 1688 3666 1757 ἡ

2012 1769 2052 1823 Β
2083 1782 2299 1845 σύνοδος
2329 1782 2584 1852 διῃρείτο.
2620 1782 2682 1835 Οί
2710 1781 2767 1834 δὲ
2795 1781 2923 1850 περὶ
2957 1780 3231 1851 Κύριλλον
3269 1782 3340 1850 τῇ
3369 1779 3503 1847 ἑξῆς
3534 1796 3667 1832 cavo

2084 1875 2263 1944 έδριον
2316 1872 2701 1942 ποιησάμενοι,
2733 1871 2806 1934 ὡς
2834 1870 2978 1935 ἔθος,
3014 1873 3165 1942 τρεῖς
3199 1871 3313 1923 τῶν
3340 1870 3667 1924 ἐπισκόπων

2080 1964 2543 2035 διαπεμψάμενοι,
2598 1963 3013 2033 μετεστέλλοντο
3061 1961 3358 2031 Νεστόριον
3401 1963 3484 2023 είς
3549 1962 3657 2030 τὴν

2084 2057 2303 2111 σύνοδον
2351 2056 2623 2126 ἀπαντᾷν.
2658 2055 2727 2108 '0
2754 2054 2813 2108 δὲ
2844 2051 3222 2123 κατωλιγώρει
3268 2053 3359 2106 καὶ
3394 2053 3655 2122 οὓδαμῶς

2083 2148 2434 2218 παρεγίνετο,
2490 2146 2839 2216 μετεωρίζων
2879 2144 2979 2215 τὴν
3025 2143 3249 2201 σύνοδον
3305 2146 3382 2207 είς
3429 2145 3530 2214 τὴν
3559 2145 3659 2197 τοῖι

2094 2240 2425 2311 Ἀντιοχείας
2453 2238 2613 2309 δῆθεν
2636 2239 2940 2293 ὲπέλευσιν.
2976 2237 3061 2300 Ὠς
3097 2236 3156 2291 δὲ
3182 2238 3279 2291 καὶ
3306 2237 3389 2300 δὶς
3420 2239 3517 2290 καὶ
3541 2238 3661 2306 τρὶς

2083 2331 2327 2402 κληθεὶς,
2358 2330 2515 2384 οὐδὲν
2567 2331 2666 2400 μὲν
2697 2330 2836 2401 προς
2882 2328 3187 2396 ἀπολογίαν
3228 2328 3431 2392 ὲδίᾶλυ,
3472 2327 3654 2399 cxiii:-

2087 2443 2221 2496 μασι
2261 2425 2436 2483 δὲκαὶ
2471 2425 2718 2495 ἀτιμίαις
2752 2425 3001 2488 καὶτοὺς
3027 2423 3441 2485 ἀποσταλέντας
3485 2421 3665 2474 ὀπίσω

2082 2520 2433 2588 ἀνέπεμπεν
2463 2520 2497 2589 ἡ
2547 2518 2679 2586 ἁγία
2724 2516 2943 2581 σύνοδος
2974 2518 3033 2569 τὸ
3062 2515 3175 2569 τῶν
3202 2515 3545 2582 τριακοσίων
3575 2514 3663 2566 δε-

2082 2608 2302 2664 καοκτὼ
2326 2608 2605 2679 θεοφὸρων
2658 2609 2919 2677 Πατέρων
2966 2606 3236 2676 σύμϐολον
3288 2605 3545 2675 προῆγεν
3583 2607 3663 2667 εἰς

2085 2702 2273 2773 μέσον,
2303 2701 2396 2755 καὶ
2422 2701 2520 2762 τὰς
2544 2699 3119 2770 ὲπιστολάςΚυρίλλου
3145 2700 3239 2752 καὶ
3267 2699 3575 2769 Νεστορίου
3597 2698 3664 2760 ἃς

2085 2791 2334 2860 ἀλλήλοις
2359 2791 2490 2861 περὶ
2514 2788 2609 2855 τοῦ
2632 2788 2903 2861 δόγματος
2936 2789 3307 2861 διεπέμποντο
3324 2804 3340 2820 ο
3373 2787 3459 2840 ιτι
3481 2787 3541 2838 δὲ
3568 2786 3666 2837 καὶ

2082 2884 2184 2955 τὴν
2230 2882 2381 2954 ἱεράν
2434 2883 2651 2953 ἐκείνην
2678 2881 2771 2936 τοῦ
2809 2881 3136 2935 Κελεστίνου
3190 2879 3489 2949 επιστολὴν
3524 2880 3664 2948 πρὸς

2085 2976 2248 3032 αὐτὸν
2282 2976 2602 3048 Νεστόριον.
2648 2974 3018 3030 Ἐπιιπόντων
3064 2974 3121 3028 δὲ
3169 2972 3264 3026 τοῦ
3308 2990 3368 3025 τε
3400 2972 3664 3025 Θεοδότου

414 3062 605 3116 neusis
656 3062 891 3119 Aeacius
945 3063 1263 3133 blasphema
1315 3064 1434 3134 ejus
1491 3064 1655 3119 verba
1691 3107 1705 3131 ,
1777 3065 1982 3135 quibus

2098 3064 2369 3135 Ἀγκύρας
2393 3065 2487 3118 καὶ
2518 3064 2612 3117 τοῦ
2637 3066 2735 3132 τῆς
2762 3063 3056 3132 Μελιτινῆς
3097 3063 3355 3116 Ἀκακίου
3387 3064 3484 3115 καὶ
3518 3063 3667 3131 άπερ

416 3163 606 3223 aperte
648 3155 850 3222 Ephesi
916 3156 1107 3212 multis
1162 3156 1529 3225 praesentibus
1581 3171 1716 3213 usus
1776 3157 1978 3222 fuerat,

418 3246 762 3308 indicavere,
811 3255 867 3302 et
930 3249 1113 3303 multm
1167 3248 1495 3304 eximiorum
1546 3258 1603 3304 et
1663 3259 1980 3305 sanctorbm

416 3337 669 3392 virorum
727 3352 890 3393 voces
928 3339 1151 3405 auditae,
1201 3339 1538 3410 insuperque
1588 3340 1696 3395 alia
1742 3339 1982 3396 Nestorii

418 3430 584 3498 impie
613 3429 754 3486 dicta
781 3438 1040 3500 congesta
1072 3439 1220 3495 sunt,
1265 3430 1493 3511 impium
1534 3431 1690 3487 illum
1722 3443 1987 3488 exaucto-

414 3521 576 3586 ravit,
613 3520 881 3576 sententia
910 3520 1062 3576 hisce
1092 3520 1276 3576 verbis
1301 3532 1597 3592 concepta:
1632 3522 1794 3595 51E.
1819 3523 1984 3579 «Cum

417 3622 618 3683 praeter
663 3611 771 3667 alia
840 3611 1341 3666 reverendissimus
1412 3611 1741 3678 Nestorius,
1802 3627 1984 3682 neque

415 3703 690 3759 vocationi
731 3712 938 3759 nostra:
967 3702 1201 3757 audiens
1245 3718 1370 3759 esse
1407 3703 1668 3769 voluerit,
1716 3718 1900 3773 neque
1952 3718 1985 3758 a

417 3794 579 3850 nobis
616 3794 817 3851 missos
860 3794 1238 3850 sanctissimos
1267 3803 1324 3849 et
1373 3794 1652 3863 piissimos
1690 3795 1986 3865 episcopos

418 3886 729 3952 admiserit,
759 3886 1073 3942 necessario
1097 3900 1161 3942 eo
1185 3886 1592 3952 descendimus,
1620 3892 1679 3939 ut
1704 3886 1772 3942 de
1796 3884 1988 3955 impie-

418 3987 531 4034 tate
561 3979 680 4051 ejus
709 3978 1141 4049 inquireremns.
1194 3978 1260 4050 Et
1290 3976 1548 4044 quoniam
1578 3992 1704 4032 cum
1742 3991 1811 4032 ex
1866 3976 1985 4046 epi-

416 4073 572 4129 stolis
600 4080 656 4129 et
684 4072 909 4143 scriptis
940 4076 1081 4142 ejus,
1114 4086 1237 4141 qua;
1261 4070 1402 4125 lecta
1424 4069 1586 4124 etiam
1611 4078 1741 4125 sunt
1771 4086 1786 4123 :
1819 4078 1986 4139 atque

418 4166 550 4219 item
583 4178 653 4218 ex
672 4163 879 4225 verbis.
909 4161 1114 4231 quibus
1138 4162 1196 4216 in
1220 4161 1643 4229 metropolitano
1702 4160 1807 4216 hac
1852 4160 1986 4216 urbe

420 4269 553 4310 usus
580 4260 665 4308 est
689 4271 703 4308 :
734 4263 849 4308 tum
880 4269 945 4308 ex
977 4253 1200 4308 testium
1231 4251 1416 4317 dictis,
1445 4251 1611 4322 impie
1634 4267 1760 4307 eum
1778 4261 1835 4307 et
1858 4265 1986 4307 sen-

420 4348 525 4400 tire
562 4352 620 4401 et
652 4344 853 4400 docere
889 4341 1358 4414 deprehendimus
1395 4359 1410 4397 :
1459 4344 1787 4399 necessitate
1822 4342 1985 4399 nobis

2089 3155 2374 3226 παῤῥησίᾳ
2428 3148 2640 3209 πολλῶν
2686 3156 2781 3209 ἐπὶ
2810 3155 2907 3225 τῆς
2957 3154 3224 3225 Ἐφεσίων
3256 3155 3665 3224 ἐϐλασφήμησε

2088 3245 2498 3318 μητροπόλεως,
2531 3248 2627 3302 καὶ
2657 3248 2859 3319 ἑτέρων
2887 3247 2945 3301 δὲ
2981 3248 3195 3303 πολλῶν
3219 3248 3438 3318 ῥήσεων
3468 3247 3666 3315 ἔπαιρε.

2083 3355 2193 3393 των
2231 3340 2404 3405 ἁγίων
2431 3338 2795 3410 ύφανθεισῶν,
2830 3342 2921 3394 ναὶ
2950 3341 3059 3411 μὴν
3113 3343 3207 3395 καὶ
3238 3340 3422 3394 ἄλλων
3453 3343 3524 3394 ἐκ
3558 3342 3664 3395 τῶν

2084 3430 2384 3502 Νεστορίου
2419 3430 2787 3502 βλασφημιῶν
2844 3433 3331 3503 ὲπισωρευθέντων
3366 3432 3661 3500 ῥημάτων,

2084 3521 2119 3592 ἡ
2151 3520 2272 3575 θεία
2320 3521 2541 3584 σύνοδος
2578 3521 2798 3576 καθεῖλε
2833 3520 2925 3573 τὸν
2982 3520 3241 3589 δυσσεϐῆ,
3286 3519 3417 3574 τάδε
3444 3518 3665 3583 λέξεσιν

2085 3600 2278 3676 αὐταῖς
2304 3613 2427 3667 κατ’
2460 3611 2626 3666 αὐτοῦ
2684 3611 3039 3682 ἀποφήνασασ
3083 3629 3103 3663 ι
3134 3610 3280 3680 ῐίρὲς
3322 3612 3439 3672 τοῖς
3477 3609 3663 3670 ἄλλοις

2088 3708 2228 3780 μήτε
2261 3705 2571 3761 ὑπακοῦσαι
2603 3703 2957 3774 βουληθέντος
2976 3702 3072 3757 τοῦ
3097 3703 3436 3773 τιμιωτάτου
3455 3701 3665 3754 Necte-

2087 3799 2207 3871 ρίου
2251 3799 2321 3867 τῇ
2350 3795 2511 3866 ἡμῶν
2557 3794 2773 3864 κλήσει,
2806 3794 2945 3864 μήτε
2998 3794 3107 3862 μὴν
3146 3795 3275 3855 τοὺς
3329 3791 3465 3863 παρ’
3502 3790 3661 3862 ἡμῶν

2085 3884 2491 3948 ἀποσταλέντας
2536 3882 2878 3952 ἀγιωτάτους
2911 3881 3008 3937 καὶ
3040 3881 3497 3944 θεοσεϐεστάτους
3538 3883 3662 3958 επι-

2088 3974 2323 4037 σκδπους
2351 3972 2814 4044 προσδεξαμένου,
2830 3971 3146 4040 ἀναγκαίως
3173 3971 3547 4041 ὲχωρήσαμεν
3570 3970 3663 4023 ἰπὶ

2029 4056 2055 4068 λ
2083 4065 2183 4138 τὴν
2214 4065 2464 4132 ἐξέτασιν
2495 4066 2606 4120 τῶν
2635 4064 3077 4136 δυσσεϐηθέντων
3126 4064 3280 4135 αὐτῷ
3300 4081 3315 4096 ·
3339 4064 3438 4116 καὶ
3474 4063 3665 4132 φωρά-

2087 4175 2279 4222 σαντες
2318 4159 2483 4214 αὐτὸν
2515 4157 2579 4212 ἐκ
2629 4175 2691 4213 τε
2716 4157 2825 4210 τῶν
2881 4155 3181 4210 επιστολῶν
3209 4155 3379 4213 αὐτοῦ
3427 4156 3527 4209 καὶ
3552 4154 3663 4207 τῶν

2089 4249 2543 4322 συγγραμμάτων
2598 4249 2709 4303 τῶν
2764 4247 2858 4303 καὶ
2907 4247 3395 4318 ἀναγνωσθέντων,
3453 4248 3523 4300 ἔκ
3554 4246 3664 4299 τῶν

2084 4341 2288 4412 ἀρτίως
2316 4343 2447 4413 παρ’
2469 4339 2636 4395 αὐτοῦ
2666 4339 2941 4412 ῥηθέντων
2970 4342 3113 4395 κατά
3145 4340 3307 4412 τήνδε
3326 4340 3427 4408 τὴν
3456 4340 3662 4410 μητρόο

418 4457 446 4491 :I
485 4437 836 4503 canonibus,
895 4444 951 4492 et
1007 4435 1344 4493 sanctissimi
1409 4435 1587 4491 Patris
1650 4436 1982 4505 collegaeque

2088 4433 2264 4500 πολιν,
2290 4433 2384 4489 καὶ
2411 4434 2551 4505 πρὸς
2602 4433 3062 4504 μαρτνρηθέντων
3090 4430 3372 4496 δυσσεϐῶς
3403 4431 3661 4501 φρονοῦν-

416 4530 590 4585 nostri
630 4529 863 4585 Romani
896 4528 1157 4585 Ecclesia:
1194 4526 1440 4598 episcopi
1493 4526 1749 4597 epistola,
1805 4526 1985 4597 impo-

419 4623 545 4690 sita,
575 4622 671 4679 diu
693 4621 1039 4693 multumque
1070 4620 1456 4692 lacrymantes,
1482 4618 1551 4674 ad
1585 4620 1796 4675 tristem
1836 4618 1978 4675 hanc

420 4716 773 4786 pervenimus
806 4714 1155 4772 sententiam.
1184 4713 1289 4781 Qui
1331 4711 1501 4784 igitur
1526 4710 1596 4766 ab
1624 4725 1691 4766 eo
1722 4709 1981 4779 blasphe-

420 4807 547 4863 uniis
576 4808 850 4879 expetitus
874 4817 979 4873 est,
1008 4807 1277 4863 Dominus
1303 4812 1495 4861 noster
1518 4803 1679 4860 Iesus
1705 4800 1982 4867 Christus,

417 4913 517 4968 per
545 4908 872 4970 prasentem
896 4910 1145 4957 sanctam
1176 4899 1446 4972 synodum
1476 4898 1745 4965 decrevit,
1779 4894 1983 4952 Nesto-

420 4992 562 5047 rium
588 5007 619 5048 a
645 4992 910 5063 dignitate
939 4992 1264 5065 episcopali,
1284 5002 1342 5049 et
1362 4990 1691 5050 sacerdotali
1710 4995 1987 5047 conventu

418 5086 566 5140 omni
597 5101 719 5142 esse
748 5086 1009 5142 alienum.
1046 5105 1065 5138 ι

2088 4544 2160 4583 τα
2187 4527 2283 4581 καὶ
2329 4526 2697 4597 κηρύττοντά,
2729 4525 3048 4593 ἀναγκαίως
3070 4523 3529 4592 κατεπειχθέντες
3553 4521 3659 4575 ἀπό

2088 4638 2149 4674 τε
2178 4619 2286 4675 τῶν
2312 4620 2578 4685 κανόνων,
2607 4620 2704 4674 καὶ
2728 4618 2828 4688 τῆς
2874 4616 3170 4687 ἐπιστολῆς
3215 4615 3316 4670 τοῦ
3346 4615 3654 4683 ἀγιωτάτου

2088 4714 2304 4784 Πατρὸς
2332 4712 2493 4785 ἡμῶν
2524 4712 2619 4767 xui.
2649 4710 3068 4780 συλλειτουργοῦ
3098 4709 3195 4764 τοῦ
3225 4709 3533 4763 ὶπισκόπου
3556 4708 3656 4776 τῆς

2105 4804 2394 4876 Ῥωμαίων
2431 4803 2781 4875 Ἐκκλησίας,
2831 4803 3204 4873 δακρύσαντες
3250 4800 3539 4864 πολλάκις,
3564 4800 3653 4852 επὶ

2091 4901 2298 4968 ταύτην
2322 4899 2421 4971 τὴν
2453 4897 2788 4969 σκυθρωπὴν
2834 4897 3201 4968 ἐχωρήσαμεν
3252 4896 3554 4964 ἀπόφασιν.
3592 4891 3652 4945 '0

2095 4989 2514 5063 βλασφημηθεὶς
2541 4990 2723 5043 τοίνυν
2754 4990 2883 5061 παρ’
2923 4989 3089 5043 αὐτοῦ
3130 4987 3334 5059 Κύριος
3364 4985 3523 5057 ἡμῶν
3557 4983 3654 5050 Ὶηο

2098 5077 2227 5142 σοῦς
2256 5079 2489 5151 Χριστὸς
2515 5078 2686 5151 ὥρισε
2728 5078 2816 5132 διὰ
2840 5079 2939 5149 τῆς
2976 5077 3266 5150 παρούσης
3309 5077 3472 5145 ἁγίας
3502 5073 3652 5127 συνό-

418 5185 509 5237 δου
543 5184 826 5255 ἀλλότριον
852 5180 1107 5241 ιῐναιτὸν
1145 5184 1310 5241 αὐτὸν
1337 5181 1632 5255 Νεστόριον
1660 5179 1753 5236 τοῦ
1816 5195 1878 5234 τε
1944 5176 2308 5233 ἑπισκοπικοῦ
2366 5175 2685 5248 ἀξιώματος
2754 5175 2851 5230 καὶ
2879 5174 3079 5238 παντὸς
3124 5173 3385 5244 συλλόγου
3451 5174 3648 5245 ἱερατι-

419 5276 536 5331 κοῦ.
572 5295 594 5330 ι

1997 5474 2067 5493 ‘—
