3910 6218
413 230 550 297 1175

1637 260 2056 328 NICEPIIORI
2075 237 2429 336 ‘CALLISTI

3527 284 3669 348 ῙΓῖϐ

405 342 615 412 tirent,
662 359 776 406 tum
832 361 1064 426 uterque
1117 358 1284 414 latam
1337 361 1607 424 adversus
1645 371 1956 430 .Nestoriun

2081 383 2137 436 δὲ
2168 387 2330 450 γνοὺς
2377 387 2478 458 τὴν
2525 388 2814 442 κοινωνίαν
2852 391 2936 452 εἰς
2973 389 3309 460 φιλονεικίαν
3343 397 3663 463 προϐἇσιν,

402 445 872 502 exauctorationis
911 451 1239 506 sententiam
1265 457 1637 524 conﬁrmaret,
1668 472 1724 518 et
1744 465 1974 522 dissidio

401 532 552 586 omni
585 535 844 590 ecclesias
893 539 988 593 Dei
1031 541 1315 600 liberaret.
1350 549 1521 604 Porro
1556 553 1844 612 Ncstorius
1880 559 1970 613 ubi

2080 477 2370 548 μεταμέλῳ
2426 477 2708 550 χρώμενος
2756 481 3021 535 Θεοτόκον
3059 485 3160 556 τὴν
3191 488 3415 557 Μαρίαν
3451 492 3664 552 ἐκάλει,

2076 567 2353 635 Δεγέσθω,
2386 569 2580 635 λέγων,
2603 573 2701 624 καὶ
2729 572 2991 638 Θεοτόκος
3019 577 3052 646 ἠ
3082 578 3293 646 Μαρία,
3324 580 3426 632 καὶ
3453 585 3665 635 παυσά-

401 627 846 683 communionem
868 673 886 695 ,
932 647 1054 700 quze
1081 634 1183 688 sibi
1221 652 1345 693 cum
1383 640 1594 699 Joanne
1627 647 1956 706 Antiochent

2076 627 2188 710 σθω
2231 659 2299 712 τὰ
2327 627 2578 731 λυπηρά..
2616 661 2761 714 Ἀλλ’
2798 627 2988 726 οὐδεὶς.
3471 670 3538 721 ὲκ
3573 687 3664 736 με-

401 715 815 781 intercesserat,
866 722 920 776 in
977 730 1394 786 contentionem
1425 743 1479 788 et
1523 736 1812 793 dissidium
1843 757 1972 798 eva-

395 809 535 864 sisse
560 815 837 879 cognovit,
859 817 1182 883 poenitentia
1204 821 1422 890 ductus,
1443 825 1666 884 Mariam
1685 830 1969 900 Θεοτόκον,

396 900 493 954 Dei
536 902 870 961 Genitricem
908 912 1166 967 vocavit:
1211 915 1451 982 Dicatur,
1491 920 1767 990 inquiens,
1801 928 1966 982 etiam

359 1059 364 1064 _
396 993 492 1046 Dei
533 993 782 1051 Genitrix
830 999 994 1055 Maria
1016 1045 1030 1068 ,
1063 1015 1116 1059 et
1146 1012 1529 1068 contentiones
1575 1017 1758 1072 tristes
1789 1021 1968 1075 faces-

2071 751 2291 812 τανοίας
2317 751 2546 818 λέγοντα
2569 753 2732 822 δῆθεν
2752 754 2814 808 τὸ
2849 757 3117 826 παράπαν
3157 759 3445 828 προσίετο.
3478 762 3662 814 Ἰωάν.

2071 857 2170 909 νης
2218 839 2273 894 δὲ
2320 843 2350 894 6
2402 843 2503 911 τῆς
2567 844 2845 914 Ἀντιόχου
2876 846 2954 918 τῷ
3015 847 3285 919 βασιλικῷ
3319 850 3658 920 κελεύσματι

2071 934 2253 998 είκων,
2295 932 2504 986 Παῦλον
2531 935 2624 988 τὴν
2663 937 2901 1007 Ἐμέσης
2935 933 3238 995 ἐπίσκοπον
3270 944 3353 1004 είς
3401 945 3659 1010 Ἀλεξάν-

2068 1023 2252 1090 δρειαν
2278 1024 2413 1092 πρὸς
2447 1023 2720 1095 Κύριλλον
2770 1028 2987 1098 ἔπεμπε
3026 1033 3236 1101 χάρτην
3273 1034 3521 1103 φέροντα
3548 1055 3560 1067 ⁸
3604 1039 3656 1087 ἐν

395 1093 538 1137 sant.
595 1085 790 1142 Verum
825 1106 986 1146 nemo
1018 1110 1242 1163 prorsus
1289 1100 1342 1154 id
1391 1118 1516 1158 eum
1565 1122 1663 1176 per
1699 1111 1956 1175 paeniten-

395 1172 527 1196 ιξιι..-
571 1175 764 1196 ,13-.ε--4
827 1195 834 1196 ,
885 1182 956 1196 ιε-
1323 1193 1339 1196 -

2067 1085 2172 1184 dii}
2206 1133 2264 1167 τε
2301 1085 2406 1185 τῆς
2438 1085 2679 1182 πίστεως
2715 1085 2979 1188 ὁμολογία
3015 1085 3306 1186 ἀνὸιθεύτος
3339 1085 3656 1196 ἑγκεχὰρα-

395 1172 529 1226 tiam
566 1175 772 1232 dixisse
817 1182 1122 1241 arbitratus
1161 1199 1264 1243 est.
1311 1193 1552 1251 Joannes
1585 1198 1956 1257 Antiochenus

2062 1172 2182 1267 octo,
2216 1206 2309 1258 καὶ
2337 1172 2483 1272 λόγοι
2519 1207 2704 1274 φιλίας
2749 1172 2856 1262 ,καὶ
2894 1172 3221 1273 ⁸σκανδάλων
3262 1172 3655 1277 ἀπόθεσῖςῖὉ

390 1265 683 1337 cpiscopus
717 1271 986 1340 imperiali
1017 1278 1255 1346 jussioni
1287 1285 1507 1352 cedens,
1542 1288 1769 1344 Paulum
1809 1292 1968 1347 Eme—

392 1373 588 1411 scnum
625 1362 940 1434 episcopum
985 1369 1374 1428 Alexandriam
1411 1378 1479 1432 ad
1527 1380 1788 1450 Cyrillum
1837 1399 1964 1456 cuni

391 1449 582 1506 libello
618 1455 788 1522 misit,
916 1475 1024 1529 quo
1055 1478 1314 1532 germana
1352 1477 1408 1523 et
1435 1449 1648 1527 sincera
1683 1473 1806 1529 ﬁdei
1839 1449 1965 1545 pro;

389 1539 576 1607 fessio,
605 1538 1102 1608 necnon-amicitia:
1132 1560 1462 1627 conciliatio,
1493 1571 1549 1616 et
1574 1567 1960 1623 scandalorum

392 1650 488 1688 seu
537 1637 992 1697 ofl‘endiculorum
1040 1649 1288 1704 amolitio
1333 1667 1592 1723 expressa
1633 1665 1736 1712 est.
1781 1657 1962 1714 Vene-

394 1728 602 1784 randus
640 1741 823 1787 autem
870 1736 960 1790 ille
1006 1737 1242 1809 Cyrillus
1283 1743 1474 1800 libello
1517 1760 1763 1819 accepto,
1796 1762 1962 1822 atque

396 1821 738 1885 professione
769 1825 892 1880 ﬁdei
929 1829 980 1882 ei
1021 1830 1228 1886 inserta
1263 1839 1636 1905 comprobata,
1669 1853 1724 1896 et
1748 1821 1963 1901 veteres

389 1923 609 1968 sanctos
632 1915 840 1982 Patres,
869 1931 925 1974 et
949 1924 1189 1990 seipsum
1214 1925 1286 1980 ita
1310 1927 1545 1984 sensisse
1572 1935 1918 1990 conﬁrmavit
1944 1956 1958 2002 ;

387 2015 551 2073 atque
578 2008 808 2075 epistola
844 2027 908 2066 ea
953 2014 1316 2072 vehementer
1341 2019 1586 2088 laudata,
1616 2021 1783 2095 516
1811 2027 1961 2082 hisce

387 2097 574 2152 verbis
591 2100 788 2156 Joanni
821 2106 1110 2176 rescripsit
1142 2128 1156 2165 :
1203 2129 1222 2162 ι
1245 2110 1518 2168 Latentur
1547 2117 1963 2183 coeli,etexsul-

388 2197 467 2243 tet
496 2199 662 2246 terra.
695 2192 946 2266 Dirutum
983 2200 1131 2254 enim
1169 2212 1252 2258 est
1286 2203 1645 2261 interstitium
1674 2211 1956 2267 maceriae:

385 2290 444 2334 et
484 2285 629 2352 quod
673 2301 964 2344 mcerorem
1016 2292 1181 2360 fecit,
1230 2298 1594 2366 conquievit:
1649 2302 1959 2374 modusque

385 2376 678 2432 discordia:
716 2382 895 2436 omnis
954 2384 1206 2441 sublatus
1244 2398 1360 2456 est,
1401 2405 1468 2446 eo
1500 2393 1648 2462 quod
1694 2393 1958 2452 Servator

384 2468 632 2522 omnium
685 2481 936 2528 nostrum
980 2474 1270 2542 Christus,
1316 2481 1564 2539 ecclesiis
1597 2485 1717 2540 suis
1764 2503 1952 2556 pacem

383 2563 724 2630 conciliavit,
755 2575 810 2621 et
839 2569 906 2622 ad
942 2583 1066 2622 eam
1094 2586 1196 2625 nos
1223 2573 1456 2642 piissimi
1485 2584 1541 2630 et
1571 2577 1662 2632 Dei
1691 2582 1959 2636 amantis-

381 2653 510 2709 simi
565 2656 844 2728 principes
902 2672 1190 2718 vocarunt.
1252 2665 1355 2733 Qui
1412 2670 1680 2741 majorum
1730 2673 1952 2742 pietatis

379 2746 727 2804 aemulatores
771 2751 1006 2820 optimi,
1048 2769 1172 2810 cum
1198 2755 1302 2827 ipsi
1340 2757 1396 2812 in
1432 2767 1575 2816 statu
1615 2777 1717 2816 suo
1747 2773 1954 2820 certam

381 2845 552 2909 atque
597 2839 879 2897 immotam
941 2857 1270 2902 conservant
1318 2849 1481 2905 ﬁdam
1537 2862 1782 2923 rectam,
1835 2866 1954 2911 tum

378 2932 714 3003 praecipuam
755 2935 823 2991 de
863 2938 1074 2994 sanctis
1097 2940 1349 2999 ecclesiis
1395 2954 1597 3013 gerunt
1637 2963 1856 3015 curam,
1895 2959 1956 3007 ut

2066 1297 2121 1349 δὲ
2153 1297 2439 1360 θεσπέσιος
2466 1300 2739 1368 Κύριλλος
2763 1304 2855 1354 τὸν
2879 1304 3092 1374 χάρτην
3116 1309 3196 1369 εἰς
3222 1311 3417 1376 χεῖρας
3451 1310 3656 1372 λαϐὼν,

2065 1387 2158 1439 καὶ
2191 1391 2256 1456 τῇ
2286 1390 2582 1461 ὲγκειμένῃ
2614 1393 2712 1460 τῆς
2748 1392 2985 1456 πίστεως
3029 1396 3298 1462 ὁμολογία
3327 1400 3654 1467 στοιχὴσας,

2064 1483 2440 1536 διεϐεϐαιοῦτο
2491 1486 2688 1554 ἐπίσης
2741 1487 2944 1556 ταύτῃ,
2995 1491 3091 1542 καὶ
3157 1491 3287 1552 τοὺς
3346 1492 3418 1544 ὲκ
3483 1494 3657 1546 πάλαι

2066 1573 2256 1640 ἁγίους
2285 1574 2536 1646 Πατέρας
2572 1580 2981 1648 πεφρονηκέναι
3028 1581 3122 1634 καὶ
3177 1584 3398 1637 ἑαυτόν.
3435 1585 3658 1654 Σφόδρα

2065 1664 2110 1718 δ’
2140 1667 2436 1730 ἐπαινέσας
2465 1669 2565 1740 τὴν
2602 1673 2920 1743 ἐπιστολὴν,
2961 1675 3054 1729 ἐπὶ
3081 1676 3333 1744 ῥήματος
3356 1679 3455 1730 καὶ
3490 1679 3658 1738 αὐτὸς

2066 1754 2143 1823 τῷ
2187 1756 2416 1830 Ἰωάννῃ
2474 1759 2685 1829 ἔγραφε
2744 1763 2924 1815 τοιάδε
2951 1779 2965 1793 °
3003 1783 3024 1815 ‹
3053 1766 3566 1834 Εὐφραινὲσθωσαν
3607 1770 3654 1820 οἰ

2064 1845 2284 1916 οὐρανοί
2333 1850 2427 1902 καὶ
2456 1851 2810 1918 ἀγαλλιάσθω
2841 1855 2869 1923 ἡ
2903 1855 2974 1922 γῆ
3000 1872 3013 1886 ·
3051 1857 3272 1908 λέλυται
3321 1857 3430 1927 γὰρ
3456 1859 3518 1910 τὸ
3553 1877 3657 1926 με·

2067 1941 2310 2010 σότοιχον
2365 1943 2458 1996 τοῦ
2517 1946 2796 2014 φραγμοῦ,
2849 1949 2944 2000 καὶ
2997 1948 3280 2003 πέπαυται
3325 1952 3381 2002 τὸ
3411 1951 3644 2015 λυποῦν,

2063 2032 2155 2082 καὶ
2190 2032 2459 2101 διχονοίας
2513 2035 2716 2104 τρόπος
2751 2035 3018 2107 ἀνῄρηται
3049 2039 3258 2106 πάσης,
3295 2040 3380 2091 τοῦ
3415 2042 3642 2094 πάντων

2061 2124 2217 2194 ἡμῶν
2245 2125 2505 2195 Σωτῆρος
2531 2127 2772 2197 Χριστοῦ
2799 2131 2921 2191 ταῖς
2959 2130 3158 2184 ἑαυτοῦ
3189 2132 3510 2202 ἐκκλησίαις
3542 2133 3648 2202 τὴν

2062 2218 2284 2288 εἰρήνην
2316 2217 2721 2288 βραϐεύσαντος
2755 2238 2770 2255 ο
2821 2223 3174 2294 κεκληκότων
3224 2224 3284 2276 δὲ
3314 2226 3454 2295 πρὸς
3489 2227 3653 2280 τοῦτο

2061 2308 2208 2378 ἡμᾶς
2236 2311 2330 2363 καὶ
2357 2311 2466 2364 τῶν
2489 2312 2898 2368 εὐσεϐεστάτων
2928 2315 3024 2368 καὶ
3059 2316 3513 2385 θεοφιλεστὰτων
3547 2318 3643 2387 βα-

2061 2401 2276 2466 σιλέων,
2336 2403 2386 2457 οἳ
2441 2406 2778 2475 προγονικῆς
2820 2406 3106 2470 εὐσεϐείας
3140 2407 3360 2478 ἄριστοι
3407 2409 3648 2478 ζηλωταὶ

2060 2496 2366 2563 γεγονότες,
2402 2497 2621 2568 ἀσφαλῆ
2684 2499 2781 2567 μὲν
2813 2500 2910 2553 καὶ
2939 2501 3348 2555 ἀκατὰσειστον
3395 2503 3452 2553 ὲν
3488 2503 3650 2566 ἰδίαις

2058 2587 2254 2657 τύχαις
2293 2588 2394 2658 τὴν
2424 2588 2592 2658 ὀρθὴν
2646 2588 2982 2656 φυλάττουσι
3010 2589 3220 2657 πίστιν,
3271 2591 3569 2662 ἐξαίρετον
3593 2592 3650 2645 δὲ

2059 2677 2347 2733 ποιοῦνται
2375 2680 2634 2750 φροντίδα
2663 2680 2762 2751 τὴν
2790 2681 2933 2753 ὑπὲρ
2966 2683 3074 2735 τῶν
3105 2682 3280 2751 ἁγίων
3303 2683 3648 2751 ἐκκλησιῶν,

2061 2767 2149 2821 ἵνα
2179 2770 2276 2823 καὶ
2306 2769 2593 2841 διαϐόητον
2621 2769 2818 2842 ἔχωσιν
2874 2771 2957 2835 εἰς
2989 2771 3168 2826 αἰῶνα
3198 2772 3300 2842 τὴν
3328 2771 3525 2836 δόξαν,
3552 2774 3655 2827 καὶ

2058 2862 2456 2933 εὐκλεεστάτην
2487 2864 2830 2934 ἀποφαίνωσι
2859 2863 2959 2935 τὴν
2981 2864 3189 2918 ἑαυτῶν
3211 2865 3528 2934 βασιλείαν.
3552 2862 3650 2930 οἷς

2057 2956 2154 3009 καὶ
2181 2955 2344 3018 αὐτὸς
2395 2956 2422 3008 6
2452 2955 2560 3008 τῶν
2609 2955 2895 3023 δυνάμεων
2945 2955 3152 3026 Κύριος
3213 2955 3455 3025 πλουσίᾳ
3502 2956 3654 3024 χειρὶ

381 3021 548 3076 simul
589 3033 643 3078 et
672 3027 989 3095 praeclaram
1034 3029 1088 3083 in
1124 3046 1300 3085 aevum
1335 3033 1566 3104 gloriam
1599 3036 1856 3103 habeant,
1899 3051 1954 3096 et

2062 3047 2302 3116 διανέμει
2333 3048 2400 3100 τὰ
2456 3047 2640 3114 ἀγαθά
2665 3063 2679 3076 ·
2715 3021 2902 3102 δίδωσι
2945 3021 3050 3118 μὲν
3085 3049 3310 3118 κρατεῖν
3345 3021 3458 3100 τῶν

382 3128 544 3182 quam
581 3117 1000 3173 celeberrimam
1043 3121 1261 3192 imperii
1293 3129 1377 3180 sui
1415 3128 1950 3187 administrationem

379 3207 638 3262 reddant.
697 3209 912 3276 Quibus
974 3215 1137 3268 etiam
1194 3218 1307 3286 ipse
1367 3221 1632 3277 virtutum
1691 3227 1952 3284 Dominus

380 3314 550 3352 manu
603 3299 819 3355 liberali
861 3302 1004 3357 bona
1058 3305 1293 3361 tribuit:
1328 3309 1606 3380 simulque
1641 3314 1764 3378 dat,
1811 3324 1868 3368 ut
1898 3325 1954 3372 et

381 3391 717 3448 adversariis
768 3395 1077 3466 imperent,
1110 3410 1164 3454 et
1203 3402 1490 3457 victoriam
1524 3404 1594 3458 ah
1634 3406 1716 3459 eis
1757 3422 1952 3477 repor-

380 3491 520 3537 tent.
565 3484 682 3538 Non
715 3485 860 3539 enim
900 3487 1040 3542 fallit
1083 3489 1128 3544 is
1166 3492 1261 3560 qui
1294 3491 1470 3549 dicit:
1513 3494 1633 3548 Vivo
1676 3512 1787 3565 ego,
1822 3499 1955 3552 dicit

373 3575 645 3631 Dominus
692 3579 732 3644 ί,
791 3581 1042 3650 quoniam
1095 3582 1452 3652 gloriﬁcantes
1513 3602 1592 3639 me
1624 3587 1949 3658 gloriﬁcabo.

375 3665 513 3720 Cum
565 3667 732 3736 igitur
757 3668 1144 3726 Alexandriam
1194 3676 1437 3730 venisset
1480 3675 1739 3734 dominus
1774 3696 1949 3748 meus,

376 3758 663 3827 piissimus
693 3759 865 3816 frater
893 3771 950 3818 et
977 3765 1184 3836 collega
1218 3766 1440 3832 Paulus,
1472 3769 1642 3825 animi
1673 3773 1952 3837 voluptate

376 3863 434 3906 et
461 3854 660 3923 gaudio
697 3855 892 3924 repleti
929 3873 1163 3914 sumus:
1197 3875 1260 3913 ac
1294 3861 1495 3916 merito
1531 3863 1775 3931 quidem,
1805 3866 1950 3935 quod

376 3952 564 3999 tantus
594 3946 805 4002 scilicet
850 3947 934 4002 vir
965 3957 1149 4018 partes
1189 3965 1319 4006 suas
1359 3961 1418 4006 ut
1473 3954 1742 4010 mediator
1787 3962 1955 4012 inter-

375 4048 628 4107 poneret,
664 4047 720 4092 et
751 4055 915 4110 supra
947 4041 1092 4097 vires
1124 4051 1336 4098 tantum
1370 4045 1618 4101 laborem
1652 4048 1851 4114 adiret,
1893 4063 1953 4106 ut

378 4130 584 4184 diaboli
633 4131 893 4186 invidiam
941 4144 1264 4201 superaret,
1301 4153 1365 4192 ea
1413 4154 1534 4210 qua:
1582 4141 1759 4196 divisa
1793 4153 1954 4198 erant

377 4223 759 4293 conjungeret,
827 4234 883 4280 et
917 4225 1145 4284 sublatis
1187 4243 1219 4284 e
1250 4231 1432 4286 medio
1479 4235 1754 4291 scandalis
1785 4246 1952 4307 atque

377 4314 766 4378 oﬁendiculis,
817 4319 1130 4376 concordiae
1174 4330 1231 4378 et
1282 4326 1436 4393 pacis
1483 4342 1685 4383 corona
1740 4339 1953 4386 vestras

379 4407 543 4462 simul
583 4416 639 4462 et
682 4418 900 4464 nostras
932 4411 1322 4469 cohonestaret
1349 4415 1633 4472 ecclesias.
1674 4439 1692 4471 ›
1733 4417 1797 4474 Ει
1828 4432 1954 4490 post

377 4498 507 4552 alia.
552 4517 569 4549 ι
606 4496 765 4564 Quod
800 4515 932 4554 vero
979 4500 1257 4569 superﬂua
1289 4519 1513 4573 prorsus
1540 4515 1596 4560 et
1641 4509 1955 4577 importuna

374 4593 673 4657 Ecclesizc,
724 4603 1033 4663 praeterque
1084 4610 1306 4651 causam
1359 4611 1612 4669 suscepta
1673 4602 1955 4658 discordia

374 4687 582 4749 fuerit,
641 4701 791 4740 nunc
845 4688 1082 4742 maxime
1133 4690 1398 4746 certiores
1451 4692 1581 4746 facti
1631 4709 1854 4760 sumus,
1885 4712 1951 4750 ex

377 4794 488 4848 quo
546 4780 828 4849 piissimus
879 4780 1136 4836 dominus
1192 4799 1347 4838 meus
1402 4783 1606 4840 Paulus
1659 4788 1953 4857 episcopus

373 4867 620 4923 libellum
672 4877 825 4924 extra
879 4871 1170 4927 calumnia:
1215 4874 1389 4930 aleam
1445 4876 1685 4944 positum
1738 4878 1947 4943 attulit,

373 4960 499 5014 ﬁdei
529 4961 925 5031 professionem
960 4966 1418 5034 complectentem
1445 4983 1458 5018 :
1487 4981 1649 5036 quem
1679 4984 1708 5022 a
1738 4969 1950 5023 sancti-

372 5061 488 5107 tate
534 5061 626 5107 tua
665 5065 719 5109 et
750 5054 1018 5124 piissimis
1057 5056 1223 5112 isthic
1267 5059 1544 5128 episcopis
1580 5062 1946 5128 compositum

373 5163 494 5204 esse
518 5149 890 5204 conﬁrmavit.
927 5171 945 5203 ι
987 5150 1234 5208 Libellus
1277 5153 1327 5208 is
1357 5153 1560 5224 quibus
1601 5158 1951 5228 conscriptus

373 5255 494 5299 crat
525 5245 743 5309 verbis,
771 5246 1020 5316 epistola:
1052 5248 1345 5319 adjunctus
1387 5250 1512 5305 fuit.
1550 5251 1721 5306 Porro
1756 5253 1823 5307 de
1856 5253 1949 5307 Dei

371 5336 675 5402 Genitriee,
705 5347 762 5392 et
793 5353 914 5407 qua:
943 5349 1250 5408 sequuntur
1276 5359 1290 5394 :
1326 5357 1343 5391 ι
1375 5339 1591 5395 Sanctis
1613 5343 1763 5397 hisce
1795 5345 1950 5398 voci-

374 5427 480 5482 bus
531 5431 732 5485 vestris
772 5430 966 5495 lectis,
1006 5431 1080 5484 ita
1126 5446 1226 5486 nos
1274 5447 1495 5502 quoque
1547 5433 1696 5502 ipsos
1742 5438 1948 5490 sentire

376 5519 709 5575 invenimus.
756 5523 910 5578 Unus
959 5526 1105 5577 enim
1160 5534 1245 5579 est
1295 5526 1589 5590 Dominus,
1630 5541 1735 5583 una
1789 5527 1942 5592 ﬁdes,

452 5711 463 5736 ⁸
502 5710 516 5759 ι
549 5709 678 5764 Reiz.
715 5728 771 5767 It.
807 5715 892 5766 50.

2064 3139 2386 3208 στηκότων,’
2419 3141 2708 3212 χαρίζεται
2737 3140 2794 3192 δὲ
2848 3140 2910 3194 τὸ
2960 3142 3140 3210 νικᾷν.
3170 3141 3244 3191 Οὐ
3273 3139 3386 3209 γὰρ
3426 3139 3498 3191 ἂν
3529 3140 3652 3191 δια-

2060 3233 2320 3301 ψεύσαιτο
2347 3235 2374 3288 6
2400 3235 2605 3304 λέγων’
2640 3235 2732 3288 Ζῶ
2762 3235 2894 3305 ἐγὼ,
2929 3237 3094 3304 λέγει
3131 3236 3369 3300 Κύριος,
3393 3235 3490 3287 ὅτι
3509 3234 3654 3298 τοὺς

2061 3325 2514 3396 δοξάζον-τάςμέ
2542 3327 2805 3392 δοξάσω.
2836 3327 3201 3396 Ἀφικομένου
3230 3328 3410 3378 τοίνυν
3443 3328 3529 3383 εἰς
3553 3329 3654 3393 τὴν

2075 3419 2485 3490 Ἀλεξάνδρειαν
2538 3419 2634 3472 τοῦ
2682 3421 2874 3488 κυρίου
2911 3437 3016 3486 μου
3055 3419 3151 3472 τοῦ
3208 3419 3650 3471 θεοσεϐεστάτου

2062 3510 2291 3577 ἀδελφοῦ
2317 3511 2411 3564 καὶ
2446 3511 2866 3581 συλλειτουργοῦ
2898 3509 3137 3571 Παύλου,
3169 3510 3440 3578 θυμηδίας
3472 3511 3653 3578 ἐμπε-

2063 3603 2352 3672 πλήσμεθα
2380 3619 2394 3635 ⁶
2438 3604 2531 3656 καὶ
2553 3604 2754 3673 σφόδρα
2782 3606 3029 3666 εἰκότως,
3063 3603 3136 3665 ὡς
3168 3604 3360 3671 ἀνδρὸς
3395 3603 3650 3654 τοιούτου

2067 3691 2578 3762 μεσιτεύοντος,καί
2600 3695 2716 3754 τοίς
2746 3692 2885 3761 ὑπὲρ
2911 3691 3143 3760 δύναμιν
3175 3691 3648 3759 πόνοιςὲὲὶομένῡυ

2063 3784 2453 3854 προσομιλεῖνο
2481 3785 2569 3836 ἶνα
2621 3784 2711 3836 τὸν
2759 3783 2853 3836 τοῦ
2883 3783 3137 3836 διαϐόλου
3173 3786 3378 3853 νικήσῃ
3419 3782 3646 3849 φθόνον,

2064 3878 2158 3929 καὶ
2195 3876 2410 3948 συνάψῃ
2443 3876 2512 3928 τὰ
2545 3875 2875 3947 διῃρημένα,
2902 3878 3001 3929 καὶ
3027 3875 3094 3927 τὰ
3125 3874 3332 3944 μεταξὺ
3368 3874 3648 3926 σκάνδαλα

2064 3967 2352 4035 περιελὼν,
2374 3969 2598 4039 ὁμονοίᾳ
2625 3969 2716 4021 καὶ
2742 3969 2936 4040 εἰρήνῃ
2961 3968 3280 4038 στεφανώσῃ
3302 3969 3403 4030 τὰς
3433 3984 3494 4020 τε
3516 3966 3646 4037 παρ’

2061 4061 2196 4130 ἡμῖν
2221 4061 2314 4114 καὶ
2344 4060 2475 4131 παρ’
2508 4062 2636 4130 ὑμῖν
2686 4062 3004 4130 ἐκκλησίας.
3039 4078 3057 4111 ι
3120 4061 3231 4112 Καὶ
3262 4059 3384 4129 μεθ’
3434 4060 3606 4129 ἔτερα
3628 4075 3644 4090 ·

2069 4172 2087 4204 ι
2132 4153 2258 4210 Ὅτι
2285 4153 2341 4205 δὲ
2370 4152 2604 4222 περιττὴ
2656 4152 2977 4217 παντελῶς,
3038 4152 3135 4204 καὶ
3167 4152 3268 4204 οὐκ
3320 4151 3646 4220 εὐάφορμος

2059 4247 2157 4316 τῆς
2196 4244 2522 4314 Ἐκκλησίας
2557 4247 2591 4314 ὴ
2639 4244 2954 4314 διχοστασία
2987 4245 3200 4312 γέγονε,
3249 4242 3370 4296 νυνὶ
3402 4245 3644 4312 μάλιστα

2061 4337 2626 4408 πεπληροφορήμεθα,
2659 4335 2757 4389 τοῦ
2793 4337 2986 4406 κυρίου
3024 4351 3127 4406 μου
3155 4335 3251 4388 τοῦ
3281 4333 3642 4386 θεοσεϐεστά-

2061 4447 2152 4483 του
2196 4427 2406 4482 Παύλου
2437 4425 2532 4480 τοῦ
2571 4426 2875 4479 ἐπισκόπου
2924 4424 3140 4494 χάρτην
3194 4425 3642 4495 προκομίσαντος

2059 4519 2404 4589 ἀδιάϐλητον,
2438 4517 2633 4588 ἔχοντα
2657 4517 2754 4585 τῆς
2789 4517 3026 4577 πίστεως
3059 4514 3158 4584 τὴν
3177 4515 3513 4584 ὁμολογίαν·
3543 4515 3638 4564 καὶ

2057 4612 2262 4679 ταύτην
2307 4608 2670 4678 συντετάχθαι
2703 4605 3248 4674 διαϐεϐαιοκςαμένου
3279 4604 3432 4674 παρά
3449 4621 3508 4656 τε
3538 4605 3635 4671 τῆς

2050 4704 2158 4770 ’σῆς
2189 4703 2488 4771 ὁσιότητος,
2538 4701 2632 4753 καὶ
2660 4699 2771 4752 τῶν
2806 4698 2999 4751 αὐτόθι
3033 4697 3478 4750 θεοσεϐεστάτων
3515 4698 3634 4747 im-

2059 4794 2298 4846 σκόπων.
2340 4790 2493 4861 Ἔχει
2565 4790 2621 4843 δὲ
2657 4789 2894 4860 οὐτωςὴ
2949 4787 3264 4859 συγγραφὴ,
3315 4789 3409 4840 καὶ
3445 4788 3635 4848 αὐταῖς

2055 4884 2266 4950 λέξεσιν
2313 4883 2612 4936 ὲντέθειται
2643 4883 2770 4954 τῇδε
2826 4884 2892 4952 τῇ
2930 4882 3210 4950 ἐπιστολῇ.
3271 4881 3405 4950 Περί⁵
3435 4879 3497 4930 δὲ
3536 4883 3633 4947 τῆς

2057 4976 2317 5029 Θεοτόκου
2371 4956 2464 5029 καὶ
2493 4978 2561 5028 τὰ
2593 4975 2717 5044 ἑξῆς
2744 4991 2757 5004 ·
2792 4994 2811 5026 ι
2847 4975 3084 5037 Ταύταις
3117 4974 3270 5042 ὑμῶν
3316 4975 3632 5042 ἐντυχόντες

2056 5071 2175 5131 ταῖς
2205 5071 2371 5139 ἰεραίς
2404 5070 2628 5136 φωναῖς,
2661 5067 2805 5122 οὕτω
2833 5085 2890 5120 τε
2918 5069 3012 5121 καὶ
3043 5068 3273 5129 ἑαυτοὺς
3301 5065 3631 5136 φρονοῦντας

2057 5162 2432 5230 εὑρίσκοντες
2493 5154 2575 5223 εἷς
2626 5162 2732 5229 γὰρ
2770 5161 2998 5230 Κύριος,
3056 5162 3155 5229 μία
3185 5160 3390 5224 πίστις,
3447 5159 3507 5211 ἓν
3537 5157 3632 5226 βά-

2055 5270 2265 5321 πτισμα
2292 5269 2305 5282 ·
2340 5251 2679 5328 ἐδοξάσαμεν.
2726 5254 2816 5306 τὸν
2875 5254 2983 5306 τῶν
3011 5254 3148 5306 ὅλων
3195 5253 3429 5323 Σωτῆρα
3469 5251 3626 5307 Θεὸν.

2053 5344 2300 5413 ἀλλήλοις
2334 5346 2744 5414 συγχαίροντες,
2793 5347 2876 5400 δτι
2911 5349 3031 5410 ταῖς
3078 5345 3461 5408 θεοπνεύστοις
3494 5347 3624 5415 Γρα-

2053 5438 2178 5502 φαῖς
2235 5436 2327 5486 καὶ
2389 5437 2688 5506 παραδόσει
2743 5438 2852 5490 τῶν
2909 5439 3081 5508 ἁγίων
3140 5439 3403 5508 Πατέρων
3465 5438 3624 5506 ἡμῶν

2055 5527 2458 5596 συμϐαίνουσαν
2481 5527 2664 5597 ἔχουσι
2698 5530 2880 5582 πίστιν
2927 5531 2990 5583 αἶ
3008 5548 3065 5583 τε
3097 5531 3228 5600 παρ’
3262 5533 3394 5600 ημῖν
3440 5534 3531 5583 καὶ
3569 5531 3626 5581 αἱ
