3910 6218
229 291 364 355 1177

1153 297 1760 392 ΕΠΟΙΕΒΙῘᾹΞΤΙΟΛΞ
1803 300 2185 364 ΗΙΞΤΟΒΙᾸΞ
2221 303 2368 364 LIB.
2408 297 2563 363 XIV.

3341 298 3477 365 1178

224 408 358 472 παρ’
393 407 522 473 ύμῖν
556 407 898 478 ἐκκλησίαι.)
949 410 1109 464 Ἀλλὰ
1141 413 1312 465 ταῦτα
1349 414 1447 483 μὲν
1497 413 1789 482 φιλοπόνως

1905 428 2074 468 unum
2125 413 2417 482 baptisma.
2453 412 2799 480 Quapropter
2851 423 3036 465 rerum
3092 407 3472 464 universarum

219 501 406 568 εὑρεῖν
439 498 559 551 εστι
610 498 688 567 τῷ
721 500 1054 572 βουλομένῳ,
1097 507 1208 566 τοῖς
1249 504 1549 572 τηνικαῦτα
1583 522 1795 575 πεπρα-

222 595 447 658 γμένοις
477 591 769 660 ιπιστῆσαι
797 593 1112 663 θελήσαντι.

1903 507 2249 562 Servatorem
2307 507 2475 560 Deum
2539 503 3014 574 gloriﬁcavimus,
3073 511 3266 555 mutuo
3317 504 3474 557 nobis

1898 597 2368 666 congratulantes,
2413 596 2560 666 quod
2599 604 3003 664 congruentem
3039 608 3163 646 cum
3210 594 3475 648 divinitus

221 685 508 754 inspiratis
554 686 856 756 Scripturis
915 699 971 741 et
1019 687 1310 742 traditione
1359 698 1676 744 sanctorum
1740 689 1960 742 Patrum
2027 699 2343 744 nostrorum
2388 699 2590 744 nostrae
2656 691 2817 742 simul
2863 697 2946 743 et-
2979 697 3172 743 vestra:
3229 685 3476 743 ecclesiae

222 780 459 836 habeant
494 779 716 834 iidem.»
745 780 905 851 517
943 781 1138 836 Verum
1169 782 1283 836 haec
1314 781 1406 852 qui
1435 783 1715 852 inquirere
1751 783 1895 838 volet
1926 783 2256 849 studiosius,
2287 784 2342 839 in
2367 783 2564 854 synodi
2591 784 2714 854 ejus
2743 781 2880 838 actis
2910 783 3173 852 reperiet.

803 987 1052 1042 ΚΕΦΑΛ.
1083 989 1222 1055 aq".

219 1072 329 1130 Οἷα
381 1080 750 1132 πεπονθέναι
801 1079 1128 1146 Νεστόριος
1175 1080 1359 1144 αὐτὸς
1418 1079 1551 1148 περὶ
1578 1079 1794 1133 ἑαυτοῦ

295 1148 506 1232 τῼξίφει
532 1164 546 1177 ’
576 1147 795 1232 ,περὶ-ὡς
821 1151 909 1232 εἰς
945 1150 1166 1232 Ὀαςεν
1183 1147 1792 1232 μυρίαηκακὲὰμαθῲν,

297 1217 473 1340 τιὲλρς
537 1217 811 1285 σκώληξι
840 1217 956 1286 τὴν
1020 1217 1292 1289 γλῶτταν
1351 1219 1627 1288 ,βρωθεὶςκ
1684 1217 1796 1270 διε-

297 1304 340 1354 ςρ
380 1301 516 1356 αρηο

309 1466 395 1528 Ὠς
423 1466 478 1519 δὲ
517 1465 813 1537 Νεστὸριος
846 1466 1190 1534 ἐξελήλαται,
1222 1466 1355 1520 τίτε
1388 1467 1671 1520 είσέπειτα
1697 1467 1794 1519 αὖ·

223 1556 303 1626 τῷ
337 1556 603 1624 ἐγεγόνει,
655 1558 802 1620 ὅπως
837 1575 896 1609 τε
935 1558 1030 1610 τὸν
1075 1554 1202 1627 τῇδε
1262 1557 1378 1626 βίον
1432 1554 1792 1624 κατέστρεψε,

225 1649 323 1702 καὶ
347 1648 415 1701 τὰ
447 1648 646 1712 ἐπάξια
674 1648 785 1702 τῶν
813 1648 1181 1718 βλασφημιῶν
1207 1649 1243 1702 ἃ
1261 1649 1428 1719 κεκλή
1440 1649 1789 1718 ρωταιγέρα,

223 1741 337 1801 τοῖς
371 1739 722 1810 ἱστορήσασιν
752 1741 810 1792 ὲν
839 1740 1042 1810 ἀδήλῳ·
1075 1741 1168 1793 καί
1205 1756 1270 1808 γε
1308 1740 1374 1792 ἂν
1400 1741 1428 1791 ὀ
1473 1740 1661 1808 χρόνος
1700 1738 1795 1808 λή-

227 1825 328 1894 θης
356 1825 536 1896 βυθοῖς
563 1828 897 1897 συνεκάλυψε
923 1828 1117 1888 ταῦτα.
1148 1832 1194 1882 εί
1227 1829 1302 1899 μὴ
1353 1828 1522 1898 βίϐλῳ
1577 1830 1792 1882 ἐκείνου

228 1921 542 1987 περιτυχεῖν
573 1919 795 1988 συνέϐη·
824 1918 904 1988 ἐξ,
927 1913 994 1989 ἦς
1023 1918 1123 1989 τὴν
1165 1919 1293 1988 περὶ
1324 1919 1528 1972 τούτων
1553 1919 1795 1988 ἱστορίαν

226 2007 588 2079 ἀνελεξάμην.
615 2011 725 2063 Καὶ
757 2012 940 2063 τοίνυν
987 2011 1150 2074 αὐτὸς
1207 2013 1235 2064 ὁ
1282 2011 1383 2080 τῆς
1441 2010 1794 2082 βλασφημίας

226 2099 436 2169 πατὴρ,
469 2101 497 2152 ὀ
535 2099 608 2170 μὴ
635 2102 729 2153 ἐπὶ
751 2101 852 2171 τῆς
887 2101 1117 2171 πέτρας,
1150 2101 1266 2155 ἀλλ’
1294 2104 1387 2155 ἐπὶ
1419 2103 1520 2173 τῆς
1558 2104 1794 2173 ψάμμου

226 2191 321 2243 cev
344 2192 440 2260 τῆς
462 2191 668 2245 ἐκείνου
703 2194 938 2256 πίστεως
957 2195 1210 2264 θεμέλιον
1235 2195 1450 2260 κτίσας,
1480 2197 1618 2265 πρός
1642 2212 1795 2258 τινας

223 2278 647 2349 διεγκαλοῦντας
692 2283 944 2354 μὴκατὰ
994 2287 1056 2339 τὸ
1091 2285 1211 2340 δέον
1268 2303 1322 2340 τι
1370 2286 1792 2358 καινουργῆσαι,

226 2373 354 2444 μηδ’
374 2374 468 2427 ἐπὶ
491 2377 832 2447 συμφέροντι
863 2375 963 2448 τὴν
988 2378 1048 2432 ὲν
1097 2377 1310 2449 Ἐφέσῳ
1363 2377 1588 2447 αἰτῆσαι
1638 2378 1794 2431 σύνο-

222 2463 334 2528 δον,
360 2465 566 2534 γράφει
594 2465 736 2539 ὑπὲρ
759 2468 862 2534 τῆς
885 2467 1024 2532 ἰδίας
1087 2469 1440 2538 βλασφημίας
1491 2467 1794 2532 ἀπολογού-

227 2572 410 2627 μενος,
444 2560 520 2622 ὠς
545 2559 610 2613 δι’
633 2560 878 2630 ἀνάγκης
910 2561 990 2625 είς
1019 2561 1166 2614 τοῦθ’
1187 2578 1311 2632 ηκε,
1341 2561 1441 2631 τῆς
1472 2561 1630 2628 ἁγίας
1664 2561 1792 2614 Ἐκ-

224 2650 454 2721 κλησίας
488 2653 567 2714 είς
591 2651 687 2706 δύο
711 2652 1102 2722 διαιρεθείσης·
1155 2657 1250 2706 καὶ
1297 2653 1406 2706 τῶν
1435 2652 1534 2725 μὲν
1585 2653 1794 2723 ἀνθρω-

224 2742 454 2797 ποτόκον
491 2743 604 2796 δεῖν
626 2742 1015 2815 λέγεσθαιτὴν
1044 2745 1287 2813 Μαρίαν,
1335 2744 1443 2797 τῶν
1495 2743 1554 2797 δὲ
1605 2742 1794 2797 Θεοτό-

222 2849 340 2890 κον·
363 2834 528 2888 αὐτὸν
559 2836 734 2906 μέσην
759 2837 1049 2907 ἐπινοῆσαι
1076 2836 1222 2903 λέξιν
1253 2838 1350 2900 τὴν
1363 2837 1788 2906 Χριστοτόκον.

223 2921 594 2991 Διαλαμϐάνει
623 2922 680 2975 δὲ
716 2924 781 2994 τῇ
841 2923 1136 2994 ἀπολογίᾳ,
1183 2923 1258 2984 ὡς
1292 2923 1360 2976 τὰ
1433 2924 1534 2993 μὲν
1597 2923 1792 2994 πρῶτα

2431 985 2659 1042 CAPUT
2699 985 2940 1040 XXXVI.

1903 1078 2099 1144 Qualia
2129 1096 2184 1134 se
2218 1085 2432 1148 passum
2469 1095 2578 1132 esse
2618 1079 2896 1132 Nestorius
2926 1079 3036 1146 ipse
3063 1078 3124 1130 de
3155 1093 3209 1130 se
3232 1079 3425 1131 scribat
3453 1097 3472 1145 ,-

1977 1159 2107 1204 etut
2145 1151 2213 1202 ad
2239 1149 2418 1205 Oasim
2438 1148 2914 1202 innumerabilibus
2935 1149 3176 1200 toleratis
3200 1149 3474 1213 (erumnis,

1972 1229 2234 1286 postremo
2267 1235 2481 1272 corrosa
2512 1227 2563 1272 et
2609 1229 2924 1289 consumpta
2976 1236 3008 1271 α
3057 1218 3316 1271 vermibus
3370 1218 3471 1271 liu-

1971 1305 2100 1358 gua,
2128 1289 2408 1343 interierit.

1967 1463 2262 1533 Postquam
2297 1463 2588 1520 Nestorius
2621 1465 2830 1535 ejectus
2869 1471 2989 1529 est,
3029 1463 3163 1533 quid
3198 1472 3387 1532 postea
3419 1462 3471 1517 ei

1894 1556 2222 1626 contigerit,
2260 1565 2318 1610 ut
2351 1558 2518 1612 vitam
2560 1569 2887 1627 praesentem
2930 1556 3171 1622 ﬁnierit,
3215 1565 3271 1609 et
3310 1556 3472 1625 digna

1898 1645 2372 1715 blasphemiarum
2411 1647 2635 1716 praemia
2668 1647 2880 1710 tulerit,
2917 1646 3167 1700 historici
3206 1661 3313 1700 non
3347 1661 3474 1715 prc-

1894 1736 2180 1792 diderunt.
2217 1739 2283 1792 Et
2324 1739 2574 1808 profecto
2601 1739 2685 1793 vis
2719 1739 2982 1808 temporis
3015 1738 3315 1792 oblivionis
3347 1753 3472 1806 pro-

1894 1825 2064 1880 fundo
2097 1827 2211 1881 haec
2255 1827 2640 1890 immersisset,
2674 1827 2776 1881 nisi
2828 1828 2886 1880 in
2925 1825 3126 1881 librum
3161 1827 3286 1893 ejus
3330 1825 3468 1878 inci-

1894 1915 2130 1979 dissem,
2179 1931 2245 1970 ex
2289 1931 2399 1986 quo
2449 1917 2733 1971 historiam
2785 1917 2903 1986 ejus
2954 1917 3225 1985 decerpsi.
3283 1916 3472 1984 Itaque

1897 2007 2013 2076 ipse
2048 2007 2406 2076 blasphemia!
2453 2015 2631 2076 pater,
2675 2009 2769 2076 qui
2813 2023 2922 2062 non
2959 2022 3127 2076 super
3161 2016 3338 2075 petra,
3370 2005 3468 2058 sed

1895 2098 1951 2152 in
1992 2113 2159 2153 arena
2205 2099 2556 2154 fundamenta
2591 2099 2713 2153 ﬁdei
2751 2114 2864 2153 sum
2892 2098 3152 2169 jecisset,
3188 2098 3253 2150 ad
3288 2111 3473 2166 quos-

1894 2189 2016 2244 dam
2051 2193 2144 2260 qui
2175 2191 2224 2245 ei
2255 2191 2582 2261 objecerant
2606 2233 2619 2258 ,
2659 2205 2769 2245 non
2807 2200 2958 2245 recte
2992 2191 3141 2244 illum
3177 2204 3266 2244 res
3300 2204 3468 2244 novas

1893 2281 2145 2336 molitum
2196 2283 2354 2346 esse,
2399 2298 2576 2352 neque
2619 2297 2688 2337 ex
2730 2283 3049 2352 reipublicae
3098 2283 3371 2346 utilitate,
3409 2292 3472 2337 ut

1893 2372 2093 2442 Ephesi
2150 2373 2394 2444 synodus
2447 2384 2738 2444 ageretur,
2789 2375 3047 2442 petiisse,
3084 2375 3470 2429 defensionem

1893 2464 2245 2534 blasphemiae
2288 2479 2405 2520 suae
2432 2466 2679 2534 scripsit,
2717 2464 2783 2520 ad
2813 2480 2934 2519 eam
2986 2465 3197 2520 scilicet
3228 2467 3469 2518 necessi-

1895 2567 2062 2612 tatem
2115 2573 2176 2638 ες
2225 2559 2578 2629 pervenisse,
2633 2558 2878 2614 Ecclesia
2933 2567 3122 2614 sancta
3170 2559 3224 2612 iu
3284 2569 3468 2630 partes

1891 2652 2031 2706 duas
2085 2651 2286 2718 scissa,
2340 2651 2620 2706 dictitans.
2669 2653 2734 2705 Et
2773 2667 2897 2706 cum
2946 2652 3037 2706 alii
3080 2652 3304 2722 quidem
3358 2653 3467 2706 Ma-

1892 2743 2028 2798 riam
2067 2741 2545 2814 ’Δνθρωποτδκον,
2587 2743 2641 2798 id
2673 2752 2778 2810 est,
2816 2744 3060 2798 Hominis
3112 2744 3468 2798 Genitricem:

1891 2835 1982 2890 alii
2017 2844 2198 2891 autem
2240 2835 2523 2901 Θεοτόκον,
2573 2835 2679 2890 hoc
2711 2845 2825 2900 est,
2853 2835 2946 2888 Dei
2987 2834 3330 2896 Genilricem,
3377 2834 3468 2887 di.

1892 2927 2121 2983 cendam
2156 2935 2486 2994 assererem,
2537 2942 2596 2983 se
2632 2927 2868 2982 mediam
2899 2928 3241 2997 excogitasse
3275 2941 3468 2981 vocem

222 3012 507 3076 Θεοδόσιος
540 3013 879 3084 προσπαθῶν
934 3013 1105 3084 αὐτῷ,
1169 3015 1270 3084 τὴν
1320 3014 1530 3068 ἐκείνου
1583 3013 1786 3068 ἀποϐο-

1896 3018 2292 3088 Χριστοτόκον,
2321 3017 2374 3072 id
2405 3026 2524 3084 est,
2563 3017 2760 3072 Christi
2790 3019 3126 3076 Genitricem.
3174 3018 3232 3072 In
3277 3032 3342 3071 ea
3376 3016 3472 3070 dc-

132 3111 140 3117 '
221 3105 322 3174 λὴν
369 3105 472 3159 οὐκ
513 3106 828 3176 ἐκύρωσεν,
863 3106 1184 3160 ἐπισκόπων
1234 3107 1290 3159 δέ
1342 3124 1503 3160 τινων
1579 3105 1789 3159 ἐκεῖθεν

221 3195 526 3259 ἐλθόντων,
595 3196 676 3259 είς
741 3197 804 3250 τδ
861 3197 1065 3250 οίκεῖον
1137 3196 1456 3250 ἐπανελθεῖν
1521 3197 1791 3267 μοναστή-

225 3303 339 3353 ριον
402 3288 687 3357 ἐπετράπη
738 3288 766 3340 δ
830 3289 938 3357 πρὸ
1016 3290 1116 3357 τῆς
1187 3288 1536 3352 Θεουπόλεως
1588 3290 1788 3343 ἔκειτο·

222 3379 360 3449 ὅπερ
380 3380 639 3448 ὀνομαστὶ
661 3379 914 3449 οὐδαμῶς
945 3381 1344 3451 ἐμνημόνευσε·
1377 3382 1445 3435 τὰ
1473 3382 1788 3452 Εύπρεπίου

221 3471 298 3534 δὲ,
328 3470 404 3532 ὡς
433 3470 626 3537 ἔγνων,
657 3471 996 3542 ὠνόμασται·
1034 3472 1156 3525 δυσὶ
1211 3474 1450 3536 σταδίοις
1487 3474 1664 3544 διέχον
1691 3475 1790 3543 τῆς

223 3561 452 3624 πόλεως·
476 3563 613 3615 ὅπου
633 3563 698 3633 δὴ
729 3565 824 3616 καὶ
855 3563 1125 3634 τετραετῆ
1159 3564 1320 3626 αὐτός
1367 3581 1498 3633 φησι
1542 3563 1790 3618 διανῦσαι

221 3654 316 3706 τὸν
345 3654 538 3724 χρόνον
563 3655 744 3725 πάσης
776 3656 1071 3710 ἀπολαύων
1097 3655 1269 3725 τιμῆς
1286 3695 1299 3708 .
1324 3656 1560 3709 Ἔπειτα
1589 3656 1794 3726 διηγείο

220 3757 336 3811 ται,
374 3745 448 3808 ὡς
477 3746 761 3800 Θεοδοσίου
805 3747 1146 3817 θεσπίσματι
1224 3747 1406 3815 φυγάς
1451 3748 1533 3809 είς
1597 3748 1792 3800 Ὄασιν

219 3839 450 3906 γίνεται.
480 3840 553 3892 Τὸ
580 3839 638 3892 δὲ
670 3839 886 3912 καίριον
912 3839 1287 3910 ἀπεκρύψατο·
1313 3840 1507 3909 ὅτιπερ
1550 3839 1662 3892 οὐδ’
1698 3838 1792 3890 οὖ-

219 3947 330 3992 τως
362 3929 500 3998 ἔχων
528 3934 630 4000 τῆς
658 3930 977 4002 βλσφημίας
1006 3933 1226 4002 ἠρέμει.
1259 3931 1368 3985 Καί
1391 3947 1515 3985 τινα
1545 3930 1590 3984 δ’
1604 3930 1792 3997 ἕτερον

218 4019 380 4088 λόγον
405 4020 865 4090 διαλογικώτερον
898 4019 1036 4090 πρός
1064 4036 1190 4073 τινα
1213 4019 1511 4088 Αίγύπτιον
1562 4019 1788 4089 γράφει,

219 4113 278 4166 ὲν
367 4113 438 4164 τὰ
495 4129 560 4165 πε
572 4113 626 4182 pl.
648 4113 749 4175 τῆς
773 4111 853 4175 είς
877 4112 1076 4164 Ὄασιν
1133 4110 1433 4178 φυγαδείας
1457 4109 1792 4177 πλατύτερον

218 4204 573 4274 διεξέρχεται.
608 4203 717 4258 Nal.
745 4203 852 4273 μὴν
883 4203 978 4256 καὶ
1007 4202 1066 4269 ἐξ
1088 4201 1263 4256 ἀλλων
1283 4202 1628 4273 γραμμάτων
1651 4201 1791 4254 ἑλεῖν

217 4299 366 4351 ἔστιν
396 4291 469 4349 ὣν
493 4296 582 4350 διὰ
610 4296 726 4358 τὰς-
759 4294 1114 4365 βλασφημίας
1165 4294 1472 4363 ἀπήλαυσε,
1532 4293 1625 4346 τὸν
1655 4295 1792 4346 πάν·

1891 3109 2137 3166 fensione
2178 3109 2382 3175 refert,
2421 3110 2822 3174 Theodosium,
2853 3118 3079 3179 propter
3107 3109 3471 3162 commisera-

1894 3203 2126 3266 tionem,
2173 3201 2409 3270 primum
2443 3202 2801 3273 rejectionem
2847 3202 2968 3271 ejus
3009 3201 3336 3254 auctoritate
3368 3215 3467 3254 sua

1890 3311 2000 3350 non
2029 3293 2421 3360 confirmasse;
2466 3293 2563 3349 ubi
2602 3309 2736 3349 vero
2769 3293 3014 3364 episcOpi
3053 3292 3278 3363 quidam
3314 3291 3466 3346 Con-

1892 3385 2250 3453 stantinopoli
2298 3383 2618 3448 venissent,
2667 3385 2811 3438 utin
2863 3385 3262 3438 monasterium
3299 3397 3462 3435 suum

1891 3485 2280 3540 reverteretur,
2307 3475 2638 3544 permissum
2664 3476 2712 3528 ei
2749 3489 2892 3535 esse.
2924 3475 3073 3543 quod
3099 3483 3253 3527 extra
3282 3473 3468 3526 Theo-

1891 3567 2058 3636 polim
2092 3566 2256 3619 situm
2288 3575 2393 3619 est.
2427 3565 2638 3618 Nomen
2673 3565 2895 3634 quidem
2925 3564 3070 3616 illius
3093 3579 3200 3615 non
3239 3576 3471 3630 expres-

1894 3659 2008 3712 sit:
2051 3657 2117 3711 ab
2163 3656 2448 3725 Euprepio
2486 3664 2667 3709 tamen
2715 3654 3142 3724 appellationem
3188 3652 3467 3720 accepisse

1893 3751 2018 3818 legi.
2055 3748 2259 3802 Stadiis
2297 3748 2350 3802 id
2384 3747 2600 3802 duobus
2649 3748 2717 3800 ab
2751 3746 2886 3800 urbe
2920 3760 2982 3799 ea
3014 3747 3202 3805 distat,
3241 3744 3333 3797 ubi
3367 3758 3468 3820 an-

1891 3856 1995 3895 nos
2015 3852 2251 3908 quatuor
2277 3855 2335 3895 se
2363 3841 2416 3893 in
2447 3840 2656 3893 honore
2682 3838 2829 3892 omni
2855 3838 3106 3904 exegisse
3132 3838 3226 3889 ait.
3259 3835 3465 3888 Deinde

1893 3939 2310 3992 commemorat.
2356 3940 2416 3985 ut
2449 3929 2752 3984 Theodosii
2791 3927 3078 3981 sanctione
3107 3925 3248 3994 apud
3281 3925 3465 3979 Oasim

1893 4025 2144 4078 exsulare
2176 4023 2362 4092 jussus
2395 4021 2489 4081 sit.
2523 4019 2618 4074 sed
2656 4033 2878 4074 causam
2915 4016 3092 4071 exsilii
3147 4015 3464 4083 primariam

1893 4117 2079 4172 celat:
2132 4114 2279 4184 quod
2328 4113 2584 4167 videlicet
2637 4110 2731 4164 tali
2780 4111 2947 4163 etiam
2999 4123 3181 4162 rerum
3236 4121 3462 4160 suarum

1895 4217 2040 4265 statu
2078 4223 2108 4262 a
2152 4205 2494 4276 blasphemia
2530 4219 2640 4258 non
2675 4202 2975 4257 destiterit.
3013 4201 3197 4254 Alium
3243 4212 3466 4267 quoque

1895 4299 2104 4354 librum
2139 4297 2206 4352 ad
2239 4295 2552 4366 Egyptium
2589 4293 2883 4364 quemdam
2926 4292 3188 4346 disertius
3221 4290 3463 4358 scripsit,

216 4402 325 4442 των
361 4388 558 4456 ἔφορον
589 4386 870 4455 ὀφθαλμὸν
908 4388 984 4456 μὴ
1020 4385 1222 4440 λαθών·
1255 4384 1294 4440 ἃ
1324 4385 1458 4456 πρὸς
1513 4384 1604 4438 τὸν
1635 4401 1786 4455 την.-

1896 4392 1948 4445 in
1986 4405 2098 4462 quo
2141 4389 2212 4445 de
2255 4389 2448 4444 exsilio
2492 4388 2558 4442 ad
2593 4385 2778 4442 Oasim
2815 4384 2994 4439 fusius
3041 4384 3173 4452 agit.
3226 4384 3300 4436 Ex
3340 4383 3468 4436 aliis

219 4480 398 4534 καῢτα
455 4481 564 4532 τῶν
600 4479 860 4548 Θηϐαίων
905 4477 1212 4550 ⁴ἡγούμενον
1246 4477 1457 4548 ἐδήλου·
1490 4477 1565 4539 ὡς
1593 4478 1783 4546 ἐπειδὴ

218 4573 296 4643 μὴ
351 4572 450 4641 τῆς
507 4571 816 4642 ἀνηκούσης
869 4569 1268 4636 ἑπεξελεύσεως
1323 4569 1456 4638 παρ’
1481 4569 1785 4640 ἀνθρώπων

213 4663 398 4731 ἔτυχε,
427 4661 550 4730 δίκη
581 4659 714 4714 Θεοῦ
768 4657 961 4711 τοῦτον
1007 4657 1176 4725 ἀξίως
1239 4657 1490 4726 μέτεισι,ί
1525 4660 1786 4727 συμφορᾷ

211 4755 312 4807 καὶ
342 4753 688 4822 αἰχμαλωσίᾳ
745 4752 1090 4823 ἐλεεινοτάτῃ
1139 4749 1533 4821 περιϐαλοῦσα·
1565 4750 1670 4812 ’ὡς
1723 4749 1783 4802 δὲ

211 4847 312 4900 καὶ
378 4847 638 4915 μειζόνων
703 4846 875 4914 ἐχρῆν
908 4847 1113 4899 ἐκεῖνον
1177 4843 1496 4898 ἀπολαῦσαι
1560 4843 1783 4904 ποινῶν,

135 4933 154 4945 ’
209 4938 314 5008 τῆς
347 4937 446 5006 μὲν
469 4938 531 4989 ὲκ
553 4937 661 4988 τῶν
684 4935 990 5005 Βλεμμύων
1029 4935 1224 5006 πείρας
1268 4935 1481 5004 ἀφίετο·
1555 4934 1787 4995 ἐκείνοις

211 5029 324 5097 γὰρ
359 5027 515 5096 ἔτυχε
551 5027 842 5097 γενόμενος
865 5027 1227 5094 δορυάλωτος·
1253 5026 1538 5078 Θεοδοσίου
1557 5026 1604 5078 δ’
1621 5027 1788 5094 ἔγνω-

210 5120 376 5181 κότος
431 5117 602 5172 αὐτοῦ
655 5118 756 5187 τὴν
809 5117 1091 5181 ἐπάνοδον,
1147 5116 1520 5186 θεσπίσμασιν
1565 5117 1783 5168 ἐκείνου

207 5213 338 5269 ταῖς
389 5209 642 5278 Θηϐαίων
674 5210 955 5278 ἐσχατιαῖς
976 5208 1082 5276 γῆν
1115 5210 1181 5261 ἐκ
1235 5208 1339 5276 γῆς
1373 5207 1620 5277 ἀμείϐων
1673 5207 1782 5278 ᾔει·

208 5303 271 5354 ὲν
297 5295 380 5364 οἷς
409 5303 476 5372 τῇ
503 5304 572 5372 γῇ
605 5300 924 5372 προσρηγνύ
934 5317 1116 5370 μενος,
1143 5301 1238 5354 καὶ
1266 5301 1782 5370 καταπατούμενυς,

207 5390 384 5456 ἀξίως
408 5393 506 5461 τῆς
533 5391 884 5462 βλασφημίας
919 5391 1011 5444 τὸν
1061 5391 1184 5460 τῇδε
1221 5391 1333 5460 βίον
1389 5390 1782 5460 κατέστρεψεν·

208 5483 376 5544 ἄλλος
407 5500 490 5547 τις
517 5484 736 5553 Ἀρειος
765 5487 830 5554 τῇ
863 5483 958 5536 τοῦ
1011 5482 1126 5554 βίου
1186 5485 1542 5554 καταστροφῇ
1646 5502 1783 5554 χρη-

211 5577 475 5646 ματίσας,
501 5571 588 5630 οἷα
616 5575 912 5648 τάπίχειρα
936 5578 1032 5643 τῆς
1099 5579 1178 5640 εἰς
1241 5577 1375 5630 Θεὸν
1426 5576 1780 5648 βλασφημίας

209 5668 666 5742 ἐκδιηγούμενος.
730 5669 836 5724 Καὶ
868 5669 974 5740 γὰρ
1008 5673 1096 5727 καὶ
1133 5673 1298 5742 ἄμφω
1318 5671 1516 5746 ἐπίσης
1540 5670 1777 5741 Χρίστὸν

1887 4496 2107 4553 quoque
2168 4480 2370 4534 litteris
2419 4479 2679 4548 colligere
2726 4485 2831 4539 est,
2881 4490 3004 4544 quae
3050 4474 3189 4526 mala
3242 4481 3468 4540 propter

1888 4573 2259 4642 biasphemias
2291 4572 2481 4626 tulerit
2501 4610 2515 4636 ,
2545 4585 2672 4625 cum
2704 4567 3078 4637 inspectorem
3124 4579 3306 4618 rerum
3344 4579 3467 4615 om-

1886 4669 2038 4722 nium
2085 4665 2307 4720 oculum
2356 4662 2549 4717 lallere
2596 4675 2708 4714 non
2750 4657 3033 4728 potuerit,
3079 4670 3216 4723 quas
3249 4654 3467 4708 litteras

1886 4759 1952 4812 ad
2025 4755 2340 4812 Thebarum
2401 4765 2514 4809 tum
2582 4754 2903 4822 praelectum
2961 4749 3145 4810 dedit,
3212 4745 3464 4799 indicans

1886 4847 2330 4919 quandoquidem
2382 4845 2704 4900 hominibus
2753 4843 3054 4910 condignas
3107 4853 3299 4907 pmnas
3351 4851 3460 4890 non

1888 4941 2121 5003 dederit,
2151 4938 2416 4993 divinitus
2448 4951 2507 4990 se
2528 4937 2674 5007 justa
2699 4933 2948 4988 vindicta
2973 4930 3284 5000 expetitum
3311 4943 3458 4991 esse,

1887 5045 2051 5103 atque
2098 5032 2154 5085 in
2201 5044 2504 5085 aerumnam
2555 5036 2612 5083 et
2667 5025 3045 5096 captivitatem
3087 5019 3460 5076 miserandam

1888 5125 2120 5179 maxime
2169 5119 2448 5175 incidisse.
2484 5119 2648 5190 518
2694 5117 2829 5173 Cum
2876 5131 3008 5171 vero
3053 5129 3180 5169 eum
3221 5113 3461 5182 majores

1887 5217 2227 5272 calamitates
2247 5213 2490 5282 experiri
2515 5220 2818 5281 oporteret,
2849 5225 2913 5264 ex
2938 5217 3208 5280 potestate
3235 5205 3458 5275 quidem

1888 5309 2286 5376 Blemmyarum
2311 5304 2400 5358 ille
2424 5303 2687 5359 dimissus
2711 5314 2796 5358 est
2857 5304 3070 5370 (eorum
3096 5289 3240 5354 enim
3279 5295 3458 5363 capti-

1888 5412 1985 5450 vus
2038 5395 2259 5462 fuerat),
2307 5387 2601 5447 Theodosii
2651 5403 2870 5453 autem.
2902 5391 2997 5460 qui
3051 5387 3278 5444 rediisse
3327 5397 3457 5437 eum

1887 5485 2251 5549 intellexerat,
2277 5482 2638 5553 jussionibus,
2674 5483 2728 5536 in
2761 5481 3026 5536 extremis
3053 5477 3452 5532 Thebanorum

1885 5579 2016 5644 oris,
2043 5579 2222 5632 locum
2251 5593 2314 5631 ex
2345 5576 2464 5631 loco
2496 5583 2735 5639 mutans,
2763 5583 3009 5628 versatus
3036 5578 3139 5627 est.
3169 5569 3270 5624 Ubi
3304 5576 3454 5622 terra

1887 5679 2043 5738 rupta
2091 5676 2381 5738 coopertus
2409 5675 2571 5736 atque
2607 5679 2928 5735 oppressus,
2972 5663 3138 5718 vitam
3175 5661 3316 5715 hanc
3346 5671 3449 5728 pro
