3910 6218
221 231 359 311 1181‘

1139 253 1736 322 Eccussmsncs
1778 249 2168 326 HISTORIA!
2207 255 2356 326 LIB.
2403 257 2566 327 XIV.

3349 264 3489 331 πλε-ιε

214 365 533 436 ὑπόμνησιν
567 364 722 437 παρά
749 367 954 438 πατρὸς
991 370 1129 440 πρὸς
1171 375 1289 426 υἱὸν
1319 375 1379 428 τὸ
1435 376 1615 446 παρὸν
1643 378 1796 432 τοῦτο

1910 382 2177 453 deinceps
2217 382 2671 453 generationibus
2715 392 2772 438 et
2800 381 3060 437 aetatibus
3106 384 3309 450 tragica
3341 387 3488 438 voci-

215 457 608 525 λογισάμενος,
663 457 932 528 ἀνάσχου,
972 463 1302 531 παρακαλῶ,
1361 468 1462 536 τῆς
1529 468 1589 520 ἐν
1651 468 1798 538 αὐτῷ

214 549 530 620 διηγήσεως
555 550 686 620 περὶ
707 551 940 614 πολλῶν,
977 553 1102 606 καθ’
1133 555 1259 608 ὅσον
1288 557 1416 628 ἐνῆν
1471 561 1800 630 γεγραμμέ-

211 653 319 710 νης
359 641 678 728 παρ’ήμῶν
729 642 1098 713 βραχυλογίας
1157 646 1346 718 οὔσηςο
1405 651 1646 716 Ὀἀσεως
1700 657 1798 723 τῆς

213 733 558 817 καὶΓίϐεως
634 735 698 788 ἐκ
747 735 960 788 πολλῶν
1017 739 1211 809 πριὲέην
1261 741 1652 814 ἀφανισθείσης
1703 745 1798 799 τοῦ

212 827 325 880 τῶν
350 825 618 896 Νομάδων
652 827 894 897 πλήθους
945 830 1035 883 ἐπ’
1089 833 1262 901 αὐτὴν
1314 834 1781 904 ἀναδραμόντος.»

215 918 328 970 Καὶ
356 915 476 987 μεθ’
505 917 692 988 ἔτερα·
728 935 747 969 ι
777 918 998 973 Τούτων
1049 920 1106 973 δὲ
1157 922 1330 986 οὕτως
1366 926 1796 994 συμϐαινόντων,

213 1007 319 1060 οὐκ
347 1002 445 1060 οἷδ’
470 1009 534 1060 ἐκ
571 1009 735 1067 ποίας
760 1009 1021 1078 ἀφορμῆς
1052 1010 1082 1079 ἢ
1114 1012 1274 1064 ποίαν
1301 1013 1556 1084 ἀφορμὴν
1595 1014 1799 1068 λαϐού-

221 1118 326 1169 σης
381 1100 484 1170 τῆς
541 1102 643 1169 σῆς
698 1101 1200 1172 μεγαλοπρεπείας,
1260 1104 1398 1174 πρὸς
1449 1106 1801 1177 ἐλεφαντίνην

214 1192 344 1245 τινὰ
369 1192 466 1260 τῆς
497 1193 754 1264 Θηϐαίων
785 1195 1060 1266 ἐπαρχίας
1105 1196 1285 1266 πέρας
1313 1197 1481 1253 οὖσαν
1528 1200 1800 1271 βαρϐαρι-

220 1285 337 1338 κῶν
362 1286 449 1338 διὰ
498 1287 852 1355 στρατιωτῶν
889 1288 953 1340 ἐκ
1007 1291 1109 1357 τῆς
1175 1289 1352 1351 Πανὸς
1410 1291 1798 1362 ἐπεμπόμεθα,

222 1379 516 1448 συρόμενοι
543 1379 681 1448 πρὸς
704 1378 876 1448 αὐτὴν
913 1379 1000 1433 διὰ
1025 1380 1127 1450 τῆς
1174 1383 1584 1453 προρῤηθείσης
1636 1401 1802 1455 στρα-

216 1472 479 1538 τιωτικῆς
504 1469 779 1540 βοηθείας·
810 1471 906 1524 καὶ
930 1472 1008 1541 τῷ
1041 1473 1250 1525 πλείονι
1287 1474 1384 1544 τῆς
1412 1473 1535 1527 ὁδοῦ
1570 1493 1796 1545 συντρι-

218 1564 437 1627 ϐέντες,
474 1565 639 1618 πάλιν
674 1565 922 1634 ἄγραφον
951 1565 1050 1633 τῆς
1099 1569 1198 1635 σῆς
1227 1567 1454 1636 ἀνδρίας
1511 1567 1800 1638 καταλαμ·

218 1657 459 1726 ϐάνομεν
477 1659 758 1728 κέλευσμα
777 1658 855 1720 είς
872 1657 968 1726 τὴν
994 1659 1165 1720 flave;
1191 1659 1550 1730 ὑποστρέψειν
1570 1661 1802 1728 .Συγκο.

1910 473 2107 529 feratio
2134 490 2233 530 seu
2268 474 2557 544 quiritatio
2592 473 2912 537 invalescat,
2949 475 3145 529 melius
3180 491 3299 529 esse
3335 487 3394 530 ut
3427 481 3479 529 in

1908 565 2278 621 Barbarorum
2327 566 2527 636 aliquis
2573 574 2845 634 potestate
2889 567 3142 635 captivus
3175 567 3280 630 sit,
3321 585 3484 638 quam

1908 659 1974 714 ad
2021 660 2388 714 Romanorum
2446 658 2737 727 imperium
2763 659 2988 727 supplex
3015 659 3327 727 confugiat-
3357 679 3377 712 ι
3423 662 3488 715 Et

1901 751 2216 822 juramento
2247 751 2593 820 interposito,
2623 751 2945 820 petitionem
2977 751 3138 804 talem
3165 751 3474 821 subjunxit:

1927 842 2152 896 cPatere
2182 857 2282 896 nos
2314 842 2404 896 hic
2438 858 2504 897 ex
2532 841 2657 897 Oasi
2694 857 2948 896 reversos
2977 857 3216 906 manere,
3235 843 3396 898 sicuti
3431 843 3483 896 id

1910 933 2069 988 nobis
2121 934 2344 988 Barbari
2393 934 2736 1003 permisere:
2789 944 2850 986 ut
2897 948 3048 988 nunc
3091 935 3281 997 etiam,
3335 935 3483 1003 quod

1913 1025 2022 1080 Deo
2049 1025 2224 1080 visum
2243 1035 2347 1091 est,
2380 1025 2447 1079 de
2463 1025 2620 1080 nobis
2641 1024 3067 1079 constituatur.»
3118 1026 3179 1077 ln
3213 1025 3319 1078 alia
3353 1041 3483 1078 rur-

1909 1133 2029 1172 sum
2048 1119 2277 1188 epistola
2300 1118 2366 1172 ad
2379 1119 2632 1172 eumdem
2648 1117 2762 1172 haec
2776 1117 3003 1171 scribit:
3033 1132 3050 1166 ι
3070 1114 3196 1170 Sive
3214 1115 3478 1182 scriptum

1910 1209 2040 1272 hoc,
2071 1218 2130 1263 ut
2157 1209 2344 1272 amici,
2373 1209 2439 1264 ad
2468 1207 2928 1278 magniﬁcentiam
2962 1217 3131 1270 tuam,
3159 1206 3481 1274 epistolam.

1909 1313 2005 1354 seu
2037 1308 2096 1353 ut
2139 1299 2312 1368 patris
2349 1299 2416 1353 ad
2466 1300 2638 1353 ﬁlium
2676 1297 3170 1353 commonitionem
3218 1296 3480 1364 accipias,

1909 1403 2018 1442 non
2055 1389 2254 1458 rejice,
2305 1396 2356 1442 te
2405 1404 2618 1458 quzeso.
2653 1403 2774 1456 quae
2820 1388 2877 1441 in
2918 1402 2985 1442 eo
3013 1395 3119 1452 est,
3157 1400 3317 1454 quam
3364 1384 3483 1438 ﬁeri

1909 1480 2086 1548 potuit
2114 1479 2495 1534 brevissimam
2529 1479 2599 1533 de
2635 1480 2801 1533 rebus
2837 1480 3023 1532 multis
3063 1478 3480 1532 narrationem:

1909 1586 2033 1625 cum
2069 1571 2244 1634 Oasis,
2275 1588 2394 1641 qua:
2423 1572 2588 1625 etiam
2618 1572 2724 1626 ibis
2755 1572 2900 1626 dicta
2931 1579 3035 1631 est.
3070 1568 3276 1623 dudum
3310 1585 3336 1619 a
3373 1567 3484 1621 No-

1911 1663 2131 1716 madum
2157 1664 2528 1726 multitudine,
2548 1665 2641 1734 qui
2671 1665 2723 1718 in
2743 1679 2862 1718 eam
2889 1670 3274 1723 excurrerant,
3295 1671 3480 1716 vasta-

221 1751 415 1812 πέντες
444 1749 502 1802 δὲ
527 1752 638 1813 τοῖς
667 1751 767 1820 τῆς
799 1753 896 1818 σῆς
931 1751 1241 1821 ὁδοιπορίας
1301 1753 1705 1820 συμπτώμασιν
1734 1753 1793 1804 ἐν

1902 1760 1950 1806 ta
1977 1753 2100 1806 sit.»
2137 1753 2200 1807 Et
2224 1765 2442 1823 postea:
2494 1774 2511 1806 ι
2545 1757 2668 1809 llaec
2692 1771 2815 1808 cum
2843 1755 2922 1808 sic
2945 1754 3267 1817 acciderint,
3293 1752 3478 1807 nescio

216 1841 460 1894 νοσοῦντι
481 1842 575 1894 καὶ
604 1841 912 1910 γηράσαντι
953 1840 1191 1910 σώματι,
1227 1842 1320 1896 καὶ
1351 1843 1449 1911 τὴν
1489 1844 1797 1911 χεῖρα,)›ιαὶ

217 1935 320 2004 τὴν
347 1935 591 2003 πλευρὰν
640 1931 1036 2004 συντριϐέντες,
1068 1935 1393 2004 ἀφικόμεθα
1416 1935 1578 1988 πάλιν
1599 1937 1676 1998 είς
1701 1935 1800 2006 τὴν

222 2027 406 2090 Πανὸς
429 2028 630 2096 τρόπον
683 2027 805 2080 τινὰ
833 2025 1312 2098 ψυχορραγοῦντες
1371 2029 1486 2090 τοῖς
1543 2029 1802 2097 συμπτώ-

225 2137 416 2190 μασιν,
452 2120 532 2173 ἐτι
560 2122 671 2182 τοῖς
703 2121 812 2171 τῶν
837 2119 1150 2188 ἀλγηδόνων
1208 2121 1641 2190 μαστιγούμενοι
1693 2139 1798 2175 κα-

220 2215 365 2275 κοῖς.
399 2213 618 2281 Μετῆγε
648 2211 705 2265 δὲ
763 2211 928 2264 πάλιν
961 2213 1110 2281 ἡμᾶς
1161 2214 1224 2264 ἐκ
1283 2213 1384 2280 τῆς
1421 2215 1599 2276 Πανὸς
1659 2213 1798 2282 πρὸς

217 2307 322 2376 τὴν
355 2307 446 2359 ὑπ’
467 2307 634 2375 αὐτὴν
657 2304 872 2377 ἐνορίαν
907 2306 1100 2376 ἕτερον
1141 2305 1243 2375 τῆς
1303 2307 1657 2374 σῆςίάνδρίας
1705 2305 1798 2373 ἔγ-

219 2418 437 2470 γραφον
479 2399 779 2470 ίπτάμενον
836 2400 1187 2470 πρόσταγμα.
1245 2399 1436 2454 Ταῦτα
1499 2398 1796 2467 στήσεσθαι

221 2495 346 2548 καθ’
377 2493 536 2566 ἡμῶν
591 2493 980 2564 λογιζομένων,
1035 2493 1129 2546 καὶ
1177 2492 1238 2545 τὸ
1289 2495 1402 2554 τοῖς
1457 2491 1796 2554 καλλινίκοις

220 2586 505 2657 βασιλεῦσι
541 2586 673 2656 περὶ
725 2585 888 2655 ἡμῶν
943 2584 1136 2638 δοκοῦν
1182 2584 1588 2655 ἀναμενόντων,
1651 2583 1797 2649 ἐξαί-

220 2697 362 2751 φνης
396 2680 536 2749 πρὸς
569 2678 739 2748 ἀλλην
770 2677 986 2747 ἐξορίαν
1017 2677 1140 2731 καθ’
1175 2677 1334 2748 ἡμῶν
1387 2678 1657 2746 τετάρτην
1685 2675 1795 2730 πά-

222 2777 306 2824 λιν
321 2770 554 2838 ἀφειδῶς
584 2769 710 2822 ἀλλο
729 2769 1058 2822 συνετίθετο.
1076 2788 1095 2822 ›
1127 2770 1236 2823 Καὶ
1265 2769 1385 2840 μετ’
1402 2769 1582 2837 ὀλίγα·
1610 2786 1632 2820 ι
1653 2767 1798 2820 Ἀλλ’

221 2860 526 2931 ἀρκέσθητι
553 2864 668 2923 τοῖς
697 2860 1139 2930 πεπραγμένοις,
1172 2861 1506 2932 παρακαλῶ,
1563 2861 1659 2913 καὶ
1706 2875 1796 2911 το-

221 2953 430 3014 σαύτας
453 2951 576 3004 καθ’
612 2951 732 3014 ἐνὸς
761 2951 1017 3021 σώματος
1049 2953 1264 3022 ἐξορίας
1294 2952 1522 3022 ὁρίζειν,
1570 2953 1666 3005 καὶ
1694 2954 1795 3023 τῆς

221 3046 314 3098 ἐπὶ
353 3048 465 3108 τοῖς
491 3044 776 3116 ἀναχθεῖσι
801 3045 954 3116 παρᾶ
1002 3047 1102 3114 τῆς
1153 3046 1254 3114 σῆς
1287 3046 1793 3115 μεγαλοπρεπείαςο

220 3142 314 3194 διαὶ
351 3140 666 3211 παρ’ἠμῶν
707 3140 765 3192 δὲ
795 3139 864 3192 δι’
897 3134 973 3193 ὧν
1019 3141 1190 3210 ἐχρῆν
1247 3139 1624 3210 γνωρισθῆναι
1681 3141 1796 3202 τοῖς

219 3229 561 3290 καλλινίκοις
600 3229 762 3298 ήμῶν
812 3227 1100 3296 βασιλεῦσι
1146 3228 1476 3297 δοκιμασίας
1513 3229 1792 3292 ἐπιεικῶς,

219 3322 550 3393 παρακαλῶ,
591 3319 1020 3392 παραχώρησον.
1067 3319 1254 3374 Ταῦτα
1287 3321 1420 3390 παρ’
1455 3321 1610 3390 ἡμῶν
1645 3321 1797 3391 παρά

219 3416 432 3482 πατρὸς
471 3414 545 3476 ὡς
586 3414 722 3484 πρὸς
751 3413 865 3465 υἱὸν
899 3412 1385 3482 συμϐουλεύματα.
1422 3413 1562 3466 Είδὲ
1596 3415 1798 3479 ἀγανα-

221 3505 508 3574 κτήσειας,
544 3503 638 3554 καὶ
667 3501 760 3554 νῦν
785 3500 860 3564 ὡς
890 3501 1177 3570 πρότερον,
1221 3501 1431 3570 πρᾶττε
1480 3501 1540 3552 τὸ
1584 3499 1792 3553 δοκοῦν⁸

225 3596 289 3650 εῐ
321 3613 385 3662 γε
442 3594 536 3648 τοῦ
567 3593 852 3656 δοκοῦντος
878 3592 1036 3660 λόγος
1094 3591 1273 3654 οὐδεὶς
1335 3591 1727 3662 δυνατώτερος.
1772 3609 1790 3642 ι

218 3688 511 3759 Νεστόριος
544 3688 643 3757 μὲν
671 3685 762 3740 οῦν
783 3684 931 3739 οὕτω
955 3687 1058 3738 κάν
1098 3686 1214 3746 τοῖς
1241 3684 1536 3754 γράμμασι
1561 3682 1666 3750 πὺξ
1697 3683 1796 3749 λάξ

217 3782 396 3846 παίει,
433 3780 626 3850 βαίνει⁶
680 3781 775 3834 καὶ
829 3777 1000 3848 αὐτὴν
1060 3777 1337 3846 βασίλειον
1389 3775 1663 3842 ἐξουσίαν,
1720 3775 1797 3836 ὡς

217 3875 374 3946 ὁρᾷς,
419 3871 782 3942 βλασφημῶν,
816 3871 1046 3940 μηδέπω
1074 3871 1456 3941 σωφρονήσας,
1498 3869 1596 3923 καὶ
1619 3870 1795 3922 ταῦτα

216 3965 529 4036 τηλικαῦτα
551 3963 763 4020 παθών.
808 3963 1211 4033 Συγγράμματι
1256 3963 1313 4016 δέ
1341 3980 1484 4025 τινος
1541 3962 1795 4032 ἐντυχόν-

216 4076 336 4126 τες,
379 4068 476 4115 καί⁵
525 4065 625 4129 τὴν
679 4059 942 4128 τελευτὴν
997 4058 1213 4109 ἐκείνου
1265 4057 1645 4126 διηγουμένου,
1700 4057 1796 4108 καὶ

214 4151 428 4216 ταύτην
453 4153 524 4221 τῇ.
563 4150 859 4218 συγγραφῇ
889 4145 1314 4218 παραδώσομεν
1371 4145 1523 4214 ἔλεγε
1558 4145 1666 4214 γὰρ
1719 4145 1796 4208 ὡς

215 4244 316 4315 τὴν
348 4243 598 4311 γλῶτταν
622 4239 950 4310 διαϐρωθεὶς
1001 4238 1298 4308 σκώληξιν,
1352 4239 1445 4291 ἐπὶ
1495 4239 1566 4292 τὰ
1617 4239 1794 4308 μείζω

217 4337 315 4390 καὶ
343 4334 588 4389 ἀθάνατα
619 4331 979 4400 κολαστήρια,
1005 4330 1104 4392 τὰς
1154 4328 1466 4398 ἀνηκούσας
1517 4327 1796 4382 ἀποτίσων

1903 1861 2011 1915 qua
2045 1845 2111 1899 de
2145 1861 2328 1908 causa,
2368 1856 2461 1899 aut
2495 1863 2600 1915 qua
2633 1855 2848 1916 arrepta
2883 1846 3196 1910 occasione,
3230 1844 3479 1914 magniﬁ-

1902 1939 2082 1992 centia
2109 1947 2200 1992 tua
2227 1953 2327 1991 nos
2353 1954 2450 2006 per
2473 1937 2744 1992 Barbaros
2770 1937 2972 1990 milites
2993 1953 3058 1990 ex
3083 1935 3245 1990 Panis
3274 1935 3477 2003 oppido

1901 2031 1968 2084 ad
2004 2029 2298 2099 quamdam
2343 2029 2708 2097 Elephantina
2740 2029 2844 2098 (l),
2878 2044 3000 2097 qua:
3034 2027 3310 2080 Thebana:
3348 2041 3478 2095 pro-

1901 2122 2094 2176 vinciae
2129 2121 2252 2176 ﬁnis
2296 2129 2412 2184 est,
2447 2120 2726 2189 deportari
2771 2120 3074 2176 curaverit.
3127 2120 3193 2172 Et
3237 2133 3362 2173 cum
3407 2116 3476 2170 ad

1896 2214 2042 2268 illam
2077 2230 2174 2282 per
2208 2229 2272 2268 ea
2306 2228 2428 2282 quas
2455 2211 2697 2266 diximus
2724 2213 2987 2265 militaria
3017 2211 3220 2264 auxilia
3255 2223 3476 2275 rapere-

1899 2323 2047 2372 mur,
2093 2315 2150 2361 et
2201 2307 2406 2376 majore
2443 2304 2660 2358 itineris
2708 2312 2862 2372 parte
2926 2303 3172 2358 coniecta
3207 2303 3478 2370 aﬁligerc-

1899 2412 2055 2458 mur,
2120 2411 2342 2451 rursum
2399 2410 2429 2448 a
2492 2393 2816 2448 fortitudine
2847 2403 2936 2448 tua
2990 2395 3292 2465 jussionem
3351 2394 3473 2447 sine

1897 2488 2105 2558 scripto
2141 2489 2474 2557 accepimus,
2517 2497 2577 2542 ut
2620 2487 2675 2541 in
2707 2486 2984 2541 civitatem
3024 2485 3192 2540 Panis
3223 2495 3471 2539 reverte-

1899 2595 2109 2636 remur.
2150 2579 2216 2634 Et
2251 2580 2492 2644 itineris,
2527 2579 2674 2649 quod
2703 2580 2860 2650 jussu
2895 2586 2991 2632 tuo
3023 2593 3468 2647 susceperamus,

1898 2675 2121 2730 casibus
2168 2673 2444 2738 coniecti,
2488 2688 2721 2744 corpore
2770 2675 2964 2727 morbo
3012 2673 3176 2726 simul
3215 2681 3269 2727 et
3315 2671 3472 2726 senio

1896 2766 2264 2827 iabel’actato,
2294 2780 2518 2819 necnon
2558 2780 2725 2819 manu
2763 2773 2819 2818 et
2861 2765 3036 2818 latere
3078 2763 3380 2826 convulso,
3417 2763 3471 2816 in

1897 2857 2060 2913 Panis
2089 2858 2350 2928 oppidum
2385 2859 2593 2912 reversi
2627 2872 2842 2918 sumus,
2896 2856 3059 2926 520
3107 2857 3292 2910 animo
3333 2870 3474 2924 quo-

1901 2950 2026 3005 dam
2039 2951 2201 3004 modo
2231 2950 2333 3004 vim
2369 2950 2656 3004 laboribus
2680 2949 3022 3005 deﬁcientes.
3040 2949 3234 3003 Adhuc
3255 2949 3472 3004 crucia-

1902 3046 2047 3101 tibus
2093 3045 2345 3101 dolorum
2394 3045 2792 3115 aﬁligebamur,
2840 3052 2894 3096 et
2942 3043 3006 3096 ad
3059 3043 3206 3096 a!iud
3251 3058 3470 3096 rursum

1901 3137 2244 3192 fortitudinis
2280 3147 2387 3192 tuae
2420 3137 2688 3191 advolans
2727 3137 2994 3206 scriptum
3029 3136 3371 3200 mandatum,
3406 3149 3475 3188 ex

1899 3227 2063 3282 Panis
2107 3228 2244 3282 urbe
2290 3228 2343 3282 in
2385 3227 2552 3281 alium
2588 3227 2818 3284 ditionis
2849 3229 2968 3297 ejus
3003 3227 3183 3281 lucum
3219 3227 3478 3281 translati

1899 3325 2112 3374 sumus.
2163 3319 2395 3374 Etcum
2454 3319 2584 3372 talia
2637 3319 2910 3373 adversus
2965 3336 3066 3372 nos
3106 3319 3474 3387 conquietura

1898 3419 2254 3479 putaremus,
2303 3419 2357 3463 et
2409 3410 2540 3478 quid
2593 3409 2662 3463 de
2712 3409 2870 3463 nobis
2912 3411 3150 3462 victores
3190 3410 3480 3477 principes-

1899 3511 2226 3566 statuerent,
2255 3511 2726 3571 exspectaremus,
2755 3502 2904 3554 aliud
2939 3501 3125 3554 subito
3149 3502 3268 3553 sine
3295 3502 3470 3570 gratia

1898 3596 2070 3657 omni,
2101 3595 2170 3649 de
2203 3595 2594 3664 longinquiore
2625 3594 2755 3660 alio,
2791 3605 2848 3648 et
2886 3603 3084 3662 quarto
3118 3595 3222 3663 jam
3253 3593 3470 3658 exsilio,

1900 3687 2214 3742 mandatum
2235 3688 2602 3756 compositum
2631 3694 2736 3739 est.
2771 3706 2789 3738 ι
2820 3686 2884 3739 Et
2909 3686 3069 3754 paulo
3101 3695 3258 3756 post:
3304 3704 3321 3736 ι
3362 3684 3476 3740 Sed

1896 3781 2188 3849 acquiesce
2223 3778 2440 3832 tandem
2476 3778 2528 3831 in
2569 3779 2651 3832 eis
2681 3792 2803 3846 qua:
2844 3776 2986 3829 facta
3031 3785 3184 3840 sunt,
3221 3792 3374 3846 rogo,
3417 3785 3473 3830 et

1899 3881 1978 3926 tot
2007 3871 2276 3926 adversus
2323 3885 2528 3940 corpus
2561 3885 2731 3923 unum
2780 3868 2972 3924 exsilia
3021 3868 3324 3922 decernere
3375 3869 3480 3922 de-'

1897 3970 2039 4028 sine,
2077 3974 2133 4020 et
2169 3977 2250 4020 tot
2279 3964 2690 4020 calamitatibus
2720 3977 2842 4021 quae
2877 3977 2907 4016 a
2940 3961 3347 4032 magniﬁcentia
3379 3971 3476 4013 tua:

1898 4061 2247 4130 pertulimus,
2272 4069 2574 4114 contentus
2598 4072 2744 4113 esto.
2776 4059 2844 4112 Et
2875 4058 3035 4111 nobis
3063 4072 3163 4126 per
3197 4057 3472 4117 homines,

1896 4171 2036 4225 quos
2088 4155 2387 4218 convenit,
2448 4153 2782 4207 sententiam
2838 4154 3108 4206 victorum
3163 4149 3472 4219 principum

1897 4255 2210 4299 nostrorum
2259 4244 2548 4314 explorare
2579 4243 2914 4306 humaniter,
2951 4256 3156 4311 quaeso,
3191 4241 3472 4310 permitte.

1899 4336 2026 4392 Haec
2069 4346 2295 4402 nostra,
2332 4337 2504 4391 veluti
2544 4337 2747 4406 patris,
2791 4335 2858 4389 ad
2906 4344 2957 4389 te
3002 4346 3263 4404 tanquam
3301 4335 3474 4388 ﬁlium

223 4428 480 4491 εὐθύνας,
551 4424 758 4478 στένων
821 4425 916 4477 καί¹
985 4423 1313 4492 ὀδυρόμενος
1383 4421 1791 4492 μετεχώρησεν.

1902 4429 2129 4485 consilia
2157 4439 2309 4484 sunt.
2357 4429 2454 4484 Sin
2495 4443 2560 4483 ea
2592 4429 2816 4498 indigne
2860 4427 3026 4493 feres,
3072 4439 3187 4480 tum
3227 4438 3280 4479 tu
3327 4443 3476 4481 nunc

222 4523 460 4576 Ἔπειτα
484 4518 541 4573 δὲ
572 4519 668 4571 καὶ
702 4516 984 4578 Θεοδόσιος
1024 4515 1209 4568 θεόθεν
1279 4513 1601 4582 κινούμενος
1648 4511 1794 4566 ἁπά-

223 4631 348 4676 σαις
375 4611 578 4681 ψήφοις
607 4609 700 4663 τὸν
732 4606 908 4676 ἀσεϐῆ
935 4605 1257 4670 κατεδίκαζε
1291 4606 1610 4677 περιϐαλὼν
1656 4607 1789 4660 ἀνα-

177 4744 190 4780 ,
221 4707 446 4776 θέματι,
483 4701 628 4755 οῦτω
675 4701 810 4771 πρὸς
848 4700 994 4766 λέξιν
1025 4699 1452 4770 ἀποφηνάμενος
1507 4701 1565 4754 ἐν
1612 4699 1797 4754 διατά-

218 4801 328 4863 ξει,
371 4797 406 4868 ὴ
438 4798 504 4868 τῇ
565 4793 733 4863 βίϐλῳ
765 4791 1149 4846 ἰουστινιανοῦ
1197 4791 1468 4859 ἔγκειται·
1527 4789 1694 4856 κῶδιξ
1736 4791 1793 4844 δὲ

170 4885 176 4890 ’
210 4887 277 4940 τὸ
303 4885 508 4956 βιϐλίον
536 4881 874 4952 ὠνόμασται,
904 4880 1060 4949 τρίτη
1095 4880 1186 4933 τὸν
1239 4881 1478 4949 ἀριθμὸν
1515 4879 1610 4932 τοῦ
1641 4878 1795 4950 πρώ-

214 4993 316 5030 του
374 4973 552 5027 τίτλου
606 4975 976 5043 τυγχάνουσω
1013 4973 1188 5037 «Ἔτι,
1243 4971 1401 5042 φησὶ,
1459 4971 1794 5042 θεσπίζομεν

216 5069 350 5129 τοὺς
381 5065 676 5136 ζηλοῦντας
709 5065 808 5137 τὴν
833 5065 1006 5133 ἀσεϐῆ
1060 5065 1358 5134 Νεστορίου
1417 5065 1622 5129 πίστιν,
1657 5067 1690 5137 ἢ
1724 5069 1791 5138 τῇ

216 5161 471 5232 ἀθεμίτῳ
500 5161 665 5216 αὑτοῦ
697 5162 1020 5231 διδασκαλία
1071 5160 1526 5226 ἀκολουθοῦντας,
1588 5165 1637 5216 εί
1695 5164 1796 5232 μὲν

216 5256 518 5308 ἐπίσκοποι
542 5251 652 5310 εἷεν
685 5256 718 5326 ἢ
761 5256 1042 5327 κληρικοὶ,
1073 5257 1184 5310 τῶν
1243 5259 1560 5328 ἐκκλησιῶν
1596 5259 1798 5312 ἐκϐἀλι

216 5348 436 5402 λεσθαι·
466 5349 517 5400 εί
541 5349 598 5401 δὲ
628 5349 827 5410 λαῖκοὶ,
861 5349 1391 5420 ἀναθεματίζεσθαι.
1429 5370 1447 5402 ι
1507 5351 1717 5414 Πολλὰς
1743 5353 1799 5407 δὲ

216 5441 317 5493 καὶ
351 5439 533 5503 ,ἄλλας
580 5439 907 5508 νομοθεσίας
969 5441 1072 5510 τῆς
1115 5442 1399 5511 ἡμετέρας
1457 5443 1619 5512 χάριν
1671 5443 1802 5514 θρη-

216 5532 411 5594 σκείας
501 5531 744 5600 ἐντίθησι
819 5532 913 5588 τὸν
1008 5537 1136 5603 περὶ
1219 5533 1458 5604 Χριστοῦ
1530 5534 1799 5606 διάπυρον

1905 4536 2127 4590 quoque
2151 4561 2164 4583 .
2197 4521 2359 4576 sicuti
2402 4531 2562 4576 antea
2587 4564 2600 4588 ,
2637 4522 2782 4591 quod
2825 4522 3086 4590 placitum
3129 4519 3224 4572 tibi
3261 4527 3365 4582 est,
3396 4520 3476 4572 fa-

1903 4614 2016 4668 cito
2048 4629 2063 4666 :
2109 4614 2386 4683 siquidem
2421 4615 2748 4668 sententiam
2800 4623 2947 4667 tuam
2997 4613 3174 4666 oratio
3206 4613 3352 4664 nulla
3380 4613 3476 4664 ﬁe-

1905 4716 2055 4762 ctere
2108 4719 2204 4762 aut
2255 4708 2479 4762 vincere
2527 4717 2731 4776 potest.
2787 4723 2807 4757 ι
2864 4705 3150 4759 Nestorius
3197 4704 3365 4773 igitur
3419 4704 3480 4757 in.

1902 4797 2102 4852 litteris
2142 4812 2364 4866 quoque
2418 4797 2583 4864 ipsis,
2632 4795 2830 4864 pugnis
2863 4804 2918 4848 et
2963 4793 3209 4848 calcibus
3261 4794 3479 4862 impetit

1903 4901 2068 4960 atque
2113 4891 2373 4951 insultat.
2425 4890 2836 4956 imperatoriam
2893 4887 3064 4943 etiam
3122 4898 3478 4956 potestatem,

1901 4982 2064 5037 sicuti
2097 4981 2272 5044 vides,
2305 4981 2733 5049 blaSphemans:
2766 4989 2934 5048 atque
2967 4989 3047 5034 tot
3079 4995 3301 5050 quoque
3332 4981 3481 5034 malar

1903 5090 2130 5145 passus,
2175 5090 2283 5128 non
2332 5085 2512 5128 tamen
2559 5073 2852 5142 resipiscit.
2886 5075 3144 5130 Pervenit
3188 5075 3242 5128 in
3280 5089 3476 5128 manus

1903 5183 2054 5222 meas
2094 5169 2360 5236 scriptum
2400 5165 2714 5236 quoddam,
2762 5167 2970 5221 obitum
3002 5169 3122 5236 ejus
3163 5183 3470 5238 exponens,

1902 5277 2066 5332 quem
2107 5271 2164 5315 et
2209 5261 2391 5330 ipsum
2435 5261 2745 5315 litterarum
2792 5255 3165 5317 monumentis
3211 5264 3476 5318 mandare

1875 5356 1956 5408 -in
2007 5355 2109 5409 hac
2163 5353 2394 5409 historia
2443 5355 2622 5408 visum
2676 5363 2781 5410 cst.
2838 5353 3243 5410 Commemorat
3293 5359 3467 5419 enim,

1899 5447 2084 5515 lingua
2117 5446 2238 5517 ejus
2274 5461 2304 5500 a
2339 5446 2624 5501 vermibus
2657 5461 2907 5510 corrosa,
2935 5445 3384 5514 ingemiscentem
3415 5455 3474 5500 ct

1899 5538 2290 5594 lamentantem
2315 5579 2329 5604 ,
2379 5538 2444 5592 ad
2488 5539 2692 5610 majora
2733 5544 2788 5591 et
2825 5535 3159 5605 sempiterna
3197 5535 3479 5606 suppiicia

296 5717 373 5784 (ι)
415 5716 776 5784 Elephantina
824 5718 928 5772 3-20
969 5685 1159 5773 stadiis
1203 5736 1230 5774 a
1297 5720 1500 5776 Thebis
1535 5719 1801 5801 Higt'otiis
1841 5723 2029 5778 distat.
