3910 6218
412 295 432 351 1
454 286 548 350 ιδξι

1629 285 2039 349 NICEPHORI
2085 283 2428 350 CALLISTI

3531 277 3664 344 115,1

407 422 533 458 eum
572 419 759 472 pronas
781 403 996 458 debitas
1025 402 1336 458 soluturum
1372 403 1660 472 migrasse.
1691 405 1898 460 Deinde
1932 395 1990 460 et

2107 407 2298 460 ικείνου
2379 404 2544 474 ζῆλον
2615 402 3031 472 διαφαινούσας.
3105 403 3364 455 Τοιοῦτον
3426 403 3529 472 μὲν
3592 406 3664 471 τῷ

410 495 752 550 Theodosius
788 496 974 548 divino
1025 505 1160 548 nutu
1207 504 1549 559 commotus,
1597 497 1888 551 sententiis
1927 507 1983 551 et

409 590 635 643 calculis
669 589 948 649 omnibus,
982 588 1212 657 impium
1253 588 1404 640 illum
1443 589 1795 644 anathemate
1821 592 1982 660 jugu-

408 681 578 734 latum
619 679 1041 744 condemnavit,
1081 681 1235 734 hisce
1280 681 1463 734 verbis
1495 682 1548 735 in
1581 683 1982 740 constitutione

408 788 543 827 usus
573 774 678 840 (l),
733 787 854 840 quae
904 772 1198 826 Justiniani
1250 772 1574 840 volumini,
1605 775 1748 844 quod
1795 774 1977 831 Codex

410 864 764 926 nominatur,
805 861 1010 914 inserta
1046 870 1167 922 est,
1207 862 1374 915 tertia
1412 877 1666 927 numero,
1711 863 1766 916 in
1803 864 1978 933 primo

407 955 567 1023 primi
618 954 743 1006 lihri
797 953 982 1008 titulo.
1026 971 1045 1004 ι
1085 952 1389 1016 Praeterea,
1429 953 1640 1023 inquit,
1677 955 1975 1018 sancimus,

406 1045 498 1113 qui
544 1045 765 1111 impiam
813 1045 1055 1100 Nestorii
1105 1045 1263 1099 fidem
1311 1045 1660 1109 aemulantur,
1693 1053 1786 1098 aut
1831 1047 1981 1100 nefa-

408 1141 543 1192 riam
579 1139 702 1205 ejus
731 1138 1040 1192 doctrinam
1090 1147 1424 1208 sequuntur,
1456 1149 1514 1191 ut
1544 1138 1814 1207 siquidem
1859 1138 1981 1208 epi-

407 1232 559 1300 scopi
603 1232 751 1295 sint,
806 1240 900 1284 aut
950 1231 1171 1296 clerici,
1215 1230 1468 1286 ecclesiis
1523 1231 1976 1300 ejiciantur:sin

408 1341 538 1378 vero
585 1324 708 1378 laici
757 1333 812 1378 et
862 1325 1192 1393 populares,
1235 1323 1582 1378 anathemate
1629 1323 1917 1376 feriantur.
1959 1343 1976 1374 ι

2112 497 2367 552 δυσσεϐεῖ
2425 495 2705 565 Νεστορίῳ
2765 496 2826 548 τὸ
2889 496 3068 559 τέλος,
3120 498 3216 549 καὶ
3265 495 3334 547 τὰ
3363 495 3463 564 τῆς
3523 499 3668 566 εἰρης

2093 589 2266 658 μένης
2337 588 2531 659 τρίτης
2599 589 2658 641 ἐν
2708 586 2922 657 Ἐφέσῳ
2973 587 3367 654 οίκουμενικῆς
3447 587 3663 639 συνόδου

2087 680 2230 734 οὓτω
2261 681 2566 751 συνηνέχθη
2601 680 2880 748 γενέσθαι·
2939 681 3077 747 μετά
3103 679 3284 748 δὲτὴν
3310 678 3410 731 τοῦ
3440 680 3666 732 ἀλαστο-

2091 789 2180 842 ρος
2215 772 2515 841 Νεστορίου
2545 771 2873 840 καθαίρεσιν
2899 772 3046 840 δεινή
3097 789 3182 833 τις
3241 771 3546 840 ἐρεσχελία
3603 775 3663 842 τῇ

2087 863 2501 916 Κωνσταντίνου
2535 864 2675 916 κατὰ
2703 865 2801 926 τὰς
2851 863 3148 930 ἐκκλησίας
3187 862 3413 933 ἐχώρει.
3473 864 3534 914 Ὀ
3565 864 3664 932 γαρ

2088 953 2232 1013 λεὼς
2267 955 2388 1026 διχῆ
2420 957 2680 1027 διῃρεῑτο,
2707 957 2769 1008 τὸ
2803 955 2962 1020 δόξαν
3027 956 3315 1025 Νεστορίῳ
3363 955 3667 1024 γυμνάζον-

2083 1063 2196 1107 τες.
2229 1048 2290 1099 0!
2326 1048 2510 1116 μέντοι
2544 1049 2798 1118 κληρικοὶ
2830 1049 3032 1110 πάντες
3071 1051 3225 1118 κοινῇ
3279 1047 3458 1118 ψήφῳ
3512 1050 3665 1099 αὑτὸν

2085 1139 2406 1192 ἀπεώσαντο
2463 1139 2800 1209 παραδόντες
2851 1140 2928 1210 τῷ
2964 1141 3294 1210 ἀναθέματιο
3359 1141 3512 1192 οὕτω
3567 1142 3662 1211 γαρ

2082 1229 2182 1301 τὴν
2211 1232 2352 1285 κατὰ
2372 1231 2466 1285 τοῦ
2493 1232 2816 1303 βλασφήμου
2841 1232 3023 1302 ψῆφον
3063 1234 3259 1295 εἰωθὸς
3309 1235 3664 1300 Χριστιανοίς

2086 1323 2373 1392 πράττειν,
2405 1325 2598 1394 ὥσπερ
2625 1324 2682 1379 ἐν
2711 1342 2819 1379 τινι
2845 1326 3014 1396 στήλῃ
3050 1325 3266 1395 γυμνὴν
3307 1324 3528 1378 ἀπασιν
3559 1324 3669 1376 mg-

408 1415 514 1469 Sed
548 1417 732 1484 plures
773 1430 994 1484 quoque
1033 1414 1171 1468 alias
1215 1413 1650 1468 constitutiones
1699 1414 1983 1484 religionis

2107 1432 2235 1468 .ouct
2257 1417 2544 1487 καθιστᾷν.

410 1518 609 1564 nostra:
651 1509 824 1578 gratia
875 1509 1084 1573 edidit,
1121 1524 1242 1577 quae
1289 1506 1610 1576 ﬂagrantem
1661 1507 1809 1562 illius
1857 1503 2309 1576 erga'Christum
2354 1511 2608 1566 ardorem
2653 1523 2720 1565 ac
2757 1509 2936 1565 zelum
2973 1509 3277 1564 declarant.
3348 1510 3516 1566 llunc
3576 1511 3673 1564 im-

411 1602 535 1672 pius
561 1601 849 1656 Nestorius
883 1601 1046 1655 linem
1078 1602 1205 1654 vitae
1236 1600 1448 1663 habuit,
1481 1610 1644 1670 atque
1677 1601 1792 1655 haec
1855 1603 1934 1655 sic
1998 1603 2049 1656 in
2093 1601 2256 1656 tertia
2306 1619 2470 1672 quam
2523 1603 2761 1659 diximus
2795 1603 3097 1659 universali
3146 1603 3389 1673 Ephesia
3437 1606 3673 1675 synodo,

411 1707 533 1751 Stltll
567 1706 710 1751 aeta.
748 1696 907 1766 521
945 1697 1116 1752 Porro
1153 1697 1463 1766 pernicioso
1486 1697 1739 1750 Nestorio
1781 1706 2158 1762 exauctorato,
2197 1700 2376 1767 gravis
2394 1715 2616 1756 rursum
2655 1700 2941 1755 contentio
2964 1700 3018 1754 in
3041 1698 3675 1770 Constantinopolitanae

411 1792 563 1846 urbis
593 1793 844 1848 ecclesiis
875 1803 1020 1846 mota
1052 1803 1157 1847 est.
1195 1793 1438 1862 Populus
1467 1791 1612 1845 enim
1682 1791 1750 1846 de
1815 1793 2052 1848 Nestorii
2093 1795 2308 1864 placitis
2345 1811 2533 1866 agens,
2571 1798 2626 1850 in
2670 1796 2805 1850 duas
2847 1805 3030 1865 partes
3082 1795 3240 1850 abiit.
3285 1794 3488 1852 Clerici
3536 1812 3670 1852 sane

358 1916 364 1925 ι
413 1905 609 1944 omnes
649 1892 930 1944 communi
975 1891 1240 1960 suffragio
1286 1905 1414 1944 eum
1467 1889 1806 1944 anathemati
1856 1893 2138 1947 subditum
2204 1894 2565 1964 rejecerunt:
2633 1893 2711 1949 sic
2773 1909 3013 1964 namque
3038 1894 3369 1950 Christianis
3419 1911 3544 1950 mos
3576 1907 3668 1950 est

415 1984 747 2038 sententiam
795 1994 989 2038 contra
1060 1984 1439 2054 blasphemum
1489 1984 1668 2049 ferre,
1733 1997 1854 2038 eum
1901 2001 2021 2040 eam
2064 1995 2321 2058 tanquam
2380 1987 2650 2043 columna:
2700 1987 2969 2053 incisam,
3021 1988 3278 2043 omnibus
3355 1987 3670 2057 publicitus

415 2091 724 2145 proponere
758 2078 970 2132 volunt.

940 2215 1167 2272 CAPUT
1208 2214 1472 2272 XXXV".

423 2330 493 2384 Ut
524 2341 638 2396 post
673 2330 974 2386 Nestorium
1010 2329 1356 2393 Maximinus,
1401 2348 1465 2384 ac
1499 2331 1743 2400 deinceps
1769 2330 1991 2388 Proclus

490 2404 799 2474 patriarcha
820 2400 1427 2472 Constantinopolitano:
1447 2400 1698 2456 Ecclesia:
1717 2406 1994 2474 prmfecma

490 2473 671 2540 fuerit.

487 2584 585 2638 l'tlo
618 2599 747 2639 vero
778 2583 1013 2648 sublato,
1046 2600 1154 2638 non
1187 2583 1482 2640 mediocris
1511 2585 1578 2641 de
1603 2585 1846 2656 episcopi
1879 2587 1995 2642 ele-

418 2678 602 2731 ctione
662 2676 893 2746 quaestio
938 2676 1169 2731 exstitit.
1220 2677 1375 2732 Multi
1424 2679 1572 2732 enim
1621 2677 1687 2732 ad
1741 2695 1865 2733 eum
1901 2680 1995 2748 qui

419 2769 603 2822 dictus
657 2777 782 2832 est,
843 2767 1132 2823 Sidensem
1195 2768 1508 2838 Philippum
1567 2770 1996 2838 respiciebant:

420 2875 613 2913 omnes
664 2871 848 2914 autem
902 2859 1018 2914 fere
1054 2859 1312 2914 Proclum
1367 2859 1630 2915 cathedra
1665 2875 1729 2914 ea
1763 2860 1999 2915 maxime

420 2951 647 3019 dignum
673 2964 794 3003 esse
819 2949 1160 3018 judicabant.
1191 2950 1256 3003 Et
1283 2949 1493 3005 exitum
1520 2965 1677 3005 suum
1709 2951 1998 3006 consilium

423 3043 623 3096 horum
676 3043 977 3102 habuisset,
1011 3042 1116 3096 nisi
1155 3041 1249 3110 qui
1292 3043 1526 3096 multum
1569 3053 1680 3097 tum
1715 3043 1859 3112 apud
1897 3043 1999 3097 im-

424 3146 736 3202 peratorem
768 3134 1044 3198 valebant,
1100 3133 1498 3201 impedimento
1539 3133 1793 3198 fuissent,
1820 3135 2000 3190 eccle-

425 3229 710 3280 siasticum
767 3240 1036 3280 canonem
1107 3240 1395 3293 perperam
1449 3234 1850 3293 praetexentes,
1907 3227 2001 3294 qui

426 3319 774 3386 designatum
813 3317 1057 3370 civitatis
1096 3317 1328 3385 alicujus
1357 3317 1677 3386 episcopum
1715 3319 1769 3371 in
1809 3319 2002 3372 civita-

428 3411 536 3461 tein
571 3409 733 3461 aliam
786 3423 979 3461 rursus
1028 3406 1317 3460 transferri
1350 3419 1537 3461 vetare
1585 3407 1807 3462 debeat.
1843 3408 1890 3462 Is
1921 3417 2004 3462 est

428 3501 743 3565 huiusmodi
773 3519 786 3554 :
816 3519 835 3551 ι
867 3499 922 3553 Si
952 3500 1078 3568 quis
1110 3501 1408 3577 episc0pus
1427 3499 1717 3554 ordinatus
1747 3501 1801 3554 in
1823 3515 2004 3570 parm-

429 3596 592 3655 ciam,
615 3593 703 3646 cui
746 3592 1060 3646 destinatus
1094 3600 1199 3657 est,
1246 3607 1356 3646 non
1399 3591 1548 3653 ierit,
1586 3607 1694 3645 non
1723 3591 1884 3660 culpa
1912 3592 2003 3646 ille

431 3689 652 3756 quidem
701 3702 818 3753 sua,
857 3687 950 3740 sed
998 3696 1226 3756 propter
1268 3685 1454 3755 populi
1492 3685 1872 3756 rejectionem,
1911 3693 2007 3739 aut

433 3782 598 3833 aliam
647 3794 752 3832 non
782 3781 848 3833 ab
884 3779 1003 3849 ipso
1029 3779 1281 3832 ordinato
1315 3778 1730 3847 provenientem
1759 3795 2003 3843 causam,

433 3873 483 3927 is
516 3888 640 3926 cum
693 3872 956 3942 dignitate
999 3872 1309 3927 ministerio
1344 3871 1494 3940 fungi
1531 3873 1611 3942 (ut
1653 3875 1812 3926 modo
1843 3873 2009 3926 rebus

437 3965 706 4028 ecclesiae,
742 3964 834 4020 ubi
881 3973 1188 4019 conventus
1230 3965 1364 4034 agit,
1406 3964 1541 4017 nihil
1589 3963 1782 4018 aderat
1813 3963 2008 4035 turba)

435 4070 494 4114 et
529 4061 882 4128 acquiescere
919 4059 975 4112 in
1005 4073 1073 4113 eo
1105 4058 1289 4121 debet,
1317 4058 1466 4128 quod
1502 4059 1802 4128 provincia:
1846 4075 2012 4128 syno-

437 4152 542 4206 dus
573 4151 642 4205 de
681 4151 1062 4206 controversia
1088 4150 1142 4205 in
1182 4151 1424 4205 medium
1462 4151 1728 4220 producta
1755 4150 2013 4221 judicans

439 4245 802 4298 decreverit.»
828 4243 926 4297 llic
946 4259 1119 4298 canon
1140 4244 1454 4312 publicatus
1472 4245 1708 4314 plebem,
1735 4260 1856 4314 quae
1875 4245 2011 4299 Pro-

439 4338 584 4389 clmu
612 4336 931 4405 episcopum
969 4335 1315 4405 designabat,
1357 4337 1439 4390 vel
1476 4338 1699 4391 invitam
1729 4342 2014 4408 quiescere

442 4428 641 4498 coegit.
695 4428 942 4494 Quatuor
992 4443 1211 4483 menses
1264 4445 1297 4484 ιι
1357 4429 1611 4483 Nestorio
1662 4438 2014 4486 exauctorato

441 4519 790 4584 cfiluxerant,
831 4529 884 4574 et
909 4519 1158 4575 ecclesia:
1179 4520 1496 4590 procuratio
1519 4521 1844 4576 Maximiano
1867 4538 2016 4577 com-

439 4614 605 4668 missa
646 4622 752 4680 est,
780 4615 872 4683 qui
909 4613 964 4666 in
999 4612 1192 4666 ordine
1224 4613 1664 4681 presbyterorum
1695 4623 1836 4675 erat.
1868 4623 1922 4667 ct
1961 4615 2014 4667 in

441 4706 741 4762 tuonastica
795 4705 903 4759 vita
956 4706 1184 4759 vixerat.
1217 4704 1376 4774 522
1414 4704 1715 4774 Religionis
1765 4705 1852 4760 hic
1904 4720 2018 4760 ma-

446 4801 588 4854 xime
621 4798 839 4852 laudem
887 4805 1218 4852 consecutus
1269 4798 1470 4859 fuerat,
1521 4812 1583 4849 ex
1616 4811 1682 4850 eo
1715 4796 1859 4866 quod
1896 4813 2020 4865 pro-

2684 2219 2938 2274 ΚΕΦΑΛ.
2969 2219 3096 2275 ΔΖ’.

2106 2329 2200 2396 Ὠς
2251 2307 2402 2403 μετᾷ
2445 2331 2774 2403 Νεστᾴριον
2803 2332 3198 2401 Μσξιμιανός,
3241 2329 3376 2388 εἶτα
3405 2336 3675 2403 Πρόκλος

2166 2401 2541 2470 πατριάρχης
2573 2399 2682 2469 τῆς
2712 2399 3177 2458 Κωιπταὶτίνου
3209 2399 3643 2472 πρσϐἀλξιεται.

2171 2581 2415 2636 Ἐκείνου
2445 2583 2491 2637 δ’
2526 2583 2772 2636 ἐκποδὼν
2803 2584 3121 2653 γενομένου,
3153 2585 3322 2640 πάλιν
3372 2604 3436 2637 πε
3449 2588 3505 2655 pi.
3564 2588 3684 2640 ἐπι-

2099 2673 2262 2743 λογῆς
2280 2675 2585 2728 ἐπισκόπου
2609 2677 2668 2728 οὐ
2695 2676 2892 2746 μετρία
2921 2677 3156 2746 ζήτησις
3186 2673 3274 2746 ἦν.
3343 2680 3454 2732 Καὶ
3496 2680 3687 2731 πολλοὶ

2103 2766 2204 2835 μὲν
2234 2767 2313 2829 είς
2340 2767 2433 2819 τὸν
2477 2769 2886 2838 προειρημένον
2941 2768 3161 2837 Σιδίτην
3209 2769 3534 2823 ἀπέϐλεπον
3592 2772 3686 2822 Φί-

2099 2859 2325 2910 λιππον·
2350 2857 2478 2912 οἶδὲ
2522 2861 2723 2921 πάντες
2755 2860 2939 2932 σχεδὸν
2982 2861 3228 2931 Πρόκλον
3282 2862 3531 2930 μάλιστα
3590 2863 3688 2927 τῆς

2101 2947 2373 3018 καθέδρας
2398 2947 2548 3013 ἄξιον
2587 2948 2804 3018 ἔκρινον
2834 2946 2998 3004 εἶναι.
3056 2951 3166 3004 Καί
3197 2968 3262 3017 γε
3288 2952 3360 3004 ἂν
3389 2953 3473 3013 εις
3511 2953 3691 3020 πέρας

2102 3039 2448 3110 προέϐαινεν,
2478 3043 2526 3093 εἰ
2580 3041 2653 3111 μή
2682 3058 2830 3105 τινες
2851 3041 2960 3094 τῶν
2995 3042 3300 3112 τηνικαῦτα
3333 3044 3492 3112 μέγα
3539 3047 3690 3112 παρα

2105 3130 2318 3200 βασιλεῖ
2351 3131 2670 3202 δυναμένων
2693 3134 3078 3198 ἀπεκώλυσαν,
3113 3136 3564 3206 προϐαλλόμενοι
3593 3155 3690 3191 και

2104 3225 2230 3276 νόνα
2253 3224 2734 3291 ἐκκλησιαστικὸν,
2801 3225 2860 3288 ὃς
2893 3226 3106 3280 κελεύει
3162 3228 3254 3280 τὸν
3303 3229 3692 3298 ὀνομασθέντα

2105 3315 2314 3380 πόλεώς
2335 3333 2482 3380 τινος
2526 3317 2827 3371 ἐπίσκοπον
2855 3321 2934 3381 είς
2964 3319 3162 3390 ἑτέραν
3213 3317 3371 3384 αὖθις
3399 3325 3481 3390 μὴ
3519 3341 3693 3392 μετα-

2107 3409 2391 3478 φέρεσθαι.
2423 3410 2580 3464 Ἔστι
2603 3411 2661 3464 δὲ
2705 3405 2884 3475 οὗτος⁹
2924 3432 2942 3464 ι
2979 3413 3046 3464 Ei
3071 3431 3158 3477 τις
3219 3416 3537 3480 ἐπίσκοπος
3572 3435 3690 3485 χει-

2111 3501 2420 3574 ροτονηθεὶς
2440 3503 2518 3564 είς
2540 3503 2832 3573 παροικίαν
2865 3503 2942 3573 μὴ
2979 3505 3192 3577 ἀπέλθῃ
3222 3505 3301 3567 είς
3337 3509 3404 3576 ἢν
3470 3509 3691 3577 ἐχειρο-

2108 3594 2327 3664 τονήθη,
2359 3595 2434 3664 μὴ
2470 3596 2624 3664 παρὰ
2655 3595 2750 3665 τὴν
2779 3595 2976 3648 ἐαυτοῦ
3000 3597 3209 3658 αἰτίαν,
3234 3597 3351 3650 ἀλλ’
3377 3599 3502 3667 ἡτοι
3540 3602 3694 3666 παρὰ

2105 3684 2206 3752 τὴν
2231 3683 2327 3736 τοῦ
2371 3682 2503 3737 λαοῦ
2537 3685 2903 3752 παραίτησιν,
2961 3684 2994 3754 ἢ
3028 3685 3105 3738 δι’·
3131 3685 3326 3753 ἐτέραν
3384 3687 3578 3740 αίτίαν
3633 3688 3690 3738 οὗ

2109 3775 2239 3844 παρ’
2268 3775 2466 3829 ἐαυτοῦ
2497 3777 2817 3847 γενομένην,
2851 3776 3044 3829 τοῦτον
3073 3778 3325 3847 μετέχειν
3375 3779 3483 3847 τῆς
3525 3781 3693 3848 τιμῆς

2107 3869 2202 3921 καὶ
2247 3867 2347 3935 τῆς
2372 3867 2749 3938 λλειτουργίας,
2812 3869 2973 3939 μόνον
3028 3868 3194 3939 μηδὲν
3239 3868 3690 3939 παρενοχλοῦντα

2109 3963 2222 4024 τοῖς
2251 3962 2541 4031 πράγμασι
2567 3963 2667 4032 τῆς
2717 3961 3038 4033 ἐκκλησίας,
3094 3963 3226 4014 ἔνθα
3251 3962 3318 4016 ἀν
3371 3965 3689 4031 συναγοιτο·

2111 4053 2428 4122 ἐκδέχεσθαι
2458 4053 2514 4108 δέ
2541 4055 2728 4117 αὑτὸν,
2759 4055 2898 4124 ὅπερ
2929 4055 2994 4108 ἂν
3021 4055 3054 4124 ἠ
3079 4055 3179 4123 τῆς
3226 4055 3504 4124 ἐπαρχίας
3536 4055 3694 4107 σύνο-

2113 4147 2201 4210 δος
2230 4143 2487 4216 κρίνασα,
2530 4145 2592 4198 τδ
2654 4147 3064 4216 παριστάμενον
3105 4146 3288 4215 cpia-5.
3325 4164 3342 4196 ι
3406 4147 3510 4208 Ὃς
3555 4147 3693 4214 δῆτα

2115 4236 2296 4292 κανὼν
2354 4238 2820 4308 παῤῥησιασθεὶς,
2872 4238 3172 4307 ἡσυχάζειν
3233 4239 3330 4289 καὶ
3369 4238 3582 4290 ἄκοντα
3629 4237 3698 4289 τὰ

2116 4329 2296 4400 πλήθη
2324 4329 2603 4399 ἠνάγκαζε
2649 4329 2895 4396 Πρόκλον
2938 4329 3287 4396 ἐκλέγεσθαι.
3331 4330 3616 4400 Τετάρτου
3644 4329 3698 4382 δέ

2120 4422 2534 4494 παραρρυέντος
2564 4422 2732 4492 μηνὸς
2754 4421 2892 4491 μετά
2913 4421 3011 4492 τὴν
3025 4421 3333 4492 Νεστορίου
3349 4424 3695 4493 καθαίρεσιν,

2119 4515 2472 4584 ἐπιτρέπεται
2504 4512 2602 4582 τὴν
2658 4513 2758 4582 τῆς
2821 4513 3116 4583 ἐκκλησίας
3163 4515 3473 4583 ἐπιτροπὴν
3498 4515 3701 4579 ιΜαξί-

2125 4609 2334 4680 μιανός’
2365 4607 2444 4676 τῷ
2464 4607 2611 4677 χορῷ
2646 4607 2747 4676 μὲν
2794 4607 2904 4658 τῶν
2959 4607 3356 4679 πρεσϐυτέρων
3410 4609 3697 4674 κατειὶεγο

2125 4703 2306 4773 μένος,
2344 4701 2630 4770 ἀσκητικῷ
2669 4701 2726 4754 δέ
2757 4700 2856 4772 βίῳ
2880 4702 3253 4772 χρησάμενος,
3319 4703 3618 4765 εὐλαϐείας
3648 4705 3702 4754 δέ

2127 4794 2392 4863 μεγίστης
2433 4793 2605 4862 ὄνομα
2633 4794 2967 4864 περιέκειτο·
3001 4789 3082 4857 οἷς
3113 4794 3341 4856 οἰκείοις
3380 4779 3703 4864 ἀναλώματι

446 4891 585 4961 priis
635 4891 948 4960 sumptibus
993 4889 1366 4944 monumentis
1417 4890 1771 4949 constructis,
1824 4889 1877 4942 in
1935 4889 1998 4941 ei:

2126 4887 2373 4956 μνημεῖα
2405 4883 2860 4949 κατεσκευακὼς,
2893 4887 2950 4938 ἐν
2973 4887 3160 4950 αὐτοῖς
3193 4889 3475 4940 κατετίθει
3504 4891 3568 4942 τὰ
3600 4891 3702 4940 τῶν

447 4981 541 5051 pie
568 4980 956 5036 defunctorum
991 4981 1256 5050 reliquias
1288 4989 1600 5049 reponeret.
1635 4979 1699 5034 Et
1731 4990 1998 5049 preptere:

2121 4976 2363 5040 εὐλαϐῶς
2392 4976 2771 5030 τελευτώντων
2797 4977 3053 5046 λείψανα.
3097 4979 3339 5048 Ἰδιῶτης
3391 4980 3450 5032 δέ
3480 4981 3555 5032 ῶν
3615 4982 3704 5032 τὸν

447 5071 599 5141 quod
641 5071 892 5126 doctrina
917 5071 1111 5140 exigua
1145 5072 1270 5136 fuit,
1300 5071 1540 5125 alienam
1577 5085 1606 5124 a
1649 5069 1818 5124 rebus
1858 5085 1994 5138 agen

2121 5070 2299 5138 λόγον,
2368 5070 2891 5140 ἀπραγμονέστερον
2942 5071 3066 5140 βίον
3130 5073 3338 5143 ᾑρεῖτο·
3402 5073 3488 5125 διὸ
3538 5074 3701 5140 καὶὴ

451 5165 538 5218 dis
559 5162 838 5232 delegerat
863 5162 1049 5216 vitam.
1099 5162 1268 5226 Quam
1302 5161 1372 5214 ob
1403 5175 1621 5214 causam
1651 5159 1884 5214 ecclesia
1919 5159 1998 5213 sul

2121 5163 2388 5232 ἐκκλησία
2435 5163 2529 5214 ἐπὶ
2589 5162 2781 5216 τούτου
2846 5162 3071 5233 βαθείας
3131 5164 3355 5233 εἰρήνης
3391 5164 3704 5232 ἀπήλαυσε,

447 5272 515 5311 eo
562 5255 808 5311 externis
866 5269 1052 5309 rerum
1106 5253 1364 5308 fluetibus
1414 5253 1627 5320 libera,
1683 5267 1816 5322 pace
1852 5251 1998 5306 mult:

2124 5253 2232 5306 τῶν
2269 5252 2470 5318 ἔξωθεν
2507 5254 2843 5324 ἠρεμήσασα
2888 5256 3089 5311 σάλων.
3131 5255 3257 5310 Ἐπὶ
3291 5255 3417 5308 δυσὶ
3455 5256 3500 5307 δ’
3529 5257 3705 5307 ἐνιαυο

448 5349 629 5405 l:ctata
657 5358 764 5404 est.
803 5350 982 5419 Atque
1024 5347 1117 5402 ubi
1153 5363 1328 5402 annos
1361 5347 1502 5410 duos
1528 5356 1582 5402 et
1616 5359 1836 5401 menses
1862 5344 1995 5414 quin

2130 5347 2242 5409 τοῖς
2271 5347 2366 5400 καὶ
2409 5348 2544 5416 μησὶ
2570 5347 2735 5400 πέντε
2769 5347 3062 5415 εἰρηνικῶς
3126 5346 3232 5416 τὴν
3263 5347 3573 5417 ἐκκλησίαν
3603 5349 3683 5401 ίθύ

449 5458 560 5512 que
621 5442 847 5512 paciﬁca
923 5440 1215 5497 ecclesiam
1271 5439 1718 5502 administravit,
1787 5438 1998 5506 septim:

2139 5456 2258 5502 νας,
2291 5439 2552 5492 ἐτελεύτα
2581 5441 2674 5492 τὸν
2707 5439 2822 5511 βίον
2853 5443 2998 5494 κατὰ
3027 5440 3126 5511 τὴν
3167 5441 3412 5511 ἑϐδόμην
3436 5442 3706 5511 ἑϐδομαδα

451 5533 644 5605 jejunii
678 5537 894 5592 dierum
948 5535 1274 5604 septimana,
1312 5548 1376 5588 ea
1408 5548 1530 5603 qua:
1578 5531 1782 5587 dicitur
1830 5529 1998 5600 Magn;

2133 5532 2241 5585 τῶν
2287 5533 2570 5604 νηστειῶν,
2631 5535 2730 5602 τῆς
2791 5535 3056 5605 Μεγάλης
3091 5537 3366 5604 ἀγομένης
3421 5537 3699 5606 πέμπτης.

457 5720 496 5776 υ
530 5648 606 5714 (l)
646 5649 1135 5773 llzechopsltitutio
1191 5648 1348 5704 hodie
1400 5663 1506 5703 non
1552 5655 1744 5704 exstat.
1801 5647 2029 5703 Damnat
2056 5659 2236 5705 autem
2267 5650 2619 5707 Nestorianos
2653 5649 2741 5706 hic
2773 5651 3094 5722 imperator,
3127 5654 3162 5708 l.
3201 5651 3485 5706 Damnata.
3532 5649 3596 5705 C.
3637 5652 3704 5705 De

498 5727 736 5772 aere-hct
813 5737 993 5774 ante].

498 5729 652 5772 seret.
683 5727 736 5771 et
760 5727 993 5774 Manich.
