3910 6218
192 313 334 378 1185

1137 315 1743 412 ECCLESIASTICAE
1783 318 2174 380 HISTORIA!
2213 321 2363 385 LIB.
2405 322 2562 386 XIV.

3319 331 3452 396 ll8‘i

189 437 330 486 Τότε
373 431 557 486 δὲκαὶ
615 434 642 484 ὁ
713 431 970 502 βασιλεὺς
1023 431 1327 496 Θεοδόσιος,
1393 434 1486 486 καὶ
1542 435 1775 503 μάλιστα

1888 434 2067 500 quinta
2090 435 2198 498 die,
2222 447 2474 492 mortuus
2493 445 2597 493 est.
2623 437 2760 492 Tum
2788 454 2913 495 vero
2944 441 3239 511 imperator
3262 446 3451 502 Theo-

189 525 504 595 ῐΙουλχερία
560 526 592 594 ἡ
655 523 893 593 βασιλὶς.

186 619 549 688 ἐποιήσαντο.
588 618 706 670 ’Ίνα
744 619 853 688 γὰρ
909 621 986 688 μὴ
1017 618 1180 672 πάλιν
1241 620 1546 688 πράγματα
1607 620 1774 689 ἔχωσι

185 713 326 782 περὶ
363 711 627 781 ὲπιλογῆς
647 712 952 764 ἐπισκόπου
993 705 1074 775 οἷς
1116 713 1341 781 συγχεῖν
1397 714 1467 764 τὰ
1504 712 1604 780 τῆς
1678 715 1772 765 ἐκ·

185 803 427 872 κλησίας
485 799 724 870 ἔμελλε,
789 801 1065 872 μελλήσας
1147 802 1338 872 μηδὲν,
1393 802 1474 855 ἐτι
1549 820 1774 872 προκει-

190 896 360 964 μένου
424 892 518 946 τοῦ
579 894 830 962 σώματος
885 894 1249 964 Μαξιμιανοῦ,
1319 896 1443 956 τοὺς
1504 911 1774 966 παρευρε-

189 987 386 1050 θέντας
442 987 550 1039 τῶν
609 987 926 1040 ἐπισκόπων
979 988 1264 1057 ἀθροίσας.
1318 987 1644 1057 ὲνθρονίζειν
1681 991 1773 1042 τὸν

190 1078 440 1148 Πρόκλον
465 1078 863 1148 προύτρέπετο.
881 1081 988 1148 Τῆς
1019 1081 1128 1148 γὰρ
1150 1081 1277 1149 περ)⁵
1295 1083 1505 1134 ἐκείνου
1531 1081 1773 1150 σκέψεως

189 1173 462 1240 πρότερον
491 1169 680 1240 οὔσης,
711 1171 806 1223 καὶ
828 1172 1154 1234 Κελεσ-ιῖνος
1185 1174 1212 1224 ὁ
1259 1176 1356 1239 τῆς
1404 1173 1622 1242 Ῥώμης
1653 1174 1772 1226 ἐπί-

191 1280 400 1326 σκοπος
427 1262 721 1331 σύμψηφος
754 1263 820 1316 δι’
846 1264 1144 1316 ἐπιστολῶν
1165 1261 1251 1333 ἦν,
1276 1265 1409 1334 πρός
1427 1282 1482 1316 τε
1503 1263 1772 1336 Κύριλλον

971 526 1067 578 τοῦ
1135 527 1465 597 πράγματος
1512 529 1772 596 πρόνοιαν

189 1356 284 1408 τὸν
318 1354 626 1420 θεσπέσιον,
651 1356 745 1408 καὶ
831 1357 1090 1426 Τωάννην
1118 1356 1209 1408 τὸν
1264 1359 1616 1428 Ἀντιοχείας,
1677 1360 1774 1412 καὶ

188 1447 284 1500 τὸν
319 1441 723 1516 Θεσσαλονίκης
778 1445 1007 1516 Ῥοῦφον
1044 1448 1295 1516 γράφων,
1328 1448 1421 1500 καὶ
1467 1451 1599 1500 πᾶσι
1649 1449 1774 1520 τρό-

189 1557 320 1604 ποις
346 1538 723 1592 ἀναδιδάσκων
751 1539 920 1607 μηδὲν
960 1539 1212 1608 ἐμποδὼν
1243 1541 1626 1606 καθίστασθαι,
1683 1541 1773 1594 τδν

190 1634 387 1702 ἑτέρας
419 1630 629 1693 πόλεως
669 1630 795 1682 ὄντα
830 1631 860 1701 ἢ
902 1633 996 1684 καὶ
1027 1633 1402 1701 ὀνομασθέντα
1440 1634 1601 1703 μόνον
1649 1633 1772 1685 ὲπί-

191 1744 398 1780 σκοπον
425 1727 505 1788 είς
532 1725 724 1796 ἑτέραν
739 1726 1128 1794 μετατίθεσθαι
1157 1727 1332 1780 πόλιν.
1375 1725 1774 1797 Ἐνθρονισθεὶς

191 1813 288 1871 οὖν
317 1818 345 1870 δ
386 1817 651 1886 Πρόκλος,
681 1817 874 1868 ἔπειτα
901 1816 1000 1887 τὴν
1047 1818 1344 1887 ἐκκομιδὴν
1393 1819 1490 1871 καὶ
1547 1819 1772 1888 κηδείαν

191 1909 290 1961 τού
319 1910 575 1976 σώματος
601 1907 956 1976 Μαξιμιανοῦ
989 1910 1248 1972 ἐποιεῖτο,
1279 1909 1345 1961 τὰ
1367 1909 1466 1978 τῆς
1497 1925 1772 1980 πατριαρο

194 2000 322 2069 χίας
353 2000 572 2054 ἅπαντα
601 2001 963 2070 περιθέμενος
994 2001 1266 2069 σύμϐολα.
1301 2001 1489 2066 Ἀξιον
1539 2001 1584 2055 δ’
1617 1997 1772 2071 οῐμαι

196 2093 293 2146 καὶ
323 2093 453 2163 περὶ
478 2091 672 2146 τούτου
699 2091 910 2164 βραχέα
933 2097 1001 2164 τῇ
1038 2094 1252 2166 ἱστορίᾳ
1294 2094 1556 2150 ἐνθεῖναι.

772 2310 1028 2364 ΚΕΦΑΛ.
1064 2313 1200 2370 ΑΠ’.

197 2418 339 2500 Περὶ
364 2421 660 2500 apertior):
698 2416 826 2500 οἷος
861 2423 980 2500 ,τόν
1008 2425 1198 2494 λόγον
1219 2428 1317 2500 καί
1362 2425 1610 2500 τὸλῆθος
1632 2445 1647 2462 °
1676 2433 1774 2487 καί

270 2491 365 2570 dri
389 2491 661 2570 μὰίίαεῷ
682 2493 944 2570 ﬂava/let:
955 2491 1388 2570 κεχαρισμένος
1414 2491 1492 2570 ﬁr-
1514 2517 1526 2530 ·
1559 2491 1656 2554 riui
1687 2504 1776 2558 ὅτι

268 2559 516 2641 egi-tofo
567 2559 1113 2641 τότεῌπαρᾳδόξῷξ
1151 2559 1576 2641 γέγενζηᾷιένοις
1631 2571 1774 2641 Θεῷ.

270 2632 546 2770 Πὲἔέᾖλος
581 2633 823 2702 ὁμιλίαν
865 2632 1248 2703 ἁρμόζουάαί·
1297 2632 1569 2710 διελθὼν,
1599 2632 1775 2698 edat};

271 2718 309 2769 μ
479 2741 495 2757 .

271 2883 516 2956 Πρόκλος
547 2883 612 2938 ὲκ
647 2883 874 2956 πρώτης
919 2893 1108 2958 τριχὸς
1139 2889 1222 2953 είς
1272 2889 1630 2955 διδασκάλους
1659 2911 1779 2962 φοι-

201 2979 337 3045 τῶν,
368 2982 667 3052 ῥητορικῆς
693 2981 786 3034 ἐπὶ
849 2980 1104 3036 πλεῖστον
1141 2983 1480 3057 ἐπεμελήθη.
1527 2989 1618 3051 El;
1651 2992 1782 3043 ἀνα-

1853 525 2085 600 όοείυε,
2118 536 2172 581 et
2223 527 2513 584 Pulcheria
2553 531 2794 599 Augusta
2840 534 3072 588 maxime
3117 551 3303 590 curam
3332 541 3453 608 ejus

1878 617 1954 670 rei
1986 620 2248 688 suscepit.
2283 618 2361 672 Ne
2394 623 2542 676 enim
2575 638 2766 676 rursus
2795 627 3074 693 negotium
3103 627 3185 682 eis
3216 629 3449 684 exhibe-

1877 719 2032 763 retur
2065 710 2134 764 de
2165 712 2435 767 electione
2464 713 2732 783 episcopi,
2776 717 2920 769 unde
2951 717 3168 770 miscezi
3207 720 3451 773 ecclesiae

1878 816 1967 856 res
1995 811 2051 856 et
2071 803 2335 858 confundi
2370 806 2704 873 potuissent,
2735 807 2882 859 nulla
2916 809 3242 878 interposita
3271 827 3448 875 mora,

1877 908 2001 947 cum
2049 895 2227 950 adhuc
2276 895 2592 949 Maximiani
2646 912 2846 966 corpus
2891 900 3226 967 insepultum
3281 911 3448 962 esset,

1875 985 2164 1054 episcopos
2195 1002 2554 1057 quoscunque
2577 989 2823 1043 invenire
2861 1003 3178 1057 potuerunt,
3205 1003 3450 1054 coactos,

1877 1078 2253 1132 inthronisare
2301 1089 2468 1149 atque
2514 1081 2568 1134 in
2602 1097 2828 1135 vacuam
2869 1085 3116 1138 ecclesiw
3148 1087 3450 1154 possessio-

1877 1183 2001 1226 nem
2038 1168 2300 1223 inducere
2336 1171 2589 1226 Proclqu
2633 1173 2822 1242 jussit.
2853 1172 2989 1227 Cum
3033 1191 3267 1242 namque
3316 1176 3454 1230 deli-

1877 1261 2128 1315 beratqu
2177 1270 2338 1316 antea
2396 1263 2463 1316 de
2515 1279 2582 1318 eo
2634 1275 2800 1330 esset,
2856 1266 3186 1321 Caelestinus
3235 1285 3454 1336 quoque

1877 1352 2065 1407 Roma:
2087 1353 2377 1423 episcopus
2402 1355 2740 1424 suﬂ‘ragatus
2767 1357 2815 1410 ei
2844 1374 2938 1425 per
2961 1359 3221 1426 epistolas
3253 1363 3453 1423 fuerat,

1877 1443 1945 1495 ad
1981 1459 2237 1514 magnotu
2275 1445 2427 1498 illum
2468 1444 2732 1515 Cyrillum
2775 1457 2830 1501 et
2857 1448 3121 1503 Joannem
3157 1449 3458 1504 Antioche-

1877 1550 2010 1588 num
2049 1545 2104 1590 et
2141 1536 2341 1592 Rufum
2365 1538 2916 1596 Thessalonicensem
2945 1542 3212 1606 scribens,
3243 1553 3300 1598 et
3336 1559 3454 1598 mo-

1877 1627 1964 1682 dis
1999 1629 2257 1684 omnibus
2287 1631 2512 1696 docens,
2562 1633 2700 1687 nihil
2741 1634 2983 1700 obstare,
3029 1637 3329 1705 quominus
3357 1637 3453 1705 qui

1881 1720 2113 1776 alterius
2167 1723 2319 1778 urbis
2371 1734 2466 1779 aut
2516 1727 2610 1790 sit,
2642 1735 2738 1781 aut
2783 1729 2974 1784 saltem
3023 1730 3339 1799 designatus
3382 1729 3459 1785 sil

1876 1814 2196 1884 episcopus,
2249 1816 2306 1870 in
2357 1819 2518 1872 aliam
2566 1821 2931 1876 transferatur
2969 1822 3180 1877 urbem.
3228 1823 3460 1880 Proclus

1876 1905 2046 1975 igitur
2074 1907 2127 1959 in
2164 1907 2291 1963 sede
2319 1923 2417 1963 sua
2441 1911 2970 1981 collocatus,poslca
3001 1913 3168 1967 funus
3201 1923 3256 1968 et
3290 1929 3454 1968 exse-

1877 1995 2037 2066 quias
2086 1997 2422 2065 Maximiani,
2471 2003 2732 2057 omnibus
2779 2005 3105 2072 patriarchae
3147 2006 3456 2077 insignibus

1878 2104 2036 2154 usus,
2068 2091 2305 2148 curavit.
2354 2093 2460 2147 Sed
2491 2094 2559 2148 de
2602 2095 2706 2150 hoc
2734 2111 2953 2166 quoque
2987 2113 3158 2167 pauca
3203 2099 3450 2169 quadam

1878 2181 2123 2240 historia
2151 2184 2494 2240 adnectenda
2524 2187 2676 2241 duxi.

2383 2319 2610 2378 CAPUT
2661 2321 2951 2378 XXXVIII.

1881 2435 1958 2490 De
1996 2436 2208 2508 Proclo,
2265 2455 2373 2508 qua
2419 2438 2684 2501 doctrina,
2717 2455 2887 2508 quave
2931 2440 3041 2493 vita
3077 2441 3267 2508 fuerit,
3302 2450 3350 2494 et
3400 2451 3458 2498 ut

1951 2507 2106 2582 illum
2135 2507 2433 2582 imperator
2484 2510 2704 2582 charum
2729 2507 3055 2582 gratumque
3080 2507 3336 2566 imbuerit
3362 2531 3380 2578 ;
3406 2523 3459 2568 et

1952 2581 2090 2647 quod
2131 2579 2271 2630 idem
2299 2579 2702 2653 competenti‘et
2735 2579 2921 2653 debito
2941 2596 3201 2653 sermone,
3237 2597 3318 2634 res
3341 2599 3462 2653 qua

1953 2664 2014 2700 eo
2047 2660 2280 2718 tempore
2323 2659 2521 2720 praeter
2558 2648 2857 2716 opinionem
2903 2651 3174 2720 hominum
3217 2648 3462 2720 miriﬁca
3562 2664 3576 2677 '

1957 2719 2284 2790 acciderunt,
2313 2717 2367 2770 in
2407 2717 2575 2790 Deum
2603 2729 2872 2790 auctorem
2904 2719 3153 2790 referens,
3181 2723 3321 2789 apud
3340 2717 3461 2777 vom-

1953 2803 2045 2841 nes
2083 2790 2135 2841 in
2163 2788 2523 2842 admiratione
2550 2787 2730 2856 fuerit.

1954 2901 2000 2954 Α
2044 2902 2224 2971 primo
2269 2902 2316 2956 is
2349 2901 2549 2971 capillo
2580 2903 3013 2972 pravaeptoribus
3051 2920 3202 2968 usus,
3256 2905 3310 2961 in
3341 2917 3461 2962 arte

1883 2991 2100 3046 diecndi
2139 2992 2487 3057 potissimum
2518 2994 2842 3048 elaboravit.
2881 2995 2944 3049 Et
2979 3006 3100 3066 post
3141 2997 3462 3053 adolescen-

201 3072 448 3140 γνὼττου
478 3072 534 3125 δὲ
561 3074 788 3137 τελέσας
837 3074 1048 3144 βαθμὸν
1081 3076 1151 3144 ὲνί
1174 3077 1272 3148 νέᾳ
1304 3077 1444 3132 πάνυ
1476 3084 1542 3152 τῇ
1568 3082 1776 3155 ἡλικίᾳ,

1888 3085 2014 3140 tiam
2039 3095 2309 3152 exactam,
2345 3086 2400 3141 in
2425 3086 2657 3156 juvenili
2683 3087 2978 3142 admodum
3003 3097 3182 3154 aetate,
3215 3091 3266 3143 in
3290 3092 3464 3146 lecto-

201 3168 298 3218 καὶ
341 3166 440 3236 ἠδη
477 3165 835 3235 παραμείψας
868 3167 961 3220 τὸν
985 3167 1252 3239 μείρακα,
1311 3173 1504 3242 πρῶτα
1562 3176 1662 3244 μὲν
1694 3177 1772 3244 τῷ

201 3254 336 3324 θείῳ
416 3255 640 3327 Ἰωάννῃ
710 3256 789 3326 τῷ
841 3257 1221 3331 Χρυσοστόμῳ
1285 3261 1632 3334 ίεραρχοῦντι
1679 3267 1776 3336 τῆς

205 3337 624 3401 Κωνσταντίνου
665 3350 994 3419 παρείπετο,
1029 3351 1306 3422 ὑπουργὸς
1332 3357 1484 3426 αὐτῷ
1518 3357 1613 3410 καὶ
1655 3375 1776 3412 συν-

204 3437 371 3505 εργὸς
401 3437 508 3489 τῶν
537 3437 714 3505 λόγων
748 3440 1058 3508 γινόμενος,
1097 3443 1194 3494 καὶ
1222 3443 1320 3510 ὅση
1356 3445 1514 3513 χρεία
1541 3445 1635 3498 τοῦ
1675 3445 1780 3498 σώ-

209 3544 380 3596 ματος
442 3529 635 3598 ἐκείνῳ
697 3531 1009 3600 γινόμενος.
1082 3525 1250 3596 Οὗτος
1310 3535 1375 3604 δὴ
1429 3539 1525 3588 καὶ
1580 3536 1778 3608 Παύλῳ

204 3620 346 3688 πρὸς
373 3613 465 3684 οὓς
495 3622 572 3692 τῷ
604 3624 824 3694 μεγάλῳ
863 3625 1090 3697 Ἰωάννῃ
1115 3625 1510 3699 διαλεγομένῳ,
1569 3631 1779 3684 καὶτὸν

203 3714 334 3766 νοῦν
359 3715 466 3767 τῶν
503 3715 718 3769 ἐκείνου
778 3718 1084 3772 ἐπιστολῶν
1133 3719 1536 3774 ὲκκαλύπτοντι
1591 3739 1781 3794 μυστι-

203 3804 472 3872 κώτερον,
554 3809 772 3878 ἐνέτυχε
822 3813 884 3881 τῇ
953 3811 1056 3880 τῆς
1125 3813 1341 3882 θυρίδος
1405 3815 1781 3886 παρακύπτων

204 3899 339 3967 ὁπῇ.
380 3898 537 3952 Ἐπεὶ
556 3900 601 3953 δ’
639 3902 844 3964 ἐκεῖνος
868 3903 1158 3974 ὑπερόριος
1187 3901 1276 3976 ἦν,
1302 3907 1376 3979 μὴ
1416 3909 1514 3977 τῆς
1568 3909 1779 3963 ἐκείνου

211 3990 453 4059 σχέσεως
470 3991 739 4056 ἀποστὰς,
772 3993 850 4064 τῷ
884 3997 1005 4064 μετ’
1038 3997 1247 4050 ἐκεῖνον
1277 3999 1568 4071 ὲπισκόπῳ
1599 4003 1780 4054 ’Λττι-

206 4079 292 4150 κῷ
328 4082 517 4152 συνῆν,
557 4083 912 4154 ὑπογραφεὺς
965 4085 1072 4140 τῶν
1123 4089 1336 4142 ἐκείνου
1385 4091 1563 4159 λόγων
1619 4091 1785 4146 καθε-

211 4173 430 4244 στηκώς
459 4189 473 4204 ·
512 4174 572 4227 δν
608 4175 672 4244 δὴ
723 4179 786 4246 τῇ
823 4178 963 4230 κατὰ
993 4178 1124 4232 Θεὸν
1162 4181 1527 4248 προϐαίνοντα
1565 4182 1780 4253 ἀγωγῇ,

207 4268 304 4321 καὶ
338 4267 434 4319 τοῦ
457 4267 556 4336 τῆς
590 4268 870 4331 διακονίας
894 4271 1048 4336 ἠξίου
1077 4271 1311 4341 βαθμοῦ.
1346 4275 1579 4327 Ἔπειτα
1604 4275 1660 4328 δὲ
1688 4277 1784 4330 καὶ

205 4361 266 4413 ἐν
290 4361 535 4432 καθέδρᾳ
563 4362 957 4434 πρεσϐυτέρων
981 4365 1209 4428 αίνέσας
1266 4365 1358 4418 τὸν
1393 4367 1623 4437 Κύριον,
1677 4369 1783 4422 ύπδ

1883 3192 2006 3230 rum
2068 3176 2319 3231 ordinem
2368 3186 2699 3246 cooptatus,
2758 3181 2997 3247 primttm
3056 3179 3170 3236 divi
3229 3181 3461 3237 Joannis

1880 3267 2257 3338 Chrysostomi
2281 3267 2945 3340 Constantinopolitanam
2966 3273 3254 3327 ecclesiam
3287 3273 3464 3328 adrui-

1883 3364 2174 3418 nistrantis
2219 3374 2481 3428 sectator,
2533 3363 2809 3427 minister,
2844 3364 3112 3434 librisque
3151 3365 3463 3421 scribendis

1882 3457 2126 3525 adjutor,
2157 3465 2214 3509 et
2247 3456 2496 3525 corporis
2537 3458 2658 3525 ejus
2691 3468 2922 3511 curator
2951 3459 3072 3511 fuit.
3108 3457 3205 3512 Hic
3233 3458 3463 3512 Paulum

1885 3549 2080 3604 Ioanni
2136 3563 2336 3616 magno
2376 3546 2430 3600 in
2475 3562 2666 3600 aurem
2703 3547 3071 3613 dictitantem,
3114 3559 3278 3616 atque
3309 3563 3464 3602 arca-

1884 3641 2098 3694 niorem
2146 3638 2504 3706 epistolarum
2554 3653 2777 3692 suarum
2830 3654 3051 3694 sensum
3103 3639 3461 3703 revelantem,

1881 3748 1982 3804 per
2005 3733 2187 3802 jauuae
2216 3731 2380 3784 rimas
2401 3740 2768 3800 prospectans
2794 3730 2952 3785 vidit.
2981 3731 3140 3802 523
3165 3732 3342 3802 Atque
3369 3733 3461 3789 ubi

1884 3829 1976 3882 ille
2003 3827 2058 3880 in
2083 3825 2280 3880 exsilio
2314 3825 2469 3890 vixit,
2503 3825 2572 3879 ab
2619 3826 2769 3880 illius
2799 3825 3089 3881 aﬂ'ectione
3133 3844 3241 3882 non
3275 3828 3459 3884 desci-

1885 3936 2068 3986 scens,
2127 3935 2252 3974 cum
2294 3934 2622 3975 successore
2657 3920 2776 3990 ejus
2823 3920 3000 3973 Attico
3029 3919 3290 3990 episcOpo
3335 3921 3460 3987 fuit,

1885 4013 2204 4068 orationum
2241 4011 2388 4066 illius
2425 4011 2625 4066 scriba.
2678 4012 2848 4078 Quem
2895 4012 2985 4066 ille
3022 4013 3076 4066 in
3109 4012 3294 4067 divino
3335 4015 3462 4069 vita!

1888 4106 2142 4161 instituto
2206 4103 2693 4176 progredientem,
2751 4105 2804 4157 in
2861 4105 3177 4159 diaconatus
3229 4106 3458 4175 gradum

1887 4198 2128 4255 sustulit.
2164 4195 2370 4252 Deinde
2402 4212 2533 4250 vero
2565 4212 2690 4250 cum
2722 4197 2774 4249 in
2805 4197 3248 4265 presbyterorum
3273 4200 3462 4254 cathe-

1887 4292 1982 4346 dra
2019 4292 2313 4347 Doininum
2353 4295 2630 4360 laudaret,
2683 4311 2712 4349 a
2770 4294 2975 4349 Sisinio
3023 4295 3270 4349 ecclesia:
3307 4294 3466 4366 Cyzi-

1889 4397 2038 4438 ccnae
2061 4384 2380 4451 designatus
2409 4395 2495 4440 est
2531 4386 2789 4441 antistes.
2820 4383 3013 4455 Longo
3042 4402 3172 4440 vero
3215 4396 3463 4457 tempore

211 4453 454 4506 Σισινίου
513 4454 614 4524 τῆς
656 4455 798 4508 κατὰ
851 4455 1094 4520 Κύζικον
1142 4457 1437 4528 ἐκκλησίας
1463 4460 1778 4533 προεϐλήθη

1889 4483 2034 4543 post,
2068 4475 2532 4543 quemadmodum
2559 4475 2820 4538 diximus,
2838 4453 3464 4544 Constantinopolitana:

207 4547 530 4609 ἐπίσκοπος.
564 4547 755 4616 Πολλῷ
787 4547 843 4600 δὲ
873 4547 1102 4617 ὕστερον
1131 4549 1204 4614 ὥς
1241 4567 1304 4618 γε
1349 4553 1484 4620 ἡμῖν
1537 4552 1780 4623 είρηται,

210 4643 310 4693 καὶ
359 4641 459 4710 τῆς
512 4641 930 4695 Κωνσταντίνου
967 4643 1267 4713 ἐκκλησίας
1319 4644 1418 4714 τὴν
1477 4645 1784 4715 ἐπισκοπὴν

205 4731 524 4799 ἐπετράπη.
558 4729 808 4798 Χρηστδς
836 4729 893 4783 δὲ
924 4728 1000 4782 ὢν
1051 4731 1194 4802 ἀνὴρ
1249 4732 1488 4800 μάλιστα
1543 4734 1686 4786 κατὰ
1723 4749 1784 4785 τε

199 4817 340 4892 ἦθος
369 4823 460 4874 καὶ
485 4822 709 4893 τρόπον,
737 4821 835 4873 ὅσα
880 4821 946 4892 δὴ
975 4821 1201 4896 Ἰωάννῃ
1226 4826 1321 4878 καὶ
1349 4823 1582 4894 Ἀττικῷ
1609 4842 1788 4896 προσ-

197 4919 350 4987 ἦσαν
423 4914 661 4984 χρηστὰ,
740 4913 1078 4983 ἀνεμάξατο.
1161 4915 1517 4980 Ἀνεξίκακος
1566 4917 1622 4968 δὲ
1685 4918 1784 4970 καὶ

208 5008 378 5060 πλέον
409 5007 554 5077 ἢπερ
585 5007 784 5058 ἐκεῖνοι
814 5007 1054 5074 ἐγένετο.
1088 5006 1334 5070 Ἀττικὸς
1367 5007 1466 5076 μὲν
1509 5011 1619 5079 γὰρ
1653 5010 1786 5061 πολι

198 5100 368 5162 λάκις
399 5099 627 5161 καὶτοῖς
659 5099 942 5168 διαφόροις
969 5099 1072 5167 τῆς
1106 5100 1343 5162 πίστεως
1376 5101 1607 5170 φοϐερὸς
1641 5102 1788 5170 μάλα

207 5193 412 5246 ἐδόκει.
479 5186 650 5254 Οὗτος
676 5191 732 5244 δὲ
789 5191 1069 5253 κάκείνοις
1121 5191 1216 5243 καὶ
1260 5192 1427 5245 πᾶσιν
1483 5192 1648 5263 ἤπιος
1694 5194 1830 5248 καὶ”

208 5281 496 5353 προσηνὴς
529 5284 678 5352 μάλα
703 5279 792 5352 ἦν,
843 5281 1058 5343 τούτοις
1117 5282 1322 5353 μᾶλλον
1375 5285 1406 5354 ἢ
1461 5283 1552 5355 βίᾳ
1605 5284 1788 5339 ἕλκειν

201 5377 454 5440 ἐκείνους
477 5377 876 5448 διανοούμενος.
925 5376 1138 5446 Μηδενὶ
1173 5377 1281 5446 γὰρ
1329 5378 1576 5447 ταραχῆς
1612 5379 1789 5442 αῐτιος

199 5472 510 5536 καταστὰς,
538 5471 598 5524 τδ
629 5471 731 5542 τῆς
763 5472 1098 5542 Ἐκκλησίας
1125 5469 1367 5538 ἀξίωμα,
1423 5470 1484 5522 τὸ
1519 5472 1786 5536 ἐπιεικὲς,

205 5565 380 5636 φημὶ,
409 5565 502 5617 καὶ
532 5566 729 5635 πρᾶον,
773 5564 964 5633 ἁθιγὲς
1027 5563 1375 5633 διετήρησεν,
1435 5565 1492 5615 ὲν
1518 5563 1694 5634 τούτῳ
1723 5563 1788 5633 δὴ

199 5657 286 5726 τῷ
320 5658 480 5726 μέρει
517 5659 606 5710 τὸν
638 5656 869 5727 βασιλέα
931 5655 1274 5726 μιμούμενος
1324 5655 1633 5707 Θεοδόσιον·
1695 5657 1789 5709 καὶ

199 5749 322 5820 γὰρ
349 5749 599 5814 κάκεῖνος
639 5749 889 5821 οὐδαμῶς
920 5751 984 5822 τῇ
1023 5749 1281 5820 βασιλικῇ
1303 5749 1578 5820 αὐστηρίξ.
1639 5748 1784 5804 κατὰ

1889 4567 2139 4622 ecclesiae
2189 4568 2542 4638 episcopatus
2591 4569 2641 4622 ei
2695 4569 3022 4622 commissus
3061 4576 3164 4620 est.
3211 4568 3274 4620 Et
3320 4567 3465 4637 quod

1889 4659 2140 4714 moribus
2171 4671 2338 4731 atque
2389 4661 2660 4715 institutis
2700 4659 2949 4729 placidus
2995 4660 3227 4711 maxime
3256 4660 3340 4712 vir
3377 4674 3465 4714 es-

1889 4764 1995 4818 set,
2031 4769 2373 4823 quaecunque
2406 4753 2698 4807 in'Joanne
2729 4763 2783 4806 et
2829 4751 3010 4804 Attico
3049 4751 3250 4804 eximia
3282 4760 3461 4814 erant,

1889 4846 2183 4914 expressit.
2216 4845 2480 4899 Malorum
2520 4845 2812 4899 tolerantia
2857 4844 2961 4895 illis
3006 4843 3173 4896 etiam
3207 4843 3465 4911 superior

1890 4938 2012 4992 fuit.
2051 4937 2264 4990 Atticus
2297 4952 2532 5005 namque
2578 4935 2778 5004 satpius
2811 4936 2973 4988 etiam
3017 4937 3098 4988 eis
3135 4935 3227 5004 qui
3266 4936 3317 4988 in
3357 4933 3464 4988 lide

1892 5045 1920 5082 a
1953 5044 2010 5081 se
2047 5042 2156 5080 non
2189 5027 2569 5090 dissentirent,
2606 5026 2866 5079 terribilis
2898 5041 3016 5079 csse
3055 5026 3205 5079 visus
3235 5033 3339 5080 est.
3366 5025 3466 5079 llic

1889 5137 2024 5176 vero
2056 5129 2112 5175 et
2159 5136 2286 5191 erga
2336 5121 2479 5184 illos,
2529 5120 2667 5174 etin
2723 5119 2860 5174 alios
2910 5134 3101 5172 omnes
3131 5117 3381 5187 placidus
3410 5125 3466 5170 et

1889 5213 2029 5268 lenis
2053 5212 2352 5267 admodum
2399 5212 2524 5277 fuit,
2563 5213 2946 5267 benevolentia
2989 5211 3172 5279 potius
3214 5225 3378 5278 quam
3415 5207 3464 5262 vi

1890 5305 2212 5376 pertrahere
2246 5305 2370 5359 illos
2399 5304 2466 5358 ad
2516 5320 2576 5358 se
2627 5304 2680 5358 in
2732 5304 2918 5358 animo
2963 5303 3192 5357 habens.
3226 5302 3290 5355 Et
3320 5312 3464 5370 quo-

1891 5398 2039 5451 niam
2081 5396 2288 5450 uemini
2327 5395 2615 5450 turbarum
2646 5409 2869 5449 causam
2903 5392 3172 5462 praebuit,
3205 5389 3466 5445 Ecclesia

1891 5487 2214 5557 dignitatem
2248 5487 2302 5541 in
2335 5487 2675 5540 humanitate
2719 5493 2775 5539 et
2824 5482 3248 5538 mansuetudine
3278 5480 3466 5536 consi-

1891 5588 2152 5640 stentem.
2177 5579 2443 5648 integram
2479 5578 2848 5632 conservavit.
2885 5575 2998 5629 llac
3027 5576 3078 5628 itt
3105 5585 3259 5643 parte
3285 5573 3469 5627 Theo-

1892 5669 2106 5722 dosium
2147 5671 2538 5741 imperatorem
2584 5667 2875 5722 imitatus:
2907 5682 3031 5719 nam
3085 5676 3136 5719 et
3191 5665 3238 5718 is
3292 5661 3469 5717 haud—

1894 5770 2168 5820 quaquam
2218 5757 2490 5819 imperiali
2540 5757 2856 5815 scveritate.
2911 5755 3176 5811 adversus
3220 5769 3316 5810 eos
3370 5749 3467 5813 qui
