3910 6218
539 313 674 376 ΗΜ

1733 307 2116 367 ΝΙΟΕΡΗΟΠ

2147 310 2157 366 ί
2193 307 2546 367 CALLISTI
3550 324 3637 391 ηερ

535 425 678 477 nicia
711 422 946 492 primum
978 419 1346 484 Antiochiam,
1373 428 1428 472 et
1461 417 1589 475 inde
1617 427 1803 488 postea
1833 417 2102 472 Constan—

2147 427 2180 482 Α
2210 419 2468 472 Κιλικίαν
2524 413 2878 485 ἀνεκηρύχοη
2934 417 3245 483 ἐπίσκοπος·
3287 425 3403 488 μετᾶ
3446 428 3489 480 δέ
3534 436 3638 487 τοῦτο

535 514 821 582 tnopolim
860 519 946 566 est
993 511 1308 564 translatus.
1360 509 1528 562 Divus
1579 507 1832 562 Meletius
1869 510 2106 576 primum

535 607 796 659 Srbastim
841 605 1134 674 episcopus
1172 612 1256 654 cst
1292 601 1658 661 renuntiatus,
1694 600 1894 653 deinde
1925 611 2106 654 autem

534 715 658 750 cum
700 713 891 764 magna
949 695 1122 764 gloria
1171 692 1521 747 Antiochiam
1569 691 1636 746 ad
1703 689 1968 746 Orontem
2025 701 2105 746 est

537 800 790 843 vocatus.
824 787 957 841 ltem
985 786 1146 839 divns
1172 785 1473 852 Gregorius
1501 784 1838 838 Sasimorum
1873 784 2106 850 primum

533 879 914 949 Cappadocum
966 876 1142 940 urbis,
1185 876 1390 929 deinde
1432 875 1714 937 Nazianzi,
1752 875 1940 942 pattiac
1975 887 2108 933 suae.

536 974 910 1040 episcopatum
984 970 1210 1022 sortitus
1253 983 1268 1019 :
1305 977 1491 1035 postea
1541 983 1569 1020 a
1621 966 1859 1020 secunda
1903 965 2110 1034 synodo

533 1074 588 1117 et
637 1062 856 1116 Mcletio
907 1059 1272 1121 Antiocheno,
1313 1074 1410 1127 pro
1467 1073 1530 1111 eo
1577 1066 1741 1126 atque
1789 1056 1994 1114 decuit.
2054 1056 2109 1108 in

533 1155 853 1222 przeclaram
889 1150 1400 1218 Constantinopolis
1442 1148 1626 1202 sedem
1677 1149 1974 1202 translatus
2002 1157 2107 1204 cst.

537 1245 714 1300 l’atris
776 1244 832 1296 in
867 1243 1072 1296 Achaia
1116 1241 1410 1310 Perigcncs
1455 1242 1750 1310 episcopus
1797 1240 2110 1310 designatus

533 1348 617 1392 est
655 1352 670 1389 :
719 1350 884 1404 quem
926 1334 1022 1387 ubi
1065 1332 1309 1386 civitatis
1337 1333 1458 1401 ejus
1498 1332 1693 1386 incolae
1729 1347 1836 1386 non
1887 1345 2112 1400 recepe-

535 1440 686 1492 runt,
739 1430 1021 1483 Romanus
1061 1426 1356 1493 episcopus
1387 1425 1444 1477 in
1483 1426 1742 1478 thronum
1789 1424 2110 1493 metropoli-

537 1535 676 1576 tanze
712 1521 866 1574 urbis
899 1518 1177 1583 Corinthi,
1214 1519 1306 1572 ubi
1345 1532 1632 1581 sacrorum
1668 1517 1898 1570 antistes
1931 1532 2108 1585 nuper

534 1615 832 1668 admodum
895 1612 1005 1665 vita
1056 1611 1354 1665 defunctus
1407 1611 1610 1673 fuerat,
1668 1609 1853 1665 induci
1894 1611 2107 1680 jussit:

533 1715 700 1774 atque
740 1705 842 1760 ille
896 1705 972 1758 ita
1021 1703 1346 1767 translatus,
1399 1701 1632 1770 paciﬁce
1684 1701 1761 1755 ibi
1813 1717 1912 1771 per
1941 1702 2108 1754 vitam

2210 511 2292 572 είς
2318 509 2655 579 Ἀντιόχειαν
2687 509 2786 575 τὴν
2815 508 2943 592 παρ’
2966 508 3183 581 Ὀρόντῃ
3210 512 3414 578 εὐκλεῶς
3440 525 3636 593 μετετέθη,

2226 602 2283 654 '0
2317 602 2372 653 δέ
2404 601 2547 664 θεῖος
2578 601 2618 652 Γ
2626 599 2878 670 ρηγόριος
2948 601 3191 670 Σασίμων
3224 606 3451 675 πρότερον
3475 611 3640 680 τὴνέπι.

2216 694 2429 761 σκοπὴν
2457 691 2757 762 ἐκληροῦτο
2776 708 2788 721 °
2829 691 3203 754 Καππαδοκίας
3237 695 3287 746 δέ
3335 696 3493 768 αὖτηὴ
3518 705 3638 766 aii;-

2213 792 2306 836 καὶ
2332 783 2643 846 Ναζιανξοῦ
2671 785 2728 835 δέ
2751 783 2853 852 τῆς
2905 787 3104 848 οἰκείας
3141 786 3374 854 πατρίδος
3398 791 3474 857 τὴν
3500 794 3640 848 ἔπιεν,

2213 877 2321 944 πὴν
2349 875 2605 947 εἰληχὼς,
2639 877 2833 930 ἔπειτα
2859 879 3008 947 παρὰ
3029 878 3124 946 τῆς
3145 879 3377 948 δευτέρας
3398 885 3562 936 συνόδου
3583 891 3640 940 καὶ

2211 968 2473 1021 Μελετίου
2530 969 2626 1022 τοῦ
2672 969 3010 1039 Ἀντιοχείας
3071 971 3146 1031 είς
3183 969 3266 1022 τδν
3316 973 3542 1041 περίδοξον
3575 981 3640 1045 τίς

2212 1058 2626 1114 Κωνσταντίνου
2661 1059 2853 1130 θρόνον
2875 1061 2951 1122 ὡς
2979 1060 3150 1130 χρεὼν
3184 1063 3500 1128 μετατίθεται.
3533 1069 3640 1122 Ἐνίὲ

2215 1152 2455 1219 Πάτραις
2509 1154 2610 1220 τῆς
2642 1151 2870 1221 Ἀχαΐας
2919 1153 3213 1216 ἐπίσκοπος
3243 1155 3496 1224 Περιγένης
3530 1177 3640 1228 κεχες.

2216 1245 2492 1314 ροτόνητο.
2534 1245 2624 1306 Ὠς
2658 1245 2715 1297 δέ
2739 1247 2786 1296 oi
2810 1245 2911 1315 τῆς
2938 1247 3139 1307 πόλεως
3173 1247 3318 1299 αὐτὸν
3341 1249 3392 1298 οὐ
3419 1251 3638 1317 προσίεντο,

2212 1340 2238 1390 ὁ
2257 1337 2556 1407 ,Ῥωμαίων
2589 1337 2892 1398 ἐπίσκοπος
2923 1338 2980 1388 ἐν
3003 1340 3070 1405 τῇ
3097 1338 3396 1408 μητροπόλει
3429 1342 3641 1410 Κορινθίων

2212 1427 2622 1497 ἐνθρονίζεσθαι
2672 1427 2866 1480 τοῦτον
2923 1429 3184 1494 ἐκέλευεν,
3214 1431 3326 1499 άρτι
3370 1431 3483 1484 τέλει
3507 1451 3643 1503 χρηστα

2215 1522 2378 1591 μένου
2408 1520 2501 1572 τοῦ
2528 1518 2646 1589 βίου
2672 1520 2765 1572 τοῦ
2791 1521 2974 1572 ἐκεῖσε
3005 1521 3063 1571 τὸ
3096 1521 3324 1589 ἱερᾶσθαι
3345 1522 3564 1591 λαχόντοςυ
3586 1531 3644 1580 tul

2212 1610 2503 1681 εἰρηνικῶς
2520 1612 2619 1679 τῆς
2641 1609 2942 1678 ἐκκλησίας
2957 1610 3046 1663 διὰ
3065 1609 3176 1680 βίου
3191 1614 3393 1681 προέστη
3407 1618 3643 1681 μετατεθείς.

2213 1704 2317 1755 Τὸν
2344 1702 2402 1755 δέ
2437 1702 2760 1766 Σελευκείας
2806 1703 3108 1756 ἐπίσκοπον
3141 1703 3366 1756 Δοσίθεον
3399 1704 3645 1775 Ἀλέξανδρος

533 1813 754 1852 onmem
786 1797 1074 1852 ecclesiam
1122 1798 1285 1850 rexit.
1339 1797 1664 1852 Dositheum
1703 1796 1967 1850 Seleuciae
1995 1795 2112 1864 epi-

2147 1787 2185 1840 B
2214 1795 2241 1846 ὁ
2273 1794 2370 1863 τὴν
2398 1793 2680 1863 ’Δντιόχου
2713 1793 3096 1862 ἐπιτροπεύων
3135 1796 3210 1854 είς
3240 1795 3419 1864 Ταρσὸν
3450 1801 3522 1864 τῆς
3542 1801 3646 1851 ltili-

537 1906 791 1960 scoputn,
839 1890 1150 1944 Alexander
1197 1889 1576 1943 Antiochcnus
1627 1889 1859 1942 Tarsum
1909 1885 2115 1941 Cilieice

537 1981 844 2035 transtulit.
877 1981 1034 2034 Alius
1096 1989 1276 2035 autem
1318 1980 1541 2034 nomine
1567 1981 1932 2035 Reverentius
1961 1981 2117 2034 Areis

537 2073 838 2129 Phoenicia:
860 2073 1160 2142 episcopus
1190 2073 1388 2136 lectus,
1422 2074 1626 2143 Tyrum
1661 2073 1787 2126 inde
1817 2073 2112 2137 transiens,

535 2165 842 2234 episcopali
873 2165 947 2218 ibi
980 2179 1210 2218 munere
1244 2173 1327 2218 est
1373 2165 1616 2219 functus.
1646 2165 1723 2218 Ex
1754 2163 1958 2229 Cordo,
1995 2179 2117 2233 qua:

537 2256 592 2311 in
648 2256 811 2326 Lycia
855 2266 939 2310 est
979 2256 1076 2325 (l),
1111 2256 1163 2308 in
1207 2257 1614 2310 Proconncsum
1656 2257 1897 2310 Joannes
1939 2264 2117 2310 trans-

535 2347 758 2409 missus,
798 2344 1086 2413 magniﬁce
1147 2344 1526 2414 episcopatum
1576 2345 1648 2399 ibi
1681 2346 1868 2414 gessit.
1903 2346 1966 2398 Et
1999 2345 2119 2399 Pal-

535 2439 717 2494 ladius
756 2436 826 2491 ab
872 2436 1194 2506 llclenopoli
1244 2437 1514 2509 Bithyniae
1555 2437 1833 2508 Aspunam
1880 2437 2114 2492 transiit.

538 2533 603 2584 Et
637 2531 782 2584 alius
823 2545 902 2584 ex.
928 2531 1174 2600 ejusdem
1210 2530 1365 2584 urbis
1393 2531 1630 2586 ecclesia
1671 2531 1960 2600 episcopus
1989 2531 2117 2585 Ale-

537 2623 772 2686 xander,
807 2622 1082 2676 Adrianos
1115 2622 1402 2677 traductus
1430 2631 1534 2677 est.
1577 2621 1653 2676 Ex
1693 2623 1929 2692 Apamea
1976 2622 2119 2676 Asia:

540 2715 829 2785 Philippus
871 2714 1294 2784 Eudoxiopolim
1337 2715 1536 2768 missus
1567 2725 1673 2779 est,
1704 2715 1792 2768 cui
1826 2723 1986 2768 vetus
2017 2729 2116 2766 no-

539 2823 664 2861 men
719 2806 1028 2861 Salambria
1075 2804 1199 2858 fuit.
1240 2806 1574 2875 l’olycarpus
1621 2821 1686 2859 ex
1727 2805 2117 2876 Antapristena

542 2901 723 2964 Mysiae
745 2900 905 2963 urbe,
927 2899 1236 2968 Nic0polim
1265 2899 1552 2953 Thracias:
1577 2897 1738 2970 527
1764 2898 2121 2966 Hierophilus

537 3010 605 3049 ex
655 2993 1001 3063 Trapezunte
1049 2992 1189 3046 urbe
1221 2991 1490 3062 Phrygia},
1528 2991 1916 3062 Plotinopolim
1945 2990 2120 3045 Thra-

539 3085 637 3139 cize
671 3083 846 3137 venit.
898 3081 1152 3151 Optimus
1205 3097 1273 3134 ex
1332 3083 1604 3151 Agdamea
1660 3081 1956 3152 Phrygum,
2004 3081 2119 3135 An-

542 3177 801 3231 tiochiam
831 3175 1069 3230 Pisidiae.
1089 3173 1361 3227 Troadem
1387 3188 1451 3226 ex
1470 3173 1836 3243 PhilippOpoli
1873 3175 2120 3230 Thraciae

543 3268 817 3339 Sylvanus
867 3266 1107 3330 transiit,
1146 3265 1215 3319 de
1262 3280 1372 3334 quo
1421 3264 1807 3319 admirandum
1857 3266 2118 3336 quiddam

541 3359 882 3415 memorabo.
918 3359 967 3410 is
999 3372 1122 3411 eum
1157 3367 1334 3412 artem
1365 3358 1667 3412 oratoriam
1702 3359 1939 3428 primum
1972 3359 2119 3429 apud

543 3451 848 3520 sOphistam
916 3449 1168 3503 Troilum
1234 3448 1550 3513 didicisset,
1619 3449 1864 3504 studium
1929 3460 2120 3520 postea

542 3555 707 3595 omne
739 3539 806 3593 ad
842 3538 1335 3593 Christianismum
1374 3537 1681 3602 transtulit,
1714 3540 2122 3610 asceticamqne

543 3639 870 3685 consectans
901 3623 1093 3693 vitam,
1129 3629 1352 3699 pallium
1377 3639 1590 3699 gestare
1633 3633 1933 3686 recusavit.
1966 3631 2122 3687 Hunc

543 3723 833 3792 abreptum
867 3721 1082 3774 Atticus
1116 3720 1431 3790 episcopus,
1466 3718 1867 3791 Philippopolis
1910 3723 2123 3792 episco-

546 3828 675 3882 putn
704 3812 1006 3866 declaravit
1049 3829 1062 3866 :
1099 3813 1151 3864 in
1181 3827 1289 3880 qua
1325 3811 1460 3866 urbe
1494 3823 1780 3880 postquam
1817 3815 2119 3869 triennium

543 3901 744 3972 exegit,
799 3902 906 3956 loci
965 3900 1084 3970 ejus
1128 3902 1423 3955 hibernum
1484 3903 1722 3972 rigorem
1774 3920 1885 3958 non
1939 3905 2120 3960 ferens

548 3997 825 4062 (exiguum
852 3993 999 4046 enim
1027 3999 1084 4046 et
1115 3991 1384 4046 imbecille
1411 3991 1461 4045 ei
1489 4007 1709 4061 prorsus
1733 4008 1933 4064 corpus
1957 3997 2116 4064 erat),

543 4087 789 4141 Atticum
827 4095 885 4137 ut
923 4085 1094 4137 alium
1126 4085 1182 4136 in
1221 4084 1402 4137 locum
1435 4099 1595 4138 suum
1631 4085 1953 4154 episcopum
1988 4087 2121 4140 sub-

546 4178 821 4237 stitueret,
854 4175 1087 4244 rogavit,
1120 4189 1231 4227 non
1263 4174 1424 4228 aliam
1456 4191 1621 4244 quam
1649 4175 1871 4246 frigoris
1901 4193 2119 4232 causam

546 4266 800 4334 petitioni
841 4281 953 4317 suac
1004 4270 1376 4333 praetendens.
1424 4266 1595 4320 Porro
1641 4269 1900 4338 episcopo
1935 4269 2042 4322 alio
2071 4268 2121 4322 ei

548 4357 870 4424 subrogato,
901 4354 1167 4422 Sylvanus
1194 4354 1670 4426 Constantinopoli
1712 4359 1939 4428 degens,
1987 4375 2121 4415 cura

2207 1886 2342 1948 ,κίας
2399 1888 2760 1956 μετήνεγκεν.
2787 1885 3020 1956 Ἕτερος
3065 1886 3123 1938 δέ
3186 1885 3484 1956 Ῥεϐερέντεος
3524 1889 3642 1959 ὄνομα

2229 1975 2443 2048 ’Λρκῶν
2475 1977 2578 2046 τῆς
2611 1977 2866 2046 Φοινίκης
2915 1981 3237 2032 ἐπισκοπεῖν
3273 1979 3469 2047 ἐξελέγη·
3492 1983 3638 2034 ἐκεῖθεν

2217 2069 2275 2121 δὲ
2302 2069 2397 2137 τῆς
2427 2067 2648 2139 Τυρίων
2679 2069 2976 2138 ίερατικῶς
3013 2069 3362 2138 καθηγήσατο.
3384 2071 3479 2122 Ἀπὸ
3494 2071 3641 2139 δέΓόρ-

2217 2161 2308 2215 δου
2340 2161 2438 2231 τῆς
2471 2163 2528 2213 ἐν
2571 2159 2751 2230 Λυκίᾳ
2781 2161 3051 2230 κειμένης
3085 2165 3164 2223 είς
3196 2163 3496 2231 Προικόιησον
3533 2167 3649 2230 μετής

2219 2250 2384 2320 νὲχθη
2436 2250 2691 2319 Ἰωάννης
2715 2264 2729 2280 °
2771 2251 2866 2302 καὶ
2923 2250 3197 2320 λαμπρῶς
3220 2251 3311 2320 τῆς
3352 2253 3576 2319 ἐπισκοπῆς
3594 2253 3648 2304 id

2221 2342 2336 2411 βίου
2369 2343 2494 2404 τοὺς
2519 2341 2712 2404 οἴακας
2745 2341 3126 2410 ἐκληρώσατο.
3155 2342 3330 2405 Ἀλλος
3354 2343 3399 2393 δέ
3423 2361 3484 2405 τις
3518 2345 3648 2395 Παλλὰ-

2219 2432 2328 2494 διος
2386 2431 2492 2483 ἀπὸ
2559 2431 2998 2494 Ἐλενουπόλεως
3049 2431 3146 2500 τῆς
3198 2433 3326 2485 κατὰ
3372 2431 3563 2484 Βιθυνίαν
3602 2435 3652 2493 είς

2233 2524 2532 2578 Ἀσποῦναν
2566 2525 2856 2595 μετετέθη.
2899 2525 3011 2578 Καὶ
3044 2526 3225 2595 ἕτερος
3254 2527 3343 2596 τῆς
3375 2527 3654 2595 αὐτῆςίκχὶη-

2222 2617 2340 2679 σίας
2370 2616 2727 2688 Ἀλέξανδρος
2762 2619 2842 2682 είς
2891 2619 3210 2686 ’Δδριανοὺς
3255 2619 3482 2690 προήχθη.
3511 2619 3654 2670 Ἀπὸίέ

2220 2708 2318 2776 τῆς
2354 2710 2411 2760 ἐν
2444 2709 2601 2780 Ἀσίᾳ
2639 2708 2954 2780 Ἀπαμείας
2989 2712 3254 2773 Φίλιππος
3305 2713 3374 2774 είς
3407 2710 3656 2774 Εὑόοξιούπο-

2220 2801 2303 2854 λιν
2325 2802 2511 2872 ἤγετο,
2546 2797 2580 2874 ᾖ
2622 2804 2683 2855 τὸ
2732 2804 2971 2872 ἀρχαῖον
3004 2804 3316 2874 Σαλαμδρία
3341 2803 3483 2870 ὄνομα
3508 2799 3657 2871 ixmil!)-

2219 2894 2502 2962 λύκαρπος
2538 2894 2645 2947 ἀπὸ
2679 2893 3178 2967 Σεξανταπρίστων
3206 2899 3295 2964 τῆς
3323 2896 3500 2958 Μυσίας
3527 2899 3582 2957 είς
3598 2897 3658 2961 τὴν

2219 2985 2321 3054 τῆς
2352 2985 2572 3056 Θρᾴκης
2622 2987 2922 3041 Νικόπολιν
2968 2989 3281 3059 μετεχώρει.
3333 2989 3427 3042 Καὶ
3460 2985 3660 3057 Ἱερίφιλος

2147 3132 2191 3184 c
2223 3075 2329 3130 ἀπὸ
2355 3075 2770 3148 Τραπεζοῦντος
2802 3080 3015 3144 πόλεως
3039 3082 3270 3152 Φρυγίας
3294 3081 3366 3146 είς
3383 3083 3464 3151 τὴν
3481 3082 3553 3151 τῆς
3575 3080 3664 3149 θρᾴ·

2223 3185 2325 3236 κης
2346 3170 2646 3224 Πλαυτινού
2657 3171 2806 3223 πολιν
2829 3167 3019 3242 ἦλθεν.
3033 3175 3295 3244 Ὀπτιμος
3315 3174 3411 3228 ἀπὸ
3432 3172 3662 3240 ’Δτδαμείις

2221 3260 2320 3330 τῆς
2347 3261 2588 3330 Φρυγίας
2617 3261 2698 3324 εἷς
2727 3262 2826 3333 τὴν
2871 3263 2974 3333 τῆς
3047 3265 3283 3328 Πισιδίας
3322 3265 3664 3335 Ἀντιόχεια-θμε-

2221 3355 2455 3424 τηνέχθη
2493 3356 2576 3419 εις
2635 3355 2694 3409 δὲ
2743 3356 2981 3424 Τρωάδα
3027 3359 3135 3412 ἀπὸ
3164 3359 3258 3430 τῆς
3283 3361 3336 3411 ἐν
3359 3357 3516 3428 Θρᾴκῃ
3539 3356 3664 3407 MP»

2224 3444 2539 3508 πουπόλεως
2573 3446 2838 3509 Σιλσανδς
2891 3448 3264 3521 μετεχώρησε.
3311 3449 3433 3518 Περὶ
3475 3443 3580 3502 olm
3609 3444 3668 3498 καὶ

2224 3536 2530 3606 Θαυμάσιον
2577 3541 2878 3608 γενόμενον
2925 3539 3281 3610 διηγήσομαι.
3315 3540 3570 3608 Ῥητορείιν
3599 3536 3668 3602 γάρ

2223 3628 2474 3697 ἀσκήσας
2502 3628 2656 3692 οὗτος
2682 3631 2950 3701 πρότερον
2985 3650 3062 3686 πα
3074 3635 3143 3706 ρὰ
3168 3632 3246 3700 τῷ
3276 3633 3474 3702 σοφιστῇ
3500 3627 3668 3699 Τρωῐλιν,

2222 3722 2321 3790 τὴν
2353 3721 2593 3793 σπουδὴν
2620 3721 2840 3777 ἅπασαν
2873 3725 3016 3792 πρὸς
3049 3727 3113 3779 τδ
3156 3725 3520 3797 Χριστιανίζειν
3538 3721 3668 3772 ἐτίθει·

2223 3815 2523 3884 ἀσκητικὸν
2569 3816 2626 3868 δὲ
2662 3816 3071 3886 μετερχόμενος
3135 3819 3268 3887 βίον,
3299 3816 3505 3888 τρίσωνι
3550 3811 3672 3882 φορεῖν

2224 3909 2552 3976 παρῃτεῖτοο
2593 3907 2652 3959 ὃν
2699 3911 2727 3959 ό
2765 3910 3069 3973 ἐπίσκοπος
3115 3908 3348 3969 Ἀττικὸς
3396 3903 3672 3972 συνιρπάσιξ,

2222 3998 2708 4062 Φιλιππουπόλεως
2756 4001 2968 4053 ἐδείκνυ
3027 4003 3357 4054 ἐπίσκοπονο
3405 4001 3454 4051 ἐν
3559 3998 3674 4064 τρίτον

2223 4091 2343 4154 ἔτος
2374 4089 2673 4159 διαγαγὼν,
2709 4091 2770 4144 τὸ
2800 4093 2894 4144 τοῦ
2929 4091 3102 4145 τόπου
3138 4094 3211 4162 μὴ
3252 4092 3505 4160 ὑποφέρων
3527 4083 3672 4151 δυσχεί-

2226 4199 2393 4253 μερον
2430 4183 2702 4253 (ἐξίτηλον
2728 4186 2837 4254 γὰρ
2870 4180 2939 4254 ἦν
2969 4187 3164 4256 ἐκείνῳ
3189 4185 3248 4237 τὸ
3275 4184 3416 4254 σῶμα
3436 4181 3510 4234 καὶ
3538 4173 3678 4230 παντὶ-

2224 4287 2390 4324 πασιν
2416 4271 2666 4341 ἄπορον),
2731 4273 2944 4326 ἱκεσίαν
2982 4273 3216 4344 ’Δττικῷ
3266 4272 3526 4342 προσῆγεν,
3551 4266 3678 4333 ἔτερον

2224 4363 2301 4424 είς
2331 4364 2421 4415 τὸν
2447 4363 2612 4416 αὐτοῦ
2626 4363 2792 4417 τόπον
2818 4363 3120 4418 ἐπίσκοπον
3151 4365 3416 4436 καθιστᾷν,
3445 4361 3546 4416 ἄλλο
3570 4357 3680 4428 μηδὲν

547 4463 761 4503 summa
809 4447 1171 4500 monasticam
1220 4446 1389 4500 coluit
1444 4448 1636 4512 vitam,
1691 4450 2016 4518 humilitatis
2063 4461 2116 4508 et

2150 4462 2193 4516 D
2224 4453 2664 4524 προϐαλλόμενος
2690 4457 2723 4528 ἢ
2761 4457 2826 4509 τὸ
2872 4456 3038 4526 κρύος
3067 4457 3243 4511 αἴτιον
3274 4458 3369 4526 τῆς
3395 4453 3680 4524 παραιτήσεως

549 4539 893 4608 paupertatis
926 4546 1034 4590 tam
1086 4537 1390 4604 studiosus,
1424 4547 1482 4592 ut
1525 4540 1580 4592 in
1623 4539 1758 4594 urbe
1791 4541 2123 4610 frequentis-

548 4631 686 4686 sima
732 4629 1120 4694 obambulans,
1164 4629 1398 4699 sparteis
1431 4630 1504 4683 sit
1552 4630 1815 4688 sandaliis
1858 4648 2008 4688 usus.
2045 4634 2122 4689 Eo

549 4732 795 4792 tempore
853 4735 964 4775 non
1020 4721 1196 4774 multo
1251 4729 1483 4786 exacto,
1546 4721 1776 4777 Troadis
1831 4725 2123 4794 episcopus

551 4821 805 4866 mortuus
848 4819 972 4878 gest.
1035 4810 1385 4880 Quapropter
1431 4810 1600 4866 Troes
1651 4810 2122 4885 Constantinopoli

551 4903 779 4964 aﬂuere,
813 4903 1135 4972 episcopum
1177 4911 1448 4972 petentes.
1487 4903 1623 4958 Cum
1668 4913 1852 4960 autem
1887 4909 2120 4975 Atticus,

553 5011 846 5065 quemnam
888 4995 998 5049 illis
1045 4994 1350 5050 antistitem
1397 4997 1732 5066 designaret,
1769 4997 2120 5066 deliberaret,

553 5090 826 5158 Sylvanus
859 5088 1070 5142 visendi
1113 5090 1232 5158 ejus
1266 5089 1440 5158 gratia
1473 5091 1539 5144 ad
1578 5105 1706 5145 eum
1736 5093 1910 5147 venit.
1948 5092 2119 5159 Quem

553 5169 645 5236 ubi
690 5180 998 5250 conspexit,
1029 5180 1213 5234 statim
1249 5181 1299 5235 ei
1346 5180 1524 5251 Troia:
1553 5183 1930 5252 episcopatum
1964 5201 2120 5238 man-

552 5275 724 5328 davit.
755 5273 933 5343 Atque
967 5272 1031 5326 ad
1063 5287 1188 5327 eum
1217 5286 1520 5328 conversus
1553 5290 1566 5326 :
1602 5273 1889 5344 Deinceps,
1921 5275 2118 5344 inquit,

553 5367 734 5420 omnis
757 5366 853 5419 tibi
881 5363 1272 5420 ecclesiastica!
1296 5363 1596 5420 {unctionis
1620 5363 1962 5434 defugiendte
1987 5382 2125 5436 pra:-

553 5461 665 5514 cisa
701 5469 785 5514 est
827 5457 1068 5514 occasio.
1115 5458 1320 5512 Multus
1362 5457 1509 5511 enim
1561 5456 1775 5512 Troade
1818 5459 1971 5513 calor
2016 5474 2121 5525 est,

555 5560 1008 5619 opportunusque
1045 5559 1102 5605 et
1143 5550 1464 5606 commodus
1497 5549 1594 5606 tibi
1646 5564 1676 5604 a
1729 5549 1842 5606 Deo
1895 5562 2122 5621 paratus

633 5745 710 5817 (Ι)
749 5745 958 5804 Socrat.
993 5753 1044 5804 in
1075 5752 1260 5822 Lydia.

2223 4549 2490 4617 γίνεσθαι.
2523 4550 2632 4602 Καὶ
2663 4550 2729 4618 δὴ
2777 4550 2965 4620 ἐτέρου
3006 4551 3305 4604 ἐπισκόπου
3348 4550 3420 4611 είς
3445 4541 3680 4599 τὸνέκείνου

2223 4638 2388 4691 τόπον
2442 4639 2836 4704 καταστάντος,
2871 4639 3136 4703 Σιλὸανός
3182 4642 3238 4692 ἐν
3269 4643 3332 4710 τῇ
3368 4633 3680 4692 Κωνσταντίνου

2222 4731 2322 4792 τὰς
2343 4731 2627 4801 διατριϐὰς
2650 4732 2916 4798 ἐποιεῖτο,
2941 4732 3129 4802 ἄκρως
3157 4734 3248 4785 τὸν
3271 4730 3530 4800 ἀσκητικὸν
3550 4721 3684 4791 μετιὼν

2226 4822 2362 4893 βίον.
2411 4823 2540 4877 Ἐπὶ
2573 4824 2732 4876 τόσον
2761 4824 2818 4876 δέ
2849 4825 2998 4894 αὐτῷ
3028 4827 3090 4877 τδ
3128 4825 3333 4894 ἄτυφον
3372 4825 3454 4876 καὶ
3482 4819 3684 4887 ἀπέριττον

2223 4911 2312 4983 ἦν»
2347 4913 2420 4978 ὡς
2455 4914 2659 4985 καίπερ
2723 4917 2780 4968 ἐν
2836 4917 3255 4988 πολυανθρώπῳ
3288 4917 3430 4969 πόλει
3469 4905 3684 4979 στριςόμε·

2224 5023 2353 5070 νος,
2415 5009 2643 5077 χόρτινα
2697 5007 3054 5062 ὑποδεδέσθαι
3119 5009 3385 5064 σανδάλια.
3447 5003 3611 5068 Ὀλίγον
3657 4993 3684 5045 δ’

2225 5098 2476 5150 ἐνιαυτοῦ
2506 5100 2818 5170 παριόντος,
2849 5101 2877 5152 ὀ
2906 5103 3003 5170 τὴν
3029 5101 3328 5172 ἐπιτροπὴν
3356 5101 3445 5169 τῆς
3470 5097 3516 5148 ἐν
3538 5087 3684 5163 Τρωάδι

2223 5189 2518 5258 ἐκκλησίας
2577 5191 3001 5262 κεκληρωμένος
3057 5193 3337 5245 ἐτελεύτα.
3386 5191 3442 5242 Ol
3488 5187 3534 5240 δέ
3563 5182 3686 5251 Τρῶες

2224 5281 2478 5350 παρῆσαν
2510 5281 2802 5351 ζητοῦντες
2851 5284 3173 5339 ἐπίσκοπον.
3205 5283 3309 5338 Τοῦ
3358 5283 3408 5335 δὲ
3438 5272 3630 5332 ’Δττικοῦ
3651 5272 3684 5320 ἐν

2225 5371 2447 5440 συννοίᾳ
2502 5371 2910 5443 καθεστηκότος
2964 5374 3084 5426 τίνα
3140 5374 3522 5445 χειροτονήσοι,
3566 5362 3685 5431 παρῆν

2224 5460 2484 5525 Σιλδανδς
2511 5463 2818 5532 τηνικαῦτα
2847 5467 2989 5520 κατὰ
3041 5465 3174 5519 θέαν
3207 5466 3386 5519 αὑτοῦ.
3437 5463 3486 5515 '0
3521 5459 3566 5512 δὲ
3587 5468 3685 5509 κιτι-

2225 5553 2353 5620 δὼν»
2387 5554 2548 5620 εὐθὺς
2583 5557 2778 5630 ἐκείνῳ
2806 5562 2903 5631 τῆς
2937 5559 3135 5632 Τροίας
3170 5561 3267 5632 τὴν
3303 5555 3594 5630 προστασίαν
3614 5546 3685 5599 ἑτέ·
