3910 6218
320 295 462 364 “93

1257 300 1868 364 ECCLESIASTIC.E
1911 305 2300 364 IIISTORL'E
2341 307 2486 365 LIB.
2527 308 2675 369 XIV.

3433 308 3486 372 ii
3533 308 3566 369 εί

313 413 418 465 θει.
452 412 562 464 Καὶ
577 414 724 488 ⁸πρὸς
750 413 956 466 ἐκεῖνον
989 414 1374 482 ἐπιστραῖρεὶς,
1421 413 1526 466 Τοῦ
1557 413 1746 465 λοιποῦ
1784 431 1864 466 σοι

1995 420 2078 464 est
2111 411 2286 466 locus.
2319 409 2557 468 Proinde
2585 415 2715 467 nihil
2757 431 2992 478 morare,
3017 416 3108 470 sed
3143 417 3394 486 pratinus
3423 419 3562 471 Tro-

309 500 437 572 ἔφη,
475 505 622 555 πᾶσα
653 503 990 573 περιῄρηται
1026 505 1302 574 πρόφασις
1327 504 1665 574 προστασίαν
1690 505 1891 571 ὲκκληι

307 591 434 655 σίας
483 594 946 662 ἀποδιδράσκειν·
984 595 1117 647 πολὺ
1175 596 1282 665 γὰρ
1344 596 1404 647 τὸ
1454 595 1655 664 φλέγον
1714 596 1772 647 ἐν
1819 598 1884 664 τῇ

307 684 525 753 Τρῳάδι
551 701 565 715 ·
594 689 690 738 καί
723 702 804 739 σοι
837 687 1096 754 εὔκαιρος
1125 689 1292 750 τόπος
1335 688 1703 756 ηὐτρέπισται
1747 687 1884 755 πρὸς

304 773 473 828 Θεοῦ’
507 775 604 828 καὶ
657 776 841 830 τοίνυν
873 779 947 847 μὴ
1001 780 1184 848 μέλλε,
1213 777 1330 830 ἀλλ’
1381 778 1477 832 ἐπὶ
1509 777 1711 847 Τροίαν
1758 777 1883 829 ὅσον

303 867 471 937 τάχος
495 869 755 938 πορεύου.
801 871 1054 941 Μετέστη
1085 873 1269 924 τοίνυν
1298 872 1478 923 ἐκεῖσε
1519 873 1546 922 ὀ
1581 870 1843 931 Σιλόανός
1863 883 1876 898 ·

304 963 401 1014 καὶ
431 961 616 1030 θαῦμα
644 964 880 1029 ἐξαίσιον
908 967 1027 1025 ταῖς
1076 963 1288 1016 ἐκείνου
1315 961 1617 1031 διεπράχθη
1649 962 1839 1030 χερσίν
1862 976 1877 991 ·

310 1054 338 1105 ὂ
370 1054 462 1104 καὶ
496 1054 646 1117 ἄξιον
673 1054 895 1125 ἥγημαι
929 1054 1319 1124 διηγήσασθαι.
1359 1053 1450 1122 Τῷ
1491 1052 1594 1120 τῆς
1626 1053 1880 1122 Τρῳάδος

301 1145 537 1214 αἰγιαλῷ
565 1147 690 1214 ἄρτι
747 1147 881 1210 ναῦς
945 1146 1316 1214 παμμεγέθης
1375 1145 1626 1214 μεγάλων
1658 1146 1878 1214 ἀγωγὸς

297 1238 496 1288 κιόνων
524 1237 847 1290 ἐσκεύαστοο
876 1239 1090 1308 πλάτην
1133 1237 1305 1307 αὐτὴν
1339 1237 1390 1290 οἱ
1438 1236 1569 1308 περὶ
1601 1236 1877 1290 θάλατταν

295 1328 680 1396 ὀνομάζουσιι.
710 1330 867 1382 Ἐπεὶ
896 1329 953 1382 δὲ
999 1329 1208 1397 ταύτην
1238 1329 1346 1381 ἔδει
1390 1328 1757 1382 καθέλκεσθαι
1793 1329 1873 1390 είς

294 1421 396 1488 τὴν
448 1419 747 1485 Θάλασσαν,
811 1421 998 1472 πολλοὶ
1065 1422 1353 1491 συνέρρεον
1413 1420 1698 1482 καλωδίοις
1729 1423 1874 1472 τισὶν

295 1511 550 1574 ἕλκοντες
584 1514 676 1565 ἐπὶ
707 1514 804 1582 τὴν
836 1501 1034 1583 ὑγράν.
1073 1514 1162 1577 Ὧς
1195 1515 1238 1566 δ’
1273 1513 1363 1566 ἐπὶ
1390 1513 1612 1575 πολλαῖς
1634 1514 1876 1582 ἡμέραις

297 1605 558 1673 ἀκίνητος
583 1599 674 1676 ἦν,
706 1605 985 1674 ἐνέργειαν
1009 1605 1294 1674 δαιμονίαν
1324 1603 1585 1674 ᾠήθησαν
1611 1600 1750 1658 εἶναι
1775 1604 1875 1675 τῆς

296 1697 423 1764 νηὸς
474 1700 573 1765 τὴν
631 1696 949 1766 ἀκινησίαν.
1001 1697 1109 1750 Καὶ
1156 1697 1220 1765 δὴ
1249 1697 1572 1765 ἀφικόμενοι
1607 1697 1758 1765 παρὰ
1782 1697 1872 1748 τὸν

295 1791 594 1844 ἐπίσκοπον
644 1791 905 1844 Σιλδανδν
940 1792 1111 1860 εὐχὴν
1159 1790 1323 1860 ᾔτουν
1365 1791 1526 1843 αὐτον
1569 1790 1655 1844 ἐπ’
1687 1792 1869 1860 ἐκείνῃ

296 1881 553 1944 γενέσθαι
581 1897 596 1912 ο
633 1883 847 1953 ἐκείνην
871 1883 978 1950 γὰρ
1004 1883 1295 1935 ἐπίστευον
1343 1882 1514 1950 μόνην
1544 1883 1872 1950 ἀποχρῶσαν

297 1972 438 2029 εἶναι
470 1976 608 2046 πρὸς
633 1975 872 2046 κίνησιν.
917 1975 975 2027 '0
1002 1974 1058 2027 δὲ
1085 1974 1290 2044 μετρίῳ
1317 1972 1396 2042 τῷ
1438 1971 1558 2042 ἦθει
1603 1972 1677 2042 μὴ
1705 1969 1871 2024 αὑτοῦ

296 2067 358 2120 τὺ
395 2067 557 2135 ἔργον
595 2067 781 2133 ἔλεγεν
811 2060 977 2125 εἶναι,
1033 2062 1369 2134 ἀμαρτωλοῦ
1420 2079 1485 2131 γε
1528 2062 1701 2126 ὄντος,
1735 2061 1872 2115 ἀλλά

298 2177 444 2220 τινος
475 2159 655 2220 άλλου,
708 2152 750 2226 ᾧ
783 2159 880 2212 καὶ
933 2158 992 2211 τὸ
1031 2158 1186 2211 Θεϊον
1233 2155 1667 2210 ἐπαναπαύεται.
1707 2153 1796 2217 Ὠς
1827 2154 1869 2206 δ’

297 2251 497 2304 ἐκεῖνοι
549 2250 715 2303 πολλὰ
759 2250 1122 2320 λιπαροῦντες
1154 2251 1460 2312 ἐπέκειντο,
1497 2234 1866 2316 μόλιςέίκειο

295 2342 389 2394 καὶ
423 2342 576 2408 παρὰ
607 2341 700 2394 τον
733 2340 976 2408 αἰγιαλὸν
1001 2339 1266 2408 γεγονὼς,
1301 2328 1869 2402 ἑνὸςτῶνααλωδίων

295 2435 389 2487 καὶ
411 2434 572 2496 αὐτος
596 2434 800 2504 ἦπτετο
827 2448 841 2464 ⁸
874 2433 970 2486 καὶ
993 2435 1106 2493 τοῖς
1133 2431 1312 2491 ἄλλοις
1339 2431 1560 2502 ἔχεσθαι
1582 2429 1676 2483 τοῦ
1702 2430 1866 2501 ἔργου

295 2527 680 2596 παρηγγυᾶτο,
740 2525 921 2595 Βραχῦ
971 2523 1016 2577 δ’
1079 2523 1304 2578 ἐκείνων
1361 2523 1787 2592 ἐπωθησάντων,
1832 2525 1865 2594 ἡ

292 2617 426 2680 ναῦς
457 2616 645 2687 ὥσπερ
671 2617 914 2686 ἔμψυχος
936 2617 1092 2686 τάχει
1121 2616 1300 2686 πολλῷ
1326 2617 1431 2670 τῶν
1454 2616 1869 2686 ὑπερκειμένων

289 2709 752 2775 διολισθαίνουσα,
785 2711 876 2762 ἐπὶ
907 2709 1004 2778 τὴν
1042 2709 1318 2762 Θάλασσαν
1348 2709 1661 2780 ἐπορεύετο.
1696 2709 1868 2765 τοῦτο

291 2804 590 2869 γενόμενον
649 2800 744 2853 ἐπὶ
799 2801 982 2853 πᾶσαν
1031 2799 1132 2868 τὴν
1163 2801 1431 2868 ἐπαρχίαν
1478 2800 1740 2865 διέϐαινε,
1775 2802 1870 2856 καὶ

1987 502 2100 570 jam
2136 503 2505 572 proﬁciscere.
2543 506 2728 576 Itaque
2767 508 3038 578 Sylvanus
3081 523 3146 562 eo
3183 511 3394 564 transiit
3429 529 3444 564 :
3481 524 3561 564 at-

1988 609 2096 662 que
2146 596 2219 649 ibi
2261 596 2585 651 miraculum
2640 599 2851 668 insigne
2898 601 3154 654 manibus
3187 601 3306 670 ejus
3349 601 3557 655 editum

1985 693 2090 745 est,
2121 685 2266 753 quod
2310 687 2558 754 profecto
2587 687 2817 757 dignum
2848 699 2931 741 est
2976 699 3035 741 ut
3075 700 3557 744 commemoretur.

1983 773 2042 826 In
2097 774 2282 830 littore
2349 777 2587 847 Trojano
2651 778 2845 847 ingens
2898 781 3147 832 oneraria
3202 780 3392 840 navis,
3438 798 3559 849 quae

1983 880 2208 933 magnas
2252 866 2538 922 columnas
2587 869 2774 933 ferret,
2829 879 3141 924 constructa
3175 853 3404 924 fuerat:
3444 873 3555 939 pla-

1985 967 2114 1023 tem,
2144 974 2171 1009 a
2199 959 2518 1026 latitudine,
2551 976 2673 1016 eam
2697 972 2879 1017 nautae
2913 964 3219 1018 nominant.
3254 963 3398 1017 lianc.
3427 982 3553 1020 cum

1980 1066 2120 1120 opus
2144 1063 2292 1108 esset
2324 1053 2378 1107 in
2415 1071 2566 1110 mare
2617 1058 2966 1126 provolvere,
3000 1059 3154 1111 multi
3204 1059 3296 1126 qui
3333 1059 3557 1113 {tantibus

1980 1158 2099 1196 eam
2136 1144 2189 1197 in
2237 1146 2413 1200 undas
2444 1148 2749 1208 traherent.
2796 1151 3136 1204 conﬂuxere.
3176 1151 3268 1203 Illa
3312 1151 3388 1218 (l)
3426 1167 3556 1204 vero

1979 1233 2180 1288 diebus
2209 1237 2460 1305 pluribus
2488 1241 2699 1294 moveri
2729 1240 2851 1295 loco
2883 1257 2992 1295 non
3025 1241 3202 1310 potuit
3237 1259 3250 1294 :
3289 1250 3343 1295 et
3374 1241 3549 1295 homic

1979 1340 2079 1379 nes
2108 1327 2440 1382 immobilem
2489 1331 2610 1400 ejus
2653 1333 2946 1386 stationem
2989 1333 3252 1386 dannonis
3297 1333 3550 1386 efﬁcacia:

1977 1420 2388 1488 ascripserunt:
2426 1421 2592 1492 528
2630 1436 2966 1493 quapmpter
3004 1425 3325 1493 episcopum
3364 1424 3552 1494 Sylva-

1977 1524 2107 1563 num
2141 1511 2419 1578 adierunt,
2465 1524 2521 1568 et
2562 1514 2632 1568 ab
2661 1529 2728 1569 eo
2755 1524 2814 1569 ut
2856 1515 3228 1584 precationem
3279 1529 3444 1582 super
3485 1530 3548 1568 ea

1977 1601 2202 1665 l'accrct,
2235 1604 2664 1672 petierunt,cam
2699 1606 2872 1675 ipsam
2897 1607 3067 1660 solam
3094 1605 3161 1659 ad
3200 1620 3550 1658 commoven-

1979 1691 2104 1746 dam
2152 1694 2334 1747 navim
2384 1695 2742 1751 suﬂecturam
2778 1711 2898 1750 esse
2943 1697 3256 1750 credentes.
3313 1695 3408 1748 llle
3451 1711 3549 1762 pro

1978 1786 2243 1840 modestia
2303 1803 2402 1842 sna
2446 1805 2553 1842 non
2600 1789 2795 1858 ipsius,
2832 1799 2891 1842 ut
2925 1789 3166 1841 hominis
3217 1787 3544 1856 peccatoris.

1975 1876 2030 1930 id
2077 1893 2238 1947 opus,
2291 1880 2386 1934 sed
2427 1880 2654 1934 alterius
2701 1881 3006 1955 cujuspiam
3055 1880 3110 1934 in
3143 1895 3253 1946 quo
3295 1879 3543 1932 divinum

1973 1983 2178 2022 numen
2230 1971 2686 2038 conquiesceret,
2736 1986 2860 2026 esse
2911 1970 3068 2024 dixit.
3128 1971 3228 2025 Ubi
3282 1985 3415 2022 vero
3467 1971 3542 2022 ilti

1973 2060 2146 2131 magis
2181 2063 2346 2116 etiam
2402 2063 2452 2116 ei
2502 2065 2670 2117 multa
2720 2065 2923 2132 precati
2978 2064 3246 2127 institere,
3293 2063 3544 2131 petitioni

1972 2168 2161 2208 eorum
2191 2155 2280 2208 vix
2327 2155 2545 2210 tandem
2596 2156 2820 2221 cedens,
2862 2161 2928 2209 ad
2982 2155 3141 2210 littus
3172 2155 3394 2209 advenit
3442 2166 3548 2208 :et

1971 2247 2220 2301 oratione
2247 2257 2487 2316 peracta,
2517 2249 2700 2303 (onem
2732 2263 2900 2306 unum
2928 2249 3128 2318 attigit,
3147 2257 3200 2302 et
3220 2248 3360 2301 alios
3387 2248 3541 2316 operi

1969 2339 2020 2392 ei
2057 2339 2314 2394 insistere
2337 2341 2522 2410 jussit.
2555 2340 2844 2394 Paululum
2880 2341 3032 2394 navis
3060 2341 3130 2395 ab
3167 2341 3274 2394 illis
3307 2340 3541 2408 impulsa

1970 2439 2054 2483 est
2087 2449 2098 2483 :
2137 2439 2192 2484 et
2223 2430 2311 2484 illa
2338 2431 2566 2500 perinde
2594 2440 2758 2500 atque
2790 2432 3030 2485 animata
3057 2438 3227 2492 esset,
3259 2430 3544 2484 celeritate

1970 2520 2143 2574 multa
2183 2522 2508 2588 provoluta,
2547 2522 2614 2576 ad
2669 2538 2819 2577 mare
2855 2524 3128 2591 pervenit.
3178 2523 3301 2577 llaec
3347 2537 3434 2575 res
3484 2521 3538 2575 in

1969 2612 2310 2680 previnciam
2367 2629 2585 2668 omnem
2634 2615 2874 2684 vulgata,
2915 2614 3236 2683 religionem
3289 2630 3539 2684 magnam

1969 2701 2209 2773 Sylvano
2251 2715 2337 2760 est
2382 2715 2658 2761 attestata.
2698 2707 2761 2776 Et
2797 2722 2919 2760 cum
2963 2707 3044 2760 vir
3086 2710 3329 2775 optimus
3371 2717 3538 2770 esset,

1970 2798 2230 2867 quoniam
2265 2801 2356 2869 qui
2389 2799 2490 2853 sub
2515 2814 2583 2854 eo
2610 2811 2767 2852 erant
2797 2797 3003 2861 clerici,
3035 2799 3089 2852 in
3123 2801 3304 2854 causis
3347 2809 3403 2862 et
3440 2815 3538 2851 nu-

291 2891 496 2962 πολλὴν
519 2891 807 2945 εὐλάϐειαν
833 2891 1210 2962 ἐπεμαρτύρει
1240 2891 1316 2961 τῷ
1340 2891 1606 2962 Σιλὸανῷ.
1634 2892 1864 2962 Ἀγαθδς

1971 2889 2080 2959 gis,
2123 2889 2489 2960 undecunque
2523 2890 2669 2945 inter
2710 2907 2806 2946 eos
2857 2893 2950 2960 qui
2998 2893 3210 2962 judicio
3243 2892 3541 2946 contende-

289 2985 348 3039 δὲ
369 2985 510 3056 ἀνὴρ
553 2985 621 3036 τά
657 2985 893 3054 μάλιστα
936 2983 1034 3046 ῶν,
1085 2985 1207 3036 ἐπεὶ
1260 2984 1357 3036 καὶ
1398 2985 1525 3047 τοὺς
1559 2985 1653 3037 ὑπ’
1704 2986 1867 3039 αὑτδν

1972 2991 2116 3043 rent,
2163 2983 2614 3051 provenicnttbus
2648 2984 2817 3038 veluti
2874 2984 3332 3038 nundinationem
3376 2985 3539 3038 insti-

291 3078 594 3148 κληρικοῦς
621 3077 766 3148 ἐώρα
817 3075 1006 3145 ῶσπερ
1051 3074 1323 3145 ἐμπορίαν
1373 3075 1738 3144 ποιουμένους
1765 3077 1864 3140 τὰς

1973 3085 2192 3132 tucrent
2219 3075 2319 3145 (2),
2351 3093 2420 3130 ne
2453 3076 2578 3146 quis
2601 3092 2664 3131 ex
2689 3077 2837 3130 clero
2867 3087 3054 3145 postea
3091 3091 3311 3131 causam
3347 3093 3540 3147 quam-

291 3172 416 3248 §05v
445 3171 508 3240 δή
541 3186 675 3222 ποτε
709 3166 1170 3238 προσπιπτούσας
1215 3166 1530 3237 ἐρεσχελίας
1578 3168 1687 3222 τῶν
1717 3169 1867 3221 δικα-

289 3263 556 3330 ζομένων,
586 3263 784 3330 ἐκύρου
819 3261 1021 3332 μηδένα
1053 3260 1161 3313 τῶν
1192 3261 1412 3331 κλήρων
1437 3260 1684 3326 δικάζειν
1706 3264 1865 3332 δίκην

288 3357 451 3408 ποτὲο
483 3354 618 3407 ἀλλὰ
653 3356 778 3413 τοὺς
814 3353 921 3406 τῶν
951 3352 1247 3406 αἰτούντων
1292 3354 1500 3424 χάρτας
1541 3355 1860 3424 λαμδάνων,

291 3446 374 3497 ἐνὶ
397 3445 504 3498 τῶν
532 3446 760 3511 πιστῶν,
795 3445 854 3497 δν
904 3445 1019 3514 ᾔδει
1075 3446 1444 3514 διαφερόντως
1497 3446 1698 3517 πολλὴν
1730 3449 1866 3516 πρό-

290 3555 442 3591 νοιαν
476 3539 568 3592 τοῦ
621 3539 835 3592 δικαίου
887 3540 1234 3609 ποιούμενον,
1301 3541 1724 3605 μετεστέλλετο·
1768 3542 1862 3594 καὶ

288 3634 388 3694 τὰς
417 3632 570 3691 δίκας
603 3631 922 3702 ἐγχειρίζων
973 3634 1186 3702 ἐκείνῳ,
1219 3633 1316 3692 τὰς
1344 3633 1452 3684 τῶν
1486 3632 1860 3701 δικαζομένων

288 3724 606 3794 ἐρεσχελίας
641 3725 973 3795 ἀπήλαυνεν.
1027 3725 1191 3778 Ἀλλὰ
1221 3723 1392 3777 ταῦτα
1427 3724 1526 3794 μὲν
1557 3727 1682 3794 περὶ
1737 3725 1858 3776 Σιλ-

289 3817 478 3882 6ανοῦ,
524 3819 572 3872 εί
623 3819 718 3872 καὶ
770 3819 1350 3889 παρεκϐατικὼτερον,
1397 3816 1514 3869 ἀλλ’
1545 3813 1639 3870 οῦν
1662 3835 1746 3885 γε,
1785 3817 1858 3880 ὡς

284 3909 491 3978 οἴομαι,
528 3913 593 3980 τῇ
631 3911 882 3980 παρούσῃ
938 3911 1151 3979 ἱστορία
1203 3910 1584 3978 προσήκονταο
1623 3908 1748 3977 ἑξῆς
1801 3909 1856 3960 δὲ

284 4003 383 4055 καὶ
407 4001 561 4055 ἄλλοι
601 4001 788 4054 πολλοὶ
831 4001 938 4053 ἀπὸ
971 4000 1177 4070 θρόνων
1211 4002 1289 4061 εἰς
1322 3999 1546 4068 θρόνους
1582 3998 1856 4068 μετήχθη-

284 4110 423 4148 ea.”
457 4089 537 4157 οἷς
573 4097 602 4147 ὁ
634 4093 946 4158 σοφώτατος
979 4093 1134 4156 οὗτος
1175 4093 1436 4162 Πρόκλος,
1471 4093 1576 4146 ἀπὸ
1614 4095 1854 4157 Κυζίκου

282 4187 606 4255 μετατεθεὶς
640 4188 722 4248 είς
751 4185 1336 4240 Κωνσταντινοῦπολιν
1361 4201 1374 4216 ·
1405 4187 1496 4238 καὶ
1529 4185 1622 4239 τοῦ
1655 4186 1856 4240 πάππα

291 4279 514 4350 Ῥώμης
554 4279 879 4332 Κελεστίνου
916 4281 982 4350 τῇ
1013 4278 1210 4349 πράξει
1261 4278 1733 4342 συνευδοκοῦντος.
1760 4282 1855 4334 καὶ

277 4373 350 4426 δι’
373 4372 674 4424 ἐπιστολῶν
700 4371 868 4442 τριῶν
901 4372 1036 4439 πρός
1070 4387 1127 4423 τε
1166 4369 1256 4422 τὸν
1281 4369 1694 4439 Ἀλεξανδρείας
1743 4370 1855 4423 Κύ-

1969 3168 2115 3237 piam
2175 3169 2493 3236 judicaret,
2556 3169 2866 3224 constituit.
2935 3167 3041 3224 Sed
3106 3171 3534 3247 supplicantium

1968 3260 2186 3315 libellos
2236 3271 2516 3329 acceptos,
2573 3261 2669 3314 uni
2713 3277 2778 3314 ex
2836 3261 3090 3317 ﬁdelibus
3141 3263 3317 3321 laic's.
3376 3277 3536 3329 quem

1968 3352 2244 3421 praecipue
2271 3353 2404 3423 justi
2436 3364 2492 3406 et
2533 3356 2672 3423 arqui
2724 3356 3031 3410 studiosum
3063 3371 3185 3410 esse
3227 3356 3414 3419 sciret,
3445 3372 3535 3410 ac-

1965 3444 2076 3495 cito
2107 3442 2278 3506 dedit,
2311 3443 2704 3514 eiquejudicio
2743 3461 3032 3499 causarum
3068 3449 3383 3507 commisso,
3413 3449 3538 3516 jure

1964 3534 2414 3587 contendentium
2468 3546 2799 3604 nugamenta
2852 3537 3064 3606 rejecit.
3130 3537 3254 3590 Haec
3308 3538 3374 3591 dc
3421 3539 3539 3606 Syb-

1963 3639 2104 3678 vano
2135 3625 2236 3694 (ὅ),
2281 3626 2534 3692 quamvis
2581 3642 2677 3694 per
2721 3627 3145 3696 digressionem,
3182 3645 3291 3680 non
3333 3639 3533 3691 tamen,

1962 3717 2124 3771 sicuti
2163 3706 2311 3788 puto,
2350 3721 2418 3773 ab
2453 3719 2682 3773 historia
2716 3729 2903 3774 nostra
2954 3721 3157 3785 aliena,
3205 3721 3352 3774 dicta
3401 3723 3531 3777 sint.

1963 3809 2232 3880 Deinceps
2291 3826 2419 3865 vero
2472 3813 2629 3866 multi
2690 3827 2911 3882 quoque
2968 3815 3062 3868 alii
3113 3829 3177 3867 ex
3228 3815 3427 3868 throno
3477 3819 3530 3868 in

1963 3905 2220 3959 thronum
2275 3915 2405 3960 sunt
2466 3907 2640 3960 missi.
2705 3906 2882 3962 Sicuti
2935 3908 3372 3977 sapientissimus
3431 3911 3530 3965 istc

1960 3995 2196 4051 Proclns
2232 3995 2431 4066 Cyzico
2488 3996 3023 4066 Constantinopolim
3076 4007 3161 4053 est
3211 4002 3523 4066 translatus,

1957 4087 2235 4143 Celestino
2290 4090 2539 4144 Romano
2596 4106 2734 4160 papa
2779 4107 2894 4146 rem
2939 4111 3058 4148 eam
3111 4097 3523 4163 Cumprollantt‘,

1958 4182 2208 4249 epistolis
2232 4181 2408 4236 tribus
2427 4183 2494 4235 ad
2520 4182 2782 4252 Cyrillum
2811 4186 3265 4250 Alexandrinum,
3289 4198 3343 4241 et
3364 4187 3528 4242 Joan-

1959 4288 2083 4326 nem
2117 4274 2551 4342 Antiochenum,
2605 4287 2662 4330 et
2718 4276 2918 4331 Rufum
2969 4275 3524 4333 Thessalonicensem

1957 4366 2183 4434 scriptis
2214 4383 2228 4420 :
2261 4366 2316 4420 in
2343 4368 2548 4437 quibus
2574 4370 2794 4435 asserit,
2828 4372 3136 4426 canonibus
3170 4387 3276 4426 non
3330 4371 3526 4425 obesse

281 4465 491 4534 ριλλον,
530 4467 622 4516 καὶ
665 4465 756 4518 τὸν
798 4462 1134 4532 Ἀντιοχείας
1166 4461 1443 4530 Ἰωάννην,
1490 4464 1584 4515 καὶ
1627 4461 1854 4530 Ῥοῦφον

1968 4459 2348 4530 episcoporum
2371 4477 2435 4516 ex
2464 4463 2598 4516 urbe
2633 4462 2686 4516 in
2713 4463 2905 4518 urbem
2933 4465 3232 4534 legitimam
3259 4466 3524 4535 ejusmodi

277 4562 374 4610 τὴν
419 4558 824 4627 Θεσσαλονίκης
865 4556 1093 4628 γράψων
1139 4555 1444 4624 συνίστησι,
1477 4554 1538 4607 τὸ
1584 4555 1727 4608 κατὰ
1757 4574 1853 4626 μηο

275 4652 368 4704 δέν
398 4667 451 4702 τι
485 4649 884 4719 προσίστασθαι
912 4651 1022 4709 τοῖς
1054 4645 1243 4699 κανόσι
1274 4645 1373 4716 τὴν
1399 4645 1508 4698 τῶν
1535 4647 1853 4700 ἐπισκόπων

285 4743 583 4813 μετάθεσιν
627 4743 734 4795 ἀπὸ
764 4741 928 4810 τῆσδε
990 4741 1197 4802 πόλεως
1227 4743 1307 4802 είς
1357 4739 1572 4807 ἑτέραν.
1611 4739 1754 4808 Ἐγὼ
1781 4739 1850 4804 δ’,

277 4839 330 4889 εἰ
363 4837 454 4889 καὶ
490 4833 1064 4904 παρεκόατικιῖηερον,
1113 4834 1211 4886 καὶ
1261 4832 1390 4894 τοὺς
1447 4831 1572 4901 ἑξῆς
1631 4833 1745 4885 ὅσοι
1789 4832 1852 4902 δὴ

283 4924 660 4995 μετετέθησαν
697 4923 1015 4994 προσθεῖναι
1076 4925 1141 4991 τῇ
1200 4921 1414 4991 ἱστορίᾳ
1471 4920 1616 4987 μάλα
1669 4921 1853 4990 βιάσο-

283 5036 409 5087 μαι,
440 5017 792 5087 προσήκοντά
816 5032 903 5083 γε,
954 5011 1132 5082 οἶμαι,
1181 5011 1324 5079 δρῶν
1367 5013 1480 5074 τοῖς
1514 5013 1644 5082 περὶ
1676 5013 1851 5066 ταῦτα

280 5111 637 5180 φιλομαθέσι.
671 5108 811 5177 Πρὸς
840 5107 948 5176 γὰρ
989 5105 1053 5175 δὴ
1089 5104 1302 5166 τούτοις
1339 5103 1431 5155 ἐπὶ
1475 5104 1725 5173 Ζήνωνος
1760 5105 1854 5157 καὶ

276 5204 309 5255 ὁ
346 5201 568 5270 Μογγὶις
617 5203 821 5270 Πέτρος
877 5197 1232 5266 εἰσηγήσεσιν
1283 5194 1540 5247 ’Δκακίου
1599 5193 1692 5246 τοῦ
1753 5195 1853 5260 τῆς

281 5293 702 5348 Κωνσταντίνου
732 5288 999 5359 προέδρου
1034 5287 1142 5340 ἀπὸ
1167 5287 1450 5356 Εὖχαῒτων
1484 5288 1564 5348 εἰς
1600 5285 1855 5350 Ἀλεξάν-

280 5389 471 5453 δρειαν
535 5383 888 5456 μετατίθεται
914 5398 928 5413 ο
964 5380 1037 5442 ὡς
1094 5379 1221 5448 ἑξῆς
1260 5379 1388 5448 περὶ
1425 5378 1617 5431 τούτου
1659 5396 1716 5432 τε
1763 5381 1855 5431 καὶ

279 5481 394 5531 τῶν
429 5479 626 5543 ἄλλων,
679 5478 745 5548 ἢν
777 5476 896 5545 Θεῷ
941 5473 1252 5545 βουλομένῳ
1287 5474 1397 5542 εἴη,
1430 5471 1746 5542 ῥηθήσεται.
1795 5473 1854 5524 Ὀ

355 5594 432 5661 (l)
473 5595 690 5651 Socrat.
722 5591 820 5645 lib.
859 5605 948 5661 vn,
977 5603 1096 5661 cap.
1128 5587 1216 5640 37.

351 5656 428 5729 (Ξ)
471 5662 782 5718 Absurdum
836 5659 1051 5713 clericis
1103 5667 1220 5729 est,
1273 5657 1382 5710 imo
1404 5656 1849 5729 'Actiamoppro-

278 5727 524 5792 LrioSum
548 5773 562 5796 ,
595 5733 638 5785 si
687 5731 891 5801 peritos
927 5743 984 5783 se
1018 5728 1186 5781 velint
1231 5727 1523 5781 ostendere
1575 5727 1844 5797 discc-pta-

599 5828 870 5898 PATRQL.
921 5825 1034 5884 Gtt.
1090 5819 1328 5882 CXLVI

1961 4553 2396 4608 translationem.
2423 4555 2535 4624 Ego
2566 4570 2695 4610 vero
2729 4556 2798 4609 ab
2843 4556 3097 4610 instituto
3130 4557 3364 4624 digredi,
3403 4573 3525 4610 eos-

1956 4661 2062 4716 que
2088 4646 2180 4717 qui
2210 4645 2409 4702 deinde
2462 4646 2712 4701 translati
2749 4647 2821 4700 ita
2851 4647 2981 4723 sint,
3015 4646 3166 4716 operi
3211 4647 3339 4700 huic
3362 4647 3527 4700 adne-

1957 4749 2106 4794 ctere
2148 4754 2335 4809 cogor,
2401 4755 2584 4792 rerum
2629 4739 2816 4792 talium
2853 4739 3138 4801 studiosis,
3171 4751 3230 4792 ut
3264 4740 3520 4807 equidem

1937 4839 2109 4899 pulo,
2155 4830 2588 4900 gratiﬁcaturus.
2649 4831 2855 4883 Prmter
2893 4845 3011 4893 eos,
3066 4846 3206 4897 quos
3259 4832 3519 4894 diximus,

1956 4924 2176 4977 Zenone
2220 4908 2544 4990 imperante,
2592 4922 2784 4975 Petrus
2837 4923 3106 4991 Mongius,
3151 4924 3329 4977 Acacii
3376 4925 3522 4977 Con-

1955 5013 2428 5082 stantinopolitaui
2462 5013 2708 5082 episcopi
2743 5016 3118 5083 suggestione,
3147 5018 3213 5068 ah
3238 5016 3521 5069 Euchaitis

1955 5104 2338 5158 Alexandriam
2399 5103 2756 5158 transmissus
2807 5113 2894 5158 est
2945 5122 2959 5158 :
3004 5105 3164 5159 sicuti
3221 5115 3407 5174 postea
3451 5109 3518 5162 de

1957 5195 2061 5249 hoc
2091 5204 2145 5249 et
2177 5195 2320 5259 aliis,
2361 5195 2405 5249 si
2437 5195 2547 5248 Deo
2586 5196 2764 5248 visum
2803 5195 2988 5261 fuerit,
3019 5197 3286 5251 dicemus.
3319 5198 3516 5252 Anthi-

1957 5302 2078 5341 mus
2105 5286 2527 5356 Trapezuntius,
2567 5287 2670 5340 sub
2710 5287 2928 5341 Justino
2964 5288 3308 5356 imperatore.
3351 5292 3402 5344 in
3434 5305 3520 5343 se-

1956 5379 2081 5434 dem
2128 5379 2804 5448 Constantinopolilanam
2865 5385 3152 5435 traductus
3203 5392 3306 5435 est.
3357 5381 3539 5453 529-

1956 5472 2090 5527 Rem
2126 5472 2268 5526 hanc
2298 5471 2587 5526 continuat
2632 5473 2990 5528 admirandus
3041 5475 3202 5529 etiam
3255 5477 3347 5530 ille
3387 5492 3522 5530 con-

1957 5587 2167 5661 tionum
2201 5601 2318 5641 esse
2349 5586 2672 5642 forensium.
2702 5587 2740 5641 l.
2779 5587 3035 5658 Repetita.
3067 5590 3128 5643 C.
3167 5589 3241 5643 De
3270 5590 3518 5661 episcop.

1957 5658 2186 5797 ρῐὲἳὴ
2223 5726 2362 5782 Tim.
2399 5743 2457 5791 ll,
2500 5737 2554 5782 et
2584 5729 2676 5798 2|,
2705 5741 2876 5800 quaest
2910 5733 2963 5797 5,
3004 5733 3232 5798 Placuit,
3259 5742 3368 5788 etc.

3053 5827 3123 5888 38
