3910 6218
441 336 578 409 1295

1634 345 2050 413 NICEPHORI
2098 343 2442 406 CALLISTI

3452 355 3556 424 1196

433 454 611 510 fessor
635 460 964 529 Germanus,
988 465 1080 534 qui
1114 465 1402 520 Anastasio
1437 465 1766 536 imperante.
1799 462 1996 533 Cyzico

2105 458 2510 528 Τραπεζοῦντος
2543 457 2806 528 ’Λνθιμος
2841 460 2928 514 ἔπι
2977 461 3245 521 Ἰουστίνον
3271 467 3340 528 είς
3378 467 3452 524 τδν
3489 475 3561 542 τῆς

433 561 654 614 quoque
700 552 1230 623 Constantinopolim
1284 558 1525 612 transiit.
1583 556 1716 610 Item
1759 553 2000 607 Thomas

432 638 824 698 Thessalonica
853 647 1259 711 Alexandriam,
1285 650 1354 702 de
1380 651 1624 718 septimas
1652 646 1842 719 synodi
1874 660 2003 699 sen-

435 732 631 794 tentia,
675 734 1036 790 Constantino
1081 747 1138 792 et
1186 739 1341 792 lrene
1394 739 1808 808 imperantibus.
1855 734 2002 788 Divi-

433 825 696 880 nissimns
730 844 948 896 quoque
993 829 1303 898 patriarcha
1351 829 1616 900 Ignatius,
1663 829 1769 883 sub
1813 825 2001 881 Basilii

435 917 748 971 Macedonis
772 918 1025 988 imperio,
1046 917 1310 974 Basilium
1339 921 1656 976 Cretensem
1679 919 1996 988 episcOpum

433 1008 877 1062 Thessalonicattt
948 1012 1304 1067 transmisit.‘
1345 1013 1458 1066 Sub
1515 1009 1709 1066 eodem
1769 1008 1999 1075 imperio

430 1101 672 1154 Joannes
715 1101 961 1171 Majutua:
1007 1104 1298 1173 episcopus
1337 1103 1750 1165 Alctandriam,
1781 1111 1836 1154 et
1869 1101 2000 1153 Am-

435 1193 748 1258 philochius
791 1191 1098 1264 Cyzicenus
1136 1196 1395 1258 Nicaeam,
1430 1205 1593 1263 atque
1629 1193 1757 1248 inde
1805 1192 2000 1246 beatus

433 1281 760 1339 Theodorus
792 1285 1115 1342 Laodiceam
1147 1288 1394 1342 translati
1427 1296 1577 1340 sunt.
1611 1287 1781 1340 Porro
1812 1284 1998 1339 Leone

432 1374 688 1442 Sapieute
723 1377 1013 1445 imperium
1048 1389 1290 1449 regente,
1321 1388 1377 1432 et
1413 1377 1606 1431 Photio
1631 1391 1845 1430 sacrum
1874 1387 1999 1428 mu-

432 1479 539 1516 nus
602 1466 1064 1533 administrante,
1123 1470 1424 1539 Gregorius
1493 1469 1874 1537 Syracusanus
1943 1466 1998 1519 in

434 1556 783 1622 metropolim
838 1556 1116 1612 Nicaenam
1179 1560 1419 1626 transiit,
1455 1569 1510 1614 et
1556 1557 1803 1628 ejusdem
1845 1556 2000 1610 urbis

433 1643 724 1712 episcopus
748 1645 920 1699 Nicon
952 1648 1308 1718 Hierapolim.
1330 1651 1597 1704 Praeterea
1625 1648 1813 1702 Daniel
1839 1647 1999 1701 Nico-

435 1735 594 1802 polis,
629 1751 750 1803 quae
786 1737 838 1790 in
871 1737 1076 1794 Grzecia
1113 1750 1216 1803 est,
1248 1742 1501 1800 antistes.
1533 1743 1801 1810 Ancyram
1835 1737 2000 1794 Gala-

435 1832 524 1881 tiae
572 1844 589 1883 :
634 1839 690 1883 et
736 1830 1034 1898 Symeones
1099 1835 1257 1888 novis
1305 1833 1480 1888 Patris
1527 1833 1850 1888 Laodiceam
1895 1838 2002 1886 :et

433 1919 676 1976 Joannes
733 1923 1030 1980 Larissreus
1088 1926 1360 1998 Synadant
1413 1927 1713 1982 translatus
1755 1936 1860 1982 est.
1918 1925 1999 1980 Ad

434 2011 552 2065 haec
581 2027 648 2066 ex
695 2015 969 2068 Amasena
1020 2015 1156 2070 urbe
1199 2017 1511 2085 Stephanus
1555 2017 1800 2072 eviratus
1854 2016 2002 2071 Con-

435 2106 851 2174 stantinopolim
911 2108 1225 2175 patriarcha
1283 2111 1545 2172 transiit,
1605 2109 1706 2164 sub
1765 2109 2000 2164 Romani

435 2198 584 2251 senis
624 2198 878 2266 imperio.
916 2199 981 2253 Et
1017 2201 1393 2263 Antiocltenus
1434 2201 1865 2267 poemenarches,
1902 2201 2004 2256 hee

434 2296 521 2342 est
575 2289 874 2356 primarius
910 2299 1125 2358 pastor,
1157 2290 1222 2344 ad
1255 2291 1500 2347 ecclesia:
1531 2293 1739 2360 Magum
1768 2293 2001 2361 primum

435 2379 673 2433 oﬂicinm
692 2396 748 2435 se
768 2381 1064 2436 transtulit.
1084 2379 1160 2434 Ex
1179 2383 1494 2450 episcopatu
1514 2391 1693 2436 autem
1710 2383 2001 2449 Flaviadis,

437 2470 530 2536 qui
555 2471 659 2522 sub
687 2470 999 2525 Anazarbes
1026 2473 1316 2540 metropoli
1351 2483 1456 2535 est,
1493 2471 1834 2540 Nicephorus
1865 2471 2006 2528 Pho-

437 2573 533 2613 cas
579 2560 900 2628 episcopum
939 2562 1060 2632 ejus
1101 2561 1444 2616 Eustratium
1499 2562 1855 2625 transferens,
1888 2564 2004 2619 An-

437 2649 657 2704 tiochiae
690 2650 1062 2718 patriarcltam
1094 2650 1224 2706 fecit
1253 2668 1267 2706 :
1298 2667 1422 2706 cunt
1460 2653 1682 2723 quidem
1716 2654 2004 2724 episcopa-

438 2750 552 2793 tum
605 2755 728 2794 eum
781 2741 851 2795 ab
904 2741 1186 2796 Anazarbe
1240 2731 1554 2807 divulsum,
1606 2745 2003 2814 patriarchatui

435 2831 784 2886 Antioclteuo
816 2833 1107 2889 univisset.
1141 2833 1382 2904 Agapius
1415 2836 1682 2890 Seleuciae
1729 2836 1780 2889 iu
1821 2835 2002 2890 Pieria

435 2923 688 2987 antistes,
718 2925 1067 2980 Antiochiam
1098 2936 1155 2982 et
1187 2926 1304 2996 ipse
1335 2927 1634 2982 translatus
1661 2937 1766 2989 est.
1802 2927 2005 2983 Basilio

437 3017 958 3087 l-‘orphyrogettneta
986 3018 1252 3073 Romanis
1277 3018 1599 3088 imperante.
1619 3018 1732 3074 Sub
1756 3021 2002 3092 ejusdem

437 3109 694 3176 imperio,
739 3108 1185 3180 Theopltylaetus
1214 3109 1462 3165 Sebastia
1498 3111 1740 3178 Rosiam,
1782 3121 1840 3168 et
1875 3115 2002 3170 Ale-

439 3201 646 3255 xander
675 3201 968 3256 Antiochia
1003 3201 1382 3274 Hierosolyma
1413 3221 1428 3270 ;
1472 3213 1587 3258 tum
1621 3215 1806 3259 autem
1832 3205 2004 3261 Joan-

438 3309 560 3356 nes,
607 3293 698 3347 etti
761 3293 1031 3349 Codonati
1077 3311 1280 3349 novum
1331 3305 1387 3350 et
1429 3296 1648 3352 celebre
1700 3311 2005 3368 cognomen

436 3386 562 3448 fuit,
586 3398 653 3438 ex
680 3400 870 3455 magna
892 3385 1178 3440 Antiochia
1207 3386 1262 3439 in
1293 3387 1638 3455 metropolim
1667 3387 1794 3458 Tyri
1826 3397 2006 3442 trans-

436 3481 521 3531 itt.
587 3477 655 3532 Et
694 3493 916 3530 rursum
956 3477 1087 3549 Tyri
1130 3481 1422 3547 episcopus
1457 3488 1752 3542 castratus,
1801 3487 1862 3534 ut
1906 3477 2007 3533 Ec-

435 3571 602 3625 clesia
635 3573 755 3642 ejus
787 3586 816 3626 a
850 3570 1030 3625 Persis
1060 3579 1220 3639 capta
1255 3579 1360 3633 est,
1400 3568 1773 3642 Hierosolyma
1810 3570 2004 3641 prolu-

436 3666 536 3732 git.
581 3661 645 3715 Et
687 3678 814 3716 eum
869 3662 1132 3718 thronum
1165 3660 1242 3715 ibi
1279 3675 1516 3716 vacuum
1550 3677 1706 3728 esse,
1741 3665 2004 3732 episcopo

437 3770 537 3810 suo
579 3753 858 3819 orbatum,
905 3754 1272 3823 contingeret,
1305 3753 1787 3824 Hierosolymitaui
1815 3794 1830 3822 ,
1866 3755 2004 3809 Per-

436 3864 624 3902 sarum
670 3846 909 3918 principi
943 3857 1004 3902 ut
1043 3846 1122 3901 illi
1168 3846 1464 3902 ecclesiam
1496 3845 1658 3917 530
1689 3845 2004 3918 Hierosoly-

436 3945 543 3998 mis
579 3941 928 3996 committere
964 3949 1209 4010 possent.
1249 3938 1654 4009 supplicaruut.
1689 3935 1796 4004 Qui
1835 3939 2003 3993 etiam

434 4035 1006 4105 Constantinopolim,
1065 4033 1248 4088 sexies
1303 4031 1596 4086 millesimo
1655 4030 2007 4101 sexingente—

433 4132 574 4185 simo
613 4138 670 4184 et
714 4127 932 4184 decimo
977 4127 1176 4197 quinto
1215 4141 1246 4179 a
1303 4124 1529 4179 condito
1578 4123 1788 4178 tnundo
1833 4137 2002 4189 anno,

435 4222 628 4276 Alexio
675 4221 960 4274 Comneno
1020 4219 1346 4286 imperante,
1391 4216 1715 4281 adveniens,
1766 4234 1797 4270 a
1849 4231 2005 4271 sacra

436 4320 724 4381 susceptus
753 4321 841 4365 est
878 4309 1111 4381 synodo,
1135 4324 1258 4361 cum
1290 4307 1544 4362 Nicolaus
1570 4307 2007 4377 Tlteoprobletns

436 4404 808 4475 patriarcham
875 4411 1079 4474 ageret.
1140 4402 1345 4456 Eodem
1414 4401 1641 4456 Nicolao
1703 4400 2003 4455 Ecelesiam

433 4495 1096 4566 Constantinopolitauam
1167 4494 1529 4564 gubernante,
1582 4493 1865 4548 Pentaclas
1913 4492 2006 4547 ille

436 4591 714 4646 Rosiauus
741 4587 1198 4658 archiepiscopus
1235 4584 1426 4640 Lemni
1459 4583 1637 4638 {actus
1661 4592 1766 4648 est,
1796 4583 2006 4637 eidem-

433 4699 542 4755 que
594 4685 761 4738 etiam
816 4681 1056 4736 Maronis
1114 4679 1357 4734 Ecclesia
1395 4677 1604 4732 addita.
1658 4675 2010 4745 Nicephorus

434 4793 568 4832 vero
616 4774 1074 4846 metropolitanus
1121 4772 1348 4842 Gangrae
1393 4771 1561 4826 veluti
1596 4768 1850 4834 feriatus,
1890 4783 2009 4823 mc-

437 4870 692 4941 tropolint
748 4868 914 4922 etiam
975 4865 1171 4920 habuit
1227 4865 1546 4918 Autastrim.
1602 4861 1687 4916 Ad
1747 4859 2005 4915 eumdem

434 4962 662 5016 modum
725 4969 781 5014 et
841 4957 1196 5027 Leontopolis
1270 4955 1540 5016 antistes,
1601 4951 2007 5020 Arcadiopolim

435 5054 630 5108 tenuit.
669 5052 941 5121 Episcopo
976 5050 1103 5105 item
1135 5047 1472 5115 Alexiopolis
1526 5043 1724 5099 otianti
1786 5042 2009 5115 Abydus

434 5147 655 5208 tradita,
693 5153 879 5214 postea
905 5143 1070 5196 etiam
1101 5141 1294 5209 Apros.
1330 5139 1510 5192 Multae
1538 5137 1707 5191 etiam
1744 5133 2003 5188 Ecclesiae

438 5242 608 5294 unitas
631 5244 782 5302 sunt,
811 5235 975 5290 sicuti
1004 5233 1177 5286 Parus
1197 5241 1255 5287 et
1280 5230 1483 5291 Naxus,
1517 5227 1701 5297 Sugda
1729 5237 1779 5280 et
1808 5225 2005 5290 Phula,

432 5335 622 5386 Alama
675 5340 733 5386 et
765 5323 1173 5394 Soteriopolis,-
1203 5320 1411 5388 Angelo
1454 5318 1625 5372 lsacio
1668 5311 2002 5385 imperante.

433 5423 728 5477 Dositheus
775 5414 1310 5487 Hierosolytnitanus
1337 5407 1877 5476 Constantinopolim
1924 5412 2009 5459 est

435 5515 776 5570 translatus:
827 5529 952 5569 cum
1010 5505 1389 5576 Hierosolyma
1446 5500 1574 5556 inde
1609 5500 1846 5562 Marcus,
1913 5497 2008 5567 qui

432 5607 630 5662 Florus
671 5606 850 5658 dictus
902 5611 1008 5664 est,
1061 5596 1390 5653 transiisset.
1451 5590 1657 5645 Deinde
1708 5586 2008 5641 Dositheus

436 5704 684 5749 rursum,
713 5685 1190 5754 Constantinopoli
1226 5683 1438 5742 relicta.
1479 5677 1706 5732 inAJIiae
1747 5676 2007 5731 thronum

437 5792 696 5836 reversus
739 5787 842 5842 est,
875 5791 940 5831 eo
983 5777 1076 5845 qui
1116 5775 1310 5830 Florus
1359 5771 1673 5828 nominatus
1716 5778 1822 5832 est,
1875 5767 2003 5823 inde

2107 549 2522 602 Κωνσταντίνου
2555 549 2746 619 θρόνον
2776 551 3205 620 μεταϐιϐάζεται.
3233 557 3475 631 Συνίστησι
3496 565 3562 616 τδν

2101 639 2258 707 λόγον
2300 640 2391 690 καὶ
2413 639 2440 689 6
2459 638 2759 708 θαυμάσιος
2783 639 3108 712 ὁμολογητὴς
3134 643 3395 713 Γερμανὸς,
3411 651 3484 701 ἐπὶ
3496 650 3564 702 τοῦ

2103 730 2505 799 αὐτοκράτορος
2545 730 2900 786 Ἀναστασίου
2951 736 3014 786 ἐκ
3057 735 3276 798 Κυζίκου
3323 743 3407 791 καὶ
3443 743 3564 804 αὐτὸς

2102 821 2182 882 είς
2213 820 2311 891 τὴν
2373 821 2792 876 Κωνσταντίνου
2828 825 3153 892 μετατεθείς.
3201 831 3298 882 Καὶ
3327 831 3490 900 Θωμᾶς
3519 836 3566 886 lat

2103 912 2500 982 Θεσσαλονίκης
2547 915 2626 976 είς
2657 915 2756 982 τὴν
2801 915 3142 987 Ἀλεξάνδρου
3197 923 3469 987 μετάγεται,
3494 927 3566 991 τῆς

2102 1003 2339 1072 ἑϐδόμης
2378 1005 2845 1076 συμπραττούσης
2878 1008 2978 1074 τὴν
3014 1010 3181 1078 ψῆφον
3228 1013 3434 1078 συνόδου,
3459 1018 3566 1069 Κων-

2105 1095 2387 1149 σταντίνου
2440 1097 2534 1148 καὶ
2586 1097 2826 1168 Είρήνης
2869 1099 2937 1152 τά
2962 1101 3055 1170 τῆς
3101 1103 3316 1171 μεγάλης
3343 1106 3565 1159 διεπόντων

2101 1184 2276 1254 ἀρχῆς
2291 1202 2306 1217 ο
2341 1187 2627 1240 Βασιλείου
2648 1187 2703 1239 δὲ
2721 1188 2815 1240 τοῦ
2848 1191 2911 1242 ὲκ
2935 1192 3241 1245 Μακεδόνων
3259 1195 3564 1264 κατάρχοντος,

2103 1276 2247 1327 καὶὸ
2278 1275 2551 1340 θειότατος
2577 1280 2923 1349 πατριάρχης
2955 1280 3200 1346 Ἰγνάτιος
3243 1284 3321 1336 τὸν
3346 1286 3425 1354 τῆς
3453 1288 3566 1356 Κρή·

2101 1383 2200 1434 της
2231 1367 2513 1422 Βασίλειον
2551 1371 2632 1430 είς
2664 1369 2766 1439 τὴν
2811 1371 3097 1426 Θετταλῶν
3131 1375 3454 1446 μετατίθησιν.
3480 1379 3566 1432 Ἐπ’

2103 1455 2272 1510 αὑτοῦ
2321 1457 2376 1510 δὲ
2423 1462 2519 1512 καὶ
2553 1461 2581 1513 6
2623 1461 2716 1513 τοῦ
2769 1463 3034 1537 Μαῖουμᾶ
3084 1466 3350 1530 ἐπίσκοπος
3375 1469 3566 1540 Ἰωάννης

2102 1549 2181 1609 εἰς
2210 1547 2307 1619 τὴν
2348 1547 2699 1622 Ἀλεξάνδρου
2729 1555 3062 1622 μετάγεται·
3099 1559 3126 1610 6
3155 1558 3366 1622 Κυζίκου
3393 1577 3440 1614 τι
3470 1561 3565 1630 ’Λμο

2101 1640 2341 1710 φιλόχιος
2387 1642 2704 1710 μεταϐαίνει
2751 1649 2830 1708 εἰς
2878 1648 3139 1701 Νίκαιανο
3187 1655 3270 1702 καὶ
3304 1653 3560 1721 Θεόδωροςό

2105 1734 2373 1801 μακάριος
2417 1736 2630 1788 ἐκεῖθεν
2664 1740 2745 1800 είς
2790 1741 3136 1796 Λαοδίκειαν.
3181 1741 3378 1804 Λέοντος
3412 1743 3456 1797 δὲ
3495 1745 3562 1797 τοῦ

2032 1797 2072 1853 Β
2105 1823 2278 1893 Σοφού
2337 1828 2401 1895 τῇ
2445 1826 2693 1898 βασιλείᾳ
2725 1829 3127 1900 ἐμπρέποντας,
3173 1835 3260 1886 καὶ
3301 1835 3458 1887 Φωτίου
3491 1841 3561 1898 τίς

2107 1913 2256 1983 ἱερὰς
2293 1915 2450 1984 ἡνίας
2479 1916 2918 1988 διακατέχοντος,
2941 1924 2968 1974 ὀ
2991 1923 3318 1994 Συρακούσης
3345 1923 3556 1994 Γρηίόριος

2105 2006 2184 2068 είς
2210 2005 2310 2074 τὴν
2348 1999 2598 2061 Νικαέων
2637 2011 2974 2078 μητρόπολιν
3019 2013 3363 2081 μετατίθεται,
3380 2013 3553 2084 Ναὶμὴν

2106 2097 2202 2149 καὶ
2234 2097 2419 2151 Νίκων
2445 2100 2542 2165 τῆς
2588 2100 2760 2170 αὐτῆς
2797 2102 3104 2167 ἐπίσκοπος
3130 2105 3320 2168 πόλεως
3355 2108 3410 2166 είς
3435 2107 3558 2174 Ἱερᾶο

2105 2185 2260 2240 πολιν
2291 2187 2518 2242 ἄνεισιν.
2563 2191 2729 2244 am
2750 2195 2842 2245 καὶ
2876 2195 2906 2246 6
2942 2196 3042 2264 τῆς
3085 2195 3141 2249 ὲν
3185 2195 3372 2250 Ἐλλάδι
3396 2195 3564 2248 Natant.

2105 2277 2240 2342 λεως
2269 2280 2569 2346 ἐπίσκοπος
2597 2284 2794 2353 Δανιὴλ
2826 2285 2885 2350 ἐς
2914 2287 3018 2356 τὴν
3045 2287 3146 2356 τῆς
3171 2288 3400 2351 Γαλατίας
3425 2289 3569 2351 Ἀγκυο

2109 2387 2211 2441 ραν
2243 2371 2657 2440 προὸισάζεται.
2690 2373 2854 2430 Ἀλλά
2913 2379 3014 2431 καὶ
3059 2377 3088 2430 6
3123 2378 3381 2446 Συμεώνης
3421 2381 3443 2431 ὁ
3477 2378 3572 2431 νέων

2108 2461 2340 2532 Πατρῶν
2382 2463 2481 2534 τὴν
2535 2466 2826 2534 μετάθεσιν
2893 2467 3060 2537 ἔσχεν
3099 2470 3178 2528 είς
3220 2469 3500 2523 Λαοδίκειαν.
3531 2469 3573 2520 '0

2106 2555 2386 2625 Λαρίσσης
2423 2573 2482 2608 τε
2533 2555 2786 2628 Ἰωάννης
2819 2561 2900 2623 εἰς
2951 2561 3160 2616 Σύναδα
3201 2561 3579 2633 μετηνέχθηοίτὶ

2105 2645 2171 2716 δὴ
2193 2646 2406 2710 τούτοις
2439 2649 2503 2701 ὲκ
2534 2649 2635 2718 τῆς
2667 2650 2964 2720 ’Λμασέων
3001 2653 3202 2716 πόλεως
3226 2653 3455 2722 Στέφανος
3475 2654 3578 2705 ἐκτο-

2111 2739 2240 2808 μίας
2271 2741 2352 2803 είς
2379 2741 2732 2812 κατριάρχην
2766 2743 2868 2812 τῆς
2893 2745 3298 2800 Κωνσταντίνου
3335 2747 3582 2816 χειροτονεί-

2104 2847 2216 2896 ται,
2257 2831 2541 2900 Ῥωμανοῦ
2573 2833 2670 2886 τοῦ
2720 2835 2985 2901 γέροντος
3013 2838 3083 2890 τὰ
3125 2839 3356 2908 σκῆπτρα
3388 2837 3582 2889 διακατί-

2107 2940 2316 2992 χοντος.
2349 2924 2462 2976 Καὶ
2507 2927 2534 2978 ό
2559 2925 2658 2994 τῆς
2685 2925 2970 2997 ’Δντιόχου
3003 2924 3060 2984 δὲ
3092 2933 3430 3002 ποιμενάρχης
3451 2932 3512 2990 είς
3543 2926 3586 2981 τὸ

2107 3016 2203 3084 τῆς
2229 3016 2486 3084 Μεγάλης
2517 3017 2810 3086 ἐκκλησίας
2865 3021 3085 3090 πρῶτον
3113 3021 3345 3090 ὀφιρίκιον
3380 3022 3584 3090 μετατάτ-

2032 3128 2078 3188 c
2108 3122 2284 3159 τεται.
2321 3105 2461 3158 ’Λπὸ
2489 3106 2544 3160 δὲ
2565 3108 2665 3178 τῆς
2690 3109 3000 3180 ἐπισκοπῆς
3024 3109 3306 3175 Φλαϐιάδος
3337 3113 3437 3183 ἥτις
3482 3111 3588 3163 ίστίν

2109 3199 2215 3251 ὑπὸ
2248 3197 2350 3268 τὴν
2378 3197 2729 3270 Ἀναζάρσης
2758 3201 3123 3272 μητρόπολιν,
3157 3203 3437 3273 Νικηφόρος
3459 3203 3482 3253 6
3503 3202 3588 3252 Φω-

2107 3291 2210 3352 κᾶς
2244 3289 2335 3342 τὸν
2378 3291 2677 3344 ἐπίσκοπον
2706 3291 2912 3364 ταύτης
2957 3294 3283 3365 Εὑστράτιον
3330 3289 3589 3363 μεταγαγὼν

2105 3381 2334 3446 ἐκεῖθεν,
2357 3379 2689 3452 Ἀντιοχείας
2722 3385 3077 3458 πατριάρχην
3130 3388 3444 3455 καθίστησιν·
3491 3385 3590 3438 ἁπο-

2113 3473 2325 3536 σπάσας
2348 3474 2442 3525 καὶ
2475 3474 2573 3542 τὴν
2611 3477 2914 3548 εἰρημένην
2964 3471 3264 3550 ἐπισκοπὴν
3306 3477 3588 3546 ’Λναζάρὸηςο

2107 3567 2200 3618 καὶ
2239 3566 2316 3635 τῷ
2347 3566 2447 3634 τῆς
2477 3566 2809 3637 ’Λντιοχείας
2848 3573 3232 3642 πατριαρχείῳ
3256 3570 3456 3630 ἑνώσας.
3477 3569 3527 3618 ’0
3550 3583 3588 3617 τε

2107 3658 2432 3721 Σελευκείας
2479 3658 2578 3728 τῆς
2626 3660 2852 3730 Πιερίας
2903 3661 3174 3730 ’Δγάπιος
3206 3665 3284 3728 είς
3327 3661 3413 3732 τὴν
3435 3659 3592 3714 ’Δντό-

2107 3767 2201 3821 χου
2257 3753 2350 3803 καὶ
2383 3751 2545 3820 αύιτδς
2589 3752 2965 3820 μετατίθεται,
2999 3754 3097 3808 τοῦ
3152 3748 3592 3824 Ποριξυρογεννὴτον

2108 3841 2392 3894 Βασιλείου
2425 3844 2537 3900 τοῖς
2577 3841 2910 3911 Ῥωμαϊκοῖς
2951 3847 3250 3916 σκήπτροις
3272 3843 3594 3913 ἐνδιαπρὲπονο

2107 3951 2220 3996 τος.
2247 3933 2371 3987 Ἐπὶ
2405 3934 2462 3987 δὲ
2499 3935 2598 4004 τῆς
2651 3934 2820 4003 αὐτῆς
2849 3935 3152 4006 ἡγεμονίας
3203 3934 3594 4003 Θεοφύλακτοςὲκ

2107 4024 2206 4094 τῆς
2261 4025 2621 4096 Σεϐαστηνῶν
2653 4027 2732 4088 είς
2777 4025 3014 4082 Ῥωσίαν
3070 4027 3350 4094 ἀνάγεται.
3401 4021 3598 4087 ’Λλίξινο

2107 4118 2232 4188 δρός
2261 4134 2320 4170 τε
2355 4121 2382 4170 6
2412 4117 2510 4187 τῆς
2538 4118 2819 4189 Ἀντιόχου
2859 4119 3164 4184 ἐπίσκοπος
3202 4123 3278 4184 είς
3316 4117 3599 4189 Ἱεροσόλυμα

2107 4207 2522 4278 προϐιῦἀζεται.
2559 4209 2627 4261 Ὅ
2647 4225 2705 4260 τε
2739 4208 3025 4280 Ἰωάννης,
3128 4209 3431 4271 Κωδωνᾶτος
3453 4206 3598 4273 δνομαι

2106 4303 2168 4352 τὸ
2198 4302 2385 4353 καινὸν
2410 4299 2472 4369 δὴ
2504 4301 2594 4351 καὶ
2624 4300 2976 4365 ἐξάκουστον,
3013 4302 3125 4355 ἀπὸ
3155 4302 3248 4373 τῆς
3283 4300 3491 4370 μεγάλης
3510 4299 3599 4349 ’Δνο

2107 4391 2350 4459 τιοχείας
2381 4394 2460 4454 είς
2494 4395 2593 4462 τὴν
2627 4391 2967 4462 μητρόπολιν
2992 4393 3174 4465 Τύρου
3215 4393 3498 4460 κατάγεται.
3523 4385 3601 4439 Καὶ

2113 4479 2270 4546 αὖθις
2299 4487 2325 4536 ὁ
2356 4484 2536 4552 Τύρου
2569 4485 2888 4550 ἐπίσκοπος,
2929 4486 3185 4555 εὐνοῦχος
3209 4485 3300 4550 ὢν,
3329 4484 3460 4551 παρὰ
3497 4482 3599 4546 Περ-

2112 4576 2221 4630 σῶν
2245 4576 2343 4646 τῆς
2378 4575 2543 4629 αὐτοῦ
2575 4575 2874 4645 ἐκκλησίας
2906 4576 3147 4650 ἁλούσης
3175 4579 3346 4648 φυγὰς
3378 4577 3446 4636 είς
3476 4573 3600 4640 Ἱερο-

2113 4669 2322 4738 σόλυμα
2357 4668 2584 4736 γίνεται.
2621 4669 2846 4739 Συμόάν
2874 4667 2929 4720 δὲ
2955 4671 3216 4741 χηρεύειν
3249 4672 3334 4722 τὸν
3369 4667 3539 4737 θρόσον.
3567 4661 3602 4709 οἱ

2119 4759 2546 4828 Ἱεροσολυμῖται
2588 4758 2682 4810 τὸν
2736 4759 3048 4828 κρατοῦντα
3089 4761 3305 4831 Πέρσην
3351 4751 3606 4811 καθικετεύ-

2114 4869 2328 4914 σαντες,
2360 4853 2457 4921 τὴν
2509 4850 2617 4903 τῶν
2663 4847 3058 4921 Ἰεροσολύμων
3116 4851 3430 4920 Ἐκκλησίαν
3472 4844 3604 4906 τούτῳ

2112 4943 2460 4996 πιστεύουσιν
2491 4958 2505 4975 ο
2539 4942 2596 5004 ὃς
2627 4944 2722 4995 καὶ
2746 4944 2805 4996 ἐν
2830 4945 2896 5013 τῇ
2935 4944 3336 4996 Κωνσταντίνου
3376 4937 3604 5008 γενόμενος

2112 5035 2253 5088 κατὰ
2279 5037 2339 5088 τὸ
2365 5033 2830 5105 ὲξακισχιλιοστον
2855 5031 3234 5100 ἑξακοσιοστὸν
3259 5028 3606 5087 πεντεκαιδέκα-

2109 5143 2201 5179 τον
2241 5126 2380 5190 ἔτος,
2424 5124 2666 5190 Ἀλεξίου
2713 5125 2809 5178 τοῦ
2838 5127 2901 5179 ἔκ
2935 5126 3238 5196 Κομνηνὼν
3277 5119 3604 5192 βασιλεύοντος.

2111 5218 2264 5287 παρὰ
2291 5217 2386 5285 τῆς
2441 5217 2596 5287 ἱερᾶς
2642 5215 2923 5287 είσεδέχοη
2979 5215 3226 5282 συνόδου,
3258 5212 3501 5268 Νικολάου
3540 5205 3607 5258 τοῦ

2109 5309 2526 5379 Θεοπροὸλήτου
2563 5309 3056 5378 πατριαρχοῦντος.
3091 5307 3200 5361 Τοῦ
3233 5306 3278 5359 6'
3309 5304 3456 5358 αύτοῦ
3486 5301 3610 5355 Νικοο

2111 5401 2244 5454 λάου
2292 5401 2381 5452 τὸν
2413 5399 2602 5468 θρόνον
2635 5400 2730 5467 τῆς
2765 5397 3178 5452 Κωνσταντίνου
3204 5399 3480 5460 διέποντος,
3509 5393 3608 5446 lli!-

2111 5491 2320 5554 τακλᾶς
2375 5488 2581 5552 ἐκεῖνος
2627 5490 2734 5542 ἀπὸ
2770 5489 3086 5544 Ῥωσιάνων
3134 5493 3215 5554 είς
3244 5489 3609 5560 άρχιεπίσκοπν

2111 5584 2334 5652 Λήμνου
2359 5581 2704 5635 καθίσταται.
2738 5583 3041 5652 Προσεδόθη
3088 5583 3145 5636 δὲ
3177 5585 3322 5654 αὐτῷ
3361 5585 3445 5636 καὶ
3473 5582 3499 5650 ἡ
3523 5579 3609 5631 Μᾶ-

2116 5692 2304 5746 ρί⁴³ν⁰ἶ⁸
2338 5675 2656 5743 Νίκτιφόροὲ
2691 5672 2746 5726 δὶ
2779 5675 2805 5726 ὁ
2843 5675 3247 5747 μητροπολίτης
3287 5662 3606 5741 1¹ἀγγρας,ιῖς

2118 5766 2417 5836 σχολάζων,
2448 5764 2548 5832 τὴν
2587 5763 2925 5832 μητρόπολιν
2978 5767 3136 5832 ἔσχεν
3169 5768 3470 5834 Ἄμαστριν.
3503 5753 3592 5807 Ἐπί

2036 4467 2085 4529 D
