3910 6218
398 278 528 340 1201

1271 288 1868 351 ECCLESIASTICLE
1911 292 2305 355 HISTORIA?
2334 294 2480 354 LIB.
2520 295 2675 356 XIV.

3506 292 3644 356 1202

396 396 669 463 κρημνοῖς
725 396 1140 467 διεφθείροντο⁶
1198 406 1290 456 καὶ
1336 405 1579 471 ἔφθασαν
1624 406 1690 461 ἀν
1722 405 1962 472 ἅπαντες

2074 410 2296 479 quidam
2340 412 2501 465 etiam
2540 412 2592 464 in
2622 411 2920 481 pra‘cipitio
2946 410 3091 465 saxis
3124 409 3263 465 allisi
3294 408 3640 467 interierunt.

391 490 503 550 τοῖς
545 487 708 542 ὕδασι
747 491 844 543 καὶ
878 494 1148 561 κρημνοῖς
1191 494 1582 565 ἀπολλύμενοι,
1628 498 1679 550 εί
1721 497 1795 567 μὴ
1824 498 1960 551 Θεοῦ

396 578 625 649 προνοίᾳ
661 581 816 650 μόλις
869 584 1045 644 ἁλιεῖς
1075 584 1266 656 ἄνδρες
1296 589 1392 640 καὶ
1419 588 1663 660 ἐμπορίᾳ
1692 588 1962 653 συζῶντες

393 674 763 742 ἀναφανέντος
810 676 1149 745 Χριστιανοὶ,
1198 682 1335 732 πᾶσι
1374 681 1596 750 τρόποις
1643 681 1965 746 άνέλκοντες

393 764 625 828 ἔσωζον,
676 764 792 816 τότ’
826 766 959 847 tam;
987 767 1089 836 τῆς
1142 769 1327 833 ἀνοίας
1361 770 1746 839 λσμὸάνοντας
1771 771 1964 842 αἰσθη-

395 871 481 908 σιν
502 869 518 885 ·
549 853 678 916 τοὺς
706 853 764 906 δὲ
819 854 1014 919 ἄλλους
1047 860 1300 930 ἀνεῖργον
1330 863 1471 931 σφᾶς
1508 863 1709 926 αὐτοὺς
1742 863 1963 934 ἐπιρρι-

395 962 553 998 πτειν
577 946 656 1014 τῴ
696 946 928 1016 κύματι,
959 950 1308 1017 ἐπιλέγοντες
1340 954 1438 1025 τὴν
1480 954 1589 1008 τῶν
1621 955 1966 1027 προρῤιψάν-

393 1053 503 1088 των
534 1036 811 1091 ἀπώλειαν
829 1052 844 1065 ·
874 1039 972 1093 καὶ
1007 1041 1159 1110 μόλις
1194 1043 1250 1095 ὲν
1276 1045 1371 1114 sq;
1406 1046 1713 1115 γενόμενοι,
1742 1047 1838 1100 καὶ
1861 1046 1962 1116 τῆς

392 1126 624 1197 ἀκρίτου
669 1127 907 1190 πίστεως
932 1131 1032 1199 τὴν
1083 1133 1301 1201 ἀπάτην
1328 1136 1710 1205 φωράσαντες,
1734 1138 1961 1206 ἀνέσχον

392 1217 593 1279 ἀθλίως
624 1218 847 1272 ἐκπλεῖν
866 1235 882 1253 ο
913 1220 1006 1273 καὶ
1032 1223 1119 1275 τὸν
1138 1224 1554 1297 Ψευδομωῦσῆν
1572 1228 1780 1281 ἐκεῖνον
1808 1229 1961 1281 ἔπει-

394 1309 574 1378 ρῶντο
620 1313 867 1380 συσχιίν.
911 1311 1054 1366 Ἀλλ’
1098 1315 1201 1368 οὐκ
1244 1315 1403 1387 ἔσχον
1438 1320 1518 1382 είς
1566 1319 1729 1389 ἔργον
1764 1319 1960 1373 ἀνῦσαι

392 1407 452 1457 τὸ
502 1406 978 1478 σπουδαζόμενον·
1017 1410 1176 1473 εὐθὺς
1227 1414 1337 1483 γὰρ
1384 1415 1597 1478 ἐκεῖνος
1624 1417 1839 1488 ἀφανὴς
1869 1412 1957 1487 ἦν,

393 1500 490 1550 καὶ
540 1499 747 1565 πολλὴν
793 1502 1069 1573 παρέσχεν
1112 1503 1393 1570 ὑπόνοιαν,
1438 1506 1513 1571 ὡς
1567 1508 1823 1579 ἀλάστωρ
1874 1526 1960 1573 τις

391 1589 606 1656 δαίμων
636 1590 993 1661 ἀνθρωπείαν
1023 1596 1242 1665 μορφὴν
1272 1597 1659 1667 περιθέμενος,
1697 1601 1790 1653 ἐπὶ
1811 1600 1958 1673 λύμῃ

390 1681 454 1732 τὸ
485 1679 640 1744 ιθνος
687 1682 956 1753 προῆγεν.
989 1686 1182 1740 Ἔνθεν
1228 1705 1312 1758 τοι
1343 1691 1441 1744 καὶ
1488 1692 1677 1746 πολλοὶ⁵
1712 1693 1782 1748 τὰ
1825 1694 1962 1747 ’1ου-

391 1770 557 1823 δαίων
611 1771 830 1843 χαίρειν
877 1776 1208 1842 φράσαντες,
1242 1780 1351 1832 τῶν
1385 1782 1444 1834 ἑν
1484 1783 1706 1855 Κρήτη,
1754 1786 1824 1838 τά
1853 1785 1990 1862 τῶν.

393 1866 737 1934 Χριστιανῶν
795 1868 1029 1937 βεϐαίως
1081 1874 1425 1941 ἠσπάσαντο,
1493 1877 1575 1940 είς
1625 1877 1852 1945 ἀπειρόν
1908 1895 1962 1931 τι

395 1955 598 2025 πλῆθος
640 1958 1033 2031 ἡριθμημένοι.
1071 1963 1464 2035 Παραπλήσιον
1493 1964 1552 2021 δέ
1582 1986 1634 2022 τι
1682 1968 1781 2023 καὶ
1832 1968 1963 2024 ἀλλο

374 2048 559 2100 ’κατάι
583 2049 736 2101 τόνδε
770 2049 860 2102 τὸν
903 2050 1100 2120 χρόνον
1131 2054 1350 2123 ἐγένετο
1372 2069 1387 2085 ⁶
1424 2055 1453 2110 ὃ
1475 2056 1571 2111 καὶ
1611 2058 1742 2112 αὐτὸ
1768 2058 1964 2129 διηγή-

400 2154 583 2207 σομαι.
622 2139 908 2211 Βάρσαρόν
933 2159 989 2196 τι
1034 2145 1188 2209 ἔθνος
1216 2146 1369 2217 παρὰ
1416 2149 1479 2202 τὸ
1526 2149 1703 2221 πέραν
1734 2150 1826 2203 τοῦ
1863 2167 1962 2203 1:0-

377 2232 569 2300 -ταμοῦ
611 2232 800 2301 Ῥήνου
826 2235 924 2298 τὰς
952 2236 1237 2308 διατριϐάς
1267 2240 1402 2311 ἔχει.
1446 2243 1961 2313 Βουργουντζίωνες

393 2327 473 2397 τῷ
500 2327 645 2381 ἔθνει
668 2329 732 2382 τὸ
759 2331 933 2400 δνομα
957 2347 972 2363 ⁸
1012 2333 1130 2387 λίαν
1158 2334 1216 2389 δὲ
1247 2337 1309 2390 τδ
1341 2336 1495 2401 ἔθνος
1521 2339 1683 2393 τοῦτο
1743 2342 1968 2409 ἀπραγ-

398 2419 733 2486 μονέστατον
753 2438 768 2453 ’
799 2422 1056 2488 τέκτονες
1087 2425 1195 2496 γὰρ
1231 2427 1434 2493 πάντες
1464 2429 1660 2500 σχεδόν
1697 2433 1838 2486 εἰσιν
1861 2449 1874 2462 ·
1902 2432 1964 2497 ἐξ

393 2510 455 2563 οὗ
488 2512 665 2565 καὶτὸ
693 2512 794 2584 ζῇν
838 2516 1032 2584 μισθοῦ
1075 2518 1402 2589 πράττουσι.
1439 2522 1512 2576 Τδ
1545 2521 1640 2578 οὖν
1675 2524 1830 2588 ἔθνος
1857 2525 1967 2579 τῶν

395 2602 614 2659 Οὕννων
668 2609 1081 2679 παρακείμενον
1136 2612 1444 2684 ἐπιδρομάς
1499 2617 1682 2681 αὐτοῖς
1729 2618 1969 2680 ἐποιεῖτο

394 2697 627 2759 πυκνὰς,
664 2698 761 2751 atati.
788 2700 889 2769 τὴν
925 2702 1149 2756 ἐκείνων
1194 2705 1377 2776 ἔκειρε
1404 2708 1588 2778 χώραν
1622 2709 1923 2780 λεηλατοῦν
1951 2726 1965 2743 ⁸

396 2792 485 2841 καῖ
521 2791 1010 2864 πολλοὶάνῄριγντο
1040 2799 1484 2874 συρρηγνύμενοι
1512 2801 1681 2882 μάχη.
1713 2802 1802 2856 Ἑν
1823 2805 1968 2874 ἀμη·

378 2883 546 2951 ·χάνῳ
592 2882 652 2936 δὲ
698 2888 811 2948 τοῖς
844 2886 1039 2956 δεινοζίς
1070 2890 1435 2954 καθεστῶτες,
1460 2891 1576 2962 θεῷ,
1600 2911 1706 2947 τινι
1753 2894 1970 2964 ὲπιτρὲ..

378 2974 495 3039 dat
527 2974 596 3026 τὰ
625 2975 749 3026 καθ’
780 2977 1012 3041 ἑαυτοὺς
1035 2979 1406 3045 ἐϐουλεύοντο,
1435 2984 1526 3051 Ἐν
1558 2984 1634 3055 νῷ
1659 2986 1717 3038 δὲ
1743 2986 1963 3057 θέμενοι

2070 502 2141 557 Ει
2173 502 2413 557 universi
2453 502 2529 557 illi
2568 502 2651 557 vel
2694 503 2749 557 in
2799 502 2984 565 undis,
3030 501 3114 556 vel
3155 501 3208 555 in
3269 500 3642 570 prmcipitibus

2066 594 2212 647 saxis
2253 590 2580 662 périissent,
2607 593 2711 648 nisi
2750 592 2841 648 Dei
2880 592 3243 663 providentia,
3269 591 3359 645 vix
3401 590 3643 660 piscato-

2032 698 2156 738 Ares
2179 692 2234 737 et
2289 683 2380 737 alii
2435 693 2741 738 mercatura
2796 684 3003 738 victum
3059 682 3431 752 quaeritantes,
3482 678 3644 735 Chri-

2065 779 2228 834 stiani
2260 779 2536 843 homines,
2569 780 2752 833 subito
2777 779 3125 834 extrahentes
3157 784 3492 843 servassent,
3526 785 3639 830 tum

2065 870 2302 938 primum
2333 868 2566 923 fortasse
2605 884 2711 938 qua
2752 868 3025 923 dementia
3078 865 3223 935 capti
3271 874 3478 925 essent.
3511 880 3639 919 seno

2064 959 2283 1013 tientes.
2338 958 2403 1013 lli
2468 958 2627 1021 alios,
2657 958 2954 1028 quominus
2988 973 3046 1012 se
3078 958 3133 1012 in
3184 958 3380 1011 fluctus
3407 956 3641 1026 projice-

2064 1059 2205 1112 rent,
2233 1048 2654 1119 prohibuerunt,
2718 1064 2910 1104 eorum
2946 1049 3040 1118 qui
3074 1058 3235 1103 antea
3262 1047 3316 1101 id
3356 1046 3637 1111 fecissem,

2061 1140 2342 1194 interitum
2367 1140 2477 1195 illis
2501 1139 2833 1194 indicantes.
2861 1138 2963 1205 Qui
3001 1155 3131 1194 sane
3165 1153 3309 1209 aegre
3368 1138 3423 1191 in
3452 1137 3638 1192 animo

2063 1245 2177 1284 rem
2237 1245 2422 1284 secum
2476 1239 2813 1300 reputantes,
2862 1237 2919 1285 et
2966 1230 3218 1285 fraudem
3264 1229 3383 1285 sine
3425 1228 3637 1298 judicio

2063 1332 2328 1391 suscepta:
2375 1317 2500 1376 ﬁdei
2545 1331 2601 1376 et
2648 1321 2991 1376 credulitatis
3050 1314 3642 1392 deprehendentes,‘nt

2062 1412 2428 1467 miserabilem
2478 1414 2535 1467 in
2566 1413 2788 1467 modum
2840 1404 3172 1478 enatat-ent,
3210 1412 3637 1468 sustinuerunt:

2058 1515 2116 1559 et
2187 1504 2405 1559 tandem
2480 1503 2887 1559 Pseudomosen
2965 1505 3117 1559 illum
3172 1500 3640 1573 comprehendere

2059 1601 2188 1644 sunt
2219 1591 2485 1661 aggressi.
2519 1592 2719 1647 Verum
2757 1593 3021 1662 perlicere
3073 1592 3126 1646 id
3182 1592 3412 1646 minime
3442 1598 3639 1660 potue-

2062 1690 2192 1735 runt
2229 1698 2243 1734 :
2295 1682 2583 1738 confestim
2613 1685 2760 1739 enim
2814 1685 2907 1740 ille
2949 1684 3243 1753 disparuit,
3271 1693 3328 1739 et
3381 1697 3636 1752 magnam

1993 1749 2038 1807 Β
2065 1771 2434 1839 suspicionem
2491 1771 2745 1841 praabuit.
2779 1749 3153 1842 perniciosum
3175 1749 3499 1841 quempiam“
3523 1770 3638 1824 dae-

2066 1876 2284 1916 monem
2311 1862 2414 1915 sub
2442 1863 2679 1916 humana
2712 1863 2893 1931 specie
2917 1872 3130 1941 gentem
3168 1870 3287 1917 eam
3328 1862 3383 1915 in
3412 1860 3638 1916 exitium

2066 1949 2406 2019 produxisse.
2440 1949 2677 2004 Proinde
2725 1950 2883 2004 multi
2920 1949 3233 2003 Judmorum
3258 1947 3638 2016 superstitioni

2042 2040 2261 2093 nuntio
2285 2039 2541 2104 remisso,
2576 2042 2632 2094 in
2672 2038 2833 2095 Creta
2886 2039 3256 2095 Christianam
3318 2038 3639 2109 religionem

2064 2144 2382 2189 constanter
2428 2146 2812 2206 susceperunt.
2871 2135 3080 2191 Horum
3126 2140 3417 2190 innumera
3471 2148 3640 2203 prope

2064 2226 2168 2281 fuit
2190 2227 2506 2282 multitudo.
2531 2227 2724 2295 Simile
2750 2228 3012 2292 quiddam
3030 2228 3184 2285 aliud
3198 2242 3417 2306 quoque
3442 2229 3637 2287 eodem

2066 2328 2311 2387 tempore
2363 2318 2586 2381 accidit.
2644 2319 2897 2388 quodet
2952 2320 3132 2387 ipsum
3168 2320 3634 2375 commemorabo.

2064 2386 2211 2464 Gens
2258 2410 2504 2479 quaedam
2561 2386 2815 2464 barbara“
2852 2410 3169 2465 ulteriorem
3224 2411 3398 2465 Rheni
3461 2409 3643 2465 amnis

2067 2502 2243 2571 ripam~
2264 2501 2478 2557 accolit.
2509 2502 2933 2577 Burgundiones
2979 2503 3262 2568 dicuntur,
3320 2503 3638 2573 tranquilli,-

2069 2595 2205 2651 tatis
2225 2603 2281 2649 et
2307 2595 2403 2649 otii
2427 2594 2587 2650 valde
2643 2594 2905 2671 studiosi.”
2929 2594 3090 2651 Fabri
3127 2611 3362 2665 namque
3415 2597 3637 2665 tignarli

2068 2705 2257 2746 oumcs
2293 2694 2409 2747 fere
2443 2700 2589 2758 sunt,
2614 2700 2669 2745 et
2698 2693 2761 2744 ea
2796 2701 2914 2745 arte
2941 2691 3067 2745 vita:
3093 2703 3345 2765 sumptus
3379 2692 3636 2747 tolerant.

2068 2783 2242 2836 Porro
2291 2780 2612 2837 Hunnorum
2659 2784 2810 2838 natio
2871 2782 2953 2838 eis
2985 2784 3295 2844 imminens,
3326 2782 3640 2853 frequentes

2068 2874 2420 2930 excursiones
2475 2878 2529 2930 in
2574 2891 2672 2931 eos
2728 2876 2993 2941 faciebat,
3018 2888 3072 2932 et
3101 2877 3382 2946 regionem
3445 2892 3638 2937 eorum

2071 2964 2377 3034 diripienda
2405 2965 2669 3020 vastabat.
2692 2965 2841 3021 Multi
2866 2968 3030 3022 ctiam
3062 2983 3126 3022 ex
3154 2966 3280 3031 illis,
3307 2982 3430 3021 cum
3466 2966 3640 3021 hosti-
3710 2994 3737 3005 ι

400 3062 475 3125 ὡς
508 3065 537 3117 ὁ
566 3062 676 3116 τῶν
721 3063 1012 3135 Ῥωμαίων
1042 3069 1137 3122 καὶ
1186 3070 1528 3139 Χριστιανῶν
1562 3074 1695 3139 Θεὸς
1742 3079 1962 3133 πλεῖστα

2071 3059 2177 3123 bus
2204 3073 2382 3129 pugna
2442 3058 2742 3127 congressi,
2794 3057 3283 3114 interficiebantur.
3320 3058 3454 3115 Cum
3511 3076 3641 3133 ergo

400 3162 514 3221 τοῖς
557 3158 754 3229 ἐκείνῳ
784 3162 1206 3231 προσκειμένοις
1252 3166 1475 3235 ἀρήγει,
1516 3168 1771 3233 ὀξύτατος
1816 3171 1967 3238 γινό-

392 3265 563 3317 μενος
596 3249 811 3321 βοηθὸς,
844 3257 997 3325 κοινῇ
1019 3256 1185 3328 ψήφῳ
1214 3259 1413 3323 πάντες
1465 3261 1651 3335 ἐκείνῃ
1681 3264 1747 3332 τῇ
1777 3264 1959 3324 πίστει

388 3339 865 3412 «προσῄεσαν..Καὶ
885 3346 948 3415 δὴ
976 3349 1115 3401 κατὰ
1146 3348 1277 3417 μίαν
1299 3349 1408 3403 τῶι
1431 3350 1668 3406 Γαλλιῶν
1696 3355 1850 3415 πόλιν
1874 3373 1967 3424 γε·

401 3430 638 3499 νόμενοι,
674 3433 851 3487 ἱκέται
882 3435 975 3487 τοῦ
1003 3437 1305 3492 ὲπισκὲπου
1343 3435 1504 3510 ἦσαν,
1528 3445 1623 3495 καὶ
1642 3444 1837 3509 αὐτοὺς
1861 3447 1960 3517 τὴν

400 3523 512 3575 τῶν
543 3523 885 3592 Χριστιανῶν
932 3529 1117 3581 πίστιν
1166 3530 1504 3597 ἀναδιδάξαι,
1536 3534 1633 3591 καὶ
1665 3535 1759 3589 τοῦ
1813 3537 1961 3591 θείου

404 3611 745 3678 καταξιῶσαι
804 3613 1206 3686 βαπτίσματος.
1247 3619 1307 3673 Ὀ
1367 3620 1414 3673 δ’
1473 3623 1822 3695 ὲπταήμερον
1868 3643 1963 3697 νη-

402 3703 588 3756 στείαν
606 3705 918 3774 ἐπιτρέψας
968 3708 1177 3772 αὐτοῖς,
1202 3712 1295 3765 καὶ
1392 3714 1570 3784 χρεὼν
1600 3719 1961 3788 κατηχήσας,

401 3793 542 3846 κατά
563 3795 662 3865 τὴν
683 3796 876 3867 ὀγδόην
903 3798 1198 3868 βαπτίσας,
1227 3803 1410 3856 οῐκαδε
1436 3805 1657 3860 ἀπιέναι
1684 3803 1959 3873 ἐκέλευεν,

400 3885 699 3939 ἐπίσκοπον
742 3888 927 3950 αὐτοῖς
984 3891 1279 3959 παραδούς.
1314 3893 1823 3967 Ἀναθαρρήσαντες
1866 3899 1961 3952 οὖν

398 3973 651 4028 ἐντεῦθεν
696 3974 863 4043 ὁμόσε
915 3978 1056 4032 κατὰ
1102 3981 1212 4034 τῶν
1262 3984 1668 4052 τυραννούντων
1719 3987 1959 4055 ἐχώρουν

399 4064 645 4133 ἐχθρῶν·
691 4066 790 4119 καὶ
833 4066 933 4136 τῆς
984 4073 1313 4139 προσδοκίας
1354 4074 1606 4142 οὐδαμῶς
1655 4077 1956 4146 ἠστόχουν’

400 4157 507 4209 ὑπὸ
534 4157 645 4229 γάρ
678 4160 896 4212 πολλῶν
935 4163 1124 4239 σιτίων
1165 4165 1374 4234 τροφῆς
1408 4166 1705 4236 Οὸπτάρου
1732 4169 1961 4239 διαρρα-

399 4248 605 4315 γέντος,
652 4250 807 4314 οὗτος
865 4253 975 4322 γὰρ
1027 4236 1138 4307 τῶν
1187 4255 1409 4309 Οθννων
1456 4256 1720 4329 κατῆρχε,
1774 4236 1959 4328 σφίσιν

399 4340 617 4395 ἀνωῑστὶ
647 4343 987 4413 ἐπιθέμενοι,
1024 4347 1227 4416 σφόδρα
1251 4348 1480 4411 πολλοῦς
1514 4350 1916 4420 κατηκόντισαν
1940 4368 1955 4383 ο

2071 3158 2297 3220 propter
2346 3148 2554 3203 cladem
2619 3148 2891 3218 ejusmodi
2925 3149 2993 3203 de
3032 3151 3196 3204 rebus
3245 3151 3359 3205 suis
3383 3149 3644 3223 despera-

2073 3251 2217 3307 rent,
2234 3252 2293 3296 ut
2317 3241 2420 3295 deo
2451 3239 2614 3298 alicui
2644 3255 2731 3295 res
2753 3255 2883 3295 suas
2902 3242 3640 3307 committerent,_consilintn

2073 3349 2265 3411 cepere
2295 3351 2309 3387 :
2338 3348 2573 3402 cumque
2608 3334 2661 3387 in
2695 3343 2933 3387 mentem
2979 3334 3059 3387 eis
3114 3336 3345 3399 veniret,
3378 3326 3646 3389 Christia-

2073 3441 2272 3481 norum
2310 3426 2479 3480 Deum
2516 3424 2821 3479 cultoribus
2849 3426 2963 3479 suis
3007 3435 3066 3479 ut
3102 3416 3432 3479 acerﬁmum
3491 3428 3644 3480 anxi-

2071 3520 2323 3579 liatorem
2354 3516 2643 3588 plurimum
2662 3517 2782 3587 opis
2813 3514 3061 3580 ferre,de
3085 3517 3358 3569 communi
3392 3517 3638 3572 omnium

2074 3624 2366 3671 consensu,
2400 3608 2466 3663 ad
2493 3607 2812 3678 religionem
2845 3608 2968 3678 ejus
2996 3619 3050 3663 et
3081 3607 3241 3662 Iidem
3266 3619 3636 3662 accesserunt.

2074 3702 2247 3767 Quam
2299 3700 2369 3754 ob
2419 3714 2639 3754 causam
2701 3708 2756 3753 et
2810 3699 2867 3754 in
2903 3701 3137 3769 quadam
3186 3698 3373 3755 Callia:
3420 3701 3641 3761 civitate

2069 3791 2411 3862 episcOpum,
2445 3800 2504 3845 ut
2528 3806 2625 3846 eos
2657 3790 3099 3846 Christianorum
3152 3792 3482 3864 religionem
3505 3792 3643 3849 ed0-

2073 3891 2244 3946 ceret,
2302 3892 2359 3937 et
2415 3882 2600 3937 divino
2656 3883 2930 3953 baptismo
2993 3883 3335 3952 dignaretur,
3377 3882 3640 3943 obtestati

2070 3984 2221 4031 sunt.
2255 3974 2350 4029 Ille
2410 3989 2542 4029 vero
2597 3973 2689 4029 ubi
2733 3976 2813 4030 eis
2853 3983 3061 4044 septem
3106 3974 3319 4029 dierum
3370 3974 3637 4050 jejunium

2073 4065 2290 4131 indixit,
2315 4080 2519 4136 eosque
2562 4081 2684 4136 quae
2713 4081 2851 4137 opus
2884 4072 3007 4121 erat
3032 4066 3099 4121 de
3132 4065 3313 4128 sacris.
3338 4050 3503 4120 rebus
3553 4067 3641 4120 in-

2070 4160 2270 4224 stituit,
2321 4168 2513 4214 octavo
2551 4160 2639 4214 die
2688 4158 3013 4229 baptizatos,
3066 4174 3172 4213 una
3214 4174 3337 4213 cum
3379 4160 3641 4228 episcopo

2069 4267 2232 4322 quem
2259 4252 2340 4306 eis
2362 4251 2635 4314 attribuit,
2679 4251 2902 4307 domum
2950 4250 3131 4306 redire
3166 4252 3349 4321 jussit.
3574 4253 3639 4306 Et

2068 4362 2136 4401 ex
2166 4360 2229 4399 ea
2270 4361 2331 4400 re
2361 4344 2557 4399 ﬁducia
2606 4352 2895 4413 concepta,
2932 4354 3122 4399 contra
3160 4344 3347 4398 hostes
3395 4327 3639 4413 tyranni-

398 4433 692 4502 τρισχίλιοι
726 4436 835 4505 γὰρ
878 4437 1055 4499 ὄντες,
1096 4440 1324 4509 μυρίους
1358 4419 1704 4495 ἀπέκτειναν.
1745 4443 1855 4495 Καὶ
1905 4442 1962 4508 ἐξ

2070 4437 2194 4493 dem
2244 4445 2448 4492 tantam
2497 4445 2820 4490 exercentes
2862 4445 3253 4505 processerunt
3287 4453 3300 4489 2
3336 4448 3511 4503 neque
3543 4448 3638 4488 803

399 4526 608 4579 ἐκείνου
641 4529 702 4580 τὸ
729 4526 883 4590 ἔθνος
903 4528 1062 4582 τοῦτο
1090 4529 1355 4601 διάπυρον
1387 4532 1510 4603 ἔσχε
1548 4534 1687 4603 πρὸς
1714 4533 1775 4586 τὸ
1801 4534 1965 4604 ἀκρι·

401 4617 511 4680 ϐὡς
542 4620 955 4689 Χριστιανίζειν
978 4621 1071 4675 τὸν
1097 4621 1298 4694 ἔρωτα.
1333 4623 1495 4678 Οὕτω
1528 4626 1663 4687 Θεὸς
1688 4626 1758 4678 δι’
1785 4625 1963 4680 ἄλλων

399 4708 564 4780 ἔτερα
592 4712 886 4781 πανσόφως
919 4716 1234 4785 οἰκονομεῖ,
1272 4715 1454 4786 βυθοῖς
1478 4718 1739 4786 προνοίας
1771 4716 1847 4780 ὥς
1881 4719 1961 4769 εἰ-

398 4799 493 4861 κὸς
526 4799 587 4852 τὸ
619 4802 721 4852 πᾶν
746 4801 989 4857 διοικῶν.
1027 4804 1213 4857 Ταῦτα
1262 4805 1361 4875 μὲν
1394 4808 1522 4875 περὶ
1573 4806 1813 4859 τούτων’
1852 4806 1963 4874 ἐγὼ

398 4892 456 4945 δὲ
488 4895 581 4947 καὶ
606 4894 801 4965 ἑτέραν
832 4895 912 4964 τῷ
934 4896 1079 4967 λόγῳ
1112 4897 1267 4950 δώσω
1288 4899 1562 4968 διήγησιν,
1594 4899 1662 4952 ἵν’
1699 4899 1793 4970 ἐξῇ
1821 4902 1961 4953 πᾶσι

397 4981 709 5048 γνώσκειν,
739 4984 814 5046 ὡς
842 4988 933 5037 καὶ
961 4985 1029 5039 δι’
1082 4986 1316 5051 ἀναξίων
1365 4989 1627 5051 πολλάκις
1680 4989 1812 5052 Θεὸς
1868 4989 1962 5041 τὰ·

403 5074 616 5145 συνήθη
650 5076 912 5145 πράττων
942 5081 1202 5149 τεράστια
1230 5079 1491 5134 δείκνυσι.

2071 4548 2198 4603 spes
2226 4542 2284 4587 et
2312 4531 2649 4608 exspectatio
2688 4546 2787 4586 sua
2832 4530 3052 4592 fefellit.
3072 4529 3205 4583 Nam
3253 4525 3459 4596 θρίω-ο
3487 4525 3641 4580 Hun-

2072 4642 2269 4681 norum
2299 4626 2439 4681 duce
2461 4641 2529 4681 ex
2569 4624 2789 4694 crapula
2827 4623 2995 4677 nimia
3034 4632 3217 4690 rupto,
3247 4618 3316 4674 de
3341 4619 3638 4689 improviso

2072 4719 2258 4773 hostes
2290 4716 2429 4773 duce
2460 4715 2682 4785 orbatos
2708 4714 2891 4770 adorti
2935 4714 3136 4769 multos
3186 4711 3481 4767 admodum
3518 4712 3639 4767 telis
3696 4712 3703 4741 λ

2071 4806 2655 4873 confecerunt',atque
2687 4803 2791 4873 ipsi
2820 4786 2941 4859 cum
2968 4804 3130 4858 trium
3168 4810 3373 4859 tantum
3406 4802 3637 4856 millium

2069 4911 2361 4959 numerum
2400 4895 2703 4966 explerent,
2737 4894 2927 4950 decem
2956 4893 3276 4948 Hunnorum
3329 4893 3499 4948 millia
3551 4892 3638 4955 in-

2066 4998 2425 5045 teremerunt.
2452 4991 2529 5042 Ex
2549 5004 2615 5042 eo
2640 4997 2883 5057 tempore
2913 4987 3357 5058 Burgundionum
3383 4971 3515 5054 guns
3546 5000 3640 5039 ar-

2064 5079 2217 5134 denti
2274 5080 2340 5134 ad
2392 5077 2877 5135 Christianismum
2921 5092 3134 5133 summe
3187 5075 3633 5133 conservandum

400 5187 585 5227 amore
645 5172 906 5243 ﬂagravit.
978 5174 1053 5243 Ita
1086 5177 1229 5235 Deus
1299 5178 1403 5231 alia
1445 5191 1542 5247 per
1619 5178 1723 5232 alia
1767 5192 1932 5248 quam
1986 5177 2392 5244 sapientissime
2449 5176 2750 5246 dispensat,
2826 5174 3182 5249 providentiae
3237 5186 3438 5228 arcano
3479 5173 3638 5241 longe

401 5266 606 5332 optime
659 5267 840 5333 omnia
882 5267 1292 5331 administrans.
1343 5269 1470 5332 llmc
1527 5271 1811 5327 hactenus.
1850 5269 1963 5341 Ego
2033 5284 2166 5324 vero
2229 5269 2390 5324 aliam
2423 5284 2642 5340 quoque
2672 5284 2784 5323 retu
2830 5268 3295 5333 commemorem.
3339 5276 3397 5321 ul
3429 5280 3635 5341 cognQv

402 5376 555 5424 scere
593 5377 782 5422 omnes
824 5363 1054 5435 possint,
1082 5362 1247 5425 Deum
1284 5366 1716 5436 persepeetiam
1768 5380 1866 5437 per
1909 5363 2166 5435 indignos
2195 5363 2354 5419 solita
2396 5362 2751 5423 consuevisse
2780 5361 3027 5432 prodigia
3058 5361 3345 5423 exhibere.
