3910 6218
243 358 379 429 1211

1166 347 1765 416 ECCLESIASTICEE
1784 352 2191 429 .HISTORI/E
2235 352 2376 414 LIB.
2427 350 2583 412 XIV.

3353 346 3489 412 1218

233 478 468 546 oOﬂvat'
526 470 620 524 καὶ
670 466 904 537 χώματα
956 460 1185 521 πλεῖστα
1221 468 1419 538 αίφνηε
1467 466 1846 534 ἀναδοθῆναι,

1949 484 1973 520 ιι
1999 475 2212 520 montes
2235 465 2484 534 ingentes
2503 461 2850 518 cenformati'.
2876 459 3020 516 Mare
3035 500 3050 526 ,
3076 460 3342 515 terminos
3360 477 3494 517 suos

232 567 318 629 είς
346 565 449 634 όρη
478 579 538 613 τε
576 561 791 628 μεγάλα
821 557 1213 628 σχεδιασθῆναι
1235 574 1249 587 ο
1289 557 1599 626 ὑπερϐῆναι
1636 557 1690 609 δέ
1729 556 1823 608 καὶ

230 657 335 725 τὴν
386 654 663 709 θάλασσαν
710 651 838 712 τοὺς
886 649 1123 711 οἰκείους
1167 651 1365 718 ὄρους’
1426 651 1524 702 καὶ
1585 650 1818 717 νεκροὺς

239 745 433 817 ἰχθύας
478 745 576 797 καὶ
622 743 732 795 τῶν
771 742 915 813 μάλα
973 742 1197 813 μεγέθει
1255 743 1544 812 ἐπισήμων
1592 741 1670 805 ὡς
1717 742 1829 795 ἀπὸ

245 836 546 906 σφενδόνης
581 834 895 903 ἐκπέμπειν
918 850 934 865 ο
967 835 1169 896 πολλάς
1193 851 1255 887 τε
1282 836 1475 905 νήσους
1506 836 1616 886 τῶν
1645 836 1702 887 ἐν
1730 834 1827 888 a6-

237 931 310 1003 τῇ
344 926 668 989 καταδῦναι,
725 927 783 981 ἐς
847 926 1010 997 δεῦρο
1064 929 1296 995 ἀφανεῖς
1342 929 1680 997 γενομένας’
1734 929 1829 981 καὶ

241 1019 408 1070 πλοῖα
436 1017 547 1068 τῶν
569 1016 781 1067 ὑδάτων
804 1015 869 1069 ἀθ
880 1018 1001 1082 ρόον
1027 1016 1519 1085 ύπονοστησάντων
1539 1017 1632 1069 ἐπὶ
1660 1016 1829 1086 ξηρᾶς

241 1108 503 1177 ὀφθῆναι,
543 1106 696 1175 μέσῳ
727 1107 806 1174 τῷ
858 1107 1088 1173 πελάγει
1139 1109 1227 1161 ἐπ’
1282 1111 1562 1177 ἀκινήτοις
1596 1109 1827 1162 ἐστῶτα.

243 1197 497 1266 Μετέσχε
528 1196 585 1250 δὲ
617 1196 727 1250 τῶν
769 1198 835 1250 ἐκ
866 1197 1100 1266 σεισμοῦ
1127 1198 1320 1253 δεινῶν
1352 1198 1423 1253 τὰ
1451 1199 1624 1252 πολλὰ
1667 1199 1831 1253 Βιθυ-

244 1288 340 1342 νία
367 1304 428 1341 τε
476 1292 574 1341 καὶ
631 1287 1049 1356 Ἑλλήσποντος,
1100 1290 1341 1360 ἑκατέρα
1372 1309 1431 1343 τε
1464 1291 1699 1358 Φρυγία,
1731 1291 1832 1344 καὶ

245 1377 346 1446 τῆς
380 1377 457 1429 ἔω
481 1376 549 1429 τὰ
574 1377 828 1440 πλεῖστα,
857 1376 931 1437 ὡς
960 1378 1200 1446 εἴρηται.
1231 1379 1342 1431 Καὶ
1378 1379 1439 1432 τὸ
1467 1380 1629 1432 πλέον
1655 1380 1712 1434 δὲ
1734 1380 1832 1448 τῆς

248 1467 493 1537 ἑσπέρας
526 1465 825 1536 ἐπέδραμε.
859 1467 1049 1538 Πολλῷ
1080 1469 1138 1520 δὲ
1179 1470 1355 1539 χρόνῳ
1396 1470 1458 1524 τὸ
1512 1471 1681 1534 πάθος
1711 1473 1832 1525 ἐπι·-

250 1559 556 1628 κρατῆσαν,
583 1559 682 1629 οὐχ
711 1559 905 1629 ὥσπερ
928 1559 989 1613 τὸ
1022 1561 1303 1630 καταρχὰς
1369 1560 1662 1625 ἐπέϐαλεν,
1688 1559 1833 1614 οὕτω

249 1650 347 1703 καὶ
401 1650 640 1719 διέμεινε
705 1649 1062 1720 σφοδρότερον
1122 1650 1312 1704 ἐπιόνο
1357 1651 1471 1704 ἀλλ’
1526 1651 1692 1723 ἔληγε
1736 1651 1832 1704 κά·-

250 1744 403 1796 κεῖνο
457 1742 642 1812 ἡρέμα
695 1741 772 1809 τῷ
826 1742 1023 1812 χρόνῳ,
1088 1742 1193 1805 ἓως
1242 1742 1306 1796 οῦ
1359 1744 1651 1797 παντάπαν
1700 1743 1832 1796 ἀπέ-

250 1834 400 1888 λιπε.
435 1834 509 1885 Τὸ
564 1833 666 1901 μὲν
721 1831 815 1885 οῦν
845 1833 1019 1895 πάθος
1068 1833 1349 1886 τοιοῦτονο
1394 1835 1445 1886 oi
1501 1834 1558 1886 δέ
1603 1834 1702 1903 τὴν
1735 1833 1834 1887 Βύ-

255 1927 449 1990 ζαντος
497 1923 800 1988 οἰκοῦντες,
857 1925 937 1988 είς
968 1925 1087 1989 δέος
1136 1927 1396 1995 μέγιστον
1440 1927 1832 1992 καταστάντες,

254 2017 353 2071 καὶ
389 2016 460 2070 τὰ
526 2016 919 2085 συμπτώματα
970 2015 1290 2083 δεδοικότες,
1347 2018 1416 2070 τὰ
1453 2017 1605 2088 τείχη
1650 2017 1837 2069 λιπόν-

257 2127 386 2173 τες,
440 2108 597 2171 ἐκτὸς
651 2109 750 2178 τῆς
820 2109 1028 2170 πόλεως
1080 2104 1248 2179 ἦσαν,
1300 2112 1359 2165 ἐν
1413 2109 1492 2181 τῷ
1552 2112 1838 2181 λεγομένῳ

263 2205 484 2272 Κίμπῳ
509 2200 827 2269 ποιούμενοι
864 2201 961 2263 τὰς
991 2200 1300 2270 διατριὸὰς,
1334 2204 1575 2272 συνεχεῖς
1616 2202 1835 2271 δεήσεις

263 2292 490 2360 σύναμα
524 2292 734 2361 βασιλεῖ
760 2290 1029 2360 Θεοδοσίῳ
1066 2293 1159 2343 καὶ
1196 2293 1426 2362 Πρόκλῳ
1456 2293 1534 2363 τῷ
1562 2295 1841 2364 πατριάρο

259 2402 333 2456 χη
369 2384 708 2454 ποιούμενοι,
733 2383 1185 2447 ἐκδυσωποῦντες
1212 2385 1373 2439 ίλεων
1396 2385 1655 2454 γενέσθαι
1682 2386 1837 2449 Θεδν,

156 2544 167 2553 θ
262 2478 359 2528 καὶ
417 2474 530 2528 τῶν
590 2476 961 2544 ἐπικειμένων
1044 2475 1409 2531 ἀπαλλάττειν
1467 2477 1679 2530 δεινῶν.
1731 2476 1842 2531 Καί

264 2583 398 2621 ποτε
433 2566 826 2637 ραγδαιότερον
855 2566 951 2619 τοῦ
995 2565 1225 2635 σεισμοῦ
1273 2568 1681 2636 ἐπιϐρίσαντος,
1709 2570 1843 2636 σφό-

264 2660 369 2728 δρα
397 2675 458 2711 τε
491 2658 839 2727 παλλομένης
877 2660 971 2711 καὶ
1020 2658 1222 2712 ὡσανύ⁵
1258 2660 1705 2730 κυματιζομένης
1744 2662 1842 2731 τῆς

266 2752 393 2821 γῆς,
427 2752 521 2805 καὶ
552 2754 615 2805 ἐκ
644 2751 863 2822 βάθρων
896 2752 1323 2821 ἀνασπασθῆναι
1358 2736 1851 2822 προσδοκωμένηςοη

264 2843 421 2912 λιτῆς
459 2842 759 2913 ἀγομένης,
792 2844 994 2905 πάντες
1018 2842 1320 2912 σύνδακρυς
1350 2837 1513 2913 ἦσαν,
1544 2843 1608 2894 ἐκ
1645 2842 1843 2910 βάθους

268 2932 360 2985 τὸν
382 2931 587 2985 ἄνωθεν
607 2930 756 2983 ἔλεον
786 2930 1206 3001 ἐκκαλούμενοι.
1235 2930 1551 3003 Τηνικαῦτα
1579 2933 1632 2986 δὲ
1659 2933 1845 2999 θαῦμα

269 3023 579 3092 παράδοξον
618 3021 933 3092 ἠκολούθει,
983 3023 1161 3075 πάντα
1196 3021 1319 3076 νοῦν
1363 3023 1616 3075 ἐκϐαῖνον
1643 3022 1845 3075 ὡσανεὶ

271 3114 364 3165 καὶ
392 3098 652 3165 διάνοιαν.
689 3112 897 3181 Αἴφνης
947 3112 1058 3181 γάρ
1092 3112 1156 3163 ἐκ
1194 3111 1364 3179 μέσου
1406 3111 1627 3188 πάντων
1667 3112 1843 3180 ὁρών-
1869 3132 1914 3195 C

270 3222 405 3268 των,
441 3204 563 3273 θείᾳ
610 3204 716 3257 τινὶ
749 3204 1007 3273 δυνάμει,
1054 3203 1265 3255 παιδίον
1290 3205 1369 3265 είς
1400 3183 1539 3272 άέρα
1572 3204 1845 3273 μετέωρον

271 3291 441 3367 ἦρτο·
504 3295 600 3349 καὶ
652 3294 727 3365 τῷ
776 3297 1014 3366 ούρανίῳ
1063 3293 1272 3363 κύματι
1327 3294 1713 3363 προσπελάσαν
1772 3292 1848 3365 ὡς

274 3388 482 3457 ἀφανὲς
521 3386 617 3440 τοῦ
652 3386 841 3440 λοιποῦ
889 3382 1052 3452 εἶναι,
1100 3384 1251 3448 θείας
1283 3387 1342 3438 ἐν
1393 3385 1612 3456 μεθέξει
1663 3388 1848 3455 φωνῆς

275 3480 511 3546 γίνεται,
541 3477 690 3541 ὅπως
733 3477 987 3545 ἀγγέλοις
1034 3475 1155 3538 ἔθος
1187 3476 1320 3528 Θεὸν
1354 3477 1639 3546 ἀνυμνεῖν.
1679 3477 1764 3538 Ὠς
1792 3478 1849 3530 δὲ

278 3569 431 3623 ταῦτ’
477 3568 731 3638 ἣκουσεν,
766 3568 944 3620 ὀπίσω
1000 3567 1162 3619 πάλιν
1200 3566 1570 3635 ἐπιτραπῆναι
1616 3566 1715 3636 τὴν
1753 3567 1852 3619 αύ-

278 3659 380 3728 τὴν
414 3660 601 3729 ἁερίαν
648 3658 767 3712 ὁδὸν
802 3658 1086 3712 κατελθεῖν
1113 3674 1129 3689 ·
1177 3657 1494 3725 ἀναγγεῖλαί
1526 3674 1585 3710 τε
1631 3660 1722 3711 καὶ
1775 3657 1852 3728 τῷ

283 3749 569 3818 ἐπισκόπῳ
615 3748 860 3819 Πρόκλῳ,
912 3748 1126 3818 βασιλεῖ
1166 3766 1227 3800 τε
1276 3748 1368 3815 αὖ,
1421 3750 1515 3801 καὶ
1543 3749 1622 3817 τῷ
1660 3748 1852 3818 πλήθει

282 3842 468 3906 παντὶ,
494 3839 874 3904 λιτανεύοντας
914 3857 974 3892 τε
1001 3841 1096 3894 καὶ
1127 3840 1305 3913 ἄλλως
1334 3843 1595 3909 ἁνυμνεῖν
1629 3841 1854 3912 ᾑρημέ-

280 3949 409 3995 νους
445 3931 597 3997 Θεὸν,
619 3933 716 3983 καὶ
749 3932 908 3985 ταυτὶ
943 3933 1083 3985 κατὰ
1120 3930 1265 3996 λέξιν
1291 3930 1469 3998 λέγειν
1505 3931 1575 3985 τὰ
1608 3932 1851 4001 ῥήματα,

284 4023 432 4096 ἅπερ
487 4021 742 4095 ἀκούσειε
799 4024 893 4076 καὶ
977 4023 1212 4095 ᾀδόντων
1270 4023 1555 4092 ἀγγέλωνο
1599 4023 1789 4091 Ἀγιος
1826 4024 1856 4077 ό

288 4117 444 4181 Θεὸς,
471 4116 625 4185 ᾶγιος
654 4115 897 4186 ἰσχυρὸς,
929 4115 1083 4184 ἆγιος
1124 4116 1409 4181 ἀθάνατος,
1437 4117 1656 4187 ἐλέησον
1685 4117 1855 4187 ἡμᾶς.

297 4211 362 4262 Ἀ
393 4209 530 4279 δῆτα
563 4208 801 4279 Πρόκλος
829 4208 966 4262 ἀκού
978 4226 1094 4274 τας,
1124 4209 1323 4264 αὐτίκα
1353 4208 1498 4263 οὕτω
1524 4208 1750 4279 ψάλλειν
1778 4209 1858 4280 τῷ

287 4300 483 4371 πλήθει
514 4300 789 4354 ἐκέλευεν.
833 4298 892 4353 Ὀ
945 4301 999 4354 δέ
1043 4301 1266 4370 σεισμδς
1315 4301 1477 4364 εὐθὺς
1508 4301 1660 4370 ἔστη,
1690 4301 1860 4372 λήξας

289 4395 630 4449 παντάπασι.
660 4392 922 4457 Βασιλεὺς
962 4392 1021 4446 δέ
1055 4394 1335 4456 Θεοδόσιος
1366 4395 1461 4449 καὶ
1497 4396 1531 4465 ἡ
1568 4396 1858 4465 θαυμαστὴ

1930 566 2358 627 transgressum,
2402 556 2581 625 pisces
2624 553 2862 622 ingentis
2903 544 3297 622 magnitudinis
3345 568 3489 606 mor-

1928 662 2056 707 tuos
2102 652 2268 705 veluti
2310 649 2475 703 funda
2511 649 2696 718 ejecit.
2742 647 2938 702 Insulae
2969 647 3178 717 plures,
3218 663 3324 701 una
3367 662 3492 701 cum

1931 745 2131 799 incolis
2177 744 2294 798 suis
2337 743 2660 804 submersa,
2707 740 2871 795 hodie
2918 754 3137 810 quoque
3182 753 3288 794 non
3333 754 3499 809 appa-

1930 845 2072 890 rent.
2110 834 2287 888 Naves
2315 832 2477 886 undis
2506 829 2799 885 confertim
2833 827 3228 882 decedentibus
3257 830 3310 878 in
3342 826 3496 879 arida

1931 926 2112 980 medio
2164 922 2663 977 mariimmobiles
2719 920 3021 975 consistere
3071 919 3221 972 visat.
3272 916 3494 971 Cladcm

1928 1034 1995 1073 ex
2029 1032 2094 1072 eo
2132 1024 2446 1071 terraemotu
2478 1013 2771 1083 plurimum
2804 1026 3026 1067 sensere
3059 1009 3331 1077 Bithynia.
3363 1006 3494 1060 llel-

1930 1110 2236 1178 lespontns,
2269 1118 2502 1173 utraque
2533 1105 2790 1175 Phrygia,
2819 1112 2873 1157 et
2898 1100 3137 1156 0rien:is
3167 1115 3292 1168 pars
3324 1100 3499 1179 maxi-

1934 1215 2019 1254 ma
2051 1216 2066 1253 :
2094 1200 2255 1253 sicuti
2296 1198 2505 1252 dictum
2538 1205 2643 1250 est.
2681 1194 2885 1249 Invasit
2926 1201 3145 1262 quoque
3183 1191 3498 1246 Occidentis

1935 1292 2186 1359 regiones
2228 1289 2432 1358 plures.
2484 1288 2549 1341 Et
2591 1301 2715 1341 cum
2765 1287 2926 1355 longo
2973 1284 3198 1338 duraret
3230 1293 3499 1350 tempore.

1933 1396 2043 1435 non
2090 1398 2157 1434 ea
2201 1394 2310 1447 qua
2353 1387 2595 1446 coeperat
2644 1374 2993 1430 vehementia
3035 1373 3270 1442 grassari
3313 1387 3505 1440 perse-

1932 1471 2165 1534 veravit,
2196 1485 2389 1523 verum
2428 1469 2632 1523 sensim
2666 1466 2737 1522 de
2773 1466 2977 1534 impetu
3023 1464 3226 1533 aliquid
3267 1464 3500 1527 remisit,

1934 1562 2112 1616 donec
2161 1574 2389 1630 prorsus
2439 1559 2780 1629 conquievit.
2834 1556 3030 1612 Clades
3082 1573 3144 1611 ea
3195 1556 3320 1610 talis
3375 1556 3499 1608 fuit.

1933 1650 2174 1721 Byzantii
2227 1660 2411 1704 autem
2465 1649 2519 1726 in
2567 1649 2862 1703 niaximum
2914 1646 3148 1715 conjecti
3201 1654 3427 1705 metum,
3470 1658 3504 1696 a

1936 1742 2112 1797 ruinis
2150 1742 2508 1796 mditiciorum
2557 1739 2664 1793 sibi
2716 1739 2992 1798 timentes.
3030 1736 3505 1804 muros'relique-

1940 1845 2090 1899 runt,
2147 1841 2204 1889 et
2237 1842 2393 1888 extra
2427 1832 2618 1885 urbem
2659 1832 2713 1884 in
2746 1832 2971 1897 Campo,
3000 1830 3091 1897 qui
3123 1829 3352 1888 dicitur,
3385 1842 3506 1878 mo-

1942 1927 2043 1981 rati
2085 1937 2237 1992 sunt,
2274 1940 2383 2003 una
2426 1939 2551 1978 cum
2603 1926 2936 1993 imperatore
2974 1920 3311 1984 Theodosio,
3346 1917 3508 1989 5M

1939 2026 1996 2072 et
2040 2016 2356 2088 patriarcha
2412 2016 2608 2071 Proclo
2661 2015 2940 2069 continuis
2990 2012 3249 2082 precibus
3294 2012 3510 2065 incum-

1942 2111 2155 2172 bentes,
2188 2109 2464 2177 Deumque
2500 2121 2559 2163 ut
2594 2107 2865 2177 propitius
2895 2104 2977 2160 eis
3015 2113 3161 2158 esset
3203 2113 3256 2157 et
3302 2102 3369 2157 ab
3408 2102 3512 2155 im-

1943 2200 2172 2254 minenti
2217 2199 2528 2253 calamitate
2573 2198 2766 2251 orbem
2812 2196 3108 2260 libe‘rarct,
3152 2194 3509 2248 obtestantes.

1942 2292 2007 2346 Et
2040 2307 2164 2346 cum
2200 2290 2518 2360 aliquando,
2566 2300 2716 2342 motu
2748 2304 2814 2343 eo
2834 2295 3136 2357 grassante,
3173 2295 3317 2341 terra
3343 2282 3511 2339 veluti

1942 2383 2216 2438 fluctuans
2268 2391 2685 2445 eoncuteretur,
2741 2390 2798 2435 et
2849 2380 3100 2434 homines
3154 2393 3251 2448 per
3300 2389 3509 2431 metum

1941 2492 2063 2531 eam
2093 2491 2159 2530 ex
2191 2474 2565 2529 fundamentis
2592 2475 2730 2547 ipsis
2755 2474 3119 2541 exstirpatmn
3152 2472 3219 2525 iri
3251 2486 3513 2526 vereren-

1946 2578 2056 2633 tur,
2094 2578 2150 2623 et
2199 2572 2391 2622 omnes
2439 2566 2644 2621 litaniis
2691 2575 2747 2620 et
2797 2565 3293 2635 supplicationibus
3338 2564 3512 2620 dediti

1944 2659 2415 2728 collacrymarent,
2447 2664 2504 2711 et
2549 2672 2615 2709 ex
2664 2655 2936 2725 profundo
2979 2655 3284 2724 intimoque
3325 2654 3513 2707 animo

1945 2749 2379 2803 misericordiam
2433 2746 2676 2801 divinam
2731 2746 3138 2816 implorarent:
3178 2755 3291 2800 tum
3343 2746 3513 2799 mira-

1946 2840 2129 2894 culum
2185 2848 2382 2907 praeter
2436 2837 2752 2906 opinionem
2804 2836 3074 2899 omnium,
3108 2836 3252 2906 quod
3287 2851 3512 2890 sensum

1946 2940 2000 2984 et
2029 2939 2264 2983 mentem
2292 2944 2508 2983 omnem
2535 2928 2784 2990 excedat,
2810 2928 3165 2983 subsecutum
3189 2936 3294 2982 est.
3317 2926 3513 2982 Subito

1947 3035 2180 3088 namque
2195 3034 2226 3074 e
2243 3018 2420 3074 medio
2437 3019 2874 3088 inspectantibus
2894 3018 3360 3080 omnibus,divina
3377 3033 3515 3087 qua-

1947 3109 2070 3163 dam
2101 3109 2152 3161 vi
2184 3123 2319 3177 puer
2350 3108 2403 3160 in
2434 3122 2615 3161 aerem
2641 3107 2894 3161 sublimis
2921 3107 2988 3160 ad
3018 3106 3297 3161 cmlestem
3341 3122 3516 3175 usque

1951 3210 2206 3266 tractum,
2241 3200 2312 3253 ita
2351 3208 2408 3251 ut
2435 3197 2545 3267 jam
2580 3212 2691 3251 non
2728 3207 3039 3267 appareret,
3079 3197 3348 3263 sublatus,
3377 3198 3520 3252 divi-

1947 3306 2072 3345 nam
2106 3305 2290 3344 vocem
2331 3305 2436 3359 qua
2479 3290 2690 3359 angelis
2723 3289 2890 3344 Deum
2923 3289 3177 3344 laudibus
3208 3292 3357 3346 ferre
3397 3306 3518 3345 mos

1948 3392 2056 3448 est,
2092 3382 2350 3437 audivit:
2381 3396 2557 3450 eaque
2592 3396 2723 3435 voce
2760 3391 3035 3451 percepta,
3078 3399 3298 3437 rursum
3335 3385 3519 3451 priore

1952 3492 2048 3546 per
2102 3490 2287 3529 aerem
2337 3474 2419 3527 via
2483 3489 2741 3528 reversus
2791 3475 3118 3539 descendit;
3156 3484 3211 3528 et
3262 3477 3523 3545 episcopo

1952 3567 2179 3631 Prorlo,
2227 3566 2444 3635 ipsique
2498 3565 2816 3634 imperatori
2871 3576 2926 3620 et
2985 3568 3320 3622 multitudini
3368 3571 3521 3625 omni

1952 3657 2450 3728 supplicationibus
2493 3659 2768 3724 operanti,
2801 3657 3082 3724 Deumque
3120 3659 3336 3729 hymnis
3378 3661 3524 3716 cele-

1952 3751 2156 3815 branti,
2185 3751 2254 3806 ab
2281 3751 2490 3821 angelis
2519 3751 2848 3808 canentibus
2878 3768 2935 3806 se
2963 3756 3126 3808 verba
3156 3755 3270 3810 haec
3298 3756 3522 3812 audisse

1954 3844 2296 3900 renuntiavit
2322 3859 2337 3897 :
2372 3843 2608 3899 Sanctus
2636 3844 2799 3902 Deus.
2828 3856 3051 3901 sanctus
3083 3848 3261 3914 fortis,
3296 3860 3522 3907 sanctus

1957 3935 2301 3999 immortalis,
2336 3936 2599 3990 miserere
2642 3935 2841 3990 nostri.
2883 3937 3014 4002 Quae
3049 3939 3139 3992 ubi
3179 3941 3401 3995 l‘roclus
3433 3943 3520 3996 in-

1958 4026 2189 4091 tellexit,
2233 4025 2416 4081 statim
2452 4025 2522 4080 ad
2561 4041 2689 4081 eum
2730 4028 2951 4082 modum
2993 4031 3253 4098 populum
3292 4033 3522 4100 psallere

1951 4118 2118 4189 jussit
2152 4136 2167 4174 :
2197 4126 2255 4173 et
2285 4127 2633 4174 terr-emotus
2676 4120 2860 4174 statim
2908 4121 3073 4176 etiam
3108 4124 3374 4191 constitit,
3407 4134 3528 4182 oml-

1958 4208 2201 4277 ninoque
2243 4207 2579 4277 conquievit.
2610 4206 2912 4276 imperator
2951 4226 3117 4280 porro
3153 4212 3524 4283 Theodosius,

1958 4307 2015 4354 et
2058 4300 2202 4353 inter
2240 4299 2472 4354 feminas
2506 4299 2873 4357 admiratione
2914 4306 3161 4360 omnium
3193 4306 3357 4378 digna
3396 4309 3528 4365 Pul-

1961 4389 2169 4453 cheria,
2202 4398 2351 4444 tanto
2381 4390 2645 4445 miraculo
2683 4393 2948 4460 perculsi,
2980 4397 3376 4453 constitutione
3417 4401 3524 4454 im-

287 4484 570 4554 γυναικῶν
602 4484 928 4555 Πούλχερία,
954 4484 1034 4554 τῷ
1071 4483 1362 4556 παραδόξῳ
1399 4486 1732 4552 ἀγασθέντες
1760 4485 1846 4539 τοῦ

1962 4468 2152 4549 periali
2199 4479 2512 4543 confestim,
2551 4489 2611 4535 ut
2660 4496 2759 4549 per
2814 4483 3269 4542 orbem'omnem
3309 4488 3533 4546 divinus

291 4577 590 4648 θαύματος,
639 4577 906 4648 βασιλικῷ
960 4576 1297 4647 θεσπίσματι
1341 4578 1504 4640 εὐθὺς
1549 4578 1860 4649 ἐπεκύρουν

290 4672 434 4723 κατὰ
472 4671 653 4723 πᾶσαν
672 4671 770 4740 τὴν
801 4670 1127 4740 οἰκουμένην
1158 4669 1251 4723 τὸν
1284 4668 1429 4723 θεῖον
1456 4672 1669 4725 τουτονί
1692 4669 1862 4742 ὕμνον

292 4761 598 4833 ἐξᾴδεσθαι.
652 4760 742 4825 Ἐξ
795 4759 1009 4813 ἐκείνου
1060 4776 1120 4814 τε
1174 4760 1208 4831 ἡ
1258 4759 1497 4830 Χριστοῦ
1566 4760 1863 4830 Ἐκκλησία

293 4852 483 4905 τοῦτον
507 4850 927 4921 παραλαϐοῦσα,
949 4850 1010 4903 ού
1029 4850 1153 4905 καθ’
1177 4851 1417 4921 ἑκάστην
1441 4852 1658 4923 ἡμέραν
1678 4851 1861 4921 μόνον,

293 4941 432 4993 ἀλλὰ
461 4942 557 4994 καὶ
586 4941 771 5004 ἁπλῶς
816 4942 1016 5007 εἰπεῖν,
1056 4944 1197 4995 κατὰ
1229 4943 1411 4996 πᾶσαν
1440 4943 1662 5013 ἐναρξιν
1692 4943 1863 5013 ὕμνου

297 5030 432 5084 Θεοῦ
462 5030 652 5085 τοῦτον
683 5032 796 5103 πρὸ·
838 5034 1058 5086 πάντων
1099 5034 1296 5086 πλατεῖ
1319 5035 1396 5105 τῷ
1435 5036 1662 5104 στόματι
1691 5035 1865 5107 καθη-

296 5125 497 5190 γεῖται.
540 5123 615 5177 Τὸ
651 5124 836 5192 μέντοι
875 5124 1087 5177 παιδίον
1125 5126 1263 5194 μετά
1291 5126 1390 5196 τὴν
1420 5127 1529 5179 τῶν
1553 5126 1725 5194 λόγων
1749 5128 1866 5179 δια-

297 5216 488 5270 κονίαν
517 5215 675 5279 εὐθὺς
702 5212 963 5269 ἐτελεύτα
988 5216 1079 5270 τὸν
1111 5216 1224 5287 βίον
1245 5232 1261 5248 ·
1312 5218 1407 5272 καὶ
1446 5218 1587 5271 κατὰ
1623 5217 1722 5289 τὴν
1754 5218 1866 5272 Με-

300 5310 477 5380 γάιλην
530 5310 855 5379 ἐκκλησίαν,
903 5310 937 5380 ἢ
966 5310 1065 5380 τῆς
1098 5311 1332 5382 Εἰρήνης
1368 5313 1515 5365 ἐστὶν
1557 5313 1865 5382 ἐπώνυμος.

302 5400 591 5479 κατετέθη.
647 5400 705 5453 Ὀ
737 5400 794 5452 δὲ
842 5401 1004 5463 τόπος
1043 5395 1086 5468 ᾧ
1120 5400 1361 5468 διαέριον
1408 5402 1577 5472 ἤρθη,
1626 5403 1868 5475 ’Ύψωμα

302 5488 446 5543 θεῖον
493 5489 589 5541 τοῦ
636 5488 825 5542 λοιποῦ
860 5490 1159 5560 ἐπεκλήθη,
1192 5490 1331 5561 πρὸς
1361 5492 1516 5545 νότον
1541 5494 1742 5562 ἄνεμον
1768 5494 1868 5564 τῆς

301 5580 716 5633 Κωνσταντίνου
744 5581 906 5652 ὁρῶν.
944 5580 1094 5635 Ἐπεὶ
1115 5581 1171 5634 δὲ
1190 5580 1287 5633 τοῦ
1314 5581 1424 5634 τῶν
1445 5583 1686 5651 σεισμῶν
1713 5584 1869 5647 δέους

302 5671 619 5742 ἀπήλλακτο
670 5671 943 5742 βασιλεὺς,
978 5673 1177 5727 αὐτίκα
1223 5672 1292 5725 τὰ
1348 5672 1449 5744 τῆς
1487 5674 1868 5728 Κωσταντίνου

306 5767 462 5837 τείχη
517 5763 812 5820 ἐπέϐαλλεν
846 5765 1092 5837 ἀνιστᾷν.
1145 5765 1254 5821 Καὶ
1282 5766 1350 5822 τὰ
1402 5764 1507 5837 μὲν
1550 5765 1648 5836 τῆς
1696 5765 1870 5840 ξηρᾶς

1961 4570 2200 4643 hymnus
2244 4571 2350 4627 iste
2395 4573 2816 4638 coneineretur,
2847 4575 3234 4632 decreverunt.
3272 4579 3341 4634 Et
3368 4596 3435 4635 ex
3465 4597 3532 4637 eo

1964 4671 2211 4731 tempore
2242 4662 2485 4717 Ecclesia
2512 4662 2718 4718 Christi
2746 4680 2872 4718 cum
2907 4676 3192 4736 acceptum
3227 4684 3336 4724 non
3396 4687 3535 4741 quo-

1965 4753 2101 4808 libet
2133 4762 2344 4807 tantum
2371 4753 2461 4807 die
2501 4763 2751 4824 usurpat,
2779 4756 2875 4810 sed
2903 4757 3069 4813 etiam
3097 4765 3180 4825 (ut
3208 4760 3533 4830 simpliciter

1965 4844 2169 4914 dicam)
2210 4844 2499 4914 cujuslibet
2563 4846 2824 4902 carminis
2880 4858 2938 4903 et
2988 4847 3169 4905 laudis
3222 4850 3317 4907 Dei
3373 4854 3533 4911 initio

1967 4947 2094 4992 ante
2131 4940 2315 4990 omnia
2366 4936 2531 5004 pleno
2577 4951 2673 4991 ore
2718 4939 3023 5005 praamittit.
3064 4941 3208 4997 Puer
3238 4948 3529 5003 verborum

1964 5043 2156 5083 eorum
2202 5027 2570 5082 ministerium
2619 5037 2938 5097 exsecutus,
2978 5033 3161 5087 statim
3195 5035 3301 5090 vita
3335 5039 3533 5094 defun-

1966 5130 2087 5175 ctus
2128 5131 2233 5185 est,
2268 5132 2326 5177 et
2368 5122 2423 5178 in
2467 5123 2658 5195 Magna
2705 5124 2940 5180 ecclesia
2974 5143 3097 5197 qua:
3130 5131 3282 5185 Pacis
3335 5148 3534 5188 nomen

1967 5214 2200 5280 obtinet,
2236 5214 2515 5270 conditus.
2540 5215 2723 5271 Locus
2750 5228 2933 5273 autem
2969 5222 3023 5274 in
3068 5237 3177 5291 quo
3202 5223 3291 5276 ille
3320 5224 3373 5277 in
3400 5224 3534 5280 sub-

1968 5308 2098 5362 lime
2166 5318 2323 5362 actus
2375 5317 2483 5371 est,
2531 5321 2720 5379 postea
2770 5309 2964 5366 Divina
3002 5312 3273 5367 Exaltatio
3309 5328 3535 5371 vocatus

1969 5408 2074 5463 est,
2107 5410 2299 5454 notum
2345 5410 2569 5456 ventum
2615 5417 2716 5472 pro
2760 5402 3534 5476 urbe,Constantinopolitana

1969 5502 2243 5561 spectans.
2276 5492 2578 5563 Imperator
2606 5494 2696 5549 ubi
2729 5504 3088 5550 terraemotus
3107 5496 3303 5552 timore
3333 5498 3502 5554 libera

1973 5593 2060 5638 tus
2111 5593 2230 5650 est,
2279 5584 2424 5639 illico
2470 5583 3097 5656 Constantinopolitanae
3150 5587 3301 5644 urbis
3352 5605 3540 5647 muros

1973 5676 2201 5731 reficere
2229 5691 2523 5746 aggressus
2554 5685 2639 5731 est
2671 5692 2685 5729 :
2717 5687 2774 5733 et
2804 5678 3071 5749 majorum
3106 5682 3368 5736 mmnium
3410 5700 3539 5753 par-

1976 5779 2108 5838 tem,
2140 5786 2261 5841 qua:
2303 5770 2359 5826 in
2404 5771 2554 5827 sicco
2600 5770 2724 5827 loco
2767 5781 2916 5843 sunt,
2949 5788 3048 5845 per
3079 5773 3197 5831 dies
3235 5778 3548 5852 sexaginta,
