3910 6218
457 446 622 501 quam
669 443 791 498 qua:
851 427 1043 483 Nicaeae

458 530 820 578 statuentcm.
889 518 1428 586 Porro/Flavianus,
1487 521 1571 574 vir
1626 521 2026 588 sanctissimus,

463 624 590 684 post
668 610 1004 685 ejuscemodi
1071 610 1411 680 illegitimam
1501 615 2028 681 exauctorationem,

459 702 793 758 turbulentis
857 699 1282 770 impulsionibus
1339 710 1395 755 et
1445 701 1674 756 calcium
1754 703 1954 759 ictibus
1997 719 2028 759 a

458 792 707 849 Dioscuri
743 799 798 846 et
826 789 1154 860 Chrysaphii
1186 791 1423 845 factione
1460 806 1524 846 ex
1560 794 1772 862 synodo
1799 795 2028 865 ejectus,

461 886 625 941 tertio
684 893 809 953 post
835 883 923 937 die
967 881 1133 936 vitam
1190 882 1425 937 feliciter
1457 884 1616 950 finiit,
1647 901 1771 939 cum
1800 887 1886 942 ille
1915 888 2031 957 ipse

462 977 754 1032 Dioscorus
786 973 1102 1029 calcibusin
1147 984 1392 1029 ventrem
1435 975 1600 1030 etiam
1643 977 1891 1033 veritatis
1947 980 2028 1049 ip-

459 1067 574 1121 sius
607 1065 1030 1135 propugnatoris
1071 1065 1312 1121 defuncti
1351 1067 1745 1161 insiluerLtjEt
1773 1072 2033 1140 postridie

459 1157 729 1225 episcopi,
768 1157 1002 1212 militum
1034 1157 1128 1227 qui
1169 1174 1264 1212 eos
1299 1157 1468 1213 armis
1509 1157 1741 1214 sublatis
1780 1162 2024 1216 circum-

460 1259 748 1314 steterant,
782 1250 831 1304 vi
887 1251 1024 1305 actis
1076 1250 1340 1306 adversus
1391 1261 1638 1305 sanctum
1672 1252 1823 1306 illutn
1872 1254 2035 1308 editis

460 1339 810 1394 subscribere
862 1340 1212 1394 suntcoacti.
1249 1339 1384 1394 Cum
1444 1342 1644 1412 quibus
1668 1353 1723 1398 et
1761 1345 2032 1411 Domnus,

461 1427 690 1484 Joannis
722 1429 776 1483 in
814 1430 1061 1484 Ecclesia
1106 1430 1444 1486 Antiochena
1471 1449 1774 1500 successor,
1807 1435 2034 1490 adnota-

460 1523 616 1576 tione
670 1539 766 1577 sua
825 1538 889 1577 ea
931 1533 1045 1576 tum
1100 1523 1468 1579 confirmavit.
1496 1526 1563 1580 At
1590 1526 1731 1581 idem
1782 1529 2034 1591 pntcstati

463 1630 578 1669 suae
626 1614 899 1678 redditus,
956 1615 1102 1684 quod
1165 1615 1273 1670 illis
1347 1618 1623 1683 cessisset,
1698 1622 2035 1685 retractavit,

467 1705 729 1761 Dioscoro
757 1714 813 1760 et
847 1707 1191 1777 principibus
1226 1722 1294 1762 ex
1320 1708 1442 1762 aula
1469 1709 1740 1779 imperiali
1785 1711 1916 1765 viris
1948 1728 2036 1766 re-

1487 397 1491 403 _
1691 316 2106 382 NICEPHORI
2151 315 2491 381 CALLISTI

1219 426 1382 492 facta,
1424 429 1866 507 promulgandam
1909 445 2030 486 esse

2146 430 2348 500 ἡμέραν
2385 429 2476 482 τὸν
2531 427 2643 497 βίον
2689 423 2974 496 μακαρίως
3033 419 3356 502 μετήλλαξε,
3419 421 3524 474 καὶ
3553 421 3708 476 αὑτοῦ

3583 312 3704 376 12ἓὸ

2129 523 2343 576 ἐκείνου
2374 520 2691 589 Διοσκόρου,
2743 518 2844 582 λὰξ
2884 516 3254 585 ἐναλλομένου
3303 513 3453 567 κατὰ
3492 512 3610 566 τῶν
3637 531 3709 564 κε.

2131 616 2348 669 νεὼνων
2373 614 2450 685 τῷ
2489 613 2591 682 τῆς
2633 611 2894 682 ἀληθείας
2951 607 3371 696 ἀγωνιστῇζμῇ
3394 605 3443 659 δ’
3475 605 3607 674 ἑξῆς
3633 605 3712 677 βία

2129 708 2239 762 τῶν
2292 705 2612 776 περικύκλῳ
2669 702 3026 773 στρατιωτῶν
3096 697 3610 767 ἑπανειλημμὲνων
3652 699 3709 750 τὰ

2131 799 2282 868 ξίφη,
2316 801 2430 860 τοῖς
2476 796 2618 850 κατά
2664 793 2755 847 τοῦ
2784 795 2934 848 ὁσίου
2990 793 3391 863 ὑπομνήμασιν
3416 790 3470 841 οῖ
3501 788 3708 841 ἐπίσκο-

2133 905 2225 942 ποι
2256 889 2605 960 ὑπογράφειν
2640 885 3152 957 κατηναγκάζοντο.
3203 883 3344 936 Μεθ’
3380 877 3460 936 ὧν
3498 882 3596 934 καὶ
3634 882 3707 932 Δό-

2137 994 2269 1047 μνος
2306 981 2334 1031 ό
2393 980 2492 1049 τῆς
2531 977 2814 1046 Ἀντιόχου
2869 975 3011 1044 μετά
3098 973 3360 1042 Ἰωάννην
3430 971 3710 1040 γενόμενος

2135 1068 2582 1138 καθυπέγραφεν.
2658 1066 2752 1129 Εἰς
2804 1066 2996 1118 ἑαυτὸν
3042 1064 3100 1116 δὲ
3154 1063 3479 1134 γενόμενος,
3523 1063 3708 1114 ἀναπι-

2135 1159 2310 1212 λαίειν
2337 1160 2598 1228 ἐπειρᾶτο
2627 1156 2727 1226 τὴν
2760 1153 2963 1228 ἧτταν
3031 1153 3317 1223 Διοσκόρω
3357 1170 3420 1203 τε
3472 1150 3571 1203 καὶ
3616 1153 3708 1212 τοῖς

2135 1251 2201 1304 ἐκ
2257 1249 2521 1319 βασιλέων
2566 1248 2858 1301 ἀνθίστατο
2915 1248 3185 1316 ἄρχουσι·
3226 1243 3475 1296 κατεϐόα
3526 1259 3587 1294 τε
3616 1242 3704 1292 τῶν

2138 1341 2496 1413 πραχθέντων
2520 1341 2593 1404 ὡς
2633 1340 2786 1410 παρά
2811 1339 2905 1392 τὸν
2930 1337 3394 1406 ἐκκλησιαστικὸν
3416 1337 3547 1405 ὅρον
3569 1349 3706 1400 γεγε-

2137 1434 2430 1504 νημένων·
2486 1431 2580 1486 καὶ
2625 1433 2802 1504 ἀσεδῆ
2853 1433 2952 1502 τὴν
3013 1431 3232 1484 σύνοδον
3286 1427 3702 1496 κατωνόμαζεν,

2140 1525 2236 1578 καὶ
2260 1524 2359 1594 τὴν
2384 1524 2593 1576 οἰκείαν
2616 1523 2794 1576 ὀπίσω
2838 1522 3093 1592 ἀνεζήτει
3123 1517 3478 1587 ὑπογραφὴν.
3517 1513 3652 1569 Ἀλλ’
3676 1516 3702 1582 ἠ

2142 1615 2362 1679 σύνοδος
2405 1616 2502 1668 καὶ
2537 1613 2729 1668 τοῦτον
2755 1614 2844 1667 διά
2876 1613 3052 1666 ταῦτα
3084 1610 3414 1674 καθελοῦσα,
3445 1608 3541 1676 τῆς
3567 1609 3705 1675 ἱερω-

2143 1708 2310 1775 σύνης
2333 1707 2560 1776 ἀφίστα.
2627 1707 2756 1766 Ἐπὶ
2792 1707 2858 1778 δὴ
2887 1704 3063 1774 ταύτῃ
3097 1707 3164 1774 τῇ
3199 1703 3404 1772 συνόδῳ
3431 1703 3524 1753 καὶ
3564 1698 3704 1759 '16:;

465 1799 692 1860 sistens,
749 1808 804 1853 et
853 1796 1041 1854 contra
1077 1798 1318 1861 decreta.
1379 1809 1570 1870 utpote
1601 1818 1721 1871 qua:
1774 1803 2040 1859 adversus

2146 1801 2347 1860 ἐκεῖνος
2377 1801 2476 1868 τῆς
2517 1799 2860 1868 Ἐδεσσηνῶν
2891 1797 3287 1866 προεδρεύσας,
3343 1792 3701 1863 ἀποκηρύττε-

459 1889 870 1944 ecclesiasticas
933 1889 1360 1944 constitutiones
1411 1891 1552 1946 facta
1600 1903 1803 1959 essent,
1832 1895 2039 1949 vocife-

467 1995 615 2044 rans,
644 1981 1022 2050 synodumque
1064 1981 1287 2049 impiam
1339 1982 1645 2051 appellans,
1687 1993 1743 2037 et
1789 1987 2038 2040 subscri-

462 2070 710 2140 ptionem
740 2069 977 2137 denique
1009 2082 1162 2122 snam
1191 2069 1345 2124 reddi
1377 2071 1480 2125 sibi
1508 2071 1783 2140 flagitans.
1821 2072 2032 2129 Verum

468 2161 710 2232 synodus
754 2175 818 2216 ea
865 2162 932 2215 de
961 2176 1126 2215 causa
1183 2161 1312 2216 huic
1351 2178 1572 2232 quoque
1629 2165 2030 2220 sacerdotalem

466 2252 674 2308 ademit
713 2252 1074 2323 dignitatem:
1115 2252 1167 2305 in
1211 2268 1317 2320 qua
1357 2264 1410 2308 et
1446 2252 1567 2308 lbas
1597 2255 1687 2308 ille
1729 2255 2039 2310 Edessena-

466 2359 588 2398 rum
612 2345 929 2415 episcopus,
957 2354 1013 2400 et
1040 2346 1261 2415 sapiens
1280 2347 1640 2418 eruditusque
1673 2348 2041 2404 Theodoritus

471 2435 729 2490 Ecclesia
778 2435 905 2506 Cyri
932 2446 1141 2506 pastor,
1178 2449 1441 2506 praetcrea
1478 2439 1684 2493 'Daniel
1719 2437 2038 2507 Carrarum,

468 2526 601 2579 item
661 2525 900 2580 lrenaaus
953 2525 1105 2595 Tyri,
1161 2535 1219 2580 et
1281 2527 1575 2596 Aquilinns
1610 2527 1764 2598 Bybli
1795 2529 2041 2600 episcopi

473 2617 815 2674 exauctorati
846 2629 998 2672 sunt.
1029 2618 1283 2673 Decrevit
1311 2618 1427 2674 haec
1459 2622 1700 2688 synodus
1728 2636 1945 2690 quoque
1973 2621 2041 2676 de

2141 1907 2254 1944 ται.
2311 1891 2434 1944 Ἔτι
2485 1891 2542 1943 δὲ
2577 1889 2929 1960 καθαιρεῖται
2982 1888 3076 1940 καὶ
3131 1889 3160 1938 ὁ
3211 1884 3371 1946 πολὺς
3405 1886 3462 1936 ἐν
3521 1883 3698 1948 λόγιις

2142 1981 2307 2050 σοφὸς
2333 1981 2702 2050 Θεοδὼρητος,
2721 1981 2822 2049 τὴν
2844 1977 3143 2047 Κυρεστῶν
3173 1975 3466 2045 ποιμαίνειν
3488 1973 3686 2041 λαχών·

2142 2072 2281 2141 πρὸς
2320 2071 2496 2141 τούτῳ
2528 2072 2584 2124 δὲ
2623 2073 2718 2124 καὶ
2753 2070 2954 2140 Δανιὴλ
2983 2069 3195 2140 Καρίας
3232 2068 3546 2127 ἐπίσκοπος·
3576 2067 3603 2117 ὃ
3627 2080 3686 2117 τι

2143 2163 2321 2233 Τύρου
2356 2163 2675 2233 Εἰρηναῖοςο
2708 2165 2803 2218 καὶ
2840 2163 2977 2230 πρός
3004 2177 3069 2228 γε
3109 2159 3382 2223 ’Δκυλῖνος
3409 2160 3436 2212 δ
3471 2158 3690 2212 Βύϐλου.
3739 2178 3758 2188 ο

2141 2255 2381 2326 Διῃτήθη
2426 2254 2481 2307 δὲ
2519 2253 2696 2327 ταύτῃ
2756 2253 2851 2306 καί
2911 2271 3035 2307 τινα
3090 2253 3401 2322 Σωφρονίου
3430 2252 3597 2321 χάριν,
3635 2251 3690 2314 ὃς

2143 2345 2243 2414 τὴν
2281 2345 2781 2399 Κωνσταντιναίων
2811 2345 3110 2398 ἐπεσκόπει
3143 2345 3222 2414 τῷ
3256 2344 3398 2407 τότε,
3441 2344 3525 2396 καὶ
3558 2340 3680 2396 ἄλλα

2141 2436 2264 2490 τινὰ
2294 2435 2330 2490 ά
2364 2438 2476 2500 τοῖς
2522 2437 2933 2508 γεγραμμένοις
2984 2421 3327 2506 ἀνείληπται,
3385 2437 3483 2488 Καὶ
3511 2436 3568 2487 τὸ
3597 2433 3688 2502 μὶν

2141 2531 2201 2582 ὲν
2253 2528 2466 2599 Ἐφέσῳ
2491 2527 2786 2600 λῃστρικὸν
2827 2527 3105 2598 συνέδριον
3142 2527 3336 2581 τοῦτον
3372 2525 3581 2594 διελύθη
3608 2524 3695 2576 τὸν

2142 2623 2364 2690 τρόπον.

472 2711 785 2784 Sophronia
801 2713 1076 2786 quaedam,
1110 2715 1204 2784 qui
1237 2724 1350 2769 tum
1375 2713 1924 2785 Constantinopolim,
1997 2718 2234 2774 visenda;
2284 2719 2404 2790 ejus
2465 2720 2658 2788 gratia,
2728 2726 2974 2786 venerat,
3005 2727 3063 2774 et
3090 2719 3195 2774 alia
3236 2720 3464 2791 insuper
3487 2731 3599 2790 quae
3647 2716 3696 2770 in

470 2811 612 2867 actis
667 2813 1050 2867 continentur.
1089 2810 1485 2866 Praedatorium
1515 2812 1718 2882 Ephesi
1739 2814 2036 2870 concilium
2074 2815 2141 2870 ad
2172 2816 2319 2871 hunc
2347 2817 2585 2871 solutum
2610 2825 2700 2870 est
2731 2815 2977 2872 modum.

905 2923 1062 2994 551
1114 2923 1340 2980 CAPUT
1381 2924 1618 2982 XLVIII.
1669 2994 1673 2998 Α

475 3015 782 3092 Confutatio
813 3032 996 3072 eorum
1018 3017 1119 3092 qui
1149 3015 1582 3092 Christianorum
1609 3035 1766 3073 sacra
1812 3019 2044 3091 maligne

545 3090 866 3210 exagitant:
913 3095 962 3140 et
1006 3087 1316 3142 Graecarum
1349 3087 1729 3160 gentiliumque
1777 3087 2044 3160 nugarum

548 3169 634 3212 ινα
680 3165 838 3210 nato.

547 3274 627 3330 Ne
660 3289 792 3329 vero
841 3273 919 3329 eis
965 3274 1253 3345 quisquam
1302 3276 1397 3346 qui
1436 3276 1598 3331 aliter
1646 3276 1946 3348 opinantur
1991 3288 2048 3333 et

479 3365 641 3421 idolis
664 3365 867 3420 addicti
895 3374 1044 3427 sunt,
1067 3381 1166 3423 nos
1189 3355 1386 3434 rideat,
1407 3369 1634 3438 perinde
1658 3370 1812 3439 quasi
1839 3385 1938 3439 per
1959 3386 2048 3428 res

479 3473 650 3514 novas
671 3473 886 3530 semper
915 3458 1120 3529 aliquid
1152 3459 1219 3514 ad
1255 3460 1416 3516 fidem
1443 3460 1665 3516 all'erarn
1679 3478 1764 3526 us,
1818 3473 1874 3518 et
1902 3464 2046 3534 apud

479 3566 581 3606 nos
626 3551 960 3621 posteriores
1007 3551 1284 3621 prioribus
1340 3553 1630 3622 derogent.
1684 3555 1794 3608 Nos
1842 3556 2045 3609 etenim

480 3641 814 3697 ineffabilem
839 3651 1002 3711 atque
1033 3643 1645 3712 incomprehensibilem
1678 3644 1917 3714 Deicrga
1945 3661 2048 3702 nos

481 3731 872 3804 benignitatem
903 3742 960 3786 et
1007 3731 1443 3788 misericordiam
1497 3735 1862 3805 inquirentes,
1899 3751 2047 3791 eam-

481 3837 589 3891 que
648 3835 996 3892 summopere
1022 3821 1204 3892 colere
1234 3833 1400 3894 atque
1445 3827 1796 3895 magniﬁcare
1813 3835 2047 3883 conten-

486 3914 700 3978 dentes,
748 3928 815 3969 eo
845 3913 989 3984 quod
1021 3929 1134 3970 rem
1181 3930 1300 3970 eam
1335 3917 1556 3986 assequi
1582 3933 1691 3972 non
1727 3934 2043 3990 possumus,

484 4009 591 4063 huc
621 4017 783 4077 atque
811 4007 938 4063 illuc
973 4022 1076 4063 nos
1122 4009 1510 4064 convertimus.
1542 4009 1734 4066 Nullus
1785 4029 1917 4069 sane
1949 4030 2046 4071 eo-

482 4115 599 4153 rum
627 4099 718 4168 qui
758 4100 810 4153 itt
847 4099 1083 4154 haereses
1115 4099 1325 4170 delapsi
1361 4111 1512 4168 sunt,
1564 4103 1693 4157 illud
1720 4105 1777 4158 in
1815 4106 2048 4162 concilio

2721 2931 2972 2985 ΚΕΦΑΛ.
3008 2932 3151 2987 MH’.
3222 2944 3224 2947 '

2159 3023 2496 3096 Ἀναλογία
2517 3021 2670 3096 πρὸς
2686 3023 3321 3096 τοὺςλδιατωθάζοντας
3341 3024 3415 3078 τὰ
3433 3027 3699 3096 ἡμέτερα·

2282 3093 2383 3147 καὶ
2419 3093 2755 3163 κατάλογος
2784 3093 2906 3148 τῶν
2949 3094 3330 3162 Ἑλληνικῶν
3352 3093 3578 3151 ῦθλὶυν.

2218 3271 2382 3324 Ἀλλά
2409 3271 2486 3342 μή
2515 3289 2598 3334 τις
2628 3273 2778 3343 ἡμᾶς
2804 3273 2914 3328 τῶν
2942 3271 3117 3336 ἄλλως
3143 3271 3508 3339 δοξαζόντων,
3534 3275 3620 3328 καὶ
3643 3278 3708 3328 εί-

2146 3363 2333 3428 δώλοις
2362 3367 2814 3434 προστετηκότων
2840 3364 3181 3434 ἐπιγελάσαι,
3210 3366 3286 3430 ὡς
3315 3369 3407 3420 del.
3436 3371 3705 3439 καινότερα

2149 3458 2214 3526 τῇ
2262 3456 2446 3510 πίστει
2492 3458 2924 3529 ποριζομένους,
2974 3460 3070 3511 καὶ
3110 3458 3222 3513 τῶν
3273 3461 3558 3533 προτέρων
3598 3463 3706 3525 τοὺς

2149 3547 2434 3617 δευτέρους
2474 3546 2890 3617 καθαιροῦντος.
2933 3547 3132 3618 Ἥμεῖς
3176 3553 3279 3621 μὲν
3313 3555 3420 3624 γάρ
3457 3554 3558 3626 τὴν
3591 3556 3712 3626 περὶ

2150 3641 2300 3710 ἡμᾶς
2343 3639 2634 3710 ἀδιήγητόν
2675 3657 2736 3693 τε
2781 3641 2876 3693 καὶ
2918 3641 3315 3712 ἀκατάληπτον
3355 3646 3496 3700 Θεοῦ
3535 3647 3745 3716 φιλαν-⁴

2153 3732 2402 3805 θρωπίαν
2433 3733 2831 3802 ἀναδιφῶντες,
2863 3736 2959 3788 καὶ
2987 3737 3286 3807 ὑπερφυῶς
3317 3743 3605 3814 γεραίρειν
3628 3745 3709 3796 καὶ

2155 3823 2480 3894 μεγαλύνειν
2512 3824 2849 3896 βουλόμενοι,
2882 3827 2959 3898 τῷ
2986 3828 3428 3904 δυσκαταλήπτῳ
3462 3835 3556 3888 τοῦ
3588 3837 3710 3904 πρά-

2150 3935 2360 3989 γματος
2387 3920 2541 3975 ἔνθεν
2569 3922 2825 3975 κάκεῖθεν
2853 3927 3302 3996 περιτρεπόμεθα
3322 3946 3340 3963 ο
3368 3930 3558 3996 οὐδεὶς
3603 3933 3709 4002 pir-

2150 4029 2232 4064 τοι
2265 4013 2372 4064 τῶν
2406 4013 2487 4076 είς
2523 4014 2769 4083 αἱρέσεις
2801 4013 3202 4086 ὀλισθησάντων
3233 4020 3366 4072 αὐτὸ
3399 4021 3568 4074 τοῦτο
3602 4022 3712 4091 βλα-

2155 4123 2264 4176 σφη
2272 4108 2394 4176 μεῖν
2411 4107 2471 4159 τὸ
2485 4107 2638 4161 Θεῖον
2655 4108 2965 4184 ἠθέλησενῆ
2984 4112 3254 4181 ἀτιμάσαι
3273 4120 3711 4188 προηγουμένως·

483 4193 757 4262 praecipue
797 4192 1011 4257 habuit,
1050 4202 1110 4246 ut
1145 4192 1392 4247 divinum
1436 4192 1647 4250 Numen
1694 4196 2040 4267 blasphemus

2155 4199 2293 4252 ἀλλά
2309 4200 2668 4272 λογισάμενος
2689 4205 2938 4272 κρεῖττον
2954 4207 3206 4276 ἐφευρείν
3224 4209 3364 4278 ἥπερ
3383 4212 3435 4262 οῖ
3453 4212 3534 4281 τῷ
3553 4214 3716 4284 χρόνῳ

483 4282 778 4337 maledicto
800 4287 1237 4339 autconlumelia
1269 4286 1543 4342 alliceret:
1581 4288 1675 4342 scd
1700 4291 2040 4357 praastantius

2155 4291 2566 4362 προειληφότες,
2613 4295 2730 4361 εἴγε
2775 4297 2892 4349 τόδε
2942 4299 3320 4367 πρεσϐεύσειε.
3367 4303 3452 4358 Τά
3503 4282 3716 4376 γεήνμὴν

484 4371 780 4441 quidquam
845 4387 904 4426 se
959 4373 1302 4441 prolaturum
1359 4390 1501 4440 esse,
1581 4392 1744 4445 quam
1810 4379 2049 4448 majores

485 4465 732 4530 fecerint,
765 4465 809 4520 si
843 4466 947 4520 hoc
976 4466 1058 4521 vel
1099 4466 1231 4521 illud
1258 4468 1657 4538 promulgaret,
1689 4469 2044 4525 existimavit.

482 4557 732 4614 Universi
780 4555 1034 4626 equidem
1085 4556 1360 4611 communi
1435 4559 1680 4612 omnium
1730 4560 2046 4627 concordia,

482 4666 604 4718 quae
663 4650 738 4720 (Ι)
773 4651 1052 4720 praecipua
1101 4649 1382 4721 religionis
1423 4659 1620 4708 nostra:
1652 4661 1800 4716 sunt,
1829 4662 1886 4706 et
1927 4669 2048 4724 quas,

482 4742 662 4796 cultus
713 4741 884 4796 divini
941 4756 1162 4796 causam
1199 4742 1508 4805 continent,
1555 4742 1762 4812 capita,
1818 4743 2048 4813 profite-

484 4849 628 4888 mur.
648 4833 885 4890 Trinitas
901 4834 1047 4890 enim
1066 4834 1120 4888 in
1153 4834 1356 4889 unitate
1379 4845 1592 4890 natura;
1615 4834 1812 4890 divina:
1833 4851 1864 4890 a
1884 4836 2047 4892 nobis

482 4926 896 4994 depraedicatur
920 4943 934 4980 :
969 4933 1024 4982 et
1051 4935 1176 4982 ante
1201 4925 1492 4980 luciferum
1533 4927 2047 4996 supersubstantiali

479 5017 628 5071 Patri
684 5018 897 5088 genitus
931 5019 1075 5074 Deus
1102 5016 1366 5081 Verbum,
1391 5017 1535 5088 quod
1570 5017 1852 5075 nativitate
1881 5020 2050 5078 altera

485 5113 803 5182 incorrupte
857 5123 1079 5182 propter
1139 5112 1463 5167 immensam
1538 5127 1664 5183 erga
1737 5123 2046 5170 creaturam

483 5216 639 5256 suam
691 5200 1124 5256 misericordiam
1177 5213 1399 5256 carnem
1435 5201 1752 5271 assumpsit.
1804 5202 1959 5268 Quod
1999 5205 2045 5260 si

482 5302 748 5362 praetcrea
772 5301 998 5363 propter
1045 5290 1336 5346 obscuram
1388 5288 1642 5345 Numinis
1674 5293 2040 5363 cognitionem

477 5383 730 5438 homines
783 5381 912 5436 novi
972 5381 1271 5451 quidquam
1293 5380 1552 5445 afferunt,
1595 5395 1706 5436 non
1737 5397 1964 5450 novum,
1990 5386 2042 5440 id

472 5483 576 5537 est,
611 5475 758 5546 quod
788 5475 960 5541 Deus,
987 5473 1318 5543 utequidem
1345 5483 1498 5542 puto,
1530 5481 1820 5544 propterea
1865 5477 2042 5534 libero

475 5565 706 5622 arbitrio
764 5568 950 5624 locum
995 5567 1231 5633 dederit,
1273 5573 1332 5621 ut
1354 5565 1598 5621 Ecclesia
1625 5567 1742 5637 ejus
1773 5570 2044 5629 catholica

549 5741 624 5812 (ί)
651 5743 952 5822 Συνεκτικά
988 5745 1081 5800 καὶ
1111 5746 1296 5818 κύρια.
1321 5747 1518 5813 Evam.
1543 5746 1638 5802 lib.
1668 5760 1709 5812 Ι,
1743 5761 1865 5813 cap.
1900 5749 1955 5806 ‘2.

2153 4385 2308 4436 κοινὰ
2341 4386 2437 4439 καὶ
2468 4387 2658 4456 καίρια
2689 4388 2782 4440 καὶ
2815 4392 3255 4462 συνεκτικώτερα
3285 4395 3384 4464 τῆς
3425 4397 3713 4468 θρησκείας

2150 4473 2358 4527 ἅπασιν
2395 4477 2744 4548 ὡμολόγηται
2772 4496 2784 4508 ’
2831 4479 3002 4548 Τριάς
3045 4481 3153 4553 γὰρ
3191 4486 3252 4537 τὸ
3297 4491 3712 4557 κηρυττόμενον,

2151 4567 2210 4618 ὲν
2240 4567 2428 4636 μονάδι
2460 4569 2679 4638 φύσεως
2706 4574 3110 4644 γνωριζόμενον
3136 4593 3150 4606 ⁸
3183 4583 3279 4630 καί
3305 4581 3334 4630 ὀ
3366 4582 3474 4650 πρὸ
3504 4585 3711 4651 ςρωσοτςό-

2153 4673 2250 4726 ρου
2297 4658 2577 4729 γεννηθεὶς
2626 4661 2758 4724 Θεὸς
2807 4664 2983 4732 Λόγος
3025 4666 3104 4737 τῷ
3156 4668 3471 4743 ὑπερουσίῳ
3519 4676 3709 4744 Πατρὶ,

2152 4750 2334 4817 σάρκα
2383 4751 2894 4822 προσειλημμένος,
2945 4757 3176 4828 δευτέρᾳ
3224 4763 3475 4833 γεννήσει
3527 4767 3714 4837 appeti-

2153 4857 2292 4903 στως
2325 4842 2498 4910 φειδοῖ
2526 4843 2621 4896 τοῦ
2655 4846 2998 4916 πλάσματος.
3029 4851 3089 4903 El
3117 4850 3166 4904 δ’
3188 4852 3283 4905 in!
3313 4855 3532 4920 τούτοις
3564 4861 3715 4912 καινά

2151 4949 2272 4984 τινα
2294 4933 2370 5004 τῷ
2402 4935 2530 5005 περὶ
2561 4934 2622 4988 τὸ
2651 4935 2806 4990 Θεῖον
2829 4940 3012 5011 ἀδήλῳ
3039 4944 3154 5007 τοῖς
3183 4945 3503 5015 ἀνθρώποις
3533 4967 3715 5004 νεωτεο

2154 5023 2389 5094 ρίζεται,
2424 5026 2485 5080 τὸ
2507 5027 2695 5082 καινὸν
2726 5030 2882 5085 οὐδέν
2900 5047 2916 5064 ο
2942 5033 3080 5087 Θεοῦ
3114 5051 3203 5104 γε,
3231 5032 3406 5106 οίμαι,
3437 5041 3516 5110 τῷ
3541 5040 3716 5106 αὐτεξο

2152 5116 2322 5186 ουσίῳ
2358 5117 2542 5189 χώραν
2589 5120 2858 5190 διδόντος,
2895 5123 2964 5177 ἵν’
2998 5126 3248 5182 ἐντεῦθεν
3279 5130 3314 5200 ἡ
3350 5132 3522 5186 αὑτοῦ
3559 5133 3711 5186 καθο-

2151 5206 2277 5278 λικὴ
2293 5209 2611 5281 Ἐκκλησία,
2633 5215 2887 5269 κάκεῖθεν
2901 5219 2963 5270 τὸ
2981 5225 3062 5284 είς
3079 5221 3312 5294 διάφορα
3333 5232 3712 5299 μεταρρἑπειν,

2152 5299 2287 5368 πρὸς
2319 5303 2378 5354 τὸ
2410 5303 2528 5356 δέον
2560 5306 2656 5358 καὶ
2689 5307 3079 5382 εὐσεϐέστερον
3116 5314 3319 5381 μᾶλλον
3350 5318 3422 5370 τά
3453 5320 3713 5389 λεγόμενα

2151 5393 2568 5462 αἰχμαλωτίσοι,
2606 5399 2702 5452 καὶ
2731 5401 2873 5468 πρὸς
2905 5403 3036 5470 μίαν
3060 5404 3179 5459 ὁδὸν
3207 5405 3424 5462 εὐθεῖαν
3452 5413 3546 5464 καὶ
3587 5413 3712 5466 ἀπε·

2151 5483 2425 5556 ξεσμένην
2467 5486 2567 5558 την
2617 5491 2711 5542 τοῦ
2763 5491 3000 5563 ἀληθοῦς
3056 5496 3257 5571 δηλαδὴ
3315 5500 3537 5572 εὕρεσιν
3583 5507 3711 5558 αὑτὰ

2152 5577 2472 5648 ποδηγήσοι,
2505 5581 2592 5651 ἐφ’
2617 5574 2662 5651 ᾧ
2691 5585 2786 5639 καὶ
2817 5586 2966 5656 μάλα
3007 5589 3302 5661 σύμφωνον
3337 5595 3510 5650 ἐκεῖνο
3546 5599 3608 5652 τὸ
3637 5600 3705 5668 τῷ
