3910 6218
301 300 441 374 1ης)

1230 295 1831 368 ECCLESIASTICAI
1867 288 2258 368 Bistoniis
2295 290 2439 370 ita.
2485 291 2642 370 ‘Xt'v.

3427 309 3560 377 19ᾟί

300 423 616 495 ’Λποστόλῳ
649 422 818 494 ῥηθὲν
850 420 1083 493 εὓρηται
1109 436 1125 455 θ
1160 422 1259 476 Δεῖ
1289 421 1357 475 δὲ
1391 420 1487 474 καί
1520 420 1781 487 αἱρέσεις
1817 418 1870 470 ἐν

1988 427 2044 473 et
2085 420 2385 489 apostolica
2414 421 2538 475 hinc
2580 430 2637 473 et
2682 419 2806 473 inde
2873 416 2938 473 ad
2989 420 3239 478 diversas
3268 422 3560 494 opiniOnes

296 517 442 584 ὑμῖν
466 511 653 579 εἶναι,
684 515 787 569 ἵνα
820 516 915 568 καὶ
945 516 1001 568 οί
1030 512 1263 577 δόκιμοι
1293 512 1538 583 φανεροί
1572 512 1866 581 γίνωνται.

307 606 465 675 Ἐμοὶ
501 605 558 659 δὲ
594 606 698 660 κάν
729 604 907 676 τούτῳ
944 605 1250 674 θαυμάζειν
1282 607 1382 676 τὴν
1417 606 1659 678 ἄρρητον
1693 604 1871 657 ἔπεισι

294 698 391 754 τοῦ
431 698 567 753 Θεοῦ
614 698 829 768 σοφίαν,
869 699 959 777 διὰ
998 699 1094 752 τοῦ
1137 698 1303 753 αὐτοῦ
1328 698 1661 753 ’Δποστόλου
1704 697 1873 751 πάλαι

299 790 673 862 προειποῦσαν
699 807 714 822 ο
757 791 822 845 Ἠ
862 789 974 860 τὰρ
1018 790 1275 860 δύναμίς
1315 807 1435 861 μου
1479 790 1550 844 ἐν
1589 791 1874 857 ἀσθενείᾳ

297 879 652 935 τελειοῦται.
687 866 765 950 Τῇ
798 882 908 949 γὰρ
939 880 1194 952 ἀσθενείᾳ
1223 883 1322 947 τῆς
1354 880 1588 951 ἀληθοῦς
1621 881 1886 947 γνώσεως

299 967 640 1043 διερρωγότα
670 970 739 1023 τὰ
783 972 923 1040 μέλη
959 970 1059 1040 τῆς
1080 954 1451 1039 ῤἸῖκκλησίας,
1486 964 1547 1023 τὸ
1589 969 1745 1033 ιύθὲς
1784 970 1880 1025 καὶ

300 1061 676 1131 ἁπεξεσμένον
719 1060 831 1113 τῶν
871 1061 1161 1132 δογμάτων
1202 1048 1556 1133 ᾠκοδομήθη,
1599 1067 1694 1127 καὶ
1742 1062 1878 1132 πρὸς

314 1146 538 1223 μείζονα
568 1152 668 1223 τὴν
698 1150 870 1222 αὔξην
899 1152 1140 1206 ἐπέδωκε
1162 1193 1176 1219 ,
1209 1152 1349 1222 πρὸς
1376 1136 1633 1223 οὐράνιόν
1661 1170 1720 1205 τε
1752 1155 1878 1207 ἀνέ-

309 1246 518 1314 δραμεν
549 1243 754 1314 ὕψωμα
787 1245 821 1314 ἡ
857 1231 1122 1315 καθολικὴ
1156 1245 1253 1298 καὶ
1284 1234 1618 1317 ἀποστολικὴ
1642 1232 1879 1316 Ἒκκλη-

306 1338 417 1413 cia.
447 1337 512 1389 Οί
542 1336 597 1388 δὲ
628 1338 726 1407 τῆς
756 1335 1077 1406 Ἑλληνικῆς
1107 1334 1394 1408 τερθρείας
1424 1322 1784 1413 ἐντραφέντες
1813 1336 1879 1407 τῇ

308 1411 507 1500 πλᾶνῃ,
531 1426 657 1480 οὒτε
679 1427 816 1481 Θεὸν
838 1428 866 1481 ὅ
889 1427 943 1482 τί
968 1428 1101 1482 ποτέ
1124 1429 1243 1482 ἐστι
1270 1411 1589 1499 βουλόμενοι
1612 1427 1879 1498 ἐξευρεῖν,

300 1521 333 1588 ἢ
362 1522 462 1588 τὴν
490 1520 769 1590 ἄφραστον
797 1521 963 1574 αὐτοῦ
991 1521 1084 1574 καὶ
1112 1521 1498 1591 ἀκατάληπτον
1528 1521 1879 1592 κηδεμονίαν,

298 1607 568 1678 ἀλλήλους
613 1625 674 1661 τε
721 1608 814 1660 καὶ
860 1608 1090 1672 ἑαυτοὺς
1140 1608 1292 1662 ἐστιν
1336 1609 1427 1662 ὅτε
1476 1607 1840 1663 καταλύουσιν
1866 1624 1881 1641 ⁸

297 1696 436 1753 ἀλλὰ
463 1698 691 1763 πολλοὺς
721 1700 819 1754 καὶ
840 1698 1119 1763 ποικίλους
1140 1698 1480 1762 ἐπινοοῦντες
1502 1699 1683 1768 θεοὺς,
1711 1714 1886 1770 προσ-

1974 510 2278 580 appelletis,
2303 511 2680 571 dictamnnia,
2711 528 2811 581 pro
2843 527 2909 567 eo
2945 522 3111 581 atque
3168 513 3351 579 decet,
3379 519 3559 588 capti-

1974 597 2086 663 vet,
2131 612 2184 658 et
2219 602 2287 657 ad
2353 603 2623 659 veriorem
2660 606 2913 672 pietatem
2949 603 3173 669 referat,
3252 620 3427 675 eaque
3493 609 3560 662 ad
3663 625 3673 636 ·

1976 710 2141 749 unam
2210 704 2411 750 rectam
2469 695 2802 765 planamque
2896 695 3063 760 viam,
3116 697 3367 752 veritatis
3416 699 3561 752 sci-

1978 788 2108 846 licet
2158 789 2553 853 inventionem,
2598 789 2853 844 deducat.
2910 780 3009 845 Cui
3070 792 3362 847 sentcntiae
3423 792 3554 847 illud

1978 879 2183 933 dictum
2214 878 2372 934 valde
2400 881 2706 934 consonum
2738 880 2807 934 ab
2831 879 3094 950 Apeslolo
3137 891 3221 936 est
3247 884 3514 951 prolatum
3541 901 3556 937 :

1984 989 2003 1023 ι
2039 969 2255 1038 Oportet
2315 979 2488 1027 autem
2541 956 2764 1027 itwreses
2804 975 2962 1027 etiam
3018 975 3074 1027 in
3127 974 3266 1028 vobis
3311 991 3440 1042 esse,
3500 984 3558 1030 ut

1978 1064 2067 1129 qui
2105 1059 2311 1125 probati
2351 1058 2500 1131 sunt,
2521 1066 2789 1135 manifesti
2815 1065 2952 1134 ﬁant
2980 1067 3020 1120 '.
3046 1058 3160 1131 Qua
3192 1067 3243 1119 in
3275 1084 3332 1121 re
3363 1068 3556 1122 inclia-

1981 1156 2147 1210 bilem
2198 1171 2418 1226 quoque
2443 1157 2538 1212 Dei
2590 1157 2919 1227 sapientiam
2985 1156 3172 1211 mirari
3236 1158 3389 1224 libet,
3437 1175 3559 1229 ηυευ

1980 1248 2113 1302 olim
2164 1263 2262 1319 per
2292 1248 2614 1318 Apostolum
2675 1263 2837 1302 suum
2870 1239 3161 1318 praedixit:
3208 1250 3384 1303 Virtus
3413 1251 3558 1303 enim

1984 1354 2123 1402 mea,
2162 1336 2448 1408 inquiens,
2497 1339 2558 1392 in
2599 1335 2918 1408 inﬁrmitate
2966 1340 3240 1408 per/icitur
3267 1341 3309 1393 ’.
3369 1341 3443 1394 Ex
3496 1357 3562 1395 eu

1984 1444 2224 1499 namque
2255 1431 2403 1501 quod
2426 1442 2653 1503 propter
2687 1433 3119 1487 imbecillitatem
3173 1450 3316 1488 vera:
3377 1436 3563 1503 cngui-

1985 1524 2153 1579 tionis
2194 1534 2384 1596 partes
2432 1527 2681 1596 quedam
2737 1530 2807 1582 ab
2844 1522 3105 1582 Ecclesiae
3143 1538 3421 1582 structura
3471 1539 3558 1580 re-

1985 1626 2150 1672 sectae
2171 1626 2322 1684 sunt,
2359 1617 2615 1689 dogmata
2641 1627 2789 1675 recta
2827 1628 2884 1674 et
2914 1620 3074 1689 plana
3109 1635 3207 1690 per
3239 1617 3559 1673 aedificatio-

1987 1723 2112 1763 nem
2148 1710 2447 1766 constituta
2488 1722 2640 1778 sunt.
2668 1723 2722 1768 et
2755 1712 3111 1769 incrementis
3157 1711 3461 1782 majoribus
3491 1712 3556 1775 iul

302 1792 503 1861 φόρους
536 1796 648 1855 τοῖς
699 1792 851 1861 σφῶν
895 1789 1299 1860 ἐπιφημίξουσι
1348 1792 1590 1845 πάθεσιο
1629 1791 1870 1859 συγγνώ-

1981 1801 2259 1857 cmlestem
2326 1803 2721 1859 sublimitatem
2758 1805 3086 1859 universalis
3140 1813 3196 1857 et
3258 1801 3557 1872 apostolica

304 1901 436 1955 μην,
470 1885 546 1947 ὡς
582 1884 649 1938 ἄν
680 1902 766 1947 τις
801 1884 967 1949 εῐποι,
1005 1887 1117 1947 ταῖς
1152 1884 1317 1948 ἰδίαις
1351 1883 1671 1947 ἀκολασίαις
1705 1901 1878 1953 προσ-

301 1977 691 2047 ποριζόμενοι,
734 1976 931 2040 ἄλλους
976 1977 1065 2031 ἐπ’
1093 1976 1288 2040 ἄλλους
1330 1974 1722 2047 χειροτονοῦσι.
1768 1976 1878 2030 Καὶ

296 2069 433 2140 δῆτα
464 2072 492 2123 ὁ
522 2069 653 2141 παρ’
674 2070 858 2134 αὐτοῖς
887 2069 1117 2132 ὕστατος
1145 2072 1344 2140 πατὴρ
1370 2054 1608 2140 ἀνδρῶν
1632 2086 1696 2123 τε
1724 2068 1878 2126 θεῶν

206 2219 211 2223 ,
300 2176 385 2228 τε,
415 2163 509 2216 τὸν
536 2162 824 2216 νεανίσκον
850 2161 1039 2234 Φρύγα
1069 2164 1146 2227 εἰς
1173 2162 1363 2233 ὄρνεον
1387 2164 1486 2233 τὴν
1514 2162 1678 2232 φύσιν
1708 2178 1876 2233 μεταο

298 2254 500 2319 ὄαλὼν,
543 2254 895 2323 ἀνάρπαστον
937 2254 997 2320 ἐξ
1038 2254 1329 2323 ἀσελγείας
1372 2254 1547 2308 ἐποίει
1573 2269 1588 2283 ο
1635 2254 1732 2308 καὶ
1771 2253 1876 2324 τὴν

293 2345 644 2416 ἀντιμισθίαν
694 2345 795 2416 τῆς
845 2346 1244 2416 αἰσχρουργίας
1295 2348 1499 2401 κύλικα
1548 2347 1872 2419 ἐχαρίζετο,

294 2438 598 2509 ἐπιτρέψας
642 2438 932 2508 προπίνειν
973 2441 1072 2508 τὴν
1115 2440 1476 2511 φιλοτησίαν·
1519 2440 1586 2493 ἵν’
1613 2440 1749 2510 ὁμοῦ
1795 2438 1876 2510 τῷ

292 2530 517 2599 νέκταρι
545 2530 640 2582 καὶ
665 2529 735 2583 τὰ
761 2529 940 2599 ὀνείδη
966 2531 1065 2600 τῆς
1092 2530 1307 2602 ὕϐρεως
1332 2533 1486 2603 κοινῇ
1516 2531 1746 2587 πίνοιεν.
1774 2532 1875 2594 Ὃς

291 2621 430 2693 δῆτα
480 2623 572 2675 καὶ
625 2622 842 2686 πολλοῖς
885 2623 1068 2688 ἄλλοις
1110 2642 1220 2679 των
1262 2626 1520 2696 ἀθέσμων
1560 2624 1742 2697 ἐργων
1779 2625 1875 2680 καί

293 2715 549 2786 πράξεων
568 2756 584 2780 ,
616 2713 654 2769 ἃ
689 2716 786 2768 καὶ
812 2717 929 2779 τοῖς
959 2715 1083 2770 λίαν
1110 2718 1327 2781 οὐδενὸς
1354 2717 1527 2783 ἀξίοις
1559 2717 1875 2788 ἀπηγόρευ-

291 2819 419 2869 ται,
452 2803 533 2866 εἰς
566 2802 829 2866 παντοίας
864 2803 1009 2867 ίδέας
1044 2805 1259 2873 ἀλόγων
1293 2806 1867 2877 μετασχηματισθείς,

291 2893 539 2966 αἰσχρῶς
566 2895 752 2966 ᾑρεῖτο
780 2894 931 2964 βιοῦν
952 2912 967 2926 ’
1000 2897 1095 2949 καὶ
1120 2896 1238 2959 θεὸς
1266 2897 1595 2969 ἀνδρόγυνος
1621 2897 1832 2967 γίνεται
1852 2939 1869 2966 ,

281 2987 342 3038 ,εἰ
370 2989 466 3040 καὶ
499 2988 576 3058 μὴ
604 2990 670 3059 τῇ
701 2989 922 3057 γαστρὶ,
951 2987 1030 3059 τῷ
1065 3005 1129 3057 γε
1155 2987 1252 3042 νῦν
1282 2988 1466 3061 μηρῷ,
1494 2990 1783 3063 κυοφορῶν
1808 2991 1871 3045 τὸ

286 3078 479 3142 ἀτελὲς
517 3078 760 3150 ἐμόρυον
785 3094 802 3111 ⁸
839 3081 930 3134 ἶνα
970 3098 1085 3144 πως
1125 3082 1230 3134 κάν
1262 3082 1475 3147 τούτοις
1510 3082 1619 3150 ἐξω
1653 3083 1871 3151 φύσεως
1896 3123 1940 3182 c

286 3169 350 3223 τὸ
381 3170 758 3242 πραττόμενον
784 3173 869 3242 εἴη
899 3188 913 3202 ·
945 3172 1006 3238 ἐξ
1030 3172 1091 3226 οὗ
1122 3172 1361 3243 προῆλθε
1394 3174 1491 3227 καὶ
1517 3175 1577 3228 τδ
1604 3174 1870 3245 διθύραμ-

288 3261 385 3317 ϐον
411 3263 600 3334 κύημα
624 3280 638 3295 ο
669 3263 745 3328 ῶς
775 3264 842 3317 ἂν
870 3265 963 3318 καὶ
991 3266 1125 3335 πρὸς
1154 3265 1424 3337 ἑκατέραν
1456 3266 1737 3339 ἐνυϐρίσοι
1768 3267 1870 3337 φύ-

290 3369 378 3406 σιν
427 3353 549 3416 θεὸς
599 3353 928 3425 ὀρχούμενος
980 3357 1039 3408 ἐν
1092 3356 1445 3428 ἀνδρογύνοις
1498 3358 1864 3430 λιγύσμασιν,

286 3443 519 3514 ἔξαρχος
551 3443 757 3516 μέθης,
788 3447 1102 3517 κραιπάλης
1131 3464 1190 3501 τε
1221 3449 1319 3502 καὶ
1350 3449 1737 3518 οἰνοφλυγίας,
1772 3452 1867 3504 καί

287 3552 352 3608 γε
381 3535 776 3607 ἐωλοκρασίας,
805 3539 900 3591 καί
923 3537 1034 3591 τῶν
1058 3541 1124 3592 ἐκ
1150 3522 1259 3592 τῶν
1284 3541 1542 3595 τοιούτων
1566 3542 1869 3613 ἀπορρεόν-

286 3644 397 3681 των
426 3628 639 3686 δεινῶν.
674 3628 865 3701 Τούτῳ
912 3630 978 3701 δὴ
1010 3630 1090 3701 τῷ
1123 3631 1243 3704 Θεῷ
1272 3632 1352 3702 τῷ
1386 3633 1719 3707 ἐριϐρεμέτῃ
1739 3674 1755 3695 .
1789 3635 1869 3705 τῷ

288 3722 540 3792 αἰγιόχῳ,
584 3718 700 3779 καν
729 3723 861 3779 ἄλλο
911 3719 1257 3797 ὑπέρσεμνον
1301 3726 1623 3798 χαρίζονται
1668 3727 1865 3797 ὄνομα,

290 3814 627 3886 πατραλοίαν
655 3816 1063 3881 ἀποκαλοῦντες
1090 3817 1188 3888 τὴν
1217 3818 1459 3889 ἐσχάτην
1489 3819 1587 3872 καὶ
1638 3820 1866 3889 πρώτην

289 3911 425 3982 παρ’
450 3910 762 3982 ἀνθρώποις
801 3915 996 3983 ποινήν
1017 3926 1032 3943 ⁸
1066 3912 1164 3967 ἅτε
1198 3912 1264 3979 δὴ
1303 3915 1510 3985 Κρόνον
1541 3914 1631 3967 τὸν
1665 3914 1867 3967 οἰκεῖον

289 4000 503 4069 πατέρα
531 4001 883 4070 προσήκοντα
911 4002 1052 4071 δρῶν
1081 3999 1157 4066 ὡς
1182 4000 1425 4057 τοιοῦτον
1448 4001 1527 4073 τῷ
1556 4001 1656 4074 βίῳ
1686 4020 1866 4075 παραυ

288 4092 532 4162 γαγόντα
570 4094 663 4146 καί
693 4094 937 4165 αἰσχρῶς
968 4095 1067 4165 τῆς
1100 4095 1279 4165 ἀρχῆς
1312 4093 1683 4166 ἐξωθήσαντα.
1717 4096 1785 4148 Τί
1820 4095 1866 4149 δ’

287 4184 355 4238 ἄν
398 4200 482 4247 τις
526 4184 674 4239 εἴποι
717 4189 850 4255 περὶ
897 4186 998 4256 τῆς
1045 4185 1477 4257 θεουργηθείσης
1522 4188 1655 4258 παρ’
1682 4188 1866 4251 αὑτοίς

176 4278 184 4285 ’
288 4276 582 4346 πψνείαςς
616 4270 685 4348 ἦς
728 4275 922 4348 ἔφορον
947 4275 1277 4348 Ἀφροδίτην
1307 4277 1406 4348 τὴν
1435 4276 1734 4348 κοχλογενῆ
1767 4278 1868 4350 τὴν

287 4365 546 4437 Κυπρίαν
574 4368 868 4436 ἐφιστῶσιν
889 4384 901 4398 ⁸
931 4367 966 4439 ἢ
994 4368 1092 4439 τὴν
1124 4368 1224 4438 μὲν
1253 4368 1613 4440 σωφροσύνην
1639 4370 1717 4433 ὼς
1743 4373 1867 4425 ἐνα-

1977 1892 2223 1948 Ecclesia
2249 1895 2513 1949 excurrit.
2546 1895 2649 1962 Qui
2688 1902 2816 1950 vero
2845 1896 2897 1948 in
2932 1894 3255 1950 sedtwtione
3285 1902 3341 1948 et
3366 1908 3556 1948 errore

1975 1983 2179 2042 Graecae
2226 1987 2639 2057 superstitionis
2704 1986 2919 2042 educati
2972 1996 3138 2050 sunt.
3198 1986 3360 2057 552
3434 2001 3560 2056 pro-

1976 2086 2164 2146 pterea
2214 2079 2362 2149 quod
2417 2095 2594 2150 neque
2645 2081 2854 2143 Deum,
2908 2080 3171 2149 quidnam
3228 2087 3335 2142 su,
3381 2091 3558 2147 neque

1978 2169 2310 2227 ineﬂabilem
2378 2171 2501 2242 ejus
2568 2182 2623 2228 et
2689 2172 3306 2242 incmnprebensibilem
3365 2164 3556 2226 curam

1973 2270 2139 2332 atque
2176 2264 2595 2335 providentiam.
2624 2265 2871 2321 invenire
2923 2266 3117 2329 velint.
3167 2265 3258 2319 alii
3321 2264 3554 2319 aliorum
3590 2264 3605 2275 ‘

1977 2353 2122 2407 inter
2152 2368 2234 2420 se,
2273 2362 2437 2424 atque
2471 2355 2572 2425 ipsi
2598 2356 2929 2425 quandoque
2958 2372 3085 2411 suas
3108 2355 3273 2410 etiam
3307 2356 3555 2422 ipsorum

1973 2444 2277 2500 sententias
2306 2444 2582 2501 refellunt.
2624 2446 2696 2511 Et
2742 2446 2945 2501 multos
2991 2446 3281 2513 variosque
3326 2446 3557 2500 commi—

1974 2535 2253 2591 niscentes
2278 2535 2448 2598 deos.
2498 2537 2819 2592 nominibus
2868 2552 2966 2592 eos
3010 2551 3132 2606 quae
3171 2536 3557 2615 aﬂeetionibus
3654 2608 3655 2615 γ

1973 2624 2090 2680 suis
2114 2626 2445 2681 conveniant
2475 2636 2906 2698 prosequuntur.
2945 2627 3013 2681 Et
3042 2642 3168 2683 cum
3204 2628 3343 2684 alios
3388 2644 3556 2698 super

1973 2717 2115 2773 alios
2143 2717 2249 2773 sibi
2281 2718 2384 2789 ipsi
2417 2719 2711 2790 designant
2741 2729 2797 2774 et
2823 2719 3055 2789 eligunt,
3092 2721 3333 2787 veniam,
3363 2728 3425 2774 ut
3453 2720 3556 2775 ali-

1971 2808 2099 2879 quis
2121 2809 2291 2876 dicat,
2311 2812 2544 2881 impuris
2568 2811 2891 2867 libidinibus
2914 2812 3030 2867 suis
3060 2821 3429 2883 aucupantur.
3459 2810 3553 2867 Sic

1972 2902 2067 2973 qui
2098 2903 2246 2975 apud
2274 2903 2398 2959 illos
2419 2910 2506 2959 est
2529 2919 2779 2960 summus

2265 3036 2621 3094 ...Hominum
2644 3047 2799 3110 pater
2825 3046 2983 3110 atque
3023 3038 3265 3104 deorum,

1973 3184 2171 3232 natura
2201 3190 2303 3230 sua
2332 3173 2389 3228 in
2435 3187 2591 3230 avem
2623 3188 2799 3240 versa,
2833 3172 2966 3229 findi
3007 3173 3184 3245 stupri
3213 3175 3389 3246 gratia
3418 3174 3552 3231 ado-

1972 3268 2339 3326 lescentulum
2359 3267 2630 3340 Phrygem
2649 3267 2855 3338 rapuit,
2873 3275 2931 3324 et
2952 3283 3048 3337 pro
3070 3269 3326 3324 mercede
3349 3269 3554 3340 impuri

1973 3361 2165 3433 ﬂagitii
2198 3361 2460 3432 poculum
2516 3362 2567 3417 ei
2606 3360 2783 3418 dedit.
2839 3370 3111 3430 potestate
3139 3362 3229 3417 illa
3261 3364 3552 3434 permissa.

1975 3462 2036 3508 ut
2063 3452 2170 3508 sibi
2202 3452 2303 3508 ille
2339 3452 2782 3508 benevolentiam
2827 3461 2884 3508 et
2920 3467 3166 3507 amorem
3208 3455 3549 3523 propinaret,

1971 3554 2029 3601 et
2088 3553 2319 3614 uterque
2375 3544 2540 3598 simul
2599 3559 2724 3599 cum
2787 3552 3015 3599 nectare
3073 3545 3546 3615 constuprationia

1970 3637 2234 3707 probrum
2287 3634 2346 3691 et
2400 3633 2643 3690 dedecus
2684 3643 2918 3703 putaret.
2952 3633 3056 3700 Qui
3084 3635 3312 3703 insuper
3361 3634 3551 3690 multis

1971 3730 2095 3785 aliis
2138 3727 2369 3783 nefariis
2402 3727 2729 3793 sceleribus,
2765 3742 2889 3796 qua:
2938 3727 3103 3782 etiam
3148 3726 3356 3782 nullius
3386 3728 3546 3799 pretii

1973 3818 2293 3875 hominibus
2330 3833 2589 3873 concessa
2618 3834 2728 3872 non
2756 3826 2909 3881 sunt,
2941 3816 2996 3871 in
3042 3818 3218 3872 varias
3251 3820 3544 3871 irrationa-

1970 3913 2106 3967 lium
2160 3911 2522 3966 animantium
2579 3911 2795 3979 species
2826 3908 3270 3972 transformatus,
3308 3909 3546 3978 turpiter

1967 4004 2074 4058 sibi
2104 4003 2269 4058 vitam
2317 4001 2619 4072 degendam
2665 4001 2898 4056 statuit:
2939 4009 2995 4053 et
3041 3999 3414 4069 androgynus,
3441 4013 3545 4052 an-

1967 4097 2233 4169 cipitique
2274 4097 2418 4150 inter
2453 4109 2659 4148 marem
2713 4104 2770 4148 et
2823 4092 3084 4147 feminam
3117 4105 3251 4144 sexu
3295 4089 3432 4144 deus
3462 4090 3542 4144 fa-

1968 4199 2112 4253 ctus,
2146 4201 2256 4242 non
2307 4185 2560 4255 equidem
2592 4184 2644 4239 in
2694 4193 2909 4248 ventre,
2956 4180 3051 4236 sed
3085 4180 3296 4235 femore
3324 4189 3545 4234 uterum

1967 4286 2206 4348 gestans.
2251 4274 2632 4345 imperfectum
2687 4273 2814 4327 tulit
2860 4271 3070 4336 fetum,
3111 4281 3267 4326 utea
3327 4283 3546 4340 quoque

1971 4384 2062 4425 res
2091 4377 2289 4438 praeter
2321 4376 2572 4422 naturam
2612 4366 2790 4422 ﬁeret.
2824 4365 2978 4421 Unde
3002 4364 3389 4435 dithyrambus
3447 4378 3543 4419 seu

286 4456 382 4525 γές
420 4458 777 4525 ἀπεσείσατο,
810 4459 1033 4523 ἀτόποις
1074 4458 1130 4512 δέ
1170 4459 1307 4511 πᾶσι
1344 4459 1534 4531 σχεδὸν
1572 4462 1865 4531 αἰσχρουρ-

1972 4460 2053 4516 bis
2080 4462 2300 4531 genitus
2329 4459 2511 4514 infans
2529 4459 2754 4529 prodiit,
2787 4458 2883 4537 qui
2908 4458 3130 4526 utrique
3155 4468 3369 4512 natura!
3390 4456 3539 4527 igno'

285 4552 531 4619 γήμασιν
558 4549 818 4621 ἡδομένη,
848 4550 937 4604 διὰ
965 4550 1172 4604 τούτων
1204 4552 1298 4604 καί
1329 4550 1712 4616 ἐξιλάσκεσθαι
1742 4551 1867 4621 βού-

284 4641 465 4696 λεται·
494 4643 615 4714 μεθ’
631 4638 698 4713 ἧς
720 4644 785 4695 Ἀ
796 4660 894 4713 ρης
918 4643 1274 4713 ἀσχημονῶν,
1300 4644 1515 4714 τέχναις
1539 4642 1864 4713 Ἡφαίστου,

282 4732 381 4786 καὶ
412 4733 772 4803 μηχανήμασι
800 4734 911 4796 τοῖς
945 4733 1151 4794 λοιποῖς
1180 4734 1289 4785 τῶν
1321 4730 1461 4787 θεῶν
1491 4733 1865 4805 θεατρίζεται,

282 4822 619 4894 παιζόμενός
658 4839 719 4875 τε
763 4824 899 4893 ὁμοῦ
946 4824 1039 4875 καί
1083 4821 1411 4893 γελώμενος.
1459 4824 1525 4878 Ol
1568 4824 1626 4876 δέ
1673 4823 1870 4895 φαλλοί

192 4906 207 4911 ”
283 4917 414 4988 παρ’
435 4916 621 4979 αὐτοῖς
648 4915 744 4969 καί
775 4915 1054 4985 ἰθύφαλλοι
1082 4919 1178 4969 καὶ
1201 4918 1271 4971 τὰ
1296 4918 1661 4987 φαλλαγώγια
1686 4919 1856 4973 πόσου

279 5009 347 5061 ἂν
379 5010 469 5077 εἰη
498 5006 594 5061 τοῦ
629 5006 906 5075 γέλωτοςς
961 5009 989 5060 ὁ
1022 5008 1078 5061 δέ
1113 5008 1263 5075 Πὰν,
1308 5011 1337 5062 ὁ
1367 5007 1424 5061 δέ
1460 5009 1708 5078 Πρίηπος
1729 5050 1743 5072 ,
1777 5010 1857 5082 τῷ

279 5103 435 5173 παρὰ
473 5102 635 5172 φύσιν
668 5102 940 5172 ἀσχήμονι
981 5102 1155 5173 μορίῳ
1188 5101 1485 5173 χαριέντως
1517 5104 1853 5177 τιμώμενος.

279 5193 346 5246 Τί
375 5194 433 5246 δέ
466 5212 549 5247 σοι
579 5194 829 5265 βούλεται
858 5194 957 5247 καὶ
981 5194 1051 5246 τὰ
1082 5197 1138 5247 ἐν
1173 5195 1441 5248 Ἐλευσῖνι
1473 5198 1786 5268 μυστήρια;
1819 5198 1857 5253 ἃ

276 5286 645 5355 διαφερόντως
678 5285 884 5356 μισῶν,
912 5285 1035 5340 καθ’
1056 5284 1115 5339 ἓν
1146 5287 1306 5357 μόνον
1331 5288 1617 5343 ἐπαινέσαι
1648 5290 1858 5361 βουλοί-

280 5395 414 5451 μην,
437 5380 519 5432 ὅτι
553 5379 630 5451 μὴ
653 5380 785 5451 όρᾷν
811 5377 989 5434 ταῦτα
1014 5378 1106 5431 τὸν
1130 5379 1281 5449 ἣλιον
1307 5380 1640 5453 ἐδοκίμασαν
1662 5399 1676 5415 ’
1707 5384 1857 5452 μάλα

174 5478 181 5484 ’
278 5471 336 5524 δὲ
364 5470 442 5542 τῷ
471 5471 620 5543 ἐργῳ
647 5474 824 5526 οἰκεῖα
855 5473 1211 5544 πράττοντες,
1241 5474 1310 5545 τῇ
1339 5474 1578 5546 ἀφανείᾳ
1606 5475 1701 5529 τοῦ
1736 5477 1860 5531 σκόο

273 5580 398 5627 τους
434 5566 789 5636 κατέκριναν.
820 5565 986 5621 Ἀλλὰ
1015 5565 1188 5620 ταῦτα
1222 5571 1337 5632 τοῖς
1373 5568 1616 5639 αἰσχρῶς
1651 5570 1856 5641 τιμῶσι

350 5745 369 5779 ³
413 5745 590 5804 lCor.
629 5764 703 5812 in,
740 5750 828 5805 l9.
912 5751 932 5783 '
958 5748 1094 5805 Cor.
1129 5762 1228 5815 xu,
1254 5748 1313 5804 9.

1966 4550 2151 4605 minim
2172 4550 2420 4605 inureret
2452 4558 2662 4614 notam,
2689 4549 2940 4603 muliebri
2975 4557 3126 4601 motu
3149 4548 3354 4602 saltans
3375 4547 3543 4602 seini-
3624 4552 3634 4561 '

1966 4641 2052 4695 vir
2084 4640 2265 4695 deus:
2315 4640 2624 4705 ebrietatis,
2665 4640 2923 4708 crapulae,
2980 4638 3314 4696 vinulentiae.
3368 4646 3543 4690 temu-

1966 4735 2129 4790 lenite
2179 4732 2499 4804 gravedinis
2552 4732 2899 4799 aliut-umque
2966 4729 3096 4783 inde
3150 4728 3541 4799 proﬂuentium

1969 4826 2238 4880 malorum
2302 4833 2519 4877 auctor.
2573 4821 2712 4875 Huic
2737 4823 2840 4875 deo
2874 4819 3187 4875 altitunanti
3225 4829 3284 4874 et
3314 4821 3541 4892 :egidem

1966 4916 2162 4971 ferenti
2187 4914 2570 4968 admirandum
2589 4914 2755 4966 etiam
2786 4912 2934 4966 aliud
2965 4927 3164 4965 nomen
3195 4910 3537 4978 indiderunt;

1964 5022 2091 5063 nam
2127 5007 2456 5076 parricidam
2508 5015 2794 5067 vocarunt,
2827 5004 2916 5058 cui
2957 5004 3100 5073 apud
3141 5004 3395 5058 homines
3438 5019 3540 5059 ex-

1965 5110 2199 5154 tremum
2229 5109 2282 5152 et
2331 5098 2568 5167 primum
2616 5097 2978 5151 constitutum
3030 5105 3115 5150 est
3160 5095 3537 5167 supplicium:

1966 5206 2024 5250 ut
2042 5195 2450 5267 quiSaturnum
2480 5207 2689 5264 patrem
2719 5208 2906 5257 suum,
2930 5207 3031 5261 pro
3060 5207 3127 5246 eo
3154 5203 3320 5261 atque
3349 5191 3538 5245 decuit

1960 5289 2190 5354 faciens,
2215 5286 2358 5359 quod
2379 5288 2539 5341 talem
2576 5286 2761 5357 ipsum
2781 5287 2870 5341 ille
2901 5286 2954 5339 iu
2993 5284 3160 5340 vitam
3198 5284 3538 5353 protulisset,

1961 5380 2201 5450 turpiter
2250 5394 2420 5449 regno
2463 5378 2703 5433 exuerit.
2762 5376 2907 5443 Quid
2950 5376 3177 5431 verotle
3231 5373 3538 5428 meretricia

1963 5471 2211 5529 lmditate
2250 5471 2394 5541 apud
2421 5486 2518 5525 eos
2542 5470 2596 5524 in
2637 5483 2929 5523 numerum
2963 5466 3194 5522 deorum
3252 5464 3422 5519 relata
3452 5454 3537 5517 di;

1964 5583 2083 5625 eam
2106 5568 2130 5621 ’ἰ
2152 5567 2238 5622 cui
2271 5567 2561 5621 tutelaresn
2584 5565 2743 5620 deam
2778 5563 3046 5619 Venerem
3077 5559 3248 5630 ipsam
3278 5558 3540 5630 Cypriam

2510 5697 2581 5732 με.
2605 5714 2615 5723 .
