3910 6218
412 321 544 387 1231

1638 319 2058 381 NICEPIIORI
2103 323 2442 382 GALLISTI

3534 324 3672 391 ῙΞἹΞ

409 435 618 491 concha
680 442 918 504 genitam
970 431 1296 502 praeﬁciunt.
1359 429 1434 484 Ea
1490 447 1644 493 vero,
1713 431 1975 501 pudicitia

2091 435 2479 498 καταλιπόντες
2501 478 2514 500 ,
2547 436 2640 488 ἐπὶ
2667 436 2766 506 τὴν
2797 437 2998 490 νύσσαν
3032 437 3185 502 αὖθις
3215 439 3308 492 τὸν
3338 439 3500 507 λόγον
3535 444 3672 506 ἁ-ίάο

407 529 577 584 veiuti
608 527 825 599 piaculo
845 528 1082 596 quodam
1118 523 1426 594 repudiata,
1451 523 1776 578 absurdiset
1802 527 1978 596 turpi-

406 624 511 691 bus
559 621 780 692 ﬂagitiis
827 617 1084 673 omnibus
1133 615 1250 671 fere
1295 615 1624 682 delectatur,
1679 625 1844 686 atque
1897 619 1979 672 eis

2085 542 2293 596 γωμεν,
2323 529 2390 579 τὰ
2415 526 2719 597 λειπόμενα
2747 529 2813 597 τῇ
2840 528 3124 582 Θεοδοσίου
3155 530 3410 601 βασιλείᾳ
3434 533 3502 603 τῇ
3536 531 3675 585 ἱστο-

2089 617 2184 688 ρίᾳ
2213 618 2621 688 παραδιδόντες.

407 719 542 788 ipsis
567 717 732 772 etiam
758 715 862 770 coli
904 724 1069 784 atque
1119 713 1321 783 placari
1355 712 1507 768 vult:
1563 728 1687 767 cum
1719 727 1826 782 qua
1880 712 2021 767 Mars
2061 712 2298 783 turpiter
2352 729 2412 769 se
2445 715 2605 782 dans,
2659 723 2778 771 arte
2816 724 2873 772 et
2921 717 3134 772 fallacia
3161 719 3419 786 Vulcani,
3453 720 3564 775 diis
3590 737 3674 776 re-

406 815 568 884 liquis
593 811 864 867 ludendus
893 820 1057 879 atque
1091 808 1355 863 ridendus
1378 820 1637 878 tanquam
1675 809 2049 878 spectaculum
2127 809 2444 865 exhibetur.
2488 811 2659 865 l’halli
2697 827 2851 878 vero,
2890 823 2944 866 et
2969 814 3282 884 itbyphalli,
3353 825 3411 870 et
3484 816 3676 870 obsceo

406 909 596 962 uitatis
631 904 810 960 omnis
834 902 1114 960 domicilia
1152 901 1296 971 apud
1370 902 1513 964 illos,
1562 916 1724 970 quem
1780 916 1889 955 non
1961 910 2248 956 merentur
2299 903 2511 956 risum?
2572 903 2733 974 553
2796 903 2932 968 Quid
3011 905 3123 958 l’au
3175 909 3292 976 ipse
3336 917 3391 962 et
3422 907 3673 977 Priapus.

404 1000 497 1068 qui
530 1007 730 1068 praeter
766 1006 1020 1050 naturam
1073 995 1297 1049 informi
1357 994 1606 1048 membro
1673 1008 1796 1048 cum
1865 1008 2060 1064 magna
2101 994 2278 1063 gratia
2333 995 2576 1049 colitur?
2642 996 2783 1063 Quid
2838 1001 3092 1069 mysteria
3153 1011 3208 1054 et
3266 1017 3464 1056 arcana
3522 1020 3677 1058 sacra

405 1094 677 1150 Eleusinae
718 1092 834 1148 dea:
881 1091 1118 1147 volunt?
1193 1108 1316 1162 qua:
1373 1106 1495 1145 cum
1548 1105 1712 1160 quem
1767 1091 2004 1144 maxime
2042 1089 2279 1156 oderim,
2317 1107 2427 1145 uno
2497 1103 2677 1146 tamen
2731 1095 2953 1149 nomine
3002 1106 3215 1149 tantum
3297 1096 3671 1162 laudaverim,

404 1187 550 1256 quod
611 1187 738 1241 talia
794 1188 897 1258 ipsi
942 1201 1006 1240 ea
1061 1199 1201 1250 esse,
1235 1201 1354 1254 quae
1393 1185 1474 1238 sol
1527 1201 1635 1239 non
1687 1182 1978 1252 aspiceret,
2015 1181 2372 1252 judicarunt:
2443 1193 2497 1240 et
2563 1201 2686 1240 cum
2747 1187 2930 1256 reipsa
2961 1203 3020 1242 se
3053 1187 3214 1258 digna
3249 1199 3537 1258 patrarcnt
3596 1192 3674 1244 fa-

403 1283 616 1346 cinora,
649 1280 796 1349 quod
818 1295 882 1334 ea
915 1279 1264 1336 tenebrarum
1304 1278 1536 1348 caligine
1572 1289 1628 1331 et
1701 1275 2044 1329 obscuritate
2089 1279 2553 1332 condemnarunt.
2577 1280 2779 1334 Verum
2812 1295 2910 1334 nos
2937 1280 3188 1349 turpibus
3220 1281 3336 1337 haec
3362 1284 3676 1340 cultoribus

405 1375 804 1446 relinquentes,
841 1376 1146 1430 orationem
1194 1374 1258 1428 ad
1318 1382 1518 1428 metam
1549 1372 1908 1429 constitutam
1952 1370 2318 1438 reducamus,
2357 1389 2476 1443 qua'
2517 1375 2738 1443 reliqua:
2780 1385 2907 1430 sunt
2948 1376 3244 1431 Theodosii
3293 1379 3515 1448 imperii
3572 1398 3680 1446 res,

407 1473 688 1528 memoria:
719 1471 1014 1543 proditori.

970 1607 1200 1664 CAPUT
1222 1607 1410 1662 XLIX.

415 1722 481 1780 Ut
516 1733 632 1796 post
682 1724 1060 1792 praedatoria":
1089 1719 1718 1796 syuodumn'f‘heodosius,
1753 1711 1974 1796 cognitis

480 1790 600 1867 qua:
644 1790 714 1848 ibi
762 1805 929 1867 gesta:_
964 1801 1086 1846 sunt
1123 1790 1307 1867 rebus,
1341 1791 1727 1867 Chrysaphiurn
1766 1790 1976 1867 quidem

479 1858 1015 1934 occideritfgravitcr
1055 1872 1231 1934 autem
1273 1863 1328 1914 iu
1374 1858 1979 1934 conjugent-Eudociam

480 1930 798 1992 commotus'
825 1936 1004 2003 fuerit.
1049 1932 1194 1985 Idem
1239 1947 1472 2003 sororcnt
1519 1930 1853 2003 Pulcheriam
1896 1944 1980 1980 re-

481 2016 632 2060 vocat
661 2022 679 2059 :
707 2001 832 2074 quin
854 2003 1168 2074 Flavianum
1195 2018 1373 2074 secum
1406 2002 1671 2074 adducens
1698 2001 1900 2074 sepelit,
1927 2006 1978 2050 et

481 2080 536 2131 in
569 2077 683 2146 foro
719 2068 914 2128 irrario
946 2072 1228 2142 inagniﬁce
1273 2071 1367 2124 Dei
1402 2071 1686 2128 Geuitricis
1725 2068 1978 2136 templum

478 2147 678 2203 condit.

477 2271 608 2329 Post
643 2269 1028 2341 praedatoriam
1079 2269 1224 2322 illam
1263 2267 1536 2338 synodum
1576 2265 1782 2321 Leonis
1825 2281 1980 2336 papa

404 2367 567 2436 legati
626 2366 716 2418 vix
777 2365 1002 2417 Romam
1057 2371 1346 2425 venerant,
1391 2378 1515 2416 cum
1569 2362 1649 2416 illi
1699 2360 1979 2431 quomodo

404 2460 576 2530 ipsius
623 2458 821 2512 littera:
861 2457 1106 2526 reiectae,
1150 2466 1208 2511 et
1257 2456 1460 2524 iniquae
1510 2455 1803 2510 sententia:
1854 2455 1979 2509 latae

403 2560 612 2613 essent,
653 2558 914 2619 praeterea
955 2547 1202 2602 Dioscori
1229 2555 1286 2602 et
1337 2547 1668 2616 Chrysaphii
1714 2561 1980 2616 arrogan-

406 2655 512 2699 tem
548 2640 963 2703 conﬁdentiam,
989 2651 1044 2694 et
1076 2648 1134 2692 ut
1164 2637 1240 2691 illi
1269 2638 1516 2691 divinum
1550 2641 1729 2690 virum
1763 2636 1978 2691 Flavia-

404 2750 535 2789 num
635 2733 992 2795 neeaverint,
1081 2744 1410 2799 exposuere.
1505 2729 1710 2798 Eisque
1811 2726 1978 2782 rebus

409 2827 762 2899 perturbatus
813 2826 959 2890 Leo,
1013 2824 1479 2896 lacrymabundus
1529 2822 1976 2880 Valentinianum

407 2921 661 2975 Placidia:
723 2917 920 2982 ﬁlium,
984 2917 1171 2971 Romae
1234 2916 1416 2970 adhuc
1482 2916 1870 2986 imperantem,
1923 2923 1979 2969 et

407 3013 569 3068 simul
602 3011 896 3066 Theodosii
927 3020 1094 3080 atque
1131 3008 1408 3071 Eudoeiaa,
1443 3023 1566 3077 qua:
1600 3007 1766 3062 etiam
1805 3006 1978 3060 Athe-

406 3105 527 3160 nais
582 3103 728 3157 dicta
784 3100 985 3165 fuerat,
1043 3100 1208 3153 filiam
1259 3097 1563 3152 Eudoxiam
1608 3098 1765 3163 adiit,
1799 3107 1854 3152 et
1907 3097 1978 3152 ab

407 3195 542 3266 ipsis
599 3193 792 3262 petiit,
843 3201 903 3244 ut
954 3189 1022 3244 ad
1071 3189 1449 3243 Theodosium
1485 3189 1696 3241 litteras
1751 3189 1974 3254 darent,

407 3286 608 3356 quibus
637 3283 726 3336 ille
758 3282 823 3334 ad
870 3281 1238 3335 universalem
1275 3281 1548 3350 synodum
1587 3279 1747 3333 aliam
1781 3294 1980 3350 cogen-

407 3379 534 3435 dam
586 3385 904 3432 moveretur
953 3389 968 3426 :
1025 3373 1077 3427 in
1130 3388 1237 3441 qua
1288 3373 1541 3443 synodo,
1597 3387 1718 3441 qua:
1773 3371 1977 3442 Ephesi

409 3480 608 3543 praeter
631 3465 1039 3523 ecclesiasticas
1071 3463 1501 3519 constitutiones
1533 3478 1822 3538 perperam
1854 3471 1975 3516 acta

403 3565 646 3624 fuerant,
672 3560 775 3614 rite
816 3558 1251 3625 corrigerentur.
1285 3554 1365 3609 Illi
1397 3570 1427 3610 a
1475 3553 1656 3609 Leone
1707 3553 1973 3624 persuasi,

402 3653 584 3709 statim
613 3653 679 3706 ad
713 3648 1084 3704 Theodosium
1139 3647 1437 3716 scripsere.
1499 3645 1767 3715 petitione
1824 3660 1978 3714 papa:

404 3746 604 3801 litteris
659 3743 886 3797 inserta.
959 3738 1024 3794 Et
1089 3737 1435 3792 Theodosius
1522 3735 1645 3789 illim-
1717 3735 1977 3789 Eudoxiae

404 3836 734 3900 rescriheus,
763 3834 879 3887 htec
905 3846 1122 3902 quoque
1148 3829 1312 3883 verba
1347 3827 1553 3882 addidit
1590 3844 1602 3880 :
1634 3847 1651 3878 ι
1687 3827 1819 3880 Illud
1846 3842 1977 3880 vero

403 3929 728 3987 suavitatem
789 3936 937 3980 tuatu
992 3921 1137 3977 scire
1182 3921 1340 3982 volo,
1391 3920 1711 3973 Flavianum
1786 3919 1975 3971 divino

398 4023 608 4096 judicio
647 4036 715 4076 ex
754 4017 921 4074 rebus
945 4014 1206 4069 humanis
1240 4012 1521 4067 sublatum
1562 4026 1707 4077 esse,
1744 4019 1803 4064 ut
1838 4025 1972 4064 con-

404 4113 672 4171 troversia
747 4123 801 4167 et
867 4107 1152 4164 contentio
1224 4115 1537 4161 sanctarum
1615 4103 1972 4158 ecclesiarum

401 4211 583 4262 omnis
609 4204 985 4273 conquiescat.
1021 4221 1038 4252 ι
1072 4197 1280 4252 Deinde
1309 4212 1440 4251 vero
1475 4195 1844 4260 Theodosius,
1879 4194 1970 4248 ubi

405 4317 461 4356 re
493 4313 676 4354 secum
703 4310 990 4366 perpensa.
1017 4308 1075 4348 se
1103 4290 1425 4362 Chrysaphii
1459 4287 1656 4344 astutia
1682 4288 1973 4357 deceptum

403 4405 521 4446 esse
551 4388 841 4457 comperit,
881 4399 1144 4455 perquam
1181 4382 1421 4452 graviter
1469 4391 1526 4435 et
1557 4382 1888 4451 impietatem
1918 4381 1973 4434 in

2670 1602 2919 1658 ΚΕΦΑΛ.
2950 1602 3086 1658 MO’.

2099 1711 2198 1780 Ὠς
2225 1714 2377 1784 μετὰ
2391 1715 2516 1790 Δτὴν
2548 1717 2900 1785 λῃστρικὴν
2931 1717 3200 1790 σύνοδον
3232 1723 3416 1790 Γνοὺς
3459 1723 3681 1778 Θεοδό-

2154 1801 2303 1872 σιος.
2342 1787 2416 1838 τὰ
2437 1791 2782 1872 λεγόμενα.
2831 1788 3194 1872 Χρυσιξφιοζ
3213 1787 3371 1872 λέὲν.
3392 1787 3626 1872 auehi-er
3661 1814 3676 1827 ·

2148 1855 2388 1932 ,ϐαρέως
2425 1855 2494 1910 δὲ
2518 1855 2670 1932 κριὸς
2698 1857 2813 1932 sine
2838 1855 3106 1932 γαμετὴν
3150 1855 3457 1932 εὐδοκίαν
3490 1865 3674 1932 gpépeo

2157 1927 2700 2014 ζαῇοιὰζακαῖλεῖξαι
2730 1927 2857 2008 δὲ]
2868 1929 2942 1994 ὴν
2950 1928 3072 2014 fisz
3083 1932 3156 1996 ,ιφ
3167 1927 3678 2014 i¢r_IIov.1Ze:glbr,

2157 1998 2570 2071 ἣ-Φλαϐιανρν
2597 1999 2914 2066 ἀγαγοῦσα
2945 1996 3151 2071 θάπτει
3176 2017 3188 2029 ·
3226 1996 3551 2071 armis}
3574 1996 3675 2058 καί

2154 2069 2263 2141 τὸν
2311 2069 2381 2141 ἐξιν-
2428 2068 3114 2141 τοῖς-χααικοπρατείοις
3155 2068 3519 2140 πολυτελῶς
3565 2073 3674 2141 τῆς

2155 2139 2449 2192 Θεοτόκου
2482 2138 2654 2191 νεών.

2153 2268 2313 2323 Μετὰ
2333 2269 2433 2339 τὴν
2455 2267 2757 2340 λῃστρικὴν
2782 2267 2999 2323 σύνοδον
3020 2272 3069 2324 oi
3094 2271 3187 2325 τοῦ
3210 2274 3438 2337 Λέοντος
3464 2279 3659 2331 πάππα

2081 2363 2456 2430 τοποτηρηταὶ
2479 2400 2492 2423 ,
2530 2359 2684 2428 μόλις
2715 2359 2816 2430 τὴν
2851 2360 3072 2431 Ῥώμην
3107 2364 3500 2430 καταλαϐόντες
3522 2409 3537 2432 ,
3570 2370 3652 2439 τῷ
3687 2373 3702 2380 ’

2080 2454 2274 2507 Λέοντι
2303 2454 2491 2506 πάντα
2516 2452 2874 2522 ἁνήγγειλαν,
2897 2452 3048 2516 ὅπως
3079 2472 3138 2506 τε
3172 2457 3240 2508 τὰ
3274 2459 3473 2512 ἐκείνου
3507 2479 3658 2532 παρ-

2082 2543 2242 2614 ώφθη
2291 2543 2596 2614 γράμματα
2624 2584 2639 2608 ,
2690 2543 2771 2597 ἔτι
2820 2543 2879 2596 δὲ
2931 2544 3024 2596 καὶ
3078 2546 3178 2612 τὴν
3227 2548 3410 2600 ἄδικον
3453 2550 3666 2617 ψῆφον,

2081 2637 2178 2689 καὶ
2208 2636 2270 2689 τὸ
2303 2636 2504 2704 θράσος
2537 2636 2832 2705 Διοσκόρου
2869 2636 2963 2689 καὶ
3019 2636 3370 2707 Χρυσαφίιυ,
3407 2642 3501 2692 καὶ
3534 2645 3607 2702 ὡς
3641 2643 3670 2693 6

2071 2727 2224 2788 ¹θεῖος
2267 2726 2536 2796 ἐφονεὺθη
2583 2725 2906 2789 Φλαδιανός.
2949 2722 3047 2790 Οἷς
3088 2729 3116 2780 ὁ
3159 2729 3315 2782 Λέων
3355 2733 3672 2802 περιπαθὴς

2079 2820 2325 2890 γεγονὼς
2345 2861 2361 2886 ,
2391 2819 2835 2889 Οὐαλεντινιανῷ
2866 2820 2944 2890 τῷ
2980 2822 3281 2882 Πλακιδίας
3318 2825 3538 2894 υἱῷοέτι
3572 2831 3673 2898 τῆς

2092 2909 2311 2981 Ῥώμης
2346 2911 2676 2982 κατάρχοντι
2719 2911 2936 2979 σύναμα
2973 2913 3038 2982 τῇ
3079 2912 3170 2964 τοῦ
3213 2915 3336 2967 νέου
3380 2916 3668 2970 Θεοδοσίου

2073 3003 2314 3072 θυγατρὶ
2346 3003 2577 3073 Εὑδοξξᾳ
2597 3042 2611 3068 ,
2645 3002 2738 3055 καὶ
2773 3002 3038 3065 Εὑδοκίας
3064 3003 3162 3074 τῆς
3193 3005 3286 3058 καὶ
3311 3007 3633 3078 Ἀθηναῖδος
3653 3050 3667 3072 ,

2081 3094 2334 3163 πρόσεισι
2367 3095 2603 3164 δάκρυσι
2640 3097 2855 3164 πλήρης
2879 3109 2896 3125 ⁸
2931 3093 3054 3162 ᾔτει
3084 3112 3144 3147 τε
3185 3096 3414 3167 βασιλέα
3451 3103 3545 3151 καὶ
3582 3101 3674 3169 βα-

2089 3185 2292 3247 σιλίδας
2318 3186 2514 3249 αὐτὰς,
2543 3185 2691 3238 ὥστε
2721 3187 2859 3254 πρὸς
2885 3187 3163 3241 Θεοδόσιον
3189 3191 3447 3259 γράφειν,
3477 3194 3673 3262 ἑτέραν

2089 3274 2306 3328 σύνοδον
2349 3276 2740 3346 οίκουμενικήν
2781 3277 3096 3348 ἁθροίζειν,
3140 3283 3232 3333 καὶ
3270 3284 3340 3335 τὰ
3387 3288 3543 3354 παρὰ
3585 3287 3674 3338 θε-

2089 3369 2226 3438 σμὸν
2250 3367 2710 3435 ἐκκλησιαστικὸν
2731 3371 2791 3420 ἐν
2813 3367 3026 3440 Ἐφέσῳ
3051 3374 3396 3442 γεγενημένα
3419 3377 3671 3446 διορθοῦν

2085 3461 2365 3530 ἀσφαλῶς.
2400 3463 2460 3514 Oi
2495 3461 2553 3514 δὲ
2591 3461 2946 3528 πεισθέντες,
2981 3463 3254 3538 Θεοδοσίῳ
3288 3470 3448 3534 εὐθὺς
3480 3471 3674 3526 ἔστελ-

2085 3553 2176 3605 λον
2196 3592 2211 3615 ,
2243 3554 2345 3622 τὴν
2377 3551 2470 3605 τοῦ
2509 3553 2716 3605 πάππα
2754 3554 3055 3620 πρεσϐείαν
3088 3558 3258 3629 δήλην
3291 3562 3666 3628 ἐγκαθιστῶν·

2085 3665 2194 3709 τες.
2222 3647 2284 3701 Ὀ
2308 3648 2354 3701 δ’
2373 3651 2727 3718 ἀντιγράφων
2750 3655 2814 3722 τῇ
2842 3652 3073 3723 θυγατρὶ
3098 3654 3346 3723 Εὑδοξίᾳ,
3371 3659 3461 3708 καὶ
3483 3656 3668 3710 ταῦτα

2085 3741 2225 3793 κατὰ
2257 3739 2402 3805 λέξιν
2439 3743 2712 3812 ἐπέφερεν
2737 3760 2751 3774 ·
2794 3763 2814 3796 ι
2857 3744 3030 3798 Τοῦτο
3061 3745 3117 3798 δὲ
3153 3750 3218 3815 τῇ
3257 3751 3322 3817 σῇ
3358 3748 3668 3818 γλυκύτητι

2084 3833 2350 3903 γνωρίσαι
2391 3833 2692 3905 βούλομαι,
2725 3836 2810 3888 ὅτι
2842 3836 3144 3900 Φλαδιανδς
3178 3836 3304 3907 θεία⁴
3339 3840 3523 3908 κρίσει
3557 3843 3667 3893 τῶν

2083 3925 2443 3993 ἀνθρωπίνων
2475 3927 2728 3997 ἀφῃρέθη
2775 3927 3116 3998 πραγμάτων
3142 3946 3157 3961 ο
3192 3931 3340 3994 ὅπως
3373 3935 3526 3986 πᾶσα
3561 3937 3666 4002 ἀμ-

2085 4017 2305 4086 φιϐολία
2344 4019 2435 4070 καὶ
2476 4019 2785 4088 φιλονεικία
2825 4019 2936 4072 τῶν
2979 4020 3142 4088 ιερῶν
3181 4022 3488 4093 ἐκκλησιῶν
3529 4029 3663 4078 ἁπο-

2083 4109 2292 4180 παυθῇ.
2333 4127 2351 4160 ι
2382 4109 2666 4162 Ἐντεῦθεν
2697 4110 3152 4180 ἐπιλογισάμενος
3183 4112 3465 4178 Θεοδόσιος
3492 4116 3570 4180 ὡς
3595 4122 3666 4189 τῇ

2083 4200 2406 4270 Χρυσαφέου
2448 4202 2759 4271 πανουργίᾳ
2799 4203 3146 4273 ἁπατηθείη,
3183 4204 3301 4258 λίαν
3337 4208 3666 4275 ἐχαλέπαινε

2080 4291 2180 4361 τῆς
2209 4308 2266 4342 τε
2297 4291 2374 4353 είς
2403 4291 2702 4346 Φλαὸιανὺν
2733 4293 3022 4360 ἀσεδείας,
3051 4295 3146 4348 καὶ
3176 4296 3277 4365 τῆς
3307 4301 3386 4360 είς
3414 4301 3539 4362 τοὺς
3569 4303 3668 4354 ἁλ-

2082 4384 2206 4446 λους
2243 4385 2350 4436 τῶν
2385 4385 2704 4437 ἐπισκόπων
2745 4385 2983 4454 ἁδέσμου
3029 4389 3317 4456 παροινίας
3357 4392 3451 4443 καὶ
3489 4408 3663 4445 καταο

403 4481 665 4541 Flaviauo
693 4485 1090 4548 perpetratatu,
1139 4483 1196 4529 et
1248 4474 1374 4527 aliis
1429 4473 1708 4542 episcOpis
1763 4473 1974 4527 nefarie

2091 4477 2336 4543 κρίσεως.
2375 4476 2484 4528 Καὶ
2524 4475 2588 4545 δὴ
2630 4476 2706 4545 μὴ
2747 4473 2857 4539 οἷός
2891 4495 2948 4530 τε
2989 4476 3065 4530 ὢν
3097 4479 3160 4532 τὸ
3197 4479 3408 4534 λυποῦν
3439 4482 3652 4545 sitim-

404 4574 610 4629 illatam
644 4569 1038 4627 contumeliam
1084 4576 1139 4621 et
1184 4564 1700 4622 condemnationem
1735 4564 1881 4619 tulit.
1911 4565 1978 4619 Et

402 4683 524 4722 cum
559 4664 736 4719 dolori
763 4677 862 4716 suo
886 4659 1088 4714 mederi
1113 4675 1221 4713 non
1253 4666 1458 4727 posset,
1493 4657 1544 4709 in
1570 4655 1973 4726 Chrysaphium

402 4757 707 4827 legitimqu
738 4755 1049 4824 iustumque
1081 4748 1279 4804 eﬂ'udit
1305 4747 1568 4802 furorem.
1604 4746 1792 4816 Itaque
1821 4747 1974 4802 illum

404 4850 640 4920 primum
682 4845 978 4915 dignitate,
1033 4857 1159 4896 mox
1213 4841 1381 4896 etiam
1452 4839 1758 4894 substantia
1826 4841 1974 4894 omni

401 4940 721 5009 spoliatum,
775 4939 831 4992 in
885 4936 1122 4990 insulam
1149 4931 1444 5003 quamdam
1479 4931 1763 5004 relegavit.
1811 4930 1974 5003 554

401 5035 573 5102 Cujus
613 5029 882 5102 judicium
938 5025 1088 5095 quod
1149 5024 1396 5080 cmlestis
1445 5037 1668 5092 quoque
1729 5023 1974 5078 ealculus

401 5123 811 5192 comprobaret,
858 5119 910 5172 in
951 5116 1089 5172 mari
1141 5115 1488 5184 navigantem
1537 5122 1826 5168 assecutus
1867 5123 1972 5168 est.

403 5219 598 5272 l‘ostea
645 5213 934 5283 conjugem
997 5224 1222 5279 quoque
1279 5205 1578 5260 Eudociam
1636 5221 1733 5274 per
1787 5223 1970 5260 acrem

401 5307 840 5378 objurgatiouem
867 5303 1006 5356 male
1039 5299 1332 5354 admodum
1357 5297 1592 5366 accepit,
1623 5298 1828 5366 quippe
1852 5315 1973 5367 qua:

403 5403 668 5455 malorum
701 5393 1158 5451 invalescentium
1200 5405 1366 5446 causa
1423 5389 1641 5443 fuisset.
1698 5391 1776 5443 Ad
1833 5390 1970 5457 ha-c,

403 5493 656 5562 injuriam
702 5503 924 5559 quoque
973 5500 1245 5557 germana:
1300 5499 1412 5538 sua:
1465 5481 1793 5549 Pulcherim,
1849 5500 1972 5552 quae

401 5587 446 5651 ej
493 5601 519 5636 s
553 5598 717 5644 opera
749 5580 1018 5649 imperiali
1048 5578 1171 5631 aula
1201 5577 1378 5648 ejecta
1415 5585 1585 5640 esset,
1619 5576 1818 5629 laetam
1869 5577 1968 5630 ad-

399 5676 532 5743 jecit
561 5690 575 5724 :
603 5681 766 5740 atque
796 5672 1022 5738 insuper
1047 5669 1190 5723 illam
1223 5668 1292 5721 de
1314 5667 1544 5720 Paulino
1568 5667 1970 5735 suspicionem,

405 5778 461 5824 et
491 5761 863 5843 contentionis
889 5761 1119 5824 malum,
1155 5759 1511 5815 vehementer
1551 5772 1670 5812 eam
1704 5759 1976 5827 perstrin-

2084 4567 2228 4633 σθαι,
2275 4568 2414 4620 κατά
2459 4569 2784 4638 Χρυσαφίου
2833 4571 2924 4622 τὸν
2972 4569 3182 4622 ἔνδικον
3227 4573 3416 4625 ἐκένου
3455 4573 3653 4642 θυμόν.

2081 4660 2378 4729 Γυμνώσας
2411 4655 2503 4712 οὖν
2531 4659 2697 4712 αὐτὸν
2729 4659 3010 4729 πρώτιστα
3042 4662 3142 4730 τῆς
3175 4663 3352 4733 ἀρχῆς
3373 4703 3389 4727 ,
3421 4667 3514 4717 καὶ
3545 4667 3659 4718 τῶν

2077 4750 2246 4804 ὄντων
2275 4753 2681 4822 ἀποστερήσας,
2707 4755 2786 4816 εἷς
2817 4772 2942 4808 τινα
2971 4755 3080 4808 τῶν
3111 4759 3294 4826 νήσων
3323 4759 3653 4829 ἐξέπεμπεν.

2091 4844 2477 4914 Ἐπικρίνουσα
2513 4847 2569 4899 δέ
2602 4847 2698 4899 καὶ⁵
2730 4848 2762 4916 ἡ
2797 4847 3004 4901 ἄνωθεν
3034 4850 3214 4919 ψῆφος
3245 4851 3347 4922 τὴν
3378 4853 3567 4926 δίκην,
3600 4857 3660 4906 ἐν

2079 4939 2200 5000 ταῖς
2243 4937 2556 5002 θαλαττίαις
2600 4939 2984 5009 κατελάμϐανε
3025 4942 3250 5011 τρίὸοις.
3286 4946 3520 5000 Ἔπειτα
3565 4955 3654 5001 καὶ

2079 5030 2144 5098 τῇ
2190 5031 2408 5098 γαμετῇ
2459 5030 2692 5100 Εὺδοκίᾳ.
2754 5031 3002 5102 σφοδρῶς
3061 5036 3206 5103 μάλα
3254 5040 3652 5107 προσφέρεται,

2078 5115 2275 5188 οἷάπερ
2311 5121 2460 5192 αἰτίᾳ
2499 5121 2844 5192 γεγενημένῃ
2881 5123 2988 5176 τῶν
3023 5127 3515 5197 ἐπεισφρησὰντων
3549 5133 3662 5184 δει-

2079 5211 2185 5264 νῶν
2211 5227 2224 5240 °
2261 5209 2343 5275 οἷς
2386 5215 2480 5267 καὶ
2513 5215 2580 5264 τὰ
2625 5215 2767 5266 κατὰ
2802 5215 2900 5284 τὴν
2937 5220 3274 5288 κασιγνήτην
3313 5223 3652 5290 ιΙουλχερέαν

2079 5301 2364 5372 προσῆγε,
2397 5301 2466 5353 δι’
2521 5303 2697 5372 αὐτῆς
2750 5304 2862 5358 τῶν
2915 5308 3210 5375 βασιλείων
3261 5312 3651 5370 ἀπελαθςίσαν.

2081 5391 2404 5460 Προσεπῆγε
2435 5391 2494 5444 δὲ
2524 5393 2621 5444 καὶ
2651 5393 2717 5445 τὰ
2749 5396 2890 5450 κατὰ
2923 5397 3194 5451 Παυλῖνον
3214 5441 3228 5466 ,
3265 5406 3358 5453 καὶ
3392 5404 3448 5456 τὸ
3481 5402 3655 5471 μῆλον

2079 5489 2256 5539 ἐκεῖνο
2278 5492 2378 5556 τῆς
2406 5486 2605 5556 ἔριδος,
2631 5487 2906 5551 ὀνειδίζων
2939 5488 3146 5559 σφόδρα
3176 5491 3274 5543 καὶ
3303 5492 3653 5560 καθαπτόμε-

2078 5596 2187 5640 νος.
2233 5579 2298 5632 Ἢ
2345 5577 2389 5630 δ’
2419 5577 2738 5646 ἀπογνοῦσα
2789 5579 2882 5631 καὶ
2934 5583 2992 5632 ἐν
3039 5581 3221 5650 πολλῷ
3265 5581 3375 5635 δέει
3425 5599 3650 5650 γεγενη-

2080 5672 2243 5741 μένη,
2276 5670 2378 5742 τὴν
2407 5672 2502 5724 ἐπὶ
2530 5671 2598 5723 τὰ
2633 5669 2984 5740 Ἰεροσόλυμα
3013 5674 3134 5744 ᾔτει
3167 5677 3518 5730 στέλλεσθαι·
3550 5679 3646 5745 irit;

2076 5762 2234 5816 τοῦτο
2272 5763 2363 5815 καὶ
2405 5762 2676 5832 πρότερον
2713 5765 3104 5836 ἐπηγγελμένη
3141 5766 3296 5836 Θεῷ,
3331 5769 3381 5819 εἴ
3417 5783 3472 5834 γε
3515 5783 3646 5835 μνη-
