3910 6218
374 496 378 501 .
469 446 606 509 1235
1074 433 1080 438 ’
1693 451 2109 512 NICEPIIORI
2144 451 2484 513 CALLISTI
3574 445 3696 507 ιειδ

462 555 612 610 varia
650 555 866 631 vivendi
904 555 1042 609 ratio
1100 572 1113 608 :
1172 557 1268 611 sed
1327 558 1409 612 ha:
1457 559 1523 613 ad
1577 577 1746 615 unum
1798 578 2006 631 prorsus

2154 562 2234 631 ’ὰρ
2255 561 2393 631 ὁμοῦ
2421 561 2667 624 διαζῶσι,
2702 560 2892 631 μηδενὶ
2917 560 3026 613 τῶν
3046 560 3100 621 ἐς
3135 562 3238 626 γῆν
3290 560 3567 612 νευόντων
3609 577 3698 612 κα-

463 649 684 720 pietatis
731 650 892 702 linem
954 657 1220 715 spectant.
1275 649 1506 714 Quidam
1553 668 1788 721 namque
1861 653 1999 707 simu

2155 655 2489 725 πασυρόμενοι
2515 671 2528 684 ο
2559 656 2616 707 ἐν
2636 648 2715 717 οἷς
2741 656 2804 706 οὐ
2855 653 3080 724 χρυσὸς,
3113 653 3233 705 οὑδέ
3276 669 3330 704 τι
3363 653 3476 704 τῶν
3535 651 3699 705 ἄλλων

462 740 671 796 eisdem
697 740 752 794 in
775 740 984 798 tediths
1010 740 1221 804 vivunt,
1253 755 1311 797 re
1344 743 1492 796 nulla
1519 758 1642 812 qua:
1678 744 1935 798 homines
1971 743 2006 796 ii

2156 746 2508 809 ιεταλλικῶν,
2559 745 2678 797 ἀλλ’
2708 736 2830 797 ὀὐδ’
2892 744 3058 811 ἐσθὴς
3114 745 3421 810 ίδιάζουσα,
3480 746 3608 798 οὲδέ
3655 763 3700 797 τι

464 841 667 885 terram
695 830 955 901 deprimit
983 831 1258 887 distracti.
1305 833 1462 902 Apud
1495 831 1597 888 hos
1631 850 1806 903 neque
1831 849 2008 888 aurun

2157 838 2262 890 ίλλο
2296 837 2406 889 τῶν
2435 837 2534 889 ὅσα
2566 835 2774 888 σαίνειν
2802 830 2909 888 οἵδε
2959 835 3229 904 γαστέρα.
3279 837 3344 888 ὐ
3387 837 3499 904 γὰρ
3555 829 3701 896 οἶτος

463 933 567 988 est,
603 937 780 991 neque
807 922 956 985 aliud
999 923 1295 993 quodpiam
1343 925 1658 990 metallum;
1699 927 1796 979 sed
1852 940 2007 994 neqm

2159 929 2372 999 rﬁpspov
2404 917 2691 998 τριϐώνιον
2727 927 2758 998 ἦ
2792 927 3032 995 ἐξωμίδα
3089 926 3270 995 φέρει,
3327 925 3525 996 αὔριον
3585 927 3703 990 ίδοις

465 1017 632 1068 vestis
658 1014 890 1085 alicujus
914 1016 1160 1084 pr0pria,
1203 1031 1382 1085 neque
1409 1032 1592 1070 rerum
1618 1017 1847 1070 aliarum
1874 1015 2004 1086 quid

2159 1021 2202 1071 iv
2235 1019 2420 1086 ἕτερον
2453 1018 2872 1088 ἀμπεσχόμενον
2907 1033 2923 1050 ο
2955 1017 3030 1079 ὡς
3078 1016 3396 1080 λογίζεσθαι
3437 1018 3565 1079 ἑνὸς
3619 1019 3703 1070 καὶ

464 1122 652 1176 quam,
707 1106 854 1175 quod
910 1114 1158 1160 ventrem
1205 1107 1538 1163 demulceat.
1587 1109 1742 1174 Quod
1797 1125 2008 1176 namqut

2161 1111 2264 1163 ιίαν
2296 1109 2556 1176 εἶναιτὴν
2607 1110 2830 1162 πάντων
2861 1107 3086 1176 ἐσθῆτα,
3119 1108 3214 1160 καὶ
3245 1107 3345 1178 τὴν
3377 1103 3538 1170 αὖθις
3596 1109 3705 1169 ἑνὸς

465 1195 632 1250 hodie
661 1196 880 1266 pallium
913 1207 1006 1257 aut
1038 1196 1319 1257 humerale
1351 1198 1440 1254 hic
1465 1199 1589 1260 fert,
1619 1215 1685 1253 eo
1709 1215 1832 1254 cras
1863 1200 2009 1254 aliun

2160 1202 2416 1255 ιπάντων.
2447 1202 2660 1255 Ἀπασι
2683 1201 2738 1253 δὲ
2772 1199 2929 1268 κοινὴ
2979 1199 3228 1269 τράπεζα
3288 1201 3605 1269 πρόκειται,
3651 1201 3704 1252 οὗ

468 1287 722 1340 indutum
752 1289 1061 1357 conspicias
1099 1305 1113 1342 :
1145 1288 1285 1345 adeo
1321 1299 1380 1342 ut
1414 1291 1576 1345 unius
1608 1299 1817 1346 vestem
1865 1308 2011 1345 unan

2162 1293 2458 1362 ιαρυκείαις
2489 1293 2602 1344 τισὶ
2633 1293 2724 1345 καὶ
2755 1292 3022 1353 ποικίλοις
3080 1292 3346 1360 ἐδέσμασι
3393 1291 3465 1343 τὰ
3509 1292 3706 1359 ὕπογᾶ-

467 1379 734 1445 omnium,
793 1391 847 1434 et
899 1398 1117 1444 rursum
1172 1384 1420 1440 omnium
1475 1384 1642 1440 unius
1683 1399 1806 1439 esse
1855 1395 2011 1454 putes

2165 1399 2300 1452 [τρια
2330 1380 2760 1451 γαργαλίζουσα,
2799 1380 2933 1433 ἀλλὰ
2997 1379 3224 1449 βραχέσι
3276 1379 3560 1449 λαχάνοις,
3622 1380 3709 1431 καί

468 1471 736 1526 Omnibus
776 1483 957 1527 autem
983 1477 1292 1533 communis
1318 1477 1644 1545 preponitur
1679 1492 1888 1541 mensa,
1925 1492 2012 1530 nol

2165 1492 2282 1527 τισιν
2328 1473 2600 1544 ὀσπρίοις,
2663 1474 2759 1525 καὶ
2817 1472 3066 1532 τούτοις,
3118 1474 3244 1524 ὅσον
3288 1472 3502 1541 ἀποζῆν
3559 1473 3709 1540 μόνον

469 1561 710 1616 conditis
752 1564 1030 1639 variisque
1065 1574 1123 1620 et
1157 1567 1450 1635 exquisitis
1497 1568 1745 1630 cibariis,
1786 1583 1882 1623 eas
1911 1584 2013 1638 qua

2170 1567 2481 1637 εξιουμένη.
2510 1568 2706 1621 Κοιναὶ
2728 1565 2786 1619 δὲ
2809 1565 2993 1628 αὐτοῖς
3045 1567 3152 1618 εἱσι
3206 1565 3302 1617 καὶ
3324 1566 3380 1616 αί
3415 1565 3555 1635 πρὸς
3587 1565 3712 1616 θεὸν

471 1655 576 1709 sub
608 1665 803 1712 ventre
837 1667 965 1719 sunt
993 1659 1246 1726 Corporis
1275 1670 1458 1729 partes
1483 1661 1550 1715 ad
1599 1661 1882 1716 lasciviam
1916 1661 2015 1714 irrit

2176 1660 2303 1724 ιταὶ,
2325 1659 2392 1711 δι’
2424 1658 2639 1727 ἡμέρας
2672 1657 2765 1709 καὶ
2797 1656 2926 1724 ὅλης
2958 1658 3153 1716 νυκτὸς
3185 1656 3450 1717 πολλάκις
3482 1655 3595 1706 δέει
3625 1655 3715 1706 καὶ

475 1757 616 1813 tans,
649 1749 744 1802 sed
779 1749 966 1817 paucis
983 1751 1312 1820 quihusdam
1344 1751 1590 1809 oleribus
1617 1761 1783 1823 atque
1811 1753 2019 1823 legumi‘

2170 1749 2566 1818 :atsom).pévm
2603 1747 2681 1818 τῷ
2704 1747 2824 1818 {flet
2858 1747 3162 1814 γινόμεναι.
3204 1745 3363 1799 Οὕτω
3387 1748 3446 1798 δὲ
3478 1747 3578 1798 καὶ
3607 1748 3714 1807 τοῖς

474 1839 659 1904 nibus,
695 1849 956 1908 quantum
992 1843 1056 1896 ad
1088 1844 1268 1900 vitam.
1295 1845 1488 1899 saltem
1533 1845 1870 1899 tolerandam
1901 1845 2018 1899 satis

2176 1843 2330 1904 πόνοις
2364 1842 2504 1907 σφᾶς
2541 1839 2738 1902 αὐτοὺς
2770 1838 3139 1901 ἔκπιέζουσιν,
3166 1838 3242 1900 ὡς
3293 1839 3555 1906 ἄντικρυς
3593 1838 3720 1901 ζῶν-

476 1931 565 1992 sit,
593 1931 850 1994 convivas
880 1933 1181 2001 excipiens.
1219 1936 1550 1990 (Jouimunes
1578 1935 1768 1990 itidem
1796 1936 1878 1990 eis
1912 1950 2013 1989 sun

2177 1950 2240 1995 ας
2269 1929 2656 2000 εἶναινεκροὺς
2678 1932 2820 2001 ὑπὲρ
2842 1932 2966 1998 γῆν.
3009 1923 3168 1982 Οὗτοι
3194 1930 3249 1982 δὲ
3303 1931 3576 1990 πολλάκις
3633 1933 3721 1981 καὶ

477 2021 542 2070 ad
576 2021 741 2073 Deum
781 2024 1214 2091 supplicationes
1240 2035 1294 2078 et
1329 2041 1542 2095 preces,
1593 2042 1730 2095 quas
1775 2025 2014 2080 interdiu

2181 2029 2226 2087 ις
2257 2025 2353 2078 καὶ
2383 2026 2499 2094 τρὶς
2535 2023 2901 2094 ὑπερθέμενοι
2937 2023 3048 2074 τῶν
3089 2022 3299 2090 ἡμερῶν
3330 2037 3345 2050 ’
3398 2023 3509 2073 εἰσὶ
3564 2023 3628 2074 δὲ
3678 2019 3725 2072 οἳ

477 2122 532 2164 et
561 2127 703 2180 Stepe
725 2115 889 2170 etiam
927 2126 1088 2174 nocte
1116 2125 1250 2182 tota,
1279 2133 1404 2172 cum
1437 2119 1656 2183 timore,
1696 2119 1882 2173 habitu
1934 2127 2014 2172 sta

2176 2114 2241 2166 :a‘t
2301 2115 2606 2182 πεμπταῖοι
2665 2113 2759 2165 καὶ
2817 2110 2953 2181 πρὸς
3012 2109 3342 2162 διατελοῦσιν
3403 2111 3720 2176 ἀγευστοι·

483 2213 650 2274 tuque
700 2205 948 2274 corporis
1004 2208 1302 2274 submisso,
1355 2220 1640 2280 peragunt.
1697 2209 1906 2264 Labore
1958 2225 2027 2264 se«

2177 2205 2302 2267 ιὸλις
2333 2205 2390 2258 δὲ
2441 2205 2550 2256 τῶν
2580 2203 2896 2268 ἀκαγκαίων
2929 2202 3026 2253 καὶ
3082 2200 3288 2252 τούτων
3337 2200 3515 2267 φειδοῖ
3558 2201 3721 2268 πολλῇ

482 2298 631 2366 ipsos
666 2298 741 2352 ita
774 2298 1103 2365 conﬁciunt,
1139 2309 1197 2356 ut
1229 2301 1476 2355 viventes
1496 2279 1688 2361 adhuc
1732 2316 1899 2370 super
1937 2309 2026 2355 tera

2251 2313 2430 2350 :ov'cat.
2467 2295 2652 2347 Ἄλλοι
2679 2293 2725 2348 δ’
2759 2293 2853 2347 ἀπ’
2883 2293 3130 2354 ἐναντίας
3157 2293 3273 2352 τοῖς
3298 2291 3555 2358 ὁμιλαδὸν
3595 2309 3717 2342 συν-
3783 2279 3795 2287 ’

485 2403 598 2440 ram
654 2397 901 2443 mortuos
950 2406 1178 2459 prorsus
1230 2407 1351 2446 esse
1406 2391 1578 2446 dicas.
1634 2391 1675 2444 li
1737 2391 1935 2460 saepius
1993 2393 2029 2445 ir

2170 2389 2389 2444 ιικοῦσιν
2429 2391 2622 2451 ἰόντες,
2681 2387 2820 2454 σφᾶς
2849 2385 3049 2448 αὐτοὺς
3092 2384 3203 2436 τῶν
3260 2383 3466 2435 πολλῶν
3486 2384 3714 2452 ἀποκρξ-

489 2479 714 2531 biduum
747 2491 801 2532 et
834 2480 1076 2534 triduum
1107 2481 1384 2560 jejunium
1418 2481 1724 2557 proferunt.
1763 2481 1903 2536 Sunt
1948 2481 2033 2550 qui

2179 2499 2360 2544 οντες,
2390 2480 2514 2533 καθ’
2533 2481 2764 2541 ἑαυτοὺς
2789 2477 3064 2539 διαζῶσιν,
3089 2478 3355 2539 οίκίσκοις
3381 2478 3481 2528 τισὶ
3508 2475 3723 2545 βραχυ-

483 2571 680 2625 diebus
712 2571 976 2641 quinque,
1016 2581 1072 2628 et
1101 2575 1336 2644 longius,
1375 2576 1559 2628 cibum
1590 2591 1696 2628 non
1726 2575 2003 2645 attingunt

2184 2576 2344 2635 ςὰτοις
2401 2574 2628 2634 ἑαυτοὺς
2693 2574 2990 2640 είργοντες,
3024 2570 3117 2621 ἐπὶ
3149 2569 3314 2622 τόσον
3346 2571 3556 2638 εὐρυνο,
3587 2569 3728 2628 ἐνοις

486 2660 648 2731 556
668 2678 904 2732 eumque
933 2665 1152 2719 tandem
1184 2665 1518 2720 necessitate
1546 2674 1798 2736 urgente,
1830 2672 1888 2718 et
1927 2665 2030 2733 qui‘

2189 2667 2248 2720 αὶ
2277 2668 2354 2729 εἰς
2386 2665 2517 2734 ὕψος
2545 2663 2950 2733 ἐκφερομένοις,
2984 2662 3058 2724 ὡς
3087 2662 3214 2730 μηδ’
3235 2660 3602 2731 ἀνορθοῦσθαι
3623 2656 3728 2711 οἷόν

485 2750 610 2806 dem
639 2768 764 2806 cum
808 2755 1147 2823 parcimonia
1179 2757 1370 2820 multa,
1401 2767 1650 2810 sumunt.
1698 2756 1880 2825 Aliqui
1918 2770 2029 2809 veri

2189 2774 2211 2810 ε
2238 2760 2330 2810 καὶ¹
2353 2756 2450 2818 τὰς
2502 2756 2705 2816 κλίσεις
2731 2753 2974 2823 εὐχερῶς
3010 2755 3271 2822 πράττειν
3307 2767 3323 2782 ·
3355 2753 3649 2820 σπηλαίοις
3679 2752 3733 2804 δὲ

487 2849 708 2901 diverso
736 2831 917 2900 ab'eis
942 2847 1037 2916 qui
1075 2847 1150 2901 ita
1183 2849 1346 2901 simul
1382 2849 1576 2902 vivunt
1608 2847 1795 2912 modo,
1842 2847 2031 2916 seipsos

2187 2867 2262 2902 ισι
2287 2848 2381 2900 καὶ
2409 2850 2506 2916 τῆς
2536 2847 2639 2915 γῆς
2663 2847 2781 2904 ταῖς
2809 2839 3052 2917 ὀπαῖς,’ᾖ
3083 2863 3252 2914 φησιν
3297 2847 3325 2897 ό
3382 2844 3731 2908 Ἀπόστολος,

486 2956 514 2990 a
563 2938 748 2994 multis
793 2947 1186 3008 segregantes,
1255 2940 1484 2994 solitarii
1547 2940 1789 3009 degunt,
1839 2940 2030 3010 exigui:

2189 2939 2600 3012 μφωλεύοντες’
2651 2939 2700 2991 oi
2743 2938 2788 2991 δ’
2856 2937 3116 3007 ὕπαιθροι
3174 2937 3394 3006 θηρίοις
3458 2937 3733 2988 συνοικίαν

492 3031 726 3096 tnaxime
784 3032 1028 3087 a-diculis
1077 3047 1138 3086 se
1195 3033 1562 3097 ineludentes,
1619 3048 1744 3102 quae
1799 3048 1863 3088 ea
1925 3048 2036 3086 sun‘

2191 3032 2436 3094 ποιοῦντες
2471 3045 2487 3061 ·
2513 3031 2563 3082 οί
2595 3029 2652 3083 δὲ
2700 3028 2798 3083 καὶ
2840 3029 3210 3099 ἀτεκμάρτοις
3244 3028 3354 3081 ὑπὸ
3400 3029 3514 3096 γῆν
3545 3031 3735 3090 οἰκίαις

490 3121 782 3184 latitudine
813 3131 868 3177 et
900 3122 1217 3186 altitudine,
1271 3134 1330 3179 ut
1383 3140 1561 3194 neque
1611 3125 1826 3180 directe
1879 3134 2029 3182 stare

2195 3113 2505 3195 εχρημένοι,
2537 3122 2657 3175 ἐκεῖ
2685 3121 2750 3191 δὴ
2787 3121 2937 3190 μόνοι
2980 3120 3126 3190 μόνῳ
3173 3121 3552 3190 προσλαλοῦσι
3603 3121 3736 3188 Θεῷ.

495 3228 673 3286 neque
709 3212 867 3278 facile
903 3218 1105 3268 cubare
1152 3215 1383 3284 possint,
1412 3217 1692 3284 speluncis
1720 3217 2039 3287 quibusdam

2199 3221 2333 3289 hdp
2349 3219 2414 3291 δὴ
2441 3218 2537 3272 καὶ
2567 3217 2759 3288 ἕτερον
2782 3212 2923 3278 εἶδος
2948 3220 3016 3286 τῇ
3047 3219 3177 3288 περὶ
3201 3217 3340 3270 Θεὸν
3373 3221 3591 3288 στροφῇ
3625 3219 3743 3270 τοὺ-

494 3313 551 3360 et
582 3313 739 3365 teme
773 3306 1052 3370 cavernis,
1081 3307 1245 3362 sicuti
1275 3308 1571 3376 Apostolus
1620 3310 1800 3378 inquit
1833 3311 1872 3376 ⁸,
1904 3311 2038 3365 ἱιιοιι

2201 3330 2271 3375 at;
2304 3310 2671 3378 ἐπινενόηται,
2693 3309 2894 3379 δεῖγμα
2927 3309 3112 3378 πάσης
3141 3309 3367 3378 ἀνδρίας
3407 3316 3505 3362 καὶ
3549 3328 3745 3377 καρτε-

495 3395 713 3449 bantes.
746 3397 1009 3452 Nonnulli
1050 3399 1155 3454 sub
1211 3400 1302 3453 dio
1352 3415 1476 3455 cum
1534 3401 1667 3457 l'eris
1723 3401 2033 3458 habitantes

2204 3402 2286 3464 ίας
2320 3402 2377 3453 ὲν
2410 3399 2648 3469 δευτέρῳ
2687 3397 2862 3452 τιθέν.
2929 3399 3054 3452 Ἐπὶ
3119 3399 3229 3467 γάρ
3279 3415 3388 3450 τινι
3425 3399 3624 3467 ἐρήμῳ
3673 3398 3748 3463 τῷ

495 3487 664 3556 aliqui
697 3503 826 3545 vero
852 3490 1086 3544 occultis
1115 3492 1219 3544 sub
1251 3503 1393 3545 terra
1431 3491 1688 3562 hospitiis
1717 3503 1955 3557 utentes,
1985 3493 2038 3546 ib

2209 3489 2395 3561 λογμῷ
2414 3490 2508 3542 τοῦ
2537 3489 2691 3560 ήλίου
2715 3485 3113 3556 ὲκκεκαυμένοι
3145 3489 3286 3553 σφᾶς
3305 3487 3629 3552 διαφέντες,
3658 3487 3753 3539 ni

496 3594 623 3633 eum
675 3582 794 3635 solo
860 3582 1257 3650 colloquuntur
1323 3583 1454 3637 Deo.
1522 3584 1724 3638 Verum
1780 3586 2040 3639 enimvcn

2207 3583 2232 3635 ἅ
2261 3582 2363 3650 τῆς
2391 3582 2604 3650 φύσεως
2632 3579 2692 3644 ἐξ
2718 3579 3016 3646 ἀναγκαίου
3054 3577 3507 3646 περιστέλλεσθαι
3547 3578 3751 3628 εξωθό-

499 3669 648 3730 aliud
682 3686 904 3740 quoque
929 3688 1102 3741 genus
1134 3675 1582 3730 conversationis
1613 3675 1815 3730 divina:
1852 3677 1922 3729 ab
1956 3676 2043 3729 illi:

2214 3693 2234 3729 ι
2269 3675 2406 3745 μόνα
2440 3671 2960 3742 περικαλύπτοντες,
3003 3669 3103 3721 οὒκ
3138 3668 3335 3738 ἄνδρες
3396 3670 3584 3736 μόνον,
3621 3668 3758 3721 ἀλλᾶ

502 3763 874 3830 excogitatum
912 3774 1018 3825 est,
1049 3767 1195 3835 quod
1228 3781 1394 3821 omne
1441 3767 1621 3822 virilis
1659 3768 1981 3823 constantiae
2009 3784 2039 3822 e

2211 3768 2261 3820 αὶ
2287 3765 2487 3833 γύναια
2517 3762 2654 3833 πρὸς
2678 3761 2780 3833 τὴν
2806 3761 2930 3831 ῐσην
2957 3759 3234 3812 πολιτείαν
3255 3758 3755 3828 ἀνθαμιλλώμενα,

503 3854 842 3916 fortitudinis
864 3859 1144 3925 specimen
1169 3857 1330 3928 longe
1356 3869 1598 3928 superat.
1625 3859 1682 3914 In
1709 3859 2047 3914 solitudine"

2212 3856 2440 3912 Hei-nov
2513 3855 2646 3908 ἐῶσι
2705 3854 2867 3922 σῶμα
2928 3848 3269 3923 προμηθείας
3338 3851 3529 3919 πάσης
3572 3852 3756 3912 sua;

501 3947 649 4004 enim
682 3947 976 4016 quamdam
1005 3949 1122 4007 sole
1151 3949 1402 4004 adustam
1446 3964 1505 4004 se
1533 3950 1820 4016 abdentes,
1849 3961 1905 4005 et
1944 3966 2045 4006 ean

2216 3951 2401 4022 ρυμοῖς
2429 3946 2692 4013 ἐξαισίοις
2741 3945 2838 4000 καὶ
2879 3944 3106 3997 καύσονι
3155 3945 3250 3996 καὶ
3299 3945 3422 4005 ταῖς
3469 3943 3760 4002 ποικίλαις

503 4039 678 4102 solam
725 4041 976 4107 corporis
1021 4049 1233 4110 partem
1291 4057 1452 4110 quam
1506 4052 1719 4096 natura:
1767 4043 2047 4099 necessita:

2221 4043 2264 4096 ιῦ
2294 4043 2452 4112 ἀέρος
2490 4037 2819 4111 μεταϐολαῖς
2873 4036 3102 4100 ἑαυτοὺς
3153 4035 3477 4097 ἐκδιδόντες,
3529 4036 3593 4086 ὲν
3663 4035 3765 4100 τεῳ

507 4141 704 4194 tectam
737 4148 862 4189 esse
895 4134 1035 4198 vult,
1067 4133 1333 4195 velantes,
1371 4151 1480 4190 non
1513 4135 1614 4188 viri
1654 4137 1838 4200 modo,
1873 4138 1966 4192 sed
2013 4154 2042 4190 e

2220 4137 2266 4188 ιὶ
2288 4137 2455 4204 κρύος
2491 4135 2585 4184 καὶ
2626 4132 2830 4192 θάλπος
2859 4129 2954 4180 καὶ
2987 4129 3178 4181 στάσιν
3201 4126 3293 4177 καὶ
3325 4127 3516 4177 κλίσιν
3540 4126 3643 4176 ἐπὶ
3673 4125 3764 4176 τοῦ

509 4222 748 4285 ίύιιιὶιιεε,
781 4226 975 4277 eodem
1011 4226 1152 4279 inter
1190 4242 1249 4280 se
1281 4226 1403 4280 vitae
1450 4227 1702 4281 instituto
1741 4238 2039 4294 concertan

2226 4225 2425 4293 ’χόντος
2449 4219 2759 4290 ποιούμενοι
2797 4233 2812 4249 ·
2839 4218 3021 4271 πᾶσαν
3050 4214 3093 4267 δ’
3119 4211 3476 4282 ἀνθρωπίνην
3533 4214 3770 4265 duceret-

512 4323 616 4374 tes,
645 4314 852 4378 nullam
889 4315 1083 4383 reliqui
1117 4319 1368 4385 corporis
1398 4328 1596 4386 gerunt
1621 4333 1808 4372 curam
1830 4359 1845 4383 ,
1877 4319 2056 4390 frigori

2229 4334 2355 4370 ιενοι
2384 4315 2586 4377 τέλεον,
2613 4313 2772 4372 πόαις
2799 4310 2912 4361 τισὶ
2941 4308 3034 4359 καὶ
3069 4307 3250 4378 ῥίζαις
3277 4304 3344 4363 ἂς
3371 4305 3404 4374 ἡ
3460 4303 3540 4372 γῆ
3596 4305 3773 4355 αὐτοι

513 4405 718 4474 ingenti
759 4415 924 4475 atque
951 4408 1132 4472 aestui,
1177 4409 1458 4476 variisque
1492 4411 1636 4465 aeris
1674 4413 2057 4468 mutationibus

2230 4412 2361 4471 im;
2405 4405 2650 4459 ἐκδίδωσι
2697 4403 2988 4471 τρέφονται
3021 4413 3036 4430 ο
3088 4398 3138 4451 οἶ
3199 4399 3290 4450 καὶ
3333 4397 3541 4448 Βοσκυὶ
3588 4396 3774 4464 ὄνομα

511 4497 728 4566 seipsos
771 4498 1203 4563 committentes,
1249 4500 1489 4568 algorem
1535 4502 1688 4571 juxta
1729 4512 1785 4557 et
1831 4504 2055 4559 caloren

2231 4519 2336 4574 ςχον
2367 4499 2444 4571 τῷ
2467 4497 2654 4567 τοιῷδε
2685 4496 2786 4564 τῆς
2814 4493 2961 4563 ζωῆς
2994 4490 3271 4562 πορισμῷ.
3302 4489 3411 4542 Καί
3443 4506 3510 4555 γε
3546 4487 3775 4557 θηρίοις

513 4590 788 4654 tolerant,
823 4599 876 4644 et
915 4591 1111 4658 quovis
1141 4593 1285 4658 loco,
1325 4592 1395 4645 ita
1422 4603 1480 4646 ut
1515 4609 1637 4648 sors
1665 4594 1810 4660 tulit,
1841 4605 1987 4649 stant
2017 4610 2057 4651 et

2235 4597 2259 4663 ξ)
2288 4595 2468 4664 χρόνῳ
2513 4588 2928 4658 ἀφομοιοῦνται,
2986 4583 3488 4652 παρατρεπομένης
3535 4582 3646 4649 μὲν
3672 4580 3779 4645 τῆς

512 4683 717 4736 cultant
753 4698 768 4736 :
803 4683 1066 4752 omnique
1096 4684 1338 4738 humano
1362 4685 1625 4739 alimento
1655 4687 1880 4741 omnino
1912 4703 2056 4756 repit

2237 4689 2353 4752 ἐας,
2388 4686 2487 4752 τῆς
2513 4683 2570 4736 δὲ
2599 4679 2827 4749 γνώμης
2885 4675 3152 4746 μηδαμῶς
3182 4673 3601 4741 συμϐαινούσης
3657 4673 3777 4732 τῶς

513 4775 688 4838 diato,
716 4774 908 4829 herbis
936 4774 1269 4844 quibusdam
1310 4786 1367 4830 et
1413 4776 1712 4840 radicibus,
1743 4792 1880 4846 quas
1929 4787 2057 4832 terr:

2232 4779 2388 4838 ιιποῖς
2415 4775 2526 4826 τῶν
2562 4769 2863 4840 ἀνθρώπων
2893 4783 2907 4798 '
2953 4765 3047 4828 οὓς
3082 4765 3177 4819 καὶ
3215 4765 3268 4817 εί
3319 4781 3452 4816 ποτε
3513 4762 3776 4831 συμϐαίη

515 4881 612 4919 sua
644 4875 840 4934 sponte
885 4865 1012 4929 fert,
1041 4867 1236 4921 vivunt
1267 4885 1279 4919 :
1318 4867 1410 4935 qui
1440 4867 1606 4920 etiam
1636 4867 1706 4920 ab
1733 4867 2049 4936 ejuscemod

2233 4867 2508 4930 εάσασθαι,
2574 4861 3089 4930 διαδιδράσκουσιν·
3125 4858 3174 4908 εί
3201 4856 3258 4908 δὲ
3308 4857 3401 4908 καὶ
3447 4858 3647 4923 γνοῖεν
3695 4857 3777 4906 ὅτι

517 4960 694 5014 victus
736 4975 936 5026 genere
987 4959 1197 5026 βοσκοί,
1248 4959 1351 5012 hoc
1396 4968 1500 5022 est,
1551 4959 1902 5028 pabulatores
1948 4959 2061 5012 dict

2235 4961 2480 5022 ὡκοιντο,
2519 4954 2817 5023 ὲπιμᾶλλον
2841 4952 2918 5021 τῷ
2941 4951 3094 5018 τάχει
3123 4950 3420 5018 κέχρηνται
3452 4948 3567 4999 τῶν
3591 4946 3778 4998 ποδῶν

517 5059 662 5106 sunt.
696 5051 776 5108 Illi
807 5051 971 5104 etiam
1007 5052 1254 5120 tempore
1285 5051 1404 5119 ipso
1431 5051 1612 5119 specie
1633 5065 1826 5105 eorum
1851 5058 2056 5104 mutata

2235 5069 2441 5121 ιτικρυς
2502 5047 2736 5116 αἰθέριοι
2775 5047 2839 5114 τῇ
2874 5043 3165 5109 λεπτότητι
3205 5041 3574 5108 διιπτάμενοι.
3617 5039 3779 5090 ἐστι

519 5142 649 5197 l'eris
684 5143 1083 5208 assimilantur,
1114 5152 1171 5198 et
1217 5156 1459 5202 mentem
1508 5158 1730 5213 quoque
1773 5159 1802 5196 a
1856 5143 2063 5211 reliqui:

2260 5144 2348 5195 ὅτε
2379 5141 2474 5194 καὶ
2518 5135 2882 5214 δυσεμϐόλοις
2918 5132 3136 5201 χωρίοις
3170 5129 3281 5182 τῶν
3323 5128 3431 5180 ὑπὸ
3485 5127 3598 5194 γῆν
3636 5130 3781 5194 ἁφα-

524 5233 841 5294 hominibus
863 5234 1100 5295 alienam
1128 5237 1400 5290 obtinent.
1434 5235 1582 5300 Quos
1611 5235 1656 5289 si
1689 5235 1912 5303 quando
1941 5229 2068 5288 fort!

2235 5235 2300 5296 εἷς
2322 5228 2660 5297 γίνονται,τδ
2682 5224 2867 5278 λαϐεῖν
2891 5222 3036 5274 οὕτω
3060 5220 3299 5290 βιοῦντες
3337 5219 3472 5286 περὶ
3503 5217 3779 5267 πλείστου

520 5327 818 5398 conspicati
861 5327 1086 5393 fuerint,
1135 5329 1372 5396 fugiunt.
1422 5326 1578 5393 Quod
1628 5326 1672 5380 si
1721 5328 1886 5379 etiam
1941 5325 2060 5378 inse

2238 5323 2508 5390 οιούμενοι
2541 5334 2558 5351 ·
2585 5317 2681 5370 καὶ
2713 5317 2902 5384 ἕτερον
2930 5313 2988 5366 δὲ
3017 5311 3158 5372 εἶδος
3191 5310 3477 5379 ἀσκήσεως
3508 5307 3782 5377 διηγήσο-

522 5433 784 5488 quentem
815 5423 1131 5491 quempiam
1159 5423 1422 5486 sentiant,
1454 5419 1693 5474 celerius
1727 5434 1785 5472 se
1817 5419 1871 5471 in
1919 5417 2066 5487 pede:

2241 5433 2318 5477 αι,
2347 5414 2374 5466 ὃ
2401 5409 2600 5482 μικροῦ
2631 5425 2698 5479 με
2733 5406 3005 5475 διέδρασε,
3046 5406 3226 5456 καίτοι
3259 5417 3320 5467 γε
3370 5399 3440 5451 τὰ
3496 5415 3614 5467 πρε
3629 5398 3783 5449 τὸεἰα

523 5513 844 5581 conjiciunt,
877 5525 1102 5585 propter
1128 5517 1405 5572 levitatem
1431 5529 1658 5584 prorsus
1681 5514 1736 5566 in
1763 5527 1892 5567 aere
1919 5513 2067 5568 subli-

2239 5510 2336 5564 ατὰ
2379 5506 2600 5559 πάντων
2631 5502 2895 5572 φέρεσθαι
2923 5501 3137 5554 δίκαιον
3166 5499 3288 5566 ἔχον
3311 5510 3328 5526 ο
3368 5496 3426 5546 ἐν
3457 5494 3783 5562 ἐλαχίστοις

527 5615 642 5654 mes
671 5603 940 5659 volantes.
973 5606 1379 5676 Nonnunquam
1407 5619 1626 5673 quoque
1660 5605 1936 5659 inaccessa
1985 5603 2071 5658 sul

2239 5612 2251 5654 ι
2291 5597 2602 5669 μάλιστατὸ
2621 5596 2862 5648 τοιοῦτον
2887 5593 3188 5662 ἐγγίνεται.
3230 5591 3350 5644 Εἰσὶ
3379 5589 3493 5658 γὰρ
3525 5588 3600 5656 δή
3635 5599 3783 5643 τινες

533 5701 676 5741 terra
707 5691 826 5754 loca
859 5696 1195 5760 subeuntes,
1232 5696 1418 5751 subito
1465 5694 1748 5764 disparcnt
1783 5712 1796 5747 :
1841 5693 2077 5764 plurimi~

2237 5691 2270 5756 l,
2304 5691 2444 5746 ἐπὰν
2479 5687 2568 5741 διὰ
2595 5685 2806 5739 πολλῶν
2848 5684 3060 5757 μόχθων
3089 5684 3186 5751 τῆς
3218 5680 3420 5751 ἀρετῆς
3441 5679 3505 5733 τὺ
3532 5676 3781 5732 ἀπαθεῖς

620 5825 829 5929 ’ίιθὺιο
863 5886 937 5934 tu,
969 5872 1058 5937 57,
1140 5927 1144 5931 ,
1578 5905 1580 5907 .
2011 5902 2020 5915 .
2057 5903 2080 5912 ..
2241 5847 2248 5872 ⁵

3651 5933 3690 5943 ε»
