3910 6218
232 416 363 523 ῙῘΞῘΓΙ
1185 426 1782 494 ECCLESIASTICE
1823 436 2207 498 HISTORIE
2247 439 2399 502 LIB.
2438 443 2589 503 XIV.
2873 517 2878 523 .
3323 446 3456 501 1238

223 521 366 578 εἶναι
396 523 789 595 κληρώσαιντο.
839 531 973 600 πρὸς
1017 534 1106 586 τὶν
1158 540 1361 608 κόσμον
1427 543 1774 614 ἐπανήκουσι·

1899 565 2006 617 que
2058 549 2148 612 id,
2183 551 2226 605 si
2269 551 2342 606 ita
2390 555 2558 607 vitam
2615 553 2879 608 ducentes
2925 554 3164 619 lateant,
3221 555 3451 611 faciunt.

225 609 406 676 αὖθις.
438 615 802 687 Παραφόρους
839 620 886 672 δ’
915 624 1144 689 ἑαυτοὺς
1177 625 1318 685 εἶναι
1360 609 1600 705 σχῆμασί
1653 656 1774 692 τισιπ

1900 640 2060 694 Aliud
2100 652 2364 711 praaterea
2420 647 2708 700 monastici
2758 646 3005 700 exercitii
3057 662 3251 714 genus,
3305 651 3452 717 quod

103 704 171 804 ‘-l
222 707 482 770 ἀτάκτοις
531 708 1018 782 ἐπαγγελλόμενοι,
1075 717 1220 771 οὕτω
1278 723 1376 793 τὴν
1430 704 1590 797 κενὴν
1633 728 1774 794 δόξαι

1897 745 2089 800 parum
2121 733 2294 786 abluit
2331 736 2463 804 quin
2499 737 2854 804 praeterirem,
2887 738 3350 791 commemorabo.
3396 737 3452 791 Id

155 779 171 809 ⁵
229 798 676 867 περιφρονοῦσιν.
747 779 855 855 Ὃν-
897 805 1209 870 τελευταῖον
1275 779 1792 883 χιτῶνα,⁸Πλόιτῶν

221 891 387 958 φησὶν
417 891 446 942 ό
479 892 793 961 φιλόσοφος,
845 898 877 964 ἡ
943 897 1089 970 ψυχὴ
1131 904 1371 974 πέφυκεν
1413 908 1789 968 ἀποτίθεσθαι.

219 985 328 1077 Καί
380 1002 444 1052 γε
519 987 904 1057 φιλοσῑφοῦσιν
976 995 1270 1064 ἀπάθειαν,
1338 1001 1566 1068 ἀπαθῶς
1629 1006 1790 1077 δῆθεν

218 1075 510 1167 ἐσθίοντες,
546 1079 650 1132 κᾶν
687 1082 745 1134 ἐν
777 1085 1057 1157 καπηλείῳ
1103 1091 1134 1156 ἥ
1173 1096 1524 1167 μαστροπείῳ
1554 1098 1602 1150 εί
1629 1075 1788 1153 τοῦτο

215 1164 403 1261 eam
425 1168 727 1261 δρᾷν,οῦτε
765 1176 1056 1244 πρόσωπον
1077 1175 1225 1235 ⁴οὗτοι
1249 1184 1317 1238 δι’
1348 1164 1528 1252 αἰδοῦ-ς
1569 1191 1788 1261 τιθέμε-

215 1273 316 1309 νοι.
361 1259 766 1326 Προσσάλλουσι
799 1263 851 1317 δέ
873 1266 1068 1338 ἀθρόον
1096 1271 1188 1325 καὶ
1220 1273 1523 1342 βαλανείοις
1569 1259 1787 1348 γυναιξὶ

216 1347 590 1418 συλλούμενοι,
626 1352 888 1421 πολλάκις
951 1360 1377 1433 εὐρισκομέναις
1404 1373 1498 1421 καὶ
1532 1347 1607 1434 ὡς
1636 1347 1787 1440 ἐχου-

214 1455 266 1491 σι
305 1442 539 1509 φύσεως,
573 1445 669 1497 καὶ
699 1447 798 1500 σὺν
855 1444 1095 1517 ἐκείναις
1150 1455 1486 1522 αὐλίζονται.
1533 1463 1688 1518 Οὕτω
1727 1465 1785 1519 δέ

212 1533 322 1584 τῶν
345 1534 532 1588 παθῶν
565 1539 960 1611 περιγίνονται,
989 1547 1065 1610 ὡς
1096 1549 1190 1601 καὶ
1217 1550 1317 1620 τῆς
1351 1557 1591 1625 φυσικῆς
1616 1559 1785 1630 ὑπερ-

213 1625 428 1721 κεῖσθαι
460 1627 763 1721 δυνάμεως,
795 1636 890 1686 καὶ
917 1642 1199 1706 τυραννεῖν
1229 1644 1400 1715 αὑτήν
1432 1663 1448 1679 ο
1487 1647 1600 1701 οὔτ’
1641 1625 1783 1721 ὄψει,

209 1715 338 1812 οὔτε
368 1717 718 1812 ἀφῇηπολλῷ
743 1739 806 1790 γε
863 1725 970 1794 μὴν
1003 1728 1187 1794 αὐτοῖς
1217 1734 1487 1806 φιλήμασι
1519 1715 1784 1812 τεχνικοῖς

209 1809 304 1899 καὶ
337 1809 696 1899 περιπλοκαῖς
713 1814 831 1876 ταῖς
854 1815 948 1868 τοῦ
975 1817 1166 1886 θήλεος
1191 1824 1324 1894 πρὸς
1350 1827 1416 1880 τὰ
1443 1829 1540 1898 τῆς
1567 1809 1783 1899 φύσεως

182 1895 609 1964 -ἀποκρίνεσθαι
643 1898 913 1970 ἰδιώματα
938 1920 950 1932 ·
979 1905 1099 1958 ἀλλ’
1148 1908 1349 1964 ὡσανεὶ
1405 1895 1522 1982 μετ’
1572 1895 1784 1988 ἀνδρῶν

209 1987 604 2056 διατρίϐοντας,
635 1991 832 2060 ἄνδρας
875 1989 1037 2062 εἶναι,
1073 2001 1292 2068 γυναιξὶ
1321 2003 1369 2058 δ’
1414 2005 1569 2071 αὖθις
1608 1987 1780 2081 προσ-⁹

207 2079 547 2172 οςιιλοῦντας,
601 2089 868 2172 γυναῖκας
903 2103 918 2119 ”
954 2088 1169 2156 φύσεώς
1219 2111 1280 2147 τε
1323 2096 1591 2170 ἑκατέρας
1623 2079 1784 2172 μετέ-

209 2185 422 2261 χοντας,
448 2171 621 2228 δοκεῖν
645 2170 786 2230 εἶναι
818 2180 907 2232 ἐπὶ
942 2183 1074 2251 μιᾶς
1105 2199 1121 2216 ⁸
1163 2187 1257 2240 καὶ
1288 2188 1439 2253 τέλος
1489 2170 1686 2261 είπεῖν,
1727 2197 1784 2249 ἐν

209 2259 284 2330 τῷ
320 2263 547 2355 τοιούτῳ
581 2267 854 2339 ὑπερφυεῖ
887 2271 986 2344 βίῳ
1015 2274 1112 2345 τὴν
1144 2277 1346 2349 ἀρετὴν
1385 2259 1782 2355 ἀντιπράττου-

207 2371 306 2406 σαν
348 2353 510 2422 φύσει
537 2361 849 2429 καταπῆξαι
885 2365 1104 2433 νόμους,
1158 2368 1286 2423 ὥστ’
1332 2374 1390 2426 ἐν
1432 2374 1623 2444 μηδενὶ
1673 2378 1783 2432 τῶν

204 2443 522 2537 ἀναγκαίων
550 2449 762 2514 ἐφεῖναι
804 2452 974 2524 αὐτὴν
1024 2456 1187 2528 κόρον
1247 2443 1441 2531 σχεῖνζ
1470 2465 1668 2537 Πεινῇν
1723 2469 1781 2523 δέ

206 2535 384 2631 πάντα
414 2538 512 2591 καὶ
539 2540 722 2611 διψῇν,
753 2546 848 2598 καὶ
879 2546 950 2600 δι’
979 2549 1310 2620 ἐγκρατείας
1351 2555 1508 2625 ἥκειν
1561 2535 1782 2631 ἀπάσης

203 2629 231 2680 ό
263 2628 603 2700 σφῶννόμος
627 2637 930 2701 νομοθετεῖ.
977 2639 1102 2694 Ἐπὶ
1129 2643 1284 2697 τόσον
1311 2645 1366 2699 δὲ
1397 2650 1492 2701 καὶ
1519 2649 1582 2703 τὸ
1619 2628 1779 2724 σῶμα

205 2723 582 2816 περιστέλλειν
613 2727 811 2796 ὁρίζει,
835 2731 957 2785 ὅσον
981 2733 1073 2803 βίᾳ
1111 2737 1211 2806 τὴν
1232 2738 1477 2811 ἀνάγκην
1509 2744 1776 2816 συνέχειν.

205 2813 316 2865 Καὶ
347 2815 438 2868 ἐπὶ
465 2816 624 2871 τόσον
659 2821 843 2883 αὐτοῖς
863 2824 1270 2896 ὴκριὸωμένοις
1318 2832 1582 2904 σταθμοῖς
1627 2813 1778 2891 αντι-

197 2904 613 2974 ταλαντεύεται,
644 2909 719 2972 ὡς
749 2911 814 2964 ἐκ
866 2913 1160 2986 διαμέτρου
1205 2919 1498 2989 χωροῦσιν,
1551 2925 1778 2980 ἀνεπαί-

129 3045 136 3051 ,
201 2995 405 3064 σθητον
437 2999 624 3062 αὐτοῖς
657 3000 759 3072 τὴν
795 3002 970 3075 ῥοπὴν
993 3007 1343 3066 καθεστάναι.
1375 3013 1482 3066 Καὶ
1511 3015 1669 3070 τόσον
1711 3017 1774 3088 δὴ

193 3090 463 3142 τάναντία
495 3093 695 3161 κρατεῖ
719 3094 851 3166 παρ’
882 3097 1069 3160 αὐτοῖς
1097 3103 1192 3153 καὶ
1241 3101 1540 3175 ὑπερφυῶς
1574 3110 1774 3181 κέκρα-

193 3195 311 3278 ται,
337 3179 437 3278 τῇς
464 3181 611 3278 θείας
638 3183 862 3254 χάριτος
895 3189 974 3251 είς
1008 3188 1066 3242 ἐν
1095 3195 1436 3267 συναγούσης
1453 3199 1520 3252 τὰ
1541 3179 1770 3270 ἀμικτα,
1801 3217 1844 3278 α

195 3271 299 3322 καὶ
338 3267 405 3324 αὖ
439 3272 603 3326 πάλιν
635 3277 809 3347 καιρῷ
869 3282 1201 3351 προσήκοντι
1243 3285 1579 3360 διαιρούσης,
1632 3292 1772 3348 ὥστε

191 3358 260 3410 τὸ
289 3357 436 3423 ξένον
466 3361 544 3423 είς
577 3362 746 3434 ἀκοὴν
807 3363 954 3436 ζωὴν
1007 3371 1065 3421 ἐν
1113 3373 1292 3444 ταυτῷ
1359 3357 1452 3430 καὶ
1505 3357 1798 3450 νέκρωσιν

193 3450 387 3514 αὐτοῖς
417 3456 713 3520 κατοικεῖν,
749 3457 909 3526 φύσει
939 3460 1305 3520 ἐναντιώτατα
1341 3470 1437 3522 καὶ
1491 3469 1633 3543 λόγῳ
1679 3476 1774 3528 καὶ

194 3541 512 3635 πράγματι.
541 3544 716 3599 Ὅπου
763 3549 864 3618 μὲν
887 3552 995 3620 γάρ
1031 3570 1080 3605 τι
1113 3553 1220 3609 τῶν
1277 3559 1466 3612 παθῶν
1517 3541 1770 3635 ὑφέρπει,

192 3631 336 3727 ῐδοις
363 3633 428 3686 ἂν
460 3634 622 3705 σῶμα
669 3641 866 3710 νεκρὸν
915 3643 1082 3711 μηδὲν
1127 3644 1269 3717 δρῶν
1321 3651 1420 3704 ὅσα
1468 3633 1584 3705 καὶ.Δ
1613 3631 1771 3727 τάφῳ

198 3723 461 3792 κείμενον
493 3743 504 3757 ·
539 3728 668 3781 ἔνθα
702 3733 747 3784 δ’
777 3733 978 3803 ἀρετῆς
1019 3737 1251 3810 ἐργασία
1307 3742 1402 3795 καὶ
1457 3746 1592 3814 πρὸς
1640 3723 1772 3802 Θεὸν

193 3818 410 3888 ἱκετείᾳ
442 3819 632 3889 ῥώμην
652 3823 846 3894 καινὴν
871 3827 966 3877 καὶ
1001 3829 1161 3897 σῶμα
1201 3830 1368 3896 ξένως
1396 3838 1646 3906 σφριγῶν
1672 3839 1771 3912 τὴν

191 3908 390 4002 όικμήν
473 3913 576 3964 κᾶν
604 3915 700 3967 καὶ
729 3919 1038 3988 γεγηρακὸς
1077 3921 1164 3990 εἴη
1194 3924 1396 3996 σφόδρα
1428 3931 1519 3981 καὶ
1547 3908 1767 4002 ἔξωρον.

195 3998 384 4090 βαίγ⁹
413 4001 673 4072 ἑκάτερος
726 4005 840 4073 βίος
869 4008 1043 4073 οὕτως
1097 4013 1326 4079 ἐκείνοις
1375 3998 1767 4090 συμπλέκεται,

189 4089 333 4141 ὥστ’
370 4093 566 4162 ἀμέλει
598 4098 691 4149 καὶ
709 4097 807 4167 τὴν
834 4101 1015 4170 σάρκα
1050 4105 1284 4175 πάμπαν
1315 4111 1688 4181 νεκρὼσαντές
1707 4133 1767 4170 τε

192 4183 297 4234 καὶ
323 4183 672 4253 ἀποθέμενοι,
703 4187 872 4252 ζῶσιν
897 4192 984 4246 ἀεί
1011 4209 1024 4223 ο
1056 4195 1152 4247 καὶ
1217 4199 1355 4267 μετὰ
1394 4203 1503 4255 τῶν
1551 4202 1768 4266 ζώντων

186 4272 396 4325 ὡσανεὶ
437 4276 806 4346 συνδιάγουσι,
834 4283 903 4336 τὰ
937 4283 1163 4338 ἐκείνων
1194 4291 1461 4354 παντοίως
1495 4293 1765 4362 θεραπεύ-

187 4381 353 4427 οντες
377 4366 751 4436 σώματα,καὶ
805 4373 904 4437 τὰς
955 4375 1064 4429 τῶν
1116 4378 1386 4448 δεομένων
1437 4382 1588 4448 λιτὰς
1647 4386 1766 4457 Θεῷ

189 4457 583 4527 ἀναφέρουσιν,
618 4462 815 4531 ἐπίσης
857 4467 922 4534 τῇ
957 4467 1204 4538 προτέρᾳ
1235 4468 1384 4541 βιοτῇ
1447 4473 1760 4544 διαζῶντες,

1897 836 2011 891 prae
2043 821 2164 876 aliis
2197 824 2397 878 merito
2441 826 2645 894 primas
2696 827 2840 881 ferre
2889 837 3168 892 censetur,
3212 838 3267 883 et
3311 828 3453 897 apud

1897 912 2264 980 paucissimos
2288 915 2584 984 reperitur.
2618 915 2759 972 Sunt
2787 933 3022 987 namque
3051 919 3322 980 nonnulli,
3356 919 3448 987 qui

1897 1015 2022 1056 cum
2059 1019 2156 1072 per
2187 1004 2390 1060 mullos
2421 1006 2644 1062 virtutis
2691 1007 2909 1061 labores
2957 1023 3023 1061 eo
3061 1009 3357 1071 evaserint,
3399 1017 3456 1063 ut

1893 1094 2151 1160 ἀπαθεῖς,
2186 1095 2293 1151 hoc
2326 1104 2430 1162 est,
2471 1096 2798 1162 indolentes,
2836 1107 2892 1151 et
2920 1097 3304 1153 affectionibus
3329 1114 3454 1167 per-

1895 1186 2359 1258 pessionibusque
2409 1188 2668 1244 omnibus
2715 1189 2878 1243 liberi
2919 1189 3052 1255 sint,
3091 1189 3145 1243 in
3191 1189 3450 1244 mundum

1894 1287 2209 1331 recurrunt.
2262 1279 2329 1332 Et
2377 1278 2621 1349 gestibus
2681 1280 3012 1348 quihusdam
3077 1281 3454 1352 incompositis

1891 1366 2180 1422 dementes
2210 1385 2268 1424 se
2295 1385 2416 1425 esse
2442 1372 2851 1438 assimulantes,
2883 1374 2956 1428 ita
2993 1389 3184 1428 vanam
3211 1384 3454 1429 contem-

1891 1466 2030 1508 nunt
2079 1457 2331 1526 gloriam,
2381 1474 2546 1528 quam
2605 1470 2912 1515 extremam
2965 1463 3202 1516 tunicam
3268 1463 3452 1531 (jux'a

1897 1545 2179 1603 Platonem
2211 1548 2621 1620 philosophum)
2639 1551 2818 1606 anima
2863 1551 3140 1623 deponere
3181 1553 3339 1607 solet.
3391 1553 3450 1608 ln

1887 1638 2154 1710 ἀπαθείᾳ,
2190 1640 2295 1696 hoc
2315 1649 2420 1708 est,
2445 1641 2744 1698 indolentia
2777 1643 3257 1715 philosophantur,
3293 1642 3451 1721 557

1887 1729 2006 1786 sine
2056 1731 2348 1788 aﬂ‘ectione
2389 1737 2555 1804 atque
2593 1735 2760 1790 animi
2804 1735 3192 1799 commotione,
3227 1735 3283 1797 in
3314 1750 3450 1792 cau-

1888 1838 2032 1894 pona
2062 1832 2178 1891 aut,
2203 1825 2250 1880 si
2272 1840 2411 1896 opus
2441 1829 2534 1894 sit,
2569 1829 2623 1882 in
2649 1828 2900 1898 lupanari
2927 1828 3109 1884 cibum
3146 1828 3448 1900 capientes,

1889 1921 1944 1968 et
1976 1929 2154 1983 neque
2185 1925 2539 1985 conspectum
2567 1917 2912 1986 cujusquam,
2936 1933 3114 1986 neque
3145 1917 3323 1972 locum
3356 1916 3452 1970 ali-

1888 2016 2051 2072 quem
2083 2015 2426 2060 reverentes.
2453 2005 2651 2060 Balnea
2683 2022 2902 2077 quoque
2956 2005 3366 2077 ingrediuntur,
3399 2016 3453 2060 et

1887 2107 2013 2148 cum
2045 2093 2389 2150 mulierculis
2418 2110 2561 2166 saepe
2585 2097 2775 2161 etiam,
2804 2107 2863 2152 ut
2897 2108 3090 2152 natura
3134 2097 3259 2163 fert,
3293 2095 3461 2151 nudis

1886 2181 2092 2248 lavant,
2126 2191 2339 2239 etcum
2372 2185 2580 2241 eisdem
2625 2187 2896 2242 habitant.
2944 2187 3095 2251 Adeo
3140 2202 3271 2242 vero
3315 2187 3453 2241 atte-

1885 2273 2167 2330 ctionibus
2215 2277 2775 2349 perpessionihusque
2835 2280 3149 2348 superiores
3198 2289 3346 2344 sunt,
3393 2289 3452 2334 ut

1885 2372 2096 2419 natura:
2126 2365 2235 2420 vim
2267 2376 2552 2435 superent,
2586 2377 2642 2422 et
2670 2369 3018 2439 tyrannidem
3056 2368 3111 2423 in
3135 2383 3256 2423 eam
3297 2384 3451 2423 exer-

1883 2465 2042 2511 ceant
2070 2473 2085 2511 :
2113 2457 2353 2526 denique
2384 2467 2449 2520 ut,
2481 2474 2658 2537 neque
2687 2469 2945 2529 aspectu,
2965 2473 3140 2532 neque
3170 2467 3447 2522 contactu,

1885 2561 2064 2615 neque
2098 2548 2240 2603 adeo
2280 2549 2349 2612 ab
2399 2561 2518 2604 arte
2552 2553 2740 2621 petitis
2766 2551 2992 2614 osculis,
3034 2561 3203 2620 atque
3251 2550 3450 2607 mulie-

1886 2639 2077 2694 bribus
2101 2640 2502 2712 complexibus,
2537 2643 2602 2697 ad
2633 2658 2754 2704 eam
2798 2659 2919 2713 quae
2965 2643 3186 2712 propria
3237 2650 3450 2695 naturae

1879 2739 1964 2790 est
1989 2733 2492 2802 concupiscentiam
2521 2744 2996 2792 commoveantur.
3045 2735 3180 2790 Cum
3206 2735 3340 2788 viris
3368 2733 3447 2788 illi

1881 2833 2164 2878 versantes
2197 2825 2300 2879 viri
2341 2836 2491 2892 sunt,
2517 2841 2643 2881 cum
2675 2827 3003 2882 mulieribus
3053 2825 3330 2881 mulieres.
3384 2823 3450 2880 Et

1880 2931 2002 2971 cum
2035 2918 2320 2988 utriusque
2340 2936 2502 2975 sexus
2526 2921 2631 2982 vim
2662 2921 2913 2980 obtinere
2939 2920 3248 2984 videantur.
3274 2937 3445 2975 unmn

1877 3009 2150 3065 obtinent.
2184 3010 2360 3081 Atque
2401 3020 2459 3065 ut
2483 3013 2650 3066 semel
2677 3013 2875 3078 dicam,
2909 3013 2962 3066 in
2996 3012 3103 3067 hoc
3136 3014 3260 3066 vita:
3283 3027 3448 3083 gene-

1881 3115 1961 3163 rc,
2001 3101 2150 3171 quod
2177 3113 2398 3172 captum
2443 3112 2660 3166 natura:
2697 3113 2942 3174 superat,
3004 3104 3182 3157 virtus
3232 3113 3446 3158 naturae

1879 3193 2144 3250 adversas
2168 3193 2318 3264 leges
2361 3194 2500 3262 ﬁxit,
2529 3205 2590 3249 ut
2620 3194 2674 3250 in
2707 3195 2854 3249 nulla
2882 3209 3068 3248 earum
3093 3209 3275 3248 rerum
3324 3209 3447 3264 quas

1878 3286 2204 3341 necessaria:
2238 3293 2388 3349 sunt,
2431 3285 2652 3343 satietas
2703 3285 2818 3357 ipsa
2866 3286 3045 3341 locum
3101 3285 3317 3346 habeat.
3366 3285 3446 3344 Ita

1878 3378 1954 3432 illi
1988 3393 2209 3448 semper
2257 3377 2511 3434 esuriunt
2556 3389 2612 3434 et
2645 3379 2863 3442 sitiunt,
2914 3377 3447 3450 temperantiamque

1876 3478 1932 3524 et
1963 3468 2368 3523 continentiam
2405 3471 2460 3522 in
2492 3469 2662 3523 rebus
2710 3469 2971 3523 omnibus
3019 3469 3257 3524 retinere
3296 3470 3446 3539 leges

1874 3573 2064 3614 eorum
2086 3560 2304 3629 jubent.
2329 3561 2479 3615 Adeo
2507 3563 2672 3616 etiam
2707 3561 2812 3616 illa
2840 3575 3038 3629 corpus
3071 3561 3444 3630 constringere

1873 3650 2221 3719 praecipiunt,
2265 3661 2323 3705 ut
2373 3651 2422 3704 vi
2470 3653 2634 3706 etiam
2683 3651 2984 3707 necessitas
3027 3652 3440 3720 comprimatur.

1873 3739 2004 3792 Tam
2054 3755 2209 3808 aequa
2241 3740 2404 3794 etiam
2442 3755 2538 3808 per
2564 3741 2966 3796 exactissimam
3003 3740 3272 3796 rationem
3327 3750 3440 3795 sta-

1872 3836 1988 3884 tera
2016 3829 2126 3884 vita
2179 3830 2260 3884 eis
2307 3830 2566 3895 libratur,
2617 3841 2676 3886 ut
2725 3831 2850 3886 dum
2897 3831 3025 3889 lanx
3085 3841 3317 3903 utraque
3343 3848 3440 3903 per

1870 3919 2205 3974 diametrum
2234 3929 2286 3974 et
2315 3921 2517 3974 lineam
2547 3921 2782 3974 mediam
2825 3922 2969 3976 inter
3016 3937 3074 3976 se
3104 3920 3290 3989 distat,
3318 3923 3440 3978 nul.

1870 4014 1979 4068 lum
2012 4016 2282 4068 sentiatur
2313 4021 2673 4066 momentum.
2707 4013 2774 4066 Et
2823 4022 3112 4082 tantOpere
3160 4029 3250 4068 res
3293 4017 3438 4068 inter

1870 4123 1928 4161 se
1962 4107 2253 4161 contrariae
2279 4107 2333 4159 in
2368 4107 2450 4160 eis
2485 4115 2541 4160 et
2571 4112 2791 4160 exstant
2815 4113 2872 4160 et
2901 4107 3224 4170 miscentur,
3253 4106 3438 4163 divina

1869 4195 2042 4263 gratia
2077 4209 2141 4247 ea
2192 4209 2314 4262 quas
2363 4194 2582 4249 misceri
2627 4203 2910 4264 nequeunti.
2954 4196 3343 4267 conjungente,
3383 4206 3435 4252 et

1871 4295 2119 4356 tempore
2153 4304 2371 4342 rursum
2403 4304 2504 4343 suo
2535 4288 2906 4359 disjungente,
2960 4299 3023 4344 ut
3051 4290 3197 4360 quod
3244 4291 3435 4345 auditu

1867 4378 2065 4432 mirum
2113 4389 2216 4444 est,
2262 4379 2317 4434 in
2367 4379 2559 4436 eodem
2611 4395 2844 4450 corpore
2890 4390 2946 4436 et
2996 4383 3106 4438 vita
3161 4382 3323 4438 simul
3384 4392 3435 4438 et

1869 4470 2217 4526 mortiﬁcatio
2250 4471 2478 4538 habitet,
2503 4488 2624 4542 qua:
2655 4483 2872 4540 natura,
2900 4477 3116 4528 ratione
3151 4483 3207 4529 et
3234 4490 3292 4529 re
3323 4474 3436 4543 ipsa

192 4547 337 4616 πλὴν
368 4549 475 4618 ὅσῳ
508 4551 581 4622 μὴ
610 4552 718 4605 τῶν
736 4555 1048 4624 ἀναγκαίων
1072 4558 1268 4624 ἐνδεεῖς
1301 4556 1441 4616 εἶναι
1484 4567 1578 4618 καὶ
1614 4567 1763 4639 τόπῳ

1878 4561 2015 4615 inter
2048 4575 2108 4616 se
2149 4562 2385 4617 maxime
2426 4573 2555 4618 sunt
2591 4564 2910 4634 pugnantia.
2957 4563 3094 4619 Cum
3127 4564 3272 4618 enim
3303 4564 3436 4618 alien

193 4639 641 4708 περιορίζεσθαι,
695 4645 829 4698 πᾶσι
872 4647 918 4700 δ⁹
961 4649 1158 4720 ἀκαρεὶ
1206 4654 1467 4718 συνεῖναι,
1513 4656 1608 4710 καὶ
1667 4659 1766 4723 τὰς

192 4731 460 4784 ἁπάντων
499 4733 720 4787 ἀκούειν
773 4739 980 4805 φωνὰς,
1045 4743 1138 4794 καὶ
1186 4745 1318 4797 πᾶσι
1372 4747 1762 4814 συγγίνεσθαιο

191 4814 278 4873 ὧν
313 4824 506 4891 συχναὶ
537 4827 776 4892 γονάτων
809 4829 1014 4893 κλίσεις
1049 4835 1110 4884 τὸ
1141 4833 1322 4905 ἔργον,
1391 4837 1661 4908 σύμπονοί
1706 4860 1766 4895 τε

189 4913 614 4979 ἐπαναστάσεις,
643 4915 740 4984 τῆς
760 4917 999 4984 ἐφέσεως
1023 4920 1192 4987 μόνης
1217 4924 1312 4992 τήν
1339 4925 1557 4993 ἠλικίαν
1590 4926 1764 4982 ὑπαν-

189 4998 448 5070 εχηύσης,
489 5005 582 5056 καὶ
629 5007 728 5074 τὴν
775 5007 1020 5062 ἑκούσιον
1051 5011 1338 5066 ἀσθένειαν
1373 5015 1766 5090 ἀναζωπυρού-

191 5106 298 5158 σης
329 5107 341 5119 ·
372 5093 606 5162 ἄσαρκοί
636 5112 783 5158 τινες
835 5097 1064 5168 ἀθληταὶ
1097 5101 1194 5155 καὶ
1223 5102 1516 5174 ἀναίμονες
1565 5109 1765 5164 παλαι.

196 5181 346 5234 σταί.
378 5177 471 5244 Οἷς
489 5185 688 5257 ἀρίστη
718 5188 1018 5242 πανδαισία
1050 5192 1144 5246 καὶ
1172 5196 1354 5268 τρυφὴ
1403 5199 1654 5268 νηστείας
1703 5201 1766 5255 τὸ

195 5275 507 5341 κράτιστον,
533 5277 628 5330 καὶ
658 5279 944 5346 σφριγῶσα
973 5281 1222 5351 τράπεζα
1247 5286 1308 5339 τὸ
1343 5288 1512 5358 μηδὲν
1548 5291 1762 5346 ἑλέσθαι

191 5362 270 5453 ὡς
300 5358 505 5453 οίόντε
540 5368 931 5435 ἀπογεύεσθαι.
967 5374 1028 5426 Ei
1061 5374 1116 5426 δέ
1151 5391 1255 5429 που
1293 5376 1440 5442 ξένος
1471 5379 1762 5453 ἐπιδημοίη

195 5449 302 5501 κᾶν
327 5451 384 5516 ἐξ
413 5451 658 5520 ἑωθινοῦ,
685 5453 830 5509 οὕτω
861 5458 1197 5528 φιλοφρόνως
1214 5463 1509 5519 διάκεινται
1543 5449 1767 5539 φιλοτηλ

195 5539 344 5602 σίαις
368 5547 584 5606 καιναῖς
613 5546 970 5618 δεξιούμενοι,
1021 5551 1097 5615 ὡς
1123 5553 1341 5608 είκάσαι
1409 5558 1575 5627 μηδὲν
1634 5561 1764 5614 ἄλλο

195 5631 339 5696 σφᾶς
368 5632 456 5684 διὰ
488 5633 604 5702 βίου
641 5638 958 5706 σπουδάσαι,
997 5641 1027 5710 ῆ
1059 5643 1188 5696 αὐτὸ
1221 5643 1286 5715 δὴ
1313 5644 1470 5698 τοῦτο
1504 5650 1718 5722 τρυφᾷν
1743 5667 1760 5685 ο

195 5725 657 5795 παρηλλαγμένον
683 5726 824 5793 εἶδος
869 5738 1124 5803 νηστείας
1154 5737 1502 5803 ἐπινοοῦντες
1538 5757 1561 5780 ·‹
1586 5741 1762 5806 ἀδεῶς

194 5814 358 5881 ὁῄθεν
412 5820 611 5876 ἐσθίειν
667 5823 739 5893 μὴ
803 5823 1203 5896 βουλομένους·
1261 5831 1336 5895 ῶς
1385 5832 1647 5896 ἔκπληξιν
1701 5836 1761 5890 τὸ

1869 4653 1979 4710 ctio
2010 4653 2280 4722 quapiam
2317 4668 2412 4708 seu
2440 4653 2724 4722 perpessio
2755 4654 3055 4722 subrepsit,
3089 4661 3203 4707 tum
3235 4667 3434 4723 corpus

1869 4745 2059 4798 videas
2089 4753 2365 4799 mortuum
2400 4753 2456 4798 et
2482 4743 2619 4796 nihil
2663 4757 2853 4811 agens,
2890 4743 3121 4812 perinde
3173 4752 3340 4812 atque
3375 4745 3431 4798 in

1867 4837 2124 4905 sepulcro
2178 4835 2479 4904 repositum
2532 4841 2700 4888 esset.
2748 4832 2884 4888 Cum
2920 4843 3104 4888 autem
3146 4835 3427 4904 egregium

1867 4926 2085 4980 virtutis
2114 4939 2254 4994 opus
2278 4927 2673 4994 peragendum,
2706 4931 2758 4978 et
2790 4938 2976 4993 preces
3005 4923 3073 4977 ad
3102 4924 3272 4979 Deum
3297 4925 3424 4978 fu'n-

1866 5013 2060 5070 dende:
2095 5021 2246 5080 sunt,
2276 5022 2389 5068 tum
2427 5015 2597 5069 robur
2621 5029 2824 5069 novum
2856 5023 2912 5068 et
2953 5029 3159 5084 corpus
3201 5015 3431 5072 miriﬁce

1865 5104 2110 5160 vividum
2134 5119 2348 5171 cernas,
2383 5106 2596 5160 etiamsi
2627 5107 2678 5160 id
2716 5106 2873 5162 senio
2893 5107 3005 5177 jam
3033 5107 3347 5163 confectum
3376 5117 3429 5164 et

1865 5193 2142 5248 exoletum
2169 5194 2463 5250 admodum
2500 5196 2594 5252 sit.
2646 5197 2825 5252 Vitam
2871 5207 3101 5268 utraque
3136 5199 3235 5265 illi,
3294 5215 3429 5270 pra:-

1864 5293 2078 5340 sentem
2126 5287 2384 5342 videlicet
2432 5298 2488 5343 et
2535 5287 2814 5355 futuram,
2868 5290 2939 5345 ita
3003 5291 3340 5362 complicant
3375 5302 3430 5348 et

1864 5379 2229 5449 coujuugunt,
2263 5388 2326 5435 ut
2365 5395 2531 5436 carne
2562 5395 2791 5451 prorsus
2822 5381 2878 5437 in
2911 5385 3066 5439 obitu
3099 5383 3428 5440 mortiﬁcata

1865 5479 2030 5540 atque
2065 5470 2340 5541 deposita,
2381 5487 2604 5542 semper
2647 5473 2856 5542 vivant,
2917 5483 2973 5530 et
3017 5474 3427 5546 quodammodo

1865 5577 1990 5617 cum
2026 5564 2340 5619 viventibus
2371 5567 2540 5621 simul
2568 5577 2992 5634 conversentur,
3025 5583 3258 5640 corpora
3299 5569 3425 5624 illo-

1864 5669 1986 5708 rum
2015 5654 2168 5710 varie
2213 5665 2494 5725 curantes,
2545 5667 2601 5713 et
2645 5660 3072 5730 supplicantium
3119 5676 3313 5730 preces
3354 5661 3424 5718 ad

1864 5747 2034 5802 Deum
2070 5746 2375 5803 referentes
2408 5765 2421 5802 :
2456 5748 2646 5804 itidem
2675 5759 2735 5804 ut
2764 5767 2816 5805 ιη
2849 5754 3032 5822 priore
3066 5753 3173 5808 vita
3221 5752 3425 5823 degen-

1868 5847 1968 5900 tes.
1998 5851 2363 5900 Dranci-uuam
2395 5841 2542 5899 quod
2580 5843 2748 5898 rebus
2791 5844 3116 5901 necessariis
3141 5861 3249 5900 non
3278 5844 3424 5911 int'ig
