3910 6218
311 316 444 386 1243

1527 323 1950 385 NICEPHORI
1995 323 2336 385 CALLISTI

3422 323 3561 383 12H

308 434 406 488 Sin
438 435 727 504 cupiditati
759 435 874 507 ipse
917 454 1031 494 sua:
1057 439 1372 505 inserviret,
1405 449 1460 495 et
1515 413 1732 494 contra‘
1762 438 1868 494 sibi

1973 437 2078 504 γῆν
2108 436 2267 497 εὐθὺς
2300 435 2609 506 κατασπᾷν.
2650 433 2739 497 Ὠς
2774 431 2832 485 δὲ
2887 433 3025 503 πρὸς
3069 433 3230 488 αὑτὸν
3273 433 3559 501 ἐγένοντο,

308 527 592 582 nitendum
651 543 772 583 esse
821 530 1068 594 duceret,
1143 548 1318 601 neque
1379 532 1634 588 celeriter
1688 534 1871 590 statim

308 619 623 674 mandatum
685 623 992 691 hujusmodi
1061 634 1474 693 exsequeretur,
1549 607 1779 695 pedibus
1822 627 1874 681 vi

309 728 593 783 arreptum
637 715 782 770 illico
801 713 1096 771 detrahere
1121 717 1424 784 jusserunt.
1463 719 1531 775 Ut
1557 721 1632 773 illi
1657 721 1723 773 ad
1746 735 1873 775 eum

312 813 597 866 venerunt,
634 814 687 857 et
717 804 939 857 Patrum
978 805 1294 860 mandatum
1320 819 1715 876 exposuerunt,
1747 824 1877 863 con-

308 894 486 946 l‘estim
514 893 602 947 ille
631 893 806 946 altero
840 893 975 962 pede
1017 896 1255 964 prolato,
1301 897 1367 951 ad
1399 897 1872 965 descendendum,

307 990 363 1037 et
395 987 602 1051 absque
666 983 775 1037 ulla
821 985 1227 1043 deliberatione
1283 997 1340 1042 et
1387 988 1757 1056 dissensione,
1806 992 1874 1046 ad

309 1084 636 1143 praeceptum
655 1091 847 1130 eorum
873 1077 1214 1146 implendum
1242 1090 1526 1150 promptus
1540 1091 1876 1152 paratusque

308 1166 413 1220 fuit
444 1184 457 1220 :
488 1176 543 1220 et
573 1168 776 1237 gratias
804 1169 912 1224 illis
945 1172 1077 1240 egit,
1105 1171 1201 1240 qui
1263 1181 1466 1226 tantam
1503 1173 1570 1228 de
1604 1190 1672 1229 eo
1721 1191 1876 1245 gere-

309 1267 431 1311 rcnt
456 1272 668 1322 curam,
730 1261 900 1316 veluti
942 1263 1242 1331 quidquam
1290 1274 1489 1334 praeter
1538 1267 1874 1323 voluntatem

304 1359 362 1403 et
382 1351 708 1406 sententiam
741 1353 835 1407 Dei
863 1353 1046 1409 facere
1077 1358 1423 1425 occoepisset.
1450 1356 1622 1412 Porro
1646 1359 1722 1412 illi
1749 1375 1876 1414 eum

307 1442 363 1494 in
387 1441 664 1506 instituto,
690 1443 838 1512 quod
869 1445 973 1499 sibi
1003 1455 1383 1514 proposuerat,
1409 1463 1727 1516 permanere
1749 1457 1877 1504 sunt

305 1534 452 1603 passi
485 1536 772 1606 :potestati
797 1538 916 1606 ejus
943 1539 1342 1606 permittentes,
1369 1549 1428 1595 ut
1456 1556 1616 1611 quem
1640 1543 1876 1612 cepisset

307 1642 528 1682 cursum
564 1637 780 1684 teneret
814 1647 829 1684 :
883 1630 1012 1684 illud
1048 1630 1276 1699 insuper
1303 1632 1649 1702 adjicientes,
1713 1633 1870 1703 561

310 1717 485 1772 Fortis
516 1728 657 1781 esto,
694 1727 750 1772 et
777 1719 1012 1774 viriliter
1036 1736 1156 1790 age.
1186 1723 1400 1778 Videris
1453 1739 1693 1794 namque
1727 1726 1872 1779 divi-

307 1808 458 1861 nitus
487 1808 553 1861 ad
591 1809 734 1862 hanc
769 1809 990 1863 vivendi
1031 1811 1170 1865 viam
1205 1812 1509 1882 perductus
1535 1830 1678 1879 esse,
1709 1826 1871 1869 antea

309 1899 571 1966 ignotam.
635 1902 822 1969 Itaque
884 1901 1146 1970 deinceps
1195 1919 1387 1974 magna
1461 1906 1552 1959 ille
1609 1919 1872 1973 concepta

312 1987 801 2058 fiducia,cmptum
856 1991 910 2045 id
977 1993 1149 2062 magis
1202 2005 1285 2049 est
1346 2005 1686 2064 prosecutus.
1741 1999 1872 2052 'l‘am

308 2080 516 2148 prolixe
547 2092 730 2137 autem
772 2081 960 2137 divina
992 2085 1044 2138 in
1082 2100 1150 2139 eo
1183 2086 1303 2139 viro
1338 2088 1538 2141 enituit
1569 2090 1762 2158 gratia,
1817 2103 1874 2145 ut

306 2185 430 2226 cum
463 2173 809 2230 Theodosius
838 2176 1122 2231 sanctione
1151 2178 1385 2246 quadam
1418 2178 1620 2234 Judmis
1642 2197 1846 2252 synago

307 2281 398 2331 gas
434 2265 487 2318 in
518 2266 650 2319 urbe
676 2266 1010 2321 Antiochena
1065 2283 1096 2320 a
1125 2266 1452 2324 Christianis
1483 2272 1565 2325 eis
1590 2271 1874 2340 ademptas

309 2354 596 2409 restituere
625 2355 898 2425 jussisset,
925 2367 981 2410 et
1013 2357 1314 2428 Symeones
1347 2375 1539 2430 magna
1568 2362 1787 2415 dicendi
1819 2372 1874 2418 et

305 2445 631 2516 objurgandi
668 2447 922 2501 libertate
952 2464 1104 2514 usus,
1135 2450 1347 2505 litteras
1368 2452 1434 2505 ad
1451 2467 1576 2508 eum
1603 2453 1868 2519 dedisset,

310 2533 564 2601 princeps
585 2533 652 2597 is,
680 2535 1022 2604 jussionibus
1049 2538 1163 2593 suis
1189 2539 1435 2603 abolitis,
1458 2556 1521 2596 ea
1542 2559 1660 2612 qua:
1681 2554 1872 2599 sancto

315 2622 430 2676 viro
460 2631 514 2679 et
543 2624 872 2680 Christianis
905 2628 1263 2696 placuissent,
1301 2630 1514 2697 fecerit,
1541 2642 1704 2704 atque
1736 2652 1874 2705 prac-

309 2713 449 2767 fecto
477 2713 548 2778 ei,
577 2715 734 2784 cujus
765 2731 929 2770 suasu
969 2732 1054 2772 res
1095 2733 1159 2772 ea
1210 2721 1458 2776 instituta
1495 2722 1692 2793 fuerat,
1757 2735 1870 2779 tum

306 2805 629 2874 dignitatem
666 2807 974 2863 ademerit:
1010 2822 1437 2882 precatoresque
1485 2817 1752 2872 maximos
1801 2819 1869 2872 ad

307 2913 526 2952 aereum
582 2909 874 2972 martyrem
931 2902 1161 2964 miserit,
1212 2907 1304 2974 qui
1349 2906 1500 2960 illum
1556 2916 1616 2961 ut
1667 2923 1767 2977 pro
1811 2925 1870 2965 se

309 2989 476 3042 Deum
502 3000 758 3046 exoraret
773 3003 828 3046 et
844 3009 1035 3062 preces
1063 3010 1189 3050 suas
1210 3012 1394 3051 secum
1414 3001 1868 3068 communicaret,

308 3089 578 3146 rogarent.
607 3079 737 3145 Quae
773 3091 954 3135 autem
991 3083 1082 3137 ille
1108 3083 1427 3140 admiranda
1466 3088 1702 3143 ediderit
1735 3090 1868 3145 faci-
1895 3121 1938 3179 ο

306 3185 464 3232 mra,
496 3179 550 3224 et
581 3187 742 3239 quam
765 3176 1052 3228 commode
1081 3190 1202 3228 cum
1236 3176 1544 3246 quibusque
1563 3179 1869 3235 collocutus

305 3261 398 3323 sit,
422 3263 546 3330 quis
575 3262 854 3332 sigillatim
887 3266 1162 3332 exponat?
1189 3258 1319 3332 Quae
1349 3267 1394 3322 si
1429 3269 1553 3336 quis
1585 3285 1746 3325 nosse
1775 3287 1872 3325 ve-

310 3351 390 3414 lit,
418 3368 543 3406 eum
597 3351 664 3405 ad
716 3353 1002 3408 historiam
1033 3355 1151 3424 ejus
1181 3356 1469 3424 legendam
1510 3361 1867 3426 remittimus,

305 3461 411 3513 qua
439 3465 466 3494 n
510 3454 633 3513 post
660 3460 916 3515 maguum
951 3445 1351 3504 Theodoritum
1401 3450 1608 3519 optime
1663 3468 1871 3522 cogno-

308 3539 471 3592 minis
503 3537 554 3591 ei
597 3537 833 3608 Symeou
862 3537 1258 3606 Metaphrastes
1287 3541 1640 3611 conscripsit,
1667 3559 1866 3598 novum

305 3630 577 3699 quoddam
607 3641 662 3683 et
688 3630 1074 3683 admirandum
1119 3633 1173 3684 in
1202 3647 1266 3686 ea
1297 3649 1362 3687 ex
1413 3636 1593 3689 omnis
1651 3636 1870 3704 generis

305 3721 529 3773 cibariis
554 3720 866 3773 convivium
887 3720 1142 3775 omnibus
1163 3737 1492 3792 proponens.
1529 3725 1587 3778 ln
1616 3725 1718 3780 hoc
1748 3727 1870 3782 vita:

306 3811 555 3864 instituto
593 3809 904 3876 decertans,
953 3811 1350 3882 quinquaginta
1415 3823 1469 3869 et
1511 3831 1605 3870 sex
1658 3819 1870 3888 peregit

303 3917 493 3955 annos.
522 3902 725 3956 Novem
757 3903 902 3956 enim
931 3904 985 3956 in
1019 3906 1222 3973 priore,
1256 3905 1348 3960 ubi
1389 3907 1671 3977 principiis
1703 3924 1870 3964 sacra:

306 3995 586 4064 rsligionis
617 3995 863 4050 imbutus
911 4008 1016 4062 est,
1062 3998 1250 4052 schola
1303 4002 1682 4070 consumpsit:
1736 4018 1868 4072 qua-

303 4087 551 4156 draginta
581 4097 762 4142 autem
803 4096 858 4142 et
892 4097 1122 4158 septem,
1155 4091 1208 4143 in
1241 4106 1305 4146 ea
1341 4107 1462 4160 qur
1487 4093 1690 4147 dicitur
1716 4095 1868 4149 Man-

303 4179 399 4232 dra
432 4196 445 4232 :
479 4180 592 4234 sive
631 4190 691 4233 ut
719 4181 812 4234 alii
849 4183 1094 4246 tradunt,
1126 4183 1315 4238 decem
1367 4185 1458 4239 hic
1504 4185 1557 4239 in
1599 4189 1869 4257 angustiis

302 4271 630 4337 quihusdam
667 4275 896 4341 peregit;
932 4282 1140 4342 septem
1188 4292 1319 4332 vero
1351 4277 1403 4330 in
1443 4278 1752 4335 minoribus
1779 4296 1862 4335 co-

303 4361 524 4421 lumnis.
557 4371 610 4414 et
636 4364 851 4416 tandem
883 4365 933 4416 in
972 4366 1224 4420 columna
1261 4369 1620 4437 quadraginta
1650 4371 1867 4426 cubito-

1977 530 2074 580 καὶ
2132 526 2232 598 τὴν
2275 527 2385 581 τῶν
2438 526 2700 596 Πατέρων
2759 523 2986 593 ἐντολὴν
3040 524 3330 594 ἧγγελλον,
3388 523 3560 588 εὐθὺς

1976 617 2200 688 θάτερον
2217 617 2325 671 τῶν
2352 617 2529 671 ποδῶν
2577 616 2886 687 προτείνας,
2929 617 3178 668 κατιέναι
3209 616 3305 669 τοῦ
3354 617 3558 668 στόλου

1976 711 2190 779 ἕτοιμος
2209 705 2300 780 ἦν,
2333 709 2430 764 καὶ
2449 710 2550 778 τὴν
2589 710 2701 762 τῶν
2760 707 3020 776 Πατέρων
3069 708 3380 776 ἐπιτροπὴν
3441 707 3560 760 ἀδι-

1979 798 2226 862 στάκτως
2285 797 2503 850 ἀνύειν·
2537 798 2633 850 καί
2693 798 2854 867 χάριν
2903 796 3100 849 εἰδέναι
3153 797 3368 858 τούτοις
3423 796 3556 847 διω·

1982 891 2246 960 μολόγει,
2299 889 2442 942 οὕτω
2509 889 2828 959 κηδομένοις
2873 890 3122 954 ἐκείνου,
3178 893 3253 960 μὴ
3306 890 3450 944 κατὰ
3494 889 3558 940 τὸ

1975 983 2130 1046 δόξαν
2157 981 2277 1052 Θεῷ
2309 981 2513 1035 ὡσανεί
2555 982 2907 1051 πράττοντος.
2944 981 3008 1035 Οἰ
3037 982 3084 1034 δ’
3132 981 3306 1044 οὕτως
3356 983 3557 1050 ἔχοντα.

1979 1074 2202 1144 μᾶλλον,
2255 1073 2331 1136 ὥς
2385 1089 2450 1140 γε
2505 1069 2573 1143 ἦν
2633 1073 2980 1142 ὡρισμένον,
3022 1072 3184 1136 εἴων,
3228 1074 3558 1143 ἐπιτρέπονο

1975 1183 2067 1228 τες
2122 1166 2222 1232 τὴν
2276 1166 2347 1235 ῆν
2393 1164 2664 1235 προῠθετο
2720 1165 2948 1234 πορείαν
2979 1163 3197 1218 ἁνύτειν
3232 1179 3248 1195 ο
3286 1165 3550 1218 ἐπειπόν-

1975 1274 2090 1322 τες,
2129 1256 2310 1325 Ἷσχυε
2343 1258 2440 1308 καί.
2480 1255 2732 1324 άνδρίζου
2757 1269 2774 1286 ο
2823 1253 3010 1316 ἔοικας
3051 1254 3159 1328 γὰρ
3190 1255 3379 1310 θεόθεν
3414 1257 3556 1326 πρὸς

1975 1351 2077 1420 τὴν
2134 1348 2323 1420 τρίϐον
2387 1346 2598 1417 ταύτην
2662 1345 3083 1415 ποδηγηθῆναι,
3132 1348 3354 1414 ἀγνῶτα
3414 1351 3555 1415 πρό-

1973 1457 2132 1510 τερον
2162 1439 2350 1494 οὖσαν.
2396 1438 2455 1492 '0
2489 1437 2590 1508 μὲν
2618 1437 2713 1491 οὖν
2745 1437 3033 1490 τουλοιποῦ
3069 1437 3377 1508 θαρρήσας,
3425 1440 3553 1492 ἐπι-

1980 1531 2181 1601 μᾶλλον
2219 1531 2298 1602 τῷ
2337 1531 2486 1601 ἔργῳ
2535 1527 2792 1583 ἐπέϐαλε.
2846 1529 3018 1581 Τόσον
3065 1529 3110 1581 δ’
3139 1530 3172 1598 ἠ
3219 1529 3342 1583 θεία
3389 1532 3554 1601 χάρις

1977 1621 2242 1692 ἐνέσκηψε
2287 1622 2366 1691 τῷ
2397 1622 2573 1691 ἀνδρὶ,
2622 1622 2698 1684 ὡς
2744 1622 2840 1676 καὶ
2895 1623 3201 1687 Θεοδόσιον,
3256 1623 3555 1694 γράμματι

1979 1711 2316 1764 θεσπίσαντα
2349 1713 2451 1774 τὰς
2478 1713 2876 1781 ἀφαιρεθείσας
2904 1714 3072 1767 πάλαι
3115 1714 3391 1771 Ἰουδαίων
3422 1735 3556 1770 συνο

1974 1804 2196 1871 αγωγὰς
2226 1803 2369 1856 κατὰ
2398 1803 2497 1873 τὴν
2535 1803 2819 1874 Ἀντιόχου
2842 1806 2995 1878 παρὰ
3021 1807 3366 1876 Χριστιανῶν
3390 1805 3554 1873 αὖθις

1975 1895 2332 1964 ἀποδοθῆναι,
2366 1895 2509 1948 οὕτω
2540 1896 2637 1948 σὺν
2666 1896 2955 1969 παρρησίᾳ
2986 1897 3156 1969 πολλῇ
3198 1901 3402 1970 γράψαι
3448 1903 3556 1956 καὶ

1973 1988 2311 2058 ἐπιτιμῆσαι
2347 1989 2733 2058 σφοδρότερον,
2770 1990 2843 2052 ὡς
2882 1994 2979 2045 καὶ
3009 1991 3174 2043 αύτὺν
3209 1993 3412 2046 ἐκεῖνον
3447 1994 3552 2048 τὸν

1974 2078 2282 2149 κρατοῦντα
2308 2080 2406 2143 τὰς
2454 2085 2727 2150 σφετέρας
2771 2082 3259 2151 ἀνακαλεσάμενον
3303 2101 3558 2154 προστα-

1972 2169 2096 2234 γάς,
2129 2168 2198 2221 τὰ
2224 2168 2359 2239 πρὸς
2398 2169 2559 2239 χάριν
2587 2169 2668 2240 τῷ
2704 2170 2839 2240 ὁσίῳ
2876 2172 2973 2224 καὶ
3017 2172 3368 2242 Χριστιανοῖς
3392 2175 3551 2228 ἐκτε-

1973 2259 2126 2313 λέσαι
2153 2275 2166 2289 °
2215 2261 2535 2330 παραλῦσαι
2582 2261 2642 2317 δὲ
2679 2261 2777 2315 καὶ
2823 2261 2915 2316 τὸν
2957 2263 3260 2333 τηνικαῦτα
3306 2264 3546 2336 ὕπαρχον

1971 2350 2072 2420 τῆς
2099 2352 2279 2416 ἀξέας,
2302 2351 2400 2424 τὴν
2425 2353 2626 2425 πρᾶξιν
2656 2354 3122 2425 εἰσηγησάμενον·
3149 2355 3252 2408 καὶ
3285 2358 3538 2425 μεγίστην

1974 2443 2278 2518 ἐπιπέμψαι
2302 2443 2380 2514 τῷ
2408 2445 2581 2516 ἀερίῳ
2614 2445 2853 2518 μάρτυρι
2878 2445 3085 2516 δέησιν,
3114 2445 3250 2500 ὥσθ’
3285 2447 3418 2518 ὺπέρ
3441 2449 3541 2500 αὒ-

1972 2534 2066 2586 τοῦ
2112 2533 2245 2587 Θεὸν
2267 2514 2280 2529 ‘
2303 2514 2746 2601 doctrinamve!
2787 2514 2898 2590 τῶν
2931 2514 3153 2591 οἰκείων
3203 2514 3548 2608 μεταδιδόναι

1973 2626 2168 2696 εὐχῶν.
2223 2628 2368 2680 Ὅσα
2420 2629 2478 2681 δὲ
2535 2629 2682 2682 κατὰ
2733 2629 2900 2699 μέρος
2949 2627 3158 2699 ἔπραξε
3207 2629 3322 2682 τῶν
3373 2629 3548 2700 ἔργων

1973 2719 2272 2788 παράδοξα,
2305 2720 2398 2773 καὶ
2424 2719 2619 2789 ὡμίλει
2664 2720 2881 2786 ἑκάστῳ
2911 2722 2982 2772 τὰ
3005 2721 3319 2792 πρόσφορα,
3350 2723 3438 2784 τίς
3482 2721 3549 2774 ἂν

1973 2805 2114 2859 κατά
2164 2806 2328 2877 μέρος
2358 2806 2785 2876 ἐκδιηγήσαιτο;
2833 2805 2924 2876 Τῷ
2967 2823 3031 2875 γε
3087 2807 3196 2878 μὴν
3230 2807 3548 2878 βουλομένῳ

1973 2901 2038 2968 τῇ
2070 2897 2190 2950 κατ’
2236 2899 2401 2952 αὑτὸν
2437 2897 2653 2969 ἱστορίᾳ
2697 2899 2943 2967 ἐντυχεῖν
2992 2899 3445 2968 προτρεπόμεθα,
3480 2899 3551 2970 ἢν

1971 2991 2172 3060 ἄριστα
2234 2989 2372 3059 μετὰ
2421 2976 2514 3042 τὸν
2560 2990 2734 3043 πολὺν
2788 2988 3139 3061 Θεοδώρητον
3184 2991 3213 3043 ό
3257 2991 3550 3062 ὁμώνυμος

1972 3078 2120 3147 αὑτῷ
2149 3078 2378 3147 Συμεὼν
2407 3082 2434 3134 ὁ
2479 3079 2892 3150 Μεταφραστὴς
2923 3077 3214 3150 ἐπεξῆλθε,
3262 3083 3400 3134 πᾶσι
3426 3099 3551 3135 και-

1971 3168 2067 3238 νήν
2097 3185 2220 3221 τινα
2271 3169 2366 3221 καὶ
2403 3167 2562 3234 ξένην
2601 3169 2935 3222 πανδαισίαν
2985 3171 3054 3221 τα
3099 3168 3310 3222 ἐκείνου
3348 3169 3554 3240 προθέ-

1972 3278 2150 3329 μενος.
2189 3262 2313 3314 Ἐπὶ
2347 3261 2404 3314 δὲ
2429 3260 2608 3334 ταύτῃ
2645 3263 2714 3333 τῇ
2749 3261 3002 3333 διατριϐῇ
3028 3261 3325 3328 ἀεθλεύων,
3359 3261 3421 3327 ἐξ
3451 3264 3551 3315 καὶ

1971 3355 2316 3424 πεντήκοντα
2361 3353 2670 3406 διετέλεσεν
2700 3354 2797 3424 ἔτη
2825 3371 2839 3384 ο
2873 3351 3028 3406 ἐννέα
3065 3355 3164 3423 μέν
3189 3352 3268 3424 τῷ
3295 3354 3550 3424 προτέρῳ

1972 3447 2377 3516 φροντιστηρίῳ
2417 3445 2545 3500 ἔνθα
2585 3446 2916 3516 κατήχηται,
2953 3447 3092 3500 έπτὰ
3135 3445 3180 3498 δ’
3233 3450 3290 3498 ἐν
3326 3449 3394 3518 τῇ
3440 3464 3546 3499 και

1972 3536 2217 3609 λουμένῃ
2245 3537 2473 3608 Μάνδρα
2501 3537 2597 3590 καὶ
2633 3537 3066 3608 τεσσαράκονταο
3095 3537 3229 3591 δέκα
3256 3537 3359 3604 μὲν
3394 3539 3546 3590 έτεσι

1973 3628 2234 3698 στενωπῷ
2267 3646 2372 3681 τινι
2401 3629 2492 3682 τὸν
2527 3628 2715 3697 ἀγῶνα
2737 3629 3028 3700 διηνυκὼς,
3061 3629 3207 3683 κίοσι
3241 3630 3298 3683 δέ
3329 3630 3544 3702 βραχυ-

1969 3720 2147 3788 τέροις
2194 3719 2357 3772 ἑπτά·
2409 3720 2502 3773 ἐπὶ
2553 3719 2609 3773 δὲ
2646 3721 2736 3773 τὸν
2786 3722 3392 3793 τεσσαρακοντάπηχυν
3445 3723 3543 3795 ἐτη

1969 3809 2284 3879 τριάκοντα.
2320 3809 2393 3862 υῦ
2425 3810 2486 3862 τὸ
2532 3810 2676 3880 ἱερὸν
2727 3811 2822 3864 καί
2860 3811 3165 3864 πολύαθλον
3209 3812 3370 3882 σῶμα
3403 3815 3544 3881 μετὰ

1969 3905 2068 3969 τὴν
2099 3901 2312 3957 ἐνθένδε
2351 3903 2678 3973 ἀπαλλαγὴν
2710 3905 2884 3973 χρόνῳ
2920 3903 3150 3973 ὔστερον
3185 3907 3412 3970 Λέοντος
3441 3905 3540 3960 τοῦ

1973 3993 2212 4062 μεγάλου
2237 3994 2305 4046 τὰ
2341 3995 2595 4064 σκῆπτρα
2637 3994 2925 4065 Ῥωμαίων
2954 3996 3236 4062 διέποντος
3279 4000 3422 4052 κατὰ
3446 4001 3542 4053 τὸν

1982 4085 2254 4153 Ἀντιόχου
2305 4085 2559 4155 εἰσήχθη,
2606 4086 2932 4155 Μαρτυρίου
2980 4105 3041 4140 τε
3089 4089 3182 4142 ἐπὶ
3227 4090 3337 4142 τῶν
3373 4092 3539 4160 ἱερῶν

1968 4176 2166 4229 οἰάκων
2193 4177 2634 4247 προκαθημένου,
2682 4179 3068 4249 Ἀρδαϐουρίου
3104 4181 3161 4234 δὲ
3199 4181 3307 4237 τῶν
3353 4183 3538 4255 Ἐᾠων

1969 4270 2272 4338 ἡγουμένου
2297 4271 2594 4340 ταγμάτων
2621 4271 2762 4338 μετὰ
2789 4272 2898 4323 τῶν
2923 4273 3061 4342 ἀμφ’
3087 4274 3250 4327 αὑτὸν
3277 4292 3540 4346 στρατιω-

1969 4364 2098 4425 τῶν,
2145 4363 2236 4415 καὶ
2272 4362 2448 4414 ἄλλων
2480 4363 2750 4417 πλείστων
2785 4364 2894 4418 τῶν
2935 4368 2994 4418 ἐν
3043 4366 3191 4419 τέλει
3231 4370 3532 4437 παρόντων.

306 4469 422 4505 rum
495 4452 855 4523 longitudinis
910 4455 1284 4525 undetriginta
1341 4460 1602 4528 transegit
1659 4477 1854 4516 annos.

1971 4452 2027 4505 υἳ
2057 4453 2119 4522 δὴ
2149 4453 2348 4516 πάντες
2371 4451 2488 4522 ἅμα
2525 4455 2619 4506 καὶ
2643 4455 2875 4525 ἀπείρου
2904 4459 3131 4526 στίφους
3170 4459 3531 4528 ἐφεπομένου,

301 4545 470 4614 Cujus
497 4560 712 4598 sacrum
747 4545 982 4600 cadaver
1009 4557 1128 4616 post
1161 4556 1240 4602 tot
1271 4549 1597 4613 certamina,
1635 4561 1690 4604 et
1720 4567 1863 4605 mor-

304 4646 410 4688 tem
444 4637 612 4704 ipsam
640 4637 866 4701 ohitam,
896 4647 1082 4707 postea
1121 4640 1222 4694 sub
1262 4639 1465 4694 Leonis
1487 4640 1663 4712 Magni
1694 4643 1866 4713 impe.

305 4727 382 4781 rio
406 4729 748 4783 Antiochiam
789 4742 872 4784 est
902 4731 1186 4797 perlatum,
1221 4731 1499 4802 Martyrio,
1521 4735 1616 4802 qui
1649 4743 1758 4788 tum
1787 4734 1864 4788 ibi

299 4819 668 4888 episcopatum
700 4821 945 4888 gerebat,
977 4832 1139 4891 atque
1170 4823 1479 4881 Ardaburio
1506 4823 1863 4880 Orientalium

301 4911 580 4987 copiarum
628 4912 876 4979 ductore,
914 4930 1037 4968 cum
1102 4915 1373 4970 militibus
1431 4917 1568 4982 suis,
1623 4928 1678 4972 et
1738 4919 1864 4973 aliis

303 5003 552 5070 plurimis
628 5005 1044 5075 magistratibus
1096 5009 1485 5078 prazsentibus.
1537 5010 1639 5074 Qui
1700 5011 1862 5065 simul

300 5111 508 5161 mmtes,
541 5097 776 5150 maximo
797 5115 889 5152 eos
913 5100 1206 5154 comitante
1223 5102 1489 5162 exercitu,
1518 5103 1583 5154 ad
1610 5103 1861 5157 divinum

301 5188 433 5239 illud
467 5188 801 5257 tuguriolum
865 5189 1157 5254 advenere,
1188 5200 1243 5244 et
1299 5194 1673 5246 venerandum
1720 5193 1864 5248 illius

298 5279 526 5332 cadaver
546 5295 668 5334 cum
703 5282 1008 5334 reverentia
1049 5291 1102 5335 et
1146 5284 1405 5336 comitatu
1451 5284 1624 5337 multo
1683 5285 1862 5354 (ωιιίιί

301 5380 534 5432 namque
563 5367 726 5420 etiam
758 5383 825 5422 ex
847 5371 1162 5426 monasticis
1212 5372 1550 5441 philosophis
1583 5374 1864 5443 undequa-

299 5469 405 5520 que
459 5470 524 5508 ex
569 5458 765 5513 vicinis
815 5461 949 5515 locis
1005 5463 1073 5514 ad
1139 5478 1350 5517 sacram
1411 5465 1661 5533 corporis
1714 5465 1864 5520 illius

301 5545 712 5612 productionem
737 5563 791 5606 et
823 5570 1070 5622 pompam
1109 5571 1172 5609 eo
1202 5571 1259 5609 se
1306 5557 1670 5626 contulerant)
1703 5557 1862 5627 562

301 5651 678 5703 asservarunt,
717 5660 783 5697 ne
820 5646 1065 5699 ﬁnitima:
1095 5647 1257 5700 urbes
1293 5645 1633 5701 conﬂuentes
1687 5649 1735 5701 id
1779 5665 1864 5702 ra-

303 5738 490 5786 uerent
530 5733 714 5787 :uuol
771 5733 873 5786 illa:
899 5736 1039 5788 inter
1067 5753 1143 5794 se.
1187 5753 1432 5794 quaenam
1470 5737 1600 5792 illud
1637 5750 1853 5793 sortire-

1966 4545 2106 4598 κατὰ
2132 4545 2229 4614 τὴν
2266 4545 2416 4598 θείαν
2449 4546 2692 4616 μάνδραν
2727 4549 3037 4617 γενόμενοι,
3091 4551 3183 4603 τὸν
3215 4551 3530 4604 πάνσεπτον

1965 4637 2176 4690 ἐκείνου
2204 4638 2393 4706 νεκρὸν
2435 4639 2532 4691 σὺν
2577 4639 2720 4692 αἰδοῖ
2756 4641 2851 4692 καί.
2885 4641 3188 4713 δορυφορίᾳ
3218 4644 3386 4715 πολλῇ
3425 4650 3532 4698 διε-

1967 4731 2213 4780 σώσαντο
2244 4728 2463 4798 (πολλοῦ
2498 4729 2562 4798 δὴ
2596 4730 2837 4800 πλήθους
2884 4733 3194 4799 φιλοσόφων
3223 4737 3431 4806 ἀνδρῶν
3472 4737 3533 4787 ἐκ

1964 4821 2074 4873 τῶν
2106 4821 2424 4890 περικύκλῳ
2449 4825 2977 4890 καταφοιτησάντων
3008 4827 3072 4894 τῇ
3097 4825 3192 4878 τοῦ
3223 4827 3367 4893 ίεροῦ
3398 4828 3533 4879 ἐκεί-

1967 4930 2056 4964 νου
2089 4913 2324 4983 σκήνους
2366 4915 2486 4983 ίερᾷ
2516 4914 2868 4983 προπομπῇ),
2923 4915 2998 4977 ὡς
3043 4916 3108 4968 ἂν
3157 4921 3234 4989 μὴ
3277 4919 3333 4971 αἰ
3372 4918 3530 4988 πέριξ

1965 5006 2146 5065 πόλεις
2205 5008 2553 5075 ἐπιρῤυίσαι
2606 5009 2696 5060 τὸν
2749 5009 3035 5079 ζωηφόρον
3079 5013 3270 5082 νεκρὸν
3303 5012 3529 5079 διαρπά-

1967 5115 2121 5163 σωσι,
2157 5097 2583 5167 φιλονεικοῦσαι,
2616 5100 2744 5152 ποία
2780 5104 2909 5154 ποτέ
2938 5104 3154 5170 γένοιτο
3183 5104 3375 5157 τοῦτον
3402 5105 3524 5174 κλη-

1968 5192 2272 5260 ρώσασθαι.
2306 5192 2474 5254 Μόλις
2508 5192 2564 5246 δὲ
2599 5193 2877 5262 διαφυγὼν
2905 5197 3031 5258 τοὺς
3065 5197 3410 5265 ἁρπάζοντας
3438 5197 3527 5250 σὺν

1967 5283 2213 5351 θαύμασι
2247 5285 2386 5336 κατὰ
2429 5285 2529 5352 τὴν
2575 5285 2890 5356 ὁδοιπορίαν
2935 5289 3346 5356 γεγενημένοις,
3394 5288 3527 5340 κατὰ

1965 5375 2063 5442 τὴν
2107 5374 2386 5442 Ἀντιόχου
2415 5373 2598 5441 ἐτέθη.
2655 5374 2721 5426 Ὃ
2757 5375 2851 5428 καὶ
2880 5375 3029 5426 Λέων
3061 5374 3293 5445 ὕστερον
3317 5378 3345 5427 ό
3373 5376 3526 5428 αύτο-

1967 5467 2189 5534 κράτωρ
2251 5467 2573 5536 Ἀντιοχέων
2613 5467 2784 5520 ἐδεῖτο
2829 5467 3118 5536 λήψεσθαι.
3167 5469 3229 5520 Οἰ
3271 5468 3328 5521 δὲ
3352 5467 3524 5536 δέησιν

1965 5553 2398 5622 ἐπιπέμψαντες,
2432 5554 2567 5622 πρὸς
2591 5555 2702 5617 τοῖς
2730 5553 2909 5617 ἄλλοις
2932 5556 3026 5607 καί
3050 5554 3226 5607 ταῦτα
3255 5558 3323 5626 τῇ
3352 5555 3524 5623 δεήσει

1965 5646 2282 5714 γεγράφασι
2307 5661 2323 5679 ο
2357 5663 2376 5696 ι
2413 5647 2513 5698 Διὰ
2550 5646 2611 5698 τὸ
2642 5646 2717 5716 μὴ
2757 5648 3024 5718 ὑπάρχειν
3055 5650 3235 5718 τεῖχος
3267 5652 3334 5718 τῇ
3382 5647 3524 5702 πόλει

1969 5736 2248 5795 (πέπτωκε
2289 5737 2397 5802 γὰρ
2434 5740 2490 5790 ἐν
2536 5738 2672 5804 ὀργῇ
2704 5737 2930 5805 σεισμοῦ
2961 5737 3198 5805 μεγάλου
3232 5740 3516 5806 γεγενημέ-
