3910 6218
398 337 533 402 i245

386 551 544 619 quia
576 548 810 617 γένηται
871 555 1050 623 τεῖχος
1112 554 1207 606 καὶ
1259 554 1563 626 ὀχύρωμα·
1610 573 1628 609 ι
1676 555 1757 621 οἷς
1810 558 1966 629 μόλις

384 639 756 709 δυσωπηθεὶς,
785 642 972 705 ἐνδούς
1001 660 1063 696 τε
1087 647 1158 714 τῇ
1185 646 1375 716 δεήσει
1410 648 1658 714 ἐκείνων,
1680 649 1740 702 τὸ
1764 651 1964 702 σεπτὸν

386 733 621 796 ἐκείνοις
653 735 803 786 εἴασε
839 735 999 801 σῶμα
1027 736 1121 790 τοῦ
1159 738 1410 806 Συμεὼν,
1444 740 1473 792 ὃ
1511 741 1607 794 καὶ
1652 742 1814 811 μέχρι
1857 742 1966 794 τῶν

390 822 689 890 κατωτέρω
744 823 955 890 χρόνων
1009 827 1192 878 ὲκεῖσε
1245 827 1310 896 δὴ
1358 827 1725 895 φυλάττεσθαι
1779 831 1872 882 καὶ
1908 831 1965 894 ές

385 912 550 982 δεῦρο
578 913 782 982 ἔγνων.
822 915 937 981 Ἐφ’
1032 917 1096 987 δὴ
1130 917 1226 972 καί
1254 935 1306 970 τι
1333 920 1642 988 παράδοξον
1671 923 1965 992 ἱστορεῖται

389 1009 498 1069 τοῖς
527 1007 866 1076 θεωρήσασι.
906 1009 1018 1071 Τὰς
1055 1011 1164 1079 γὰρ
1192 1012 1332 1064 κατὰ
1359 1012 1459 1081 τῆς
1486 1014 1726 1085 κεφαλῆς
1755 1015 1963 1070 καὶτοῦ

390 1099 654 1167 πώγωνος
686 1101 998 1169 προσούσας
1021 1103 1216 1173 τρίχας
1245 1105 1321 1174 μὴ
1349 1106 1653 1170 διαπεσεῖν,
1682 1109 1820 1176 μήτε
1856 1109 1962 1180 μὴν

389 1192 464 1261 τῷ
488 1193 666 1262 χρόνῳ
689 1194 1078 1264 διαφθαρῆναι,
1119 1198 1275 1266 φασί·
1305 1200 1603 1265 νικήσασαι
1631 1201 1687 1253 δὲ
1717 1201 1808 1253 τὸν
1838 1203 1962 1272 χρό-

390 1302 500 1349 νον,
537 1285 619 1338 ἔτι
672 1286 1056 1355 διαφαίνονται
1109 1289 1385 1355 σώζουσαι
1425 1294 1504 1362 τῷ
1552 1293 1687 1364 ὁσίῳ
1727 1294 1818 1346 τὸν
1861 1313 1963 1364 χα-

391 1377 664 1447 ρακτῆρα,
695 1379 884 1448 ὥσπερ
918 1379 1080 1444 ζῶντι
1120 1383 1215 1434 καὶ
1249 1383 1560 1452 ἀνθρώποις
1594 1386 1958 1456 διομιλοῦντιο

390 1468 791 1537 περισώζεσθαι
819 1471 874 1524 δὲ
905 1473 1056 1543 αὐτῷ
1092 1475 1185 1527 καὶ
1232 1474 1380 1528 ἅπαν
1407 1479 1467 1529 τὸ
1499 1477 1694 1548 δέρμα,
1745 1478 1825 1548 τῷ
1859 1494 1964 1547 μαι

392 1563 506 1632 κρῷ
540 1566 688 1634 πόνῳ
721 1567 816 1617 καὶ
861 1567 1040 1637 χρόνῳ
1087 1570 1521 1639 έρῤυτιδωμένον
1569 1589 1629 1625 τε
1678 1572 1777 1624 καὶ
1821 1573 1962 1624 ἀπε-

394 1658 650 1726 σκληκόςο
681 1659 816 1727 πρὸς
845 1659 898 1711 δὲ
931 1660 1026 1712 καὶ
1053 1663 1100 1713 oi
1135 1665 1275 1714 κατά
1305 1662 1401 1714 τοῦ
1435 1663 1704 1732 στόματος
1730 1665 1962 1729 ὀδόντες,

1260 396 1268 404 .
1328 333 1924 414 ECCLESIASTlC/E
1963 355 2346 418 msroum
2386 359 2526 425 LIB.
2573 363 2730 426 XIV.

386 457 504 525 νου)
533 457 818 526 ἠγάγομεν
846 460 905 510 τὸ
926 461 1194 529 πανάγιον
1224 463 1383 531 σῶμα
1417 465 1512 518 τοῦ
1536 465 1784 534 Συμεὼν,
1810 466 1957 528 ὅπως

2072 477 2174 532 tur,
2209 471 2562 528 decertarent

3509 367 3646 434 12i6

2611 492 2624 528 :
2677 485 2840 545 atque
2881 475 2931 530 id
2992 463 3346 533 vix‘tandcm
3408 481 3640 542 salvum,

2068 561 2254 616 multis
2285 565 2341 617 in
2373 563 2570 621 itinere
2601 567 2883 623 miraculis
2903 569 3186 634 exhibitis,
3220 570 3524 625 Antiochia:
3559 588 3650 627 re~

2068 653 2306 723 positum
2337 665 2440 710 est.
2477 654 2538 711 ld
2574 660 2740 711 etiam
2777 670 2961 727 postea
2995 657 3296 729 imperator
3329 661 3374 714 is
3409 663 3477 716 ab
3535 663 3644 716 An-

2069 746 2342 802 tiochenis
2371 750 2474 804 sibi
2504 743 2621 804 dar'i
2660 752 2837 820 petiit.
2891 754 2959 806 At
3002 752 3075 806 illi
3135 755 3520 821 precatoribus
3572 757 3638 809 ad

2065 855 2192 892 eum
2225 840 2426 905 missis,
2468 841 2615 896 inter
2638 842 2741 896 alia
2768 854 2822 896 et
2856 843 2970 896 haec
2994 845 3246 912 pret-ibus
3272 847 3385 899 suis
3414 846 3646 899 addide-

2067 947 2126 985 re
2157 950 2170 986 ι
2206 951 2223 983 ι
2265 933 2563 1001 Propterea
2597 937 2738 1004 quod
2777 937 2908 990 urbs
2933 947 3117 990 nostra
3146 953 3362 990 murum
3399 955 3504 992 non
3548 940 3648 993 ha-

2064 1025 2243 1087 beret,
2270 1027 2365 1094 qui
2417 1042 2614 1096 magno
2652 1035 3000 1081 terraemotus
3045 1032 3248 1096 impetu
3284 1030 3515 1092 corruit,
3556 1046 3646 1084 sa-

2066 1127 2411 1171 crosanctum
2449 1117 2740 1188 Symeonis
2795 1135 2996 1188 corpus
3043 1123 3150 1174 huc
3181 1120 3537 1186 adduximus,
3588 1130 3648 1174 ut

2068 1210 2226 1263 nobis
2254 1225 2352 1279 pro
2412 1226 2570 1264 muro
2600 1220 2656 1264 et
2691 1212 2835 1264 vallo
2875 1221 3044 1265 esset.
3121 1229 3140 1262 ι
3193 1213 3406 1277 Quibus
3464 1213 3648 1266 verbis

2029 1316 2210 1372 aegre
2261 1303 2372 1356 Leo
2437 1313 2739 1368 exoratus,
2781 1304 3040 1372 precibus
3095 1317 3285 1359 eorum
3348 1303 3536 1370 cessit,
3595 1314 3648 1359 et

2067 1405 2316 1448 sanctum
2351 1393 2642 1466 Symeonis
2703 1411 2907 1465 corpus
2939 1397 3020 1450 eis
3061 1395 3303 1464 reliquit.
3363 1395 3518 1462 Quod
3573 1395 3648 1451 ibi

2069 1488 2476 1556 posterioribus
2529 1489 2868 1557 temporibus
2910 1491 2976 1542 ad
3037 1487 3141 1542 hoc
3191 1504 3367 1557 usque
3430 1499 3649 1558 tempus

2069 1591 2348 1633 Servatum
2371 1594 2493 1634 esse
2525 1580 2732 1634 scimus
2767 1581 2866 1650 (ι).
2905 1580 2979 1633 De
3008 1580 3113 1634 hoc
3143 1579 3456 1634 mirandum
3490 1581 3650 1649 quid-

2070 1671 2217 1734 dam,
2258 1672 2352 1742 qui
2378 1672 2430 1726 id
2470 1673 2748 1730 viderunt.
2774 1683 3104 1728 memorant.
3134 1673 3267 1726 Nam
3297 1673 3492 1742 capitis
3527 1673 3650 1740 ejus

393 1750 536 1818 πλὴν
590 1751 814 1804 ἐκείνων
864 1753 980 1803 ὅσοι
1037 1753 1246 1804 πιστῶν
1305 1755 1496 1824 χερσὶν
1547 1755 1968 1825 ἀνεσπάσθησαν

2073 1771 2126 1816 et
2185 1763 2365 1818 barba:
2403 1764 2631 1832 capillos
2665 1779 2773 1818 non
2827 1763 3120 1827 excidisse,
3172 1779 3352 1832 neque
3394 1774 3643 1834 tempore

305 1857 318 1870 ·
393 1842 600 1912 φίλτρῳ
623 1843 700 1912 τῷ
723 1844 859 1912 πρὸς
886 1844 1072 1898 αὐτόν.
1111 1847 1177 1898 Ἀ
1207 1845 1270 1914 δὴ
1308 1848 1482 1900 πάντα
1521 1845 1854 1916 κηρύττουσι
1878 1847 1969 1900 διὰ

390 1931 485 1983 τοῦ
521 1933 826 2000 σχήματος,
867 1927 980 1997 οἷός
1011 1951 1070 1986 τε
1102 1936 1200 1988 καὶ
1223 1934 1412 2000 πόσος,
1449 1935 1675 2005 πηλίκος
1712 1953 1771 1988 τε
1807 1938 1833 1988 ὁ
1871 1935 1966 1988 τοῦ

391 2026 528 2078 Θεοῦ
552 2026 841 2096 ἄνθρωπος
885 2023 956 2098 ἦν
986 2028 1234 2097 Συμεών,
1283 2029 1624 2098 Παράκειται
1654 2029 1708 2082 δὲ
1756 2029 1832 2098 τῷ
1865 2029 1970 2082 σώ-

397 2136 528 2184 ματι
563 2119 660 2172 καὶ
689 2122 717 2172 ὁ
764 2123 827 2172 ἐκ
876 2121 1104 2190 σιδήρου
1142 2123 1522 2189 πεποιημένος
1549 2121 1749 2184 κλοιὸς·
1784 2122 1842 2184 δς
1873 2122 1966 2174 καὶ

393 2211 574 2279 αὐτὸς,
604 2215 826 2283 σύναμα
857 2214 934 2282 τῷ
961 2215 1277 2286 καρτερικῷ
1301 2215 1518 2266 ἐκείνου
1549 2214 1648 2267 καὶ
1681 2213 1967 2282 πολυάθλῳ

395 2306 609 2374 σώματι
641 2308 1039 2370 συναεθλεύων,
1093 2311 1188 2362 καὶ
1235 2310 1346 2360 τῶν
1393 2315 1455 2361 ἐκ
1488 2309 1626 2361 Θεοῦ
1660 2310 1965 2377 μετέσχηκε

390 2397 633 2466 δωρεῶν.
672 2398 808 2450 Οὐδὲ
843 2401 949 2465 γὰρ
979 2399 1184 2469 καίπερ
1233 2399 1582 2452 ἀποθανόντα
1620 2399 1711 2452 τὸν
1742 2397 1967 2466 Συμεὼν

390 2491 417 2540 ὸ
446 2492 684 2560 ἐραστὴς
716 2491 890 2560 αὐτῷ,
923 2493 1062 2544 είπω
1096 2491 1141 2543 δ’
1171 2491 1253 2542 ὅτι
1295 2491 1390 2543 καὶ
1434 2489 1712 2560 ἐρώμενος
1749 2490 1966 2560 σίδηρος

389 2582 778 2647 ἀπολέλοιπεν,
799 2582 994 2652 ὥσπερ
1019 2583 1438 2652 ἀποσκιρτήσας
1464 2585 1562 2652 τῆς
1581 2583 1748 2650 καλῆς
1774 2583 1960 2646 ξυναυι

391 2673 532 2736 λίαςο
564 2674 679 2726 ἀλλ’
713 2674 910 2742 ἐκείνῳ
943 2674 1302 2742 παράκειται,
1332 2675 1436 2727 ὅσα
1458 2673 1523 2744 δὴ
1555 2675 1650 2726 καὶ
1675 2673 1737 2725 τὸ
1757 2673 1967 2725 ἐκείνου

396 2768 556 2836 σῶμα
595 2767 1092 2834 διαπραττόμενος.
1130 2764 1318 2827 Οὕτως
1358 2766 1550 2834 ἔμοιγε
1580 2768 1695 2827 τοῖς
1729 2766 1967 2818 καθέκαο

395 2877 519 2916 στον
565 2860 674 2910 τῶν
708 2859 919 2911 ἐκείνου
962 2860 1101 2927 ἔρως
1133 2858 1476 2922 ἐπεξελθεῖν,
1529 2859 1801 2927 ὠφέλειαν
1837 2876 1968 2928 προ-

395 2950 680 3022 ξενήσουσι
699 2951 1045 3020 διηγουμένῳ
1071 2951 1164 3002 καὶ
1193 2952 1306 3010 τοῖς
1337 2950 1784 3018 ἐντυγχάνουσιν,
1818 2952 1866 3001 εί
1893 2952 1967 3019 μὴ

396 3044 825 3115 προειρημένοις
855 3043 1022 3105 θείοις
1052 3041 1311 3110 ἀνδράσιν
1338 3041 1503 3106 ἀξίως
1533 3041 1629 3094 καὶ
1661 3041 1807 3111 μάλα
1828 3040 1969 3111 λαμ-

395 3139 550 3208 ¹ιιρῶς
581 3137 678 3190 καὶ
713 3138 792 3198 είς
841 3135 1045 3198 πλάτος
1095 3135 1277 3188 πάντα
1325 3136 1636 3204 πεπόνηται
1657 3149 1674 3164 ’
1704 3132 1876 3196 ἄλλως
1906 3151 1967 3186 τε

396 3233 492 3284 καὶ
527 3229 666 3299 πρὸς
713 3228 847 3282 ἄλλα
877 3228 980 3296 τῆς
1019 3226 1356 3295 ἐπαγγελίας
1400 3227 1526 3296 ἐμοὶ
1572 3225 1968 3295 προκειμένης,

395 3320 532 3380 τέως
605 3319 744 3387 ὅπερ
811 3316 1042 3377 ἐκείνοις
1109 3314 1548 3385 παραλέλειπται
1611 3314 1969 3384 διηγήσομαι.

397 3407 654 3476 Μάνδραν
708 3406 831 3477 μὲν,
875 3404 949 3470 ὡς
988 3401 1230 3472 εἴρηται,
1279 3403 1370 3456 τὸν
1404 3404 1582 3473 χῶρον
1631 3402 1886 3454 καλοῦςιν
1919 3401 1970 3452 οῖ

399 3495 686 3568 ἐπιχώριοι
713 3498 812 3566 τῆς
834 3497 1148 3565 ἀσκήσεως,
1178 3494 1278 3546 τοῦ
1302 3496 1450 3547 ὁσίου
1473 3495 1570 3564 τὴν
1601 3493 1794 3562 κλῆσιν
1821 3492 1972 3561 αὐτῷ

400 3588 807 3651 έπιδεδωκότος.
839 3589 1104 3658 Διέστηκε
1139 3587 1196 3642 δὲ
1231 3587 1580 3648 Θεουπόλεως
1607 3586 1843 3648 σταδίοις
1869 3587 1971 3655 μά-

401 3683 556 3736 λιστα
603 3682 941 3752 τριακοσίοις
988 3683 1127 3750 πρὸς
1159 3680 1292 3732 αὐτὸ
1321 3680 1381 3732 τὸ
1413 3678 1642 3741 ἄναντες
1676 3679 1774 3747 τῆς
1809 3695 1973 3748 κορυ-

400 3775 506 3843 φῆς
529 3774 623 3828 τοῦ
654 3774 812 3846 ὅρους
839 3774 1187 3842 διακειμένηο
1214 3774 1275 3824 τὺ
1306 3772 1352 3825 δ’
1381 3771 1640 3828 ἐπέκεινα
1670 3770 1970 3838 πρόσαντες

398 3869 582 3938 διήκει
618 3869 855 3931 σταδίοις
885 3866 1118 3919 εἴκοσινο
1157 3866 1242 3934 ἐφ’
1292 3864 1321 3916 ὃ
1367 3864 1461 3917 καὶ
1490 3860 1625 3926 νεὼς
1667 3862 1863 3931 ἀνέστη
1894 3857 1973 3928 τῷ

402 3962 545 4031 ἁγίῳ
589 3963 646 4023 ἐς
694 3959 935 4029 σταυροῦ
967 3960 1154 4028 σχῆμα
1190 3955 1643 4023 διατυπούμενος,
1684 3955 1747 4006 ὲκ
1774 3953 1973 4006 τεσσάο

407 4070 513 4121 ρων
553 4051 809 4121 πλευρῶν
837 4050 1016 4112 θόλοις
1049 4046 1452 4118 κοσμούμενος.
1480 4043 1671 4107 Κίονες
1693 4043 1751 4096 δὲ
1783 4042 1972 4108 ξεστοῦ

402 4148 552 4200 λίθου
581 4143 949 4214 πεποιημένοι
978 4141 1436 4211 παρατετάχαται
1468 4138 1591 4198 ταῖς
1624 4137 1807 4196 στοαῖς
1840 4135 1973 4204 πρὸς

400 4239 462 4292 τὸ
493 4237 962 4309 εὐπρεπέστερον,
1010 4234 1072 4288 εῦ
1129 4232 1277 4303 μάλα
1329 4233 1428 4300 τὴν
1475 4229 1682 4299 ὀροφὴν
1720 4230 1800 4289 εἰς
1843 4227 1974 4296 ὕψος

403 4332 744 4401 ἐπαίροντες·
789 4331 851 4382 τὸ
899 4327 958 4381 δὲ
1001 4327 1166 4396 μέσον
1205 4325 1342 4394 αὐλή
1368 4324 1450 4386 τίς
1479 4326 1628 4376 ἐστιν
1664 4320 1972 4389 ὑπαίθριος,

2072 1852 2389 1920 longissimo
2427 1851 2778 1907 intercidisse
2806 1852 3004 1908 aiunt:
3039 1851 3135 1920 qui
3171 1855 3222 1905 vi
3255 1841 3523 1921 temporis
3553 1868 3648 1908 su-

2071 1954 2279 2013 perata,
2310 1944 2541 1998 formam
2568 1945 2750 1999 adhuc
2777 1945 2877 1999 viri
2903 1944 3082 1999 sancti
3121 1945 3295 1998 veluti
3335 1945 3572 1998 viventis
3593 1951 3648 1997 et

2070 2038 2211 2092 inter
2250 2037 2503 2093 homines
2525 2038 2794 2092 versantis
2825 2039 3222 2092 conservarint.
3247 2038 3463 2107 Integra
3481 2037 3647 2090 etiam

2069 2131 2190 2196 ejus
2227 2128 2374 2184 dicta
2404 2140 2488 2184 est
2540 2129 2709 2184 fuisse
2740 2129 2883 2183 cutis
2919 2128 3121 2193 omnis,
3159 2138 3324 2197 atque
3357 2129 3412 2182 in
3467 2127 3648 2181 fronte

2071 2215 2345 2290 praecipue
2365 2222 2555 2276 labore
2591 2231 2646 2276 et
2676 2230 2924 2290 tempore
2977 2220 3154 2273 multo
3190 2219 3443 2290 rugosior
3479 2229 3648 2287 atque

2069 2310 2262 2363 durior
2295 2310 2457 2364 facta.
2482 2309 2607 2364 Oris
2631 2311 2760 2363 item
2793 2311 3015 2372 dentes,
3053 2309 3162 2363 illis
3212 2309 3460 2376 exceptis
3509 2322 3648 2377 quos

2071 2403 2311 2457 ﬁdelium
2343 2418 2538 2456 manus
2576 2411 2799 2472 propter
2831 2401 3112 2469 egregium
3161 2402 3215 2455 in
3246 2417 3371 2455 eum
3401 2414 3644 2454 amorem

2069 2496 2368 2551 abstulere.
2405 2494 2536 2561 Quae
2562 2509 2694 2548 sane
2727 2496 2911 2548 omnia
2945 2505 3216 2548 staturam
3253 2493 3374 2559 ejus
3404 2501 3460 2545 et
3490 2491 3648 2544 habi-

2072 2597 2210 2650 tum,
2244 2588 2426 2656 qualis
2447 2597 2504 2641 et
2553 2598 2796 2656 quantus
2845 2586 2940 2640 Dei
2978 2586 3146 2639 homo
3173 2585 3476 2655 Symeoues
3526 2582 3647 2636 fue-

2070 2682 2164 2742 rit.
2202 2680 2467 2735 declarat.
2505 2680 2666 2734 Juxta
2691 2693 2900 2746 corpus
2928 2678 3052 2746 ejus
3075 2677 3242 2732 etiam
3277 2686 3505 2744 torques
3535 2673 3646 2728 fer-

2071 2787 2201 2826 reus
2227 2773 2441 2840 positus
2467 2780 2552 2826 cst
2589 2789 2604 2825 :
2635 2770 2729 2840 qui
2766 2778 2824 2824 et
2862 2771 3002 2839 ipse,
3045 2770 3190 2838 quod
3225 2769 3499 2823 constanti
3563 2769 3644 2821 illi

2070 2873 2125 2918 et
2159 2863 2287 2917 forti
2347 2863 2404 2917 in
2451 2861 2847 2918 certaminibus
2891 2862 3061 2914 variis
3111 2859 3332 2928 corpori
3382 2857 3646 2922 adfuerit,

2071 2955 2339 3010 honorem
2373 2969 2499 3007 eum
2549 2968 2578 3006 a
2608 2953 2722 3007 Deo
2751 2962 3086 3007 consecutus
3134 2959 3238 3003 est.
3295 2947 3428 3001 Nam
3469 2960 3645 3015 quan-

2072 3047 2274 3101 tumvis
2306 3045 2626 3100 delunctum
2657 3044 2988 3116 Symeonem
3029 3056 3220 3096 amans
3262 3041 3428 3097 illius,
3463 3038 3644 3092 dicam

2070 3141 2234 3195 etiam
2257 3146 2498 3193 amatum
2523 3137 2705 3192 abillo
2733 3140 2966 3200 ferrum,
2986 3151 3095 3188 non
3122 3132 3367 3202 reliquit,
3389 3139 3645 3198 tanquam

2071 3228 2139 3283 ab
2172 3228 2321 3282 illius
2349 3228 2580 3297 pulchra
2614 3224 3020 3281 consuetudine
3057 3221 3311 3276 resiliens
3336 3236 3351 3272 :
3376 3220 3468 3274 sed
3489 3219 3645 3288 juxta

2056 3321 2225 3375 illum
2259 3320 2426 3376 situm
2450 3329 2552 3383 est,
2591 3319 2760 3374 veluti
2797 3333 2998 3386 corpus
3021 3317 3170 3370 illius
3201 3313 3519 3384 perﬁciens.
3555 3313 3644 3364 In-

2072 3430 2206 3484 gens
2235 3430 2368 3468 vero
2403 3413 2540 3467 mihi
2594 3412 2796 3481 cupido
2837 3413 3160 3473 incesserat,
3186 3424 3275 3461 res
3296 3407 3419 3473 ejus
3445 3405 3650 3474 sigilla-

2074 3506 2170 3559 tim
2217 3504 2564 3567 recensendi,
2597 3502 2890 3555 utilitatem
2923 3508 2976 3553 et
3001 3499 3133 3551 mihi
3162 3495 3646 3556 commemoranti,

2072 3604 2128 3649 et
2159 3595 2447 3649 historiam
2481 3597 2622 3648 hanc
2651 3593 2851 3662 legenti
2915 3591 3182 3644 allaturas
3227 3607 3240 3643 :
3283 3588 3386 3642 nisi
3438 3588 3507 3641 ab
3542 3587 3648 3649 eis,

2073 3703 2210 3754 quos
2233 3686 2368 3751 dixi,
2400 3685 2602 3740 sanctis
2628 3686 2760 3739 viris
2792 3698 2889 3752 pro
2916 3697 2984 3735 eo
3039 3691 3207 3750 atque
3245 3681 3427 3741 decet,
3481 3679 3656 3735 lueu-,

2074 3779 2252 3832 leuter
2279 3786 2334 3831 et
2358 3776 2582 3845 copiose
2609 3783 2797 3830 essent
2828 3773 3123 3842 descriptae
3157 3791 3170 3824 :
3203 3771 3477 3840 praecipue
3520 3783 3646 3821 cum

2075 3869 2139 3924 ad
2173 3869 2278 3922 alia
2312 3882 2434 3937 qua:
2466 3868 2701 3922 instituti
2733 3867 3098 3935 promissique
3129 3864 3306 3916 nostri
3351 3869 3483 3914 sunt
3509 3859 3648 3913 refe-

2077 3961 2245 4014 renda
2275 3960 2436 4014 nobis
2475 3959 2882 4030 properandum
2911 3959 3003 4013 sit.
3043 3957 3222 4022 Quare
3257 3969 3427 4007 unum
3456 3953 3647 4005 saltem

2075 4052 2222 4120 quod
2259 4053 2327 4105 ab
2355 4053 2462 4106 illis
2495 4052 2930 4120 przetermissum
2977 4059 3083 4115 est,
3123 4064 3271 4102 nunc
3311 4057 3650 4099 commemo-

2078 4146 2229 4199 rabo.
2258 4145 2561 4207 Mandram,
2588 4144 2752 4198 sicuti
2785 4143 2992 4198 dictum
3034 4150 3139 4204 est,
3167 4137 3456 4192 monastici
3489 4150 3648 4188 exer—

2077 4238 2194 4292 citii
2228 4239 2351 4308 ejus
2380 4237 2561 4291 locum
2592 4238 2789 4291 incolae
2813 4239 3122 4298 nominant,
3155 4231 3524 4301 appellatione
3559 4227 3654 4280 tali

2077 4328 2126 4381 ei
2155 4344 2184 4382 a
2218 4339 2409 4383 sancto
2433 4329 2549 4397 ipso
2581 4329 2700 4383 viro
2723 4327 2998 4397 imposita.
3019 4325 3178 4396 563
3206 4325 3379 4377 Distat
3417 4337 3446 4374 ιι
3473 4320 3656 4374 Theo-

402 4425 564 4495 τέχνῃ
593 4425 656 4492 δή
704 4439 809 4476 τινι
859 4422 1088 4493 πλείστῃ
1136 4419 1325 4488 ἄκρως
1370 4415 1795 4486 ἐξειργασμένηο
1839 4415 1972 4468 ὅπου

2080 4422 2187 4490 poli
2221 4423 2415 4476 stadiis
2441 4423 2738 4491 plurimum
2787 4422 3073 4481 trecentis,
3105 4419 3172 4472 ad
3209 4416 3472 4472 acclivem
3502 4428 3656 4465 mon-

403 4517 545 4569 κατά
581 4516 748 4582 μέσον
795 4517 823 4567 ὁ
879 4512 1481 4584 τεσσαρακοντάπηχυς
1534 4511 1744 4572 ἐκεῖνος
1795 4509 1978 4578 ἵδρυτο

406 4607 572 4658 κίων·
623 4597 669 4671 ᾧ
718 4604 1074 4674 χρησάμενος
1120 4603 1147 4655 ὁ
1192 4604 1342 4665 ὅσιος
1373 4602 1626 4672 κλίμακι,
1660 4602 1688 4652 ὁ
1717 4600 1978 4668 ένσαρκος

403 4697 634 4763 ἅγγελος
665 4697 802 4764 πρὸς
832 4695 923 4748 τὸν
950 4696 1208 4764 οὐράνιον
1235 4695 1512 4764 ἀνέδραμε
1546 4693 1748 4762 χῶρον.
1781 4692 1901 4745 Τῶν
1936 4690 1980 4744 δ’

405 4789 712 4860 εἰρημένων
747 4806 840 4858 μοι
891 4787 1065 4840 στοῶν
1110 4788 1246 4856 πρὸς
1298 4790 1364 4858 τῇ
1411 4789 1627 4856 κορυφῇ
1678 4784 1978 4852 κλειθρῐδιά

405 4897 525 4931 τινα
551 4878 907 4941 καθεστᾶσιν,
930 4878 1078 4945 ἅπερ
1109 4877 1242 4929 ἔνιοι
1268 4875 1492 4944 θυρίδας
1527 4876 1709 4928 καλεῖν
1733 4875 1974 4927 εἰώθασι.

410 4971 552 5042 Πρὸς
587 4971 779 5032 αὑταῖς
809 4970 874 5040 δὴ
898 4971 1019 5030 ταῖς
1053 4971 1240 5030 στοαῖς
1273 4970 1454 5020 καὶτὸ
1489 4967 1654 5036 ῥηθὲν
1687 4965 1978 5036 προαύλιον

407 5064 678 5135 ὕπαιθρον
726 5063 1112 5133 ἀποκρίνεται,
1173 5061 1269 5114 καὶ
1318 5062 1503 5130 χώραν
1560 5059 1832 5122 διδούσαις
1867 5061 1978 5119 τοῖς

407 5157 707 5224 ᾑρημένοις
759 5154 916 5213 ἐκτὸς
954 5151 1090 5222 ὁρᾷν
1124 5150 1347 5214 ἔσωθεν,
1387 5149 1482 5202 καὶ
1525 5149 1635 5202 έσω
1686 5149 1849 5202 πάλιν
1875 5148 1982 5200 ἀπὸ

407 5248 518 5301 τῶν
559 5246 782 5312 ἔξωθεν.
841 5244 1013 5304 Ἔνθα
1059 5243 1153 5295 τὸν
1193 5243 1628 5312 παρακύπτοντα
1673 5243 1808 5312 ὁρᾷν
1833 5243 1980 5293 ἐστιν

407 5339 615 5410 ἀστέρα
639 5340 764 5394 τινὰ
794 5336 1154 5408 ὑπερμεγέθη
1183 5335 1305 5389 καθ’
1335 5335 1482 5389 ἆπαν
1512 5336 1573 5389 τὸ
1597 5337 1836 5405 θυρίδιον
1864 5335 1982 5391 δια·

410 5433 601 5484 θέοντα
636 5431 728 5484 καὶ
757 5429 1074 5501 περιφανῶς
1103 5429 1591 5496 σελαγίξοντα,καὶ
1615 5429 1816 5480 ὡσανεὶ
1838 5445 1977 5480 παυ-

480 5591 558 5659 (1)
606 5589 819 5659 Corpus
857 5590 1128 5646 Simeonis
1163 5604 1332 5659 usque
1363 5589 1428 5642 ad
1485 5587 1700 5658 Evagrii
1753 5585 1976 5647 Schola-

411 5661 530 5712 Stici
557 5673 800 5729 tempora
823 5663 1094 5729 integrum
1125 5661 1356 5712 duravit.
1378 5659 1550 5729 Hujus
1575 5669 1738 5728 caput
1763 5674 1820 5713 se
1849 5674 1972 5710 cum

415 5731 599 5785 multis
627 5731 1004 5783 sacerdotibus
1050 5731 1248 5786 vidisse
1295 5731 1484 5784 scribit
1537 5731 1800 5798 Evagrius
1856 5729 1974 5795 epi—

309 5843 320 5854 .
414 5817 638 5865 scortum
689 5800 991 5856 Antiochiae
1045 5810 1236 5862 agente
1292 5801 1649 5860 celeberrimo
1687 5800 1971 5858 Gregorio,

2090 4515 2157 4568 tis
2186 4515 2451 4570 verticem
2489 4515 2614 4569 sita.
2657 4515 2935 4568 Ascensus
2992 4511 3198 4564 arduus
3238 4507 3542 4562 stadiorum
3574 4503 3656 4554 vi-

2083 4609 2218 4677 ginti
2249 4617 2354 4670 est,
2403 4606 2498 4660 ubi
2544 4615 2601 4659 et
2646 4605 2912 4672 templum
2948 4601 3068 4654 viro
3097 4607 3308 4662 sancto,
3362 4595 3415 4646 in
3472 4591 3657 4646 crucis

2083 4699 2320 4767 speciem
2357 4697 2856 4758 conformatum,et
2887 4709 2955 4748 ex
2984 4700 3224 4760 quatuor
3252 4685 3506 4758 partibus
3527 4701 3657 4752 por-

2087 4791 2283 4846 ticibus
2313 4797 2667 4853 exornatum,
2699 4787 3004 4841 excitatum
3069 4793 3175 4838 est.
3211 4783 3373 4838 Juxta
3407 4780 3657 4851 porticus

2081 4896 2174 4935 eas
2199 4897 2265 4934 ex
2312 4894 2444 4933 saxo
2469 4878 2637 4946 polito
2664 4876 2938 4931 columnae
2960 4874 3348 4936 decentissime
3369 4881 3659 4926 construc-

2086 4983 2151 5027 ta:
2184 4981 2331 5035 sunt,
2363 4987 2486 5041 quae
2540 4985 2811 5025 summam
2845 4969 3180 5023 testudinem
3214 4964 3548 5036 perpulehre
3599 4963 3657 5015 in

2083 5064 2315 5119 sublime
2337 5063 2612 5116 attollunt.
2650 5061 2706 5114 lu
2740 5059 2924 5114 medio
2949 5059 3253 5130 bypaethra,
3285 5057 3400 5110 sive
3425 5054 3654 5108 subdia-

2083 5158 2152 5211 lis
2179 5156 2299 5210 aula
2327 5164 2431 5221 est,
2467 5165 2584 5209 arte
2609 5153 2884 5222 exquisita
2917 5158 2980 5205 ad
3013 5164 3290 5205 summum
3353 5148 3650 5203 elaborata.

2082 5249 2141 5304 In
2169 5248 2344 5302 media
2379 5263 2466 5309 ea,
2501 5247 2757 5302 columna
2793 5245 2884 5298 illa
2919 5243 3281 5314 quadraginta
3337 5238 3656 5293 cubitorum

2083 5350 2212 5402 stat,
2261 5356 2365 5409 qua
2407 5347 2630 5394 sanctus
2659 5340 2749 5393 ille
2777 5338 2863 5391 vir
2911 5345 2967 5391 et
2989 5334 3225 5390 carnalis
3275 5330 3502 5400 angelus
3535 5337 3657 5380 tan-

2083 5448 2246 5502 quam
2277 5433 2439 5488 scalis
2469 5447 2622 5496 usus,
2656 5431 2723 5485 ad
2760 5429 3045 5485 caelestem
3077 5423 3404 5480 conscendit
3468 5421 3651 5491 regio-

2081 5603 2202 5641 cum
2239 5586 2577 5656 Philippicus
2607 5581 2952 5638 orientalium
2987 5579 3265 5656 copiarum
3304 5573 3656 5656 dux-prtesi-

2078 5659 2148 5712 «lii
2177 5673 2338 5712 causa
2369 5643 2470 5712 sibi
2505 5671 2688 5712 sacras
2711 5660 3023 5707 sanctorum
3055 5643 3321 5717 reliquias
3357 5643 3501 5701 mitti
3552 5659 3652 5713 po-

2079 5730 2328 5790 stillaret,
