3910 6218
1287 232 1315 256 ὶ

341 369 473 436 1231

1527 347 1946 408 NICEPHORI
1989 325 2330 405 CALLISTI

3471 314 3620 382 1252

339 492 526 538 monte
551 475 836 534 monachis
862 467 1078 542 praefuit
1104 483 1118 521 :
1147 464 1307 520 Nilus
1330 469 1383 516 et
1411 460 1626 514 Marcus
1657 457 1904 528 priet-lari
1939 463 1959 518 Α

2063 451 2202 512 εἶλός
2241 466 2298 500 τε
2335 444 2431 496 καὶ
2479 436 2715 510 Μάρκος
2757 436 2807 490 οί
2861 431 3179 504 περιϐόητοι
3213 430 3497 500 ἀσκηταί·
3533 428 3598 480 ετ

341 583 566 636 δεοοιαξ,
600 578 658 624 et
713 565 931 634 sapiens
971 561 1098 613 item
1132 555 1260 626 Cyri
1293 553 1368 622 (l)
1403 551 1651 606 ecclesiis
1690 549 1918 602 antistes

341 663 716 722 Theodoritus
737 697 752 721 ,
785 668 1022 726 quorum
1063 661 1256 718 magna
1291 643 1462 714 gloria
1494 650 1579 696 est
1600 681 1614 704 ,
1657 650 1719 694 ut
1745 649 1922 710 poeta:

346 757 534 814 verbis
565 762 710 808 utar.
756 750 1098 814 Praeceptore
1144 741 1180 794 ii
1218 738 1272 792 in
1305 745 1540 804 utraque
1571 731 1923 803 pliilOSOphia

346 862 547 918 magno
580 843 665 898 usi
714 847 844 894 sunt
885 835 1303 904 Chrysostomo.
1357 827 1524 897 Igitur
1566 825 1784 879 divinus
1828 823 1926 878 lsi-

348 913 520 996 tlor'us
555 937 666 1007 jam
712 929 842 986 inde
888 927 955 981 ab
1001 922 1372 979 adolescentia
1404 920 1480 974 ita
1515 919 1569 972 in
1605 913 1926 970 monasticis

305 1013 308 1016 1
349 1030 630 1088 laboribus
658 1021 982 1085 desudavit,
1013 1027 1068 1076 et
1105 1020 1178 1074 ita
1213 1030 1460 1081 carnem,
1491 1014 1730 1069 animam
1763 1024 1926 1065 arca-

356 1124 439 1176 nis
468 1115 998 1182 sublimioribusque
1039 1107 1311 1163 doctrinis
1342 1106 1568 1170 fovens,
1603 1101 1925 1166 maceravit,

354 1223 414 1268 ut
462 1209 830 1280 evangelicam
881 1217 1113 1275 prorsus
1162 1201 1388 1269 degeret
1440 1197 1651 1261 vitam;
1702 1204 1757 1248 et
1804 1193 1928 1246 viva

355 1305 708 1371 animataque
738 1295 1025 1352 monastiei
1059 1289 1300 1347 instituti
1337 1288 1648 1356 divinaeque
1680 1294 1930 1339 contem-

358 1395 616 1466 plationis
647 1391 901 1445 columna
925 1428 939 1452 ,
974 1395 1030 1440 et
1069 1383 1235 1437 veluti
1273 1378 1600 1450 primarium
1648 1375 1929 1445 quoddam

357 1485 668 1553 exemplum
701 1480 981 1551 ﬂagrantis
1011 1473 1377 1531 aemulationis
1412 1470 1791 1537 doctrinaeque
1823 1465 1934 1535 Spi-

362 1577 572 1631 ritualis
606 1583 771 1629 esset.
805 1572 973 1626 Multa
1007 1571 1073 1622 ab
1104 1582 1172 1621 eo
1198 1565 1400 1632 scripta
1437 1572 1586 1626 sunt,
1619 1561 1782 1614 variae
1821 1558 1933 1611 uti«

361 1669 531 1724 litatis
595 1668 799 1736 plena:
859 1661 1204 1731 potissimum
1272 1664 1500 1716 autem,
1569 1650 1933 1722 epistolarqu

362 1759 542 1813 omnis
594 1755 810 1826 generis
872 1753 1059 1807 divina
1115 1749 1279 1804 simul
1337 1761 1395 1801 et
1453 1746 1695 1798 humana
1753 1741 1932 1811 gratia

364 1849 726 1910 refertarum,
764 1860 934 1914 prope
979 1841 1145 1896 millia
1180 1840 1406 1900 decem,
1445 1839 1499 1892 in
1543 1837 1745 1906 quibus
1777 1833 1931 1888 Scri-

367 1952 582 2012 pturam
615 1953 836 1994 onmem
867 1936 1073 1990 clarius
1103 1931 1350 2002 exponit,
1383 1942 1440 1983 et
1469 1941 1660 1982 omnes
1689 1924 1934 1980 omnium

257 2033 261 2037 ’
369 2036 655 2089 hominum
685 2045 867 2084 mores
909 2027 1184 2089 instituit,
1217 2025 1420 2094 quippe
1458 2022 1552 2090 qui
1589 2017 1810 2074 dicendi
1843 2031 1936 2084 ge-

369 2116 503 2182 nere
551 2125 617 2179 ad
670 2121 980 2178 docendum
1029 2116 1442 2174 accommodato
1493 2113 1548 2165 in
1594 2111 1678 2165 eis
1728 2117 1937 2162 utatur.

371 2218 517 2273 Satis
555 2230 776 2286 quoque
809 2213 900 2268 ille
933 2210 1202 2275 declarat,
1240 2221 1349 2278 quo
1380 2204 1578 2259 ardore
1613 2216 1744 2272 erga
1769 2199 1943 2252 hone-

371 2318 594 2370 statem,
630 2321 756 2376 erga
788 2303 1112 2364 Eeclesiam,
1148 2311 1202 2354 et
1241 2315 1338 2356 eos
1370 2297 1463 2368 qui
1504 2291 1944 2376 temere’injuria

373 2401 743 2461 afficerentur,
779 2387 1059 2464 llagravit.
1111 2391 1336 2444 Multum
1383 2399 1649 2457 praeterea
1684 2384 1739 2437 in
1789 2383 1948 2436 lucu—

375 2486 731 2542 brationibus
766 2485 884 2540 suis
938 2482 1218 2539 invehitur
1249 2481 1300 2534 in
1324 2494 1419 2532 eos
1444 2477 1533 2546 qui
1567 2491 1674 2528 non
1700 2473 1806 2527 rite
1831 2471 1950 2540 epi-

376 2578 584 2648 scopali
606 2575 1047 2644 saeerdotalique
1068 2587 1294 2627 munere
1313 2569 1693 2639 fungerentur.
1719 2567 1784 2618 Et
1804 2562 1951 2633 quod

379 2679 568 2740 aperte
597 2669 1054 2739 Chrysostomum
1088 2663 1437 2723 defenderet,
1470 2659 1826 2714 vehementer
1853 2655 1956 2708 Ar-

380 2761 599 2814 cadium
635 2769 691 2813 et
734 2757 996 2829 Cyrillum
1019 2795 1032 2820 ,
1074 2765 1239 2824 atque
1286 2753 1450 2824 hujus
1487 2761 1747 2821 patruum
1772 2747 1956 2803 Theo-

382 2853 593 2922 philum
644 2848 1001 2920 perstringit,
1051 2861 1357 2914 eorumque
1406 2843 1660 2898 sinistras
1694 2840 1958 2894 adversus

384 2947 563 3000 virum
592 2959 716 2998 eum
755 2952 1043 3008 susceptas
1077 2939 1399 2994 molitioues
1432 2945 1580 2990 taxat
1609 2955 1623 2989 :
1656 2950 1778 3003 quae
1807 2933 1958 2987 illum

385 3038 578 3089 eodem
607 3049 730 3086 cum
751 3032 832 3086 eis
853 3041 1096 3100 tempore
1119 3029 1362 3100 viguisse
1381 3034 1675 3080 testantur.
1700 3023 1960 3095 Cyrillum

385 3141 520 3182 sane
555 3122 779 3193 quidem
827 3131 886 3176 ut
927 3121 1206 3175 hominem
1253 3117 1630 3172 turbulentum
1683 3116 1960 3178 refellens,
1987 3127 2034 3192 ο

391 3217 504 3268 haec
552 3227 773 3282 quoque
824 3210 1063 3265 scribit:
1103 3228 1120 3260 ι
1178 3208 1408 3263 Favoris
1461 3208 1682 3276 quidem
1745 3207 1966 3262 affectio

391 3313 614 3358 acutum
652 3317 763 3356 non
799 3301 966 3364 videt,
997 3299 1214 3354 hostilis
1245 3313 1374 3353 vero
1407 3298 1578 3370 animi
1610 3299 1796 3353 odium
1830 3297 1967 3352 nihil

395 3413 622 3469 prorsus
650 3396 847 3450 cernit.
885 3393 1043 3464 567
1077 3391 1234 3457 Quod
1271 3394 1316 3445 si
1350 3400 1584 3460 utroque
1616 3391 1720 3446 hoc
1749 3392 1879 3446 vitio
1915 3401 1968 3446 te

397 3505 632 3561 purgare
683 3489 863 3558 ipsum
897 3495 953 3541 et
998 3485 1233 3539 liberare
1267 3483 1380 3545 vis,
1432 3499 1503 3539 ne
1533 3484 1803 3539 violentas
1844 3500 1972 3540 sen-

400 3583 602 3638 tentias
641 3587 1003 3649 extorqueto,
1034 3577 1128 3632 sed
1168 3577 1320 3646 justo
1353 3575 1566 3647 judicio
1594 3590 1788 3631 causas
1817 3591 1971 3632 com-

400 3676 625 3729 mittito.
669 3669 1126 3741 Quandoquidem
1168 3680 1224 3724 et
1265 3670 1398 3734 Deo,
1433 3668 1526 3739 qui
1573 3668 1755 3723 omnia
1797 3670 1974 3738 prius-

400 3780 564 3835 quam
610 3763 743 3817 ﬁant
787 3763 977 3824 novit,
1011 3757 1425 3828 perhumaniter
1457 3766 1511 3811 et
1539 3757 1773 3826 benigne
1800 3757 1972 3826 placi-

404 3866 518 3910 tum
553 3854 656 3908 fuit
705 3863 768 3907 ut
794 3851 1175 3914 descenderet,
1198 3859 1254 3904 et
1285 3849 1580 3903 clamorem
1608 3847 1972 3903 Sodomorum

404 3947 639 4010 videret,
668 3955 835 4001 certze
865 3954 918 3999 et
946 3952 1152 3997 exactae
1183 3939 1562 4011 inquisitionis
1587 3939 1749 3994 nobis
1779 3954 1976 4009 propo-

406 4055 545 4094 nens
575 4039 910 4106 exemplum.
955 4034 1107 4088 Multi
1141 4047 1375 4102 namque
1419 4031 1512 4101 qui
1560 4031 1755 4100 Ephesi
1791 4041 1974 4086 tecum

406 4129 722 4199 congregati
772 4128 950 4192 fuere,
983 4124 1199 4196 publice
1247 4132 1300 4178 te
1347 4123 1662 4186 traducunt,
1694 4123 1840 4191 quod
1873 4121 1978 4176 ini-

411 4222 648 4274 micitias
702 4227 826 4272 tuas
876 4225 1201 4287 persecutus
1250 4214 1328 4269 sis
1360 4232 1373 4268 :
1404 4223 1460 4268 et
1499 4228 1607 4268 non
1657 4213 1760 4269 rite
1810 4225 1977 4284 atque

409 4310 626 4372 ordine,
657 4311 811 4379 juxta
843 4316 1004 4361 rectae
1038 4305 1164 4363 fidei
1199 4305 1546 4362 sententiam.
1603 4320 1666 4359 ea
1705 4320 1824 4374 quae
1848 4304 1977 4358 Jesu

410 4397 619 4452 Christi
651 4405 799 4458 sunt,
832 4395 1172 4464 quaesiveris.
1206 4395 1522 4464 Theophili,
1548 4395 1826 4464 inquiunt,
1853 4409 1978 4449 cum

2023 545 2080 597 δὲ
2107 541 2202 594 καὶ
2232 540 2260 590 ὁ
2281 537 2378 606 τὴν
2403 531 2598 602 σοφίαν
2622 530 2790 592 πολὺς
2815 527 3165 596 Θεοδώρητος
3191 521 3627 593 τῆςκυρεστῶ,

2024 631 2323 702 ἐκκλησίας
2359 622 2730 696 ἱερατεύσας·
2788 615 2864 674 ὧν
2919 619 3054 687 εύρὺ
3110 616 3272 678 κλέος
3322 616 3470 667 κατά
3516 613 3622 680 τὴν

2028 726 2271 794 ποίησιν⁶
2321 717 2628 787 διδασκάλῳ
2681 714 2760 785 τῷ
2814 711 3035 783 μεγάλῳ
3084 708 3468 778 Χρυσοστόμῳ
3526 708 3629 756 καὶ

2027 817 2149 874 κατ’
2179 815 2347 884 ἄμφω
2375 807 2712 881 φιλοσοφίας
2742 805 3102 876 χρησάμενοι.
3137 801 3200 852 '0
3230 798 3331 868 μὲν
3351 795 3454 850 οὖν
3477 795 3629 856 θεῖος

2039 911 2310 978 Ἰσίδωρος
2341 905 2402 970 ἐξ
2434 904 2512 957 ἔτι
2544 903 2665 954 νέου
2702 903 2820 962 τοῖς
2853 894 3179 965 άσκητικοῐς
3231 890 3379 944 οὕτω
3431 889 3632 949 πόνοις

2031 999 2312 1068 ὲνίδρωσε,
2341 995 2436 1048 καὶ
2481 992 2581 1062 τὴν
2615 993 2800 1060 σάρκα
2835 985 3129 1055 κατέτηξε,
3158 982 3257 1054 τὴν
3283 980 3469 1051 ψυχὴν
3509 980 3630 1040 τοῖς

2031 1088 2406 1156 ἀναγωγικοίς
2446 1085 2652 1145 πιάνας
2707 1081 2818 1134 τῶν
2848 1080 3046 1146 λόγων,
3078 1076 3152 1138 ώς
3199 1073 3505 1142 άγγελικδν
3531 1071 3630 1122 ἄν·

2032 1194 2224 1248 τικρυς
2276 1173 2565 1247 μετελθεῖν
2617 1171 2756 1241 βίον,
2808 1163 2902 1221 καὶ
2947 1167 3152 1235 στήλην
3199 1165 3389 1229 ζῶσάν
3432 1179 3495 1213 τε
3531 1161 3632 1212 καὶ

2036 1273 2279 1341 ἔμψυχον
2313 1271 2414 1335 τῆς
2462 1285 2522 1321 τε
2577 1262 2916 1336 μοναστικῆς
2973 1260 3186 1328 διαίτης
3235 1253 3329 1309 καὶ
3381 1253 3485 1323 τῆς
3549 1257 3632 1314 ετς

2034 1365 2166 1418 Θεὸν
2206 1360 2464 1430 θεωρίας,
2502 1358 2596 1411 καὶ
2626 1352 2740 1408 οἷόν
2771 1371 2826 1405 τι
2857 1351 3168 1421 ἀρχέτυπον
3203 1345 3376 1416 ζήλου
3408 1345 3510 1396 καὶ
3545 1341 3630 1394 δι-

2037 1455 2342 1515 δασκαλίας
2391 1447 2774 1520 πνευματικῆς
2807 1441 3161 1512 ἐγγενέσθαι.
3190 1440 3303 1492 Καὶ
3332 1437 3400 1505 δὴ
3450 1433 3636 1488 πολλὰ

2040 1538 2138 1618 μὲν
2179 1545 2330 1614 αύτῷ
2365 1542 2583 1612 ἐγράφη
2627 1537 2899 1606 ὠφελείας
2949 1534 3166 1601 ἁπάσης
3213 1530 3464 1598 ἔμπλεω·
3528 1525 3638 1595 μάο

2039 1641 2197 1693 λιστα
2227 1639 2270 1691 δ’
2302 1635 2608 1698 ἐπιστολαὶ,
2650 1633 2874 1702 χάριτος
2920 1628 3183 1681 παντοίας
3215 1623 3438 1693 μεσταὶ,
3476 1619 3639 1680 θείας

2038 1748 2097 1782 τε
2124 1729 2241 1798 ἅμα
2279 1729 2374 1780 καὶ
2401 1725 2584 1794 ἁνθρω
2600 1726 2770 1789 πίνης,
2819 1721 2955 1774 ὡσεὶ
2992 1715 3231 1788 χιλιάδες
3260 1715 3418 1768 δέκαο
3448 1709 3525 1763 δι’
3559 1704 3661 1777 ὗν

1967 1799 2007 1852 Β
2037 1821 2220 1874 πᾶσάν
2247 1835 2306 1872 τε
2338 1815 2565 1888 Γραφὴν
2597 1811 2911 1880 σαφηνίζει,
2950 1811 3044 1862 καὶ
3078 1808 3304 1874 σύμπαν
3335 1800 3467 1874 ἦθος
3507 1819 3641 1854 παι-

2036 1912 2205 1977 δεύει,
2241 1906 2783 1972 διδασκαλικώτερον
2819 1900 3149 1970 ποιούμενος
3181 1897 3281 1968 τὴν
3313 1895 3638 1965 ὑφήγησιν.

2051 2004 2344 2072 Ἐμφαίνει
2373 2002 2429 2054 δὲ
2462 2001 2553 2052 καὶ
2601 1999 2660 2051 ὃν
2701 1993 2849 2066 εῖχεν
2902 1995 3046 2060 ὑπὲρ
3094 1991 3184 2044 τοῦ
3232 1988 3402 2042 καλοῦ
3455 1988 3643 2055 ζῆλον

2043 2097 2187 2167 ὑπέρ
2221 2111 2282 2147 τε
2315 2094 2414 2161 τῆς
2452 2089 2786 2160 Ἐκκλησίας
2822 2088 2917 2140 καὶ
2947 2086 3060 2138 τῶν
3107 2083 3277 2146 ἄλλως
3321 2081 3644 2148 ἀδικούμεσ-

2045 2205 2174 2242 νων.
2212 2185 2425 2256 Πολλὴν
2479 2184 2536 2236 δὲ
2593 2184 2687 2236 καὶ
2721 2177 3077 2249 καταδρομὴν
3125 2175 3240 2228 ἔστι
3283 2175 3399 2235 τοῖς
3434 2174 3641 2242 ἐκείνῳ

2046 2282 2368 2351 πονηθεῖσιν
2399 2277 2582 2348 εύρεϊν
2615 2269 2696 2338 οἷς
2730 2270 2987 2344 ἱερᾶσθαι
3019 2269 3152 2338 παρ’
3185 2267 3343 2330 ἀξίαν
3402 2266 3627 2332 συνέϐη.

2053 2375 2350 2442 Ἀντικρυς
2375 2368 2422 2423 δ’
2471 2368 2615 2438 ὑπὲρ
2646 2366 2738 2419 τοῦ
2774 2363 3172 2434 Χρυσοστόμου
3219 2360 3430 2420 πνέων,
3458 2356 3628 2409 πολλὰ

2051 2481 2111 2517 τε
2157 2460 2446 2531 Ἀρκαδίου
2489 2458 2585 2512 καὶ
2636 2455 2913 2525 Κυρίλλου
2963 2451 3059 2505 καὶ
3110 2449 3206 2504 τοῦ
3259 2450 3401 2502 θείου
3431 2449 3629 2514 ἐκείνῳ

2054 2554 2318 2625 Θεοφίλου
2349 2551 2719 2616 καθάπτεται,
2761 2546 3059 2617 διελέγχων
3093 2543 3197 2614 τὴν
3226 2545 3370 2596 κατὰ
3415 2543 3510 2593 τοῦ
3541 2544 3638 2594 ἀνα

2053 2651 2181 2719 δρὸς
2214 2645 2394 2699 αὐτῶν
2431 2642 2759 2712 σκαιωρίαν·
2795 2639 2863 2693 δι’
2903 2633 2977 2692 ὦν
3028 2636 3306 2690 δείκνυται
3354 2635 3451 2687 καὶ
3494 2633 3642 2686 κατὰ

2057 2743 2149 2795 τὸν
2183 2740 2348 2792 αὑτὸν
2406 2736 2640 2796 ἐκείνοις
2694 2732 3047 2803 συνακμάσαι
3096 2730 3313 2800 χρόνον.
3367 2726 3644 2796 Κύριλλον

2057 2833 2190 2901 γοῦν
2245 2831 2322 2893 ώς
2381 2825 2675 2899 ταραχώδη
2733 2824 2895 2893 δῆθεν
2949 2822 3344 2885 ἀναστέλλων,
3388 2821 3486 2873 καὶ
3525 2820 3645 2874 τάδ’

2061 2924 2388 2979 ἐπιστέλλειν
2438 2939 2456 2973 ι
2492 2918 2850 2988 Προσπάθεια
2880 2916 2976 2984 μὲν
3007 2916 3108 2968 οὐκ
3135 2914 3427 2984 ὀξυδορκεῖ
3452 2930 3468 2944 ·
3495 2914 3649 2966 ἀντι-

2063 3017 2264 3072 πάθεια
2298 3015 2356 3068 δὲ
2383 3014 2522 3076 ὅλως
2553 3013 2652 3081 οὐχ
2683 3012 2807 3082 δρᾷ.
2841 3009 2903 3062 El
2934 3009 3114 3060 τοίνυν
3144 3007 3422 3074 ἑκατέρας
3463 3004 3650 3076 λύμης

2068 3105 2248 3176 βούλει
2297 3105 2498 3156 σαυτὸν
2543 3098 2905 3170 καθαρεῦσαι,
2961 3096 3037 3166 μὴ
3092 3095 3275 3165 βιαίας
3333 3096 3647 3163 ἀποφάσεις

2066 3195 2312 3260 ὲκὸίαζε,
2366 3193 2506 3247 ἀλλὰ
2541 3192 2722 3260 κρίσει
2749 3191 2937 3260 δικαίᾳ
2968 3191 3068 3253 τὰς
3100 3187 3282 3249 αἰτίας
3325 3189 3649 3256 ἐπίτρεψον.

2079 3287 2302 3355 Ἐπειδὴ
2331 3285 2425 3340 καὶ
2450 3283 2582 3348 Θεὸς
2608 3287 2636 3337 ό
2666 3283 2846 3336 πάντα
2869 3280 3026 3344 εἰδώς
3057 3281 3166 3355 πρδ
3183 3279 3457 3347 γενέσεως
3483 3295 3652 3330 κατα-

2070 3379 2233 3449 ϐῆναι
2256 3354 2349 3431 καὶ
2384 3377 2482 3446 τὴν
2506 3374 2758 3444 κραυγὴν
2796 3374 2927 3427 ίδείν
2956 3354 3210 3440 Σοδόμων
3242 3371 3654 3442 φιλανθρώπως

2069 3471 2393 3542 ηὐδόκησεν,
2425 3470 2572 3539 ἡμᾶς
2605 3465 2871 3536 ἀκριϐοῦς
2931 3464 3164 3542 ἐρεύνης
3209 3462 3484 3517 διδάσκων
3515 3465 3654 3514 ὑπό-

2074 3538 2468 3620 θεσινξῐιολλοί
2489 3560 2600 3631 γάρ
2628 3576 2687 3612 σε
2718 3556 3047 3628 κωμῳδοῦσι
3082 3538 3190 3608 τών
3214 3555 3659 3622 συνειλεγμένων

2072 3653 2152 3713 είς
2191 3652 2449 3719 Ἔφεσον,
2489 3649 2565 3713 ώς
2622 3647 2829 3701 οἰκείαν
2876 3647 3219 3716 ἀμυνόμενον
3265 3645 3492 3714 ἔχθραν,
3537 3647 3656 3697 ἀλλ’

2074 3743 2134 3796 ού
2165 3743 2234 3796 τὰ
2283 3740 2461 3810 Ἰησοῦ
2493 3739 2731 3811 Χριστοῦ
2760 3738 3056 3810 όρθοδόξως
3079 3736 3371 3808 ζητοῦντα.
3408 3738 3660 3805 ’Δδελφιο

2075 3835 2198 3898 δοῦς
2232 3834 2370 3900 ἐστι,
2421 3835 2578 3903 φασὶ,
2615 3831 2876 3900 Θεοφίλου
2927 3829 3270 3901 μιμούμενος
3309 3830 3526 3883 ἐκείνου
3559 3832 3660 3899 τὴν

2076 3927 2327 3996 γνώμην.
2364 3927 2578 3996 ’Ὠσπερ
2618 3923 2727 3994 γὰρ
2753 3924 2962 3986 ἐκεῖνος
2988 3922 3191 3990 μανίαν
3215 3920 3362 3988 σαφῆ
3393 3924 3663 3973 κατεσκέ-

2076 4019 2206 4072 δασε
2259 4017 2401 4070 κατὰ
2451 4016 2546 4070 τοῦ
2598 4015 2863 4085 θεοφόρου
2915 4014 3011 4066 καὶ
3047 4013 3335 4082 θεοφιλοῦς
3377 4012 3663 4075 Ίωάννςυ,

2076 4110 2251 4171 οὕτως
2274 4108 2539 4178 ἐπιθυμεῖ
2567 4105 2956 4176 καυχήσασθαι
2988 4104 3089 4157 καὶ
3114 4103 3292 4168 οὗτος,
3321 4105 3371 4156 εί
3399 4107 3498 4157 καὶ
3525 4104 3668 4157 πολὺ

2077 4201 2185 4254 τῶν
2241 4199 2578 4270 κρινομένων
2607 4199 2725 4250 ἐστὶ
2778 4196 2839 4249 τὸ
2870 4196 3150 4265 διάφορον.
3188 4214 3208 4247 ι
3262 4197 3373 4248 Καὶ
3400 4192 3562 4258 αὖθι,
3609 4201 3669 4248 έν

2081 4295 2278 4364 ἑτέρῳ,
2337 4313 2357 4346 ι
2389 4294 2548 4347 Φοΰεῖ
2585 4310 2676 4363 με,
2732 4292 2889 4362 φησὶ,
2943 4292 3014 4344 τὰ
3066 4292 3169 4360 τῆς
3226 4291 3380 4355 θείας
3437 4292 3670 4360 Γραφῆς

2083 4385 2482 4454 ὑποδείγματα,
2515 4385 2613 4436 καὶ
2645 4383 2883 4452 γράφειν
2909 4382 2978 4433 τὰ
3006 4381 3193 4451 χρεών
3244 4383 3666 4452 ἀναγκάζομαι.

414 4487 600 4542 fratris
648 4486 794 4540 filius
835 4485 929 4549 sit,
983 4494 1222 4538 mentem
1271 4499 1334 4538 ac
1382 4485 1711 4539 sententiam
1759 4500 1959 4554 quoqut

2083 4476 2208 4529 Εἴτε
2243 4477 2353 4545 γάρ
2407 4476 2591 4546 πατήρ
2643 4476 2783 4544 ειμι,
2813 4474 2888 4537 ώς
2939 4473 3077 4542 ἔφης
3113 4475 3300 4539 αὐτὸς,
3362 4475 3517 4531 δέδια
3569 4477 3669 4530 τοῦ

417 4580 567 4634 illius
599 4578 872 4633 imitatur.
916 4575 1394 4642 Quemadmodum
1427 4575 1575 4630 enim
1609 4576 1700 4631 ille
1735 4586 1977 4646 apertam

417 4670 683 4724 insaniam
736 4669 791 4721 in
844 4675 1094 4721 sanctum
1147 4674 1204 4720 et
1248 4665 1358 4720 Deo
1407 4664 1666 4720 dilectum
1715 4666 1978 4721 Joannem

415 4760 631 4825 eil‘udit,
679 4759 754 4813 ita
800 4767 856 4812 et
885 4758 988 4812 iste
1019 4757 1249 4828 gloriam
1294 4757 1489 4812 eodem
1530 4755 1750 4811 affectat
1796 4757 1983 4825 modo,

419 4853 667 4924 quamvis
695 4865 872 4906 causa:
902 4851 1032 4918 ipsa:
1061 4858 1115 4904 et
1144 4866 1229 4904 res
1258 4848 1328 4904 de
1369 4849 1571 4919 quibus
1600 4847 1982 4903 controversia

420 4954 504 4998 est
531 4955 861 5012 magnopere
893 4944 1040 4994 Inter
1073 4955 1133 4996 se
1159 4940 1486 4994 dissideant.
1518 4957 1538 4991 ι
1571 4939 1626 4994 ln
1658 4941 1765 4994 alia
1796 4955 1988 4996 rursus

422 5035 656 5105 epistola
688 5034 805 5087 hinc
831 5034 1026 5088 scribit
1059 5051 1073 5086 :
1112 5051 1130 5083 ι
1155 5032 1391 5089 Terrent
1422 5047 1508 5087 me
1541 5048 1662 5103 qua:
1695 5033 1750 5087 in
1785 5032 1989 5088 divinis

423 5127 726 5197 Scripturis
756 5125 971 5195 prodita
1005 5135 1134 5178 sunt
1171 5126 1441 5194 exempla,
1475 5134 1530 5180 et
1560 5141 1684 5195 qua:
1723 5142 1863 5193 opus
1903 5135 1989 5181 est

425 5219 740 5273 necessario
775 5215 1019 5270 scribere
1051 5230 1238 5284 cogor.
1276 5215 1402 5270 Sive
1436 5217 1582 5270 enim
1617 5225 1796 5286 pater,
1824 5218 1988 5272 sicuti

500 5415 574 5486 (Ι)
612 5411 748 5486 Cyri
785 5410 993 5486 oppidi,
1025 5411 1117 5464 ubi
1168 5409 1537 5486 Theodoritns
1593 5412 1996 5486 ecclesiasticus

428 5482 727 5538 historicus
779 5484 1150 5550 episc0patum
1206 5483 1395 5548 gessit.
1430 5496 1570 5549 saepe
1611 5484 1662 5533 in
1699 5483 1782 5535 his
1841 5482 1998 5536 libris

429 5557 566 5606 facta
619 5562 704 5606 est
765 5551 993 5604 memio.
1045 5550 1221 5604 Situm
1275 5551 1450 5604 estin
1497 5551 1674 5620 Syria.
1706 5567 1734 5603 a
1770 5550 1994 5614 Jutheis,

429 5638 553 5673 cum
589 5637 656 5674 ex
691 5622 973 5675 Palxstina
1001 5636 1030 5673 a
1065 5620 1344 5673 Medorum
1375 5624 1618 5674 exercitu
1655 5624 1706 5672 in
1761 5622 1997 5688 captivi-

431 5697 591 5766 tatem
623 5690 862 5766 abducti,
890 5697 944 5742 et
970 5705 999 5743 a
1033 5689 1173 5766 Cyro
1197 5691 1652 5766 rege___f_’ersarum
1683 5690 1736 5742 in
1765 5690 1997 5757 patriam

433 5758 671 5809 restituti
703 5767 905 5825 essent,
939 5769 998 5812 ut
1031 5760 1270 5824 aliquam
1314 5758 1390 5811 illi
1425 5775 1521 5822 pro
1553 5768 1703 5812 tanto
1730 5760 2001 5813 beneficio

2091 4568 2241 4621 Ἠλεὶ
2279 4569 2380 4638 τὴν
2427 4567 2778 4638 κατάκρισιν,
2826 4568 2910 4620 ὅτι
2958 4567 3084 4629 τοὺς
3119 4567 3269 4628 υίοὺς
3307 4568 3668 4638 ἁμαρτόντας

2081 4661 2183 4714 ούκ
2209 4659 2600 4730 ἐσωφρόνισεν·
2633 4659 2746 4713 είτε
2775 4659 2890 4722 υίός
2923 4675 3016 4711 σου
3039 4661 3321 4730 τυγχάνω,
3349 4663 3424 4724 ώς
3457 4663 3666 4730 μᾶλλον

2086 4752 2395 4820 ἐπίσταμαι
2421 4750 2514 4802 τδν
2551 4750 2728 4820 μέγαν
2757 4750 3196 4822 σχηματίζοντος
3236 4753 3488 4821 Μάρκον,
3516 4756 3668 4817 ἀγω-

2086 4843 2184 4897 νιῶ
2221 4843 2316 4897 τοῦ
2355 4843 2612 4897 Ἰωνάθαν
2645 4843 2708 4896 τὸ
2738 4845 3021 4914 ἐπιτίμιον
3041 4859 3058 4876 ·
3091 4845 3173 4896 ὅτι
3199 4844 3291 4896 τὸν
3324 4847 3537 4915 πατέρα
3571 4847 3670 4914 (1;-

2086 4938 2327 5008 τήσαντα
2366 4937 2809 5017 ὲγγαστρίμυθον
2839 4938 2940 4989 ούκ
2969 4937 3236 4990 έκώλυσε·
3269 4939 3366 4990 καὶ
3391 4939 3663 5008 πρότερος

2089 5030 2184 5081 τοῦ
2219 5029 2639 5100 ἁμαρτήσαντος
2683 5029 2712 5080 ὀ
2758 5029 3002 5081 κωλῦσαι
3060 5028 3368 5098 δυνάμενος
3401 5031 3668 5101 τέθνηκεν

2093 5125 2174 5184 είς
2204 5123 2296 5174 τὸν
2339 5122 2596 5192 πόλεμον.
2629 5123 2758 5174 Ἰνα
2792 5122 2971 5176 τοίνυν
3003 5121 3162 5189 κάγὼ
3205 5122 3282 5192 μὴ
3325 5123 3666 5191 κατακριθῶ,

2095 5213 2192 5266 καὶ
2225 5214 2390 5276 αὐτὸς
2426 5215 2582 5285 παρὰ
2629 5215 2766 5267 Θεοῦ
2805 5215 2880 5284 μὴ
2911 5213 3129 5284 κριθῆς,
3159 5215 3368 5268 παῦσον
3399 5217 3497 5278 τὰς
3551 5217 3666 5284 ἐρι-

2099 5411 2361 5466 memoris
2382 5411 2547 5482 animi
2579 5411 2848 5466 referrent
2873 5411 3132 5482 gratiam,
3155 5412 3458 5468 conditum.
3491 5413 3544 5468 Id
3575 5414 3665 5469 ad-

2100 5482 2322 5562 piodum
2379 5481 3078 5562 aliquandiuneglectum,
3107 5481 3450 5561 J_ustinianus
3478 5495 3662 5552 postea

2101 5552 2740 5622 instauravit,munivit
2778 5562 2835 5606 et
2884 5552 3212 5622 exornavit,
3261 5563 3481 5622 propter
3527 5554 3666 5606 d-uus

2103 5622 2352 5673 Cosmam
2385 5629 2439 5673 et
2477 5621 2817 5687 Damianum,
2849 5623 2940 5691 qui
2970 5621 3038 5674 ad
3090 5620 3147 5674 id
3181 5620 3438 5691 oppidum
3467 5624 3661 5691 seplti

2103 5699 2284 5744 erant.
2325 5691 2606 5759 (ΡΙ-θεον.)
