3910 6218
332 293 470 355 1253

1259 303 1856 367 ΕαςιηδῐΑδτιρΑι
1899 308 2286 371 HISTORLE
2327 312 2473 372 LIB.
2518 313 2672 376 XIV.

3458 330 3477 387 ι
3489 331 3588 389 254

324 409 441 470 δας·
491 407 566 478 μὴ
623 409 834 472 οἰκείας
889 409 1099 480 ὕϐρεως
1149 415 1382 483 ἄμυναν,
1444 419 1662 488 ἦπαρὰ
1703 421 1887 488 θνητῶπ

2021 420 2136 487 ipse
2172 421 2330 482 dicis,
2358 421 2630 492 judicium
2668 434 2724 478 ct
2761 427 3277 485 condemnationem
3316 433 3432 489 lleli
3473 452 3586 490 nte-

327 499 764 570 κεχρεώστηται,
799 502 899 572 τὴν
931 503 1115 568 ζῶσαν
1146 506 1478 578 Ἐκκλησίαν
1512 511 1789 579 μεθόδευε,
1815 516 1908 565 κιὶ

327 593 550 645 αἰώνιον
585 593 725 663 αὐτῇ
775 593 1045 664 διχόνοιαν
1098 599 1157 650 ἐν
1209 603 1564 669 προσχήματι
1621 603 1908 667 εὐσεϐείας

329 684 739 750 μετασκεύαζε.
775 703 794 736 ι
833 687 942 739 Καὶ
971 687 1137 741 πάλιν
1179 691 1310 758 περὶ
1355 692 1450 744 τοῦ
1491 694 1905 764 Χρυσοστόμουο

332 789 350 821 ι
391 773 634 843 Ἐρωτᾷς
663 774 761 844 τὴν
798 775 927 844 περὶ
958 777 1048 830 τὸν
1087 778 1374 834 Θεσπέσιον
1404 782 1661 854 Ἰωάννην
1692 802 1909 855 τραγῳ-

327 863 448 916 δίαν
480 878 495 894 ⁶
525 866 842 934 άναφράσαι
870 869 1073 935 ταύτην
1101 871 1312 941 άπορῶ.
1367 874 1512 945 Νικᾷ
1541 876 1649 945 γὰρ
1676 878 1842 947 αὐτὴν
1874 879 1906 947 ἡ

333 954 472 1026 μέθη
498 958 593 1010 τοῦ
623 960 971 1028 πράγματος.
996 964 1188 1031 Μικρά
1211 965 1265 1018 δὲ
1301 969 1562 1034 μάνθανε,
1584 969 1618 1022 ἃ
1646 972 1676 1038 ἡ
1709 973 1907 1038 γείτων

329 1046 611 1114 Αἴγυπτος
644 1050 896 1118 συνήθως
930 1055 1200 1125 ἡνόμησε,
1231 1058 1322 1110 τὸν
1354 1061 1558 1113 Μωσέα
1605 1078 1906 1133 παραιτου-

333 1139 489 1207 μένη,
519 1139 597 1208 τῷ
627 1141 830 1206 Φαραὼ
877 1145 1251 1219 οἰκειουμένη,
1294 1151 1422 1216 τοὺς
1474 1156 1772 1217 ταπεινοὺς
1805 1175 1908 1226 μα-

331 1229 614 1296 στίζουσα,
667 1234 796 1295 τοὺς
843 1241 1216 1308 κοπτομένους
1280 1243 1561 1310 θλίϐουσα,
1602 1249 1787 1311 πόλεις
1827 1251 1910 1302 οί-

331 1318 660 1386 κοδομοῦσα,
682 1325 774 1374 καὶ
795 1326 922 1388 τρὺς
946 1327 1170 1396 μισθοὺς
1196 1333 1598 1404 ἀποστεροῢσα,
1622 1339 1715 1390 καὶ
1741 1339 1906 1411 μέχρι

328 1407 424 1460 τοῦ
452 1409 550 1461 νῦν
581 1411 796 1475 τούτοις
829 1415 1210 1484 ἐμμελετῶσα.
1249 1424 1353 1476 Τὸν
1389 1424 1656 1498 λιθομανῆ
1677 1407 1789 1499 γάρ

329 1502 710 1575 χρυσολάτρην
749 1509 1168 1582 προϐαλλομένη
1201 1514 1484 1584 Θεόφιλον,
1513 1521 1608 1571 καὶ
1642 1521 1906 1591 τέσσαρσι

332 1598 674 1668 συνεργοῖςῆ
718 1601 924 1666 μᾶλλον
971 1609 1411 1675 συναποστάταις
1460 1613 1636 1666 εἰπεῖν
1689 1615 1904 1686 ὀχυρω-

332 1687 518 1752 θέντα,
569 1691 662 1742 τὸν
720 1693 942 1764 θεοφιλῆ
995 1698 1090 1750 καὶ
1147 1699 1398 1770 θεολόγον
1453 1707 1906 1778 κατεπολέμησεν

2014 515 2127 570 ιυο,
2150 509 2295 576 quod
2331 511 2470 565 filios
2495 523 2784 580 peccantes
2811 532 2914 569 non
2942 523 3251 575 cocrcucrit
3279 543 3290 576 :
3324 540 3420 578 seu
3445 526 3590 582 ﬁlius

2011 605 2160 662 tuus,
2207 602 2300 668 qui
2349 603 2530 672 magni
2566 604 2718 658 Sauli
2763 622 3056 675 personam
3106 613 3300 682 refers,
3347 631 3490 684 sum,
3534 621 3586 674 id

2008 693 2156 759 quod
2206 693 2380 764 magis
2433 712 2709 766 agnosco,
2762 700 3014 757 Jonatha:
3069 721 3287 773 pinnam
3335 712 3586 779 trepidus

2009 782 2365 851 exltorrcsco,
2415 788 2563 856 quod
2611 799 2821 856 patrem
2872 793 3260 859 Pythonissam
3298 799 3375 870 (Ι)
3438 819 3587 870 qua:-

2010 883 2222 928 rentem
2270 891 2381 930 non
2429 877 2786 947 impedierit:
2833 891 2889 936 et
2937 897 3230 955 propterea
3278 891 3432 959 prius
3468 895 3585 962 ipsc

2010 966 2104 1034 qui
2141 967 2439 1035 prohibere
2486 970 2540 1024 id
2591 973 2868 1041 potuerit,
2901 973 3193 1048 quam"qui
3238 997 3583 1051 peccaverat,

2012 1066 2191 1124 pater,
2229 1058 2281 1112 in
2317 1059 2462 1116 bello
2492 1062 2714 1121 occidit.
2752 1064 2942 1136 Itaque
2972 1085 3040 1123 ne
3078 1086 3178 1140 ego
3205 1089 3425 1143 quoque
3455 1092 3588 1131 con-

2010 1147 2262 1217 demner,
2288 1161 2342 1206 et
2374 1168 2443 1207 ne
2475 1153 2615 1209 adeo
2641 1156 2758 1224 ipse
2786 1159 2952 1213 etiam
2979 1176 3007 1214 a
3038 1162 3148 1217 Deo
3177 1165 3586 1232 condemneris,

2010 1245 2398 1301 contentiones
2429 1248 2609 1317 sopito
2635 1265 2649 1300 :
2684 1265 2783 1304 nec
2813 1249 3028 1319 injuriae
3055 1257 3293 1323 prapria:
3317 1259 3584 1323 vindicta,

2011 1349 2135 1404 qua:
2167 1336 2236 1390 ab
2285 1337 2609 1395 hominibus
2639 1343 2927 1410 provenit,
2973 1345 3250 1400 viventem
3285 1348 3583 1404 Ecclesiam

2009 1441 2108 1496 per
2151 1439 2364 1485 astulas
2396 1431 2647 1488 actiones
2693 1434 2902 1502 fallito,
2952 1453 3132 1508 neque
3165 1440 3214 1493 ei
3259 1451 3584 1509 perpetuam

2010 1521 2112 1576 sub
2157 1522 2378 1592 pietatis
2423 1536 2692 1591 praetextu
2746 1530 3147 1586 dissensionem
3199 1535 3516 1590 conciliato.
3562 1555 3580 1586 ι

2010 1613 2078 1668 Ει
2114 1613 2184 1669 de
2214 1615 2614 1687 Chrysostomo
2647 1637 2912 1676 rursum:
2952 1643 2968 1674 ι
3011 1623 3087 1678 De
3132 1624 3304 1679 divini
3357 1626 3585 1680 Joannis

2013 1707 2277 1773 tragmdia
2309 1710 2531 1776 quaeris.
2575 1711 2702 1763 liam
2732 1727 2862 1766 vero
2893 1728 3166 1782 exponere
3195 1731 3427 1784 nequeo,
3459 1732 3584 1785 pro-

329 1779 641 1851 ἄνθρωπον,
686 1787 786 1857 τὴν
819 1791 950 1859 περὶ
977 1793 1070 1845 τὸν
1103 1795 1237 1864 ἐμὸν
1266 1797 1558 1867 ὁμώνυμον
1591 1801 1887 1870 ἀπέχθειαι

2005 1801 2127 1860 pter
2176 1796 2255 1849 rei
2313 1796 2486 1865 ipsius
2542 1801 2896 1856 insolentiam
2946 1816 3110 1874 atque
3170 1803 3580 1875 indignitatem.

332 1873 673 1943 ὁρμητήριον
701 1877 802 1946 τῆς
835 1881 1042 1946 οίκείας
1068 1884 1364 1956 ἀθεότητος
1396 1889 1714 1959 εὑρηκότες.
1753 1891 1898 1945 Ἀλλ’

327 1963 356 2013 ὁ
385 1959 535 2021 οἶκος
565 1967 728 2020 Δαυτδ
755 1973 1116 2038 κραταιοῦται
1142 1989 1158 2005 ⁶
1188 1978 1406 2032 ἀσθενεῖ
1434 1980 1492 2032 δέ
1527 1981 1556 2032 ὁ
1578 1981 1672 2034 τοῦ
1701 1985 1895 2048 Σαοὺλ,

328 2057 510 2118 καθὼς
549 2058 703 2128 ὁρᾷς,
733 2063 782 2114 εί
827 2064 922 2115 καὶ
951 2065 1050 2133 τῆς
1084 2067 1254 2140 ζάλης
1283 2071 1587 2141 ὑπεξῆλθεν
1623 2077 1652 2128 ό
1687 2075 1899 2147 ἄνθρω-

332 2165 430 2210 πος
449 2152 545 2202 τοῦ
569 2151 706 2219 βίου,
731 2157 824 2209 καὶ
851 2158 990 2228 πρὸς
1019 2160 1119 2228 τὴν
1151 2162 1268 2216 ἄνω
1298 2165 1542 2236 γαλήνην
1566 2170 1890 2241 μετετέθη.»

332 2239 520 2306 Ὅπως
570 2243 628 2296 δὲ
686 2247 776 2299 τὸν
828 2249 1004 2318 μέγαν
1037 2251 1226 2306 τοῦτον
1255 2256 1476 2312 ἐπαίνου
1513 2262 1765 2326 καταξιοῖ
1794 2239 1896 2334 sic

330 2330 644 2398 ὑπερφυοῦς
715 2338 1009 2406 φράσεως,
1069 2346 1163 2397 καὶ
1222 2345 1396 2400 ταῦτα
1447 2352 1584 2420 πρὸς
1647 2330 1896 2422 Ὀφέλιον

323 2421 419 2472 τὸν
450 2430 842 2495 γραμματικὸν
863 2431 1227 2504 διεξέρχεταιο
1261 2439 1399 2493 ιΤοῦ
1430 2448 1894 2518 καταπεπλῆχθαι

323 2512 385 2565 οὗ
416 2531 560 2585 φημι
589 2521 714 2581 τοὺς
745 2521 943 2586 ἄλλους
974 2525 1197 2596 (μικρὸν
1228 2532 1336 2600 γάρ
1369 2533 1502 2596 ἴσως
1531 2512 1895 2602 πολλοῖς-.τοῦ-

290 2609 430 2673 -το),
461 2610 599 2664 ἀλλά
649 2613 742 2665 καὶ
787 2615 952 2669 αὐτὸν
1001 2620 1260 2676 Λιϐάνιον
1312 2624 1404 2678 τὸν
1458 2629 1546 2682 ἐπ’
1591 2631 1894 2706 εὐγλωττία

326 2701 478 2773 παρὰ
512 2705 645 2757 πᾶσι
677 2705 1030 2778 βεϐοημένον,
1064 2712 1164 2784 τὴν
1213 2717 1306 2770 τοῦ
1355 2719 1605 2791 ἀοιδίμου
1641 2701 1892 2781 Ἰωάννου

321 2793 593 2860 γλῶτταν,
650 2801 858 2854 καὶτὰ
912 2804 1084 2875 κάλλη
1138 2807 1247 2861 τῶν
1297 2811 1598 2882 ὀνομάτων,
1653 2819 1746 2871 καὶ
1793 2804 1892 2890 τὴν

322 2886 640 2978 πυκνότητα
693 2890 805 2943 τῶν
857 2892 1238 2966 ἐνθυμήσεων,
1301 2902 1608 2972 τεκμήριον
1660 2905 1740 2959 ἐτι
1787 2886 1891 2978 νὲιρ

320 2967 434 3022 ὄντι
462 2974 558 3026 καὶ
580 2973 863 3043 βασιλικὸν
887 2982 1096 3037 είπόντι
1125 2985 1282 3055 λόγον
1308 2967 1584 3059 γραφεῖσα
1605 2967 1887 3067 ἐπιστολή..

322 3058 398 3154 Oti
450 3060 620 3154 μόνον
670 3065 782 3136 γάρ
831 3069 995 3124 αὐτὸν
1050 3058 1357 3147 μακαρίζει
1401 3079 1547 3135 οὕτω
1589 3058 1891 3154 δυνάμενον

323 3149 520 3238 εἰπεῖν,
551 3153 684 3210 ἀλλὰ
717 3159 815 3213 καὶ
851 3163 980 3226 τοὺς
1007 3165 1524 3238 ἐγκωμιασθέντας.
1575 3177 1671 3230 κα)⁵
1717 3147 1894 3232 ταῦτα
1918 3147 1964 3206 c

325 3237 566 3306 βασιλεῖς
618 3248 1006 3319 τυγχάνοντας,
1061 3256 1146 3310 ὅτι
1201 3257 1265 3329 δὴ
1321 3262 1566 3317 τοιούτου
1605 3267 1894 3322 ἐπαινέτου

321 3335 705 3406 τετυχήκασιν.
741 3342 898 3397 Ἐστι
923 3345 982 3399 δὲ
1007 3346 1168 3419 αὕτη·
1206 3369 1227 3405 ι
1249 3355 1504 3421 Λιϐάνιος
1528 3359 1773 3431 Ἰωάννῃ.
1800 3365 1896 3414 Δε-

319 3425 551 3496 ξάμενός
584 3448 677 3485 σου
701 3434 792 3489 τὸν
823 3436 982 3508 λόγον
1011 3441 1104 3495 τὸν
1127 3446 1294 3500 πολὺν
1315 3450 1410 3502 καὶ
1432 3450 1616 3515 καλὸν,
1649 3425 1891 3521 ἀνέγνων

315 3520 545 3590 ἀνδράσι
586 3521 759 3592 λόγων
802 3531 896 3582 καὶ
947 3533 1132 3598 αὐτοῖς
1175 3536 1571 3608 δημιουργοῖς·
1605 3536 1681 3595 ὧν
1713 3520 1891 3606 οὐδεὶς

315 3611 382 3685 ἦν
413 3615 473 3678 ὃς
501 3617 603 3670 οὐκ
634 3621 808 3691 ἐπήδα
853 3639 914 3677 τε
965 3627 1060 3678 καὶ
1109 3629 1260 3694 ἐϐόα,
1311 3632 1406 3685 καὶ
1446 3634 1627 3688 πάντα
1661 3635 1790 3702 ἔδρα
1822 3636 1888 3690 τὰ

317 3709 422 3762 τῶν
449 3711 942 3785 ἐκπεπληγμένων.
975 3718 1190 3791 ’Ήσθην
1221 3722 1266 3776 δ’
1297 3724 1379 3777 ὅτι
1410 3725 1470 3779 τὸ
1491 3725 1765 3779 δεικνύναι
1789 3727 1888 3798 τὴν

315 3802 510 3874 τέχνην
541 3807 600 3860 ἐν
647 3807 1027 3882 δικαστηρίοις
1071 3817 1352 3884 προτιθεὶς
1401 3818 1503 3882 τὰς
1555 3820 1880 3888 ἀποδείξεις.

317 3895 424 3947 Καὶ
474 3899 766 3969 μακαρίζω
815 3919 874 3954 σε
913 3903 1012 3971 μὲν
1051 3905 1194 3959 οὕτω
1243 3907 1520 3979 διαμένειν
1577 3910 1883 3982 δυνάμενον

314 3988 578 4054 ἐπαινεῖν,
624 3993 912 4046 ἐπαινέτου
961 3996 1020 4049 δὲ
1045 3998 1291 4051 τοιούτου
1341 4004 1708 4072 τετυχηκότας
1741 4003 1884 4056 ἐκεί-

312 4097 458 4144 νους,
491 4084 583 4137 τόν
612 4102 673 4138 τε
701 4087 858 4141 δόντα
906 4093 1118 4159 πατέρα
1152 4095 1242 4146 καὶ
1283 4094 1409 4158 τοὺς
1443 4096 1707 4161 λαϐόντας
1747 4099 1882 4161 υίεῖς

313 4172 413 4241 τὴν
445 4173 747 4244 βασιλείαν.
775 4196 795 4230 ι
837 4181 948 4234 Καὶ
979 4184 1152 4237 ταῦτα
1184 4186 1281 4252 μὲν
1313 4187 1570 4251 Λιόάνιος
1613 4190 1878 4259 γέγραφεο

317 4267 646 4342 Πλουτάρχῳ
662 4272 720 4325 δὲ
746 4275 805 4326 τὺ
836 4279 1006 4343 σαφὲς
1036 4279 1131 4331 καὶ
1153 4278 1295 4332 λεῖον
1320 4281 1472 4334 δοκεῖ
1488 4279 1630 4334 εἶναι
1657 4284 1878 4353 γνήσιον

324 4361 596 4417 Ἀττικόν·
640 4382 658 4416 ι
689 4365 847 4418 Οὕτω
869 4369 999 4437 γὰρ,
1024 4371 1208 4439 φησὶν,
1239 4371 1510 4442 ἐλάλησαν
1540 4375 1590 4426 οἱ
1624 4375 1874 4446 ῥήτορες.

2007 1883 2187 1939 Pauca
2243 1895 2423 1942 tamen
2477 1890 2558 1943 sic
2609 1891 2845 1956 habeto,
2899 1911 3021 1963 quae
3080 1896 3258 1950 vicina
3319 1896 3584 1968 A‘Zgyptus

2006 1990 2161 2045 more
2212 1993 2313 2031 suo
2358 1980 2686 2050 designavit.
2747 1985 2931 2039 Mosen
2985 1997 3232 2040 aversata
3281 1998 3393 2052 est,
3444 1989 3584 2042 Pha-

2005 2068 2159 2122 raoni
2193 2073 2550 2140 mancipata:
2591 2073 2833 2130 humiles
2878 2075 3060 2145 ﬂagris
3101 2079 3376 2140 concidit.
3425 2080 3580 2134 labo~

2004 2166 2191 2212 rantes
2240 2160 2466 2217 afﬂixit:
2497 2165 2748 2220 civitates
2799 2170 3098 2235 exstruxit,
3159 2180 3215 2226 et
3265 2175 3576 2228 mercedem

2003 2252 2189 2319 Operis
2221 2269 2324 2308 non
2357 2257 2642 2322 persolvit.
2673 2257 2738 2311 Et
2768 2275 2892 2313 cum
2923 2261 2990 2315 ad
3021 2262 3124 2316 hoc
3155 2279 3329 2332 usque
3361 2275 3577 2335 tempus

2004 2343 2058 2397 in
2105 2345 2302 2400 studiis
2356 2347 2479 2403 istis
2517 2364 2575 2404 se
2610 2352 2985 2417 exercuisset,
3021 2354 3214 2408 insano
3253 2356 3570 2424 lapillorum

2000 2449 2188 2490 amore
2221 2437 2540 2508 ﬂagrantem
2564 2481 2578 2504 ,
2625 2456 2937 2513 aurumque
2975 2447 3142 2500 veluti
3176 2447 3347 2502 Deum
3382 2451 3574 2504 colen-

2003 2533 2134 2587 tem,
2189 2530 2490 2595 produxit:
2534 2531 2899 2602 TheOpItilum
2955 2547 3190 2606 quatuor
3233 2541 3435 2608 sociis,
3471 2558 3568 2598 seu

2000 2618 2182 2686 potius
2245 2621 2573 2679 defectionis
2644 2627 2928 2684 sodalibus
3000 2631 3115 2686 suis
3186 2634 3572 2690 circumvalla-

2004 2719 2156 2777 tum,
2225 2715 2318 2782 qui
2405 2715 2497 2769 Dei
2560 2729 2837 2774 amantem
2921 2723 3203 2792 Deumque
3267 2725 3569 2795 deprecan-

2003 2811 2112 2856 tem
2169 2805 2346 2860 virum
2404 2807 2685 2865 hostiliter
2738 2813 3090 2880 opprimeret,
3158 2832 3281 2870 cum
3343 2819 3570 2887 quidem

2000 2893 2075 2948 illi
2162 2912 2257 2951 eas
2336 2914 2475 2968 quas
2556 2901 2820 2958 adversus
2899 2907 3282 2974 cognominem
3379 2925 3564 2966 meum

1998 2997 2288 3054 gesserunt
2335 2991 2678 3059 inimicitias,
2732 2998 3078 3050 occasionem
3109 3007 3164 3052 et
3207 3015 3427 3056 causam
3463 3002 3570 3056 im-

2000 3077 2218 3144 pietatis
2250 3095 2365 3133 sure
2403 3083 2788 3151 arripuissent.
2825 3086 2989 3157 568
3020 3087 3129 3144 Sed
3165 3089 3364 3146 dctuus
3395 3093 3568 3150 David

1997 3166 2375 3223 confortatur:
2408 3173 2560 3228 Sauli
2591 3183 2796 3240 autem,
2828 3179 2989 3232 sicuti
3017 3179 3192 3246 vides,
3216 3182 3565 3242 inﬁrmatur:

1997 3261 2252 3326 quamvis
2285 3277 2349 3314 ex
2385 3267 2509 3318 vitae
2541 3265 2708 3335 hujus
2735 3252 3069 3337 tempestate
3102 3271 3192 3326 ille
3217 3274 3476 3338 evaserit,
3513 3283 3568 3330 et

1998 3349 2065 3402 ad
2100 3351 2380 3408 caelestem
2413 3358 2865 3426 tranquillitatem
2892 3363 3229 3418 transierit.»
3257 3363 3404 3420 Idem
3433 3382 3565 3422 vero

1995 3441 2282 3498 mirilicam
2313 3445 2690 3517 Chrysostomi
2718 3452 3019 3507 dictionem
3047 3455 3308 3511 laudibus
3333 3457 3563 3526 vehens,

1993 3533 2109 3589 haec
2149 3551 2369 3606 quoque
2419 3539 2485 3592 ad
2531 3539 2820 3609 Ophclium
2875 3545 3296 3614 grammaticum
3327 3548 3560 3603 scribit:

1998 3643 2016 3676 ι
2046 3626 2290 3681 Celebris
2319 3627 2547 3684 Joannis
2590 3631 2852 3701 linguam,
2891 3634 3259 3706 dictionisque
3295 3650 3559 3694 venusta-

1992 3727 2098 3773 tem
2120 3759 2135 3784 ,
2167 3729 2225 3775 et
2271 3722 2672 3776 sententiarum
2719 3725 3052 3782 densitatem
3073 3767 3088 3790 ,
3135 3743 3245 3783 non
3278 3731 3402 3785 aliis
3434 3731 3560 3786 dico

1989 3811 2205 3880 (parum
2235 3813 2385 3867 enim
2428 3814 2532 3870 hoc
2566 3816 2796 3872 fortasse
2829 3819 2970 3888 apud
3012 3820 3212 3875 multos
3238 3824 3428 3892 esset),
3461 3825 3557 3879 sed

1991 3904 2092 3974 ipsi
2130 3903 2390 3973 Libanio,
2435 3909 2530 3977 qui
2576 3910 2716 3978 apud
2751 3927 2944 3968 omnes
2973 3914 3028 3968 in
3069 3915 3386 3984 eloquentia
3420 3934 3560 3985 pra:-

1989 3999 2168 4053 clarus
2199 3999 2450 4066 habetur,
2486 4017 2691 4072 magna:
2718 4003 3070 4059 admirationi
3114 4005 3311 4071 fuisse,
3343 4008 3552 4062 indicio

1986 4100 2071 4144 est
2122 4089 2338 4146 Libanii
2387 4092 2564 4162 ipsius
2613 4095 2881 4162 epistola,
2921 4096 2987 4149 ad
3042 4097 3196 4150 illum
3247 4100 3550 4152 etiamnum

1982 4181 2266 4251 juvenem,
2300 4199 2424 4238 cum
2455 4185 2760 4240 orationem
2801 4187 2856 4240 in
2888 4188 3285 4258 imperatorum
3324 4191 3544 4245 laudem

1987 4275 2288 4341 habuisset,
2312 4276 2514 4347 scripta
2540 4295 2553 4331 :
2585 4278 2639 4332 in
2668 4295 2774 4348 qua
2799 4296 2905 4335 non
2930 4282 3108 4350 ipsum
3137 4284 3300 4339 modo
3333 4284 3549 4341 felicem

1983 4382 2104 4422 esse
2164 4369 2446 4436 ρτίυάίεςιι,
2509 4373 2600 4440 qui
2661 4373 2741 4428 sic
2799 4373 2985 4430 dicere
3043 4379 3303 4445 potuerit.
3356 4395 3550 4438 verum

311 4453 546 4537 Γοργίας
597 4458 644 4510 δ’
673 4461 702 4512 ὁ
731 4461 1012 4525 Λεοντῖνος
1066 4464 1286 4534 πρῶτος
1333 4469 1433 4536 τὴν
1481 4467 1638 4522 νόσον
1673 4471 1877 4539 ταύτην

1996 4461 2148 4513 etiam
2183 4463 2460 4531 principes
2496 4463 2644 4531 ipsos
2686 4479 2826 4534 quos
2867 4468 3113 4522 laudavit
3151 4473 3342 4527 beatos
3370 4483 3548 4541 putat,

307 4550 389 4612 είς
421 4552 552 4614 τοὺς
578 4551 888 4616 πολιτικοὺς
920 4553 1114 4622 λόγους
1143 4559 1408 4628 εἰσήγαγε
1439 4557 1500 4610 τὸ
1538 4559 1744 4628 ὑψηλὸν
1784 4562 1879 4614 καὶ

306 4641 367 4693 τὸ
391 4645 654 4711 τροπικὸν
690 4645 1106 4716 ἀσπασάμενος,
1141 4648 1238 4702 καὶ
1276 4651 1343 4719 τῇ
1380 4651 1655 4722 σαφηνείᾳ
1705 4651 1880 4722 λυμη-

308 4734 560 4805 νάμενος.
599 4737 816 4805 Ἥψατο
863 4739 942 4804 δέ,
976 4739 1164 4808 φησὶν,
1213 4741 1246 4811 ή
1276 4741 1434 4806 νόσος
1482 4741 1622 4812 αὕτη
1659 4745 1756 4798 καὶ
1782 4743 1875 4798 τοῦ

308 4827 628 4898 θαυμαστοῦ
665 4830 970 4894 Πλάτωνος.
1006 4848 1026 4883 ι
1068 4834 1131 4885 El
1162 4834 1340 4887 τοίνυν
1369 4836 1475 4905 χρὴ
1521 4834 1578 4887 δὲ
1612 4838 1669 4890 ἐν
1699 4834 1875 4907 τούτῳ

307 4923 640 4994 Πλουτάρχῳ
717 4924 1047 4989 πείθεσθαι,
1103 4927 1420 4980 πλεονεκτεῖ
1485 4928 1615 4990 τοὺς
1677 4927 1871 4991 ἄλλους

303 5017 551 5077 ἅπαντας
587 5017 616 5069 ὁ
641 5018 886 5086 ἀοίδιμος
929 5019 1206 5088 Ἰωάννης,
1240 5021 1340 5073 καὶ
1372 5020 1514 5073 κατὰ
1550 5021 1653 5086 τὴν
1689 5022 1873 5091 φωνὴν

303 5109 640 5176 .Ἀττικίσας,
672 5111 767 5163 καὶ
812 5112 1082 5182 σαφηνείᾳ
1113 5111 1188 5175 ὼς
1229 5112 1328 5164 οὐκ
1357 5109 1456 5165 οἷδ’
1486 5113 1539 5166 εῖ
1572 5130 1657 5175 τις
1705 5112 1869 5175 ἄλλος

296 5204 698 5273 χρησάμενος.»
735 5203 896 5257 Ἀλλά
924 5204 1099 5258 ταῦτα
1130 5203 1231 5271 μὲν
1265 5207 1290 5257 ὁ
1323 5205 1464 5267 θεῖος
1494 5204 1791 5274 Ἰσίδωρος.

1983 4561 2038 4605 et
2071 4554 2293 4622 quidem
2345 4555 2438 4623 qui
2476 4555 2843 4625 imperatores
2872 4569 3077 4625 essent,
3121 4565 3266 4632 quod
3302 4564 3551 4618 laudato-

1980 4662 2096 4701 rem
2127 4649 2290 4702 talem
2334 4651 2476 4703 nacti
2502 4661 2706 4705 essent.
2742 4653 2817 4706 Ea
2866 4654 2945 4708 sic
2983 4653 3189 4709 habet:
3228 4671 3250 4708 ι
3281 4655 3550 4710 Libanius

1978 4741 2200 4796 Joanni.
2259 4739 2576 4796 Orationem
2636 4751 2783 4797 tuam
2838 4744 3107 4812 prolixam
3155 4756 3213 4800 et
3256 4747 3546 4815 pulchram

1977 4832 2188 4901 accepi,
2224 4841 2280 4885 et
2322 4834 2454 4886 viris
2499 4833 2593 4898 qui
2637 4842 2691 4886 et
2728 4833 2828 4900 ipsi
2864 4834 3146 4888 orationes
3186 4837 3549 4893 conscribunt

1974 4924 2104 4992 legi.
2136 4923 2330 4977 Nullus
2363 4925 2414 4975 'm
2443 4923 2526 4975 eis
2555 4923 2679 4984 fuit,
2709 4923 2802 4991 qui
2837 4939 2945 4977 non
2973 4925 3281 4992 exsiluerit,
3313 4938 3369 4983 et
3392 4932 3540 4983 voci-

1977 5015 2184 5069 fcratus
2212 5013 2303 5074 sit,
2334 5028 2506 5082 caque
2536 5014 2716 5066 omnia
2747 5015 2954 5080 fecerit,
2983 5033 3104 5086 quae
3131 5035 3227 5088 per
3257 5030 3539 5090 stuporem

1975 5108 2316 5163 consternati
2352 5109 2554 5162 solent.
2585 5108 2668 5162 Mc
2698 5108 2829 5162 illud
2859 5110 3114 5176 delectat,
3148 5115 3290 5182 quod
3323 5115 3539 5172 dicendi

1970 5212 2143 5256 artem
2166 5241 2182 5267 ,
2217 5216 2381 5270 quam
2415 5199 2645 5270 agendis
2680 5201 2734 5254 in
2773 5202 2893 5256 foro
2925 5203 3105 5259 causis
3146 5205 3404 5260 exhibere
3439 5224 3539 5276 po-

296 5301 486 5368 tuisti,
549 5303 618 5356 ad
659 5303 822 5372 hujus
867 5303 1084 5371 generis
1129 5304 1548 5360 demonstrativi
1593 5306 1875 5361 orationes
1915 5305 2168 5359 conferre
2219 5303 2479 5357 malueris
2508 5321 2523 5360 :
2556 5313 2715 5373 teque
2746 5304 2966 5361 beatum
3019 5308 3226 5378 judico,
3258 5311 3353 5380 qui
3423 5321 3540 5364 tan-

293 5408 482 5465 topere
535 5398 813 5467 principes
854 5394 1108 5451 laudibus
1153 5412 1354 5454 ornare
1408 5398 1696 5468 potueris:
1752 5412 1854 5453 nec
1893 5397 2078 5451 minus
2141 5398 2450 5452 fortunatos
2483 5398 2607 5452 illos
2635 5414 2758 5453 esse
2821 5411 2973 5468 puto,
3000 5411 3056 5456 et
3079 5411 3292 5471 patrem
3325 5404 3536 5458 scilicet

360 5539 438 5612 (1)
460 5611 465 5612 ν
489 5537 954 5612 Ἐγγαστρίμυθοι
1002 5534 1410 5612 γυναῖκες-τάς
1439 5537 1550 5612 τῷν
1586 5536 1851 5612 τεθνηκό-

286 5635 398 5671 των
664 5635 1018 5674 εςεκαΛυυνιυ
1104 5635 1204 5676 μιᾳ
1255 5635 1311 5658 UB
1353 5635 1535 5688 GUFU‘JV
1581 5635 1850 5691 aliqua}?

288 5684 484 5745 Σαοὺλ,
520 5681 644 5750 ἥτις
687 5679 1045 5750 ἐξεκαλέσατο
1085 5678 1186 5750 τὴν
1231 5675 1430 5750 ψυχὴν.
1459 5679 1850 5746 ὶαμουηλπου

292 5746 606 5822 προφήτου*
637 5753 741 5807 hoc
777 5758 880 5815 est,
927 5746 1277 5816 Ventriloqua:
1320 5747 1562 5801 mulieres
1611 5758 1846 5802 mortuo-

1966 5553 2083 5590 rum
2117 5539 2321 5591 animas
2345 5539 2651 5601 evocabant,
2682 5555 2906 5608 quarum
2943 5555 3050 5593 una
3101 5557 3222 5593 usus
3251 5549 3324 5594 est
3364 5541 3533 5605 Saul;

441 5606 620 5700 ψυιάς
664 5606 1056 5700 eswem'
1104 5607 1204 5692 μιᾷ
1231 5606 1854 5700 ..δὶξιέτιέδξέκξξλσεξξ

1996 5626 2023 5661 a
2081 5609 2318 5662 animum
2384 5610 2652 5700 praphetnte
2693 5606 2976 5700 'Salmluelis
3062 5613 3312 5664 evocavit.
3371 5613 3528 5665 δυιιι.

1962 5678 2478 5749 Ἐγγαστριμάντις,
2513 5680 2720 5734 πόθων.
2791 5682 2958 5734 ldetu.
