3910 6218
316 366 446 427 i257

1229 364 1830 425 ECCLESIASTICAE
1868 362 2257 424 IIlSTORl/E
2297 359 2442 426 LIB.
2486 363 2642 426 XIV.

3407 355 3539 421 1958

305 496 418 541 vo;.
453 478 525 532 Ἀ
581 474 639 530 δὲ
674 476 1072 549 συνεγράψατο,
1124 479 1296 532 ταῦτὰ
1317 481 1466 531 ἐστιν
1494 495 1509 509 ·
1553 479 1873 548 Ἐξηγήσεις

1980 477 2289 547 compositae
2322 476 2406 533 ba:
2443 488 2610 534 sunt:
2648 477 3031 533 Euarrationes
3062 474 3118 531 in
3158 474 3324 532 Vetus
3348 474 3538 532 Testa.

303 571 385 632 εἰς
417 568 520 637 τὴν
569 568 813 622 παλαιὰν
846 568 1071 638 Γραφήν
1096 583 1112 599 ο
1143 562 1214 640 ἧς
1256 572 1348 623 καὶ
1377 569 1445 624 τὰ
1491 570 1675 640 ἄπορα
1705 570 1870 635 λύων,

303 663 388 726 εἰς
427 662 560 715 ῐδιον
602 659 811 729 βιϐλίον
840 659 1165 730 ὲγκαθιστᾷ.
1198 660 1292 723 Είς
1329 661 1459 724 τοὺς
1506 662 1701 728 δεκαὲξ
1736 662 1875 732 Προ-

306 757 491 825 φήτας
533 754 725 823 ἕτερον
766 751 960 820 τεῦχος
990 754 1158 816 ποιεῖ,
1193 751 1459 814 ὡσαύτως
1514 751 1609 805 καὶ
1655 752 1735 815 εἰς
1781 750 1876 805 τὸν

304 845 578 916 Ψαλτῆρα
611 843 810 912 ἕτερον
844 842 1187 913 σύγγραμμα
1224 843 1567 897 καταλείπει.
1612 840 1719 896 Καὶ
1744 840 1876 913 περὶ

304 939 568 1010 προνοίας
618 936 808 1005 ἕτερον
862 935 1148 990 συντάττει
1216 933 1455 1005 βιϐλίον’
1501 935 1599 988 καὶ
1653 936 1732 998 είς
1781 933 1875 988 τὸν

314 1029 678 1085 ’Δπόστολονο
717 1029 818 1084 καὶ
871 1030 1017 1083 κατὰ
1067 1029 1266 1084 πασῶν
1301 1031 1413 1084 τῶν
1443 1030 1712 1102 αἱρέσεων
1758 1028 1877 1084 ἔτε-

303 1142 420 1193 ρον,
451 1125 481 1177 δ
520 1121 791 1188 Ψεύδους
834 1122 934 1177 καί
966 1122 1258 1191 ἀληθείας
1299 1124 1600 1194 ἐπιγράφει
1628 1121 1877 1193 διάγνω-

299 1227 429 1268 σιν.
474 1210 784 1279 ’Δντιλέγει
822 1212 1081 1284 Κυρίλλῳ
1129 1211 1303 1284 ἑτέρῳ
1338 1214 1681 1280 συντάγματι
1731 1210 1877 1265 κατὰ,

298 1303 410 1357 τῶν
441 1300 512 1373 ιβ’
565 1302 885 1371 κεφαλαίων
940 1302 1336 1374 ἐκφωνηθέντι.
1408 1303 1679 1374 Ἐπονήθη
1725 1301 1877 1371 αὐτῷ

300 1396 398 1449 καὶ
423 1392 594 1465 ἔτερα
617 1408 633 1424 ·
669 1394 787 1456 δύο.
814 1387 892 1447 ὧν
924 1392 986 1448 τὸ
1018 1393 1121 1464 μὲν
1159 1388 1735 1462 Ἑκκλησιαστικὴν,
1769 1392 1870 1444 Φι-

299 1483 521 1540 λόθεον
552 1482 611 1537 δὲ
634 1482 909 1553 ἱστορίαν
936 1482 1086 1553 λέγει
1112 1485 1173 1537 τὸ
1197 1483 1407 1554 ἕτερον,
1439 1484 1498 1538 ὲν
1519 1476 1563 1552 ᾧ
1590 1482 1741 1553 βίους
1765 1482 1877 1535 τῶν

299 1576 611 1647 τηνικαῦτα
652 1576 815 1640 όσίως
866 1574 1215 1647 βεϐιωκότων
1261 1576 1543 1644 διέξεισιν.
1598 1574 1877 1639 Ὡσαύτως

302 1669 401 1722 καὶ
441 1668 627 1737 λόγοις
661 1668 812 1740 τρισὶ
838 1671 969 1740 περλ⁸
998 1669 1161 1725 θείων
1188 1670 1502 1740 δογμάτων,
1532 1669 1692 1739 οἵπερ
1726 1665 1878 1737 αὺτῷ

303 1758 637 1828 διαλογικῶς
682 1760 1118 1832 συνετάχθησαν.
1159 1760 1270 1817 Καὶ
1315 1761 1628 1825 ἐπιστολαῖς
1662 1758 1722 1814 δὲ
1749 1759 1877 1812 τού-

1976 577 2247 635 mentum,
2277 568 2436 639 cujus
2459 569 2624 625 etiam
2652 570 3014 623 obscurorum
3042 568 3291 622 locorum
3319 570 3538 634 exprm-

1976 660 2157 714 tiones
2192 660 2246 715 in
2293 658 2625 729 peculiarem
2664 660 2898 714 contulit
2931 658 3159 713 librum.
3207 656 3359 727 Opus
3391 657 3539 711 aliud

1975 750 2032 806 in
2055 751 2296 808 sedecim
2331 751 2647 823 prophetas,
2679 751 2829 807 aliud
2865 749 3053 805 itidem
3088 749 3145 805 in
3185 749 3538 806 Psalterium.

1978 837 2053 893 De
2108 839 2457 895 Providentia
2503 840 2647 896 liber
2687 840 2853 895 alius.
2898 840 3053 895 Alius
3091 841 3148 894 in
3195 836 3540 909 Apostolu'm.

1974 928 2255 986 Adversus
2288 930 2522 987 haereses
2554 945 2750 987 omnes
2788 931 3070 997 volumen,
3105 931 3251 1002 quod
3278 930 3539 985 Mendacii

1979 1028 2031 1075 et
2069 1022 2311 1077 veritatis
2353 1022 2640 1078 discrimen
2676 1023 2978 1094 inscripsit.
3008 1023 3177 1079 Liber
3206 1038 3371 1094 quem
3405 1038 3542 1079 con-

1977 1120 2062 1168 tra
2117 1112 2410 1169 duodecim
2478 1116 2659 1186 capita
2721 1113 2912 1188 Cyrilli
2965 1113 3322 1184 conscripsit.
3379 1111 3540 1177 Item.

1975 1202 2348 1260 Ecclesiastica
2401 1205 2643 1262 historia.
2694 1207 2764 1264 Et
2817 1220 3038 1263 rursum
3092 1205 3381 1270 Φιλόθεος,
3438 1202 3538 1257 hoc

1975 1306 2082 1363 est,
2137 1298 2232 1354 Dei
2289 1302 2592 1357 amantium
2628 1300 2867 1356 Historia
2901 1317 2921 1354 :
2965 1299 3025 1356 in
3074 1315 3180 1370 qua
3231 1298 3542 1353 institutum

1974 1403 2169 1445 eorum
2221 1391 2317 1461 qui
2359 1401 2519 1449 aetate
2549 1408 2647 1448 sua
2698 1393 2865 1448 vitam
2890 1400 3080 1448 sancte
3132 1398 3542 1453 transegeruut.

1975 1483 2350 1554 persequitur.
2402 1485 2555 1541 Libri
2595 1494 2712 1540 tres
2756 1485 2826 1540 de
2870 1485 3075 1540 divinis
3104 1483 3455 1555 dogmatibus
3488 1483 3542 1537 in

1976 1574 2194 1646 dialogo
2222 1577 2545 1648 conscripti.
2574 1577 2706 1650 Legi
2735 1586 3000 1649 praeterea
3026 1577 3542 1655 supraquingentas

1976 1669 2097 1739 ejus
2125 1669 2408 1738 epistolas,
2442 1669 2632 1726 Graeco
2666 1686 2921 1727 sermone
2949 1672 3157 1743 optime
3189 1671 3540 1740 compositas.
3575 1662 3581 1696 ί

1978 1757 2105 1816 Haec
2153 1761 2223 1816 de
2274 1761 2637 1819 Theodorito.
2692 1762 2824 1831 Quae
2876 1777 3059 1821 autem
3110 1765 3162 1820 ei
3219 1763 3544 1827 acciderint,

307 1865 406 1902 του
434 1850 577 1922 ὑπὲρ
611 1853 977 1919 πεντακοσίας
1025 1852 1298 1924 ἐνέτυχον,
1326 1853 1569 1924 ἀρίστως
1602 1853 1699 1907 καὶ
1735 1848 1873 1905 κατὰ

1980 1859 2168 1921 postea
2200 1852 2588 1911 indicabimus.

304 1941 467 2010 λόγον
493 1944 736 2013 Ἕλληνα
781 1946 1199 2017 συγκειμέναις.
1290 1946 1380 2000 Ἐν
1406 1945 1620 2010 τούτοις
1666 1944 1768 2016 μὲν
1810 1943 1905 1998 καὶ
1937 1945 1965 1998 ό
2000 1944 2377 2019 Θεοδωρητοςο
2411 1943 2501 2003 οἷα
2566 1948 2624 2003 δὲ
2670 1948 2846 2021 τούτῳ
2905 1949 3217 2017 ξυνέπεσεν,
3247 1952 3281 2022 ἡ
3328 1951 3542 2021 ἱστορία

305 2036 575 2106 προϊοῦσα
599 2037 854 2110 δηλώσει.

857 2184 1109 2241 ΚΕΦΛΛ.
1158 2185 1284 2240 NE’.

309 2300 450 2366 Περὶ
509 2303 803 2356 Evr-sator)
873 2302 983 2358 τοῦ
1031 2303 1308 2369 Κυρήνης
1360 2301 1722 2363 ἐπισκόπου,
1770 2299 1872 2353 καί

376 2370 541 2510 ἓπιὸς
596 2371 782 2440 δόξης
844 2372 1024 2441 ἔχων,
1076 2374 1162 2439 είς
1220 2372 1694 2441 τὶρνίερωσύνην
1722 2386 1872 2437 προ-

420 2460 458 2509 l
499 2458 559 2508 η·

420 2460 559 2509 χυη.

387 2574 515 2627 Ἐπὶ
548 2572 762 2637 τούτοις
815 2574 872 2628 δὲ
921 2575 1014 2629 καὶ
1056 2574 1329 2639 Συνέσιος,
1377 2568 1440 2629 οὗ
1468 2574 1624 2636 κλέος
1652 2573 1874 2627 ἅπασαν

305 2666 406 2735 τὴν
446 2665 671 2735 ὗφήλιον
722 2664 1018 2736 διατρὲχει,
1063 2664 1459 2734 συνήκμαζεν’
1498 2663 1555 2727 ὃς
1593 2658 1682 2735 ἦν,
1715 2662 1876 2732 εἴπερ

307 2776 392 2822 τις
415 2758 526 2812 τῶν
555 2757 682 2813 κατ’
712 2758 891 2812 ἐκεῖνο
921 2757 1116 2828 καιροῦ
1146 2756 1521 2826 λόγιος.υῦτω
1547 2756 1604 2809 δὲ
1634 2760 1699 2827 τῇ
1736 2757 1877 2811 Πλα·

306 2851 513 2919 τωνικῇ
548 2847 941 2918 προσεχώρησε
991 2848 1302 2919 φιλοσοφίᾳ,
1336 2847 1428 2900 κα)⁵
1476 2848 1556 2908 είς
1585 2848 1676 2900 τδν
1708 2846 1875 2915 ἀκρό-

305 2956 469 2992 τατον
497 2939 623 3009 ὅρον
655 2934 792 3011 ἧκεν
830 2939 1023 3008 αὐτῆς,
1051 2937 1126 3001 ὡς
1160 2940 1235 3009 μὴ
1280 2937 1442 3003 μόνον
1476 2936 1608 3008 παρ’
1642 2937 1871 3010 Ἕλλησι

309 3029 717 3099 θαυμασθῆναι,
746 3028 885 3083 ἀλλὰ
913 3029 979 3099 δὴ
1016 3030 1110 3083 καὶ
1137 3029 1291 3100 παρὰ
1333 3029 1705 3100 Χριστιανοῐς,
1728 3029 1874 3094 ὅσοις

2577 2179 2803 2239 CAPUT
2843 2178 2953 2238 LV.

1977 2292 2055 2347 De
2086 2291 2303 2362 Synesio
2337 2291 2621 2362 Cyrenensi
2652 2295 2892 2362 episcopo
2919 2310 2938 2347 :
2966 2302 3013 2347 et
3055 2309 3213 2361 quam
3261 2295 3306 2347 is
3348 2294 3545 2361 Opima-

2048 2379 2162 2416 nem
2192 2363 2454 2427 ohiuens,
2479 2364 2548 2417 ad
2577 2364 2963 2418 sacerdotalem
2984 2373 3260 2433 provectus
3280 2364 3345 2417 sit
3373 2366 3519 2434 digni
3530 2391 3546 2404 -

2050 2440 2233 2486 tatem.

2049 2569 2185 2626 Cum
2222 2569 2308 2624 his
2339 2578 2397 2625 et
2444 2568 2743 2642 Synesius,
2794 2569 2954 2640 cujus
2986 2583 3178 2641 magna
3215 2579 3331 2626 toto
3374 2578 3546 2626 ιρι-τηε

1975 2676 2097 2716 rum
2145 2662 2280 2717 orbe
2315 2661 2490 2731 gloria
2535 2670 2651 2725 est,
2688 2660 2914 2715 floruit:
2970 2661 3097 2731 qui,
3147 2661 3194 2717 si
3247 2662 3540 2732 quisquam

1975 2753 2153 2821 alius,
2183 2761 2238 2807 et
2273 2752 2391 2824 ipse
2434 2762 2596 2809 aetate
2627 2768 2693 2808 ea
2737 2752 2936 2809 doctus
2974 2753 3101 2810 fuit.
3144 2754 3379 2809 Tantum
3415 2770 3548 2808 vero

1976 2858 2158 2915 opera:
2193 2843 2411 2899 navavit
2450 2842 2818 2915 philosophia:
2850 2842 3169 2907 Platonicae,
3201 2852 3259 2897 et
3296 2842 3435 2898 adeo
3470 2846 3535 2896 ad

1975 2950 2253 2993 summum
2302 2936 2425 3006 ejus
2474 2937 2727 3006 pervenit
2771 2934 3090 3006 fastigium,
3140 2944 3202 2990 ut
3249 2951 3375 2992 eum
3429 2953 3541 2992 non

1981 3030 2159 3086 solum
2188 3029 2442 3100 gentiles,
2470 3044 2661 3085 verum
2695 3029 2864 3083 etiam
2902 3028 3201 3084 Christiani
3233 3029 3344 3084 sint
3371 3029 3547 3084 admi-

310 3120 387 3191 μὴ
439 3118 794 3192 προσπαθεία
846 3120 1057 3191 κρίνειν
1107 3120 1401 3189 συμσαίνει
1431 3119 1501 3175 τὰ
1546 3121 1870 3193 πράγματα.

1981 3122 2083 3179 rati
2107 3163 2122 3187 .
2156 3122 2249 3193 qui
2277 3128 2345 3178 de
2376 3122 2543 3178 rebus
2584 3122 2733 3177 nulla
2767 3122 3061 3177 aliectione
3107 3121 3293 3177 infecti
3330 3123 3546 3178 sincere.

307 3210 565 3266 Τοιοῦτον
594 3212 653 3266 δὲ
696 3211 830 3266 ὄντα
859 3212 956 3266 καὶ⁹
982 3212 1154 3276 ἄλλως
1187 3212 1393 3285 ἥμερον
1422 3212 1515 3266 τὸν
1555 3213 1654 3285 τρό
1665 3231 1755 3267 πον
1780 3214 1873 3266 καὶ

1980 3213 2247 3286 iudicant.
2295 3212 2437 3268 lluic
2467 3220 2620 3267 tanto
2655 3210 2812 3276 viro,
2854 3211 2949 3280 qui
2995 3221 3260 3280 prmerea
3299 3210 3549 3280 placidus

311 3304 553 3373 μέτριον,
597 3303 778 3357 πείθει
817 3304 1009 3358 τοῦτον
1038 3304 1299 3373 Θεόφιλος
1336 3306 1366 3358 ό
1388 3307 1489 3376 τῆς
1516 3305 1871 3377 Ἀλεξάνδρου

1980 3315 2035 3363 et
2076 3306 2357 3361 modestus
2384 3311 2566 3370 esset,
2601 3303 2942 3374 Theophilus
2994 3303 3403 3359 Alexandrinus
3425 3343 3441 3369 ,
3487 3315 3547 3359 ut

308 3396 404 3448 καὶ
431 3394 531 3464 τῆς
567 3393 947 3466 σωτηριῶδους
970 3394 1397 3464 παλιγγενεσίας
1424 3394 1748 3467 ἀξιωθῆναι.
1783 3397 1873 3460 Ὠς

306 3487 368 3539 δὲ
399 3484 545 3539 τοῦτ’
581 3485 829 3555 ἔδρασεν,
857 3486 1054 3540 ἔπειτα
1084 3487 1344 3558 ἐπειρᾶτο
1372 3487 1467 3541 καὶ
1500 3487 1562 3541 τὸ
1588 3489 1686 3557 τῆς
1713 3488 1875 3559 ίερω·

307 3579 473 3651 σόνης
498 3582 709 3634 ἐκεῖνον
733 3580 991 3645 δέξασθαι
1018 3579 1257 3652 χρίσμα.
1296 3580 1357 3632 '0
1377 3579 1424 3632 δ’
1443 3579 1503 3633 ὲν
1530 3581 1644 3644 τοῖς
1667 3579 1871 3647 ἄλλοις,

304 3672 343 3727 ἃ
368 3673 612 3737 δοξάζειν
641 3673 799 3744 θέμις
825 3672 1209 3745 Χριστιανοὺς,
1244 3672 1534 3744 πρόχειρος
1560 3667 1651 3744 ἦν.
1679 3674 1783 3727 Ἐκ
1807 3688 1871 3742 γε

310 3766 421 3834 μὴν
450 3767 558 3820 τῶν
606 3766 975 3821 Πλατωνικῶν
1016 3765 1305 3837 δογμάτων
1352 3766 1868 3836 παρατρεπόμενος,

304 3857 504 3924 ἥκιστα
531 3856 627 3909 τὸν
652 3857 753 3925 τῆς
781 3857 1133 3921 ἀναστάσεως
1170 3856 1332 3925 λόγον
1372 3857 1652 3926 προσίετο,
1698 3858 1872 3931 ἀπόρ-

305 3951 473 4018 ρητον
519 3949 583 4004 τὸ
633 3949 880 4002 τοιοῦτον
924 3949 1105 4018 δόγμα
1151 3948 1247 4002 καὶ
1301 3950 1670 4019 ἀποτρόπαιον
1727 3951 1872 4021 μάλα

307 4038 632 4109 ἡγούμενος.
694 4040 760 4093 Ἡ
820 4040 864 4094 δ’
934 4040 1249 4111 Ἐκκλησία,
1302 4041 1398 4096 καὶ
1459 4041 1600 4095 οὕτω
1645 4043 1872 4115 γνώμης

307 4131 520 4201 ἔχοντα,
559 4131 855 4202 ξυνεχώρει
902 4132 961 4185 τὸ
1002 4134 1254 4203 ἱερᾶσθαι
1278 4148 1294 4164 ο
1343 4133 1648 4198 εὺουὸόλως
1680 4151 1875 4206 στοχα-

310 4223 541 4292 σαμένη,
576 4223 651 4287 ὡς
679 4227 806 4288 ταῖς
833 4224 1049 4288 λοιπαῖς
1082 4225 1305 4295 τάνδρὸς
1336 4227 1559 4297 ἀρεταῖς
1592 4227 1745 4297 μόλις
1775 4231 1873 4282 καὶ⁹

308 4318 445 4387 πρὸς
477 4316 637 4370 τοῦτο
665 4317 729 4388 δὴ
764 4317 1060 4387 μαλαχθεὶς
1088 4318 1431 4374 κατανεύσει.
1466 4319 1618 4388 Μηδὲ
1653 4321 1764 4392 γὰρ
1804 4322 1871 4373 ἂν

306 4408 405 4476 τὴι
440 4407 591 4460 θείαν
629 4408 789 4478 χάριν
824 4407 1000 4471 οὕτως
1034 4409 1223 4478 mani}
1258 4426 1321 4476 γε
1372 4404 1511 4463 εἶναι
1556 4411 1868 4476 ἀνέξεσθαι,

1979 3396 2276 3454 salutarem
2319 3396 2625 3467 susciperet
2659 3396 3142 3467 regenerationem
3164 3436 3180 3463 ,
3219 3397 3541 3467 persuasit:

1982 3500 2170 3560 postea
2201 3504 2332 3543 vero
2375 3489 2579 3553 etiam,
2613 3496 2675 3542 ut
2720 3487 2863 3543 idem
2909 3487 3172 3542 sacerdos
3219 3497 3541 3558 angeretur.

1979 3594 2105 3636 cum
2150 3596 2219 3636 eo
2264 3580 2397 3650 egit.
2442 3580 2621 3649 Atque
2666 3578 2758 3634 ille
2804 3578 2872 3633 ad
2926 3579 3032 3634 alia
3078 3594 3201 3647 quae
3241 3579 3541 3636 Christiani

1980 3671 2347 3740 profitentur,
2401 3678 2715 3741 promptum
2771 3682 2830 3723 se
2889 3679 2947 3724 et
2999 3668 3215 3724 facilem
3271 3671 3546 3741 prazhuit:

1981 3761 2139 3834 571
2175 3760 2470 3816 Platonicis
2501 3770 2686 3816 autem
2718 3761 3012 3817 sententiis
3040 3761 3327 3828 seductus,
3357 3774 3548 3819 resar-

1981 3853 2240 3909 rectionis
2276 3852 2584 3909 doctrinam
2635 3852 2872 3923 primum
2905 3853 3133 3910 minime
3174 3857 3409 3926 recepit.
3445 3873 3546 3913 nc-

1978 3945 2199 4001 fandam
2247 3961 2369 4001 eam
2434 3953 2489 4002 et
2542 3946 2923 4003 detestandam
2988 3962 3112 4005 esse
3161 3949 3444 4022 judicans;
3490 3960 3547 4006 et

1980 4040 2231 4109 quamvis
2277 4054 2338 4095 ea
2395 4046 2542 4094 esset
2595 4039 2889 4109 Opinione,
2940 4039 3188 4096 Ecclesia
3231 4051 3435 4107 tanien,
3484 4053 3547 4097 ut

1980 4131 2275 4187 sacerdotii
2307 4131 2490 4187 obiret
2538 4146 2773 4194 munus,
2821 4133 3035 4189 homini
3066 4135 3342 4204 permisit.
3410 4137 3546 4203 Qua:

1980 4224 2086 4279 hoc
2113 4234 2226 4277 tum
2262 4223 2411 4286 fecit,
2441 4224 2532 4278 illa
2561 4234 2708 4277 certa
2741 4226 3061 4295 conjectura
3095 4225 3356 4293 adducta,
3391 4228 3545 4298 quod

1977 4322 2202 4384 proliter
2224 4312 2463 4384 reliquas
2487 4314 2605 4386 ejus
2627 4316 2878 4379 virtutes.
2905 4332 3030 4371 eum
3060 4318 3223 4372 etiam
3247 4319 3545 4390 aliquando

1980 4407 2197 4459 tandem
2242 4405 2441 4460 ﬂexum
2485 4407 2906 4463 resurrectionis
2962 4408 3356 4479 professionem
3388 4428 3542 4467 com-

308 4500 523 4559 πολλοῖς
572 4501 669 4554 καὶ
701 4500 961 4570 μεγάλοις
1012 4501 1271 4570 κομῶντα
1299 4504 1413 4559 τοῖς
1465 4506 1867 4574 προτερήμασι.

1980 4497 2338 4567 probaturum
2361 4537 2377 4562 ,
2408 4498 2765 4567 divinamque
2800 4500 3028 4569 gratiam
3071 4516 3188 4557 rem
3222 4503 3298 4557 illi
3341 4513 3545 4559 tantam

310 4592 419 4643 Καὶ
462 4594 560 4657 τῆς
594 4593 810 4654 ἐλπίδος
861 4594 1126 4661 οὐμενοῦν
1158 4595 1258 4647 οὐκ
1296 4594 1608 4665 ἠστόχησαν
1636 4611 1648 4625 ·
1688 4595 1871 4666 μικρῷ

307 4685 418 4748 γὰρ
454 4680 679 4752 ὕστερον
710 4685 805 4736 καὶ
846 4683 1069 4754 ἔστερξε
1102 4684 1196 4737 καὶ
1229 4686 1872 4756 ἀνωμολόγησεβεϐαίαν

307 4766 447 4822 εἶναι
477 4772 624 4840 μάλα
653 4774 749 4825 καὶ
794 4777 1187 4844 προσήκουσαν
1218 4775 1318 4844 τὴν
1367 4775 1519 4839 δόξαν
1565 4774 1773 4844 ταύτην
1803 4778 1869 4845 τῇ

322 4861 807 4933 Ἐκκλησέαθοσος
837 4864 946 4934 γὰρ
974 4867 1067 4918 καὶ
1093 4868 1274 4927 ὁποῖος
1299 4866 1509 4933 γέγονε,
1537 4869 1875 4937 τεκμηριοῦ-

308 4968 395 5003 σιν
441 4955 496 5006 al.
553 4953 690 5021 μετὰ
736 4954 834 5025 τὴν
894 4955 1196 5023 ίερωσύνην
1250 4956 1475 5023 κομψῶς
1513 4958 1874 5026 γεγενημέναι

305 5042 485 5112 τούτῳ
518 5044 827 5108 ἐπιστολαὶ,
853 5047 947 5098 καὶ
968 5043 1137 5097 τᾶλλα
1159 5046 1267 5097 τῶν
1293 5049 1774 5115 συγγραμμάτων,
1798 5049 1875 5118 τῷ

305 5135 674 5206 ἀπαραμίλλῳ
708 5136 809 5205 τῆς
850 5134 1127 5205 συνθήκης
1175 5134 1271 5187 καὶ
1310 5137 1579 5207 ἁρμονίας
1616 5139 1707 5190 καὶ
1739 5141 1875 5209 φρά-

307 5244 467 5288 σεως.
500 5229 596 5281 καὶ
621 5217 684 5299 τῇ
712 5229 820 5281 τῶν
854 5229 1141 5298 νοημάτων
1178 5230 1499 5298 πυκνότητι,
1533 5232 1589 5282 ἐν
1635 5232 1876 5300 δευτέρῳ

306 5310 482 5371 πάντα
511 5319 768 5373 τιθεῖσαι.
812 5322 876 5373 Ἀ
908 5320 954 5373 δ’
972 5315 1067 5373 οὖν
1089 5320 1472 5384 καταλέλοιπε,
1499 5322 1676 5375 ταῦτά
1714 5326 1870 5377 εἰσιν·

316 5409 652 5462 Ἐπιστολῶν
690 5409 919 5479 βιϐλίον,
972 5410 1135 5480 αἵπερ
1190 5411 1295 5461 εἰσὶ
1346 5413 1482 5481 πρὸς
1519 5416 1635 5475 ταῖς
1680 5414 1876 5466 ἑκατὸν

305 5505 400 5554 καί
430 5502 698 5572 ἐξήκοντα
718 5518 731 5531 ·
761 5504 787 5555 ό
824 5504 951 5573 περὶ
987 5502 1267 5572 βασιλείας
1305 5503 1440 5590 πρὸς
1472 5504 1751 5558 eadem)»,
1779 5508 1872 5557 ἐκ-

305 5594 708 5664 πεφωνημένος
762 5595 856 5648 τὸν
908 5595 1048 5660 νέον,
1103 5594 1367 5664 ἄντικρυς
1410 5595 1730 5649 διδασκαλία
1782 5599 1877 5651 καὶ

302 5684 472 5748 τύπος
495 5686 778 5756 βασιλικῆς
801 5685 875 5741 ῶν
902 5686 1289 5750 καταστάσεως
1312 5705 1326 5719 ι
1352 5688 1380 5740 ό
1408 5687 1545 5754 Περὶ
1574 5687 1877 5743 ἐνυπνίων

306 5776 450 5847 ἔχων
498 5780 849 5848 ἐπιγραφήνο
903 5781 931 5832 ό
977 5780 1113 5849 πρὸς
1150 5780 1406 5834 Παιόνων
1446 5779 1584 5850 Περὶ
1628 5783 1731 5838 τοῦ
1771 5781 1876 5835 δώ-

554 5876 823 5935 l’aTnUL.
869 5878 979 5935 (in.
1035 5875 1271 5937 CXLVI

1974 4590 2189 4651 deesse.
2216 4591 2308 4659 qui
2342 4591 2529 4644 multis
2562 4591 2878 4660 magnisque
2927 4592 3206 4661 primariis
3237 4595 3396 4649 donis
3427 4599 3547 4651 eni-

1978 4690 2136 4742 teret,
2171 4696 2451 4749 passuram
2491 4696 2599 4735 non
2635 4694 2760 4736 esse
2792 4691 3029 4750 putaret.
3070 4682 3257 4753 Neque
3290 4685 3380 4738 illa
3416 4687 3540 4754 epi-

1976 4774 2142 4827 nione
2188 4784 2242 4827 et
2291 4789 2386 4842 spe
2429 4789 2527 4828 sua
2574 4774 2707 4828 falsa
2755 4783 2860 4829 est.
2907 4775 3074 4829 Paulo
3116 4790 3355 4846 namque
3421 4788 3543 4848 post

1977 4865 2439 4918 resurrectionem
2480 4875 2537 4919 et
2567 4866 2838 4931 credidit,
2883 4874 2942 4922 et
2970 4866 3255 4936 professus
3284 4878 3389 4933 est,
3421 4885 3545 4925 cer-

1980 4955 2085 5012 tam
2115 4959 2256 5012 hanc
2283 4973 2426 5025 esse,
2457 4961 2807 5030 maximeque
2836 4960 3130 5015 convenire
3157 4960 3412 5016 Ecclesia:
3438 4962 3543 5031 ipsi

1979 5050 2325 5104 sententiam.
2370 5049 2558 5116 Qualis
2605 5063 2786 5107 autem
2837 5061 2894 5108 et
2940 5062 3183 5122 quantus
3223 5052 3309 5107 vir
3355 5053 3541 5117 fuerit.

1978 5151 2256 5196 testantur
2287 5156 2408 5206 qua:
2440 5142 2510 5197 ab
2544 5158 2613 5198 eo
2648 5151 2771 5212 post
2804 5145 3201 5201 sacerdotalem
3234 5155 3545 5217 susceptam

1979 5233 2300 5303 dignitatem
2375 5250 2637 5304 perquam
2682 5236 2962 5307 eleganter
2995 5238 3215 5309 scriptae
3258 5249 3390 5295 sunt
3431 5243 3546 5311 epi-

1980 5325 2168 5387 stolae;
2202 5333 2258 5378 et
2288 5325 2380 5379 alii
2413 5326 2640 5397 insuper
2665 5329 2813 5395 libri,
2844 5330 2939 5399 qui
2979 5332 3394 5401 incomparabili
3429 5334 3545 5402 ipsa

1979 5416 2400 5484 compositione,
2422 5417 2664 5474 dictione
2705 5431 2761 5475 et
2800 5424 3198 5478 sententiarum
3242 5424 3547 5494 frequentia

1979 5511 2182 5575 scripta
2212 5507 2318 5561 alia
2348 5510 2533 5564 omnia
2566 5511 2726 5579 longe
2754 5521 2880 5581 post
2906 5527 2966 5567 se
2995 5513 3335 5584 relinquunt.
3366 5514 3547 5571 Lucu-

1980 5600 2262 5655 bratioues
2291 5600 2359 5655 ah
2389 5616 2455 5655 eo
2497 5602 2660 5655 edita:
2692 5606 2774 5656 ha:
2803 5613 2965 5658 sunt:
2993 5604 3356 5674 Epistolarum
3391 5608 3547 5661 volu-

1981 5708 2106 5746 men
2155 5701 2376 5746 centum
2416 5702 2473 5746 et
2511 5692 2816 5762 sexaginta.
2865 5694 3177 5749 Theodosio
3213 5696 3421 5768 juniori
3473 5697 3542 5751 de

1983 5784 2215 5855 imperio
2246 5783 2682 5840 administrando
2716 5784 2931 5842 dicatus
2955 5785 3116 5852 liber,
3150 5786 3457 5844 doctrinam
3485 5794 3542 5843 et

3160 5880 3227 5938 tn
