3910 6218
347 345 481 408 1Ξ63
1551 338 1891 401 ΝΙΟΕΡΗΟ

2076 342 2350 406 lLLlSTI
3478 341 3497 402 1
3518 344 3620 404 114

342 463 585 522 credam,
621 474 796 529 neque
832 457 1096 512 mundum
1126 456 1303 527 ipsum
1329 465 1381 510 et
1421 464 1606 523 partes
1633 457 1754 525 ejus
1773 457 1886 512 alia.

2076 459 2259 530 ’ἀγκης
2305 459 2613 531 παρούσης,
2646 460 2761 514 οὔτ’
2814 462 3060 534 ἐλέγχειν
3094 464 3259 532 σοφὸν
3298 465 3417 517 οὔτ’
3450 468 3620 519 ut»-

339 555 662 610 interituras
701 568 825 606 cs<c
863 550 1064 605 dicam.
1110 549 1593 603 Resurrectioncm
1629 549 1883 617 deprredi

2080 552 2224 606 σθαι.
2287 552 2638 621 Καλούμενος
2690 552 2737 607 δ’
2780 555 2861 618 εἰς
2922 557 3254 627 ἱερωσύνην,
3306 558 3416 610 οὐκ
3471 558 3620 621 ὀξιῶ

342 658 521 704 catam
597 660 812 701 sacrum
889 640 1151 713 quiddam
1201 651 1256 694 et
1300 639 1525 694 minime
1571 639 1885 708 vulgandun

2075 645 2439 698 ιοσποιεϊσθαι
2465 645 2739 714 δόγματα.
2767 646 2958 700 Ταῦτα
2988 648 3146 711 Θεὸν,
3184 648 3366 701 ταῦτα
3391 648 3619 718 ἀνθρώ-

343 756 468 797 esse
497 738 641 794 duco
667 778 682 803 ,
715 747 893 806 neque
923 733 1206 801 conceptis
1237 731 1379 801 vulgi
1415 729 1774 798 opinionibus
1820 742 1887 783 as

2069 752 2147 797 to;
2176 736 2549 806 μαρτύρομαι.
2584 737 2801 792 Οίκεῖον
2826 738 3057 808 ἀλήθεια
3085 739 3235 811 Θεῷ,
3267 734 3314 809 ᾧ
3341 741 3437 796 διὰ
3467 744 3613 795 πάν-

344 832 535 889 sentiri
582 844 827 901 possum.
887 825 1051 897 5⁸141
1094 825 1243 879 Mens
1294 823 1638 893 philosophia
1689 822 1888 876 exeult:

2068 845 2118 880 av
2170 828 2415 891 ἀναίτιος
2444 824 2586 882 εἶναι
2618 828 2905 899 βούλομαι.
2943 833 3042 886 ’Ἑν
3086 832 3253 887 τοῦτο
3311 836 3479 903 μόνον
3508 839 3612 909 οὐχ

344 939 540 981 verum
570 920 857 992 perspicit.
893 918 965 972 Ea
1018 917 1346 972 necessitate
1383 915 1646 976 adducta,
1681 911 1888 967 menda

2069 920 2376 990 τοκρίνομαι
2399 936 2415 953 ο
2446 920 2572 974 ἐπεὶ
2602 922 2700 975 καὶ
2724 922 3127 994 φιλοπαίγμων
3147 926 3249 990 ὢν,
3282 926 3363 991 ὥς
3383 945 3452 997 γε
3482 948 3613 984 παι-

343 1018 487 1072 cium
522 1013 816 1085 permittit.
852 1011 921 1066 Et
955 1010 1120 1065 habet
1151 1008 1422 1063 rationem
1453 1022 1549 1060 seu
1595 1002 1887 1075 proportio

2072 1011 2165 1064 θεν
2213 1013 2395 1066 αἰτίαν
2444 1012 2604 1083 ἔσχον
2632 1015 2970 1084 ὁπλομανεῖν
2998 1034 3061 1070 τε
3107 1021 3207 1073 καὶ
3259 1021 3612 1092 ἱππομανεῖν

344 1124 467 1170 nem
496 1122 649 1163 suam
682 1105 868 1161 lumen
904 1103 973 1159 ad
1005 1102 1293 1158 veritatem
1330 1108 1386 1154 et
1411 1098 1606 1153 oculus
1637 1097 1702 1153 ad
1736 1111 1888 1166 poput

2068 1104 2154 1174 ἔρα
2186 1103 2285 1157 τοῦ
2307 1104 2543 1167 δέοντος,
2582 1106 2883 1176 ἀνιάσομαι
2911 1108 3013 1178 μέν
3032 1125 3048 1139 ·
3079 1112 3136 1163 τί
3159 1112 3273 1183 γὰρ
3312 1119 3412 1167 καὶ
3444 1117 3612 1170 πάθω

343 1200 480 1258 lum.
514 1198 798 1267 Quatenus
830 1211 963 1266 ergo
1011 1194 1208 1250 oculus
1242 1191 1453 1247 lumine
1499 1189 1810 1259 copiosiore
1852 1187 1887 1242 ir

2067 1213 2109 1258 ις
2159 1195 2424 1265 φιλτάτας
2472 1197 2646 1259 κόνας
2684 1199 2928 1270 ἀθηρους
2986 1203 3155 1269 δρῶν,
3209 1207 3311 1259 καὶ
3349 1207 3423 1261 τὰ
3474 1212 3571 1274 τότ
3576 1228 3611 1263 α

344 1290 596 1349 deterius
624 1291 906 1352 abutatur,
930 1297 1028 1342 aut
1049 1285 1215 1356 lippis
1238 1282 1477 1340 tenebrae
1500 1280 1888 1336 commodiore:

2063 1287 2457 1356 :tnqaécsata;
2492 1290 2840 1361 Καρτερήσω
2889 1294 2971 1357 δὲ,
3003 1294 3072 1348 ἂν
3121 1298 3400 1370 ἐπιτάττῃ
3430 1300 3607 1357 Θεὸς·

343 1386 476 1452 sint,
513 1383 784 1439 hactenus
831 1377 1181 1434 mendacium
1239 1389 1458 1446 quoque
1511 1372 1715 1443 populo
1775 1371 1887 1425 utili

2066 1379 2104 1432 ιὶ
2140 1381 2498 1450 μισόφροντις
2544 1381 2643 1448 ὢν,
2692 1383 3033 1454 ὀδυνήσομαι
3070 1388 3195 1456 μὲν,
3249 1392 3523 1461 ἀνέξομαι
3550 1395 3610 1448 δι

342 1492 486 1542 esse,
537 1486 595 1530 ct
636 1473 928 1529 veritatem
980 1470 1201 1524 noxiam
1248 1467 1333 1523 eis
1385 1476 1541 1535 puto,
1596 1463 1690 1534 qui
1734 1464 1886 1518 aeien

2066 1473 2253 1526 κιδίων
2282 1474 2375 1527 καὶ
2427 1476 2777 1545 πραγμάτων
2820 1478 3175 1549 λειτουργίαν
3212 1486 3345 1538 τινὰ
3393 1488 3610 1555 ταύτην

346 1570 547 1626 mentis
585 1567 642 1623 in
684 1565 994 1623 evidentem
1037 1576 1222 1617 rerum
1272 1558 1576 1614 claritatem
1623 1555 1890 1611 iutenderr

2103 1564 2198 1616 καὶ
2226 1563 2453 1634 βαρεῖαν
2480 1564 2763 1636 ἐμπιπλὰς
2810 1567 2889 1638 τῷ
2929 1571 3072 1640 Θεῷ.
3120 1574 3388 1644 Δόγματα
3414 1580 3475 1631 δὲ
3501 1583 3609 1634 οὐκ

343 1668 653 1735 nequeunt.
708 1658 868 1727 Quod
910 1658 957 1713 si
1002 1654 1318 1711 sacerdotes
1363 1650 1538 1707 nostri
1599 1649 1718 1705 haec
1772 1648 1886 1704 mih

2062 1654 2432 1725 ηλυγάσομαι
2455 1668 2472 1685 ·
2505 1657 2627 1711 οὐδὲ
2652 1659 2939 1714 στασιάσει
2976 1680 3072 1732 μοι
3102 1667 3249 1734 πρὸς
3278 1667 3381 1731 τὴν
3414 1672 3606 1738 γλῶσ-

343 1756 697 1831 permittunt,
749 1763 946 1822 potero
1003 1764 1134 1805 sane
1183 1761 1287 1817 ego
1338 1759 1558 1815 quoque
1608 1741 1887 1799 sacerdoti:

2061 1763 2117 1802 ιν
2145 1748 2179 1819 ἡ
2205 1748 2423 1820 γνώμη.
2456 1749 2616 1805 Οὕτω
2643 1755 2882 1823 φρονῶν,
2910 1756 3059 1811 οὕτω
3093 1759 3297 1828 λέγων,
3335 1766 3605 1833 ἁρέσκε;ν

345 1809 798 1914 ἶιῖιᾷέέθῖέιιιὶιεέ,
846 1842 942 1912 qui
978 1839 1127 1897 domi
1161 1809 1382 1910 quidem
1425 1809 1789 1908 philosophia:
1818 1835 1889 1890 int

2056 1836 2170 1909 ἷμαι
2194 1809 2338 1911 sea:
2361 1809 2438 1896 os
2471 1809 2734 1914 poster
2751 1846 2808 1899 δὲ
2832 1809 3265 1921 omnem};
3279 1809 3600 1926 ﬁt};

347 1943 571 2008 cumbo,
596 1940 652 1994 in
679 1937 960 2008 publicum
990 1942 1175 1989 autem
1202 1945 1530 2001 progressus
1557 1927 1891 1983 sermonibw

2050 1930 2196 1999 όγον,
2237 1931 2314 1995 ὡς
2335 1932 2630 2004 ἀγνοηθεὶς
2659 1936 2891 2007 ἦρπασα
2917 1938 3022 2010 τὴν
3051 1946 3395 2011 χειροτονίαν.
3442 1950 3594 2001 Ἀλλ’

347 2043 403 2089 et
432 2029 724 2101 colloquiis
766 2024 1052 2081 hominum
1086 2023 1355 2087 delector,
1390 2034 1455 2075 ac
1489 2032 1671 2089 neque
1707 2016 1891 2072 docent

2026 2020 2169 2086 ιίδὼς
2220 2022 2261 2103 δ’
2303 2022 2718 2092 θεοφιλέστατος
2771 2027 2959 2098 πατὴρ
3015 2029 3277 2099 Θεόφιλος.
3331 2037 3429 2089 καὶ
3484 2040 3570 2097 ὡς

347 2138 529 2194 neque
559 2120 854 2183 dedocens,
880 2115 977 2173 sed
1012 2116 1065 2170 in
1098 2111 1394 2183 anticipata
1434 2109 1696 2181 opinione
1718 2120 1891 2178 quem

2046 2114 2308 2168 πίσταται
2353 2113 2523 2183 σαφές
2567 2131 2659 2186 μοι
2708 2117 2970 2186 ποιήσας,
3010 2117 3151 2173 οὕτω
3195 2122 3590 2192 μυλευσὰςθω

349 2232 459 2290 que
489 2214 791 2287 persistere
822 2209 1174 2281 permittens.
1202 2205 1300 2261 Sin
1331 2204 1413 2259 illi
1461 2200 1806 2258 sacerdotem
1835 2198 1893 2254 it:

2057 2207 2144 2277 api.
2167 2206 2325 2278 ἐμοῦ.
2357 2206 2431 2262 Ἦ
2460 2208 2569 2280 γὰρ
2601 2209 2745 2263 κατὰ
2770 2209 2962 2281 χώραν
3000 2212 3155 2266 ﬁdem
3196 2231 3263 2285 με
3290 2216 3379 2270 ἐπ’
3414 2219 3601 2288 ἐμαυ-

348 2311 658 2367 animatum
704 2314 762 2361 et
794 2301 1153 2374 opinionibus
1186 2296 1539 2352 manifestum
1577 2308 1699 2349 esse
1744 2306 1892 2363 opor«

2047 2297 2111 2353 οὖ
2161 2298 2587 2370 φιλοσοφοῦντα,
2634 2300 2668 2372 ἢ
2714 2300 2807 2354 τοῦ
2841 2303 2983 2372 μετὰ
3023 2303 3203 2359 ταῦτα
3256 2307 3470 2377 κρίνειν
3499 2313 3591 2363 καὶ

349 2415 469 2461 tere
499 2401 707 2464 dicant,
756 2394 1016 2452 omnibus
1053 2407 1141 2448 me
1184 2390 1362 2461 palam
1405 2386 1699 2445 ostendere
1737 2386 1893 2441 inter.

2049 2391 2346 2462 ιαγράφειν
2396 2390 2493 2445 τοῦ
2546 2392 2712 2463 χοροῦ
2763 2393 2875 2447 τῶν
2925 2396 3126 2467 ἱερέων
3177 2399 3352 2468 ἡμᾶς,
3410 2402 3590 2468 ἐαυτῷ

349 2493 620 2554 miserim.
655 2487 796 2556 Quid
827 2486 973 2542 enim
1013 2484 1090 2539 rei
1127 2491 1214 2538 est
1247 2480 1451 2552 populo
1499 2493 1622 2533 cum
1664 2476 1885 2549 philoso

2051 2460 2203 2555 ὡραν
2247 2485 2347 2557 οὐχ
2404 2460 2713 2553 ὑπολείψει.
2776 2488 2924 2558 Πρὸς
2980 2460 3163 2544 ταῦτα
3435 2460 3595 2550 ἔστιν

348 2586 515 2662 phia?
546 2584 750 2641 Rerum
777 2579 983 2652 quippe
1019 2577 1331 2632 divinarum
1363 2572 1657 2628 veritatem
1689 2569 1892 2625 minimi

2062 2594 2211 2631 πασα
2230 2576 2464 2648 γνώμη·
2504 2578 2567 2631 τὸ
2611 2578 2722 2650 γὰρ
2750 2579 2949 2649 ἀληθὲς
2985 2580 3047 2636 εὖ
3088 2579 3189 2637 οἷδ’
3236 2585 3322 2639 ὅτι
3367 2588 3447 2658 τῷ
3476 2590 3604 2659 Θεῷ

348 2678 563 2752 vulgari
606 2683 846 2747 oportet.
890 2670 1131 2741 Populus
1160 2676 1345 2723 autem
1378 2678 1530 2721 more
1560 2671 1618 2719 et
1662 2670 1892 2718 assuetut

2061 2669 2508 2742 ροσφιλέστατον.
2538 2671 2649 2725 Καὶ
2670 2670 2734 2742 νὴ
2759 2671 2861 2742 τὴν
2896 2673 3051 2744 ἱεράν
3074 2691 3172 2728 σου
3208 2667 3478 2747 κεφαλὴν,
3502 2686 3603 2735 καὶ

350 2773 483 2832 dine
513 2771 620 2826 alia
654 2767 886 2837 indiget.
924 2764 1163 2819 Rursum
1200 2758 1370 2831 igitur
1418 2765 1475 2811 et
1506 2752 1711 2825 saepius
1752 2765 1894 2821 rcpe

2060 2779 2097 2814 ιι
2132 2761 2243 2831 πρὸ
2283 2760 2494 2831 ταύτης
2524 2761 2590 2833 νὴ
2625 2762 2721 2816 τὸν
2766 2762 2966 2835 ἔφορον
3004 2765 3107 2833 τῆς
3153 2767 3419 2839 ἀληθείας
3443 2770 3604 2840 Θεδν,

353 2878 478 2924 tens
504 2862 709 2928 dicam,
758 2858 912 2914 nulla
951 2861 1183 2924 cogente
1228 2848 1584 2914 necessitate,
1616 2860 1796 2916 neque
1828 2857 1897 2897 ar~

2060 2853 2255 2924 χθομαι
2290 2854 2411 2924 μὲν,
2441 2854 2562 2918 πῶς
2595 2854 2704 2925 γὰρ
2732 2855 2795 2908 οὐ
2827 2856 3030 2925 μέλλω,
3059 2859 3265 2929 δεῆσαν
3294 2860 3493 2932 ὥσπερ
3522 2864 3604 2927 είς

350 2972 522 3032 guere
555 2966 735 3024 neque
762 2949 919 3020 argui
961 2942 1230 3016 sapientis
1272 2955 1420 2999 esse.
1464 2939 1524 2994 In
1564 2936 1894 2993 sacerdotun

2061 2946 2131 3000 ίον
2160 2945 2269 3000 ἀπὸ
2301 2947 2418 3018 βίου
2469 2946 3014 3016 μετασκευάζεσθαις
3052 2950 3116 3002 Ei
3153 2952 3212 3004 δὲ
3249 2954 3462 3007 τούτων
3492 2972 3605 3023 φα-

350 3027 537 3106 autem
595 3043 847 3100 ordinem
912 3044 1235 3108 cooptatus,
1298 3046 1408 3086 non
1460 3027 1798 3085 committam
1856 3040 1889 3079 υ

2065 3036 2194 3108 ερῶν
2223 3037 2558 3107 γενομένων,
2591 3037 2739 3108 ἅπερ
2776 3040 2877 3092 οὐκ
2911 3039 3050 3104 ἀξιῶ
3079 3041 3370 3097 λανθάνειν
3414 3046 3609 3117 ἔγκρὲ-

351 3142 604 3211 dogmata
644 3142 847 3206 praeter
883 3127 1055 3185 animi
1084 3119 1793 3182 sententianrasslmulem.
1838 3115 1895 3170 Dr

2062 3146 2163 3183 ιιεν
2209 3132 2354 3200 ἡμᾶς
2399 3130 2634 3200 ἱερεῦσιν
2669 3124 2715 3200 ᾧ
2736 3132 2896 3185 τοῦτο
2924 3133 3156 3187 δέδωκεν
3188 3136 3218 3188 ό
3253 3136 3417 3204 Θεὸς,
3464 3115 3606 3192 ὕπο·

351 3208 452 3289 his
473 3231 666 3293 Deum,
697 3226 769 3281 de
799 3224 888 3279 his
929 3219 1191 3277 homines
1237 3224 1406 3271 testes
1448 3213 1668 3268 invoco.
1699 3208 1895 3267 Verita:

2067 3223 2253 3292 icopat
2276 3220 2377 3293 τὴν
2409 3223 2657 3293 ἀνάγκην
2684 3261 2702 3289 ,
2730 3223 2825 3277 καὶ
2853 3222 2929 3288 ὡς
2962 3225 3109 3278 θετον
3138 3227 3401 3299 σύνθημα
3434 3246 3611 3284 κατα.

356 3325 454 3383 Dei
480 3321 703 3395 propria
729 3325 837 3379 est.
868 3312 1013 3384 apud
1040 3323 1206 3382 quem
1237 3309 1295 3364 in
1326 3306 1492 3362 rebus
1522 3302 1785 3360 omnibus
1828 3303 1900 3357 iu-

2061 3314 2264 3386 ἕξομαι.
2292 3314 2599 3386 Λογίζομαι
2623 3317 2736 3386 γὰρ
2762 3317 2845 3370 ὅτι
2884 3319 2983 3372 καὶ
3011 3317 3284 3387 βασιλέως
3312 3320 3382 3375 ἂν
3409 3324 3605 3378 ἐπιτά-

355 3391 618 3490 ευιρ-εῑαε
656 3425 780 3469 esse
819 3407 970 3464 volo.
996 3403 1114 3459 lloe
1158 3415 1330 3457 unum
1367 3405 1578 3455 tantum
1609 3409 1719 3451 non
1757 3391 1899 3449 dissi-

2059 3424 2234 3476 αντος,
2265 3409 2361 3462 καὶ
2398 3408 2795 3479 κακοδαίμονός
2819 3427 2967 3473 τινος
2996 3412 3416 3481 Δὺγονσταλίου
3441 3416 3603 3486 δίκην

356 3486 531 3568 mulo.
569 3499 1030 3575 Quandoquidem
1077 3495 1188 3569 joci
1234 3502 1293 3581 et
1337 3491 1592 3548 ludorum
1640 3486 1900 3544 studiosus

2060 3521 2089 3558 ν
2122 3502 2301 3556 ἔδωκα
2344 3502 2421 3572 μὴ
2451 3502 2800 3571 πειθόμενος.
2832 3501 2924 3573 Τῷ
2969 3503 3089 3573 Θεῷ
3118 3504 3169 3558 δ’
3198 3505 3497 3578 ἐθελοντὴν
3523 3509 3603 3562 δεῖ

355 3618 479 3662 sum
509 3618 526 3657 :
573 3599 652 3654 ita
687 3604 747 3652 ut
770 3596 881 3667 jam
916 3591 1046 3647 inde
1074 3604 1106 3644 a
1135 3578 1307 3658 puero
1337 3586 1545 3640 crimen
1588 3578 1722 3635 illud
1746 3576 1899 3634 SLJi'

2062 3595 2330 3649 πείθεσθαι.
2366 3595 2428 3649 Εἰ
2456 3595 2518 3666 δὴ
2566 3595 2852 3666 προσίεταί
2880 3613 2949 3665 με
2995 3596 3339 3668 λειτουργεῖν
3363 3602 3396 3654 δ
3442 3576 3606 3666 θεὸς,

353 3694 600 3756 nuerim,
626 3690 752 3762 plus
781 3699 946 3757 quam
976 3682 1221 3745 deceret,
1253 3676 1420 3733 armis
1451 3690 1539 3730 me
1564 3682 1620 3728 et
1644 3670 1803 3741 equis
1829 3668 1897 3724 de

2064 3702 2089 3739 tt
2111 3683 2420 3756 προοιμίων
2443 3683 2525 3737 δεῖ
2547 3683 2608 3737 τὸ
2632 3683 2911 3737 θειότατον
2939 3684 3164 3756 ἀγαπᾷν
3189 3688 3292 3756 τήν
3311 3688 3608 3758 ἀλήθειαν

354 3787 620 3846 lectatum
649 3792 797 3844 esse,
825 3773 1001 3830 tristis
1031 3770 1255 3843 quidem
1291 3782 1407 3823 ero.
1441 3763 1586 3831 Quid
1615 3763 1761 3819 enim
1793 3773 1898 3815 eun

2063 3775 2158 3827 λλὰ
2190 3777 2267 3845 μὴ
2312 3773 2402 3826 διὰ
2434 3773 2544 3826 τῶν
2566 3773 2976 3828 ἐναντιωτάτων
3011 3775 3197 3828 ὁποῖόν
3223 3778 3346 3829 ἐστι
3372 3778 3440 3831 τὸ
3471 3778 3607 3848 ψεῦ-

355 3872 714 3934 charissimos
738 3880 905 3925 canes
933 3864 1078 3919 feras
1108 3861 1288 3918 nullas
1314 3855 1594 3930 persequi,
1617 3862 1674 3909 et
1696 3850 1899 3924 sagitta:

2058 3884 2132 3930 ος,
2160 3866 2239 3928 είς
2282 3865 2384 3936 τὴν
2425 3863 2736 3934 ὑπηρεσίαν
2778 3864 2949 3920 αὐτοῦ
2992 3867 3399 3936 παραδύεσθαι.
3432 3870 3602 3924 Favet?

357 3987 388 4025 ιι
447 3964 791 4025 teredinibus
824 3973 1020 4016 exesas
1061 3969 1189 4013 esse
1221 3954 1440 4018 videro,
1492 3949 1690 4006 faciam
1727 3942 1901 4001 aliud'

2061 3957 2087 4027 1]
2130 3956 2225 4010 τοῦ
2278 3957 2404 4019 τοὺς
2441 3956 2835 4025 σχολαστικοὺς
2884 3957 3083 4011 εἰδέναι
3129 3976 3191 4012 τε
3237 3959 3446 4022 ταῦτα,
3506 3964 3605 4016 καὶ

359 4060 470 4119 Sed
523 4071 704 4115 tamen
750 4050 1144 4115 constantiam,
1186 4047 1231 4104 si
1277 4046 1424 4102 Deus
1467 4042 1724 4104 voluerit,
1777 4039 1903 4095 obti

2062 4049 2164 4120 ;ρός
2202 4049 2406 4102 ἐκεῖνον
2431 4047 2773 4116 ἐξαγγεῖλαι.
2813 4066 2833 4100 ι
2879 4047 2939 4103 ⁸0
2978 4048 3081 4118 μὲν
3111 4044 3208 4103 οὖν
3252 4052 3489 4107 τοιαῦτα
3518 4055 3606 4109 λέ-

356 4156 502 4212 nebo
528 4171 544 4210 :
566 4162 756 4223 atque,
788 4144 1040 4220 quamvis
1063 4158 1095 4199 a
1124 4140 1275 4200 curis
1300 4138 1537 4204 alienus,
1572 4131 1898 4190 macerahor

2063 4159 2139 4195 ων
2166 4141 2262 4193 καὶ⁸
2296 4139 2554 4210 ἐμφανῶς
2583 4139 3027 4210 παραιτούμενος
3085 4143 3197 4197 οὐδ’
3224 4143 3377 4197 οὕτω
3409 4145 3605 4217 διέδρα

360 4258 767 4315 causarumque
818 4250 878 4297 et
934 4236 1283 4309 negotiorum
1337 4227 1695 4302 quantumvis
1757 4239 1904 4296 gravi

2063 4231 2087 4286 δ
2119 4230 2374 4304 ίερᾶσθαι
2402 4247 2417 4261 ⁸
2468 4231 2643 4284 ταῦτα
2677 4230 2722 4283 δ’
2764 4230 2875 4299 ἐγὼ
2903 4233 3250 4303 παρεθέμην,
3300 4234 3373 4288 ῐν⁹
3400 4237 3607 4291 εἰδέναι

364 4337 729 4396 ministerium
754 4334 881 4395 hoc.
903 4332 1013 4387 Deo
1026 4328 1303 4389 serviens.
1326 4321 1636 4381 sustinebo.
1661 4320 1908 4391 Dogtnat:

2060 4339 2248 4392 χοιμεν
2268 4323 2369 4377 ὅσα
2390 4320 2569 4390 λόγοις
2591 4322 2903 4390 οἰκονομίας
2928 4323 3203 4396 διαφόρως
3226 4327 3261 4396 ἡ
3293 4326 3604 4399 Ἐκκλησία

361 4439 548 4488 autem
597 4441 697 4498 per
751 4419 1247 4480 dissimulationem
1298 4431 1408 4472 non
1470 4422 1686 4485 tegam,
1743 4424 1905 4478 neme

2062 4410 2296 4477 τέλεσεν,
2344 4411 2407 4465 οὐ
2438 4410 2625 4480 νόμοις
2671 4409 2846 4465 ταῦτα
2874 4411 3109 4478 τιθεῖσα,
3152 4414 3293 4468 ἀλλὰ
3321 4419 3441 4480 τοῖς
3481 4435 3606 4472 και-

365 4522 502 4580 mihi
537 4533 696 4577 mens
732 4534 763 4573 a
791 4516 980 4587 lingua
1037 4509 1346 4568 dissentiet.
1401 4507 1515 4563 lloc
1559 4506 1642 4563 sic
1689 4518 1815 4560 cum
1869 4513 1909 4557 et

2057 4504 2168 4606 ›οἴς⁸
2195 4504 2275 4606 τὰ.
2312 4503 2664 4574 προσήκοντα
2713 4502 3083 4573 πράττουσαη
3106 4504 3350 4560 Τοιαῦτα
3398 4510 3491 4562 καὶ
3529 4511 3601 4562 τὰ

363 4614 599 4673 sentiam
637 4619 695 4667 et
720 4608 924 4673 dicam,
970 4603 1084 4659 Deo
1114 4601 1328 4670 placere
1375 4605 1553 4668 puto:
1596 4609 1775 4665 neque
1809 4607 1907 4648 ser‘

2056 4595 2181 4648 ιατὰ
2225 4593 2318 4648 τὸν
2348 4593 2516 4647 πολὺν
2557 4595 2616 4647 ὲν
2647 4593 2941 4666 φιλοσοφίᾳ
2985 4595 3268 4652 Συνέσιον.
3319 4599 3508 4652 Πολλοὶ
3538 4599 3600 4652 δὲ

365 4709 547 4765 monis
576 4705 725 4762 illius
750 4701 819 4758 de
844 4713 931 4755 me
957 4695 1307 4753 occasionem
1341 4689 1655 4760 relinquere
1687 4684 1813 4742 volo
1839 4699 1909 4740 m4

2060 4689 2129 4740 ιαὶ
2157 4685 2336 4751 ἕτεροι
2376 4684 2683 4756 τηνικαῦτα
2717 4685 3075 4757 ἐφιλοσόφουν
3122 4687 3269 4760 λόίις)
3303 4690 3397 4743 καὶ
3431 4691 3604 4763 ἀρετῇ

364 4796 512 4869 quod
544 4795 639 4866 qui
673 4791 872 4848 fuerim
902 4788 1188 4859 ignoratus
1219 4782 1347 4847 sim,
1382 4776 1755 4835 ordinationis
1804 4774 1908 4829 suf-

2067 4779 2429 4849 ιαπρέποντες
2456 4795 2470 4810 ·
2499 4771 2575 4833 ὧν
2598 4779 2733 4848 πρὸς
2761 4779 2959 4833 λεπτὸν
2988 4781 3185 4851 μνείαν
3226 4784 3606 4853 ἐποιησάμην,

364 4867 533 4961 tragia
560 4885 832 4957 rapuisse.
874 4880 1144 4938 Caeterum
1176 4875 1272 4931 Dei
1319 4871 1739 4927 amantissimus
1766 4878 1908 4938 pater

2056 4872 2084 4923 ιί
2117 4870 2194 4939 μὴ
2231 4870 2422 4940 πόρρω
2474 4867 2569 4922 τοῦ
2624 4871 2986 4941 προκειμένου
3016 4873 3223 4944 βαίνειν
3244 4876 3600 4947 ἐλογιζόμην.

362 4977 731 5049 Theophilus,
788 4989 913 5031 cum
948 4987 1036 5027 me
1072 4969 1242 5035 norit,
1290 4976 1578 5036 postquam
1617 4963 1747 5017 mihi
1792 4977 1849 5017 se
1887 4961 1940 5018 id
1998 4962 2140 5018 scire
2178 4961 2609 5033 signiﬁcaverit:
2650 4962 2731 5017 sic
2766 4963 2982 5019 :andem
3041 4968 3223 5020 deme
3287 4969 3606 5032 consilium,

363 5073 497 5147 quid
538 5077 770 5134 statuat,
806 5067 1011 5136 capiat.
1043 5063 1182 5118 Tum
1234 5061 1383 5115 enim
1433 5066 1531 5112 aut
1576 5057 1632 5111 in
1670 5056 1923 5111 instituto
1963 5070 2086 5110 meo
2142 5055 2331 5110 vivere
2365 5070 2452 5109 me
2479 5065 2536 5108 et
2562 5054 2943 5125 philosophari
2976 5056 3234 5126 patietur,
3296 5072 3394 5116 aut
3420 5071 3611 5130 postea

362 5178 426 5224 ιη
454 5169 560 5233 me;
599 5164 653 5219 in
680 5161 952 5235 judicium
999 5164 1183 5222 vocet,
1226 5152 1311 5209 vel
1350 5151 1700 5207 sacerdotum
1744 5149 1938 5205 ordine
2002 5156 2239 5213 moveat,
2268 5147 2431 5219 575
2471 5148 2575 5201 sibi
2641 5147 2746 5218 ipsi
2810 5158 3136 5218 potestatem
3168 5166 3278 5206 non
3308 5154 3607 5222 relinquet.

364 5264 497 5322 Alia:
526 5262 751 5330 insuper
782 5252 1074 5324 opiniones
1116 5257 1169 5304 et
1216 5245 1506 5302 sententia:
1536 5258 1731 5299 omnes
1765 5258 1924 5312 nugax
1964 5243 2191 5297 fuerint.
2221 5242 2517 5297 Veritatem
2583 5240 2732 5294 enim
2811 5242 2945 5295 satis
3009 5243 3124 5296 seio
3168 5244 3277 5297 Deo
3309 5260 3434 5300 esse
3485 5264 3610 5314 εει-,ι-

365 5355 653 5412 tissimam.
686 5347 793 5404 Sed
831 5345 975 5400 enim
1010 5356 1226 5397 sacrum
1263 5348 1428 5409 caput
1460 5347 1638 5400 tttum,
1709 5346 1881 5402 atque
1949 5334 2004 5388 in
2045 5335 2244 5403 primis
2301 5333 2550 5387 veritatis
2604 5342 2838 5387 tutorem
2890 5342 2947 5387 et
3005 5336 3374 5402 inspectoretn
3437 5339 3611 5392 Deum

367 5457 560 5510 testor,
594 5457 736 5513 aegre
777 5437 911 5494 mihi
955 5449 1100 5491 esse.
1143 5431 1432 5499 Quomodo
1474 5430 1620 5485 enim
1672 5444 1783 5482 non
1829 5427 1924 5489 sit.
1964 5442 2091 5481 cum
2170 5425 2579 5496 quodammodo
2647 5441 2713 5479 ex
2756 5424 2865 5478 vita
2909 5426 3069 5480 solita
3132 5430 3185 5479 in
3236 5428 3407 5481 vitam
3444 5432 3609 5482 aliam

366 5537 761 5595 transeundum
795 5530 926 5586 mihi
968 5527 1081 5585 sit?
1109 5525 1266 5592 Quod
1300 5524 1344 5579 si
1397 5524 1565 5579 rebus
1598 5522 1686 5577 his
1729 5523 1783 5576 in
1854 5521 2135 5591 publicum
2213 5519 2444 5591 prolatis
2512 5519 2710 5589 (latere
2741 5520 2888 5572 enim
2956 5535 3047 5573 eas
3079 5529 3133 5575 et
3168 5523 3339 5588 premi
3385 5524 3539 5573 notm
3569 5523 3614 5575 is

365 5631 456 5685 cui
500 5634 826 5697 potestatem
862 5624 1004 5677 hanc
1055 5617 1332 5676 concessit
1377 5618 1541 5681 Deus,
1584 5616 1636 5670 in
1667 5614 1916 5670 ordinem
1958 5613 2308 5670 sacerdotum
2383 5627 2468 5665 me
2536 5611 2751 5681 Ingerit,
2799 5613 3006 5665 sul-ibo
3041 5630 3157 5666 eum
3194 5615 3612 5673 necessitatem.

366 5730 425 5778 et
473 5717 641 5771 veluti
695 5724 952 5771 tesseram
992 5714 1257 5768 divinitus
1307 5711 1543 5764 oblatam
1592 5710 1914 5778 suscipiam.
1955 5707 2049 5761 Sic
2117 5708 2266 5762 enim
2305 5706 2593 5770 existimo,
2638 5707 2683 5759 si
2755 5707 2838 5758 vel
2890 5706 3247 5775 imperatore,
3280 5708 3367 5761 vel
3403 5709 3618 5762 infelici

369 5817 592 5879 Deoquc
631 5809 804 5866 inviso
872 5810 1152 5878 Augustali
1214 5810 1469 5877 quopiam
1537 5806 1789 5874 iubente,
1845 5806 2109 5877 imperata
2162 5821 2270 5861 non
2342 5804 2601 5869 facerem,
2635 5802 3025 5859 iuobedientie
3058 5819 3252 5864 manus
3299 5818 3385 5860 me
3436 5804 3604 5859 datu-
