3910 6218
348 383 484 442 12⁸ῗὸ
1239 391 1836 462 ECClESIASTlCZE
1874 402 2258 469 IIlSTORl/E
2297 412 2440 477 LIB.
2482 415 2638 479 XIV.
3440 417 3575 483 1205

334 512 454 547 rum
496 510 622 550 esse
662 516 676 551 :
718 497 830 553 Deo
877 508 1065 558 autem
1107 504 1214 576 ipsi
1259 509 1508 567 volentes
1551 528 1653 568 nos
1711 531 1904 584 parcre
1945 523 2220 577 convenit.
2296 525 2392 581 Sin
2440 544 2526 584 me
2573 528 2638 584 ad
2687 543 2904 584 sacrum
2939 530 3255 588 obeundum
3324 531 3577 585 ministe-

336 591 480 641 rium
509 604 617 643 non
658 591 901 697 admittit
946 597 1112 663 Deus,
1147 600 1216 656 ab
1253 601 1374 671 ipso
1407 607 1591 660 statim
1643 608 1801 664 initio
1849 612 1902 667 in
1942 630 2028 668 me
2062 632 2176 671 rem
2245 618 2645 677 divinissimam
2693 625 2974 680 veritatem
3020 629 3193 697 ipsam
3259 625 3576 695 complecti-

334 697 644 790 nequeper
673 684 727 740 id
761 690 906 790 quod
949 689 1028 744 illi
1093 694 1330 750 maxime
1379 709 1671 768 repugnat,
1720 705 2062 762 mendacium
2136 712 2367 776 scilicet,
2415 714 2754 771 iunctionem
2824 719 2998 790 ipsius
3041 684 3345 787 suscipere
3389 684 3578 772 θεουι.

334 776 438 830 Fac
471 777 643 880 igitur
684 789 744 834 ut
779 782 1094 880 scholastici
1126 786 1245 843 haec
1295 790 1492 857 sciant,
1541 803 1599 848 et
1648 795 1714 849 ad
1783 797 1935 851 illum
1979 803 2238 858 referant.
2279 825 2298 858 ι
2339 805 2605 877 Synesius
2634 776 2860 880 quidem
2925 811 3044 866 lucc
3085 776 3351 875 scribens,
3388 822 3582 880 aperte

331 868 735 925 sacerdotalem
764 870 1090 942 dignitatem
1125 888 1412 936 aversatus
1454 893 1561 947 est,
1589 884 1682 940 sed
1719 895 1899 942 tamen
1941 905 2159 948 sacrum
2230 868 2432 953 munus
2507 916 2615 954 non
2651 868 2878 972 'ell‘ugit.
2931 901 3056 957 limc
3099 919 3200 972 ego
3241 919 3308 958 eo
3351 868 3582 958 consilio

334 963 423 1016 hic
451 964 652 1035 adjeci,
684 969 906 1023 utscite
937 971 1218 1040 possimus
1242 989 1366 1044 quae
1421 977 1572 1033 varie
1638 994 1737 1049 per
1793 981 2221 1050 dispensationis
2289 994 2556 1048 rationem
2610 996 2852 1050 Ecclesia
2895 998 3092 1066 egerit,
3142 1015 3249 1051 non
3299 999 3388 1051 illa
3435 999 3584 1068 leges

333 1069 512 1114 certas
541 1070 813 1129 statuens,
857 1064 957 1120 sed
1020 1077 1188 1137 prout
1229 1079 1443 1141 tempus
1471 1073 1658 1140 ferret,
1698 1092 1819 1147 quae
1879 1079 2138 1136 decercnt
2197 1097 2253 1141 et
2315 1092 2602 1146 commoda
2629 1103 2813 1147 essent
2855 1064 3079 1148 faciens.
3119 1093 3242 1149 llaec
3278 1093 3345 1148 de
3377 1093 3580 1148 eximio

333 1153 664 1250 philosopho
696 1154 952 1226 Synesio.
1000 1160 1157 1221 Multi
1206 1177 1335 1218 vero
1362 1176 1624 1234 praeterea
1655 1169 1749 1224 alii
1781 1180 1896 1225 tum
1933 1175 2306 1246 philosophati
2366 1194 2512 1250 sunt,
2562 1184 2816 1239 doctrina
2863 1186 3025 1240 simul
3092 1197 3147 1242 οι
3185 1187 3389 1242 virtute
3425 1186 3581 1241 cclc-

332 1245 456 1298 bres
514 1263 528 1296 :
595 1263 831 1315 quorum
897 1253 1149 1341 omnium
1221 1257 1558 1312 mentionem
1624 1261 1902 1327 facerem,
1986 1269 2090 1323 nisi
2156 1289 2240 1328 me
2315 1275 2474 1347 longe
2531 1279 2600 1331 ab
2663 1280 2915 1334 instituto
2982 1280 3361 1351 digressurum
3461 1294 3583 1336 esse

330 1357 550 1398 setrcm.

915 1512 1338 1582 KE¢AA.th
1941 1506 1988 1563 Α

1941 1506 1988 1563 Α
2604 1524 2828 1580 CAPUT
2870 1525 3000 1582 LVI.

335 1648 472 1715 Περὶ
522 1650 1034 1733 Οὗαᾼεντινιανοιξ
1061 1654 1169 1733 τρῦ
1200 1656 1272 1710 ἐν
1327 1655 1510 1733 Ῥῴμῃ
1535 1657 1876 1733 ,βασιλεύω-

2043 1656 2126 1733 )e_
2156 1656 2548 1733 Valentiniano,
2603 1663 2696 1731 qui
2743 1662 2922 1716 Roma’
2963 1665 3265 1729 imperavit.
3323 1663 3398 1716 De
3435 1673 3587 1733 gente

406 1734 543 1801 τοςο
579 1723 678 1801 καὶ
708 1725 869 1801 ,περὶ
930 1724 1037 1778 τοῦ
1084 1726 1302 1801 sliat-0pc
1351 1723 1789 1801 Γότθων,
1819 1729 1906 1794 είς

2085 1727 2393 1801 Gotlltorum
2421 1747 2439 1784 :
2470 1723 2689 1801 iniquas
2730 1735 2971 1786 nationes
3011 1723 3202 1794 divisa,
3250 1741 3299 1786 et
3348 1723 3465 1801 φοᾶε
3513 1743 3587 1786 te-

405 1793 588 1872 ίτόσα
627 1793 1108 1872 διῄρηνται,“καί
1143 1797 1357 1872 ποίους
1405 1799 1597 1872 ἐᾳχρν
1643 1793 1904 1872 εςόπουςξ

2084 1800 2298 1872 nuerint
2343 1801 2480 1872 ioca.
2531 1793 2802 1872 Prwlereq
2852 1804 2916 1855 de
2963 1793 3259 1872 Boni/acia,
3315 1793 3466 1872 Aetio
3535 1812 3585 1856 ct

405 1861 494 1942 ἔτι
526 1862 596 1914 δὲ
625 1864 725 1914 καὶ
779 1863 915 1942 περὶ
961 1863 1321 1942 Βονιφατέου
1381 1861 1752 1942 καὶςᾌετίου
1807 1861 1907 1942 καί

2081 1868 2289 1942 Aspare
2319 1869 2534 1942 ducibus
2557 1887 2574 1925 :
2595 1882 2646 1927 et
2677 1879 2734 1924 ut
2758 1871 2923 1942 Libya
2948 1861 3290 1927 occidentalis
3327 1871 3583 1927 Vandali:

411 1933 720 2008 ἷΑσίτσρος.
769 1933 888 2008 ζῶν
921 1935 1332 2008 ,σξριετητῷιῖέ
1391 1935 1503 2008 καιμ
1539 1936 1620 2008 ὡς
1675 1939 1708 2005 ἡ
1754 1939 1906 2006 πρὸς

959 1935 1332 2008 γερατητῷιςή
1391 1935 1503 2008 καὶμ
1539 1936 1620 2008 ᾡς
1675 1939 1708 2005 ἠ
1754 1939 1906 2006 πρὸς
2081 1933 2291 1992 subdita
2321 1940 2503 2008 fuerit.

399 1999 667 2066 ἑσπέραν
688 2002 875 2069 Λιϐύη
907 1999 1025 2056 ὑπό
1058 1999 1447 2072 Οἰνώιδήλους
1479 1999 1739 2075 ἐτέκετο.

403 2135 846 2199 Οὐαλεντινιανδς
895 2138 950 2193 δὲ
981 2141 1010 2192 ό
1053 2141 1353 2206 Πλακιδίας
1393 2144 1497 2213 μὲν
1536 2145 1673 2209 υίὸς,
1713 2145 1903 2199 Θεοδο-

2083 2137 2252 2194 Porro
2281 2139 2699 2196 Valentinianus
2723 2139 2979 2195 Placidiae
3009 2140 3156 2196 ﬁlius
3195 2149 3255 2195 et
3282 2138 3584 2195 Theodosii

309 2227 454 2302 ..σίου
487 2227 541 2280 δὲ
568 2230 818 2300 γαμϐρὸς
854 2231 947 2285 ἐπὶ
989 2235 1057 2303 τῇ
1089 2232 1324 2304 θυγατρὶ
1355 2237 1608 2309 Εύδοξίᾳ,
1646 2239 1714 2308 ἣν
1753 2239 1853 2292 αύτ

2041 2245 2178 2285 ἐιιοι·
2213 2231 2362 2298 (nam
2408 2231 2710 2287 Eudoxiam
2747 2233 2914 2286 ﬁliam
2945 2233 3087 2302 ejus,
3121 2247 3287 2301 quam
3317 2231 3367 2286 ei
3403 2231 3585 2286 Eudo-

335 2318 568 2371 Εύδοκία
590 2320 804 2386 ἐγέννα,
839 2321 937 2375 καὶ
965 2323 1065 2393 τῆς
1093 2324 1356 2397 ἑσπερίου
1395 2327 1602 2398 λήξεως
1635 2331 1878 2400 αὐτοκρά

2047 2322 2093 2375 ia
2123 2331 2408 2391 genuerat,
2442 2323 2498 2376 in
2544 2323 2901 2378 matrimonio
2942 2323 3178 2391 habuit),
3217 2321 3591 2376 Occidentalis

328 2420 466 2472 τωρ,
497 2406 706 2477 οὐδαμῆ
740 2409 840 2477 μὲν
879 2410 988 2464 τῶν
1030 2412 1362 2486 Ἐκκληοίας
1400 2417 1571 2485 ὑγιῶν
1613 2418 1871 2487 δογμάτω

2042 2413 2228 2484 mperii
2263 2414 2508 2470 habenas
2574 2415 2856 2479 obtinens,
2906 2415 3336 2484 haudquaquam
3375 2429 3404 2468 a
3434 2415 3586 2469 sanis

329 2496 570 2560 ἐξέκλινε
599 2537 614 2562 ,
657 2499 776 2554 λίαν
805 2501 865 2556 δὲ
911 2502 1134 2576 καὶτῆς
1175 2507 1438 2573 εὐσεϐοῦς
1469 2510 1768 2580 θρησκείας
1810 2513 1873 2566 ἀν

2039 2503 2266 2559 icclesize
2318 2503 2668 2575 dogmatibus
2728 2504 3010 2570 descivit,
3067 2504 3306 2559 verioris
3360 2503 3583 2574 pietatis

330 2590 617 2644 τεποιεῖτο.
662 2592 788 2646 Ἐπὶ
821 2593 1008 2664 μέντοι
1052 2597 1154 2667 τὴν
1186 2597 1400 2654 δίαιταν
1427 2601 1599 2674 πολλῇ
1639 2605 1706 2674 τῇ
1751 2603 1874 2658 ἁδια

2037 2605 2172 2667 tque
2201 2596 2482 2666 religionis
2513 2611 2642 2652 acer
2672 2605 2934 2653 sectator.
2959 2596 3119 2663 Quod
3147 2607 3332 2653 autem
3366 2597 3422 2651 in
3448 2611 3581 2652 con-

331 2679 495 2749 φιιρέᾳ
525 2681 728 2752 ἐχρῆτο
751 2699 770 2718 ο
801 2686 1014 2756 συχνῶς
1045 2689 1152 2759 γὰρ
1187 2689 1381 2760 γόησιν
1421 2693 1651 2762 ὁμιλῶν,
1680 2711 1875 2765 φαρμα

2043 2689 2302 2744 uetudine
2337 2699 2394 2744 ct
2443 2690 2555 2744 vita
2586 2691 2908 2760 quotidiana
2946 2691 3157 2745 nullum
3197 2699 3414 2745 certum
3462 2705 3580 2744 ser-

333 2770 511 2834 κείαις
552 2772 763 2846 ἔχαιρε.
798 2777 908 2831 Καὶ
957 2777 1078 2849 δῆθ’
1117 2781 1224 2834 ὑπὸ
1263 2782 1526 2838 τοιούτων
1563 2785 1659 2838 καὶ
1697 2786 1877 2856 ἑτέρω

2033 2790 2166 2837 raret
2221 2781 2466 2847 modum,
2522 2783 2825 2852 multisque
2868 2792 3122 2838 uteretur
3161 2782 3577 2853 impostoribus,

331 2861 520 2916 παθῶν
543 2863 892 2936 ὀχλούμενος,
927 2869 988 2922 ού
1024 2870 1186 2940 μόνον
1207 2873 1599 2944 Βρετταννίαν,
1617 2877 1875 2933 Ἱσπανία

2033 2883 2176 2945 itque
2194 2877 2666 2932 incantationibus
2691 2876 2980 2947 gauderet,
2999 2885 3057 2930 et
3087 2877 3214 2931 aliis
3239 2875 3577 2946 ejuscemodi

331 2971 390 3005 τε
420 2954 535 3024 ἅμα
563 2959 659 3010 καὶ
692 2960 923 3024 Γαλλίας
943 2962 1041 3030 τῆς
1075 2965 1252 3035 ἀρχῆς
1281 2969 1390 3038 πρὸ
1419 2968 1649 3040 βραχέος
1673 2972 1874 3042 ἀφαιρε

2035 2971 2159 3026 νίιὶἰε
2184 2972 2538 3026 transversim
2579 2980 2857 3040 ageretur,
2896 2969 3062 3041 576
3096 2986 3207 3024 non
3251 2970 3428 3024 solum
3461 2969 3579 3023 Bri-

332 3045 521 3109 θεεσας
569 3050 959 3106 ἀνασώσασθαι
1010 3054 1265 3126 ἴσχυσενο
1314 3058 1453 3113 ἀλλὰ
1498 3061 1634 3131 πρὸς
1678 3063 1871 3117 ταύται

2033 3065 2276 3130 anniam,
2309 3063 2628 3133 Hispaniam
2673 3073 2726 3118 et
2755 3063 2982 3129 Gallias,
3015 3078 3140 3132 quae
3181 3061 3422 3132 imperio
3455 3060 3577 3132 ejus

333 3138 429 3188 καὶ
463 3139 559 3208 τὴν
589 3141 853 3211 ἐσπερίαν
889 3147 1070 3201 πᾶσαν
1102 3147 1334 3220 Λιϐύην,
1363 3152 1396 3221 ἢ
1439 3151 1504 3224 δὴ
1536 3153 1645 3207 τῶν
1673 3155 1877 3224 Ἀφρωι

2030 3155 2273 3221 ιιίειιιριεε
2327 3154 2568 3220 fuerant,
2632 3169 2966 3224 recuperare
3018 3170 3131 3208 non
3187 3154 3414 3223 potuit,
3477 3151 3574 3206 sed

332 3230 605 3297 καλεῖται,
641 3235 1088 3303 προσαπώλεσεν,
1136 3239 1244 3293 ἔτει
1291 3245 1772 3317 πεντεκαιδεκάτῳ
1801 3249 1876 3317 τῆς

2034 3245 2232 3315 .ibyatn
2263 3245 2427 3299 etiam
2465 3261 2684 3300 omnem
2727 3254 2782 3300 et
2829 3245 3072 3300 Africam
3119 3244 3386 3314 perdidit,
3413 3243 3578 3314 quin-

332 3323 546 3374 ἐκείνου
587 3324 785 3394 ἀρχῆς,
831 3329 1010 3391 αἰτίας
1043 3332 1403 3404 ἡγησαμένης
1435 3337 1668 3392 τοιᾶσδε.
1732 3340 1876 3410 Στρα

2031 3336 2223 3391 lecimo
2255 3337 2472 3406 imperii
2505 3338 2591 3391 sui
2643 3352 2811 3404 anno,
2861 3337 2932 3392 ob
2963 3352 3188 3392 causam
3240 3335 3575 3408 hujusmodi.

328 3414 486 3482 τηγὼ
514 3415 608 3469 δύο
641 3418 814 3489 ήστην
841 3422 900 3472 ὲν
929 3423 1507 3480 Κωνσταντινουπόλει
1529 3445 1545 3460 ’
1581 3429 1872 3498 Βονιφάτιο

2034 3430 2126 3482 )υο
2159 3429 2286 3483 belli
2336 3432 2508 3482 duces
2551 3429 3036 3498 Constantinopoli
3070 3429 3322 3494 fuerunt,
3358 3428 3578 3483 Bonifa-

327 3507 424 3559 καὶ
466 3506 675 3572 Ἀέτιος
711 3509 924 3575 τούτοις
954 3513 986 3582 ἡ
1020 3513 1214 3581 κλῆσις
1236 3530 1252 3547 ο
1303 3515 1400 3579 οὒς
1441 3517 1720 3579 Θεοδόσιος
1751 3521 1871 3590 βασι

2031 3520 2128 3572 :ius
2178 3528 2235 3573 et
2291 3519 2486 3575 Aetius
2517 3558 2533 3585 ,
2574 3535 2714 3589 quos
2756 3521 3104 3576 Theodosius
3150 3522 3453 3589 imperator
3505 3521 3575 3573 ad

327 3599 454 3662 λεῦς
513 3601 948 3675 Οὖαλεντινιανῷ
1002 3607 1354 3678 αίτησαμένῳ
1384 3611 1463 3673 εἰς
1509 3609 1733 3680 Ῥώμην
1764 3612 1871 3665 ἀπέ

2101 3609 2474 3673 entinianum,
2507 3611 2600 3680 qui
2639 3611 2744 3665 hoc
2788 3613 3046 3680 petierat,
3079 3611 3250 3666 misit.
3293 3610 3433 3666 Cum
3475 3626 3575 3666 au-
3640 3685 3645 3696 I

333 3693 562 3749 στειλεν.
603 3694 758 3748 Ἐπεὶ
781 3697 838 3750 δὲ
863 3697 1171 3768 Βανιφατίῳ
1201 3702 1283 3762 είς
1306 3699 1481 3771 ἀρχὴν
1510 3703 1542 3772 ἡ
1569 3703 1706 3772 πρὸς
1734 3705 1877 3758 ἐσπέε

2098 3718 2116 3756 ι
2160 3703 2446 3756 Bonifacio
2477 3702 2848 3758 Uccidentalis
2888 3702 3057 3774 Libya
3098 3703 3384 3774 provincia
3427 3703 3576 3758 obti-

331 3803 429 3855 ραν
446 3787 742 3859 ἐκληροῦτο
771 3790 972 3860 Λιϐύη,
994 3792 1230 3862 μετρίως
1251 3793 1496 3861 ἐνεγκεῖν
1515 3794 1664 3848 τοῦτ’
1694 3797 1875 3850 Ἀἐτιοι

2029 3795 2191 3862 ςίεεθι,
2249 3794 2444 3850 Aetius
2491 3794 2546 3849 id
2593 3810 2751 3864 sequo
2797 3795 2985 3849 animo
3017 3795 3164 3850 ferre
3205 3809 3316 3849 non
3347 3793 3573 3864 potuit:

323 3881 424 3947 οὐχ
451 3874 561 3943 οἷός
611 3898 668 3934 τε
707 3876 797 3952 ἦν.
853 3882 1117 3953 Κέντροις
1160 3884 1342 3938 τοίνυν
1395 3885 1596 3955 φθόνου
1648 3886 1867 3959 βληθεὶς

2033 3887 2102 3942 ed
2152 3887 2372 3942 invidiae
2419 3888 2659 3943 stimulis
2711 3897 2894 3955 actus,
2925 3888 3256 3942 calumniam
3306 3887 3577 3943 adversus

322 3969 579 4040 διαϐολὴν
632 3972 832 4041 ἐκείνῳ
870 3972 1274 4043 συνέρῤαπτεν,
1327 3976 1404 4038 ὠς
1459 3977 1545 4047 εἴη
1593 3979 1863 4049 ἀνταρσία

2031 3995 2130 4034 ιιιιῐι
2179 3979 2552 4045 concinnavit,
2597 3981 2664 4034 ad
2703 3981 3068 4036 rebellionem
3128 3994 3257 4036 eum
3299 3986 3575 4049 spectare.

325 4062 424 4128 μὲν
461 4061 726 4131 μελετῶν,
758 4064 859 4117 οὐκ
897 4063 1080 4132 ἀγαθά
1117 4064 1174 4118 δὲ
1205 4066 1300 4120 καὶ
1334 4069 1453 4131 τοῖς.
1480 4068 1752 4139 κρατοῦσι
1776 4070 1868 4124 δια

2028 4071 2543 4142 mperatoribusque
2572 4087 2764 4142 parum
2804 4073 2976 4129 (idum
3017 4087 3164 4136 esse.
3221 4072 3572 4129 criminatus.

320 4154 630 4223 νοούμενος.
683 4155 792 4208 Καὶ
829 4156 1002 4210 ταῦτα
1038 4156 1138 4226 μὲν
1176 4160 1241 4229 τῇ
1290 4160 1382 4212 τοῦ
1425 4159 1695 4229 βασιλέως
1724 4180 1864 4235 μητρ

2030 4164 2117 4220 loc
2149 4167 2229 4220 sic
2251 4165 2389 4220 clam
2418 4165 2564 4235 apud
2598 4166 2952 4235 imperatoris
2982 4175 3214 4221 matrem
3248 4165 3574 4230 Placidiam,

320 4247 584 4317 Πλακιδίᾳ
617 4247 801 4315 κρύφα
821 4250 1034 4319 εἰσῆγε,
1075 4250 1168 4304 καὶ
1190 4251 1289 4320 τῆς
1318 4253 1493 4323 ἀρχῆς
1528 4256 1738 4309 ἐκεῖνον
1765 4255 1864 4326 μεθ

2032 4264 2067 4310 ιι
2097 4255 2382 4325 provincia
2426 4256 2476 4312 ei
2515 4257 2858 4313 adimeretur
2903 4259 3166 4324 suadens,
3200 4261 3337 4328 egit.
3392 4259 3576 4328 Atque

320 4342 476 4411 ιστᾷν
523 4341 954 4394 συνεϐούλευεν·
1004 4341 1198 4413 ἐκείνῳ
1243 4343 1290 4396 δ’
1326 4341 1482 4408 αὖθις
1528 4344 1692 4419 ἔτερα
1758 4348 1864 4418 γρά

2031 4348 2227 4404 nterim
2260 4350 2426 4405 etiam
2459 4349 2620 4421 longe
2648 4352 2754 4406 alia
2789 4352 2857 4406 ad
2901 4353 3055 4406 illum
3083 4353 3346 4424 scripsit:
3378 4353 3575 4408 videli-

319 4447 435 4498 φων
462 4432 759 4502 είσηγεῖτο,
786 4431 1056 4502 μηδαμῶς
1085 4433 1307 4488 ἑλέσθαι
1337 4433 1518 4488 ὀπίσω
1552 4437 1750 4502 ἐλθεῖν,
1779 4440 1863 4509 είγ

2030 4451 2089 4495 et
2137 4456 2206 4496 ne
2263 4441 2574 4511 provincia,
2625 4444 2674 4498 si
2720 4444 3002 4514 principes
3040 4460 3169 4500 eum
3226 4454 3574 4510 revocarent,

315 4522 458 4588 δόξει
489 4526 602 4586 τοῖς
626 4523 924 4595 κρατοῦσιν
955 4525 1125 4592 αὑτὸν¹
1146 4527 1610 4597 μεταστέλλεσθαι
1633 4545 1648 4560 ⁸
1675 4533 1859 4604 sum

2030 4532 2318 4588 Lecederet.
2379 4533 2638 4588 Dilatum
2680 4536 2830 4590 enim
2881 4552 3008 4592 cum
3055 4539 3203 4608 apud
3247 4539 3370 4594 illos
3422 4553 3574 4603 esse,

317 4608 479 4678 θῆναι
514 4611 644 4680 γὰρ,
677 4612 772 4663 καὶ
810 4613 1122 4684 πανουργίᾳ
1168 4614 1282 4668 τῶν
1321 4616 1672 4685 κρατούντων
1721 4621 1861 4690 ἀνάγ

2029 4627 2496 4696 teccssitatemque
2549 4629 2629 4683 illi
2683 4645 2805 4684 eam
2860 4629 3207 4696 incumbere,
3259 4639 3320 4685 ut
3383 4630 3573 4686 fraude

317 4715 420 4767 κην
444 4696 587 4753 εἶναι
614 4700 1006 4772 διαφθαρῆναι.
1041 4706 1108 4757 ’Δ
1145 4704 1210 4774 δὴ
1238 4706 1546 4776 γράμματα
1590 4711 1672 4773 είς
1700 4715 1860 4784 χεῖρα

2031 4733 2190 4772 orum
2233 4720 2579 4788 pereundum
2633 4721 2737 4776 sibi
2773 4729 2944 4786 esset,
2980 4722 3292 4776 aﬂirmavit.
3345 4721 3571 4778 Litteris

315 4788 500 4842 λαϐὼν
527 4790 871 4860 Βονιφάτιος,
903 4794 998 4847 καὶ
1026 4789 1116 4848 οἷα
1145 4797 1281 4867 παρ’
1307 4798 1503 4869 ἀνδρὸς
1529 4799 1684 4868 φίλου
1710 4820 1768 4856 τε
1795 4821 1859 4857 κα

2022 4810 2199 4864 alibus
2236 4810 2558 4865 Bonifacius
2605 4811 2879 4881 acceptis,
2929 4810 3109 4878 Aetio,
3145 4827 3307 4880 quem
3341 4813 3446 4867 sibi
3485 4829 3566 4867 vc-

314 4884 562 4953 γνησίως
609 4883 755 4950 μάλα
784 4885 1003 4955 ἔχοντος
1037 4888 1341 4954 πιστεύσας
1392 4891 1598 4960 αὐτοῖς,
1637 4895 1858 4966 οὐδαμῶ

2027 4917 2115 4955 um
2167 4912 2224 4956 et
2266 4902 2438 4954 iidum
2472 4901 2710 4957 amicum
2763 4917 2888 4958 esse
2926 4903 3177 4973 putabat,
3210 4905 3486 4958 credidit:
3517 4914 3567 4958 el

315 4977 562 5048 ὑπήκουε
615 4979 716 5048 τῆς
751 4980 928 5050 ἀρχῆς
979 4981 1304 5052 ἀποστῆναι,
1369 4985 1574 5056 καίπερ
1627 4989 1858 5044 πολλάκι

2016 4993 2247 5062 luamvis
2293 4992 2496 5060 saepius
2536 4995 2605 5047 ab
2646 4994 2988 5066 imperatore
3028 5005 3344 5061 revocatus,
3387 4994 3560 5048 haud-

315 5072 421 5123 ὑπὸ
477 5072 571 5125 τοῦ
625 5073 890 5141 βασιλέως
946 5075 1465 5146 μεταστελλόμενος.
1520 5079 1800 5134 Ἐντεῦθεν
1838 5101 1859 5136 ο

2012 5100 2263 5153 [unquam
2295 5094 2476 5140 tamen
2512 5096 2572 5141 ut
2605 5088 2950 5157 provinciam
2983 5088 3343 5157 relinqueret,
3367 5088 3556 5156 iussio-

315 5163 559 5232 βασιλεῖς
608 5161 698 5217 οἶα
746 5166 929 5236 πιστῷ
959 5167 1056 5220 καὶ
1102 5166 1245 5238 εῦνῳ
1300 5170 1368 5224 τὰ
1419 5171 1658 5239 μάλιστα
1695 5174 1859 5228 Ἀετίι

2021 5177 2155 5230 tibus
2207 5177 2328 5244 ejus
2384 5179 2590 5247 paruit.
2645 5180 2997 5250 Quapropter
3047 5181 3330 5250 principes
3383 5180 3565 5245 Aetio,

315 5258 630 5327 προσεῖχον,
661 5257 727 5310 ὲκ
771 5258 972 5312 πολ).οῦ
1000 5260 1102 5330 τὴν
1132 5260 1344 5314 ἐκείνου
1380 5262 1709 5331 δυσμένειαν
1756 5285 1859 5336 προ

2020 5284 2247 5336 unquam
2277 5268 2486 5331 homini
2522 5271 2630 5325 fido
2665 5282 2722 5326 et
2759 5272 3046 5337 benevelo,
3080 5272 3183 5342 qui
3219 5273 3428 5326 dudum
3467 5271 3564 5324 ho-

315 5347 642 5418 μηνύσαντι,
673 5350 768 5404 καὶ
791 5350 855 5420 δὴ
891 5351 990 5404 σὺν
1022 5352 1218 5422 ἐκείνῳ
1244 5352 1342 5423 τὴν
1385 5355 1528 5407 κατὰ
1556 5356 1859 5427 Βονιφατίοι

2020 5359 2170 5412 tilem
2199 5360 2346 5415 illius
2377 5362 2624 5416 animum
2675 5363 2992 5429 indicasset,
3039 5364 3313 5426 faverunt,
3348 5371 3402 5417 et
3435 5379 3560 5418 cum

307 5439 456 5501 ὅπως
515 5441 760 5510 ἀποϐαίη
812 5442 1084 5506 συσκευὴν
1146 5441 1394 5510 ὕφαινον.
1457 5445 1777 5513 Τηνικαῦτα
1828 5449 1851 5501 δ

2023 5466 2056 5505 o
2110 5461 2300 5507 contra
2347 5454 2684 5510 Bonifacium
2726 5457 2910 5511 dolum
2949 5465 3201 5510 texucrc.
3250 5455 3322 5509 Ea
3358 5466 3563 5526 tempe-

307 5532 482 5584 πολλά
519 5549 581 5584 τε
612 5532 710 5584 καὶ
744 5531 982 5602 μέγιστα
1018 5532 1254 5587 Γοτθικὰ
1281 5534 1412 5603 ἔθνη
1454 5537 1596 5588 κατὰ
1623 5537 1683 5589 τὸ
1711 5539 1851 5608 πέρα

2024 5549 2133 5598 tate
2187 5541 2443 5610 plurima:
2506 5546 2867 5614 tuaximchue
2920 5546 3191 5600 Goxthicae
3255 5557 3448 5616 gentes
3508 5547 3561 5601 in

305 5625 401 5675 τοῦ
431 5625 650 5695 Ἴστρου
695 5627 796 5678 ἀνὰ
827 5627 892 5678 τὰ
929 5626 1240 5695 ὑπερϐόρεα
1288 5627 1428 5696 μέρη
1475 5631 1748 5701 πανταχοῦ
1776 5632 1849 5684 διε

2018 5635 2410 5703 cpteutrionali
2453 5646 2608 5706 parte
2660 5638 2728 5692 ad
2787 5639 2985 5692 Istrum
3040 5637 3244 5707 passim
3295 5638 3559 5707 dispersu

309 5719 574 5770 σκέ-ΰαστο
603 5735 615 5748 ·
652 5712 728 5771 ὧν
758 5720 824 5770 τὰ
874 5720 1108 5787 μάλιστα
1144 5720 1275 5791 παρ’
1299 5721 1529 5785 ἐκείνοις
1565 5722 1726 5790 λόγου
1757 5726 1853 5778 πολ

2012 5739 2164 5780 τοηι.
2202 5726 2346 5779 Inter
2379 5745 2520 5797 quas
2560 5731 2854 5801 prmi-ipim)
2897 5740 3134 5799 quatuor
3161 5731 3374 5801 judicio
3413 5733 3556 5799 ipss.-

310 5808 400 5859 }.9-3
435 5810 558 5868 ἄξια
607 5813 849 5871 sinapi
903 5815 1030 5871 sin.
1075 5815 1300 5872 ταύταις
1344 5815 1705 5872 ὠνομασμένοι
1759 5822 1850 5872 ταῖ

2005 5835 2104 5872 ὐΙΙΙ
2131 5820 2378 5874 celebres
2434 5822 2620 5877 fuere.
2668 5821 2856 5877 Gotthi
2909 5823 3147 5883 scilicet,
3195 5820 3549 5887 Vissegottlti,
