3910 6218
340 285 436 341 1:57
453 286 469 339 l
1561 276 1979 338 NICEPIIORI

335 392 567 461 irrupit,
627 392 849 459 Actius,
907 408 1072 462 quem
1131 402 1294 448 antea
1346 391 1608 456 diximus,
1661 393 1899 463 primum
1935 402 1976 458 Α

336 488 524 543 Roma:
559 486 842 555 dignitatis
888 487 1071 542 locant
1121 496 1320 543 tenens
1347 528 1361 552 ,
1395 495 1450 541 et
1497 485 1716 542 barbati
1753 487 1904 542 inso-

336 577 558 631 lentiam
593 591 705 630 non
741 577 947 642 ferens,
996 577 1062 631 ad
1094 579 1373 632 Alaricum
1406 577 1635 634 Galliam
1665 577 1908 631 admini-

283 678 300 697 “ν
337 677 626 734 strantem,
679 669 930 737 quamvis
966 671 1251 734 Romanis,
1295 686 1397 740 pro
1445 685 1512 724 eo
1544 681 1706 740 atque
1739 685 1907 739 supra

336 757 600 820 divinius,
647 759 957 824 inimicum,
1018 775 1077 814 se
1129 763 1364 816 contulit
1408 781 1422 817 :
1475 763 1794 831 magnisque
1851 771 1909 816 et

337 851 505 906 Variis
555 851 842 921 promissis
903 853 1139 908 barbaro
1195 854 1490 923 persuasit,
1550 865 1608 908 ut
1656 853 1907 923 ingentes

337 945 485 997 vires
513 958 643 996 suas
678 957 802 995 cum
834 943 1014 1014 copiis
1046 945 1163 999 suis
1205 933 1584 1017 coniungeret.
1628 945 1815 1013 Itaque
1837 959 1907 1000 ex

337 1031 635 1100 improviso
667 1032 891 1087 Attilam
929 1034 1069 1088 ultra
1120 1036 1430 1091 Danubium
1477 1046 1658 1092 castra
1693 1037 1908 1092 haben-

337 1139 444 1183 tem
473 1143 786 1197 aggressus.
813 1129 1087 1199 ingentem
1109 1129 1312 1182 ercdem
1343 1130 1419 1199 (l)
1451 1129 1601 1194 fecit,
1629 1129 1909 1200 multaque

335 1220 620 1276 hominum
662 1222 834 1276 millia
874 1225 1175 1277 interemit.
1204 1222 1305 1279 Ubi
1335 1223 1500 1276 etiam
1522 1221 1906 1293 (2)Attilas(5)

335 1312 492 1368 hasta
524 1313 814 1369 confossus
845 1314 1077 1379 interiit,
1119 1314 1283 1368 sicuti
1313 1323 1368 1368 et
1406 1313 1523 1384 ipse
1548 1313 1800 1370 Alaricus
1824 1330 1910 1369 sa-

293 1473 298 1483 .
334 1408 467 1475 gitta
503 1406 646 1462 ictus
678 1405 958 1461 occubuit.
992 1407 1070 1460 lta
1106 1421 1211 1476 ope
1250 1406 1435 1462 divina
1469 1422 1536 1461 eo
1568 1416 1815 1477 tempore
1854 1418 1911 1464 et

335 1508 494 1552 \etus
525 1509 582 1553 et
623 1515 762 1552 nova
807 1499 981 1553 Roma
1015 1498 1348 1554 Gotthornm
1386 1499 1746 1570 impressione
1776 1501 1911 1556 libe-

335 1601 452 1644 rata
486 1599 591 1644 est.
625 1589 691 1646 Et
722 1590 1097 1646 Ccnserichus
1142 1591 1293 1646 solus
1325 1592 1646 1648 nationibus
1683 1592 1766 1648 eis
1807 1593 1910 1648 im-

335 1683 775 1754 peravitNerum
802 1685 1090 1738 enimvero
1114 1684 1335 1754 plurimi
1363 1701 1582 1756 quoque
1611 1687 1703 1742 alii
1729 1696 1911 1743 motus

335 1751 438 1830 sub
484 1775 797 1833 Theodosio
837 1776 895 1830 in
929 1751 1154 1831 Oriente
1197 1784 1252 1831 et
1294 1751 1591 1833 Occidente
1624 1778 1908 1842 exstitere,
1942 1751 1984 1808 Β

334 1882 475 1934 quos
505 1867 862 1921 terrestribus
902 1876 958 1922 et
1002 1868 1289 1923 navalibus
1321 1869 1494 1937 copiis
1527 1869 1821 1938 oppressit.
1867 1871 1912 1923 Α

338 1960 522 2018 l‘crsis
555 1973 776 2028 quoque
808 1973 1059 2029 magnam
1108 1959 1255 2012 illam
1291 1973 1455 2028 quam
1500 1960 1792 2014 retulimus
1824 1977 1912 2016 rc—

337 2052 578 2122 portavit
610 2051 900 2106 victoriam
934 2069 948 2106 :
982 2051 1188 2120 quibus
1212 2051 1378 2105 etiam
1409 2067 1533 2105 cum
1579 2051 1909 2122 legationem

336 2141 403 2196 ad
437 2156 496 2195 se
525 2142 826 2206 misissent,
859 2156 1049 2210 pacem
1082 2141 1375 2196 concessit.
1410 2140 1528 2207 Quo
1555 2140 1700 2196 bello
1735 2142 1913 2199 Arda-

336 2246 502 2289 Zancs
534 2230 703 2286 Persa
737 2239 795 2285 et
833 2229 1185 2285 Arcobindus
1213 2228 1451 2285 Gotthus
1493 2229 1759 2300 singulari
1795 2246 1912 2286 cer-

338 2324 544 2380 tamine
593 2324 898 2394 congressi,
940 2322 1190 2390 praelium
1235 2321 1511 2378 diremcre
1541 2340 1556 2378 :
1588 2332 1644 2378 et
1675 2321 1913 2379 Gotthus

337 2415 557 2474 Persam
602 2415 658 2468 in
694 2427 852 2484 a-quo
883 2428 1078 2484 campo
1120 2428 1266 2484 equo
1301 2413 1632 2471 insidentem
1671 2428 1726 2472 et
1759 2429 1913 2472 cata-

338 2508 633 2578 phractum
661 2506 792 2560 vicit
849 2516 906 2560 et
935 2507 1160 2561 occidit.
1190 2506 1261 2560 Ea
1305 2521 1409 2576 pax
1443 2507 1510 2562 ad
1553 2508 1777 2580 longum
1810 2508 1912 2564 du-

337 2600 485 2658 ravit
509 2609 749 2669 tempus,
784 2613 959 2669 usque
993 2598 1060 2653 ad
1097 2598 1484 2654 duodecimum
1521 2601 1779 2657 videlicet
1807 2601 1913 2657 im-

336 2694 475 2764 perii
503 2691 778 2749 Anastasii
809 2707 1036 2748 annum.
1067 2690 1143 2746 De
1170 2691 1376 2761 quibus
1402 2693 1570 2747 rebus
1598 2708 1722 2747 cum
1751 2694 1910 2750 multi

336 2787 427 2842 alii
463 2787 831 2856 scripseram,
859 2794 971 2839 tum
1001 2784 1287 2855 eleganter
1314 2799 1407 2840 eas
1432 2784 1485 2840 in
1518 2787 1910 2856 compendium

337 2879 548 2950 redegit
585 2878 908 2934 Eustathius
936 2876 1370 2948 Epiphaniensis
1407 2877 1487 2948 (4)
1515 2877 1706 2950 Syrus,
1749 2878 1912 2950 580

335 2973 430 3043 qui
479 2972 644 3027 etiam
686 2969 897 3026 Amida:
927 2970 1388 3040 expugnationem
1430 2969 1745 3040 descripsit.
1790 2972 1910 3038 Quo

341 3077 593 3136 tempore
659 3063 998 3157 Claudianus
1059 3072 1116 3118 et
1156 3060 1333 3133 Cyrus
1404 3071 1579 3132 poetae
1641 3063 1901 3157 ﬂoruere.
1938 3099 1982 3157 ο

337 3159 542 3228 Cyrum
578 3172 712 3213 vero
743 3156 887 3212 fama
917 3165 1003 3210 est
1047 3170 1324 3213 summum
1367 3157 1534 3210 etiam
1572 3155 1910 3224 praefectum

338 3251 608 3306 honorem
638 3247 897 3319 gessisse,
933 3246 1027 3317 qui
1053 3245 1343 3317 pra-fectus
1377 3247 1514 3301 aulae
1543 3256 1706 3301 antea
1730 3247 1910 3304 dictus

337 3353 477 3409 erat,
509 3351 565 3397 et
597 3338 1032 3396 Occidentalium
1065 3337 1350 3407 copiarum
1398 3340 1507 3393 dux
1538 3339 1743 3404 fuerat,
1776 3340 1912 3396 Car-

338 3435 561 3503 thagine
589 3449 620 3488 a
667 3429 930 3486 Vandalis
975 3441 1159 3500 capta,
1190 3445 1317 3485 cum
1351 3431 1723 3488 Genserichus
1773 3432 1910 3488 Bar-

338 3531 505 3584 baros
534 3541 632 3582 eos
657 3532 896 3596 regeret.
933 3523 1174 3580 Plurima
1199 3537 1365 3594 porro
1393 3535 1449 3579 et
1473 3525 1756 3595 magniﬁca
1779 3527 1912 3581 aedi-

338 3620 461 3680 licia
505 3618 560 3673 in
618 3616 754 3672 urbe
805 3615 1113 3685 imperante
1162 3623 1219 3669 et
1270 3615 1400 3669 alibi
1461 3615 1761 3686 imperator
1807 3617 1911 3674 iste

337 3708 648 3766 construxit
678 3708 796 3782 (5).,
835 3716 894 3764 ct
923 3703 1266 3764 Alexandriae
1322 3706 1619 3762 maximum
1648 3707 1909 3778 templum

338 3804 538 3861 erexit.

907 3915 1132 3975 CAPUT
1173 3917 1353 3975 LVIII.

342 4032 418 4085 De
453 4031 594 4086 obitu
625 4031 893 4086 Theodosii
909 4030 1163 4101 jtmioris,
1197 4040 1252 4084 ut
1285 4031 1339 4084 in
1382 4040 1717 4086 monumento
1743 4029 1910 4101 patris

407 4104 490 4157 sui
536 4103 604 4156 sit
649 4101 909 4172 sepultus,
951 4102 1006 4155 in
1039 4100 1374 4156 celeberrimo
1427 4100 1913 4172 sanctorum’Apo-

313 4218 319 4231 .
407 4172 665 4228 stolarum
698 4171 916 4244 templo.

310 4267 322 4309 ἴ

311 4317 323 4418 ἓ

413 4285 482 4340 Ει
533 4299 658 4339 cum
705 4283 894 4337 obitus
936 4282 1058 4352 ejus
1093 4282 1589 4352 appropinquaret,
1630 4281 1910 4352 Ephesum

318 4375 516 4445 'rvenit,
547 4377 735 4432 divum
780 4375 1047 4430 Joannem
1086 4376 1240 4429 illum
1288 4375 1554 4445 virginem
1589 4384 1648 4429 et
1679 4390 1914 4446 evange-

345 4473 526 4526 listam
561 4467 936 4523 honoraturus
965 4481 980 4519 :
1022 4465 1401 4537 tetnplpmque
1434 4465 1581 4520 illius
1609 4464 1912 4535 ingressus,

343 4561 586 4618 orationi
631 4573 754 4614 sese
785 4555 1038 4612 dedidit:
1092 4555 1146 4610 in
1197 4571 1304 4626 qua
1355 4556 1545 4623 etiam,
1578 4557 1707 4626 quis
1755 4557 1808 4613 ei
1859 4558 1916 4614 in

348 4654 583 4728 imperio
623 4653 872 4710 Romano
906 4664 1271 4706 successurus
1302 4659 1474 4717 esset,
1518 4649 1737 4706 edoceri
1776 4666 1836 4706 se
1886 4666 1918 4707 a

344 4749 458 4804 Deo
494 4745 676 4818 petiit.
713 4743 867 4810 Quod
904 4742 992 4798 ubi
1030 4758 1128 4813 per
1159 4743 1430 4799 visionem
1465 4741 1516 4798 ei
1561 4742 1706 4799 Deus
1734 4753 1921 4799 osten-

344 4843 446 4910 dit,
485 4838 1020 4909 Constantinopolim
1067 4837 1258 4893 rediit.
1297 4837 1413 4894 Nec
1460 4838 1532 4894 ita
1582 4839 1758 4894 multo
1793 4848 1916 4909 post

345 4934 590 4994 exercitu
617 4948 683 4988 ex
713 4931 860 4987 bello
891 4929 1161 4986 adversus
1189 4931 1415 4985 Attilam
1481 4942 1636 5004 gesto
1673 4948 1917 4999 reverso,

421 5113 500 5185 (Ι)
535 5111 593 5168 ln
649 5111 859 5182 campis
929 5107 1301 5166 Catalaunicis
1361 5108 1477 5165 sive
1533 5108 1919 5170 Gottalanicis.

346 5186 570 5244 (Egnat.

417 5185 830 5328 ῗέἶιὸὶδτωηιοη
866 5258 934 5328 et_
957 5249 1212 5328 praelium
1237 5249 1363 5316 hoc,
1393 5250 1548 5328 cujus
1585 5261 1706 5321 post
1739 5253 1923 5328 homi-

344 5321 495 5385 num
537 5326 860 5379 memoriam
893 5322 1069 5376 simile
1099 5321 1309 5375 nullum
1360 5324 1656 5390 reperitur,
1703 5325 1923 5378 circiter

346 5412 545 5452 nonam
575 5396 684 5450 diei
716 5395 904 5446 horam
930 5400 1170 5462 emptum
1194 5401 1296 5447 est.
1327 5392 1672 5462 Etutrinque
1697 5405 1920 5447 centum

348 5467 629 5536 octoginta
688 5463 1218 5536 tniliia__liotninutu_
1263 5461 1535 5536 cecidere,
1581 5463 1921 5536 Cotthorum

349 5533 664 5604 rcge'caaso,
689 5545 744 5590 et
774 5533 938 5588 Attila
958 5533 1165 5602 fugato.
1207 5533 1434 5586 Romani
1467 5533 1630 5586 Actio
1662 5533 1804 5588 duce
1842 5537 1924 5587 vi-

349 5622 495 5658 cere.
530 5605 724 5671 (Diam)

427 5674 504 5738 (3)
533 5673 956 5742 Attilasgdeinrlc
984 5675 1194 5728 viribus
1234 5673 1596 5741 recuperatis,
1620 5673 1924 5742 Aquileiam

357 5742 706 5812 expugnavit,
735 5740 1026 5796 llonet'iani
1053 5740 1416 5798 Valentiniani
1449 5740 1763 5811 germanum
1792 5761 1924 5798 uxo-

2015 273 2358 336 CALLISTI
3507 263 3648 325 19.73

2006 393 2347 466 κατερράγη.
2403 393 2433 445 ό
2491 387 2895 460 προειρημένος
2969 385 3174 449 Ἀέτιος
3217 386 3326 456 τῆς
3393 381 3651 452 Ῥώμης

2007 486 2077 539 τὰ
2105 485 2297 555 πρῶτα
2341 485 2667 553 φερόμενος,
2713 482 2812 533 καὶ
2844 479 2946 550 τὴν
2973 478 3135 548 ὓϐριν
3165 480 3260 533 τοῦ
3307 476 3650 548 βαρϐάρου

2011 578 2088 648 μὴ
2142 575 2405 645 ἐνεγκὼν,
2461 575 2600 644 πρὸς
2659 573 2752 626 τὸν
2783 573 2892 626 τῶν
2943 571 3194 624 Γαλλιῶν
3245 570 3650 638 κατάρχοντα

2022 671 2339 740 Ἀλλάριχον
2414 668 2749 736 ἀφικνεῖται,
2823 665 3030 732 καίπερ
3128 664 3462 733 Ῥωμαίοις
3574 661 3656 721 εἰς

2007 764 2206 836 ἔχθραν
2226 765 2360 817 ὄντα
2394 759 2474 826 οἷς
2501 764 2774 833 πρότερον
2834 759 3185 828 διελάϐομεν.
3229 761 3460 829 Ὅμως
3507 753 3655 806 πολ-

2009 857 2131 920 λαῖς
2157 857 2251 910 καὶ
2279 856 2556 925 διαφόροις
2588 852 2950 922 ἐπαγγελίαις
2995 853 3198 914 πείσας
3236 853 3342 905 τὸν
3415 847 3654 919 βάρϐα-

2012 966 2126 1018 ρον,
2195 949 2418 1017 στρατῷ
2485 948 2724 1016 γενναίῳ
2775 944 2950 1012 τούτῳ
3015 943 3650 1013 συστρατευσάμενος,

2009 1040 2212 1110 αἴφνης
2263 1038 2356 1108 τῷ,
2409 1037 2626 1107 Ἀττίλᾳ
2686 1035 2867 1106 πέραν
2932 1037 3148 1106 Ἴστρου
3217 1032 3650 1104 ὲσκηνωμένῳ

2013 1131 2558 1188 συνεπιτίθεταιοκαὶ
2585 1131 2753 1184 πολὺν
2791 1130 2988 1198 ἐκείνῳ
3050 1132 3208 1198 φόνον
3258 1128 3505 1189 ἐποίει,
3573 1125 3651 1186 ὡς

2011 1224 2214 1289 πολλὰς
2257 1224 2505 1294 χιλιάδας
2526 1222 2920 1291 διαφθαρῆναι.
2973 1219 3152 1273 Ἔνθα
3185 1221 3253 1290 δὴ
3281 1225 3399 1275 καὶ
3450 1217 3649 1272 Ἀττί-

2009 1316 2104 1380 λας
2169 1315 2352 1370 αὐτῶν
2401 1316 2585 1385 δόρατι
2632 1314 2917 1382 κεντηθεὶς
2967 1311 3262 1382 διεφθάρη·
3322 1312 3484 1366 ἀλλὰ
3525 1309 3644 1380 μὴν

2012 1411 2108 1463 καὶ
2151 1411 2316 1476 αὐτὸς
2387 1411 2709 1478 Ἀλλάριχος
2767 1406 3218 1476 τόξῳῑβληθείς.
3282 1408 3407 1459 Καὶ
3477 1404 3637 1456 οὕτω

2011 1503 2148 1557 Θεοῦ
2177 1504 2411 1572 νεύμασι
2442 1501 2520 1572 τῷ
2544 1502 2668 1554 τότε
2697 1501 2731 1571 ἦ
2759 1517 2822 1553 τε
2881 1501 3092 1552 παλαιὰ
3118 1499 3216 1552 καὶ
3277 1499 3382 1552 νέα
3415 1497 3627 1567 Ῥώμη

2013 1598 2114 1664 τῆς
2153 1595 2262 1648 τῶν
2316 1595 2529 1647 Γότθων
2595 1596 2775 1664 ὁρμῆς
2828 1592 3257 1660 ἀπηλλάττοντο,
3309 1590 3618 1658 Γιζεριχου

2012 1685 2123 1736 τῶν
2185 1682 2357 1738 ὲθνῶν
2394 1686 2633 1738 τουτωνὶ
2690 1681 3166 1752 μοναρχήσαντος.
3232 1681 3498 1734 [licia-tat
3545 1679 3611 1731 δὲ

2013 1776 2106 1827 καὶ
2133 1773 2293 1828 ἄλλαι
2326 1773 2730 1836 ἐπαναστάσεις
2765 1772 2862 1824 ἐπὶ
2903 1772 3190 1824 Θεοδοσίου
3247 1773 3506 1839 ιγένοντο
3537 1770 3602 1820 ἐν

2011 1885 2070 1921 τε
2107 1867 2217 1938 ἐῴᾳ
2255 1867 2349 1921 καὶ
2373 1869 2608 1938 ἐσπερίᾳ
2643 1870 2709 1938 τῇ
2748 1866 2924 1936 λήξει,
2973 1864 3040 1924 ἃς
3087 1865 3293 1917 καθεῖλε
3365 1861 3588 1928 πεζικῷ

2011 1961 2106 2013 καὶ
2131 1962 2290 2033 νηΐτῃ
2327 1960 2566 2032 στρατῷ.
2605 1960 2718 2014 Καὶ
2765 1959 2904 2029 πρὸς
2933 1959 3132 2026 Πέρσας
3161 1955 3214 2008 δὲ
3238 1959 3335 2022 τὴν
3379 1951 3557 2021 μεγά-

2011 2050 2110 2123 λην
2140 2053 2359 2121 ἐκείνην
2382 2053 2557 2123 ἤρατο
2584 2054 2763 2122 νίκην·
2786 2050 2870 2114 οἷς
2904 2051 3002 2102 καὶ
3045 2043 3568 2116 συμπρεσϐευσαμὲ-

2011 2160 2144 2209 νοις,
2178 2144 2277 2213 τὴν
2306 2146 2527 2216 εἰρήνην
2569 2143 2960 2216 ἀπεχαρίζετο,
3002 2141 3324 2211 Ἀρδαζάνου
3364 2138 3577 2206 Πέρσου

2012 2234 2110 2290 καὶ
2137 2234 2338 2289 Γότθου
2372 2235 2716 2306 Ἀρεοὸίνδου
2754 2234 3068 2306 μονομαχίᾳ
3119 2231 3218 2302 τὴν
3244 2231 3421 2300 μάχην
3464 2229 3578 2280 δια-

2011 2327 2308 2393 λυσάντων,
2340 2327 2435 2383 τοῦ
2475 2328 2671 2381 Γότθου
2703 2326 3054 2396 κατακράτος
3073 2325 3159 2378 τὸν
3188 2324 3407 2394 Πέρσην
3425 2320 3573 2390 νική-

2012 2417 2209 2483 σαντός
2234 2435 2296 2472 σε
2333 2419 2432 2472 καὶ
2481 2417 2766 2480 ἀνελόντος
2804 2421 2861 2470 ἐν
2919 2419 3109 2484 πεδίῳ,
3162 2415 3402 2482 ἔφιππον
3451 2413 3580 2462 avra

2012 2511 2108 2564 καὶ
2156 2509 2404 2566 ἔνοπλον.
2462 2512 2536 2566 Ἢ
2568 2512 2663 2565 καὶ
2706 2511 2869 2581 μέχρι
2913 2509 3115 2564 πολλοῦ
3165 2506 3440 2578 προῆλθεν
3459 2505 3588 2573 ἆχρι

2011 2602 2433 2657 δυοκαιδεκάτου
2486 2602 2642 2666 ἔτους
2700 2600 3081 2656 Ἀναστασίου.
3142 2602 3210 2653 ’Δ
3261 2599 3331 2668 δὴ
3375 2595 3588 2658 πολλοῖς

2015 2698 2117 2767 μὲν
2150 2695 2450 2767 ἱστόρηται,
2483 2696 2850 2765 ἐπιτέτμηται
2897 2695 2954 2748 δὲ
2999 2695 3145 2765 μάλα
3190 2692 3429 2761 κομψῶς
3493 2689 3588 2742 καὶ

2011 2791 2297 2861 Εὑσταθίῳ
2325 2788 2404 2861 τῷ
2429 2792 2488 2855 ἐξ
2518 2788 2871 2858 Ἐπιφανείας
2897 2787 2974 2858 τῷ
3016 2787 3196 2856 Σύρῳ,
3227 2785 3292 2848 ὃς
3347 2786 3449 2838 καὶ
3493 2783 3591 2854 τὴν

2011 2881 2236 2953 ’Δμίδης
2269 2881 2475 2937 ἅλωσιν
2544 2880 2942 2951 συνεγράψατο·
2986 2881 3044 2931 ὲν
3111 2871 3157 2946 ᾧ
3217 2879 3594 2947 συνήκμασαν

2011 2975 2343 3039 Κλαυδιανός
2372 2991 2430 3028 τε
2461 2976 2556 3029 καὶ
2580 2975 2762 3046 Κῦρος
2793 2975 2842 3027 οἱ
2866 2972 3109 3043 ποιηταί.
3169 2971 3458 3042 Κῦρονδὲ
3505 2973 3594 3024 λόο

2013 3084 2108 3138 γος
2141 3067 2254 3137 ἔχει
2292 3069 2388 3122 καὶ
2429 3068 2521 3122 τὸν
2549 3068 2855 3140 ὑπέρτατον
2881 3068 2990 3122 τῶν
3021 3066 3286 3140 ὑπάρχων
3316 3067 3590 3136 ἀναϐῆναι

2015 3161 2224 3226 θρόνον*
2267 3161 2324 3226 ὃς
2355 3163 2450 3216 καὶ
2483 3161 2583 3231 τῆς
2611 3162 2781 3230 αὐλῆς
2813 3161 3038 3228 ἐλέγετο
3081 3161 3334 3231 ὕπαρχος
3383 3162 3589 3232 πρότε-

2015 3271 2129 3324 ρον,
2157 3255 2250 3306 καὶ
2279 3255 2389 3307 τῶν
2414 3255 2689 3324 ἑσπερίων
2706 3256 2993 3325 δυνάμεων
3017 3255 3392 3324 καθηγήσατο,
3427 3259 3590 3326 Καρ·

2013 3344 2234 3414 χηδόνος
2270 3344 2376 3398 ὑπὸ
2417 3344 2691 3399 Βανδίλων
2723 3345 3133 3415 κρατηθείσης,
3159 3346 3435 3415 Γιζερίχου
3468 3349 3584 3399 τῶν

2014 3433 2306 3504 βαρϐάρων
2340 3437 2670 3507 ἡγουμένου.
2709 3435 2984 3498 Πλείστας
3019 3436 3080 3489 δὲ
3133 3440 3216 3490 καὶ
3244 3440 3574 3506 περιφανεῖς

2011 3526 2342 3596 οἰκοδομίας,
2373 3527 2478 3582 ἀνά
2503 3545 2562 3581 τε
2593 3528 2694 3598 τὴν
2720 3527 2968 3598 βασιλίδα
3008 3530 3106 3583 καὶ
3140 3526 3394 3596 ἀλλαχοῦ,
3419 3531 3450 3580 δ
3479 3528 3585 3596 (ῥει-

2015 3616 2194 3680 σιλεὺς
2220 3611 2378 3681 οὗτος
2407 3617 2622 3688 ἤγειρε·
2651 3618 2749 3674 καὶ
2792 3620 2861 3689 τῇ
2891 3617 3254 3689 Ἀλεξάνδρου
3314 3617 3373 3671 δὲ
3429 3617 3600 3687 μέγι-

2015 3725 2140 3764 στον
2168 3709 2363 3777 ἀνίστη
2402 3710 2564 3765 νεῶν..

2580 3919 2831 3977 ΚΕΦΑΛ.
2860 3918 2988 3976 NH'.

2014 4034 2156 4104 Περὶ
2211 4033 2322 4103 τῆς
2370 4031 2658 4100 τελευτῆς
2690 4031 3154 4104 Θεοδοσίουίτοῦ
3208 4033 3385 4098 νέου,
3414 4035 3502 4101 ὡς
3532 4037 3602 4091 ἐν

2084 4102 2158 4172 ἀνῇ
2188 4102 2498 4176 adimito?
2548 4104 2777 4176 πατρὸς
2803 4105 2987 4157 αὑτοῦ
3016 4102 3230 4176 ἐτάφη,
3273 4106 3362 4170 τῷ
3384 4122 3601 4176 περιωο

2084 4178 2252 4246 νύμῳ
2277 4175 2394 4240 νεῷ
2415 4173 2533 4228 τῶν
2558 4175 2744 4243 ἁγίων
2765 4173 3176 4228 Ἀποστόλων.

2088 4291 2230 4361 Ἤδη
2281 4289 2340 4345 δὲ
2388 4289 2488 4358 τῆς
2545 4288 2804 4358 τελευτῆς
2862 4288 3192 4359 ὲγγιζούσης
3249 4291 3430 4361 αὐτῷ,
3517 4292 3604 4354 είς

2020 4385 2254 4453 Ἔφεσον
2286 4378 2422 4455 ἧκεν
2469 4381 2694 4452 Ἰωάννῃ
2749 4381 2828 4452 τῷ
2857 4381 3114 4452 παρθένῳ
3161 4385 3257 4435 καὶ
3304 4383 3599 4453 εὐαγγελι-

2020 4479 2120 4547 στῇ
2167 4474 2594 4545 συνταξόμενος.
2640 4473 2750 4526 Καὶ
2780 4475 2870 4525 τὸν
2914 4473 3122 4527 ἐκείνου
3185 4474 3326 4528 νεὼν
3373 4478 3585 4542 εἰσιὼν,

2019 4566 2304 4636 προσευχῇ
2328 4563 2525 4618 ἑαυτὸν
2555 4561 2748 4614 ἐδίδου·
2781 4556 2893 4634 ὲνῇ
2931 4562 3026 4614 καὶ
3058 4562 3212 4624 ὅστις
3277 4560 3392 4632 μετ’
3418 4563 3588 4616 αὑτὸν

2019 4661 2119 4731 τὴν
2197 4657 2493 4728 Ῥωμαίων
2540 4654 2716 4726 ἀρχὴν
2773 4655 2966 4717 ίθυνεῖ,
3031 4655 3206 4708 ἐδεῖτο
3251 4658 3448 4727 μαθεῖν
3497 4657 3600 4709 τοῦ

2021 4749 2178 4804 Θεοῦ.
2211 4748 2322 4803 Καὶ
2373 4745 2627 4816 δήτοῦτο
2683 4743 2821 4798 Θεοῦ
2877 4744 2937 4796 ἐν
2965 4744 3202 4814 ὁράματι
3261 4747 3605 4816 χρήσαντος,

2022 4844 2266 4913 ἐπανῆκε
2299 4844 2366 4912 τῇ
2400 4837 2838 4894 Κωνσταντίνου.
2901 4837 3012 4891 Καὶ
3072 4838 3209 4906 μετά
3249 4839 3459 4906 μικρὸν
3507 4841 3608 4891 τοῦ

2023 4935 2257 5009 στρατοῦ
2284 4936 2349 4989 ἐκ
2387 4936 2484 5005 τῆς
2543 4934 2678 5005 πρὸς
2737 4931 2987 4986 Ἀττίλαν
3022 4932 3200 5002 μάχης
3255 4931 3609 5002 ἐπαναστρέ-

2027 5127 2141 5166 rem
2198 5111 2303 5166 sibi
2359 5110 2475 5164 dari
2543 5109 2860 5180 postulavit.
2917 5113 3096 5177 Atque
3155 5110 3380 5180 insuper
3435 5107 3606 5180 aliam

2024 5183 2320 5237 lldiconem
2355 5179 2578 5235 nomine
2602 5181 2761 5234 duxit
2786 5198 2800 5231 :
2834 5180 3098 5248 novisque
3123 5179 3330 5247 nuptiis
3356 5179 3606 5245 crapulm:

2023 5267 2080 5308 et
2133 5253 2261 5306 vino
2313 5252 2621 5322 indulgens,
2683 5251 2738 5304 in
2807 5249 3108 5304 Pannoniis
3161 5258 3415 5302 mortuus
3496 5257 3606 5302 est.

2025 5323 2220 5391 (Cassa
2247 5323 2421 5391 Diae.)

2099 5395 2175 5463 (4)
2217 5386 2536 5447 Eustathius
2561 5389 2983 5460 Epiphaniensis
3036 5387 3424 5463 compendium
3455 5455 3467 5463 _
3493 5386 3610 5463 sile

2027 5453 2315 5534 Ep‘itotnen
2339 5453 2678 5534 Chronica-ni
2701 5476 2894 5534 novem
2930 5462 3091 5512 tomis
3113 5453 3383 5534 condidit,
3416 5455 3490 5534 ab

2028 5527 2129 5590 nea
2173 5547 2342 5601 usque
2371 5533 2434 5585 ad
2494 5531 2841 5586 Anastasium
2880 5530 3283 5601 imperatorem.
3327 5527 3536 5601 (Suid._)

2105 5605 2180 5675 (5)
2219 5598 2332 5657 sub
2376 5602 2687 5675 Theodosio
2717 5600 2959 5656 Venetia:
2987 5598 3187 5654 mediis
3220 5598 3272 5652 in
3307 5599 3473 5667 aquis
3512 5599 3593 5649 ha-

2033 5673 2195 5729 bitari
2224 5683 2434 5742 coeptaa.
2463 5673 2702 5744 (lignat)
