3910 6218
427 318 562 382 1273

1311 311 1915 374 ECCLESIASTICﬂ
1948 310 2339 376 HISTORIA?
2378 315 2529 378 LIB.
2572 315 2732 380 XIV.

3521 308 3658 373 1274

417 436 638 505 ψαντος,
683 431 963 493 Θεοδόσιος
1015 429 1112 499 τῆς
1146 428 1354 489 πόλεως
1387 425 1606 494 ἐξῆλθεν
1626 425 1984 492 ίππάσασθαι,

2098 426 2239 483 urbe
2261 442 2519 499 egressus
2547 437 2653 494 est,
2694 434 2754 482 ut
2798 423 3137 496 equitatione
3169 431 3228 480 ct
3260 423 3552 480 venatione
3599 439 3658 478 se

422 525 518 577 καὶ
569 523 845 590 κυνηγίοις
885 519 1079 574 ἑαυτὸν
1123 519 1358 571 ἀνεῖναι.
1391 517 1482 569 Ἐν
1512 512 1594 580 οἷς
1641 516 1685 568 δ’
1721 515 1990 578 ἱππάζετο

420 616 513 668 τοῦ
544 616 714 668 ἵππου
761 610 1175 680 ὲκσφαιρισθεὶς
1198 651 1212 676 ,
1248 609 1318 662 τὰ
1349 608 1508 679 ,περὶ
1552 608 1646 661 τὸν
1700 607 1990 662 σπόνδυλον

423 707 739 776 πλήττεται·
783 704 879 756 καὶ.
931 702 1284 762 κατακλιθεὶς
1332 699 1616 768 λεκτικίῳ,
1659 701 1835 770 είσῂει
1889 697 1988 768 τὴν

422 801 600 851 πόλιν.
651 797 804 849 Ἐπεὶ
833 795 889 848 δὲ
924 793 1132 864 ᾔσθετο
1159 792 1361 855 ἀπιὼν,
1431 794 1487 845 ὲν
1533 791 1832 860 ἀπορρήτῳ
1889 789 1988 858 τὴν

421 893 653 962 ἀδελφὴν
690 889 1024 960 Πουλχερίαν
1073 886 1601 957 μεταστειλάμενος,
1666 886 1796 952 περὶ
1831 884 1989 950 Μαρ-

421 985 606 1038 κιανοῦ
634 981 727 1035 τοῦ
754 981 863 1033 ἀπὸ
893 979 1198 1049 τριϐούνων
1243 980 1379 1048 αὐτῇ
1436 978 1727 1045 διελέγετο,
1773 977 1848 1038 ὼς
1878 977 1988 1046 ἄρα

419 1071 573 1140 φίλον
613 1069 700 1136 εἴη
741 1066 862 1136 Θεῷ
893 1066 1012 1136 μετ’
1044 1067 1211 1120 αὐτὸν
1263 1067 1474 1117 ἐκεῖνον
1533 1064 1636 1132 τὴν
1692 1063 1988 1129 Ῥωμαίων

417 1161 594 1231 ἀρχὴν
629 1159 872 1213 διοικεῖν.
922 1157 1032 1211 Καὶ
1063 1159 1090 1209 6
1122 1157 1222 1226 μὶν
1270 1155 1422 1209 ταῦτ’
1471 1154 1678 1219 εἰπὼν,
1710 1155 1986 1210 ἐτελεύτα.

421 1252 545 1306 Ἐτι
577 1251 623 1304 δ’
651 1250 1021 1319 ἀγνοουμένης
1049 1249 1146 1318 τῆς
1170 1247 1527 1308 ἀποϐιώσεως
1562 1246 1642 1316 τῷ
1673 1246 1987 1317 κρατοῦντι,

413 1344 508 1396 τὸν
555 1342 874 1412 Μαρκιανὸν
932 1341 1238 1410 Πουλχερία
1287 1340 1633 1410 ποιησαμένη
1698 1339 1989 1410 μετάπεμ-

417 1453 574 1498 πτον,
632 1433 799 1505 ἄνδρα
836 1433 1162 1504 σωφροσύνῃ
1213 1433 1307 1486 καὶ
1357 1432 1653 1500 σεμνότητι
1701 1430 1816 1500 βίου
1870 1432 1990 1484 δια-

418 1529 630 1599 πρεπῆ,
657 1527 754 1580 καλ⁵
784 1527 932 1595 γήρᾳ
971 1525 1072 1596 ἤδη
1111 1523 1519 1592 κοσμούμενον,
1564 1523 1696 1593 περὶ
1735 1525 1833 1591 τῆς
1887 1523 1988 1592 ἀρ-

418 1621 522 1690 χῆς
554 1617 851 1672 ἐκοινοῦτο·
885 1618 994 1671 Καὶ
1035 1617 1125 1680 σὲ,
1169 1616 1356 1685 φησὶν,
1391 1613 1500 1680 ἐγὼ
1517 1614 1628 1667 τῶν
1676 1614 1852 1668 ἄλλων
1885 1613 1988 1683 τῆς

420 1709 728 1776 συγκλήτου
759 1705 950 1776 ἄρχειν
969 1703 1272 1774 προκρίνω.
1297 1701 1488 1771 Ὀρκῳ
1537 1699 1721 1755 τοίνυν
1752 1701 1988 1770 ἀσφαλι-

2093 531 2386 573 recrcaret.
2420 519 2599 588 Atque
2633 522 2774 572 inter
2801 518 3158 587 cquitaudum
3198 531 3343 585 equo
3375 517 3657 584 delapsus,

2091 609 2261 678 Spina:
2311 610 2624 664 vertebram
2679 608 2904 664 luxavit.
2955 609 3303 677 Quapropter
3348 607 3544 660 lectica
3599 605 3654 659 in

2093 701 2282 755 urbem
2319 704 2525 756 relatus
2555 711 2660 755 est.
2697 704 2878 770 Atque
2927 700 3016 754 ubi
3065 715 3122 754 se
3169 699 3498 754 moriturum
3533 714 3654 753 esse

2091 791 2288 855 Sensit,
2321 806 2446 845 cum
2493 791 2778 846 Pulcheria
2811 807 3003 847 sorore
3047 802 3264 847 secreto
3311 790 3378 844 ad
3422 805 3481 844 se
3526 805 3657 844 evo-

2091 891 2234 947 cata,
2268 883 2335 937 de
2389 885 2656 938 Martiano
2701 900 2768 938 ex
2815 885 3056 938 tribunis
3107 885 3326 938 loculus
3377 891 3505 937 est:
3542 882 3653 935 Deo

2089 982 2304 1042 gratum
2355 975 2726 1044 placitumque
2765 992 2884 1030 esse
2922 975 3132 1031 dicens.
3186 983 3244 1026 ut
3288 975 3377 1028 ille
3423 984 3545 1042 post
3592 987 3652 1026 se

2092 1065 2392 1120 Romanam
2425 1068 2838 1122 administraret
2877 1067 3165 1121 ditionem.
3206 1066 3272 1121 Et
3308 1066 3398 1120 ille
3428 1065 3649 1134 quidem

2089 1171 2214 1209 cum
2261 1157 2376 1211 haec
2427 1158 2656 1213 dixisset
2713 1167 2964 1212 mortuus
3008 1168 3112 1213 est.
3164 1157 3420 1212 Nondum
3469 1165 3654 1210 autem

2090 1246 2443 1316 imperatoris
2474 1259 2651 1304 morte
2673 1262 2972 1320 comperta,
3003 1248 3295 1304 Pulcheria
3325 1247 3656 1303 Martianum

2091 1341 2351 1404 accersit,
2383 1342 2566 1395 virum
2613 1344 2976 1412 temperantia
3016 1351 3073 1397 et
3122 1341 3391 1411 gravitate
3438 1355 3653 1394 morum

2092 1433 2438 1500 praclarum,
2472 1441 2527 1486 et
2567 1434 2722 1488 senio
2748 1434 2856 1503 jam
2899 1431 3299 1497 venerandum,
3336 1440 3392 1486 et
3425 1430 3656 1486 consilio

2087 1521 2154 1574 de
2209 1522 2422 1589 imperii
2479 1524 2828 1578 successione
2884 1538 3007 1578 cum
3069 1538 3137 1578 eo
3197 1523 3654 1590 communicato,

2089 1611 2248 1681 581
2291 1612 2387 1676 Te,
2428 1613 2626 1683 inquit,
2656 1629 2758 1682 ego
2789 1629 2853 1668 ex
2886 1624 3080 1669 senatu
3114 1615 3261 1670 omni
3299 1630 3411 1684 prae
3439 1615 3654 1670 caneris

2085 1702 2320 1770 imperio
2357 1702 2584 1774 dignum
2617 1705 2824 1774 judico.
2858 1704 3098 1760 Proinde
3126 1705 3487 1776 iurisiurandi
3518 1705 3654 1760 reti-

422 1801 657 1868 σάμενος
685 1797 759 1860 ὡς
781 1798 881 1850 οὐκ
911 1796 977 1850 ἂν
999 1793 1286 1848 ἐπίϐουλον
1331 1794 1354 1845 ὲ
1365 1793 1457 1860 μοὶ
1479 1792 1580 1861 τῆς
1624 1791 1770 1858 ζωῆς
1799 1809 1858 1844 τε
1891 1791 1984 1845 καὶ

2087 1794 2248 1862 giune
2295 1793 2642 1864 interposita,
2697 1807 2749 1851 te
2798 1796 2922 1851 vita
2975 1807 3032 1851 et
3083 1798 3366 1867 potestati,
3421 1797 3654 1852 maxime

417 1894 519 1959 τῆς
538 1891 715 1958 ἀρχῆς
766 1891 860 1942 καὶ
886 1887 1122 1957 μάλιστα
1177 1886 1274 1954 τῆς
1331 1883 1636 1954 παρθενίας
1685 1885 1981 1953 φρονήσῃς,

414 1982 484 2054 ἢν
528 1980 593 2032 ἐκ
625 1977 746 2030 νέου
803 1977 1077 2046 ἀνεθέμην
1124 1976 1266 2046 Θεῷ,
1318 1974 1565 2043 λάμϐανε
1619 1975 1720 2045 τὴν
1788 1977 1985 2045 ἀρχήν.

415 2072 527 2129 Τοῦ
559 2073 617 2127 δέ
656 2070 709 2140 γ’
753 2071 828 2134 ὡς
883 2070 1057 2123 ἐδόκει
1092 2071 1160 2138 τῇ
1211 2065 1445 2137 βασιλίδι
1497 2065 1836 2138 πράξαντος,
1889 2067 1985 2121 τὸν

419 2165 766 2234 πατριάρχην
811 2161 1122 2216 Ἀνατόλιον
1149 2161 1329 2228 (οὗτος
1365 2159 1470 2227 γὰρ
1504 2159 1642 2229 μετὰ
1687 2158 1986 2213 Φλαϐιανδν

417 2255 705 2324 ἐγεγόνει),
743 2251 1212 2323 μεταστειλαμὲνη
1243 2250 1337 2302 καὶ
1378 2249 1477 2318 τὴν
1513 2247 1817 2318 σύγκλητον
1845 2249 1986 2303 ἄπα-

417 2364 540 2410 σαν,
562 2347 702 2400 κατὰ
722 2346 783 2397 τὸ
803 2344 1094 2414 Ἐεδομον,
1113 2341 1335 2411 βασιλέα
1365 2339 1652 2408 Ῥωμαίων
1671 2339 1834 2402 εὐθὺς
1857 2341 1986 2409 ἁνηυ

416 2441 634 2510 γόρευε.
666 2436 943 2498 Θεοδόσιος
981 2434 1027 2487 δ’
1054 2434 1114 2498 ἐξ
1152 2433 1323 2500 αὐτῆς
1355 2433 1414 2484 ὲν
1467 2433 1534 2502 τῇ
1572 2429 1804 2501 πατρῴᾳ
1841 2429 1982 2502 θήκῃ

418 2531 702 2592 ἑτέθαπτο,
731 2527 950 2581 κατὰτὸ
990 2525 1167 2590 δεξιὸν
1207 2522 1462 2594 ὑπερῷον
1511 2523 1608 2575 τοῦ
1661 2522 1770 2576 τῶν
1820 2521 1986 2577 Ἀπο-

418 2625 620 2679 στόλων
660 2621 828 2692 σηκοῦ
856 2622 912 2672 ὲν
943 2618 1073 2685 λίθῳ
1112 2617 1393 2685 Ῥωμαίῳ,
1430 2609 1475 2684 ᾧ
1511 2615 1715 2685 δηλαδὴ
1743 2614 1979 2686 ὑπερῴῳ

415 2715 493 2784 τῷ
527 2714 626 2786 ῐσῳ
653 2714 786 2782 λίθῳ
824 2711 919 2766 καὶ
953 2711 982 2764 6
1013 2709 1198 2779 πατὴρ
1258 2709 1568 2779 Ἀρκάδιος,
1597 2708 1689 2761 καὶ
1717 2709 1749 2778 ἡ
1804 2709 1985 2778 μήτηρ

417 2805 661 2870 Εὐδοξία,
686 2803 781 2855 καὶ
830 2804 858 2855 6
888 2801 1110 2862 πάππος
1157 2798 1324 2852 αὐτοῦ
1352 2799 1630 2862 Θεοδόσιος
1692 2800 1986 2867 κατετέθη.

418 2916 538 2951 σαν.
585 2897 674 2948 Ἐν
696 2895 751 2947 δὲ
776 2892 854 2962 τῷ
882 2891 1215 2962 καταντικρὺ
1264 2890 1359 2942 καὶ
1407 2889 1690 2962 ἀριστερῷ
1748 2887 1984 2960 ὑπερῴῳ

418 2989 515 3042 τοῦ
576 2987 722 3040 θείου
772 2985 1035 3054 τεμένους
1099 2981 1388 3045 Ἰουλιανός
1446 2999 1505 3035 τε
1570 2983 1667 3036 καὶ
1723 2980 1983 3046 Ἰοόιανὺς

417 3084 649 3134 κεῖνται.
679 3077 921 3146 Τελευτᾷ
948 3076 1004 3128 δὲ
1033 3076 1062 3128 6
1095 3073 1352 3143 βασιλεὺς
1380 3073 1685 3139 Θεοδόσιος,
1720 3073 1857 3126 ἑτῶν
1883 3089 1981 3142 γε·

418 3171 640 3239 νόμενος
663 3167 780 3228 ἑνὸς
832 3168 924 3219 καὶ
979 3167 1339 3234 πεντήκοντα·
1394 3165 1487 3234 ἀφ’
1517 3159 1592 3220 ὧν
1639 3165 1709 3219 τὰ
1761 3164 1854 3219 δύο
1885 3166 1979 3220 καὶ

419 3261 826 3330 τεσσαράκοντα
857 3257 1223 3311 εὐσεϐέστατα
1271 3255 1460 3328 ἦρξεν,
1509 3258 1636 3328 ὅρον
1695 3257 1978 3328 βασιλείας

416 3352 508 3403 τὸν
537 3349 650 3421 βίον
701 3349 796 3402 καὶ
848 3348 946 3415 τὴν
1007 3349 1182 3418 ἀρχὴν
1229 3349 1490 3417 ἄντικρυς
1544 3349 1972 3414 καταλελοιπώς.

415 3439 663 3507 υεριέχει
685 3438 740 3490 δὲ
769 3438 865 3491 καὶ
898 3442 930 3507 ἡ
955 3438 1207 3506 παροῦσα
1245 3439 1817 3508 τεσσαρεσκαιδεκάτη
1883 3457 1977 3509 μοι

411 3530 521 3580 τῶν
552 3528 805 3596 ἱστοριῶν
837 3528 1036 3600 χρόνον
1079 3528 1217 3580 ὲτῶν
1258 3528 1668 3596 τεσσαράκοντα
1723 3531 1858 3599 πρὸς
1887 3530 1980 3582 δυ-

417 3619 521 3673 σίν·
566 3617 803 3687 ὁπηνίκα
860 3618 1066 3687 κόσμου
1117 3617 1216 3686 μὲν
1247 3615 1366 3679 ἔτος
1393 3616 1581 3688 ,εέξεπ
1625 3617 1733 3671 ἀπὸ
1785 3620 1842 3672 δὲ
1879 3620 1981 3690 τῆς

417 3706 566 3770 θείας
618 3706 710 3761 τοῦ
761 3706 966 3776 Κυρίου
1025 3706 1336 3778 γεννήσεως
1389 3710 1839 3780 τετρακοσιοστὸν
1886 3712 1982 3767 καὶ

415 3799 707 3869 ἑξηκοστὸν
735 3799 1079 3869 ἐπεραίνετο.

487 4046 894 4122 (t)Secundum
936 4048 1242 4109 neotericos
1268 4047 1434 4106 4451.

2087 1895 2269 1941 autem
2293 1877 2606 1956 ivirginitati
2644 1903 2800 1948 mete,
2834 1903 2996 1957 quam
3027 1904 3058 1942 a
3087 1890 3264 1959 prima
3315 1890 3652 1945 adolesentia

2088 1975 2200 2028 Deo
2226 1979 2567 2043 consecravi,
2593 1995 2701 2032 non
2733 1979 3126 2034 insidiaturum
3169 1997 3312 2048 esse,
3362 1981 3653 2051 imperium

2088 2064 2266 2136 ipsum
2306 2083 2462 2138 cape.
2493 2067 2784 2139 Postquam
2827 2071 2918 2125 ille
2963 2074 3110 2140 quod
3155 2072 3398 2142 Augusta
3439 2071 3660 2126 volebat

2092 2161 2324 2231 peregit,
2361 2163 2678 2233 patriarcha
2707 2164 2986 2228 Anatolio,
3011 2165 3106 2235 qui
3144 2165 3403 2220 Flaviano
3435 2179 3657 2220 succes-

2087 2262 2258 2316 serat,
2285 2262 2343 2307 et
2371 2255 2632 2309 universo
2655 2263 2848 2310 senatu
2877 2257 3194 2311 convocatis
3224 2256 3292 2310 ad
3325 2256 3652 2325 Septimum,

2086 2341 2270 2394 statim
2307 2357 2433 2396 eum
2483 2343 2874 2412 imperatorem
2908 2346 3140 2400 creavit.
3172 2344 3516 2402 Theodosius
3549 2359 3654 2401 au-

2088 2439 2196 2486 tem
2233 2443 2424 2503 postea
2468 2450 2594 2489 mox
2642 2437 2694 2490 in
2745 2445 2976 2506 paterno
3010 2447 3366 2492 monumento
3418 2436 3654 2492 Romani

2086 2525 2286 2594 lapidis
2315 2529 2592 2598 repositus
2629 2539 2734 2593 est,
2765 2530 2819 2584 in
2849 2531 3039 2585 dextra
3073 2531 3292 2586 sublimi
3333 2544 3651 2589 sanctorum

2084 2618 2474 2688 Apostolorum
2513 2621 2702 2691 templi
2752 2621 2961 2690 porticu
2993 2639 3006 2676 :
3046 2622 3237 2692 inqua
3286 2624 3525 2693 porticu,
3557 2641 3652 2680 eo-

2085 2709 2323 2780 demque
2358 2711 2560 2782 lapide,
2605 2722 2762 2782 pater
2791 2693 3012 2783 quoque
3049 2715 3341 2777 Arcadius,
3387 2726 3443 2771 et
3477 2726 3651 2773 mater

2085 2802 2354 2869 Eudoxia,
2407 2819 2622 2858 necnon
2669 2821 2806 2859 avus
2850 2805 3196 2862 Theodosius
3245 2807 3334 2862 siti
3385 2822 3532 2863 sunt.
3590 2810 3649 2868 lu

2086 2891 2309 2948 sinistra
2355 2903 2564 2957 autem,
2591 2910 2713 2964 qua:
2755 2911 2821 2950 ex
2867 2897 3098 2952 adverso
3126 2908 3208 2952 est
3246 2901 3461 2968 porticu
3509 2905 3651 2956 sacri

2085 2984 2204 3054 ejus
2233 2984 2444 3052 templi,
2465 2984 2721 3040 Julianus
2757 2997 2814 3042 et
2840 2988 3166 3042 Jovinianus
3211 2991 3377 3058 jacet.
3409 2991 3655 3048 Mortuus

2086 3081 2171 3127 est
2199 3073 2496 3143 imperator
2533 3076 2881 3134 Theodosius
2931 3095 3106 3135 annos
3153 3081 3548 3152 quinquaginta
3600 3095 3656 3138 et

2089 3177 2256 3216 unum
2288 3173 2451 3220 natus
2481 3182 2494 3218 :
2534 3181 2601 3220 ex
2632 3167 2834 3237 quibus
2884 3170 3244 3240 quadraginta
3271 3181 3326 3224 ct
3354 3173 3492 3226 duos
3540 3189 3648 3224 ma.

2085 3253 2228 3308 xima
2261 3269 2387 3309 cum
2424 3257 2626 3326 pietate
2682 3259 2994 3330 imperavit,
3030 3262 3104 3316 ita
3156 3270 3217 3315 ut
3254 3264 3414 3316 vitam
3461 3264 3576 3332 ipse
3601 3275 3656 3318 et

2082 3347 2392 3413 posteritati
2411 3349 2942 3405 administrationem
2969 3367 3124 3407 suam
3155 3363 3414 3424 tanquam
3437 3357 3652 3425 imperii

2084 3436 2316 3492 formam
2351 3440 2657 3508 reliquerit.
2681 3442 3078 3512 Contplectitur
3123 3447 3368 3500 decimus
3425 3461 3655 3515 quartus

2083 3526 2186 3581 iste
2214 3528 2354 3582 liber
2387 3545 2562 3584 annos
2595 3532 2957 3602 quadraginta
3005 3536 3168 3601 duos,
3190 3551 3313 3590 cum
3369 3551 3400 3590 a
3448 3539 3654 3592 mundo

2087 3616 2312 3670 condito
2349 3619 2647 3688 quinquies
2681 3621 3003 3677 millesimus
3029 3624 3538 3694 noningentesimus
3567 3640 3652 3678 sev

2085 3709 2392 3776 xagesimus
2418 3710 2644 3779 quintus
2670 3710 2769 3782 (l),
2788 3726 2817 3764 a
2842 3711 3026 3766 divina
3055 3723 3240 3767 autem
3265 3713 3480 3768 Domini
3513 3713 3652 3767 nati-

2084 3798 2255 3854 vitate
2287 3803 2862 3883 quadringentesimus
2894 3815 2952 3863 et
2989 3807 3362 3878 sexagesimus
3394 3816 3649 3880 ageretur

2085 3908 2286 3952 annus.
