1894 3070
203 147 237 179 47

805 146 1017 179 NiCEPllORl
1038 145 1211 179 CALIJSTI

1794 149 1835 182 48

203 214 284 234 mur:
300 205 332 233 de
351 209 376 232 te
391 210 481 232 autem
495 203 629 238 dolemus,
648 205 716 232 tanti
731 205 781 232 viri
800 205 908 232 silentio
922 213 951 231 ca

1086 213 1114 231 »οι
1134 205 1184 240 τὴν
1199 205 1305 239 σιωπὴν
1319 204 1415 240 ἀνδρὸς
1431 206 1558 232 τοσούτου
1576 203 1661 242 ἧτταν
1689 205 1768 240 ἡμῶν
1790 204 1834 232 εἷ-

202 260 260 279 ειιιη
289 255 409 278 nostram
437 250 560 277 damnari
586 251 785 278 existimantes.
811 250 982 285 Quapropter

203 302 240 327 te.
253 297 298 331 qui
316 296 386 324 nosti
401 297 528 331 prudenti
543 297 600 322 viro
618 296 729 322 minime
746 296 867 322 omnium
883 302 983 322 conve-

203 343 273 374 nire,
299 348 328 369 ut.
350 343 441 370 aliena
463 346 489 369 et
517 341 634 368 absurda
663 341 764 368 sentiat
787 342 984 375 veritatemque

202 388 333 420 obtieeat,
353 388 459 419 hortor,
478 392 507 414 ut
524 387 623 421 spiritu
643 391 762 414 mentem
779 391 852 414 tuam
869 387 902 413 ad
917 387 984 413 scri-

203 435 322 461 bendum
344 433 560 468 redintegraule,
581 434 701 460 scribere
719 433 828 460 tandem
851 433 886 460 de
903 434 985 460 rebus

203 479 237 506 iis
252 478 367 513 incipias
388 486 448 511 qum
463 484 489 504 et
509 477 556 504 tibi
573 482 600 504 et
616 476 789 504 auditoribus
807 476 905 504 futurae
920 481 984 504 sunt

203 525 300 552 utiles:
328 524 481 558 praecipue,
500 522 522 549 si
547 527 730 550 consentanea
753 522 919 556 Scriptum,
939 530 984 549 ve-

202 570 289 604 stigiis
311 569 457 596 verborum
485 573 512 594 et
537 569 733 595 sententiarum
760 568 819 603 ejus
843 567 983 600 insistens,

201 616 322 642 scribere
341 615 461 642 auitnnm
480 614 633 641 induxeris.
654 614 749 648 Neque
769 613 843 640 ettitn
866 613 920 640 duo
942 614 984 640 iu-

201 661 291 695 geuita
316 660 487 690 audivimus,
514 666 602 693 neque
625 667 710 685 unum
732 657 760 684 in
783 659 837 685 duo
852 658 980 690 divisum,

201 707 247 734 sed
270 713 357 740 neque
373 711 534 739 corporeum
559 704 623 738 qttid
647 704 816 739 perpessioni
834 703 982 731 obnoxium

200 752 347 779 didicimus
363 756 411 777 aut
428 750 598 777 credidimus
611 769 618 782 ,
633 749 764 776 domine:
782 757 877 776 verum
898 757 982 776 unttm

199 799 309 833 quidem
329 798 479 832 ingenitum
495 805 501 823 :
519 803 603 822 unum
621 803 686 822 vero
701 795 736 822 ab
753 795 813 830 ipso
829 803 909 827 vere,
928 804 982 823 non

200 850 291 871 autem
309 852 342 870 ex
363 842 516 870 subsutmia
531 843 590 876 ejus
615 841 734 872 factum,
752 849 865 876 prorsus
880 846 984 868 natura:

1036 258 1090 276 ναι.
1107 250 1152 276 Διὸ
1179 250 1333 284 παρακαλῶ
1359 259 1401 283 σε,
1427 251 1517 277 εἰδότα
1543 250 1581 282 ὼς
1597 251 1724 286 ἀπρεπὲς
1745 252 1835 286 ἀνδρὶ

1036 297 1162 332 φρονίμῳ
1175 297 1270 323 ἀλλοῖα
1290 299 1410 332 φρονεῖν,
1436 298 1484 325 καὶ
1502 299 1609 334 σιωπᾷν
1625 299 1742 334 τάληθῆ,
1758 301 1835 326 ἀνα-

1037 341 1203 369 σκευάσαντι
1228 342 1266 377 τῷ
1288 341 1424 375 πνεύματι
1454 342 1499 368 τὸν
1533 343 1676 378 λογισμὸν¹
1707 345 1776 380 περὶ
1799 345 1835 370 τδ

1034 387 1152 422 γράφειν
1184 388 1269 423 ἄρχου
1297 388 1501 420 λυσιτελοῦντος
1538 390 1586 415 καὶ
1617 391 1659 416 σοὶ
1691 391 1738 416 καὶ
1768 391 1837 422 τοῖς

1036 433 1167 459 ἀκούουσι
1183 442 1230 460 σου
1245 441 1252 449 ·
1278 434 1388 468 μάλισθ’
1408 435 1473 461 ὅταν
1501 435 1562 461 κατ’
1584 436 1750 462 ἀκολουθίαν
1779 438 1838 470 τῆς

1035 477 1147 511 Γραφῆς
1167 479 1214 503 καὶ
1229 478 1288 508 τοῖς
1304 478 1391 512 ἴχνεσι
1410 478 1464 504 τῶν
1483 478 1572 512 λόγων
1595 479 1679 513 αὐτῆς
1704 481 1754 506 καὶ
1770 479 1836 505 τῶν

1036 522 1218 557 βουλημόιτων
1233 522 1338 554 ἐθέλοις
1353 523 1484 558 γράφειν.
1501 523 1569 550 Οὔτε
1592 524 1646 559 γὰρ
1672 524 1720 551 δύο
1742 525 1836 557 ἀγέν-

1035 576 1103 602 νητοι
1118 568 1290 602 ἀκηκόαμεν,
1313 567 1375 594 οὔτε
1397 568 1425 594 ἓν
1443 570 1481 601 εἰς
1497 569 1544 596 δύο
1566 570 1745 605 διῃρημένον,
1764 571 1836 597 οὐδὲ

1037 614 1194 647 σωματικόν
1213 622 1239 638 τι
1255 613 1390 644 πεπονθὸς
1414 614 1453 649 (ί)
1482 616 1717 650 μεμαθήκαμενῆ
1741 624 1837 642 πεπι-

1036 660 1204 693 στεύκαμεν,
1219 660 1336 686 δέσποτα
1349 668 1355 674 ·
1375 661 1430 686 ἀλλ’
1449 661 1477 687 ἓν
1495 662 1542 695 μὲν
1557 663 1586 688 τὸ
1604 663 1774 697 ἀγέννητον·
1801 663 1836 689 ἓν

1035 703 1062 729 δὲ
1077 704 1105 728 τὸ
1118 703 1163 729 ὑπ’
1179 703 1261 730 αὐτοῦ
1278 703 1385 739 άληθῶς
1398 706 1444 730 καὶ
1458 706 1488 731 ἐκ
1504 705 1553 739 τῆς
1572 706 1665 738 οὐσίας
1680 706 1765 732 αὑτοῦ
1784 715 1837 741 γε.-

1035 749 1123 782 γονδς,
1141 749 1257 775 καθόλου
1273 751 1322 784 τῆς
1339 750 1447 784 φύσεως
1466 751 1514 784 τῆς
1530 750 1680 787 ἁγεννῆτου
1696 754 1834 788 μετέχον,

1034 795 1072 825 ὡς
1086 796 1136 821 οὐκ
1153 795 1186 822 ἂν
1203 795 1235 822 ὲκ
1251 796 1299 829 τῆς
1321 796 1416 828 οὐσίας
1439 797 1535 830 αὐτοῦ,
1551 797 1620 824 ἀλλὰ
1637 799 1751 832 γεγονὸς
1765 800 1836 826 ὁλο-

1037 841 1154 876 σχερῶς,
1170 841 1266 876 ἕτερον
1280 843 1312 876 τῇ
1326 842 1406 875 φύσει
1420 844 1466 869 καὶ
1487 843 1601 878 δυνάμει
1625 845 1694 880 πρὸς
1717 845 1835 871 τελείαν

201 889 315 924 ingeniti
334 896 386 915 non
405 887 542 922 particeps
559 896 565 915 :
586 894 674 921 neque
691 887 763 921 quod
780 894 813 913 ex
831 887 949 913 substam

1085 887 1184 922 ιιότητα
1201 887 1349 919 διαθέσεώς
1363 897 1393 914 τε
1413 889 1461 914 καὶ
1482 888 1623 923 δυνάμεως
1640 890 1688 916 τοῦ
1707 899 1833 925 πεποιη-

201 936 260 970 ejns
283 935 335 968 sit,
353 935 400 962 sed
416 934 517 961 factum
534 933 615 968 plane
633 933 679 964 sit,
698 932 771 959 aliud
787 936 884 959 natura
901 937 985 967 atque

199 981 302 1008 virtute
313 1001 319 1012 ,
341 981 374 1007 ad
391 980 541 1015 perfectam
558 978 767 1006 similitudinem
785 978 941 1005 aﬂ‘ectionis
956 983 985 1005 et

200 1027 310 1054 virtutis
332 1025 446 1052 factoris
468 1025 555 1059 ipsius
576 1024 690 1051 factum.
708 1024 793 1058 Cujus
817 1024 982 1058 principium

202 1080 257 1100 non
276 1072 358 1099 verbo
376 1075 481 1097 tantum
497 1069 694 1101 inenarrabile,
711 1069 758 1097 sed
774 1077 863 1104 neque
881 1073 983 1101 mente,

200 1127 254 1146 non
276 1119 336 1146 dico
358 1109 515 1149 hominum,
532 1115 580 1143 sed
602 1123 715 1147 eorum,
736 1123 796 1149 qua:
822 1123 905 1149 supra
932 1115 984 1141 ho-

200 1165 288 1191 mines
303 1169 384 1194 sunt,
402 1163 537 1193 omnium,
553 1161 799 1196 comprehensibile
816 1166 878 1187 esse
894 1159 984 1187 credi-

200 1219 269 1238 mus.
294 1210 466 1243 Proindeque
491 1217 546 1235 non
562 1208 664 1235 nostris
689 1207 812 1242 ipsorum
830 1206 984 1233 rationibus

199 1257 277 1289 freti,
297 1256 344 1283 sed
358 1262 443 1282 sacrae
468 1253 620 1287 Scriptum
648 1251 861 1279 auctoritatibus
880 1250 983 1282 edocti,

200 1302 330 1334 dicimus,
354 1300 494 1327 conditum
519 1305 579 1325 esse
602 1303 630 1325 et
650 1297 792 1324 fundatum
813 1301 841 1324 et
861 1297 982 1331 genitum

199 1346 361 1378 substantia,
382 1345 461 1380 553
477 1349 504 1372 et
525 1343 688 1370 immutabili
704 1347 786 1377 atque
805 1342 982 1369 inenarrabili

200 1398 294 1420 natura
317 1396 344 1418 et
366 1389 545 1419 similitudine
568 1389 602 1415 ad
625 1388 756 1415 factorem
775 1388 883 1422 ipsum,
900 1387 982 1415 sicuti

200 1439 258 1473 ipse
279 1438 346 1464 dicit
362 1436 512 1462 Dominus:
531 1433 599 1460 Deus
615 1433 711 1459 creavit
728 1441 767 1459 me
787 1433 814 1458 in
833 1433 908 1458 initio
925 1432 984 1458 via-

200 1492 259 1510 rum
275 1484 341 1517 ejus,
360 1486 421 1508 ante
435 1488 523 1507 omnes
536 1479 614 1506 colles
632 1479 715 1513 gignit
730 1486 770 1504 me
787 1478 808 1504 ’.
823 1477 852 1504 Si
868 1485 934 1504 vero
949 1485 983 1505 ex

200 1531 269 1564 ipso.
286 1529 336 1554 hoc
353 1531 410 1559 est,
432 1526 465 1553 ab
482 1526 541 1560 ipso
557 1530 630 1557 erat,
648 1532 697 1551 ceu
716 1531 780 1558 pars
797 1524 867 1558 ejus,
884 1529 931 1551 aut
948 1531 981 1551 ex

1036 932 1116 964 κότος
1131 933 1289 967 γενόμενον.
1306 931 1343 960 Ob
1355 934 1403 969 τὴν
1420 934 1506 970 ἀρχὴν
1521 935 1550 960 οὐ
1564 935 1636 970 λόγῳ
1653 935 1734 970 μόνον
1748 937 1835 972 ἀδιή-

1035 985 1130 1012 γητον,
1147 978 1215 1004 ἀλλὰ
1232 978 1279 1004 καὶ
1299 978 1399 1014 ἐννοίᾳ,
1421 979 1472 1005 οὐκ
1494 980 1630 1014 ἀνθρώπῳ
1642 981 1734 1014 μόνον,
1755 982 1834 1007 ἀλλὰ

1035 1024 1080 1050 καὶ
1097 1023 1152 1050 τῶν
1169 1023 1241 1059 ὑπὲρ
1264 1023 1436 1058 ἀνθρώπους,
1460 1026 1569 1052 πάντων
1593 1023 1662 1052 εἶναι
1681 1026 1833 1062 ἀκατάλη-

1036 1078 1102 1096 πτον
1129 1070 1356 1104 πεπιστεύκαμεν
1370 1078 1377 1085 ⁸
1394 1071 1440 1096 καὶ
1462 1071 1567 1103 ταῦτα,
1589 1072 1649 1107 οὐχὶ
1674 1072 1834 1107 λογισμοὺς

1034 1115 1143 1142 ἑαυτῶν
1161 1115 1364 1150 ὑποτιθέμενοι,
1387 1117 1446 1143 ἀλλ’
1465 1117 1517 1143 ἀπὸ
1534 1119 1583 1152 τῆς
1602 1117 1681 1151 ἁγίας
1709 1118 1833 1153 Γραφῆς

1037 1160 1240 1196 μεμαθηκότες,
1255 1160 1373 1195 λέγομεν
1394 1162 1503 1188 κτιστὸν
1524 1160 1606 1194 εἶναι,
1631 1162 1677 1188 καὶ
1693 1162 1834 1194 θεμελιω-

1035 1204 1091 1235 τὸν,
1109 1204 1155 1230 καὶ
1167 1204 1298 1238 γεννητὸν
1312 1205 1345 1239 τῇ
1363 1205 1455 1240 οὐσίᾳ,
1470 1207 1516 1232 καὶ
1532 1208 1565 1241 τῇ
1589 1207 1765 1240 ἀναλλοιώτῳ
1779 1209 1832 1234 καὶ

1034 1250 1148 1285 ἀρρήτῳ
1167 1252 1246 1283 φύσει
1269 1251 1316 1276 καὶ
1342 1252 1375 1286 τῇ
1391 1251 1534 1286 ὁμοιότητι
1553 1252 1620 1287 πρὸς
1643 1252 1688 1279 τὸν
1707 1261 1832 1288 stemm-

1035 1297 1100 1322 κότα
1126 1296 1340 1331 μεμαθήκαμεν,
1369 1298 1406 1328 ὡς
1433 1298 1511 1329 αὐτὸς
1541 1300 1554 1324 ὁ
1582 1299 1683 1333 Κύριός
1711 1309 1799 1334 φησιν
1822 1309 1829 1315 -

1040 1343 1070 1368 ‘0
1093 1343 1165 1375 Θεὸς
1181 1342 1286 1369 ἕκτισέ
1300 1351 1338 1377 με
1355 1343 1454 1378 ἀρχὴν
1475 1344 1552 1371 ὁδῶν
1567 1345 1661 1372 αὑτοῦ
1675 1354 1681 1361 ·
1704 1347 1763 1380 πρὸ
1792 1348 1832 1373 δὲ

1032 1386 1155 1413 πάντων
1165 1387 1289 1418 βουνῶν
1305 1388 1398 1422 γεννᾷ
1411 1398 1461 1424 με.
1492 1390 1523 1416 Εἰ
1549 1391 1577 1417 δὲ
1592 1391 1621 1423 ἐξ
1637 1392 1730 1424 αὐτοῦ,
1745 1393 1829 1418 τοῦτ’

1033 1432 1117 1465 ἔστιν,
1133 1433 1181 1458 ἀπ’
1198 1433 1282 1459 αὐτοῦ
1299 1431 1343 1468 ἦν,
1359 1434 1396 1465 ὡς
1412 1435 1445 1461 ἂν
1463 1436 1544 1470 μέρος
1564 1436 1645 1462 αὐτοῦ
1659 1437 1675 1472 ἢ
1692 1436 1721 1468 ἐξ
1735 1438 1831 1473 ἀπορ-

1034 1477 1110 1512 ῥοίας
1124 1478 1174 1511 τῆς
1191 1477 1297 1510 οὐσίας,
1313 1478 1362 1504 οὐκ
1374 1479 1406 1504 ἂν
1422 1478 1463 1505 ἔτι
1482 1479 1599 1512 κτιστὺν,
1612 1480 1672 1506 οὐδὲ
1688 1480 1830 1515 θεμελίω-

1035 1524 1080 1550 τὺν
1099 1521 1169 1550 εἶναι
1184 1523 1305 1558 ἐλέγετο·
1323 1525 1384 1551 οὐδὲ
1404 1525 1486 1557 αὐτὸς
1506 1526 1624 1560 ἀγνοετ;,
1642 1526 1733 1562 κύριε,
1751 1527 1828 1563 ἀλη-

200 1560 310 1602 deiluxu
325 1573 496 1603 substantiae,
516 1579 569 1598 non
583 1571 637 1605 jam
655 1575 765 1597 creatus
781 1578 871 1604 neque
885 1569 948 1597 {und

1078 1577 1099 1601 ς·
1112 1570 1141 1596 τὸ
1157 1570 1212 1604 γὰρ
1226 1570 1258 1596 ἐκ
1274 1569 1322 1596 τοῦ
1340 1571 1491 1605 ἀγεννήτου
1514 1572 1638 1607 ὑπάρχον
1654 1560 1765 1600 κτιστὺν
1782 1560 1826 1600 ἔτι

201 1627 245 1648 tus
259 1627 320 1648 εδει)
337 1619 495 1645 d'ceretur:
515 1616 541 1643 id
558 1616 629 1650 qttod
644 1616 701 1650 ipse
715 1623 839 1650 quoque,
861 1615 981 1648 domine,

201 1666 324 1701 profecto
360 1671 415 1691 non
445 1664 564 1698 ignoras.
599 1662 675 1695 Quod
703 1662 775 1688 enim
800 1669 834 1689 ex
862 1662 984 1696 ingenito

201 1712 328 1741 exsistat,
349 1709 490 1736 conditum
504 1709 559 1743 jam
578 1707 612 1733 ab
631 1707 694 1739 alio,
711 1707 752 1733 vel
771 1714 786 1734 a
800 1707 904 1741 seipso,
921 1707 983 1733 l'un-

201 1757 330 1784 datumve
349 1763 402 1782 non
418 1755 463 1785 sit,
480 1759 573 1788 utpote
591 1753 624 1779 ab
646 1752 725 1779 initio
744 1752 895 1786 ingenitqu
913 1751 984 1779 exsi-

202 1808 286 1830 steus.
313 1802 340 1829 Si
357 1810 420 1828 vero
442 1801 562 1836 genitum
578 1799 603 1826 id
627 1807 686 1826 esse
702 1799 827 1831 dicatur,
853 1798 982 1825 indiciuut

204 1849 339 1884 quoddam
363 1847 397 1875 de
419 1855 448 1874 se
471 1847 599 1881 priebeat,
619 1845 701 1872 veluti
723 1852 755 1871 ex
782 1850 895 1879 paterna
919 1844 985 1871 sub-

201 1895 301 1922 stantia
326 1894 462 1928 genitum,
487 1897 514 1919 et
537 1892 609 1926 quod
631 1890 755 1918 eamdem
781 1890 879 1917 habeat
894 1897 926 1916 ex
949 1897 983 1916 eo

202 1946 348 1972 naturam,
364 1939 467 1966 scimus
484 1938 557 1972 quod
583 1932 638 1964 non
663 1936 697 1963 de
721 1943 754 1963 eo
781 1936 839 1963 solo
860 1936 982 1970 genitum

201 1995 272 2017 esse,
300 1986 459 2020 Scriptura,
486 1991 580 2011 verum
605 1984 687 2010 etiam
711 1982 744 2008 de
769 1981 846 2012 aliis,
875 1981 912 2008 illi
935 1988 984 2016 per

201 2041 292 2060 omnia
314 2037 411 2058 natura
434 2030 632 2062 dissimilibus,
660 2028 792 2063 loquitur.
815 2027 882 2054 Nam
906 2031 934 2054 et
949 2026 984 2054 de

201 2078 362 2106 hominibus
386 2077 452 2103 dicit
468 2077 495 2102 ἐ
519 2075 599 2102 Filios
624 2076 704 2110 genui
731 2080 754 2100 et
776 2073 908 2105 exultavi,
933 2073 983 2107 ipsi

203 2129 291 2151 autem
303 2128 454 2157 spreverunt
468 2130 518 2149 me.
537 2121 579 2154 Et,
595 2121 679 2147 Deum
692 2121 736 2156 qui
751 2121 839 2154 genuit
858 2124 892 2151 te,
910 2119 984 2145 dere-

203 2171 302 2205 liquiin
316 2171 334 2196 '.
354 2170 386 2196 Et
409 2169 435 2195 iu
452 2168 513 2195 aliis
529 2167 595 2202 quid
610 2167 697 2194 dicit?
716 2166 766 2197 Qui
790 2166 880 2200 genuit
896 2169 983 2199 guttus

201 2218 269 2243 roris
282 2218 308 2243 δε
325 2224 378 2242 non
396 2219 522 2242 naturam
535 2221 568 2240 ex
582 2217 679 2239 natura
691 2231 698 2241 ,
723 2211 770 2238 sed
784 2210 931 2245 cujuslibet
945 2210 983 2236 rei

201 2270 262 2298 quae
283 2266 448 2296 generatur.
463 2268 497 2286 ex
519 2258 659 2286 voluntate
682 2257 759 2292 ejus,
779 2256 982 2290 generationem

201 2309 350 2336 deducens.
362 2306 437 2333 Nihil
451 2305 523 2332 enim
536 2308 578 2331 est
588 2311 621 2330 ex
634 2302 787 2329 substantia
802 2302 874 2336 ejus,
887 2309 982 2328 verum

201 2355 293 2382 omnia
306 2354 446 2380 voluntate
461 2351 531 2386 ejus.
543 2358 593 2385 p10
606 2357 634 2376 se
648 2348 787 2382 quodque.
802 2347 892 2382 genita
906 2353 982 2379 sunt,

200 2398 280 2426 sicuti
298 2398 388 2432 genita
411 2399 486 2423 sunt.
505 2396 593 2429 Atque
618 2394 663 2420 ille
681 2392 792 2427 quidem
811 2392 901 2424 Deus,
923 2392 982 2420 hazc

200 2452 265 2471 vero
288 2443 322 2470 ad
345 2441 554 2470 sitmlitudinem
584 2440 645 2475 ejus
669 2438 777 2466 ratione
804 2446 854 2466 sua
882 2438 981 2466 similia

200 2490 303 2520 futura,
317 2493 345 2515 et
359 2492 451 2514 tamen
468 2486 559 2513 omnia
576 2493 610 2512 ex
624 2486 691 2512 Deo.
709 2483 774 2516 Quae
789 2488 816 2511 tu
832 2489 945 2518 accepta
958 2489 986 2511 et

200 2535 338 2562 elaborata
350 2554 357 2565 ,
379 2539 428 2567 pro
448 2539 479 2558 ea
494 2539 554 2566 qua:
571 2530 620 2558 tibi
644 2529 778 2557 divinitus
797 2529 873 2557 adest
889 2530 985 2564 gratia,

201 2580 236 2606 ad
258 2579 400 2605 domiumu
426 2584 516 2604 meum
541 2575 724 2603 Alexandrum
751 2575 903 2609 perscribe.
922 2575 986 2602 Per-

201 2632 311 2652 suasum
328 2624 403 2650 enitn
417 2623 506 2649 habeo
518 2642 524 2653 ,
542 2622 565 2649 si
580 2622 612 2649 ad
635 2622 774 2649 hominem
790 2622 943 2656 scripseris.
961 2627 986 2649 te

203 2678 267 2698 eum
284 2675 474 2705 permoturum
488 2676 559 2696 esse.
576 2669 667 2696 Saluta
691 2675 786 2695 omnes
811 2667 838 2694 ln
861 2668 987 2694 Domino.

201 2719 341 2747 Valentem
356 2723 398 2751 te,
413 2723 440 2744 et
453 2725 507 2752 _pro
531 2717 611 2744 nobis
627 2721 751 2744 orantem
765 2736 772 2748 ,
788 2715 880 2742 divina
895 2717 981 2750 gratia

237 2790 245 2805 ¹
265 2789 343 2816 Prov.
361 2796 421 2821 vm,
437 2788 481 2816 2‘2.
519 2790 529 2804 '
547 2788 598 2814 lsa.
616 2796 633 2820 ι⁷
646 2787 674 2813 9..
714 2787 724 2802 ³
741 2786 822 2813 Deut.
840 2794 924 2818 χχιιι,
945 2787 984 2813 18.

236 2850 275 2885 (t)
289 2849 344 2876 lloc
357 2854 407 2883 est,
426 2848 646 2880 diminutimtem,
663 2846 878 2874 deercmentum.

1034 1615 1079 1650 ὑφ’
1105 1617 1199 1652 ἑτέρου
1222 1616 1238 1651 ὴ
1269 1617 1364 1649 αὐτοῦ,
1385 1617 1401 1652 ἢ
1425 1617 1596 1652 θεμελιωτὸν,
1627 1620 1676 1646 οὐκ
1705 1621 1739 1647 ἂν
1765 1623 1826 1656 εἴη,

1034 1661 1154 1696 ὲξαρχῆς
1169 1662 1317 1696 ἀγέννητον
1334 1663 1467 1697 ὑπάρχον.
1485 1664 1515 1690 Ει
1537 1664 1565 1690 δὲ
1581 1665 1609 1690 τὸ
1628 1667 1759 1701 γεννητὸν
1772 1668 1811 1693 αὑ
1822 1683 1830 1687 -

1033 1708 1081 1734 τοῦ
1096 1709 1225 1742 λέγεσθαι
1239 1709 1380 1743 ηὐπόφασίν
1394 1710 1433 1744 (2)
1452 1719 1515 1737 τινα
1534 1712 1660 1746 παρέχει,
1684 1713 1720 1743 ὼς
1744 1713 1778 1739 ἂν
1794 1715 1830 1741 ὲκ

1034 1755 1083 1788 τῆς
1099 1755 1192 1786 οὐσίας
1207 1755 1257 1790 τῆς
1273 1756 1409 1791 πατρικῆς
1429 1756 1510 1783 αὐτὸν
1527 1759 1668 1791 γεγονότι,
1686 1759 1733 1784 καὶ
1747 1759 1828 1794 ἔχειν

1035 1799 1066 1824 ὲκ
1077 1799 1172 1825 τούτου
1188 1799 1238 1834 τῆς
1255 1801 1364 1833 φύσεως
1386 1800 1434 1836 τὴν
1458 1802 1624 1837 ταυτότητα,
1645 1803 1828 1839 γινώσκομεν

1034 1844 1071 1875 ὡς
1085 1845 1115 1870 οὺ
1132 1845 1197 1879 περὶ
1213 1845 1295 1872 αὐτοῦ
1319 1846 1402 1880 μόνου
1417 1847 1447 1873 τὸ
1465 1848 1596 1882 γεννητὸν
1619 1848 1689 1876 εἷναί
1702 1858 1788 1884 φησιν
1810 1853 1827 1886 ἡ

1034 1890 1139 1925 Γραφὴ,
1170 1890 1238 1917 ἀλλὰ
1266 1892 1313 1918 καὶ
1336 1892 1382 1918 ἐπὶ
1403 1892 1458 1919 τῶν
1483 1893 1622 1928 ἀνομοίων
1650 1895 1725 1928 αὐτῷ
1749 1899 1828 1922 κατὰ

1034 1935 1122 1962 πάντα
1137 1937 1169 1970 τῇ
1188 1936 1279 1970 φύσει.
1297 1936 1354 1963 Καὶ
1367 1938 1422 1973 γὰρ
1434 1938 1481 1964 καὶ
1497 1939 1540 1965 ἐπ’
1555 1939 1709 1975 ἀνθρώπων
1725 1945 1827 1976 φησὶν,

1039 1981 1121 2014 Υἰοὺς
1139 1981 1290 2016 ἐγέννησα
1318 1983 1367 2009 καὶ
1394 1983 1504 2017 ὕψωσα
1516 1993 1523 2000 ·
1544 1986 1629 2012 αὐτοὶ
1646 1986 1679 2013 δέ
1691 1995 1730 2021 με
1752 1988 1826 2021 ἠθέ-

1033 2034 1144 2060 τησαν-θ
1154 2027 1211 2059 καὶ,
1223 2027 1297 2054 Θεὸν
1304 2029 1357 2055 τὸν
1364 2031 1556 2064 γεννῆσαν-τά
1567 2040 1604 2058 σε
1613 2032 1824 2067 ἐγκατέλιπες.

1034 2074 1090 2100 Καὶ
1105 2075 1134 2100 ὲν
1149 2074 1252 2108 ἑτέροις
1266 2075 1293 2100 τί
1308 2084 1406 2110 mam;
1433 2077 1461 2102 Ὁ
1478 2078 1606 2111 τετοκὼς
1618 2079 1740 2111 βώλους
1752 2081 1826 2114 δρό-

1034 2127 1102 2146 σου·
1120 2120 1150 2146 οὑ
1179 2120 1228 2155 τὴν
1257 2120 1338 2154 φύσιν
1362 2122 1392 2149 ὲκ
1417 2123 1466 2158 τῆς
1492 2124 1600 2158 φύσεως
1628 2125 1825 2161 διηγούμενος,

1034 2166 1102 2192 ἀλλὰ
1116 2167 1166 2200 τὴν
1183 2167 1226 2200 ἐφ’
1240 2167 1349 2203 ἑκάστῳ
1362 2168 1417 2194 τῶν
1434 2170 1588 2203 γενομένων
1610 2172 1642 2197 ἐκ
1656 2171 1704 2197 τοῦ
1720 2172 1827 2209 βουλὴ-

1002 2224 1022 2250 D
1037 2219 1120 2245 ματος
1135 2210 1218 2237 αὑτοῦ
1233 2212 1340 2245 γένεσιν
1357 2221 1365 2229 ·
1380 2213 1442 2240 οὐδὲ
1454 2215 1507 2249 γάρ
1519 2215 1592 2242 ἐστιν
1609 2216 1640 2242 ὲκ
1661 2217 1711 2251 τῆς
1724 2218 1827 2251 οὐσίας

1037 2255 1130 2281 αὐτοῦ’
1150 2256 1237 2282 πάντα
1258 2257 1286 2283 δὲ
1309 2257 1461 2293 βουλήματι
1483 2259 1566 2286 αὐτοῦ
1583 2261 1728 2296 γενόμενα,
1752 2263 1827 2290 ἐκα-

1037 2309 1100 2328 στον
1112 2301 1150 2332 ὡς
1164 2301 1212 2328 καὶ
1234 2303 1342 2336 ἐγένετο
1356 2311 1363 2320 ’
1379 2306 1393 2331 ὁ
1411 2305 1462 2339 μὲν
1478 2306 1532 2340 γὰρ
1556 2307 1634 2338 Θεὸς,
1651 2307 1686 2333 τὰ
1701 2307 1729 2334 δὲ
1752 2310 1826 2344 πρὸς

1035 2347 1184 2382 ὁμοιότητα
1202 2348 1285 2374 αὐτοῦ
1305 2349 1376 2384 λόγῳ
1389 2350 1470 2384 ὅμοια
1490 2352 1608 2386 ἐσόμενα
1621 2361 1628 2367 ·
1641 2353 1730 2379 πάντα
1747 2354 1776 2380 δὲ
1792 2358 1827 2382 ἐκ

1034 2392 1083 2419 τοῦ
1097 2393 1176 2421 Θεοῦ.
1193 2393 1282 2430 "Amp
1307 2395 1398 2422 λαϐὼν
1422 2396 1470 2423 καὶ
1491 2396 1712 2433 ἐξεργασάμενος
1724 2419 1731 2431 ,
1749 2402 1826 2428 κατά

1034 2440 1084 2474 τὴν
1101 2440 1256 2474 προσοῦσάν
1270 2450 1310 2467 σοι
1323 2441 1416 2468 θεόθεν
1430 2445 1520 2478 χάριν,
1534 2444 1638 2478 γράψαι
1650 2446 1688 2480 τῷ
1700 2446 1826 2485 δεσπότῃ

1035 2494 1087 2520 μου
1106 2485 1275 2521 Ἀλεξάνδρῳ
1288 2487 1448 2515 σπούδασον,
1470 2490 1644 2517 Πεπίστευκα
1655 2492 1709 2527 γὰρ
1727 2491 1765 2523 ὡς
1776 2512 1784 2523 ,
1799 2495 1826 2520 ει

1034 2531 1149 2566 γράψεις
1170 2533 1257 2568 αὐτῷ,
1278 2533 1416 2568 ἐντρέψεις
1439 2535 1531 2562 αὐτόν.
1557 2536 1665 2566 Πάντας
1687 2538 1825 2572 πρόσειπε

1034 2578 1096 2608 τοὺς
1124 2578 1152 2604 ὲν
1171 2579 1274 2614 Κυρίῳ,
1311 2579 1484 2614 Ἑῤῥωμὲνον
1510 2589 1552 2612 σε,
1578 2583 1625 2608 καὶ
1647 2583 1718 2618 ὑπὲρ
1743 2585 1825 2619 ἡμῶν

1035 2623 1207 2657 εὐχόμενον.
1245 2626 1260 2659 ἡ
1297 2624 1355 2651 θεία
1384 2625 1462 2660 χάρις
1492 2627 1668 2661 διαφυλάττοι
1697 2637 1745 2660 σε,
1776 2630 1824 2656 δέη

1036 2677 1133 2695 σποτα.
1155 2678 1165 2694 ι

1004 2722 1160 2747 conservet,
1176 2718 1296 2746 domine.
1318 2728 1327 2744 ›

1026 2787 1035 2801 ⁸
1053 2787 1102 2814 Job
1120 2795 1231 2820 xxxvnt,
1245 2787 1290 2814 28.

1075 2848 1112 2881 (2)
1130 2847 1180 2873 Alii
1197 2847 1299 2875 habent
1321 2849 1462 2877 ὐπζσισιν.
