1894 3070
205 98 236 118 K7.

204 103 238 127 {-5
812 103 1021 134 NICEPHORI
1044 104 1216 135 CALLISTI

1787 108 1820 139 56

201 155 327 189 exemplo
357 155 622 188 commonefaciam.
654 166 709 185 non
741 159 875 194 ignoratis
906 168 972 188 sane

1037 161 1089 186 τῶν
1107 162 1274 197 ἀποφάσεων
1294 163 1373 198 μέρει
1391 163 1573 196 δαφωνοῦσιν
1586 170 1593 178 ·
1618 164 1641 190 εἰ
1661 164 1708 191 καὶ
1722 167 1755 200 τῇ
1770 167 1820 199 τῆς

201 202 375 235 philosophis
390 202 472 228 etiam
489 202 556 236 ipsis
570 204 604 230 de
619 211 673 231 uno
690 206 819 233 omnibus
834 207 983 235 convenire

202 247 328 281 dogmate
340 268 347 280 .
362 253 390 275 et
408 255 528 283 μενεῖ-ρο
541 249 653 276 eosdem
672 252 703 277 de
724 257 801 284 parte
815 252 906 286 aliqua
921 260 984 280 scn-

202 293 350 320 tentiarum
366 298 413 320 aut
428 293 552 320 brevium
580 295 715 322 dictorum
733 296 879 324 dissentire
895 306 902 324 :
919 298 982 325 scd-

199 339 274 366 enim
288 339 370 366 etiam
387 340 409 366 si
426 340 547 367 scientia:
562 341 663 369 virtute
679 342 847 374 discordem.
858 346 982 379 corporis

204 390 293 412 tamen
309 386 410 413 unione
427 387 498 413 inter
513 395 541 414 se
555 389 724 422 conspirant.
740 390 816 422 Quod
836 391 858 417 si
874 391 926 418 hoc
942 393 981 419 sic

199 430 293 461 habet.
311 433 449 465 quomodo
464 441 517 460 non
534 434 620 460 multo
635 435 738 469 justius
753 436 846 468 fuerit.
870 444 928 467 vos.
950 439 997 474 qui

197 477 287 513 gionis
304 478 430 506 instituto
447 481 592 508 unanimes
607 481 679 508 inter
696 490 741 508 vos
755 483 831 510 esse?

236 533 244 549 ι
258 525 357 552 Verum
370 527 637 561 age,deliberatione
651 531 751 564 majore
761 532 981 565 consideremus.

199 575 227 597 et
241 571 407 606 cogitatione
424 574 569 606 prolixiore
589 575 662 609 quod
678 576 780 603 dictum
796 582 839 604 cst
858 579 983 606 animad-

199 622 350 650 vertamus.
366 626 399 644 an
417 623 490 646 recte
506 625 617 655 propter
630 629 730 655 paucas
743 627 771 649 et
787 631 869 651 vanas
884 625 982 652 verbo-

199 671 260 690 rum
279 665 349 691 inter
369 672 418 691 vos
439 667 512 693 rixas
528 667 627 694 fratres
642 668 773 696 fratribus
788 670 980 702 adversentur.

197 713 225 735 et
242 709 380 737 solemnes
402 717 555 740 conventus
576 713 658 748 impia
680 714 851 743 dissensione
868 725 916 750 per
932 725 980 744 vos

197 760 384 789 segregenlur,
401 757 448 792 qui
473 757 507 784 de
533 759 624 793 parvis
647 760 795 788 admodum
820 767 846 789 et
867 763 980 791 minime

197 803 363 830 necessariis
393 804 475 831 rrbus
502 810 596 832 mutua
620 806 797 834 contentione
821 807 977 835 decertatis.

196 845 278 882 558
295 848 423 882 Vulgaria
446 850 503 878 luet:
524 855 600 884 sunt,
619 856 648 878 et
664 850 816 886 puerilibus
841 854 980 882 mentibus

196 893 283 926 magis
297 895 498 927 convenientia.
516 904 597 931 quam
611 904 753 925 sacrorum
764 903 791 925 et
802 899 978 933 prudentium

195 941 319 968 virorum
337 942 477 976 sapientia:
494 945 683 978 congruentia.
701 945 870 973 Decedamus
887 952 979 973 nostra

195 991 294 1020 sponte
306 994 320 1013 a
334 987 476 1014 diabolieis
489 988 698 1016 tentationibus.
711 990 824 1025 Magnus
837 991 896 1026 ipse
911 992 980 1019 Deus

195 1037 221 1058 υἱ
241 1032 364 1059 Salvator
385 1034 507 1061 omnium
532 1041 653 1062 llOSlI‘UlTI
688 1044 833 1064 commune
851 1037 980 1065 omnibus

196 1078 310 1110 protulit
331 1078 435 1111 lumen,
453 1088 502 1114 per
524 1081 602 1116 cujus
624 1082 836 1116 providentiam,
856 1088 978 1118 emptum

197 1122 249 1149 hoc
271 1123 349 1156 mihi,
368 1124 441 1152 illius
465 1125 547 1159 longe
570 1127 733 1160 potentioris
756 1128 858 1155 famulo
875 1129 924 1163 (l),
944 1130 978 1157 ad

197 1169 277 1196 linem
293 1169 414 1197 debitum
432 1171 582 1204 perducere
596 1173 758 1207 permittite.
771 1179 800 1201 ut
810 1181 859 1208 per
870 1183 918 1202 vos
928 1175 977 1210 (2),

195 1215 268 1242 illius
283 1216 408 1251 populos.
424 1224 484 1244 mea
507 1218 706 1251 admonitione.
722 1220 877 1248 ministerio
891 1226 920 1248 et
933 1230 979 1250 co-

197 1261 360 1290 hortationis
381 1265 568 1297 contentione,
584 1265 617 1292 ad
636 1271 787 1293 conventus
802 1268 978 1295 communio-

195 1314 258 1334 nem
275 1308 414 1335 reducam.
430 1309 476 1336 Est
492 1310 577 1343 enim,
594 1311 825 1346 quemadmodum
841 1313 907 1344 dixi.
924 1323 976 1341 una

195 1354 318 1386 quaedam
336 1354 361 1381 in
378 1355 455 1382 vobis
471 1355 547 1388 fides,
561 1365 613 1383 una
630 1357 749 1385 instituti
765 1361 846 1386 vestri
864 1365 977 1387 senten-

195 1403 244 1430 t'a,
257 1403 284 1425 et
297 1399 365 1434 legis
379 1400 464 1434 ipsius
481 1406 658 1436 praeceptum.
676 1404 803 1430 omnibus
819 1406 876 1431 suis
891 1406 976 1439 parti-

194 1444 246 1471 bus
271 1445 297 1471 in
324 1453 408 1472 unum
435 1446 532 1474 animae
559 1449 728 1481 propositum
755 1454 782 1476 et
809 1451 974 1478 voluntatem

194 1490 286 1517 omnia
304 1491 455 1519 concludit.
473 1492 529 1520 lloc
551 1493 639 1527 ipsum
656 1496 728 1529 quod
747 1496 822 1524 vobis
841 1497 912 1525 inter
929 1506 976 1526 vos
992 1502 1012 1531 α

194 1537 398 1564 contentionem
419 1539 537 1572 peperit.
559 1540 780 1576 quandoquidem
802 1550 856 1570 non
877 1544 910 1570 ad
934 1550 976 1571 to-

194 1582 249 1609 tius
268 1582 334 1617 legis
350 1583 404 1609 vim
420 1584 547 1619 refertur,
565 1593 736 1621 nequaquam
752 1589 823 1622 apud
839 1597 886 1616 vos
903 1591 976 1617 sedi-

195 1628 299 1656 tionem
317 1628 437 1664 aliquam
454 1635 482 1658 et
500 1631 682 1667 secessionem
701 1633 791 1661 faciat.
810 1634 898 1670 Atque
919 1636 975 1664 haec

193 1674 275 1708 dico,
301 1683 356 1703 non
387 1681 416 1703 ut
441 1677 553 1704 omnino
581 1679 768 1707 necessitatem
792 1681 870 1708 vobis
894 1682 973 1710 istam

193 1721 273 1748 valde
296 1722 431 1756 puerilem
454 1727 536 1758 atque
562 1724 710 1758 incautam,
729 1731 775 1752 aut
797 1728 975 1761 qualemcun-

193 1776 246 1802 que
264 1769 371 1795 tandem
385 1770 563 1804 qua’stionem
575 1771 701 1806 sopiendi
719 1772 865 1808 imponam.
883 1775 975 1803 Potest

193 1815 266 1840 enim
278 1821 294 1840 a
306 1814 385 1841 vobis
395 1815 501 1842 sincere
513 1816 673 1844 solemnitas
683 1825 833 1846 conventus
847 1821 972 1853 retineri.

192 1863 221 1886 et
236 1860 393 1886 communio
405 1861 528 1888 omnium
542 1862 657 1893 servari.
677 1864 802 1898 quamvis
815 1866 933 1893 maxime
946 1867 973 1894 in

193 1910 272 1939 parte
289 1906 417 1940 quapiam
435 1906 508 1933 inter
529 1914 578 1934 vos
595 1907 686 1942 aliqua
705 1908 741 1936 sit
759 1908 793 1936 de
814 1917 843 1936 re
860 1910 973 1938 minima

192 1951 338 1978 dissensio.
361 1951 503 1987 Siquidem
521 1961 575 1980 non
594 1954 722 1982 omnibus
739 1956 828 1988 uobis.
848 1956 875 1984 iu
893 1958 974 1985 rebus

189 1999 343 2033 quibusvis.
356 1999 451 2026 eadem
465 2000 593 2027 voluntas
603 2005 655 2033 est.
668 2009 756 2036 neque
772 2010 825 2030 una
839 2003 911 2038 apud
924 2012 974 2032 nos

190 2050 287 2071 natura
308 2049 355 2070 aut
377 2046 512 2072 sententia
529 2046 646 2074 obtinet.
665 2047 758 2080 Itaque
774 2048 808 2075 de
824 2050 973 2083 providen-

190 2089 227 2115 tia
252 2088 345 2115 divina
368 2096 423 2115 una
441 2089 468 2115 in
492 2090 571 2117 vobis
595 2091 631 2117 sit
656 2092 732 2124 lides,
752 2100 805 2120 una
826 2095 972 2127 sententia,

190 2140 262 2160 unus
280 2137 313 2160 de
331 2133 386 2160 Deo
405 2141 566 2161 consensus.
585 2135 620 2161 Ea
639 2144 704 2163 vero
720 2146 782 2171 qum
800 2138 834 2165 de
853 2140 973 2166 minimis

1038 210 1195 245 ἐπιστήμης
1209 210 1293 246 ἀρετῇ
1310 210 1486 244 διαφωνοῦσι,
1502 213 1535 246 τῇ
1556 213 1647 246 μέντοε
1665 212 1712 239 τοῦ
1727 213 1821 248 σώμα-

1037 264 1081 285 τος
1097 255 1193 282 ἑνώσει
1216 256 1297 282 πάλιν
1314 257 1353 287 είς
1369 257 1502 290 ἀλλήλους
1525 259 1721 292 συμπνέουσιν.
1745 261 1774 286 Εἰ
1791 261 1819 286 δὲ

1037 301 1115 328 τοῦτό
1139 302 1208 333 ἐστι,
1224 302 1282 333 πῶς
1306 303 1336 328 οὐ
1365 302 1455 337 πολλῷ
1477 303 1648 338 δικαιότερον
1671 306 1744 339 ὑμᾶς
1771 306 1818 332 τοῦ

1039 348 1158 381 μεγάλου
1176 348 1243 374 Θεοῦ
1268 348 1436 382 θεράποντας
1459 349 1634 380 καθεστῶτας
1654 351 1682 376 ἐν
1705 352 1819 386 τοιαύτῃ

1037 394 1196 428 προαιρέσει
1211 394 1370 428 θρησκείας,
1385 395 1538 429 ὁμοψύχονς
1554 396 1679 429 ἀλλήλοις
1695 395 1779 428 εῖναι;
1808 406 1817 422 ι

1030 440 1120 476 magni
1137 440 1184 468 Dei
1202 440 1320 467 ministri
1340 440 1483 468 constituti
1504 441 1588 473 estis.
1606 442 1632 468 in
1654 447 1735 470 tanta:
1753 444 1812 470 reli-

1072 545 1082 560 ί
1101 534 1330 569 Ἑπιοκεψὼμεθα
1340 535 1367 562 δὲ
1380 535 1502 570 λογισμῷ
1515 536 1629 570 μείζονι,
1651 539 1697 565 καὶ
1712 539 1817 567 πλείονι

1034 579 1142 606 συνέσει
1157 580 1185 605 :t
1209 579 1292 614 ῥηθὲν
1313 580 1523 614 ἐνθυμηθῶμεν,
1541 582 1619 615 εἴπερ
1645 583 1734 618 ὀρθῶς
1758 585 1816 619 ἔχει

1031 625 1065 650 δι’
1080 625 1173 658 ὀλίγας
1187 626 1235 652 καὶ
1249 626 1366 659 ματαίας
1381 627 1511 660 ῥημάτων
1526 627 1555 652 ὲν
1571 628 1636 661 ὑμῖν
1649 629 1817 662 φιλονεικίας

1032 671 1164 704 ἀδελφοὺς
1187 672 1313 705 ἀδελφοῖς
1329 672 1507 704 ἀντικεῖσθαι,
1527 673 1574 699 καὶ
1589 674 1618 699 τὸ
1640 675 1688 709 τῆς
1705 676 1816 703 συνόδου

1031 717 1122 750 τίμιον
1134 717 1229 743 ἀσεϐεῖ
1244 717 1362 752 διχονοίᾳ
1375 718 1538 753 χωρίζεσθαι
1559 719 1593 745 δι’
1606 720 1692 754 ὑμῶν,
1708 722 1733 748 οἳ
1746 722 1816 756 πρὸς

1033 760 1165 794 ἀλλήλους
1177 762 1246 797 ὑπὲρ
1256 763 1363 796 μικρῶν
1374 763 1444 789 οὕτω
1456 764 1501 789 καὶ
1515 764 1649 799 μηδαμῶς
1658 766 1816 799 ἀναγκαίων

1034 806 1221 840 φιλονεικεῖτε.
1237 808 1353 842 Δημώδη
1368 809 1444 835 ταῦτ’
1458 809 1534 835 ἐστί·
1551 811 1598 836 καὶ
1615 811 1754 843 παιδικαῖς
1770 814 1815 838 ὲν-

1031 850 1116 882 νοίαις
1129 852 1299 886 ἁρμόττοντα
1314 854 1413 887 μᾶλλον
1429 855 1444 889 ἢ
1459 856 1491 889 τῇ
1505 855 1559 881 τῶν
1574 856 1670 891 ἱερέων
1684 858 1730 883 καὶ
1749 867 1816 892 φρο-

1031 897 1117 929 νίμων
1145 897 1251 923 συνέσει
1280 898 1384 933 ἀνδρῶν
1413 901 1597 933 προσήκοντα.
1635 901 1815 936 Ἀποστῶμεν

1031 942 1139 973 ἑκόντες
1157 943 1211 969 τῶν
1227 944 1389 970 διαδολικῶν
1408 946 1581 980 πειρασμῶν.
1601 947 1629 973 '0
1645 949 1732 980 μέγα,
1748 949 1816 979 Θείας

1031 989 1080 1014 καὶ
1097 988 1191 1024 Σωτὴρ
1207 989 1285 1024 ήμῶν
1301 991 1411 1017 πάντων
1432 993 1522 1018 κοινὸν
1539 992 1624 1018 ἆπασι
1638 994 1668 1019 τὸ
1686 994 1746 1027 φῶς
1759 995 1817 1027 ἐξέ-

1031 1042 1136 1060 τεινεν*
1155 1035 1197 1068 ἐφ’
1222 1035 1251 1061 οὗ
1272 1037 1304 1071 τῇ
1333 1037 1445 1071 προνοίᾳ
1469 1037 1573 1073 ταύτην
1594 1039 1656 1073 ἐμοὶ
1678 1039 1716 1074 τῷ
1733 1039 1817 1074 θερα-

1031 1080 1117 1113 πευτῇ
1132 1080 1177 1106 τοῦ
1192 1081 1347 1116 κρείττονος
1361 1082 1409 1117 τὴν
1424 1083 1543 1118 σπουδὴν
1554 1085 1594 1115 είς
1605 1086 1680 1116 τέλος
1691 1088 1816 1120 ἐνεγκεῖν

1031 1126 1244 1160 συγχωρήσατε·
1260 1128 1335 1158 ὅπως
1357 1128 1392 1154 δι’
1404 1129 1481 1163 ὑμῶν
1498 1131 1560 1161 τοὺς
1583 1132 1687 1158 ἐκείνου
1709 1133 1816 1168 δήμους

1030 1173 1083 1207 ἐμῇ
1109 1175 1300 1209 προσφωνήσει
1323 1177 1370 1201 καὶ
1383 1176 1522 1212 ὑπηρεσίᾳ
1540 1178 1587 1204 καὶ
1610 1179 1752 1210 νουθεσίας
1775 1182 1815 1206 ἐν-

1031 1218 1125 1245 στάσει
1142 1220 1210 1253 τιρδς
1235 1221 1285 1255 τὴν
1304 1221 1354 1255 τῆς
1377 1223 1485 1249 συνόδου
1513 1224 1656 1250 κοινωνίαν
1674 1225 1815 1259 ἐπαναγά-

1029 1272 1115 1299 γοιμι.
1143 1265 1252 1302 Ἐπειδὴ
1280 1267 1343 1301 γὰρ,
1361 1268 1398 1299 ὡς
1423 1268 1502 1302 ἔφην,
1520 1269 1568 1303 μία
1589 1271 1630 1302 τίς
1647 1272 1706 1309 ἐστι
1722 1273 1814 1303 πίστις

1030 1311 1058 1335 ἐν
1078 1310 1153 1343 ὑμῖν,
1167 1310 1214 1336 καὶ
1240 1311 1289 1345 μία
1307 1312 1354 1346 τῆς
1372 1313 1432 1338 καθ’
1451 1314 1523 1347 ἡμᾶς
1540 1315 1671 1348 αἱρέσεως
1693 1316 1813 1349 σύνεσις,

1029 1356 1059 1381 τό
1072 1364 1102 1381 τε
1118 1356 1166 1382 τοῦ
1181 1357 1266 1390 νόμου
1287 1359 1472 1392 παράγγελμα
1490 1361 1546 1391 τοῖς
1569 1361 1603 1386 δι’
1618 1361 1715 1388 ἑαυτοῦ
1733 1364 1815 1397 μέρε-

1029 1407 1072 1424 σιν
1100 1402 1141 1431 εἰς
1167 1401 1232 1435 μίαν
1255 1401 1344 1436 ψυχῆς
1371 1403 1502 1437 πρόθεσιν
1521 1405 1550 1430 τὸ
1577 1405 1637 1431 ὂλον
1661 1407 1813 1439 συγκλείει,

1029 1445 1108 1471 τοῦτο
1127 1447 1197 1481 ὅπερ
1214 1447 1278 1481 ὑμῖν
1299 1449 1326 1474 ἑν
1349 1448 1474 1483 ἀλλήλοις
1494 1450 1658 1484 φιλονεικίαν
1686 1452 1811 1487 ἤγειρεν,

1030 1489 1125 1524 ἐπειδὴ
1143 1491 1180 1526 μὴ
1192 1491 1260 1526 πρὲς
1272 1493 1322 1527 τὴν
1335 1493 1381 1520 τοῦ
1399 1495 1498 1526 παντὺς
1517 1495 1600 1529 νόμου
1613 1497 1730 1532 δύναμιν
1742 1500 1810 1534 ἀνή-

1029 1543 1081 1566 κει,
1098 1538 1236 1570 χωρισμόν
1258 1546 1318 1564 τινα
1340 1540 1387 1566 καὶ
1414 1541 1508 1567 στάσιν
1534 1542 1562 1567 ἐν
1588 1543 1651 1577 ὑμῖν
1677 1545 1812 1579 μηδαμῶς

1027 1582 1185 1615 ἑμποιείτω.
1213 1584 1267 1610 Καὶ
1294 1584 1365 1618 λέγω
1387 1585 1481 1619 ταῦτα,
1510 1587 1557 1622 οὐχ
1582 1588 1619 1619 ὼς
1646 1589 1814 1623 ἀναγκάζων

1027 1627 1097 1662 ὑμᾶς
1113 1628 1263 1660 ἐξάπαντος
1277 1632 1309 1665 τῇ
1326 1631 1386 1658 λίαν
1402 1632 1495 1667 εὐήθει
1510 1635 1557 1659 καὶ
1573 1635 1717 1670 οἱᾳδήποτέ
1735 1636 1814 1663 ἐστῖι

1026 1675 1117 1710 ἐκείνῃ
1147 1675 1260 1710 ζητήσει
1287 1677 1471 1705 συντίθεσθαι.
1496 1679 1613 1707 Δύναται
1638 1681 1693 1716 γὰρ
1715 1684 1813 1710 καὶτὸ

1025 1721 1076 1754 τῆς
1092 1723 1202 1749 συνόδου
1217 1725 1306 1755 τίμιον
1322 1725 1385 1758 ὑμῖν
1409 1726 1538 1761 ἀκέραιον
1552 1728 1746 1761 φυλάττεσθαι.
1764 1732 1813 1758 καὶ

1026 1769 1042 1803 ἡ
1059 1769 1127 1803 αὑτὴ
1148 1770 1220 1797 κατὰ
1243 1771 1353 1797 πάντων
1373 1773 1499 1798 κοινωνία
1517 1774 1682 1808 τηρεῖσθαι·
1699 1776 1752 1802 xiv
1777 1778 1814 1804 τὰ

1027 1814 1146 1849 μάλιστά
1159 1824 1200 1847 τις
1213 1817 1243 1842 ἐν
1255 1817 1334 1851 μέρει
1348 1818 1415 1851 πρὸς
1432 1818 1563 1853 ἀλλήλους
1583 1821 1653 1854 ὑπὲρ
1667 1822 1813 1856 ἐλαχίστου

1025 1862 1157 1894 διαφωνία
1177 1863 1307 1896 γένηται⁸
1324 1865 1384 1890 ἐπεὶ
1402 1865 1469 1900 μηδὲ
1486 1866 1584 1897 πάντες
1600 1868 1628 1892 ὲν
1644 1868 1712 1894 πᾶσι
1727 1871 1814 1896 ταυτο

1026 1907 1195 1942 βουλόμεθα·
1227 1910 1293 1944 μηδὲ
1313 1911 1361 1944 μία
1382 1919 1420 1941 τις
1445 1911 1474 1937 ἐν
1493 1913 1557 1945 ὑμῖν
1571 1913 1651 1946 φύσις
1674 1914 1689 1948 ἢ
1710 1914 1811 1951 γνώμη

1026 1954 1209 1981 πολιτεύεται.
1227 1956 1295 1990 Περὶ
1314 1957 1362 1989 μὲν
1377 1956 1424 1983 οὖν
1450 1957 1498 1992 τῆς
1514 1958 1589 1989 θείας
1609 1961 1738 1991 προνοίας
1761 1962 1813 1995 μία

1024 2009 1066 2029 τις
1082 2001 1112 2026 ὲν
1126 2002 1190 2034 ὑμῖν
1207 2001 1276 2028 ἔστω
1291 2002 1393 2033 πίστις,
1411 2003 1458 2036 μία
1476 2005 1594 2036 σύνεσις,
1620 2006 1670 2039 μία
1685 2007 1812 2041 συνθήκη

1025 2047 1071 2073 τοῦ
1088 2048 1258 2082 κρείττονος·
1277 2047 1294 2074 ἃ
1319 2048 1346 2074 δὲ
1364 2048 1435 2083 ὑπὲρ
1460 2049 1513 2075 τῶν
1535 2049 1685 2084 ἐλαχίστων
1705 2052 1814 2080 τούτων

1025 2092 1166 2127 ζητήσεων
1178 2094 1206 2119 ἐν
1224 2094 1349 2128 ἀλλήλοις
1365 2088 1601 2129 ἀκριϐολογεῖσθε,
1620 2096 1670 2122 κᾶν
1688 2098 1725 2132 μὴ
1741 2099 1814 2134 πρὸς

1028 2139 1092 2172 μίαν
1120 2139 1233 2174 γνώμην
1259 2141 1447 2176 συμφέρηται,
1476 2144 1566 2176 μένειν
1583 2144 1648 2170 εἴσω
1670 2145 1814 2181 λογισμῶν

190 2181 252 2207 istis
275 2180 475 2214 quaestionibus
500 2180 572 2207 inter
592 2188 642 2208 vos
662 2183 799 2216 exquisite
821 2184 972 2218 inquiritis,

1033 2185 1158 2218 προσήκει
1171 2186 1210 2219 τῷ
1227 2185 1274 2220 τῆς
1291 2186 1410 2218 διανοίας
1423 2189 1571 2224 ἀπορρήτῳ
1583 2192 1758 2227 τηρουμένῳ,
1775 2193 1815 2220 To

189 2227 297 2253 tametsi
320 2226 353 2253 ad
377 2225 502 2253 eamdem
528 2228 692 2254 sententiam
713 2237 766 2256 non
789 2230 972 2263 deducantur,

190 2273 319 2299 convenit
352 2273 424 2299 intra
455 2274 649 2307 cogitationem
685 2276 804 2302 retinete
834 2281 915 2310 atque
946 2279 972 2304 in

190 2319 274 2345 animi
302 2318 493 2352 penetralibus
522 2326 696 2348 conservare.
723 2321 816 2355 Itaque
839 2322 919 2349 facite
945 2328 972 2349 ut

190 2364 330 2390 incﬂabile
356 2365 421 2391 illud
448 2369 475 2391 et
503 2366 672 2400 praecipuum
700 2369 854 2394 communis
877 2369 973 2395 amici.

190 2411 233 2437 tia:
255 2415 283 2437 et
305 2410 448 2438 cbaritatis
467 2417 682 2444 sacramentum.
700 2418 727 2440 ct
745 2414 869 2441 veritatis
894 2415 972 2445 fides.

191 2456 295 2491 Deique
317 2458 426 2489 cultus,
453 2462 481 2485 et
508 2458 649 2493 religionis
674 2464 756 2494 atque
781 2460 848 2495 legis
874 2467 974 2488 nostra:

191 2504 278 2530 honor
296 2503 462 2536 reverentia,
479 2511 608 2532 constans
623 2511 650 2532 et
666 2507 741 2533 ﬁrma
758 2508 831 2542 apud
851 2516 897 2534 vos
913 2516 974 2542 per-

190 2556 329 2577 maneant.
356 2551 472 2578 Reddite
492 2551 525 2579 ad
548 2556 670 2579 mutuam
691 2553 853 2580 cltaritatcm
872 2558 898 2581 et
914 2563 974 2589 gra-

192 2596 266 2626 tiam,
287 2597 391 2624 reddite
416 2598 544 2626 uniierso
572 2599 673 2633 populo
691 2608 756 2626 suos
779 2601 929 2634 amplexus,
946 2607 974 2628 et

190 2651 239 2669 vus
265 2643 317 2677 ipsi
340 2645 425 2673 veluti
453 2645 559 2673 animas
581 2651 687 2673 vestras
709 2647 861 2680 expiantcs,
878 2655 974 2674 rursus

192 2690 260 2717 alter
281 2691 396 2717 alterum
421 2693 572 2726 agnoscite.
596 2691 749 2720 Jucundior
773 2701 889 2728 namque
913 2703 973 2728 per-

191 2743 281 2770 gmpe.
303 2741 364 2764 uost
387 2737 526 2772 depositas
550 2739 725 2771 inimicitias.
752 2740 974 2768 reconciliatione

227 2816 265 2851 (ι)
283 2817 328 2845 Dei
347 2818 461 2847 scilicet.

1027 2230 1118 2264 μέντοι
1132 2231 1180 2265 τῆς
1194 2223 1393 2266 κοινῆβφιλίας
1409 2223 1566 2269 ἀπόρρητόν
1585 2223 1624 2262 τέ’
1636 2223 1681 2262 καῖ.
1701 2223 1816 2272 ἐξαίρε-

1025 2282 1080 2305 τον,
1097 2275 1143 2300 καὶ
1158 2275 1174 2308 ὴ
1191 2275 1239 2310 τῆς
1254 2275 1385 2310 ἀληθείας
1401 2277 1501 2309 πίστις.
1522 2279 1539 2313 ἣ
1555 2287 1584 2304 τε
1607 2281 1669 2314 περὶ
1684 2281 1729 2307 τὸν
1744 2281 1816 2308 Θεὸν

1025 2320 1071 2346 καὶ
1084 2320 1133 2355 τὴν
1159 2321 1207 2347 τοῦ
1229 2321 1312 2355 νόμου
1337 2322 1486 2357 Θρησκείαν
1512 2325 1590 2360 τιμὴ,
1619 2327 1725 2359 μενέτω
1746 2329 1825 2363 παρ’

1025 2366 1089 2400 ὑμῖν
1103 2367 1260 2399 ἀσάλευτος.
1285 2369 1462 2396 Ἐπανέλοετε
1482 2370 1513 2405 δὴ
1539 2372 1606 2406 πρὸς
1624 2372 1673 2407 τὴν
1686 2373 1816 2408 ἀλλήλω-ν

1025 2413 1116 2447 φιλίαν
1128 2423 1157 2440 τε
1173 2415 1218 2440 καὶ
1234 2414 1326 2450 χάριν.
1347 2416 1473 2442 ’Λπὲδοτε
1487 2416 1525 2450 τῷ
1542 2416 1679 2451 σύέλπνντι
1694 2418 1751 2454 λαῴ
1764 2421 1816 2452 τὰς

1026 2461 1129 2493 οἰκείας
1156 2463 1344 2497 περιπλοκάς·
1360 2463 1436 2498 ὑμεῖς
1456 2472 1486 2490 τε
1508 2464 1596 2496 uinci.
1616 2465 1746 2500 καθάπερ
1764 2469 1816 2499 τὰς

1026 2508 1131 2534 ἑαυτῶν
1148 2508 1237 2542 ψυχὰς
1261 2508 1476 2544 ἐκκαθάραντες,
1492 2508 1571 2540 αὖθις
1596 2511 1728 2546 ἀλλήλους
1752 2513 1818 2539 επί-

1025 2563 1123 2587 γνωτε.
1143 2554 1239 2581 Ἡδίων
1253 2555 1308 2589 γὰρ
1324 2556 1451 2586 ’κοιλάδας
1468 2556 1574 2589 γίνεται
1590 2557 1664 2591 φιλία
1679 2558 1750 2592 μετά
1762 2559 1816 2595 τὴν

1025 2599 1073 2629 τῆς
1099 2597 1198 2633 ἔχθρας
1214 2599 1353 2631 ἀπόθεσιν,
1366 2599 1442 2631 αὖθις
1462 2601 1500 2632 εἰς
1528 2602 1702 2637 καταλλαγὴν
1726 2603 1816 2630 ἐπαν-

1026 2645 1151 2670 ελθοῦσα.
1182 2645 1308 2671 Ἀπόδοτε
1332 2645 1378 2672 οὖν
1404 2655 1449 2678 μοι
1473 2647 1594 2681 γαληνὰς
1622 2648 1670 2681 μὲν
1691 2650 1803 2684 ἡμέρας

1027 2691 1125 2722 νέκτας
1141 2692 1168 2717 δὲ
1186 2692 1373 2727 ἀμερίμνους
1391 2691 1434 2718 ἴνα
1457 2693 1542 2726 κάμοί
1565 2702 1606 2725 τις
1628 2695 1709 2729 ἡδονὴ
1727 2696 1814 2722 καθα-

1028 2737 1076 2772 ροῦ
1096 2739 1182 2772 φωτὸς
1201 2739 1248 2764 καὶ
1272 2738 1328 2772 βίου
1348 2738 1443 2764 λοιπὸν
1458 2739 1559 2774 ἥσυχος
1583 2741 1738 2777 εὐφροσύνη
1756 2742 1813 2769 σώ-

1062 2819 1141 2853 10.)“
1160 2824 1211 2851 est,
1228 2824 1316 2846 vestra
1337 2827 1415 2854 pace.
