1894 3070
110 153 135 184 77

548 154 853 186 ECCLESIASTICIE
872 156 1066 188 HISTORIAE
1084 159 1157 190 LIB.
1179 160 1263 191 VIII.

1672 163 1707 194 7S

109 211 148 242 τὴν
163 210 321 244 Ἐκκλησίαν
342 207 486 244 φέρεσθαι.
503 211 558 236 Καὶ
571 211 733 245 πρόκεινται
750 219 781 245 γε
795 212 872 238 nisi:

926 212 971 245 qui
991 221 1102 240 uxorem
1120 223 1260 249 nunquam
1276 215 1409 247 duxisset,
1426 216 1569 249 suadente,
1586 220 1706 253 synodus

108 256 146 281 ul.
156 256 179 281 εἴ
188 264 224 290 τῳ
239 255 314 289 φίλον
329 256 516 290 ὲντυγχάνειν,
535 256 626 290 ῥᾴδιόν
645 256 732 282 ἐστιν.

927 260 1135 293 Comprobavit;
1149 267 1230 295 atque
1243 261 1278 287 de
1300 261 1351 288 hac
1372 270 1411 293 re,
1429 270 1509 297 quam
1528 263 1644 291 arbitrio
1659 272 1707 292 cu-

106 303 199 338 juslibet
214 303 334 338 reliquit,
352 303 418 330 nihil
437 303 537 330 sanxit.
551 303 588 330 De
602 303 664 331 aliis
681 308 784 334 autem.
802 308 833 331 ut
860 304 886 331 ei
906 309 949 331 est
961 306 1062 338 visum,
1082 307 1134 334 rite
1165 312 1246 342 atque
1262 309 1441 344 ordineleges
1458 310 1530 342 tulit,
1547 311 1705 346 adq-uarum

108 352 273 385 przscriptuin
288 351 421 378 convenit
438 359 482 379 res
502 351 706 379 ecclesiasticas
719 351 790 386 geri.
820 350 886 384 Quae
906 359 972 380 sane
989 354 1064 389 leges
1079 356 1227 389 propositae
1243 356 1373 384 omnibus
1402 363 1477 389 sunt,
1493 363 1521 385 et
1536 366 1550 384 a
1564 360 1671 393 quovis,
1686 364 1708 390 τί

108 397 167 428 velit,
181 396 253 423 facile
267 396 319 431 legi
335 401 460 431 possunt.

385 455 511 483 ΚΕΦΑΛ.
533 455 575 483 κ’.

108 501 160 527 Ὀτι
173 501 216 527 καὶ
237 501 375 528 Ἀκέσιον
393 501 446 527 τὸν
461 500 521 527 τῶν
536 500 734 528 Ναυιιτιανῶν
749 501 873 528 sat/tmo-

133 544 184 561 πον
194 537 208 562 ὁ
220 536 370 568 ,βασιλεὺς
379 537 421 568 εἰς
433 535 490 569 τὴν
501 536 637 563 σύνοδον
644 537 871 570 μετεστείλατο.

139 591 164 617 '0
178 590 204 616 δὲ
227 590 356 625 θεοφιλὴς
373 591 513 625 βασιλεὺς,
526 593 577 626 τῆς
592 591 687 625 κοινῆς
709 591 872 626 προμηθού-

109 644 175 671 μενος
189 637 315 670 ὁμονοίας
327 656 334 667 ,
349 637 396 662 καὶ
417 637 540 663 ’Λκέσιον
555 636 601 663 τον
617 637 672 663 τῶν
686 637 870 664 Ναυατιανῶν

105 684 235 709 ἐπίσκοπον
250 685 290 715 εὶς
312 684 363 718 τὴν
392 684 500 711 σύνοδον
527 685 739 719 μετεστέλλετο,
759 685 807 710 καὶ
825 685 871 711 τὸν

105 730 144 763 τῆς
164 729 267 755 συνόέου
293 730 358 763 ὅρον
380 731 446 762 περὶ
473 738 505 756 τε
531 731 578 757 τοῦ
605 730 742 765 δόγματος
758 731 806 756 καὶ
820 730 871 764 τῆς

105 775 184 809 ἑορτῆς
205 775 361 802 ὑπεδεῐκνυ.
387 775 495 810 Ἡρώτα
516 784 546 801 τε
575 777 598 801 εἱ
616 777 662 802 καὶ
679 776 753 810 αὑτῷ
776 776 810 802 τὰ
826 776 871 803 δό-

105 824 175 852 ξαντα
196 822 241 847 καὶ
269 822 329 853 τοῖς
347 822 509 852 ἐπισκόποις
534 821 718 856 βεϐαιωοέντα
745 822 818 848 καλά
838 831 871 856 γε

104 865 260 892 εἶναιδοκεῖ·
279 867 328 892 τὴν
347 867 370 894 δ’
395 867 590 900 ἐπαινέσαντα,
622 867 707 902 μηδέν
729 876 753 894 τι
776 868 869 894 καινὸν
885 877 907 906 Β

103 913 228 946 ὁρὲτασοαι
244 912 344 946 φάναι.
361 912 414 938 Καὶ
428 912 509 939 αὑτὸν
526 913 581 946 γὰρ
597 912 667 939 οὕτω
679 913 783 940 ἄνωθεν
797 913 870 948 εἰλη-

106 959 170 991 φέναι
184 958 212 984 τὸ
229 959 333 992 δόγμα,
351 959 399 985 καὶ
421 959 493 984 οὕτω
510 958 542 993 δὴ
560 959 712 994 ἑορτάζειν.
735 958 764 984 '0
781 959 810 985 δὲ
825 959 872 994 βα-

104 1002 198 1033 σιλεὺς,
223 1002 256 1028 Τί
284 1002 334 1028 οὖν
355 1002 427 1029 οὕτω
443 1002 575 1036 δοξάζων,
591 1003 650 1034 πῶς
670 1004 718 1030 τοῦ
738 1005 787 1031 σὺν
805 1005 871 1039 ἡμῖν

103 1049 221 1073 κοινωνεῖν
248 1047 425 1084 πορρωτέρω
460 1049 540 1084 γινῃ;
572 1049 628 1075 Καὶ
659 1049 688 1080 ὃς
720 1050 771 1084 τὴν
800 1051 871 1076 κατὰ

102 1093 210 1120 Νιιυᾶτον
231 1095 278 1120 καὶ
294 1094 451 1129 Κορνήλιον
465 1095 511 1120 τὸν
531 1094 640 1129 Ῥώμης
653 1095 787 1130 διαφορὰν
806 1095 871 1122 ὑπε-

103 1138 221 1173 μίμνησκε
243 1139 318 1166 κατά
333 1139 429 1166 Δέκιον
442 1146 449 1153 ”
473 1139 571 1174 ὅτιπερ
588 1141 651 1171 τοὺς
676 1141 746 1175 μετὰ
773 1140 805 1167 τδ
822 1140 871 1175 βά-

102 1193 192 1219 πτισμα
219 1185 396 1220 ἁμαρτόντας
416 1185 466 1221 τὴν
479 1186 547 1221 πρὸς
569 1186 684 1213 θάνατον
717 1187 870 1222 ἁμαρτίαν,

104 1233 141 1256 καὶ
162 1231 366 1263 ὲπιθύσαντας,
395 1232 476 1258 θείων
501 1233 661 1268 μυστηρίων
676 1233 794 1268 ἀπηξίου
821 1233 871 1269 τῆς

102 1276 238 1307 κοινωνίας.
267 1275 339 1302 Θεοῦ
369 1275 424 1311 γὰρ
455 1273 526 1302 εἶναι
558 1277 607 1310 τῆς
637 1276 761 1309 ἐξουσίας
791 1276 870 1311 ἔλεγε

106 1322 186 1356 μόνου,
208 1322 256 1348 καὶ
274 1322 328 1357 οὐχ
355 1322 471 1356 ἱερέων,
492 1321 676 1357 πρυτανεύειν
696 1321 804 1352 τούτοις
819 1323 869 1354 τὴν

100 1367 192 1399 ἄξεσιν.
216 1367 246 1394 '0
267 1367 296 1394 δὲ
316 1366 446 1401 βασιλεὺς
461 1366 500 1398 ὡς
517 1368 600 1401 τάχος
617 1367 737 1403 ὐπέφερε
748 1375 755 1382 ·
769 1368 831 1400 θὲς,
847 1367 870 1394 ὦ

104 1412 207 1445 Ἀκέσιε,
220 1414 360 1448 κλίμακα,
381 1414 428 1441 καὶ
442 1413 525 1447 μόνος
536 1413 576 1444 εἰς
590 1413 723 1448 οὐρανοὺς
740 1414 867 1449 ἀνὰὖηθι,

100 1459 179 1484 Ταῦτα
204 1460 225 1485 δ’
248 1460 342 1485 εεπιῖν
363 1458 409 1484 τὸν
435 1459 601 1494 κρατοῦντα,
619 1459 657 1494 μὴ
678 1459 724 1486 τὸν
746 1459 868 1486 ’Δκέσιον

99 1506 256 1536 ἐπαινοῦντα.
272 1505 334 1532 ἀλλ’
348 1506 444 1540 ὅτιπερ
471 1505 665 1540 ἀναμάρτητον
681 1505 779 1532 ἑαυτὸν
799 1507 868 1542 τάχα
887 1500 892 1507 ’

100 1551 205 1585 ἐνόμιζε.
223 1551 277 1577 Καὶ
291 1550 329 1577 τὰ
343 1550 394 1585 μὲν
411 1549 482 1577 κατὰ
501 1551 550 1585 τὴν
571 1550 683 1576 σύνοδον
697 1550 770 1577 οὕτω
787 1552 869 1586 προέ-
883 1549 904 1577 ε

99 1596 136 1630 6η,
151 1597 184 1628 ὡς
200 1598 229 1623 ἐν
249 1596 380 1631 συντόμῳ
400 1596 499 1622 εἰπεῖν·
513 1595 569 1629 ἐγὼ
582 1595 606 1622 δ’
623 1596 672 1622 οὐκ
694 1597 803 1631 ὀκνήσω
819 1597 869 1622 τὰ-

100 1644 186 1676 σφαλὲς
204 1643 387 1678 πρυτανεύων
408 1643 465 1674 τοῖς
491 1642 709 1677 γεγραμμένοις,
727 1643 765 1677 μὴ
788 1643 835 1669 καὶ
851 1642 869 1670 ἃ

101 1691 154 1725 περὶ
167 1691 211 1717 τοῦ
232 1691 313 1717 δόλου
343 1690 400 1716 τῶν
418 1688 633 1724 Ἀρειομανιτῶν
656 1688 805 1720 Εὑστάθιος
822 1689 869 1715 καὶ

99 1735 244 1768 Ἀθανάσιος
270 1737 324 1770 τῆς
352 1735 495 1764 εὐσεϐείας
511 1735 537 1760 οἱ
555 1733 684 1768 πρόϐολον.
708 1735 867 1769 γεγράφασι

99 1783 206 1808 διελθεῖν
225 1784 276 1809 ὅσα
298 1790 330 1808 τε
353 1781 436 1812 αὐτὸς
457 1781 471 1806 ὁ
487 1780 632 1815 Παμφίλου
653 1780 785 1812 Εὐσέειος
806 1783 870 1815 περὶ

99 1829 142 1854 τῶν
155 1829 286 1861 δοξάντων
302 1829 337 1863 τῇ
353 1826 455 1862 συνόδῳ
483 1827 516 1861 τῇ
535 1826 588 1861 ὶδιᾳ
603 1826 744 1861 γέγραφεν
767 1827 868 1860 ἐκκλη-

101 1874 150 1903 σία·
168 1876 206 1901 ἔτι
231 1875 259 1901 δὲ
284 1874 323 1900 τὰ
345 1872 490 1908 ὁρισθέντα
514 1873 582 1899 πᾶσι
612 1873 736 1907 Πατράσι
760 1872 867 1904 κοινῶς·

100 1922 154 1955 πρὸς
177 1922 205 1948 δι
229 1922 277 1948 καὶ
300 1921 354 1947 ὅσα
384 1921 399 1946 ὁ
421 1919 548 1954 θεοφιλὴς
573 1919 782 1949 Κωνσταντίνος
813 1919 870 1950 τοῖς

99 1966 241 2002 ἅπανταχοῦ
259 1967 298 2002 μὴ
315 1964 436 2000 παροῦσι
453 1965 507 1991 τῶν
521 1965 680 1991 ἐπισκόπων
696 1965 760 1999 περι
777 1973 807 1990 τε
821 1964 868 1991 τοῦ

98 2010 215 2045 δόγματος
231 2015 280 2038 καὶ
294 2010 344 2037 τοῦ
362 2010 456 2044 Πάσχα
465 2029 473 2042 ,
484 2010 532 2035 καὶ
546 2007 663 2042 ’Λρείου,
677 2009 725 2035 καὶ
737 2009 790 2034 τῶν
804 2010 869 2043 περὶ

100 2058 203 2092 Ἀρειον,
220 2058 262 2084 ἔτι
278 2057 309 2083 δὲ
330 2056 378 2082 καὶ
392 2055 457 2090 περὶ
472 2055 518 2081 τοῦ
533 2054 719 2090 Νικομηδεῑας
730 2055 870 2090 γέγραφεν

98 2103 224 2131 Εῠσεὸξου.
244 2104 357 2130 Γένοιτο
381 2102 436 2137 γὰρ
452 2101 485 2130 ἂν
510 2103 543 2128 ἐκ
563 2102 668 2128 τούτων
686 2102 786 2137 μᾶλλον
800 2102 868 2137 δῆλα

98 2151 125 2176 τὰ
147 2151 177 2186 τῇ
203 2151 308 2184 συνόδῳ
338 2149 508 2184 πραχθέντα.
539 2149 594 2175 Καὶ
619 2149 753 2183 πρότερόν
778 2156 810 2182 γε
836 2150 869 2175 τὰ

97 2195 233 2222 Εὐτταϐιου
258 2196 310 2222 τοῦ
338 2195 391 2229 τῆς
411 2193 576 2229 Ἀντιοχείας
595 2194 759 2229 ικθήσομαν
777 2195 807 2220 ἐν
827 2191 869 2224 οἷς

97 2243 137 2276 τήν
159 2251 187 2269 τε
209 2242 262 2268 τῶν
283 2242 435 2277 Ἀρειανῶν
462 2240 640 2275 βλασφημίαν
669 2240 795 2275 ἐλέγχει,
821 2240 868 2266 καὶ

97 2290 124 2313 τὰ
136 2290 292 2324 πραχθέντα
310 2287 504 2314 ἀναδιδάσκει·
529 2288 577 2313 καὶ
604 2290 653 2323 τὴν
679 2288 759 2323 ῥῆσιν
782 2288 869 2322 ἑρμη-

96 2335 166 2366 νεύει,
184 2336 242 2370 τὴν,
259 2335 371 2368 Κύριος
387 2333 488 2359 ἐκτισέ
503 2342 542 2367 με
556 2334 655 2368 ἀρχὴν
671 2333 749 2361 ὁδῶν
763 2333 868 2361 αὐτοῦ,

98 2379 185 2414 rm“
199 2382 226 2408 δὲ
246 2381 321 2407 οὕτω
333 2387 341 2395 ⁰

375 2479 498 2505 ΚΕΦΔΛ.
517 2479 580 2505 AA’.

99 2522 320 2558 Οιιιείνστάθιος
345 2526 364 2552 d
392 2525 567 2558 Ἀντιοχείας
593 2526 642 2551 καὶ
663 2525 871 2558 Ἀθανάσιοςδ

124 2560 355 2594 Ἀλεξανδρείας,
369 2561 396 2586 al
408 2559 462 2592 τῆς
472 2561 628 2593 εὐσεϐείας
638 2562 791 2594 πρόϐολοι.
802 2562 872 2595 περ).

389 2603 412 2626 ῳ
429 2595 623 2629 πραχθέντων
637 2596 816 2630 ἱστόρησαν.

123 2595 175 2621 τῶν
188 2597 223 2623 ἐν
235 2596 273 2629 τῇ
289 2595 388 2622 συνόδ

127 2697 135 2713 ι
152 2688 240 2714 Βαδιῶ
255 2687 279 2713 δ’
295 2685 424 2712 ἐντεῦθεν
437 2685 484 2711 ἐπὶ
494 2684 528 2711 τὰ
544 2684 738 2719 πεπραγμένα.
755 2684 787 2710 Tt
803 2685 849 2712 οὖν
862 2694 870 2718 ;

101 2733 196 2769 Ἐπειδὴ
216 2733 262 2760 διὰ
273 2732 362 2759 ταῦτα
376 2731 485 2762 σύνοδος
497 2731 537 2762 εἰς
552 2731 603 2766 τὴν
618 2730 737 2757 Νίκαιαν
748 2731 872 2765 ἀφικνεῖ-

96 2788 134 2806 ται
152 2781 282 2815 μεγίστη,
300 2780 368 2813 μήτι
383 2786 414 2812 γε
429 2778 476 2804 καὶ
491 2777 679 2812 ἑϐδομήκοντα
694 2777 740 2803 τὸν
757 2777 873 2812 ἀριθμὸν

96 2826 166 2860 ὁμόσε
184 2826 391 2861 συναχθέντων.
419 2824 456 2850 Τὸ
479 2825 534 2859 γὰρ
561 2824 648 2857 σαφὲς
667 2823 711 2849 διὰ
733 2825 797 2854 τοὺς
821 2823 872 2857 τῆς

98 2873 268 2908 πολυανδρίας
301 2872 399 2907 ὄχλους
425 2870 474 2904 οὐχ
499 2867 556 2900 οἷός
586 2870 616 2896 τέ
651 2870 710 2903 ειμι
734 2870 868 2904 γράφειν,

1226 457 1341 486 CAPUT
1359 458 1418 485 XX.

922 502 997 535 Quod
1010 502 1089 529 etiam
1109 503 1231 530 Acetium
1244 504 1453 531 Novalianorum
1466 505 1611 539 episcopum
1625 506 1708 540 impc-

1115 544 1189 564 ralor
1200 540 1226 565 in
1241 540 1369 573 synodum
1380 541 1511 566 accivertl.

956 593 1089 620 Cmtcrum
1106 594 1255 628 imperator
1271 595 1316 622 Dei
1339 595 1545 622 amantissimus
1558 615 1565 626 ,
1580 595 1614 622 de
1633 603 1708 622 com-

921 639 995 665 muni
1013 639 1159 666 concordia
1173 639 1291 666 sollicite
1305 640 1440 674 cogitans,
1453 640 1581 667 Acesium
1597 648 1707 674 quoque.

922 683 1135 710 Novatianorum
1160 683 1320 718 episcopum
1344 685 1376 710 ad
1403 686 1551 711 concilium
1568 686 1705 714 evocavit.

921 727 1001 760 eique
1020 731 1048 753 et
1071 727 1104 753 de
1130 727 1193 754 Iidei
1211 727 1339 762 dogmate
1360 733 1386 754 et
1402 728 1437 755 de
1461 729 1506 755 die
1522 729 1592 756 festo
1610 729 1706 756 decre-

922 776 980 798 tum
998 772 1095 807 synodi
1107 773 1241 806 ostendit,
1259 774 1495 809 interrogavitque
1511 774 1579 801 adeo
1591 782 1653 801 eum
1669 783 1702 800 an

921 825 953 844 ea
971 823 1046 845 recte
1071 819 1111 845 sic
1137 818 1172 845 ab
1196 819 1333 853 episcopis
1351 824 1445 846 essent
1470 820 1632 847 constituta.
1652 820 1704 852 Qui

921 871 984 890 cum
999 870 1030 891 ea
1047 863 1194 897 laudasset,
1214 872 1303 898 neque
1319 865 1382 891 novi
1397 865 1544 899 quidquam
1562 865 1704 892 deﬁnitum

921 916 982 936 esse
998 908 1127 941 dixisset,
1153 917 1183 936 se
1207 910 1281 936 enim
1297 914 1325 937 et
1341 910 1412 936 idem
1426 910 1522 945 dogma
1538 910 1601 938 ﬁdei
1617 919 1632 937 a
1650 919 1707 937 tua-

918 954 1027 989 joribus
1039 955 1189 990 accepisse,
1201 960 1230 983 et
1245 963 1385 990 nunquam
1397 956 1476 983 aliter
1486 957 1596 984 Pasclue
1605 956 1704 984 festum

920 1000 1087 1032 celebrasse,
1104 1002 1264 1036 imperator,
1282 1001 1334 1034 Qui
1362 1001 1457 1036 igitur,
1471 1002 1580 1038 inquit,
1597 1010 1658 1030 cum
1677 1003 1703 1029 in

920 1047 1016 1073 eadem
1046 1047 1084 1074 sis
1117 1047 1261 1074 nobiscum
1289 1049 1445 1082 sententia,
1471 1056 1486 1076 a
1512 1049 1706 1076 communione

921 1096 1014 1119 nostra
1039 1097 1180 1127 tantopere
1199 1093 1357 1120 abhorrcs?
1379 1093 1419 1121 Ibi
1443 1094 1488 1121 ille
1501 1094 1608 1122 dissidii
1630 1095 1704 1130 quod

921 1138 993 1165 inter
1007 1139 1142 1165 Novatum
1157 1144 1184 1166 et
1196 1138 1353 1167 Cornelium
1366 1140 1496 1168 Romana:
1511 1141 1588 1168 urbis
1598 1142 1706 1177 episco-

921 1191 984 1218 pum
1001 1183 1052 1210 suh
1069 1184 1151 1211 Decio
1173 1185 1338 1219 imperatore
1365 1187 1417 1212 fuit
1430 1205 1437 1218 ,
1458 1187 1580 1214 meminit
1595 1196 1602 1220 ;
1617 1187 1706 1214 Nova-

921 1233 976 1256 tqu
994 1229 1133 1262 videlicet,
1155 1238 1203 1257 eos
1223 1231 1270 1266 qui
1289 1236 1349 1265 post
1375 1232 1541 1267 baptismum
1562 1239 1704 1268 peccatum

921 1275 953 1302 ad
979 1281 1094 1302 mOrtem
1122 1277 1276 1309 patrassent
1293 1297 1301 1308 ,
1326 1285 1358 1304 ac
1377 1278 1433 1305 diis
1459 1279 1673 1310 sacriﬁcasscnt.
1690 1287 1705 1306 τι

921 1322 1113 1349 communione
1143 1322 1300 1350 divinorum
1341 1324 1535 1358 mysteriorum
1563 1326 1704 1359 rcjecisse.

920 1367 1005 1394 solius
1020 1368 1078 1401 Dei,
1091 1374 1117 1396 et
1131 1376 1185 1395 non
1204 1369 1378 1396 sacerdotum
1395 1374 1557 1404 potestatem
1570 1378 1628 1398 eam
1645 1379 1706 1398 csm

920 1412 1060 1444 dictitans.
1082 1413 1184 1441 talibus
1212 1414 1372 1441 hominibus
1400 1416 1590 1443 remissionem
1611 1416 1704 1444 delicti

920 1458 1082 1485 concedere.
1099 1458 1138 1486 Ad
1148 1466 1229 1493 quem
1239 1467 1270 1486 ex
1289 1463 1412 1494 tempore
1422 1460 1571 1494 imperator
1583 1471 1589 1488 :
1600 1461 1704 1493 Scalas.

921 1503 1021 1538 inquit.
1036 1504 1160 1536 admove,
1177 1503 1254 1531 Acesi
1267 1525 1273 1536 ,
1291 1509 1318 1531 et
1338 1505 1414 1532 solus
1430 1505 1456 1532 in
1477 1507 1561 1534 caelos
1576 1507 1704 1534 ascende.

919 1548 979 1581 Quo
995 1549 1078 1582 dicto,
1093 1556 1148 1576 non
1167 1549 1294 1576 Accsium
1323 1550 1369 1577 ille
1389 1550 1533 1585 laudavit,
1550 1552 1596 1579 sed
1612 1553 1705 1587 potius

919 1594 993 1629 quod
1022 1595 1172 1622 immunem
1197 1602 1212 1622 a
1235 1596 1356 1630 peccatis
1390 1604 1419 1623 se
1446 1596 1516 1624 forte
1540 1598 1707 1626 existimavit

920 1648 992 1672 esse.
1017 1641 1188 1675 perstrinxit.
1213 1643 1251 1669 Ac
1267 1649 1312 1669 res
1335 1642 1444 1677 quidem
1472 1644 1593 1675 concilii.
1623 1645 1704 1670 sicuni

921 1687 1081 1714 brevissime
1101 1689 1300 1722 exposuimus.
1326 1693 1391 1715 sunt
1424 1693 1518 1724 gestae.
1545 1689 1610 1716 Mihi
1640 1698 1705 1717 vero

920 1740 1002 1768 grave
1014 1738 1062 1760 aut
1077 1733 1222 1760 molestum
1239 1742 1292 1761 non
1311 1733 1404 1766 fuerit,
1417 1734 1450 1762 ad
1467 1735 1548 1762 [idem
1567 1736 1702 1764 dictorum

920 1777 1023 1804 certius
1047 1777 1275 1810 conﬁrmandam,
1302 1778 1382 1814 573
1405 1787 1464 1814 quae
1479 1780 1513 1808 de
1529 1781 1592 1808 dolo
1611 1781 1706 1809 Iuren-

921 1823 990 1850 tium
1019 1824 1184 1851 Arianorum
1210 1824 1370 1852 Eustathius
1395 1830 1424 1852 et
1449 1826 1616 1854 Athanasius
1634 1835 1705 1854 vera:

920 1869 1030 1904 pietatis
1047 1870 1251 1904 propugnacula
1275 1870 1469 1904 scripserunt,
1488 1872 1607 1906 allegare
1619 1892 1626 1904 ,
1643 1881 1705 1907 qua:

921 1915 986 1942 item
1003 1915 1136 1942 Eusebius
1152 1915 1284 1950 Pamphili
1302 1915 1336 1942 de
1348 1916 1443 1951 synodi
1460 1918 1705 1946 constitutionibus

921 1969 977 1988 suae
988 1960 1156 1995 signiﬁcavit
1171 1961 1309 1993 Ecclesiae.
1324 1966 1454 1995 praeterea
1472 1969 1533 1996 quae
1547 1971 1560 1989 a
1575 1963 1703 1991 Patr-ibus

922 2007 1057 2034 universis
1080 2011 1145 2034 sunt
1160 2008 1342 2033 communiter
1365 2007 1473 2034 decreta
1485 2027 1493 2040 ,
1508 2008 1626 2044 denique
1644 2018 1705 2044 qua:

921 2053 977 2080 Deo
994 2053 1093 2080 charus
1111 2052 1309 2079 Constantinus
1329 2053 1361 2079 ad
1378 2060 1560 2087 quoscunque
1576 2055 1704 2082 absentes

922 2097 1066 2132 episcopos
1084 2097 1118 2124 de
1133 2096 1194 2124 lidei
1209 2097 1344 2132 dogmate,
1359 2098 1393 2125 de
1413 2099 1546 2126 Paschate
1558 2121 1566 2132 ,
1592 2100 1625 2127 de
1639 2102 1705 2127 Arlo

921 2144 1034 2179 ejusque
1050 2143 1242 2175 sectatoribus,
1260 2149 1288 2170 et
1312 2144 1347 2171 de
1367 2145 1425 2179 ipso
1447 2146 1564 2173 Eusebio
1579 2147 1705 2174 Nicome—

921 2189 1010 2216 diensi
1037 2190 1156 2224 scripsit.
1172 2189 1209 2217 Ex
1234 2190 1266 2217 iis
1283 2191 1356 2217 enim
1381 2191 1499 2218 maxime
1524 2193 1619 2228 synodi
1645 2199 1705 2221 acta

923 2240 1131 2272 cognoscentur.
1159 2237 1195 2263 Et
1219 2237 1337 2271 primum
1369 2237 1509 2266 Eustathii
1539 2239 1705 2268 Antiocbcui

921 2283 1042 2317 episcopi
1059 2282 1140 2309 verba
1157 2290 1294 2317 exponam
1305 2303 1312 2314 ,
1329 2284 1430 2318 quibus
1450 2284 1612 2312 Arianorum
1635 2286 1706 2313 ωηεν

922 2329 1060 2363 phcmiam
1086 2328 1238 2364 redarguit,
1262 2334 1290 2356 et
1304 2337 1361 2356 rem
1380 2335 1482 2364 gestant
1499 2331 1602 2359 docet:
1623 2337 1704 2366 atque

924 2376 1036 2409 insuper
1055 2374 1158 2401 dictum
1175 2375 1252 2405 illud.
1270 2374 1397 2403 Dominus
1412 2378 1511 2404 creauit
1530 2385 1569 2404 me
1584 2377 1615 2404 ab
1630 2379 1704 2404 initia

923 2421 1025 2447 viarum
1043 2428 1165 2454 suarum,
1184 2421 1390 2455 interpretatur.
1407 2422 1458 2454 Qui
1472 2423 1512 2449 sic
1530 2423 1634 2449 scribit.

1214 2478 1326 2506 CAPUT
1342 2479 1413 2506 XXI.

925 2524 1022 2557 Qualia
1041 2523 1193 2551 Eustathius
1221 2525 1406 2556 Antiocheam,
1425 2530 1449 2552 et
1470 2525 1629 2554 Athanasius
1645 2527 1707 2554 Ale-

958 2559 1115 2590 xandrinus.
1139 2560 1250 2595 epinpi
1260 2580 1269 2596 ,
1284 2567 1352 2586 vera:
1367 2561 1472 2594 pietatis
1488 2566 1705 2596 propugnatores.

959 2595 991 2620 de
1019 2595 1112 2630 synodi
1141 2596 1206 2621 actis
1238 2595 1352 2621 historia:
1382 2600 1550 2622 monumenta
1574 2595 1707 2630 prodide-

962 2631 1024 2656 rint.

964 2695 973 2711 ι
986 2685 1027 2713 Ad
1041 2692 1099 2712 rem
1116 2685 1202 2719 ipsam
1213 2705 1220 2717 ,
1235 2689 1266 2710 ut
1285 2690 1358 2718 gesta
1377 2689 1430 2716 est,
1452 2687 1622 2721 progredior.
1637 2687 1707 2720 Quid

926 2732 1010 2767 igitur
1020 2731 1080 2758 ost?
1095 2730 1242 2764 Postquam
1258 2736 1305 2756 eas
1318 2730 1353 2756 ob
1367 2738 1464 2759 causas
1479 2732 1576 2760 Nicaea:
1587 2734 1708 2767 synodus

926 2782 1020 2805 coacta
1038 2779 1079 2802 est
1101 2774 1218 2801 maxima
1235 2774 1436 2809 (convenerunt
1451 2777 1524 2804 enim
1546 2785 1579 2804 eo
1596 2777 1708 2804 ducenti

925 2827 954 2849 et
984 2821 1155 2856 septuaginta
1189 2819 1246 2846 fere
1276 2825 1411 2854 praeterea
1437 2822 1577 2856 episcopi;
1604 2827 1708 2849 certum

927 2868 1001 2896 cnim
1017 2873 1172 2899 numerum,
1194 2870 1305 2900 propter
1322 2871 1424 2894 tantum
1454 2867 1638 2894 multitudinis
1653 2874 1711 2893 Iur-
