1894 3070
176 158 219 189 ’³79

785 155 929 186 'NICEPH
935 153 1003 184 0R1
1024 152 1197 184 CALLI‘S’FI

183 216 257 247 bam,
272 212 376 241 referre
395 217 512 246 nequeo,
529 217 620 245 neque
640 201 667 237 id
682 209 751 237 adeo
766 217 864 244 magno
879 209 969 236 Studio

1038 207 1114 242 πειδὴ
1131 207 1168 242 μὴ
1187 206 1276 241 πάντη
1290 204 1368 232 τοῦτο
1394 205 1638 240 περισπουδάστως
1649 204 1805 240 ⁴ἀνίχνευον.

184 269 244 290 sum
257 260 419 293 scrutatus),
436 257 481 284 ubi
496 257 530 285 de
552 256 614 284 fidei
634 257 741 283 ratione
755 260 797 283 est
809 255 966 290 qumsitum.

183 306 298 343 perinde
312 310 392 340 atque
406 303 579 331 manifestum
596 307 786 337 argumentum
799 306 881 335 atque
894 301 967 327 indi-

184 354 260 380 cium
273 349 461 386 blasphemiae,
472 348 580 376 Eusebii
591 349 722 383 scriptum
736 352 777 374 est
790 347 967 382 productum,

185 397 258 434 quod
283 397 311 424 in
334 395 479 431 praesentia
495 394 617 421 omnium
635 394 751 424 lectum,
777 400 838 419 cum
861 391 967 417 varium

184 442 360 472 auditoribus
373 446 476 468 motum
498 444 611 475 propter
624 446 778 474 perversam
792 437 968 471 depravatio-

186 497 260 522 nem,
276 494 333 516 tum
347 487 455 515 auctori
480 485 532 521 ipsi
557 485 684 520 probrum
701 484 792 511 attulit
808 483 968 510 maximum.

176 537 366 569 ‘Posteaqnam
384 538 476 560 autem
500 535 614 559 conatus
640 530 832 557 fraudulentus
857 528 968 556 Eusebii

176 580 334 607 manifesto
348 582 391 606 est
405 577 605 612 deprehensus,
628 580 655 603 et
674 576 808 609 scriptum
828 574 970 608 iniquissi-

186 633 262 651 mum
284 625 473 658 in'conspectu
498 622 619 648 omnium
644 620 824 655 discerptum,
839 627 872 646 ex
896 626 972 646 com-

187 672 278 706 posito
296 668 419 696 nonnulli
434 667 633 703 pacificationis
655 673 754 693 nomen
768 673 823 700 pra:
836 673 864 692 se
879 664 971 692 feren-

186 722 247 748 tes,
274 715 445 746 effecerunt,
463 718 494 740 ut
511 713 559 748 qui
584 712 685 747 optime
703 711 854 738 sententias
877 710 969 737 dicere

187 763 261 791 soliti
279 763 398 794 fuerant,
416 761 538 788 silerent.
559 759 653 787 Ariani
669 767 748 790 vero,
765 762 920 785 metuentes
935 765 970 784 ne

173 813 243 835 .tam
258 807 408 843 frequentis
420 805 529 833 concilii
549 805 658 832 decreto
680 804 802 831 damnati
818 804 971 839 relegaren-

189 859 245 887 tur,
270 854 378 889 priores
394 853 446 887 ipsi
470 851 606 878 sententia
625 857 674 877 sua
692 851 850 884 abrogatum
874 849 970 884 dogma

185 900 364 927 anathemate
390 897 572 933 jugularunt;
591 900 619 923 et
655 894 889 923 consentientibus
924 901 976 920 an-

175 943 378 973 .notationibus
404 942 569 978 professioni
595 941 655 969 fidei
680 941 805 968 manibus
837 940 887 975 ipsi
918 940 976 966 suis

190 991 434 1026 subscripserunt,
462 993 490 1016 et
521 987 724 1023 episcopalibus
762 994 812 1022 per
849 986 977 1013 ambitio-

191 1045 254 1066 nem
275 1041 303 1064 et
326 1034 617 1064 circumcursationem
642 1033 787 1061 maximam
805 1039 903 1060 manus
917 1031 977 1067 ple-

190 1091 339 1119 rorumque
364 1087 553 1118 prensantes,
578 1080 626 1116 qui
656 1080 850 1115 penitentiam
884 1078 976 1114 potius

190 1138 271 1166 agere
296 1129 468 1161 debuissent,
483 1127 614 1159 retentis;
640 1131 753 1161 postea,
767 1133 842 1153 nunc
864 1125 974 1160 quidem

189 1175 370 1208 clandestine,
381 1173 462 1210 574
475 1181 550 1201 nunc
565 1177 658 1200 autem
674 1172 816 1208 propalam
832 1171 974 1199 damnatas

190 1223 309 1250 docuere
324 1221 469 1256 opiniones
483 1223 511 1247 et
525 1219 608 1246 variis
623 1226 656 1246 ea
672 1218 701 1245 iu
711 1225 741 1245 re
756 1217 799 1245 usi
814 1222 879 1246 sunt
894 1225 975 1252 argu-

179 1269 290 1296 mentis
302 1273 334 1296 et.
345 1266 463 1294 insidiis.
477 1265 510 1293 Et
524 1273 586 1293 cum
601 1272 719 1300 pangere
735 1264 836 1292 vellent
852 1264 973 1292 zizanio-

190 1322 250 1342 rum
263 1315 380 1350 plantas,
393 1313 430 1340 ab
453 1311 612 1339 hominibus
628 1311 725 1346 peritis
742 1310 795 1337 sibi
810 1314 974 1343 metuentes,

190 1369 249 1392 eos,
262 1368 275 1387 a
293 1360 393 1395 quibus
415 1357 584 1393 deprehendi
606 1361 746 1390 poterant,
762 1356 932 1389 devitaruut,
948 1360 976 1383 et

189 1407 259 1434 alios
284 1414 356 1434 verae
382 1404 494 1440 pietatis
522 1408 663 1438 pracones
688 1407 770 1436 atque
805 1401 976 1437 professores

189 1450 380 1479 fraudulenter
401 1450 602 1482 expugnarunt.
630 1444 689 1473 Non
712 1445 851 1473 credimus
871 1452 975 1481 autent,

1025 254 1071 284 Ὠς
1095 253 1123 279 δὲ
1146 253 1270 288 ἐζητεῖτο
1293 250 1342 286 τῆξ
1368 252 1486 282 πίστεως
1515 252 1529 278 ὁ
1555 253 1667 286 τρόπος,
1689 251 1813 286 ἐναργὴς,

1021 297 1071 332 μὲν
1090 297 1200 331 ἔλεγχος
1229 295 1260 322 τὸ
1282 296 1400 330 γράμμα
1415 295 1464 329 τῆς
1478 295 1610 321 Εὐσεὸίου
1625 295 1809 330 προύὸάλλετο

1021 343 1196 379 βλασφημίας
1209 350 1216 358 ·
1235 343 1281 368 ἐπὶ
1316 343 1426 368 πάντων
1451 341 1479 368 δὲ
1506 341 1690 375 ἀναγνωσθὲν,
1708 341 1809 368 αὐτίκα

1021 391 1166 426 συμφορὰν
1188 389 1239 425 μὲν
1254 390 1431 424 ἀστάθμητον
1444 389 1493 423 τῆς
1505 388 1644 423 ἐκτροπῆς
1657 388 1738 415 ἕνεκα
1752 390 1810 418 τοῖς

1021 438 1167 471 αὐτηκόοις
1199 436 1343 471 προξενεῖ·
1378 435 1509 471 αἰσχύνην
1541 435 1563 462 δ’
1594 435 1744 470 ἀνήκεστον
1771 435 1810 468 τῷ

1023 484 1160 518 γράψαντι
1194 483 1336 518 παρεῖχεν.
1364 482 1529 516 Ἐπειδὴδὲ
1568 481 1599 507 τδ
1628 481 1810 516 ἐργαστήριον

1021 530 1075 556 τῶν
1101 529 1175 563 ἀμφὶ
1196 529 1252 554 ’τὸν
1283 527 1413 554 Εὐσέϐιον
1441 527 1536 561 σαφῶς
1564 527 1655 558 ἑάλω,
1678 526 1725 553 τοῦ
1755 535 1810 552 πχ-

1025 575 1148 611 ρανόμου
1174 575 1339 610 γράμματος
1370 573 1566 609 διαρῤαγέντος
1592 573 1638 600 ὑπ’
1657 573 1717 607 ὀψει
1742 573 1811 599 πάν-

1021 630 1075 648 των
1099 620 1167 656 όμοῦ
1182 641 1190 653 ,
1221 620 1296 656 τινὲς
1320 621 1350 646 ὲκ
1388 619 1525 652 συσκευῆς
1555 619 1674 654 τούνομα
1691 619 1812 654 7:906:7-

1021 670 1130 704 λόμενοι
1155 668 1206 702 τῆς
1234 667 1366 702 εἰρήνης,
1397 667 1582 700 κατεσίγησαν
1612 666 1662 701 μὲν
1688 666 1812 695 ἅπαντας

1020 716 1084 748 τοὺς
1111 716 1210 751 ἄριστα
1238 717 1327 749 λέγειν
1345 713 1473 745 εἰωθότας
1489 720 1495 728 ’
1514 713 1539 739 οἱ
1555 712 1583 738 δὲ
1606 711 1813 746 ’Δρειομανῖται

1021 762 1161 793 δείσαντες
1181 764 1288 798 μήποτε
1314 761 1367 795 ἄρα
1385 760 1521 794 τοσαύτης
1542 759 1651 785 συνόδου
1678 758 1707 783 ὲν
1724 757 1813 790 τούτῳ

1023 807 1285 842 συγκεκροτημένης
1303 804 1542 839 ἐξοστρακισθείεν
1556 823 1563 835 ,
1579 801 1813 836 αναοεματίζουσι

1029 853 1078 888 μὲν
1092 852 1319 887 προπηδήσαντες
1334 851 1365 877 τὸ
1381 849 1610 886 ἀπηγορευμένον
1625 847 1724 881 δόγμα·
1742 854 1813 880 συμ-

1029 898 1129 932 φώνοις
1153 899 1182 925 δὲ
1203 898 1365 934 γράμμασιν
1381 895 1541 931 αὐτοχειρίᾳ
1560 893 1734 929 ὑπέγραψαν.
1751 892 1814 918 Τῶν

1028 945 1055 971 δὲ
1073 944 1223 979 προεδριῶν
1240 944 1284 970 διὰ
1299 943 1428 977 πλείστης
1444 942 1509 976 ὃσης
1526 940 1696 974 περιδρομῆς
1710 938 1816 973 κρατή-

1029 998 1134 1022 σαντες,
1147 991 1205 1017 δέον
1214 990 1312 1021 αὐτοὺς
1324 990 1481 1016 ὑπόπτωσιν
1493 987 1653 1021 λαμϐάνειν,
1672 985 1737 1011 ποτε
1756 985 1809 1019 μὲν

1026 1036 1190 1071 λεληθότως,
1215 1036 1282 1062 ποτὲ
1298 1036 1326 1062 δὲ
1343 1034 1489 1070 προφανῶς
1513 1034 1563 1064 τὰς
1576 1031 1817 1067 ἁποψηφισθείσα;

1030 1081 1213 1117 πρεσϐεύουσι
1236 1081 1325 1114 δόξας,
1347 1081 1488 1116 διαφόροις
1511 1079 1736 1109 ἐπιϐουλεύοντες
1753 1078 1814 1107 τοῖς

1029 1129 1162 1163 ἐλέγχοις.
1189 1128 1352 1162 Βουλόμενοι
1376 1128 1405 1153 δὲ
1437 1127 1579 1161 παγιῶσαι
1601 1126 1635 1151 τὰ
1664 1124 1818 1158 maqu

1029 1174 1257 1210 φυτουργήματα,
1271 1172 1420 1203 δεδοικότες
1434 1172 1497 1203 τοὺς
1510 1170 1713 1205 ἐπιγνώμονας,
1724 1169 1820 1195 ἑκκλὶ-

1029 1229 1104 1247 νουσι
1121 1221 1183 1251 τοὺς
1199 1220 1324 1254 ἐφόρους
1342 1220 1390 1245 καὶ
1405 1218 1494 1254 ταύτῃ
1513 1217 1577 1249 τοὺς
1595 1217 1646 1252 τῆς
1662 1215 1819 1247 Εὐσεῦείας

1028 1267 1152 1302 κήρυκας
1169 1265 1458 1302 ὲκπολεμοῢσινςούχ
1473 1264 1560 1296 οὕτως
1586 1264 1614 1290 δὲ
1639 1262 1818 1296 πιστεύομεν,

1028 1313 1068 1344 ὼς
1085 1312 1247 1347 ἀνθρώπους
1272 1311 1370 1343 ἀθέους
1394 1311 1526 1338 δύνασθαι
1544 1310 1682 1345 κρατῆσαι
1705 1309 1820 1334 πώποτε

1028 1358 1075 1384 τοῦ
1098 1359 1184 1385 θείου.
1214 1358 1274 1385 Kiv
1298 1359 1352 1393 γὰρ
1374 1357 1455 1384 πάλιν
1481 1357 1633 1392 ίσχύσωσι,
1653 1355 1702 1382 καὶ
1735 1353 1821 1380 πάλιν

1029 1404 1253 1440 ἡττηθήσονται,
1279 1404 1350 1431 κατά
1385 1404 1430 1431 τδν
1463 1403 1637 1438 σεμνόφωνον
1672 1402 1822 1436 προφήτην

1034 1449 1065 1476 Ἦ
1071 1450 1162 1477 σαῖαν.
1180 1459 1191 1476 ι
1493 1446 1496 1448 ’
1680 1455 1683 1457 ·

992 882 1012 910 Β

191 1500 290 1534 impios
314 1503 396 1532 atque
420 1497 480 1524 sine
511 1495 565 1522 Deo
591 1494 715 1521 homines
740 1493 833 1521 divino
859 1496 972 1523 numine
992 1505 1112 1532 unquam
1144 1498 1203 1526 fore
1227 1499 1394 1533 superiores.
1422 1497 1535 1526 Etiamsi
1551 1497 1623 1525 enim
1647 1503 1744 1525 rursus
1776 1496 1825 1524 in-

192 1549 344 1577 valescant,
362 1552 472 1572 rursum
492 1548 583 1570 tamen
617 1543 782 1577 vincentur,
813 1543 890 1577 juxta
916 1545 1129 1581 grandiloquum
1150 1552 1177 1574 et
1192 1554 1303 1582 gravem
1325 1547 1486 1582 prophetam
1500 1545 1607 1579 Isaiam,
1623 1549 1676 1572 etc.
1697 1554 1707 1571 ι

229 1593 293 1620 Haec
318 1598 433 1627 magnus
461 1590 506 1618 ille
522 1590 689 1618 Eustathius.
706 1590 758 1623 Qui
785 1598 851 1618 vero
881 1599 914 1618 eo
937 1592 979 1619 vel
993 1600 1014 1627 ρ

181 1639 297 1666 wirtute
316 1637 358 1664 vel
388 1636 497 1672 pietatis
520 1635 694 1662 aemulatione
720 1635 834 1663 inferior
857 1643 911 1663 non
930 1641 983 1669 est,

196 1681 428 1712 celebratissimus
436 1681 614 1714 Athanasius,
622 1681 655 1708 ad
672 1681 751 1708 Afros
776 1681 912 1713 scribens,
928 1682 986 1710 haec

182 1730 297 1757 .iufert:
319 1738 328 1754 ι
343 1727 469 1763 Episcopi
481 1727 527 1762 qui
539 1733 736 1760 convenerant,
746 1735 807 1754 cum
825 1728 935 1756 abolere
951 1729 986 1756 ab

196 1776 305 1804 Arianis
316 1774 483 1808 excogitatas
510 1773 657 1809 impietatis
684 1781 765 1800 voces
789 1773 850 1800 illas
870 1774 912 1808 (ex
931 1781 985 1801 non

197 1820 394 1849 cxsistentibus
404 1823 559 1847 creaturam
570 1827 630 1847 esse
640 1824 668 1847 et
682 1818 814 1846 facturam
826 1819 935 1852 Filium,
946 1824 984 1852 et,

202 1869 267 1894 Erat
277 1866 422 1901 aliquando
432 1871 540 1900 tempus
553 1873 614 1892 cum
629 1873 682 1893 non
698 1870 768 1898 erat,
781 1871 808 1894 et
817 1866 889 1900 quod
899 1871 987 1894 muta-

199 1914 261 1941 bilis
280 1913 315 1941 sit
329 1913 458 1947 naturae),
471 1917 552 1946 atque
566 1919 611 1939 cas
627 1919 688 1946 qua:
697 1919 729 1939 ex
739 1912 860 1947 professo
875 1913 903 1940 in
912 1913 985 1940 Scri-

199 1960 286 1995 pturis
312 1964 373 1987 sunt
402 1958 575 1994 promulgare
592 1958 704 1990 vellent,
725 1958 798 1993 quod
822 1959 928 1987 scilicet
951 1967 984 1987 ex

198 2007 254 2034 Deo
268 2005 353 2033 Filius
374 2009 470 2032 natura
499 2004 658 2039 unigenitus
682 2009 724 2031 est
740 2003 873 2037 .Verbum,
886 2005 982 2039 virtus,

200 2046 333 2085 sapientia
350 2050 408 2078 sola
423 2050 525 2082 Patris,
534 2050 605 2077 Deus
620 2054 752 2081 verus,ut
763 2050 883 2078 Joannes
897 2050 983 2083 dixit;

199 2103 226 2125 et
241 2103 270 2124 nt
292 2098 393 2124 Paulus
407 2097 537 2132 scripsit,
562 2096 812 2131 resplendescentia
833 2096 935 2131 gloriae,
957 2101 986 2124 et

200 2151 329 2179 expressa
345 2143 433 2177 imago
458 2143 643 2170 subsistentiae
668 2142 758 2168 Patris
774 2143 794 2174 ',
809 2142 956 2169 Eusebiani
970 2150 984 2168 a

200 2190 310 2225 propria
326 2188 428 2215 insana!
445 2187 583 2222 opinionis
603 2186 781 2221 persuasione
809 2187 984 2213 transversim

199 2236 267 2267 acti,
293 2235 365 2262 inter
389 2241 419 2261 se
442 2237 507 2260 sunt
523 2232 674 2259 collocuti:
700 2232 812 2260 Pactum
833 2232 982 2265 feriamus,

202 2288 265 2308 nam
280 2284 308 2307 et
320 2287 370 2307 nos
384 2287 416 2306 ex
431 2279 486 2306 Deo
498 2286 602 2305 sumus.
620 2278 696 2306 Unus
713 2279 786 2306 enim
800 2284 842 2305 est
859 2279 941 2311 Deus,
957 2287 990 2306 ex

204 2334 259 2360 quo
272 2326 378 2358 omnia;
394 2329 421 2351 et
434 2327 527 2351 vetera
541 2324 744 2358 praeterierunt,
754 2331 820 2352 ecce
830 2332 900 2351 nova
918 2325 989 2351 facta

204 2378 268 2399 sunt
293 2371 384 2398 omnia
400 2370 421 2403 ',
435 2378 468 2397 ex
492 2369 548 2397 Deo
564 2374 655 2396 autem
679 2370 782 2397 omnia.
814 2370 842 2396 ln
871 2374 989 2397 mentem

206 2425 315 2454 quoque
338 2417 379 2444 eis
391 2416 477 2449 venit,
493 2415 566 2451 quod
593 2416 621 2443 in
637 2415 748 2442 Pastore
772 2417 904 2450 scriptum
928 2420 991 2448 est;

201 2465 323 2492 Primum
347 2463 470 2491 omnium
483 2463 574 2493 crede.
591 2470 673 2489 unum
691 2469 751 2489 esse
769 2462 865 2492 Deum,
876 2460 922 2496 qui
936 2468 994 2487 om-

204 2513 249 2539 nia
268 2511 409 2539 creaverit
420 2515 447 2538 et
460 2510 616 2545 perfecerit,
637 2513 718 2543 atque
740 2516 756 2535 e
774 2507 860 2534 nihilo
880 2507 906 2534 in
924 2507 989 2534 sub-

204 2558 332 2585 stantiam
360 2555 515 2584 deduxerit.
538 2555 574 2582 At
595 2553 730 2588 episcopi,
758 2552 806 2579 ubi
836 2552 986 2579 versutiam

207 2605 315 2632 illorum
332 2608 414 2638 atque
437 2601 588 2637 impietatis
612 2600 757 2634 malignam
779 2599 904 2626 fraudem
929 2599 989 2626 ani-

205 2650 420 2680 madverterunt,
434 2646 640 2675 dilucidandum
657 2652 728 2677 esse,
744 2645 816 2679 quod
831 2652 864 2672 ex
881 2644 934 2672 Deo
947 2645 990 2672 di-

205 2697 288 2727 citur,
307 2695 366 2725 rati.
394 2702 428 2720 ex
445 2693 597 2720 substantia
613 2691 651 2726 (l)
671 2691 717 2718 Dei
729 2698 789 2718 esse
805 2691 903 2718 Filium
920 2692 989 2719 scri-

242 2743 249 2757 '
266 2742 348 2769 llebr.
367 2748 386 2772 ι,
398 2740 424 2766 5.
464 2740 474 2754 ¹
489 2739 510 2765 Il
527 2738 591 2766 Cor.
609 2737 698 2768 v.17.

241 2799 278 2835 (ι)
304 2798 401 2835 οὐσία,
416 2795 572 2835 substantia
594 2795 651 2823 sive
672 2796 918 2835 essentiakdicilu'r
935 2805 942 2823 :
960 2802 988 2835 et

206 2831 329 2862 lioc'illo
352 2833 551 2868 signiﬁcantius
573 2836 616 2868 est
643 2832 766 2868 verbum.
787 2831 843 2868 Ego
868 2839 941 2868 vero
960 2831 986 2868 iu

208 2871 338 2897 vertendo
357 2866 405 2900 pro
420 2867 540 2895 euenn‘w
561 2867 722 2894 substantia:
739 2867 822 2894 verbo
836 2866 875 2894 uti
890 2866 985 2896 malui,

1071 1595 1100 1621 '0
1123 1595 1174 1630 μὲν
1197 1593 1244 1622 οὖν
1269 1594 1353 1626 πολὺς
1377 1595 1525 1625 Εὑστὰθιος
1551 1593 1654 1620 ταῦτα·
1679 1594 1694 1619 ό
1719 1593 1748 1619 δὲ
1771 1593 1826 1628 τὴν

1039 1640 1139 1676 ἀρετὴν
1149 1641 1199 1675 οὐχ
1218 1639 1312 1677 ἦττον,
1328 1640 1344 1675 ἢ
1361 1640 1408 1666 καὶ
1431 1640 1476 1667 τὸν
1491 1640 1561 1673 ὑπὲρ
1580 1638 1723 1670 εὐσεϐείας
1741 1639 1828 1673 ζῆλον

1041 1687 1229 1722 πολυύμνητος
1262 1687 1423 1717 Ἀθανάσιος
1440 1705 1449 1719 ,
1491 1687 1606 1720 Ἀφροις
1637 1685 1826 1718 ἐπιστέλλων,

1039 1737 1086 1762 καὶ
1099 1735 1187 1762 ταῦτα
1202 1735 1330 1767 διέξεισι·
1351 1734 1425 1760 «Τῶν
1437 1734 1491 1769 γὰρ
1508 1733 1690 1760 συνελθόντων
1710 1733 1828 1759 ἐπισκό-

1040 1790 1098 1807 πων
1114 1782 1282 1816 βουλομένων
1293 1780 1340 1812 τὰς
1351 1781 1401 1815 μὲν
1412 1781 1487 1815 παρά
1498 1780 1552 1806 τῶν
1576 1779 1724 1814 Ἀρειανῶν
1740 1780 1828 1813 ἔφευ-

1040 1828 1167 1863 ρεθείσας
1193 1828 1244 1862 τῆς
1271 1827 1401 1858 ἀσεὸείας
1417 1826 1504 1858 λέξεις
1520 1826 1636 1858 ἀνελεῖν,
1652 1826 1691 1857 τι,
1714 1826 1758 1858 Ἐξ
1776 1826 1831 1851 οὐκ

1038 1874 1133 1906 ὄντων,
1145 1873 1192 1899 καὶ
1205 1873 1235 1900 τὸ
1246 1873 1335 1907 λέγειν
1350 1873 1453 1907 κτίσμα
1467 1874 1513 1899 καὶ
1523 1872 1628 1907 ποίημα
1639 1871 1685 1897 τὶν
1693 1871 1767 1897 Υίόν·
1779 1867 1833 1898 (hi.

1038 1921 1078 1952 τὺ,
1096 1917 1151 1946 Ἦν
1169 1919 1233 1946 ποτε
1251 1920 1296 1946 ὁτε
1309 1919 1358 1945 οὐκ
1372 1917 1406 1954 ἦν
1417 1927 1423 1934 '
1439 1919 1487 1944 καὶ
1505 1919 1545 1943 ὅτι
1562 1918 1682 1953 τρεπτῇς
1698 1918 1758 1943 ἐστι
1777 1918 1832 1952 φύ-

1039 1975 1109 1998 σεως
1125 1973 1131 1980 ·
1147 1966 1197 1997 τὰς
1212 1966 1240 1992 δὲ
1257 1965 1311 1992 τῶν
1336 1965 1454 2000 Γραφῶν
1471 1965 1692 1999 ὁμολογουμένας
1708 1964 1830 1998 γράψαι·

1038 2013 1079 2039 ὅτι
1095 2021 1124 2038 τε
1152 2013 1182 2039 ὲκ
1207 2012 1254 2038 τοῦ
1278 2011 1346 2037 Θεοῦ
1365 2013 1378 2038 ὁ
1401 2011 1464 2042 Υἱὸς
1495 2011 1574 2044 φύσει
1597 2010 1747 2044 μονογενής
1770 2012 1832 2036 ἐστι

1042 2058 1139 2092 Λόγος,
1156 2057 1283 2091 δύναμις,
1300 2057 1382 2090 σοφία
1398 2058 1466 2092 μόνη
1482 2055 1529 2083 τοῦ
1541 2056 1659 2091 Πατρὶς,
1676 2056 1743 2086 Θεὸς
1758 2056 1832 2091 ἁλη-

1038 2103 1122 2139 οινὺς,
1135 2105 1172 2135 ὼς
1196 2101 1273 2130 εἶπεν
1285 2105 1299 2131 ὁ
1319 2103 1458 2138 Ἰωάννης,
1471 2103 1519 2130 καὶ
1531 2102 1567 2133 ὡς
1587 2101 1706 2136 ἔγραψεν
1721 2103 1736 2128 ὁ
1754 2102 1833 2128 Παῦε

1038 2149 1100 2182 λος,
1119 2150 1290 2185 ἀπαύγασμα
1309 2150 1357 2183 τῆς
1377 2149 1457 2183 δόξης
1481 2149 1529 2174 καὶ
1549 2148 1692 2183 χαρακτὴρ
1705 2148 1757 2182 τῆς
1780 2148 1834 2175 τοῦ

1038 2194 1144 2228 Πατρὺς
1155 2194 1342 2225 ὐποστάσεως⁵
1357 2195 1380 2220 οί
1395 2193 1459 2227 περὶ
1478 2193 1608 2220 Εὑσέὄιον
1624 2193 1676 2218 ὑπδ
1693 2192 1744 2226 τῆς
1760 2193 1834 2224 ἰδίας

1041 2238 1204 2270 κακοδοξίας
1226 2238 1380 2273 ἑλκόμενοι,
1404 2237 1544 2264 διελάλουν
1561 2237 1687 2270 ἀλλήλοις
1699 2245 1706 2252 ·
1721 2237 1837 2264 Συνθὼ-

1006 2278 1028 2306 υ
1044 2284 1115 2318 μεθα
1129 2292 1135 2298 ·
1165 2285 1212 2310 καὶ
1234 2283 1288 2318 γὰρ
1309 2284 1357 2310 καὶ
1381 2284 1460 2318 ἡμεῖς
1474 2284 1504 2309 ὲκ
1520 2282 1567 2309 τοῦ
1584 2283 1651 2309 Θεοῦ
1674 2284 1771 2316 ἔσμεν·
1791 2281 1837 2315 εἷς

1041 2328 1094 2362 γὰρ
1109 2327 1185 2358 Θεὸς,
1199 2327 1228 2360 ἐξ
1249 2325 1279 2354 οὗ
1297 2328 1331 2354 τὰ
1356 2328 1445 2354 πάντα
1458 2335 1466 2344 ·
1484 2329 1531 2354 καὶ
1542 2327 1574 2354 τὰ
1600 2328 1702 2362 ἀρχα-ἴα
1723 2328 1838 2363 παρῆ)-

1044 2374 1100 2400 Θεν·
1123 2374 1179 2400 ἰδοὺ
1198 2374 1294 2408 γέγονε
1321 2375 1353 2401 τὰ
1370 2374 1459 2400 πάντα
1479 2374 1570 2400 καινά·
1590 2374 1624 2399 τε
1639 2374 1666 2399 δὲ
1683 2374 1774 2400 πάντα
1802 2376 1836 2400 ὲν

1047 2420 1096 2446 τοῦ
1117 2420 1197 2447 Θεοῦ.
1225 2420 1397 2454 Ἐλογίζοντο
1415 2422 1469 2455 γὰρ
1490 2422 1538 2447 καὶ
1552 2421 1582 2446 τὺ
1603 2421 1632 2447 ὲν
1655 2420 1694 2455 τῷ
1708 2422 1839 2455 Ποιμὲνι

1045 2467 1162 2501 γραφέν·
1182 2467 1295 2502 Πρῶτον
1316 2467 1427 2493 πάντων
1448 2468 1613 2500 πίστευσον,
1634 2467 1685 2493 sn‘
1700 2465 1742 2498 εἷς
1758 2468 1841 2494 ἐστιν

1043 2514 1057 2539 ό
1074 2512 1139 2543 Θεὸς
1152 2532 1158 2544 ,
1184 2513 1198 2539 ὁ
1218 2514 1251 2539 τὰ
1266 2513 1355 2540 πάντα
1389 2513 1487 2545 κτίσας
1513 2514 1562 2540 καὶ
1585 2514 1767 2548 καταρτίσας,
1787 2517 1842 2541 καὶ

1043 2558 1160 2592 ποιήσας
1172 2559 1204 2584 ἐκ
1213 2559 1260 2584 τοῦ
1275 2559 1312 2592 μὴ
1326 2558 1402 2590 ὄντος
1413 2560 1452 2590 είς
1463 2559 1493 2585 τὸ
1508 2557 1670 2586 εἷναι.’Δλλ¹
1680 2560 1704 2585 oi
1719 2560 1842 2586 ἐπίσκο-

1044 2610 1091 2628 ποι
1114 2602 1303 2636 θεωρήσαντες
1328 2603 1379 2636 τὴν
1398 2603 1568 2639 κακουργίαν
1590 2604 1702 2630 ἐκείνων
1718 2604 1767 2631 καὶ
1782 2607 1841 2640 τὴν

1044 2648 1091 2682 τῆ;
1115 2648 1243 2679 ἀσεϐείας
1260 2649 1451 2683 κακοτεχνίαν,
1469 2649 1631 2684 λευκότερον
1651 2649 1785 2684 εἰρήκασι
1809 2653 1842 2676 τ).

1045 2695 1077 2720 ἐκ
1088 2693 1134 2720 τοῦ
1150 2694 1217 2721 Θεοῦ
1232 2713 1239 2726 ,
1255 2695 1302 2721 καὶ
1318 2694 1443 2730 ἔγραψαν
1456 2696 1487 2721 ὲκ
1509 2695 1557 2730 τῆς
1576 2695 1670 2726 οὐσίας
1692 2696 1740 2722 τοῦ
1763 2696 1842 2722 Θ;οῦ

1042 2801 1152 2837 propter
1163 2797 1394 2837 ςοηειλὺδιαιιιίαίίε
1406 2798 1530 2831 verbum,
1540 2798 1669 2826 Ecclesia:
1681 2799 1842 2827 uliuttmu'n

1043 2836 1260 2860 tlSttallssimum.
