1894 3070
183 135 218 166 83
790 146 1001 178 NICEPHORI
1022 149 1064 179 CA
1070 150 1192 180 LLISTI
1769 153 1805 186 84

178 200 276 226 porum
297 194 498 222 multitudinem
513 201 675 231 metuerent,
690 198 716 225 in
739 207 770 227 ea
784 209 844 236 qua:
858 203 961 230 decret:

1037 206 1077 235 οἷς
1099 206 1232 232 ὲκτεοεῖσι
1257 205 1410 237 συνέθεντο,
1428 205 1479 241 τὴν
1492 208 1667 243 προφητικὴν
1682 217 1805 244 κατηγο·

179 243 254 268 sunt,
271 238 386 273 pedibus
401 240 501 274 ierunt,
519 243 706 277 propheticam
727 245 754 272 in
768 254 797 274 se
821 249 967 282 reprehen-

179 283 287 310 sionem
307 285 505 318 pertrahentes.
522 287 588 315 Nam
613 289 694 325 576
709 296 737 318 et
762 292 794 318 ad
819 301 866 320 eos
886 294 967 328 hujus

181 328 303 356 universi
325 329 397 357 Deus
410 332 559 359 exclamat:
579 334 697 369 Populus
709 337 756 363 iste
773 338 848 365 labiis
864 347 904 365 me
917 340 966 366 Ιιο-

177 379 265 406 noral,
289 376 366 402 corde
395 381 484 405 autem
514 380 590 414 longe
615 381 716 409 ηίιεειιι
737 385 810 416 me‘,
838 384 966 413 Theonas

177 425 260 452 porro
274 424 302 447 et
317 419 471 454 Secundus,
487 424 558 458 quod
587 426 658 453 idem
682 426 772 456 facere
790 430 894 456 nollent
906 450 913 463 ,
931 430 965 457 ab

180 465 317 499 omnibus,
346 467 482 503 suffragiis
500 471 749 506 consentientibus,
766 479 830 501 sunt
855 482 966 502 excom-

181 510 325 544 municati,
344 516 372 538 ut
386 513 431 548 qui
456 514 514 541 Arii
545 516 742 551 blasphemiam
760 520 866 547 veritati
882 528 965 547 evan-

178 554 271 588 gelicse
288 557 466 586 anteferrent.
485 569 494 585 ι
512 568 575 588 meo
591 562 767 591 Athanasius.

463 615 575 644 CAPUT
598 617 670 646 XXI.

177 655 297 691 Epistola
313 658 420 687 Eusebii
437 660 569 703 Pamphili
585 665 620 691 ad
639 665 783 694 Ecclesia":
796 677 883 702 suam,
901 674 961 697 acta

440 703 532 731 synodi
556 706 697 734 exponens.

213 781 340 809 Sedenim
357 791 419 818 qua:
435 784 518 812 etiam
539 786 676 816 Eusebius
695 789 832 825 Pamphili
852 800 884 820 ex
902 793 960 828 ipsa

176 827 267 855 Nicaea
284 830 318 856 ad
342 830 476 864 quosdam
499 833 616 862 Arianos
635 836 680 870 qni
698 837 883 871 proditionem
903 827 958 867 non

178 873 278 907 injuria
304 875 329 902 ei
354 876 529 911 obiecerant,
554 880 715 916 scripserit,
740 884 837 912 audire
856 893 959 914 conve-
975 880 996 906 Β

176 920 218 946 nit
234 920 284 954 (l).
302 921 338 948 Ea
357 929 423 950 sane
443 925 549 952 rabiem
570 934 681 962 quoque
700 937 795 957 eorum
814 932 961 960 manifesto

177 973 306 1001 arguunt.
325 968 437 998 Rectius
452 977 543 1000 autem
561 976 707 1003 consilium
725 977 961 1015 intentionemque

177 1013 238 1048 eius
251 1015 369 1049 cpistola
386 1017 444 1051 ipsa
464 1018 607 1054 indicabit,
620 1029 681 1056 qum
696 1024 736 1051 sic
751 1025 854 1053 habet:
872 1036 879 1051 ι
896 1013 961 1060 ρήυτθ

177 1058 212 1086 de
231 1061 415 1091 ecclesiastica
432 1064 494 1092 fidei
517 1067 686 1101 professione
703 1070 730 1097 in
742 1071 880 1106 frequenti
896 1081 960 1108 syn-

177 1105 232 1131 odo
253 1105 350 1135 Nicaeae
372 1110 507 1138 celebrata
550 1113 606 1141 sint
629 1120 706 1148 acta,
744 1105 857 1145 aliunde
879 1105 960 1146 etiam

178 1152 311 1181 credibile
326 1159 369 1182 est
390 1163 438 1184 vos
453 1160 638 1193 cognovisse:
658 1163 730 1196 quod
748 1163 819 1191 fama
840 1165 962 1200 plerum-

178 1206 231 1232 que
249 1205 350 1228 certam
368 1209 583 1241 accuratamque
612 1216 704 1236 rerum
729 1215 866 1245 gestarum
886 1219 962 1239 com-

177 1247 407 1274 memorationem
425 1257 596 1284 przecurrere
613 1254 693 1281 solita
711 1255 755 1282 sit.
775 1256 911 1284 Caeterum
927 1266 961 1285 ne

177 1292 336 1320 rumoribus
363 1293 520 1330 hujusmodi
551 1300 591 1326 rei
618 1301 721 1329 veritas
747 1302 827 1330 aliter
852 1304 886 1330 ad
913 1312 961 1332 vos

176 1343 260 1370 quam
282 1342 323 1364 est
339 1344 398 1367 acta
411 1361 418 1373 ,
434 1341 602 1377 perferatur,
619 1347 775 1374 necessario
792 1348 870 1375 vobis
887 1349 963 1376 misi-

177 1390 258 1415 mus,
277 1385 397 1419 primum
420 1395 434 1413 a
457 1388 537 1415 nobis
567 1391 734 1424 propositam
759 1391 793 1419 de
819 1393 871 1420 fide
892 1394 963 1420 sori-

176 1432 298 1464 pturam,
315 1430 415 1458 deinde
431 1432 513 1460 etiam
530 1434 749 1471 alteram,quam
764 1438 797 1465 ad
815 1446 897 1466 voces
913 1446 964 1466 no-

177 1477 251 1500 stras
265 1476 472 1505 accessionibus
488 1479 654 1513 quibusdam
670 1482 785 1517 adjectis
803 1484 961 1512 ediderunt.

1023 251 1084 284 ρίαν
1099 251 1331 284 ἐπισπασάμενοι.
1344 251 1399 286 Bo;
1412 251 1440 277 δὲ
1451 252 1499 278 καὶ
1516 254 1584 288 πρὸς
1597 253 1697 285 αὐτοὺς
1712 255 1726 280 ὸ
1742 255 1799 280 τῶν

1019 295 1086 322 ὅλων
1101 296 1179 327 Θεὸς.
1197 297 1232 323 '0
1246 299 1320 330 λαὸς
1336 296 1426 331 οὗτος
1448 298 1510 331 τοῖς
1528 299 1646 332 χείλεσι
1658 308 1697 334 με
1720 299 1802 334 τιμᾷ·

1018 341 1055 375 τῇ
1071 341 1105 368 δὲ
1121 342 1229 376 καρδίᾳ
1243 343 1343 376 πόῤῥω
1358 343 1463 378 ἀπέχει
1479 345 1530 371 ἀπ’
1546 345 1629 379 ἐμοῦ.
1645 347 1755 378 Θεωνιῑς
1773 348 1804 372 δὲ

1018 389 1065 414 καὶ
1079 388 1225 420 Σεκοῦνδος
1246 390 1327 415 τοῦτο
1342 390 1442 424 δρᾶσαι
1464 390 1502 425 μὴ
1519 389 1709 425 βουληθέντες,
1725 393 1806 427 παρὰ

1017 433 1128 459 πάντων
1143 433 1300 468 συμφώνως
1315 434 1561 470 ἁπεκηρύχθησαν,
1577 435 1614 466 ὡς
1628 435 1678 470 τὴν
1696 436 1805 470 Ἀρείου

1018 477 1194 514 βλασφημίαν
1212 479 1263 514 τῆς
1287 480 1470 515 εὐαγγελικῆς
1495 481 1704 516 προτεθεικότες
1727 482 1805 508 διδα-

1017 525 1140 557 σκαλίας.
1160 535 1170 552 ι
1190 526 1283 553 Ταῦτα
1302 527 1349 553 καὶ
1377 526 1547 558 Ἀθανάσιος.

1295 626 1421 657 ΚΕΦΑΛ.
1451 625 1516 654 KB'.

1021 669 1186 707 Ἐπιστολὴ
1202 671 1356 707 νΕῠρ-εϐίου
1377 672 1430 698 τοῦ
1466 673 1625 707 Παμφίλου
1653 672 1728 706 πρὸς
1744 673 1807 707 τὴν

1048 704 1112 741 γαῖ’
1137 706 1231 741 αὐτὸν
1247 706 1428 740 ἐκκλησίαν,
1445 706 1480 733 τὰ
1495 704 1571 734 κάὶὰ
1591 707 1648 741 τὴν
1661 704 1804 735 άύιλοδόν

1048 739 1214 771 διεξιοῦσα.

1046 794 1097 823 Οἴα
1119 797 1147 823 δὲ
1163 797 1209 824 καὶ
1229 798 1242 823 ὀ
1259 797 1402 832 Παμφίλου
1421 797 1552 829 Εὐσέϐιος
1569 798 1682 824 αὐτόθεν
1705 799 1738 825 ὲκ
1753 799 1808 825 Νι-

1011 843 1092 873 καίας
1107 843 1175 877 πρός
1190 851 1266 873 τινας
1279 842 1398 877 ἔγραψεν
1417 842 1588 878 Ἀρειανοῦς,
1605 844 1753 878 προδοσίαν
1764 844 1805 875 ὡς

1011 889 1084 919 εἰκὸς
1096 888 1290 922 ἐγκαλοῦντας,
1306 889 1416 916 ἀκούειν
1430 889 1666 925 χρεών.Ἔλεγχος
1680 891 1702 916 δ’
1720 892 1806 925 ἐναρ-

1011 933 1063 968 γὴς
1082 933 1130 959 καὶ⁸
1145 933 1194 968 τῆς
1208 933 1314 959 ἐκείνου
1335 933 1434 968 λύττης
1451 934 1536 961 ἐστίν.
1554 934 1684 968 ’Λμεινον
1705 935 1734 961 δὲ
1756 937 1806 961 τὴν

1011 979 1110 1005 οἰκεῖον
1130 978 1229 1005 σκοπὸν
1252 979 1268 1013 ἡ
1294 979 1421 1015 ἐπιστολὴ
1444 980 1536 1012 δείξει.
1556 981 1634 1015 Ἔχει
1660 981 1689 1007 δὲ
1708 981 1784 1007 οὕτω
1797 989 1805 996 ·

1015 1032 1024 1049 ι
1040 1023 1080 1050 Τὰ
1093 1024 1219 1059 περὶτῆς
1233 1024 1465 1059 ἐκκλησιαστικῆς
1481 1026 1601 1056 πίστεως
1622 1035 1807 1061 πραγματευ-

1012 1069 1094 1095 θέντα
1108 1070 1178 1096 κατά
1188 1069 1236 1104 τὴν
1253 1070 1376 1105 μεγάλην
1389 1070 1498 1097 σύνοδον
1513 1071 1562 1105 τὴν
1575 1072 1604 1098 ἐν
1616 1072 1720 1107 Νικαίᾳ
1736 1082 1806 1106 συγ-

1012 1114 1191 1149 χροτηθεῖσαν
1207 1115 1281 1146 εἰκὸς
1297 1115 1347 1150 μὲν
1359 1116 1432 1150 ὑμᾶς
1448 1117 1495 1142 καὶ
1511 1116 1622 1142 ἄλλοθεν
1637 1117 1804 1152 μεμαθηκέ-

1012 1168 1067 1190 ναι,
1092 1158 1146 1193 τῆς
1161 1159 1255 1193 φήμης
1271 1160 1432 1195 προτρέχειν
1450 1159 1578 1192 εἰωθυίας
1593 1161 1639 1187 τὸν
1656 1162 1720 1195 περὶ
1747 1162 1807 1188 τῶν

1013 1204 1209 1240 πραττομένων
1224 1206 1325 1240 ἀκριϐῆ
1341 1206 1421 1239 λόγον
1435 1215 1442 1221 ·
1461 1207 1520 1233 ἀλλ’
1537 1208 1581 1233 ἵνα
1599 1207 1635 1242 μὴ
1653 1208 1684 1233 ὲκ
1705 1208 1806 1234 τοιαύ-

1012 1261 1062 1288 της
1078 1253 1161 1288 ἀκοῆς
1175 1253 1205 1279 τὺ
1221 1253 1271 1287 τῆς
1290 1253 1420 1288 ἀληθείας
1437 1253 1565 1288 ἑτεροίως
1581 1254 1647 1288 ὑμῖν
1663 1254 1807 1288 ἀπαγγέλ-

1012 1299 1102 1332 ληται,
1131 1299 1286 1334 ἀναγκαίως
1309 1299 1521 1335 διεπεμψάμεθα
1542 1301 1607 1335 ὑμῖν
1629 1301 1737 1336 πρῶτον
1754 1302 1807 1337 τὴν

1014 1346 1060 1380 ὑφ’
1082 1345 1160 1380 ἡμῶν
1178 1346 1359 1381 προταθεῖσαν
1375 1346 1452 1381 παρὰ
1477 1346 1528 1381 τῆς
1543 1347 1662 1379 πίστεως
1678 1350 1805 1383 γραφήν.

1014 1391 1132 1418 Ἔπειτα
1158 1392 1207 1427 τὴν
1226 1391 1368 1427 δευτέραν,
1391 1393 1424 1428 ἣν
1441 1394 1501 1422 ταῖς
1525 1393 1675 1428 ἡμετέραις
1700 1396 1808 1428 φωναῖς

1013 1437 1172 1472 προσθήκας
1202 1437 1388 1470 ἐπιϐαλόντες,
1419 1438 1594 1465 ἐκδεδὼκασι.
1624 1440 1660 1466 Τὸ
1687 1440 1738 1474 μὲν
1756 1440 1806 1466 οὖν

1014 1483 1081 1518 παρ’
1111 1482 1187 1518 ἡμῶν
1207 1483 1335 1519 γράμμα,
1357 1484 1404 1511 Eni.
1421 1484 1558 1520 παρουσίᾳ
1583 1484 1630 1511 τοῦ
1659 1485 1807 1518 θεοφιλοῦς

177 1518 316 1554 Scriptum
340 1529 406 1549 sane
424 1528 549 1551 nostrum
572 1526 599 1552 in
623 1528 768 1561 prwsentia
793 1529 847 1556 Deo
870 1529 961 1557 dilecti

1035 1529 1093 1563 μῶν
1110 1529 1243 1563 βασιλέως
1254 1530 1428 1564 ἁναγνωσθὲν
1443 1528 1472 1557 εὗ
1488 1539 1516 1557 τε
1531 1518 1605 1565 ἔχειν
1618 1532 1665 1557 καὶ
1681 1532 1805 1566 δοκίμως

177 1565 352 1600 imperatoris
376 1570 463 1597 nostri
489 1571 652 1604 recitatum.
667 1581 700 1601 ac
721 1580 794 1602 recte
819 1576 958 1610 probeque

178 1618 341 1648 conceptum
357 1622 417 1642 esse
434 1615 598 1650 iudicatum,
617 1619 650 1645 ad
667 1621 742 1647 hunc
758 1629 786 1648 se
804 1621 886 1649 habet
901 1631 960 1650 mo-

178 1658 244 1686 dum
259 1669 265 1687 :
288 1659 424 1688 Professio
440 1662 504 1689 fidei
520 1671 534 1690 a
556 1665 636 1692 nobis
651 1666 785 1701 exposita,
799 1668 879 1695 sicuti
900 1677 959 1697 eam

178 1711 193 1729 a
216 1704 408 1734 deccssoribus
428 1708 529 1735 nostris
548 1709 703 1745 episcopis,
727 1716 808 1747 atque
829 1713 856 1740 in
871 1714 960 1748 prima

179 1757 271 1777 rerum
284 1759 422 1779 sacrarum
440 1753 622 1786 institutione.
636 1760 663 1783 et
677 1765 738 1783 cum
753 1765 862 1785 sacrum
876 1759 962 1786 subii-

179 1803 242 1823 mus
266 1795 425 1831 lavacrum,
448 1801 620 1834 accepimus,
646 1806 674 1836 et
697 1803 777 1830 sicuti
803 1811 836 1831 ex
860 1803 961 1833 divinis

180 1840 327 1869 didicimus
339 1842 499 1878 Scripturis,
515 1850 596 1880 atque
608 1846 690 1874 simul
704 1852 731 1875 et
743 1848 770 1874 in
787 1848 961 1885 presbyterio

179 1893 208 1915 ct
223 1887 249 1915 in
267 1889 326 1924 ipso
339 1891 500 1926 episcopatu
520 1893 634 1927 professi
651 1901 747 1922 sumus
763 1900 791 1923 et
806 1896 962 1931 docuimus,

179 1943 211 1961 ea
236 1940 277 1963 est
293 1936 376 1963 talis:
397 1937 541 1967 Credimus
562 1940 590 1967 in
619 1949 702 1968 unum
730 1942 832 1976 Deum,
852 1942 961 1971 Patrem

180 1981 410 2016 onmipotentem,
428 1991 521 2011 rerum
539 1986 662 2013 omnium
680 1986 831 2014 visibilium
847 1992 874 2015 et
891 1989 962 2015 invi-

180 2026 303 2053 sibilium
327 2028 470 2056 factorem.
489 2030 522 2057 Et
543 2030 570 2058 in
595 2039 678 2059 unum
701 2033 847 2060 Dominum
868 2033 961 2062 Jesum

179 2072 320 2099 Christum
331 2094 338 2105 ,
361 2074 409 2101 Dei
424 2075 563 2109 Verbum,
582 2077 667 2105 Deum
684 2079 718 2106 de
734 2080 805 2114 Deo,
821 2081 913 2108 lumen
931 2082 963 2109 de

180 2118 301 2150 lumine,
318 2118 398 2153 577
418 2120 503 2147 vitam
522 2121 556 2148 de
571 2123 640 2155 vlta,
659 2123 758 2151 Filium
779 2126 963 2160 unigenitum,

180 2163 395 2197 primogenitum
409 2165 500 2192 omnis
515 2171 660 2200 creaturae,
678 2174 742 2195 ante
757 2171 848 2197 omnia
863 2172 963 2198 saecula

1014 1575 1180 1608 ἀποφανθὲν,
1208 1574 1302 1602 τοῦτον
1317 1575 1374 1610 ἔχει
1394 1575 1440 1602 τὺν
1460 1577 1561 1611 τρόπον
1574 1585 1582 1592 ·
1606 1577 1638 1602 'H
1663 1577 1708 1610 ὑφ’
1724 1578 1807 1611 ἡμῶν

1010 1620 1154 1648 ἑκτεθεῖσα
1169 1621 1272 1652 πίστις,
1289 1621 1381 1653 καθὼς
1397 1623 1589 1657 παρελάϐομεν
1608 1623 1660 1649 ὑπὸ
1675 1623 1729 1650 τῶν
1748 1625 1807 1658 προ

1010 1667 1091 1702 ἡμῶν
1107 1667 1275 1700 ἐπισκόπων,
1290 1668 1338 1694 καὶ
1357 1669 1386 1695 ὲν
1401 1670 1434 1704 τῇ
1460 1669 1556 1705 πρώτῃ
1572 1672 1734 1705 κατηχήσει,
1757 1673 1808 1697 καὶ

1010 1713 1055 1739 ὅτε
1071 1713 1101 1739 τὸ
1116 1713 1230 1748 λοῦτρον
1246 1713 1456 1748 ἐλαμϐάνομεν,
1478 1715 1568 1747 καθὼς
1585 1716 1639 1742 ἀπὸ
1654 1717 1708 1742 τῶν
1725 1717 1809 1744 θείων

1010 1757 1129 1793 Γραφῶν
1146 1759 1348 1793 μεμαθήκαμεν
1361 1767 1368 1774 ⁶
1385 1761 1432 1786 καὶ
1449 1759 1486 1792 ὡς
1498 1762 1526 1787 ἐν
1543 1762 1616 1796 αὖτῷ
1629 1762 1666 1796 τῷ
1682 1763 1808 1797 πρεσϐυ-

1010 1803 1093 1838 τερίῳ
1107 1804 1155 1830 καὶ
1170 1804 1197 1830 ὲν
1210 1805 1277 1839 αὐτῇ
1290 1806 1426 1840 ἐπισκοπῇ
1439 1807 1615 1840 ὲπιστεύομέν
1629 1816 1659 1834 τε
1678 1809 1726 1835 καὶ
1749 1809 1810 1836 ἐδι-

1011 1848 1243 1883 δάσκομεν.“Ἐστι
1264 1850 1292 1876 δὲ
1308 1849 1377 1886 αὕτη
1393 1859 1399 1866 ·
1417 1852 1585 1887 Πεστεύομεν
1601 1855 1640 1885 είς
1658 1854 1707 1881 ἕνα
1724 1855 1807 1888 Θεὸν,

1012 1893 1122 1928 Πατέρα
1140 1896 1357 1930 παντοκράτορα,
1373 1897 1419 1923 τὸν
1434 1898 1488 1923 τῶν
1505 1899 1632 1925 ἁπάντων
1649 1901 1757 1935 ὁρατῶν
1776 1911 1808 1928 τε

1013 1940 1060 1966 καὶ
1077 1941 1203 1975 ἀοράτων
1218 1943 1334 1977 ποιητήν
1346 1951 1352 1957 ³
1369 1943 1416 1969 καὶ
1443 1944 1483 1975 είς
1501 1945 1549 1971 ἕνα
1568 1946 1669 1980 Κύριον
1695 1947 1809 1980 Ἰησοῦν

1013 1985 1133 2020 Χριστὸν
1158 1985 1203 2012 τὸν
1218 1986 1264 2012 τοῦ
1278 1987 1345 2013 Θεοῦ
1359 1987 1455 2021 Λόγον,
1473 1989 1538 2015 Θεὸν
1561 1991 1592 2015 ὲκ
1605 1989 1683 2022 Θεοῦ,
1701 1992 1759 2025 φῶς
1774 1994 1808 2019 ἐκ

1015 2031 1114 2065 φωτὸς,
1137 2031 1209 2066 ζωὴν
1228 2033 1259 2059 ἐκ
1282 2033 1365 2067 ζωῆς,
1383 2034 1447 2061 Υίὺν
1463 2035 1608 2070 μονογενῆ,
1629 2037 1809 2071 πρωτότοκον

1015 2077 1105 2112 πάσης
1119 2078 1244 2111 κτίσεως,
1263 2080 1316 2115 πρὸ
1328 2081 1437 2107 πάντων
1451 2081 1506 2107 τῶν
1521 2082 1628 2109 αίὼνων
1638 2083 1669 2109 ὲκ
1684 2083 1733 2109 τοῦ
1749 2085 1810 2111 Πα-

1014 2123 1078 2157 τρδς
1097 2124 1303 2159 γεγεννημένον,
1328 2125 1361 2152 δι’
1388 2123 1418 2152 οὗ
1435 2127 1483 2153 καὶ
1502 2127 1611 2160 ἐγένετο
1635 2129 1670 2154 τὰ
1691 2129 1782 2156 πάντα
1800 2140 1807 2147 ·

1015 2167 1063 2194 τὸν
1078 2167 1122 2194 διὰ
1136 2168 1185 2203 τὴν
1205 2169 1345 2204 ἡμετέραν
1360 2171 1495 2206 σωτηρίαν
1509 2173 1696 2207 σαρκωθέντα,
1714 2175 1762 2200 καὶ
1777 2176 1810 2201 ἐν

181 2215 214 2235 ex
231 2208 310 2236 Patre
326 2209 459 2244 genitum,
477 2219 528 2246 per
542 2219 623 2246 quem
640 2218 668 2240 et
685 2214 777 2240 omnia
795 2214 867 2242 facta
882 2221 961 2250 sunt;

1036 2213 1172 2250 νθρώποις
1197 2215 1440 2252 πολιτευσάμενον,
1459 2218 1506 2244 καὶ
1526 2218 1646 2244 παθόντα
1669 2220 1716 2245 καὶ
1737 2221 1806 2247 ἁνα-

182 2255 229 2288 qui
245 2260 359 2290 propter
376 2261 500 2283 nostram
521 2258 637 2286 salutem
657 2260 833 2293 incarnatus.
850 2266 878 2289 et
893 2262 964 2290 inter

182 2301 309 2329 homines
330 2306 475 2336 versatus,
497 2308 525 2330 et
550 2312 647 2339 passus
668 2310 710 2332 est
724 2315 731 2333 :
747 2311 775 2334 et
789 2308 965 2341 ,ressurrexit

182 2347 263 2374 tertia
274 2347 330 2379 die,
345 2353 373 2375 et
385 2350 508 2377 ascendit
522 2350 556 2377 ad
571 2349 689 2384 Patrem,
706 2357 839 2380 vcnlurus
854 2362 962 2382 rursum

181 2392 209 2418 in
228 2392 315 2426 gloria
337 2393 373 2419 ad
392 2393 574 2428 judicandum
592 2394 668 2422 vivos
687 2400 715 2423 et
738 2401 874 2424 mortuos.
895 2397 963 2425 Cre-

181 2437 272 2465 dimus
293 2439 376 2465 etiam
394 2439 422 2466 in
440 2438 572 2474 Spiritum
588 2446 711 2468 sanctum
727 2449 735 2468 :
756 2442 854 2469 horum
869 2450 965 2478 quem-

180 2491 234 2518 que
251 2492 313 2512 esse
327 2490 356 2513 et
373 2486 525 2514 subsistere
539 2487 694 2519 credentes,
711 2487 820 2516 Patrem
836 2497 901 2516 vere
914 2490 965 2518 l’a-

182 2534 262 2562 trem,
282 2536 311 2557 et
327 2531 425 2558 Filium
442 2539 507 2559 vere
521 2532 631 2566 Filium,
647 2537 675 2561 et
690 2533 823 2568 Spiritum
838 2539 964 2562 sanctum

180 2584 245 2603 vcre
265 2577 399 2611 Spiritqu
422 2583 565 2611 sanctum,
585 2579 815 2614 quemadmodum
829 2585 857 2608 et
873 2582 964 2609 Domi-

179 2629 235 2648 nus
256 2628 352 2650 no-ster
373 2624 523 2660 discipulos
541 2633 607 2652 suos
622 2626 655 2652 ad
672 2627 843 2661 praedicandi
864 2635 964 2654 munus

180 2668 308 2700 mittens,
330 2668 421 2703 inquit
436 2681 442 2697 :
463 2671 576 2702 Euntes.
593 2672 682 2699 docete
699 2681 788 2699 omnes
801 2677 901 2707 gentes,
917 2673 964 2700 ba-

180 2715 310 2747 ptizanm
333 2723 376 2743 eos
399 2717 425 2743 in
450 2725 544 2744 nomen
566 2718 656 2746 Patris
676 2723 706 2746 et
724 2718 787 2746 Filii
805 2724 829 2746 ct
848 2719 962 2754 Spiritus

215 2795 223 2810 ¹
239 2795 291 2822 lsn.
309 2801 383 2827 xxix,
400 2795 443 2821 i5.

215 2855 252 2890 (ι)
268 2853 434 2882 Theodoret.
452 2854 500 2881 lib.
522 2861 540 2886 I,
555 2861 614 2888 cap.
634 2855 660 2880 ll
681 2858 707 2880 ct
731 2853 770 2880 i‘z.

1018 2259 1120 2286 στάντα
1145 2261 1179 2295 τῇ
1203 2260 1281 2296 τρίτῃ
1306 2261 1409 2296 ἡμέρᾳ,
1432 2263 1478 2288 καὶ
1504 2263 1649 2289 ἀνελθόντα
1666 2264 1734 2298 πρὸς
1759 2265 1810 2291 τὸν

1017 2306 1138 2339 Πατέρα,
1155 2307 1202 2333 καὶ
1223 2306 1322 2342 ἥξοντα
1340 2307 1421 2333 πάλιν
1446 2308 1474 2334 ὲν
1491 2307 1565 2343 δόξῃ,
1585 2310 1676 2343 κρῖναι
1699 2310 1810 2342 ζῶντας

1016 2352 1064 2378 καὶ
1090 2353 1215 2386 νεκρούς.
1244 2353 1415 2388 Πιστεύομεν
1440 2354 1488 2381 καὶ
1520 2355 1560 2386 εἰς
1584 2355 1613 2381 τδ
1636 2355 1751 2390 Πνεῦμα
1775 2358 1809 2383 τδ

1015 2398 1093 2433 ἀγιον
1106 2406 1113 2414 ·
1130 2399 1233 2426 τούτων
1251 2400 1366 2426 ἕκαστον
1380 2398 1451 2428 εἶναι
1469 2401 1516 2427 καὶ
1538 2401 1673 2437 ὑπάρχειν
1692 2404 1810 2429 πιστεύ-

1015 2451 1091 2475 οντες
1105 2444 1214 2478 Πατέρα
1229 2444 1365 2479 ἀληθινῶς
1387 2446 1507 2481 Πατέρα,
1525 2446 1571 2473 καὶ
1589 2447 1653 2473 Υῐὶν
1667 2447 1809 2480 ἀληθινῶς

1016 2489 1091 2521 Υἱὸν,
1112 2490 1159 2515 καὶ
1181 2490 1297 2526 Πνεῦμα
1319 2491 1397 2525 ἅγιον
1417 2492 1552 2526 ἀληθινῶς
1578 2493 1689 2526 Πνεῦμα
1708 2493 1805 2527 ἅγιον·

1015 2535 1087 2562 καθὰ
1101 2537 1170 2562 καὶό
1186 2536 1286 2572 Κύριος
1298 2538 1377 2572 ἡμῶν
1392 2538 1564 2565 ἀποστέλλων
1575 2539 1615 2571 εις
1625 2538 1653 2565 τὸ
1670 2541 1809 2574 κήρυγμα

1017 2581 1079 2610 τοὺς
1099 2581 1194 2607 ἑαυτοῦ
1224 2582 1360 2618 μαθητὰς,
1377 2581 1438 2610 εἷπε
1455 2592 1462 2600 ·
1490 2584 1690 2618 Πορευθέντες
1707 2588 1808 2620 μαθηε

1017 2627 1145 2654 reddare
1159 2629 1257 2655 πάντα
1273 2628 1308 2655 τὰ
1323 2629 1407 2664 ἔθνη,
1421 2630 1618 2664 ,βαπτίζοντες
1633 2632 1746 2664 αὐτοὺς
1762 2635 1809 2665 εἰς

1016 2675 1050 2701 τὸ
1067 2675 1159 2709 ὄνομα
1177 2677 1230 2703 τοῦ
1244 2678 1358 2712 Πατρός
1373 2679 1421 2705 καὶ
1435 2679 1488 2706 τοῦ
1506 2679 1575 2706 Υίοῦ
1591 2679 1705 2706 καὶτοῦ
1716 2679 1807 2714 ἁγίου

1016 2721 1201 2755 Πνεύμιιτος,
1232 2723 1299 2758 Περὶ
1326 2721 1364 2751 ὧν
1387 2725 1435 2751 καὶ
1460 2725 1691 2761 διαϐεϐαιούμεθα
1716 2725 1808 2756 οὓτως
