1894 3070
195 161 229 191 37
803 165 1013 196 mcuvnom
1036 166 1205 197 CALLISTI
1692 157 1700 163 ’
1782 166 1817 198 88

196 216 294 243 Filium
309 225 315 243 :
331 220 532 251 proptereaque
550 225 604 244 non
619 225 679 245 esse
696 226 759 245 eum
778 219 923 252 facturam,
940 230 944 246 ι

1058 221 1138 255 σίημα
1155 219 1300 254 τυγχάνειν
1317 219 1421 250 οὐσίας,
1440 218 1473 254 ἢν
1491 218 1524 244 ἐκ
1537 217 1583 244 τοῦ
1601 218 1711 253 Πατρδς
1722 227 1806 253 γεγιν

195 270 256 295 quae
273 269 322 296 pcr
333 262 420 297 ipsum
433 263 511 290 factae
526 268 591 290 sunt
606 264 722 292 similem
735 274 741 291 :
758 267 975 300 praestantiorem

195 315 286 336 autem
304 317 386 344 quam
405 314 558 337 creaturam
578 318 687 337 onmem
707 312 832 339 obtinere
848 313 974 340 substan-

196 354 278 384 tiam,
301 362 383 388 quam
401 362 434 381 ex
446 353 526 382 Patre
542 355 661 389 genitam
685 362 747 383 esse
761 355 854 383 divina
878 357 978 384 docent

195 399 329 427 oracula:
356 407 419 427 cum
446 400 557 435 quidem
584 401 684 428 modus
705 401 765 436 ipse
792 404 978 437 generationis

195 445 270 472 omni
287 446 385 480 genitae
398 451 503 474 natura:
516 446 666 474 ineﬁ‘abilis
680 447 726 480 sit,
742 451 770 474 et
788 448 977 476 inconsiderar

194 492 268 520 bilis.
291 492 424 520 Similiter
445 501 511 520 vero
531 494 602 521 ratio
621 493 708 528 probe
723 493 886 529 disquisita,
908 503 976 522 con-

195 538 403 566 substantialem
422 539 511 567 Patris
525 547 587 567 esse
602 540 702 567 Filium
716 541 827 572 astruit,
843 548 898 568 non
915 541 978 576 qui-

195 584 257 610 dem
274 580 422 619 corporum
439 593 528 618 more,
541 594 631 621 neque
647 587 680 614 ad
700 587 879 615 animantium
896 588 976 616 morti

194 630 375 658 obnoxiorum
395 631 502 659 instar:
521 640 610 666 neque
623 633 707 660 etiam
720 633 795 668 juxta
811 633 975 662 divisionem

194 675 365 708 substantiae,
385 684 475 711 neque
492 678 570 713 juxta
590 679 774 706 resectionem
789 687 796 706 :
814 680 862 707 sed
886 687 976 714 neque

192 720 269 754 juxta
285 722 490 756 perpessionem
504 723 674 757 quampiam,
687 727 735 750 aut
749 723 916 755 versionem,
930 728 977 750 aut

194 766 375 793 mutatiOnem
399 766 486 795 Patris
506 768 634 800 virtutis;
659 767 734 803 quod
754 769 842 796 aliena
863 777 977 803 prorsus

194 811 230 838 ab
250 811 292 839 his
314 813 442 840 omnibus
463 812 501 841 sit
522 813 644 848 ingenita
665 814 763 846 ,Patris
785 819 904 841 natura:
921 814 976 845 ised

196 858 270 891 quod
282 859 526 886 consubstantialis
538 858 613 887 Patri
627 859 746 890 dicatur,
762 859 828 888 illud
841 860 978 894 signiﬁcat

197 908 280 937 atque
306 904 404 937 infert,
436 905 537 932 nullam
564 905 678 934 omnino
702 905 913 932 similitudinem
943 907 976 932 ad
993 895 1014 922 Β

196 955 339 975 crcaruras
354 948 478 976 conditas
494 948 592 976 Filium
611 949 656 976 Dei
675 948 746 976 ferre
757 968 765 981 ,
781 949 829 976 sed
846 950 892 983 qui
913 957 976 977 eum

196 994 302 1028 genuit,
317 994 391 1023 Patri
406 998 510 1023 tantum
526 994 616 1022 modis
629 995 761 1023 omnibus
775 1003 836 1022 esse
848 996 976 1028 similem,

197 1045 225 1067 et
241 1048 295 1068 non
310 1048 371 1068 esse
385 1048 418 1069 ex
434 1041 487 1068 alia
508 1041 637 1076 quapiam
656 1041 835 1069 subsistentia
851 1042 892 1069 vel
911 1042 977 1072 sub-

197 1085 297 1113 stantia
310 1093 391 1120 quam
405 1086 505 1115 Patris.
517 1086 567 1113 Cui
583 1086 678 1117 verbo,
690 1094 723 1113 eo
738 1091 816 1121 pacto
829 1094 878 1122 per
889 1087 975 1115 inter-

199 1132 378 1164 pretationem
391 1132 524 1167 exposito,
537 1138 611 1161 recte
634 1132 716 1160 nobis
727 1133 814 1161 visum
829 1137 871 1160 est
885 1140 978 1162 assen-

198 1177 254 1208 tiri,
264 1177 400 1212 praucipue
411 1184 473 1205 cum
489 1178 635 1211 sciremus,
657 1186 692 1205 ex
703 1178 844 1206 veteribus
854 1179 976 1205 eruditos

196 1222 331 1257 quosdam
349 1229 376 1250 et
396 1228 533 1258 spectatos
552 1224 697 1258 episcopos
712 1228 740 1251 et
760 1224 909 1259 scriptores
925 1225 976 1259 (l),

196 1269 278 1304 579
300 1270 327 1297 in
348 1270 510 1304 exponenda
527 1270 614 1298 Patris
630 1276 658 1298 et
680 1272 741 1301 Fllii
764 1271 917 1299 divinitatis
933 1279 976 1301 ra-

196 1315 270 1343 tione
303 1315 352 1345 τοῦ
375 1316 518 1351 όμριουσίου
545 1317 656 1344 nomine
678 1325 743 1345 usos
766 1325 836 1346 esse.
865 1317 926 1345 Haec
941 1317 975 1345 de

195 1361 366 1395 professione
385 1360 447 1389 tidei
464 1362 615 1397 publicitus
626 1362 700 1390 edita
728 1367 794 1389 sunt
822 1363 904 1391 dicta.
924 1362 974 1391 Cui

196 1407 314 1437 universi
335 1407 516 1439 assensimus,
528 1413 556 1435 et
569 1407 680 1442 quidem
697 1416 748 1434 non
763 1409 830 1435 citra
844 1408 976 1442 disquisi-

195 1453 313 1490 tionemI
340 1453 386 1480 sed
408 1453 485 1488 juxta
512 1453 662 1480 sententias
690 1452 718 1479 in
747 1453 893 1487 prmsentia
918 1453 975 1480 Deo

196 1500 290 1528 dilecti
315 1499 488 1533 imperatoris
510 1499 703 1534 invcstigatas,
729 1499 864 1533 nobisque
889 1506 974 1533 expo-

195 1545 272 1575 sitas.
289 1549 318 1572 et
330 1544 484 1573 ratiouibus
501 1552 570 1579 quas
585 1545 703 1572 diximus
718 1551 752 1572 ex
769 1544 894 1579 professo
909 1552 975 1573 cou-
990 1561 1011 1588 ο

195 1595 351 1619 senlaneas.
369 1589 456 1618 Porro
473 1590 618 1618 anathema
635 1590 708 1625 quod
726 1590 890 1626 professioni
914 1589 976 1618 ﬁdei

195 1636 231 1664 ab
246 1636 287 1664 eis
299 1641 341 1663 est
356 1636 501 1671 adjectum,
516 1636 749 1671 comprobandum
764 1644 824 1665 esse
836 1636 975 1667 duximus.

196 1687 227 1712 ut
245 1683 370 1714 homines
390 1683 506 1710 vocibus
526 1691 587 1718 quae
607 1683 634 1710 in
653 1683 805 1718 Scripturis
822 1690 876 1710 non
897 1682 975 1710 inve-

196 1730 325 1761 niantur,
343 1728 382 1756 uti
398 1728 623 1763 prohiberentur,
643 1737 704 1764 qua:
721 1729 777 1757 fere
790 1737 898 1757 causam
917 1737 978 1757 om-

195 1782 258 1802 nem
274 1774 428 1802 confusioni
450 1778 477 1801 et
493 1774 621 1802 seditioni
644 1775 772 1803 Ecclesia
789 1775 974 1810 praebuerunt.

195 1821 303 1850 Nullius
318 1829 383 1849 sane
401 1820 533 1852 divinitus
549 1822 698 1856 inspirata,
713 1826 813 1856 etquae
831 1822 885 1849 rite
901 1822 977 1850 ordi-

196 1874 287 1902 neque
309 1867 390 1895 dictis
416 1867 503 1896 utitur
528 1867 687 1902 Scripturaz,
706 1872 771 1895 sunt
784 1867 841 1900 illa,
862 1874 896 1895 ex
919 1875 975 1895 non

197 1913 410 1942 existentibus:
424 1917 461 1944 et,
478 1912 541 1940 Fuit
552 1913 700 1948 aliquando
720 1918 827 1948 tempus
843 1921 906 1941 cum
921 1921 976 1940 non

196 1964 279 1988 essst.
303 1959 393 1992 Quare
414 1959 513 1987 rationi
539 1961 630 1987 minus
650 1965 865 1991 consentaneum
887 1961 975 1989 visum

195 2011 248 2038 est,
265 2013 297 2033 ea
323 2010 349 2033 et
367 2006 459 2034 dicere
479 2011 507 2034 et
526 2006 646 2034 docere:
665 2014 720 2041 quo
742 2006 850 2037 facilius
871 2007 976 2034 calculo

195 2052 279 2079 etiam
300 2056 393 2079 nostro
411 2052 463 2080 rite
480 2051 623 2080 decretum
649 2052 794 2082 anathema
814 2053 978 2087 comproba-

196 2098 297 2128 vimus.
313 2097 424 2132 quando
436 2097 545 2131 quidem
559 2106 649 2132 neque
661 2102 795 2127 anteactis
807 2100 977 2133 temporibus

196 2143 364 2178 ejuscemodi
383 2143 476 2171 verbis
493 2143 532 2171 uti
551 2144 623 2171 soliti
637 2152 744 2172 sumus.
764 2145 835 2177 Quin
851 2151 879 2172 et
897 2146 975 2178 illud,

196 2189 267 2217 Eum
297 2193 443 2223 antequam
472 2190 629 2224 gigneretur
657 2197 712 2218 non
740 2190 839 2223 fuisse,
863 2192 978 2220 anathe-

197 2239 270 2262 mate
281 2234 407 2269 jugulare
419 2242 473 2264 non
487 2234 636 2261 absurdum
650 2236 815 2271 putavimus,
831 2241 975 2271 propterea

195 2281 269 2315 quod
293 2287 390 2308 omnes
409 2280 599 2319 proﬁteantur,
621 2288 684 2308 eum
709 2289 769 2309 esse
793 2281 892 2309 Filium
915 2283 975 2317 Dei,

195 2328 278 2354 etiam
298 2332 372 2354 ante
396 2327 564 2357 nativitatem
592 2327 742 2355 secundum
770 2336 890 2356 carnem.
917 2329 975 2357 Jam

195 2380 261 2401 vero
285 2377 311 2400 et
333 2373 381 2402 Dei
406 2373 611 2402 amantissimus
637 2374 787 2408 imperator
813 2375 976 2410 professioni

195 2420 279 2448 inseri
303 2419 429 2450 curavit,
451 2419 531 2448 Juxta
554 2419 674 2450 divinam
700 2420 774 2448 illitis
793 2421 975 2453 nativitatem,

195 2472 259 2494 ante
284 2468 377 2494 omnia
402 2467 478 2494 illum
505 2466 637 2494 exsistere
661 2467 770 2494 saecula.
795 2467 863 2494 Cum
890 2467 972 2494 etiam

195 2514 355 2549 priusquam
368 2517 430 2541 actu
442 2513 612 2548 gigneretur,
626 2513 747 2548 potentia
758 2513 841 2540 fuerit
856 2513 884 2539 in
896 2511 975 2539 Patre

195 2560 335 2595 ingenito,
361 2559 442 2587 Patre
468 2567 578 2594 semper
594 2560 747 2587 exsistente
769 2558 868 2592 Patre,
893 2558 975 2586 sicuti

194 2613 304 2639 quoque
321 2613 384 2640 rege
400 2613 509 2640 semper
524 2611 553 2633 et
568 2606 728 2635 Salvature:
745 2605 865 2639 potentia
881 2604 975 2632 omnia

193 2651 354 2681 exsistente.
371 2658 534 2686 semperque
548 2650 700 2679 secundum
716 2649 812 2677 eadem
827 2654 855 2677 et
876 2649 975 2676 simili-

194 2700 236 2722 ter
253 2702 282 2722 se
299 2695 427 2722 habente.
444 2695 507 2723 Haec
523 2695 614 2727 vobis,
633 2694 799 2726 charissimi,
819 2694 974 2722 necessario

1029 267 1126 301 νῆσθαι
1142 267 1176 292 τὰ
1189 266 1249 292 θεῖα
1268 264 1387 291 διδάσκει
1404 264 1494 298 λόγια,
1512 263 1559 290 τοῦ
1574 264 1676 297 τρόπου
1689 265 1740 300 τῆς
1757 273 1822 299 γεν-

1029 314 1133 347 νήσεως
1157 313 1204 338 καὶ
1221 311 1408 345 άνεκφράστου
1430 310 1478 336 καὶ
1502 310 1714 343 ἀνεπιλσγίστου
1741 312 1822 346 πάσῃ

1028 358 1143 392 γεννητῇ
1168 357 1248 391 φύσει
1263 357 1453 391 τυηάνοντος.
1469 355 1547 382 Οὕτω
1563 355 1591 381 δε
1607 356 1654 382 καὶ
1674 356 1706 381 τὺ
1720 357 1822 390 ὀμ.οού-

1029 413 1085 431 σιον
1098 403 1167 430 εἶναι
1182 403 1230 430 τοῦ
1243 402 1347 437 Πατρὺς
1361 401 1407 429 τὸν
1423 401 1488 429 Υῑδν
1503 400 1698 435 ἐξεταζόμενος
1709 401 1723 427 6
1737 401 1820 434 λόγος

1028 450 1193 484 συνίστησιν,
1210 449 1241 475 οὐ
1258 449 1329 475 κατὰ
1343 448 1390 475 τὸν
1408 447 1463 474 τῶν
1482 447 1615 481 σωμάτων
1627 446 1739 479 τρόπον,
1755 447 1821 474 οὐδὲ

1027 496 1083 526 τοῖς
1107 494 1215 528 θνητοῖς
1238 494 1318 525 ζώοις
1334 493 1536 528 παραπλησίως
1550 501 1556 509 ·
1581 493 1643 520 οὔτε
1663 494 1720 527 γάρ
1745 495 1822 520 κατὰ

1027 541 1160 575 διαίρεσιν
1176 540 1225 573 τῆς
1240 539 1344 571 οὐσίας,
1360 538 1422 566 οὔτε
1435 539 1506 564 κατὰ
1516 538 1668 573 ἀποτομὴν,
1682 538 1741 563 ἀλλ’
1756 539 1821 566 οὐδὲ

1027 585 1099 611 κατά
1113 593 1139 611 τι
1152 585 1248 617 πάθος,
1263 584 1407 620 τροπὴν,ἢ
1422 583 1566 610 ἀλλοίωσιν
1586 583 1633 617 τῆς
1648 583 1693 610 τοῦ
1708 583 1820 617 Πατρδς

1026 632 1178 665 δυνάμεως.
1191 630 1299 658 Τούτων
1312 631 1366 664 γάρ
1382 631 1511 658 ἁπάντων
1524 630 1664 664 ἀλλότριον
1677 628 1751 655 εἶναι
1767 630 1821 663 τὴν

1026 677 1173 712 ἀγέννητον
1190 677 1294 710 Πατρός
1311 675 1392 711 φύσιν
1405 684 1412 692 ·
1430 676 1636 710 παραστατικὸν
1653 675 1682 700 δὲ
1699 672 1770 700 εἶναι
1790 675 1822 700 τὸ

1026 723 1170 758 όμοούσιον
1189 722 1229 757 τῷ
1247 723 1334 757 Πατρὶ
1357 721 1403 749 τοῦ
1424 721 1561 757 μηδεμίαν
1578 721 1728 755 ἐμφέρειαν
1745 720 1820 754 πρὸς

1026 771 1060 797 τά
1074 768 1190 804 γεννητὰ
1207 768 1343 802 κτίσμα-τα
1351 767 1397 794 τὸν
1406 767 1470 794 Υιὺν
1485 767 1532 793 τοῦ
1548 766 1616 792 Θεοῦ
1632 767 1729 800 φέρειν
1740 774 1746 780 ·
1767 766 1821 800 μό-

1027 824 1071 842 νον
1097 815 1126 842 δὲ
1140 814 1179 849 τῷ
1200 814 1288 848 [latth
1302 813 1340 848 τῷ
1352 813 1529 848 γεγεννηκότι
1549 813 1620 839 κατὰ
1635 812 1725 838 πᾶν-σα
1749 812 1820 845 τρι.

1027 870 1080 888 πον
1094 860 1300 894 ἀφομοιοῦσθαι,
1313 860 1359 886 καὶ
1371 860 1408 894 μὴ
1424 857 1492 886 εἶναι
1507 858 1537 890 ἐξ
1551 859 1647 893 ἑτέρας
1660 858 1734 891 τινὸς
1750 858 1823 884 ὕπο-

1029 906 1149 935 στάσιως
1170 906 1218 931 καὶ
1238 904 1342 935 οὐσίας,
1360 903 1417 929 ἀλλ’
1436 905 1468 929 ἐκ
1489 902 1536 929 τοῦ
1564 903 1689 936 Πατρός·
1714 898 1737 934 ᾧ
1768 902 1821 929 καὶ

1028 951 1102 985 αὐτῷ
1117 951 1211 977 τοῦτον
1228 950 1422 985 ἑρμηνευθέντι
1439 949 1484 975 τὸν
1501 949 1612 983 τρόπον,
1633 947 1723 978 καλῶς
1739 947 1820 982 ἔχειν

1027 997 1113 1032 ἐφάνη
1128 995 1391 1029 συγκατατίθεσθαι·
1404 994 1464 1021 ἐπεὶ
1475 995 1520 1021 καὶ
1532 994 1586 1020 τῶν
1602 993 1725 1019 παλαιῶν
1738 1002 1822 1024 τινας

1025 1043 1132 1077 λογίους
1143 1043 1285 1075 ἐπιφανεῖς
1296 1041 1462 1072 ἐπισκόπους
1473 1041 1520 1068 καὶ
1537 1040 1715 1074 συγγραφέας
1728 1039 1822 1072 ἔγνως-

1027 1098 1078 1124 μεν
1088 1108 1096 1121 ,
1114 1088 1160 1116 ἐπὶ
1175 1088 1222 1122 τῆς
1235 1087 1281 1114 τοῦ
1297 1087 1400 1122 Πατρδς
1418 1087 1463 1112 καὶ
1478 1086 1525 1114 τοῦ
1542 1086 1606 1112 Υὶοῦ
1622 1085 1764 1117 θεολογίας
1778 1085 1822 1119 τῷ

1026 1135 1072 1165 τοῦ
1086 1135 1229 1169 όμοουσίου
1244 1133 1489 1168 συγχρησαμὲνους
1505 1132 1629 1166 ὀνόματι.
1652 1130 1748 1158 Ταῦτα
1765 1131 1821 1164 μὲν

1026 1181 1090 1216 περὶ
1109 1180 1157 1215 τῆς
1175 1179 1332 1213 ἐκτεθείσης
1365 1178 1485 1214 εἰρήσθω
1500 1178 1632 1207 πίστεως·
1691 1185 1822 1210 συνεφως

1026 1227 1149 1261 νήσαμεν
1161 1226 1281 1255 ἅπαντες
1297 1224 1348 1253 οὐκ
1372 1223 1571 1255 ἀνεξετάστως,
1587 1222 1654 1251 ἀλλὰ
1675 1224 1749 1249 κατά
1766 1223 1822 1253 τὰς

1025 1271 1204 1301 άποόοθείσας
1221 1270 1352 1302 διανοίας,
1367 1270 1411 1296 ἐπ’
1424 1269 1505 1295 αὐτοῦ
1522 1269 1568 1297 τοῦ
1584 1268 1725 1302 θεοφιλοῦς
1738 1269 1773 1303 βα
1780 1277 1822 1294 τις

1025 1317 1092 1349 λέως
1117 1316 1319 1349 ἐξετασθείσας,
1337 1316 1385 1341 καὶ
1410 1317 1464 1346 τοῖς
1490 1315 1645 1349 εἰρημένοις
1671 1314 1820 1348 λογισμοῖς

1027 1362 1301 1398 συνομολογηθείσας.
1330 1361 1385 1388 Καὶ
1407 1361 1453 1389 τὸν
1477 1360 1699 1395 άναθεματισμδν
1718 1360 1748 1386 δὲ
1768 1361 1819 1388 τὸν

1027 1409 1095 1443 μετὰ
1119 1409 1168 1443 τὴν
1185 1409 1276 1437 πίστιν
1296 1407 1365 1442 πρὸς
1382 1406 1472 1435 αὐτῶν
1489 1399 1609 1433 τεθέντα.
1630 1406 1725 1432 eam».
1743 1404 1820 1434 εἶναι

1025 1454 1206 1489 ἡγησάμεθα,
1226 1453 1269 1480 διὰ
1284 1454 1314 1480 τὸ
1330 1454 1475 1487 ἀπείργειν
1499 1453 1636 1487 ἀγράφοις
1656 1451 1819 1487 χρήσασθαι

1026 1502 1145 1534 φωναῖς’
1165 1499 1199 1526 δι’
1217 1499 1248 1530 ἃς
1265 1500 1357 1534 σχεδὸν
1373 1501 1447 1529 πᾶσα
1468 1500 1590 1533 ἐγεγόνει
1613 1496 1747 1533 σύγχυσις
1768 1500 1820 1525 καὶ

1027 1546 1215 1578 ἀκαταστασία
1237 1546 1285 1580 τῆς
1307 1545 1481 1580 Ἐκκλησίας.
1498 1545 1642 1579 Μηδεμιᾶς
1663 1544 1730 1578 γοῦν
1753 1543 1820 1570 θεο-

1028 1593 1161 1620 πνεύστου
1181 1592 1293 1627 Γρσφῆς
1317 1592 1357 1624 τὺ,
1379 1591 1423 1624 Ἐξ
1455 1592 1505 1618 οὐκ
1515 1591 1610 1624 όντων,
1625 1591 1672 1617 καὶ
1690 1591 1731 1623 τὸ,
1759 1588 1820 1618 Ἶιν

1028 1640 1093 1670 ποτε
1104 1640 1148 1668 ὅτε
1163 1640 1213 1665 οὐκ
1227 1637 1271 1674 ἦν,
1285 1640 1397 1669 καὶτοῖς
1412 1638 1474 1672 ἑξῆς
1488 1638 1696 1672 ὲπιλεγομὲνοις
1712 1645 1820 1673 κεχρη-

1029 1686 1125 1721 μένης,
1143 1686 1193 1712 οὐκ
1209 1685 1319 1718 εὔλογον
1337 1685 1424 1719 ἐφάνη
1439 1684 1527 1714 ταῦτα
1541 1684 1588 1711 καὶ
1604 1683 1694 1717 λέγειν
1710 1684 1760 1710 καὶ
1777 1684 1820 1710 δι-

1026 1732 1152 1758 δάσκεινο
1168 1731 1214 1758 καὶ
1225 1730 1298 1765 αὐτῷ
1311 1730 1402 1761 καλῶς
1416 1730 1522 1763 δόξαντι
1544 1728 1714 1763 συνεθέμεθα
1727 1737 1734 1743 ·
1753 1729 1822 1757 ἐπεὶ,

1029 1777 1095 1812 μηδὲ
1106 1779 1133 1803 ἐν
1145 1777 1183 1811 τῷ
1195 1776 1247 1812 πρὸ
1260 1776 1354 1805 τούτου
1370 1776 1457 1811 χρόνῳ
1469 1775 1573 1806 τούτοις
1587 1775 1732 1808 εἰώθειμεν
1749 1783 1822 1809 συγτ

1027 1823 1145 1858 χρῆσθαι
1155 1824 1211 1853 τοῖς
1228 1823 1342 1857 ῥήμασι.
1359 1822 1419 1848 Ἔτι
1438 1822 1491 1856 μὴν
1505 1822 1535 1847 τδ
1550 1821 1821 1855 ἀναθεματίζεσθαι,

1027 1869 1063 1895 Τὸ
1080 1869 1132 1903 πρὸ
1142 1868 1188 1894 τοῦ
1203 1867 1367 1902 γεννηθῆναι
1377 1867 1426 1894 οὐκ
1435 1865 1480 1902 ἦν,
1489 1867 1539 1893 οὐκ
1553 1866 1654 1893 ἄτοπον
1666 1867 1817 1903 ἐνομίσθη,

1027 1915 1056 1940 τὸ
1067 1915 1142 1948 παρὰ
1155 1914 1222 1940 πᾶσι
1238 1914 1286 1948 μὲν
1302 1913 1494 1948 ὁμολογεῖσθαι
1506 1911 1577 1940 εἶναι
1594 1912 1674 1939 αὐτὸν
1689 1912 1755 1939 Υἱὸν
1767 1914 1821 1941 τοῦ

1027 1961 1096 1988 Θεοῦ
1111 1962 1160 1987 καὶ
1180 1961 1233 1996 πρὸ
1249 1961 1297 1996 τῆς
1315 1961 1386 1987 κατά
1402 1961 1491 1995 σάρκα
1516 1960 1679 1994 γεννήσεως.
1696 1960 1772 1995 Ἤδη
1788 1962 1820 1988 δὲ

1026 2008 1040 2034 ό
1065 2006 1193 2042 θεοφιλὴς
1212 2007 1291 2042 ἡμῶν
1310 2006 1440 2041 βασιλεὺς
1463 2005 1502 2040 τῷ
1521 2006 1592 2041 λόγῳ
1623 2007 1820 2039 κατεσκεύαζε

1027 2053 1099 2080 κατὰ
1124 2052 1173 2088 τὴν
1195 2052 1285 2079 ἔνθεον
1311 2052 1394 2078 αὑτοῦ
1414 2052 1541 2086 γέννησιν
1566 2051 1597 2079 τὸ
1621 2053 1675 2088 πρὸ
1701 2053 1821 2081 πάντων

1028 2099 1134 2125 αἰώνων
1164 2097 1234 2124 εἶναι
1259 2097 1358 2125 αὐτόν·
1377 2098 1438 2124 ἐπεὶ
1462 2097 1509 2124 καὶ
1526 2097 1591 2132 πρὶν
1605 2098 1733 2134 ἐνεργείᾳ.
1749 2107 1821 2133 γεν-

1027 2145 1151 2180 νηθῆναι,
1168 2144 1283 2179 δυνάμει
1299 2142 1332 2179 ἦν
1348 2144 1377 2171 ὲν
1390 2143 1429 2178 τῷ
1443 2144 1531 2178 Πατρὶ
1547 2144 1713 2178 ἀγεννῆ-τως,
1736 2144 1822 2177 am;

1027 2190 1075 2216 τοῦ
1100 2191 1206 2225 [ἰατρὸς
1229 2190 1273 2216 ἀεὶ
1289 2190 1406 2224 Πατρός,
1430 2190 1468 2221 ὡς
1490 2192 1537 2218 καὶ
1553 2189 1685 2224 βασιλέως
1702 2190 1748 2216 ἀεὶ
1768 2196 1822 2223 καὶ

989 2227 1016 2256 Ῑ)
1028 2237 1165 2272 Σωτῆρος,
1182 2237 1228 2263 καὶ
1243 2235 1357 2270 δυνάμει
1376 2236 1466 2262 πάντα
1479 2237 1565 2268 ὄντος,
1581 2235 1623 2262 άει
1637 2244 1667 2262 τε
1683 2237 1757 2262 κατὰ
1783 2239 1823 2265 τὰ

1026 2282 1097 2308 αὐτὰ
1110 2283 1156 2308 καὶ
1170 2281 1302 2314 ὡσαύτως
1318 2280 1437 2316 ἔχοντος.
1454 2281 1545 2311 Ταῦτα
1570 2282 1635 2316 ὑμῖν
1651 2282 1821 2316 ἀναγκαίως

1026 2326 1248 2362 διεπεμψάμεθα,
1264 2327 1413 2362 ἀγαπητοὶ,
1427 2327 1462 2353 τά
1476 2327 1626 2362 κεκριμένα
1643 2327 1693 2362 τῆς
1709 2327 1820 2362 ἡμετέ-

1028 2382 1076 2407 ρας
1091 2373 1241 2406 ὲξετάσεώς
1255 2381 1285 2400 τε
1305 2373 1353 2401 καὶ
1368 2374 1609 2406 συγκαταθέσεως,
1625 2374 1731 2408 φανερὰ
1748 2375 1823 2401 καθγ

1029 2419 1151 2451 ιστάντες
1161 2426 1168 2434 ·
1183 2420 1221 2451 ὡς
1235 2419 1353 2452 εὐλόγως
1368 2420 1434 2452 ποτὶ
1452 2420 1500 2454 μὲν
1518 2420 1565 2445 καὶ
1580 2420 1676 2454 μέχρις
1692 2420 1822 2456 ὑστάτης

1028 2464 1101 2499 ὥρας
1124 2465 1273 2499 ίστάμεθα,
1298 2466 1359 2493 ὅθεν
1378 2467 1444 2501 ἡμῖν
1467 2465 1503 2497 τά
1518 2465 1646 2500 ἐτεροίως
1670 2467 1822 2500 γραφέντα

1029 2511 1201 2546 προσέκοπτε
1218 2519 1225 2527 ·
1240 2512 1301 2538 τότε
1322 2511 1351 2538 δὲ
1364 2512 1546 2546 ἀφιλονείκως
1562 2511 1597 2538 τὰ
1614 2510 1651 2546 μὴ
1673 2511 1822 2540 λυποῦντα

1027 2557 1244 2592 καταδεξάμεθα,
1259 2557 1299 2584 ὅθ’
1314 2558 1379 2592 ἡμῖν
1395 2557 1578 2592 εὐγνωμόνως
1592 2557 1647 2583 τῶν
1663 2557 1753 2591 λόγων
1774 2558 1823 2591 ἐξ·

1027 2604 1152 2636 ετάξουσι
1177 2605 1226 2639 τὴν
1249 2604 1378 2639 διάνοιαν,
1409 2606 1520 2640 ἐμφανῆ
1551 2605 1712 2640 σύμπραξιν
1740 2607 1821 2640 ἔχειν

1024 2650 1099 2682 ἔδοξε
1126 2651 1182 2682 τοῖς
1207 2650 1251 2684 ὑφ’
1276 2650 1356 2685 ἡμῶν
1382 2651 1472 2678 αὐτῶν
1498 2651 1527 2677 ἐν
1551 2652 1585 2684 τῇ
1610 2651 1821 2688 προεκτεθείσῃ

1028 2695 1118 2722 πίστει
1132 2696 1363 2732 ὡμολογημένοιςι
1382 2706 1392 2722 ι

194 2741 389 2775 perscribenda
405 2744 573 2777 putavimus,
588 2747 618 2769 ut
634 2748 693 2776 quae
712 2741 931 2776 disquisitionem
953 2745 981 2769 et
998 2742 1184 2771 aSSensionem
1214 2748 1337 2770 nostram
1367 2743 1516 2771 subsecuta
1527 2743 1582 2770 sint
1595 2742 1706 2769 decreta
1719 2741 1820 2769 ἀεσιιρ

195 2797 306 2823 rarem,
331 2796 358 2818 ct
379 2791 493 2826 pulchre
518 2791 637 2825 primum
659 2789 769 2824 quidem
796 2790 828 2818 ad
854 2790 977 2819 ultimam
998 2798 1085 2826 usque
1111 2791 1206 2819 horam
1225 2792 1333 2820 stetisse
1349 2799 1399 2819 nos
1420 2791 1626 2827 intclligerctis,
1663 2797 1727 2818 cum
1761 2798 1821 2822 nos

229 2873 268 2910 (1)
284 2873 311 2900 In
328 2873 370 2902 bis
390 2878 432 2901 est
447 2872 570 2903 Justinus
585 2873 694 2910 Martyr.
