1894 3070
193 138 226 170 ρι
800 137 1011 167 ΝῘΟΕΡΗΟΒΙ
1029 138 1202 168 CALLISTI
1784 137 1822 167 92

195 203 248 224 teni
272 200 299 222 ri.
319 195 525 230 prmvarii-ation
537 202 571 220 λιιι
591 194 648 221 Arii
665 199 889 229 St‘CiﬂiOrlltllqllc
907 196 996 232 ejus,‘

1037 195 1162 221 icééstuv
1180 194 1226 221 xui
1245 194 1296 229 τὴν
1314 193 1490 229 παρανομίαν
1511 193 1617 228 Ἄρείου
1634 194 1682 220 καὶ
1699 193 1754 221 τῶν
1776 194 1827 220 σὺν

192 248 220 269 ct
235 241 262 268 in
279 241 424 275 praesentia
448 239 494 266 Dei
508 239 691 267 amantissimi
713 239 890 274 imperatoris
906 239 978 266 Con-

194 287 323 317 stantini.
339 285 575 314 consentientibus
599 285 723 311 omnium
741 285 902 316 sententiis,
921 285 978 320 pla-

194 333 279 360 citum
295 331 520 358 ut‘anaiheinate
542 329 625 364 impia
648 331 708 364 ejus
732 330 827 365 opinio
848 334 876 357 et
895 337 979 358 voces

196 384 278 413 atque
302 378 386 404 verba
411 376 568 411 blasphema
593 376 854 409 condemnarentur,
879 377 981 411 quibus

196 424 240 452 illo
254 424 354 450 Filium
369 423 417 450 Dei
432 422 627 457 blasphemans
641 429 710 449 usus
721 427 773 455 est,
785 430 818 450 ex
835 429 889 449 non
906 422 981 449 exsi-

195 469 331 496 steiitibus
354 468 430 496 illum
455 475 516 495 esse
536 467 650 499 dicens,
670 471 698 494 et
720 467 806 494 fuisse
830 466 980 501 aliquando

196 519 305 549 tempus
325 521 387 541 cum
407 521 460 540 non
480 513 575 544 fuerit,
597 517 625 540 et
643 511 753 539 arbitrii
775 511 904 539 libertate
920 511 981 538 vitii

194 560 362 595 virtutisque
385 566 513 594 capacem
536 565 597 586 esse
624 557 726 585 Filium
753 557 802 584 Dei
827 561 982 584 creaturam

194 606 322 634 eumdem
336 610 364 633 et
378 605 510 633 facturam
525 605 682 632 nominans.
699 603 764 636 Quae
778 603 872 630 omnia
887 608 983 629 sancta

197 653 318 688 synodus
342 652 512 679 anathemati
535 650 671 686 subjecit,
697 659 729 676 ne
751 649 847 676 audire
870 649 984 683 quidem

197 699 307 734 impiam
322 698 491 733 opinionem,
508 697 608 724 mentis
629 696 785 723 vecordiam
802 696 979 730 blasphema-

197 753 251 780 qne
264 745 323 780 ejus
340 745 421 771 verba
437 744 586 771 sustinens.
607 744 695 777 Atque
713 742 843 776 equidem
862 750 905 769 res
923 741 985 775 ejus

198 798 279 824 quem
298 795 453 817 consecuta:
473 789 527 816 sint
546 789 663 820 exitum,
686 794 735 815 aut
754 789 809 822 ῇιιιιι
827 787 984 817 audivistis.

199 840 245 862 aut
260 840 333 862 certe
351 834 481 867 audietis,
497 842 532 861 ne
549 834 683 861 insultare
700 841 750 860 nos
765 833 871 859 homini
888 832 985 859 videa-

1031 240 1106 274 αὖτῷ
1116 248 1122 255 ·
1140 241 1186 266 καὶ
1201 239 1248 265 ἐπὶ
1261 238 1398 274 παρουσίᾳ
1412 239 1460 265 τοῦ
1472 239 1681 273 θεοφιλεστάτου
1694 239 1828 274 βασιλέως

1030 286 1239 312 Κωνσταντίνου
1272 284 1362 317 ἔδοξεν
1382 284 1637 319 ἀναθεματισθῆναι
1656 285 1707 320 τὴν
1735 285 1826 319 ἀσεϐῆ

989 365 992 369 ,
1035 332 1118 358 αὑτοῦ
1141 332 1231 364 δόξαν,
1259 332 1307 358 xui
1329 331 1363 358 τὰ
1380 332 1493 366 ῥήματα
1512 332 1559 358 καὶ
1586 332 1620 358 τὰ
1646 332 1772 366 ὀνόματα
1792 332 1829 358 τὰ

1033 378 1183 413 βλάσφημα
1203 375 1243 410 οἷς
1272 377 1406 413 ἐκέχρητο
1430 377 1601 413 βλασφημῶν
1620 378 1666 405 τδν
1693 378 1760 404 Υίὸν
1777 378 1826 404 τοῦ

1032 423 1110 456 Θεοῦ,
1124 425 1171 451 xui
1184 425 1272 459 λέγων
1289 424 1370 450 αὑτὸν
1385 423 1414 456 ἐξ
1433 424 1482 450 οὐκ
1498 424 1595 455 ὄντων,
1610 424 1659 450 καὶ
1673 422 1747 450 εἷναί
1761 432 1829 450 ποτε

1033 471 1077 498 ὅτι
1096 471 1146 497 οὐκ
1163 468 1208 504 ἦν,
1229 471 1275 496 καὶ
1293 469 1515 504 αὖτεξουσιότητι
1533 469 1634 501 κακίας
1650 471 1698 497 καὶ
1725 470 1828 504 ἀρετῆς

1033 517 1156 544 δεκτικὸν
1168 517 1212 543 τὺν
1228 517 1291 544 Υίδιι
1306 517 1351 544 τοῦ
1367 517 1435 543 Θεοῦ
1447 516 1583 551 λέγοντος,
1601 517 1647 543 καὶ
1663 517 1768 551 κτίσμα
1779 519 1828 543 καὶ

1034 564 1140 598 ποίημα
1152 563 1342 598 ὀνομάζοντος.
1353 563 1582 596 Ἀπανταταῦτα
1597 564 1796 598 ἁνεθεμάτισεν
1813 566 1828 599 ἡ

1034 609 1102 642 ἁγία
1124 608 1242 641 σύνοδος,
1261 608 1322 635 οὐδὲ
1337 608 1399 634 ὅσον
1414 608 1531 635 ἀκοῦσαι
1548 609 1596 643 τῆς
1617 608 1734 639 ἀσεϐοῦς
1747 608 1828 641 δόξης

1035 656 1050 689 ἡ
1073 654 1202 685 ἀπονοίας
1222 654 1269 680 καὶ
1283 654 1338 681 τῶν
1365 654 1535 689 βλασφήμων
1556 654 1687 688 ῥημάτιον
1709 654 1827 687 ἀνασχο-

1037 700 1116 736 μένη.
1131 700 1187 727 Καὶ
1202 700 1236 727 τὰ
1253 701 1303 734 μὲν
1319 700 1382 727 κατ’
1405 701 1510 727 ἐκεῖνον
1527 700 1585 726 οἴου
1603 700 1696 730 τέλους
1711 699 1814 734 τετύχη

1037 755 1097 777 κεν,
1129 747 1146 782 ἢ
1163 747 1316 782 ἀκηκόατε,
1345 747 1362 782 ἢ
1389 746 1560 773 ἀκούσεσθε·
1587 746 1631 773 ἵνα
1651 746 1689 780 μὴ
1708 746 1832 778 δόξωμεν

1038 790 1217 823 ἐπεμϐαίνειν
1230 791 1306 826 ἀνδρὶ
1317 791 1352 817 δι’
1365 791 1468 818 οἰκείαν
1488 791 1626 826 ἁμαρτίαν
1642 791 1704 822 ἄξια
1724 791 1758 816 τὰ
1770 791 1830 815 ἐπί-

1038 844 1119 870 χειρα
1141 836 1330 870 κομισαμένῳ.
1353 835 1488 862 Τοσοῦτον
1513 835 1542 861 δὲ
1568 835 1677 869 ἴσχυσεν
1703 834 1786 860 αὐτοῦ
1816 835 1831 867 ἡ

201 889 261 907 iniir
274 881 320 914 qui
336 881 438 914 peccati
452 880 494 906 sui
510 879 646 914 condigna
662 879 725 906 tulit
740 880 864 914 praemia.
882 879 985 905 Tanto-

1039 881 1162 912 ἀσέϐεια,
1179 881 1217 912 ὼς
1235 882 1282 908 καὶ
1299 882 1489 916 παραπολέσαι
1511 882 1621 907 Θεωνᾶν
1636 881 1690 906 ἀπο
1710 881 1833 914 Μαρμα-

202 934 265 960 pere
277 931 366 952 autem
380 925 495 952 invaluit
506 925 568 958 ejus
583 924 721 958 impietas,
738 929 766 951 ut
779 924 860 951 simul
877 931 939 950 cum
954 931 988 950 eo

201 973 312 1005 pessum
334 971 417 997 ierint
436 971 566 997 Tlieonas
589 970 774 1000 Marmaricm.
799 974 827 996 et
845 969 989 997 Secundus

202 1016 394 1050 Ptolemaidis,
417 1017 561 1052 episcopi:
585 1024 648 1043 nam
669 1020 698 1043 et
720 1016 749 1043 hi
774 1016 905 1051 factionis
927 1016 988 1050 ejus

202 1069 276 1090 sunt.
293 1063 347 1090 Sed
363 1063 436 1089 enim
450 1070 512 1090 cum
526 1070 573 1096 per
589 1062 705 1097 gratiam
725 1062 773 1089 Dei
791 1069 923 1096 perversa
941 1062 988 1088 illa

203 1109 344 1143 opinione,
358 1109 499 1143 impietate
515 1113 543 1135 et
556 1108 739 1143 blasphemia,
759 1116 813 1135 nec
828 1115 882 1134 non
897 1107 990 1134 homi-

204 1155 287 1182 nibus
305 1155 347 1182 eis
368 1155 415 1189 qui
430 1155 594 1182 seditionem
612 1159 695 1189 atque
715 1154 913 1181 discessionem
929 1153 990 1180 ausi

204 1206 270 1228 sunt
291 1201 431 1228 concitare
453 1201 480 1228 in
504 1201 605 1235 populo
627 1205 706 1227 antea
731 1204 836 1234 pacato,
855 1199 990 1235 Egyptus

205 1247 241 1273 sit
263 1246 389 1278 liberata,
405 1250 433 1273 et
457 1246 598 1273 temeritas
619 1245 715 1273 Melitii
730 1251 814 1280 atque
835 1253 930 1272 eorum
944 1245 991 1280 qui

206 1291 242 1317 ab
257 1297 291 1317 eo
303 1295 367 1317 sunt
379 1290 407 1317 in
420 1298 527 1318 sacrum
542 1291 666 1318 ordinem
680 1292 812 1325 cooptati,
827 1290 916 1318 adhuc
930 1290 992 1317 reli-

206 1345 259 1371 qua
273 1336 367 1369 fuerit,
379 1345 440 1372 qua:
452 1338 534 1364 etiam
547 1345 630 1372 super
644 1337 695 1364 hac
716 1345 744 1364 re
760 1337 880 1373 synodus
896 1338 991 1364 decre-

206 1383 289 1414 verit,
299 1383 388 1414 vobis,
398 1383 497 1411 fratres
508 1383 614 1416 dilecti,
627 1383 824 1417 signiﬁcamus.
840 1383 992 1410 Constituit

208 1436 326 1463 namque
337 1434 367 1455 ut
380 1429 500 1456 Melitius
513 1429 552 1463 (in
565 1436 646 1463 quem
661 1429 705 1455 illa
717 1429 829 1463 quidem
843 1428 992 1455 humanius

209 1475 306 1501 aﬂ‘ecta
321 1474 392 1501 fuit:
410 1474 492 1508 582
506 1482 616 1501 summo
629 1475 701 1501 enim
718 1475 780 1509 jure
794 1475 896 1502 nullam
913 1482 992 1509 pror-

210 1529 257 1547 sus
281 1520 438 1547 merebatur
460 1521 588 1555 veniam)
613 1521 639 1547 in
665 1522 777 1548 civitate
802 1529 852 1548 sua
872 1526 992 1552 maneat,

212 1571 375 1609 potestatem
393 1572 484 1595 autem
504 1568 607 1595 nullam
628 1568 729 1595 habeat
745 1569 788 1596 vel
805 1569 936 1603 eligendi,
954 1569 995 1596 vel

213 1621 311 1640 manus
328 1613 488 1648 imponendi
503 1623 510 1641 :
523 1619 551 1642 et
571 1619 600 1641 ut
615 1622 707 1649 neque
723 1615 749 1642 in
766 1616 889 1650 regione,
907 1623 998 1651 neque

212 1659 241 1686 in
265 1660 333 1687 urbe
353 1660 424 1692 alia,
450 1660 533 1696 hujus
555 1661 652 1688 saltem
679 1661 719 1688 rei
743 1662 830 1696 gratia
855 1668 997 1697 appareat,

214 1705 373 1740 nudumque
387 1706 530 1741 dignitatis
542 1713 642 1734 nomen
657 1707 774 1734 retineat
788 1717 794 1735 :
812 1712 838 1734 et
853 1709 898 1743 qui
916 1709 950 1736 ab
964 1717 998 1736 eo

215 1751 243 1777 in
263 1758 370 1778 sacrum
391 1751 516 1778 ordinem
538 1752 603 1779 lecti
627 1753 746 1784 fuerant.
766 1757 796 1780 ut
817 1754 953 1781 arcaiiiori
971 1759 999 1782 et

215 1797 346 1824 sanctiori
366 1797 540 1826 ordinatione
555 1799 718 1832 conﬁrmati,
731 1800 764 1826 ad
779 1801 998 1830 communionem

215 1842 406 1870 admittuntur.
424 1843 562 1872 Praeterea
579 1849 608 1872 ut
627 1845 709 1873 liceat
726 1846 766 1872 eis
780 1846 892 1880 quidem
909 1847 999 1874 bono-

218 1896 276 1915 rem
308 1889 390 1917 simul
417 1895 444 1917 et
474 1890 645 1918 iunctionem
675 1891 821 1919 ministerii
856 1893 997 1920 obtinere:

216 1935 367 1962 secundum
397 1941 486 1964 autem
525 1944 639 1972 prorsus
675 1938 784 1968 locum.
809 1938 842 1965 ab
872 1940 1000 1966 omnibus

217 1983 402 2017 cujuscunque
414 1984 539 2018 paruecize
552 1989 580 2011 et
593 1985 716 2011 ecclesia:
731 1985 891 2020 exploratis,
905 1993 936 2012 ac
952 1993 1000 2020 per

217 2028 478 2055 rei-erendissiinum
504 2028 619 2056 fratrem
653 2034 680 2056 et
713 2030 844 2064 collegam
876 2035 999 2057 nostrum

217 2073 401 2100 Alexandrum
420 2074 500 2102 lectis
516 2080 598 2109 atque
616 2075 778 2110 designatis.
798 2078 897 2104 l‘crant.
916 2077 1002 2104 Caete-

219 2127 279 2145 rum
300 2123 329 2145 ut
347 2120 420 2146 nulla
438 2121 478 2147 eis
495 2120 531 2147 sit
550 2122 666 2148 facultas
681 2129 750 2156 quos
770 2123 857 2149 visum
875 2123 911 2149 sit
927 2123 1001 2150 desi-

218 2165 330 2198 gnandi.
346 2170 393 2192 ant
405 2167 515 2193 nomina
530 2173 625 2194 eorum
639 2167 817 2201 siihjicieiidi,
829 2173 876 2194 aut
888 2169 1000 2196 omnino

1039 928 1128 962 ρικῆς.
1145 928 1191 954 καὶ
1204 927 1350 954 Σεκοῦνδον
1363 928 1416 953 ἀπὸ
1433 927 1613 960 Πτολεμαΐδος
1624 934 1630 941 ο
1642 927 1697 953 τῶν
1716 927 1769 961 γὰρ
1783 927 1833 952 αὖ-

1039 972 1093 999 τῶν
1108 973 1227 999 κάκεῖνοι
1248 973 1440 1008 τετυχήκασιν.
1465 972 1535 998 Ἀλλ’
1552 972 1646 1005 ἐπειδὴ
1660 972 1676 1005 ἡ
1694 971 1744 998 τοῦ
1762 971 1832 997 Θεοῦ

1038 1019 1120 1054 χάρις
1135 1019 1186 1053 τῆς
1204 1019 1254 1054 μὲν
1269 1019 1430 1052 κακοδοξίας
1445 1018 1554 1053 ἐκείνης
1571 1020 1618 1044 καὶ
1637 1018 1766 1049 ἀσεϐείας
1785 1018 1832 1043 καὶ

1041 1065 1217 1100 βλασφημίας
1243 1065 1358 1092 καὶτῶν
1385 1065 1541 1099 προσώπων
1557 1064 1612 1090 τῶν
1634 1064 1832 1098 τολμησὶντων

1039 1112 1180 1139 διάστασιν
1196 1113 1242 1138 xui
1259 1112 1392 1146 διαίρεσιν
1407 1111 1574 1146 ποιήσασθαι
1590 1110 1636 1137 τοῦ
1655 1111 1836 1145 εἰρηνευομέ-

1041 1166 1086 1184 νου
1109 1157 1213 1184 ἄνωθεν
1240 1157 1306 1184 λαοῦ
1322 1157 1495 1192 ἠλευθέρωσε
1513 1156 1563 1192 τὴν
1584 1157 1742 1190 Αἴγυπτον·
1760 1156 1834 1182 ἐλεί-

1040 1212 1106 1230 πετο
1120 1203 1148 1230 δὲ
1165 1204 1194 1230 το
1211 1204 1280 1230 κατὰ
1295 1203 1344 1238 τὴν
1369 1203 1535 1237 προπέτειαν
1555 1201 1684 1229 Μελιτίου
1701 1203 1751 1227 καὶ
1776 1201 1832 1226 τῶν

1041 1250 1088 1276 ἀπ’
1099 1249 1181 1276 αὐτοῦ
1198 1248 1442 1284 χειροτονηθέντων
1451 1256 1459 1264 ο
1474 1248 1520 1275 xui
1534 1248 1597 1282 περὶ
1610 1246 1707 1273 τούτου
1719 1247 1768 1273 τοῦ
1785 1247 1835 1280 μὲ-

1043 1305 1105 1331 ρους
1120 1296 1137 1323 ἃ
1151 1295 1222 1327 εδοξε
1236 1297 1269 1330 τῇ
1287 1295 1401 1330 συνόδῳ,
1419 1294 1608 1329 ὲμφανίζομεν
1625 1295 1700 1327 ὑμῖν,
1723 1295 1836 1327 ἀγαπηο

1041 1342 1082 1369 τοὶ
1094 1341 1213 1375 ἀδελφοί.
1226 1341 1334 1374 Ἐδοξεν
1348 1339 1394 1367 οὖν
1409 1341 1548 1373 Μελίτιον,
1563 1340 1836 1375 φιλανθρωποτὲρως

1041 1388 1201 1423 κινηθείσης
1212 1388 1262 1422 τῆς
1277 1388 1400 1419 συνόδου,
1412 1387 1484 1413 κατὰ
1496 1387 1550 1422 γὰρ
1566 1387 1611 1414 τὸν
1630 1387 1735 1421 ἀκριδῆ
1755 1387 1837 1420 λόγον

1041 1432 1169 1466 οὐδεμιᾶς
1192 1429 1358 1465 συγγνώμης
1373 1431 1448 1463 ἄξιος
1472 1427 1520 1465 ἦν,
1540 1430 1631 1464 μένειν
1655 1430 1685 1456 ὲν
1709 1431 1744 1464 τῇ
1760 1429 1837 1455 πόλει

1043 1477 1139 1509 αὐτοῦ,
1156 1479 1202 1502 καὶ
1215 1476 1350 1511 μηδεμίαν
1363 1476 1489 1508 ἐξουσίαν
1500 1476 1574 1510 ἔχειν
1591 1476 1674 1502 αὑτὸν
1691 1476 1763 1510 μήτε
1777 1484 1836 1509 χει-

1048 1523 1176 1558 ροθετεῖν,
1192 1524 1260 1557 μήτε
1275 1522 1519 1557 προχειρίζεσθαι·
1533 1523 1602 1557 μήτε
1617 1522 1645 1548 ὲν
1661 1521 1752 1556 χώρᾳ,
1768 1522 1838 1555 μήτε

1047 1569 1076 1594 ὲν
1092 1569 1170 1595 πόλει
1192 1569 1275 1605 ἑτέρᾳ
1297 1568 1440 1602 φαίνεσθαι
1465 1568 1569 1603 ταύτης
1595 1568 1644 1602 τῆς
1669 1567 1839 1602 προφάσεως

1047 1615 1127 1641 ἕνεκα
1140 1623 1146 1630 ·
1165 1615 1244 1650 ψιλὸν
1260 1615 1288 1640 δὲ
1309 1614 1393 1649 ὄνομα
1412 1615 1463 1647 τῆς
1484 1614 1567 1648 τιμῆς
1584 1611 1758 1646 κεκτῆσθαι·
1774 1612 1839 1642 τοὺς

1047 1661 1075 1688 δὲ
1095 1662 1141 1687 ὑπ’
1154 1660 1237 1687 αὑτοῦ
1253 1660 1485 1691 κατασταθέντας,
1507 1659 1701 1694 μυστικωτέρα
1716 1666 1842 1693 χειροτο-

1048 1707 1093 1743 νίᾳ
1111 1707 1321 1742 βεδαιωθέντας,
1340 1706 1504 1740 κοινωνῆσαι
1517 1713 1523 1721 ·
1543 1705 1591 1732 ἐπὶ
1611 1705 1729 1736 τούτοις,
1753 1704 1797 1737 ἐφ’
1818 1700 1842 1737 ᾧ

1048 1761 1078 1780 τε
1091 1753 1174 1786 ,ἔχειν
1193 1753 1291 1783 αὐτοὺς
1307 1753 1356 1787 τὴν
1370 1752 1453 1787 τιμὴν
1468 1753 1516 1778 καὶ
1530 1751 1705 1785 λειτουργίαν
1721 1757 1728 1763 ·
1746 1750 1843 1787 δευτέ-

1051 1807 1114 1833 ρους
1137 1798 1165 1824 δὲ
1187 1798 1338 1829 ὲξάπαντος
1366 1795 1436 1824 εἶναι
1467 1797 1575 1823 πάντων
1599 1796 1653 1822 τῶν
1676 1796 1705 1822 ὲν
1732 1795 1842 1831 ἑκαστῃ

1049 1845 1180 1879 παροικίᾳ
1200 1853 1228 1870 τε
1252 1845 1298 1870 καὶ
1319 1843 1452 1878 ἐκκλησίᾳ
1467 1843 1683 1878 ἐξεταζομένων,
1711 1842 1766 1868 τῶν
1787 1843 1843 1868 ὑπὸ

1049 1890 1096 1916 τοῦ
1120 1890 1286 1924 τιμιωτάτου
1311 1888 1426 1923 ἀδελφοῦ
1450 1889 1498 1915 καὶ
1520 1887 1733 1922 συλλειτουργοῦ
1760 1887 1843 1922 ἡμῶν

1056 1935 1228 1970 Ἀλεξάνδρου
1241 1935 1518 1970 προκεχειρισμένων.
1531 1934 1612 1960 Ὥστε
1632 1930 1741 1964 τούτοις
1759 1932 1844 1967 μηδε-

1053 1983 1117 2016 μίαν
1134 1982 1258 2014 ἐξουσίαν
1271 1980 1341 2007 εἵναι
1357 1981 1421 2011 τοὺς
1436 1980 1603 2015 ἀρέσκοντας
1618 1979 1710 2010 αὐτοῖς
1729 1987 1844 2013 προχει-

1054 2028 1186 2063 ρίζεσθαι,
1202 2027 1219 2062 ἢ
1234 2027 1395 2054 ὑποϐάλλειν
1410 2026 1532 2060 ὀνόματα
1543 2045 1550 2058 ,
1565 2025 1582 2060 ἢ
1602 2025 1670 2056 ὅλως
1687 2026 1776 2051 ποιεῖν
1801 2033 1844 2055 τι,

1051 2077 1134 2110 χωρὶς
1151 2074 1263 2108 γνώμης
1279 2073 1334 2099 τῶν
1351 2073 1398 2098 τοῦ
1421 2073 1471 2107 τῆς
1491 2071 1640 2105 καθολικῆς
1671 2070 1843 2104 Ἐκκλησίας

1052 2122 1205 2147 ἐπισκόπου
1232 2120 1286 2146 τῶν
1310 2120 1363 2145 ὑπὸ
1391 2117 1586 2152 Ἀλέξανδρον·
1605 2117 1667 2147 τοὺς
1689 2116 1719 2142 δὲ
1746 2116 1845 2151 χάριτι

1053 2167 1120 2193 Θεοῦ
1137 2168 1183 2194 καὶ
1193 2167 1285 2201 εὐχαῖς
1301 2166 1448 2200 ὑμετέραις
1461 2167 1490 2191 ὲν
1510 2164 1607 2199 μηδενὶ
1621 2163 1751 2198 σχίσματι
1765 2162 1847 2196 εὑρε-

219 2210 337 2237 tacicndi
354 2211 502 2246 quidquam
517 2217 616 2247 prwtcr
633 2213 776 2240 catholica:
793 2213 924 2241 Ecclesiae
939 2215 996 2249 epi-

1037 2220 1039 2234 ι
1053 2214 1159 2246 θέντας,
1173 2213 1241 2239 ἀλλὰ.
1255 2212 1438 2247 ἀκηλιδὼτους
1450 2213 1478 2238 ὲν
1491 2212 1525 2245 τῇ
1541 2209 1672 2244 καθολικῇ
1688 2208 1846 2242 Ἐκκλησία

219 2263 381 2290 scoporuiii,
405 2258 452 2291 qui
473 2258 524 2285 sub
543 2258 697 2286 Alexandro
719 2264 800 2291 sntit,
824 2261 999 2288 sententiain.

219 2302 272 2334 Qui
290 2310 355 2329 vero
375 2311 423 2337 per
441 2304 556 2337 gratiam
572 2305 620 2331 Dei
643 2310 672 2332 et
692 2306 863 2340 precationes
896 2313 1002 2334 vestras

219 2348 248 2374 in
263 2349 335 2375 nulla
358 2349 464 2377 dissidii
485 2350 605 2378 factione
623 2352 816 2387 reperiantur,
838 2353 884 2381 sed
902 2353 1002 2388 integri

218 2399 301 2429 atque
314 2395 448 2430 impolluti
465 2397 491 2423 in
505 2397 638 2424 catholica
651 2398 772 2426 Ecclesia
787 2400 950 2431 consistant,
964 2399 1003 2425 eis

219 2446 341 2476 potestas
366 2442 499 2476 pertnissa
523 2447 565 2470 est
588 2447 615 2470 et
639 2443 818 2479 designandi,
841 2449 869 2471 et
890 2444 1003 2471 nomina

220 2487 342 2514 dictandi
367 2495 482 2519 corum,
504 2488 600 2515 saltem
619 2489 665 2523 qui
686 2489 762 2516 clero
785 2489 860 2524 digni
881 2489 954 2521 sint,
976 2493 1004 2515 et

221 2533 311 2559 omnia
333 2541 447 2567 prorsus
466 2533 586 2560 faciendi
612 2534 719 2569 legibus
737 2535 1003 2562 consmutionibus-

222 2586 276 2612 que
303 2579 496 2606 ecclesiasticis
528 2584 722 2607 consentanea.
756 2579 835 2613 Quod
866 2580 887 2606 si
922 2588 1004 2614 quem

221 2631 318 2650 eorum
336 2625 383 2659 qui
401 2625 530 2652 Ecclesiae
548 2630 687 2660 praesunt.
703 2625 838 2652 decedere
853 2625 1003 2661 contingat.

223 2673 282 2696 tum
303 2670 329 2696 in
347 2670 468 2698 defuncti
489 2672 580 2698 locum
603 2676 630 2698 et
645 2671 776 2698 honorem
794 2672 907 2705 provehi
931 2672 1005 2706 quis-

224 2725 304 2751 quam
321 2725 354 2744 ex
368 2725 464 2745 recens
478 2718 613 2752 cooptatis
632 2717 726 2750 debet,
742 2723 772 2745 ut
787 2718 869 2745 modo
891 2719 1006 2746 idoneus

224 2763 260 2790 sit
274 2769 302 2790 et
317 2771 329 2790 a
347 2763 446 2798 populo
470 2763 602 2797 eligatur,
624 2763 661 2789 ita
677 2767 769 2790 tamen
790 2769 821 2791 ut
837 2763 870 2791 ad
889 2765 1006 2792 electio.

225 2815 286 2836 iicin
301 2809 434 2845 ejusmodi
453 2809 584 2851 calculi/is,
600 2808 773 2842 suﬂragium.
790 2814 818 2837 et
835 2810 1006 2837 continuatio

225 2856 346 2891 cpiscnpi
372 2854 548 2883 Alexandrini
572 2854 693 2881 accedat.
721 2857 809 2890 Atque
827 2857 877 2884 hoc
895 2857 1005 2892 quidem

1052 2261 1140 2291 δντας,
1159 2259 1206 2285 καὶ
1228 2258 1352 2290 ἐξουσίαν
1366 2259 1438 2293 ἔχειν
1457 2255 1691 2291 προχειρίζεσθιι,
1708 2255 1758 2282 xui
1783 2256 1847 2282 ὀνό-

1054 2314 1125 2339 ματα
1140 2305 1312 2338 ἐπιλέγεσθαι
1327 2304 1381 2330 τῶν
1399 2303 1482 2336 ἀξίων
1502 2302 1549 2328 τοῦ
1566 2301 1667 2336 κλήρου
1678 2308 1684 2314 ·
1705 2301 1754 2327 καὶ
1774 2302 1847 2333 ὅλως

1054 2351 1143 2377 πάντα.
1160 2352 1246 2377 ποιεῖν
1261 2350 1331 2376 κατὰ
1355 2350 1436 2382 νόμον
1451 2349 1498 2376 καὶ
1512 2347 1612 2382 θεσμὸν
1631 2347 1676 2372 τὸν
1692 2347 1847 2380 ἐκκλησια-

1055 2397 1156 2424 στικόν.
1174 2397 1204 2422 Εἰ
1217 2396 1245 2422 δέ
1261 2404 1322 2422 τινα.
1333 2395 1454 2430 συμϐαίη
1468 2392 1677 2420 ἀναπαύσασθαι
1691 2392 1747 2418 τῶν
1764 2394 1793 2418 ἐν
1811 2395 1845 2427 τῇ

1060 2442 1218 2478 Ἐκκλησίᾳ,
1234 2441 1383 2477 τηνικαῦτα
1397 2439 1625 2476 προσαναϐαίνειν
1640 2439 1679 2469 εἰς
1694 2439 1746 2472 τὴν
1759 2440 1846 2473 τιμὴν

1054 2489 1101 2515 τοῦ
1116 2489 1338 2522 τετελευτηκότος
1350 2488 1412 2518 τοὺς
1424 2487 1486 2521 ἄρτι
1502 2485 1727 2520 προσληφθέντας
1742 2492 1749 2499 ο
1763 2486 1846 2519 μόνον

1056 2536 1079 2561 εί
1093 2534 1163 2566 ἄξιοι
1188 2534 1334 2568 φαίνοιντο,
1352 2533 1398 2559 καὶ
1411 2534 1425 2558 ὁ
1440 2532 1503 2563 λαὸς
1527 2532 1643 2566 αἱροῖτο.
1659 2530 1847 2564 συνεπιψηφί-

1056 2582 1149 2612 ζοντος
1169 2580 1254 2614 αὐτῷ,
1270 2579 1571 2614 καὶὲπισφραγίζοντος
1589 2576 1634 2603 τοῦ
1647 2576 1697 2609 τῆς
1717 2576 1847 2607 Ἀλεξαν-

1056 2626 1147 2660 δρείας
1170 2626 1330 2652 ἐπισκόπου.
1347 2625 1435 2650 Τοῦτο
1454 2624 1482 2650 δὲ
1506 2624 1563 2654 τοῖς
1591 2623 1641 2657 μὲν
1663 2621 1756 2653 ἄλλοις
1777 2622 1847 2647 πᾶσι

1058 2670 1233 2704 συνεχωρήθη
1246 2678 1253 2684 ·
1279 2670 1324 2695 ἐπὶ
1337 2669 1365 2695 δὲ
1382 2669 1429 2695 τοῦ
1443 2669 1571 2695 Μελιτίου
1586 2666 1734 2701 προσώπου
1754 2666 1847 2692 οὐκετι

1057 2717 1090 2742 τα
1105 2715 1176 2742 αὐτὰ
1188 2716 1261 2747 ἔδοξε
1277 2716 1320 2742 διὰ.
1337 2715 1386 2749 τὴν
1402 2714 1534 2742 ἀνέκαθεν
1549 2713 1631 2740 αὑτοῦ
1653 2713 1781 2744 ἀταξίαν,
1799 2715 1847 2738 καὶ

1058 2763 1101 2788 διὰ
1121 2762 1151 2788 τὸ
1167 2761 1313 2796 πρόχειρον
1336 2763 1384 2788 καὶ
1412 2760 1549 2796 προπετὲς
1574 2759 1624 2794 τῆς
1652 2758 1787 2792 γνώμης·
1803 2759 1846 2785 ἶνα

1061 2809 1180 2842 μηδεμία
1202 2808 1311 2840 ἐξουσία
1327 2807 1482 2843 ῆαὺοεντία
1498 2807 1571 2842 αὑτῷ
1589 2805 1693 2839 δοθείη,
1710 2805 1848 2839 ἀνθρώπῳ

1059 2857 1200 2892 δυναμένῳ
1211 2856 1289 2882 πάλιν
1305 2857 1347 2887 cii;
1360 2856 1442 2886 αὑτὰς
1457 2855 1568 2887 ἀταξίας
1579 2853 1740 2889 ἐμποιῆσαι.
1753 2853 1847 2880 Ταῦτά.
