1894 3070
206 161 241 192 93
808 155 1021 186 NICEPIIORI
1040 153 1214 184 (IALLESTI
1799 151 1835 185 et

209 217 293 242 ltcnm
311 215 400 250 pietas
414 218 548 241 servetur.
567 213 695 240 Sedenint
709 219 771 239 cum
785 211 866 238 aliter
877 210 990 237 omnino

1048 207 1087 234 τὸν
1105 209 1247 243 παγκρατῆ
1264 206 1329 233 Θεὸν
1344 206 1471 233 εὐσέϐεια
1485 206 1616 242 τηρῆται.
1636 206 1708 233 Ἀλλ’
1728 206 1790 234 ἐπεὶ
1802 208 1833 243 δη

207 263 266 288 iicri
288 270 342 288 non
369 265 472 295 posset,
491 259 573 295 584
593 264 620 286 ut
639 259 707 286 ordo
730 257 838 285 stabilis
851 261 879 284 et
897 255 992 283 ﬁrmus

207 308 438 338 constitueretur,
455 307 507 333 nisi
525 306 606 333 simul
623 313 729 338 omnes,
746 310 793 331 aut
808 308 882 331 certe
898 303 991 338 plures

207 355 330 386 episcopi
351 352 542 382 convenirent,
555 355 584 377 et
602 351 634 377 de
649 358 677 377 re
694 350 815 384 qualibet
828 348 862 375 ad
876 347 992 374 sanctis-

208 399 305 425 simatn
334 398 495 431 religionem
526 396 684 430 pertinente
714 395 912 429 diiudicarent,
932 393 991 426 ejus

209 444 248 470 rei
266 443 364 477 gratia,
382 450 462 476 quam
485 442 544 468 fieri
561 441 650 476 p0tuit
671 440 797 474 plurimis
819 438 933 469 coactis,
949 445 992 464 me

208 496 317 522 quoque
346 487 460 521 perinde
484 492 566 521 atque
592 495 647 513 uno
664 486 756 520 aliquo
776 493 809 512 ex
830 484 907 511 vobis
925 484 990 518 (non

208 535 281 560 enim
306 533 473 567 negaverim,
495 541 550 567 quo
575 533 693 559 maxime
717 532 804 562 laetor,
829 537 991 558 conservum

208 584 332 606 vestrum
353 586 396 606 me
414 580 484 611 esse)
502 585 645 612 prasente,
662 585 748 612 usque
765 576 835 604 adeo
853 576 945 603 omnia
964 575 991 601 in

208 625 328 652 debitam
349 629 412 651 sunt
429 624 650 661 disquisitionem
666 629 773 652 vocata.
789 629 933 656 quousque
949 628 992 647 re-

208 678 270 697 rum
291 671 414 697 omnium
436 670 585 704 inspectori
603 670 658 696 Deo
675 669 774 703 placita
794 667 941 697 sententia.
958 666 992 693 ad

208 714 409 741 consentientis
440 714 551 740 unitatis
577 714 752 740 concoxeiam
784 711 993 743 stabiliendam,

207 761 236 787 in
262 761 350 787 lucem
369 764 411 787 est
431 764 566 795 protracta
578 778 587 791 ,
602 759 638 785 ita
656 764 685 785 ut
712 759 779 785 nihil
797 758 850 791 iam
868 757 940 792 quod
958 756 991 784 ad

207 806 410 833 dissensionem
427 810 475 832 aut
493 805 674 840 professionis
698 804 761 831 ﬁdei
786 803 993 838 ambiguitatem

207 851 299 878 facere
321 856 424 886 posset,
445 851 481 877 sit
501 850 637 877 relictum.
657 850 710 877 Ubi
731 857 793 876 cum
822 850 854 876 de
878 849 994 876 sanctis-

1042 254 1123 280 τοῦτο
1148 254 1250 287 ἑτέρως
1265 253 1314 288 οὑχ
1337 251 1393 280 οἶόν
1419 261 1449 279 τε
1465 250 1509 288 ἦν,
1526 253 1623 288 ἀκλινῆ
1647 253 1695 279 καὶ
1722 253 1834 287 βεϐαίαν

1042 300 1119 332 τάξιν
1134 300 1235 332 λαϐεῖν,
1256 301 1279 326 εἰ
1306 299 1344 334 μὴ
1359 301 1399 331 εις
1412 299 1493 325 ταυτδ
1514 299 1622 326 πάντων
1635 299 1715 334 ὁμοῦ,
1733 301 1749 334 ἥ
1777 301 1833 326 τῶν

1044 346 1108 380 γοῦν
1143 346 1273 372 πλειόνων
1305 346 1462 372 ἐπισκόπων
1494 346 1688 376 συνελθόντων,
1718 347 1829 374 ἑκάστω

1042 393 1096 418 τῶν
1111 393 1305 426 προσηκόντων
1328 393 1361 426 τῇ
1387 389 1677 426 ἁγιωτάτηθρησκείᾳ
1698 392 1834 426 διάκρισ.;

1042 438 1157 471 γένοιτο·
1175 437 1269 463 τούτου
1285 437 1377 463 ἕνεκεν
1396 437 1528 464 πλείστων
1543 438 1613 463 ὅσων
1627 437 1836 471 συναθροισθέν-

1042 491 1107 512 των,
1125 485 1173 510 καὶ
1189 483 1268 514 αὐτὸς
1282 483 1321 514 6’s.
1343 483 1469 516 καθάπερ
1485 480 1524 514 εἷς
1540 482 1569 515 ἐξ
1583 483 1835 517 ὑμ‹ἷ›ν,.τυγχᾶινων

1045 528 1198 563 συμπαρὼν
1214 529 1223 564 (
1239 529 1269 555 οὐ
1285 529 1340 562 γὰρ
1369 529 1544 564 ἀρνησαίμην
1562 529 1594 555 ἂν
1620 529 1663 562 ἐφ’
1677 525 1697 561 ᾧ
1716 529 1835 562 μάλιστα

1045 575 1144 609 χαίρω,
1164 574 1343 610 συνθεράπων
1365 575 1496 609 ὑμέτερος
1513 574 1695 608 πεφυκέναι),
1710 574 1775 608 ἄχρι
1786 583 1834 599 το-

1045 620 1141 646 σούτου
1157 621 1264 647 ἅπαντα
1281 621 1329 655 τῆς
1344 620 1536 655 προσηκούσης
1555 620 1708 654 τετύχηκεν
1736 619 1833 651 ἐξετά-

1045 674 1123 698 σεως,
1139 666 1216 700 ἄχρις
1229 665 1258 691 οὗ
1276 667 1292 701 ἡ
1310 665 1347 700 τῷ
1362 665 1416 691 τῶν
1441 665 1549 691 πάντων
1566 665 1657 699 ἑφόρῳ
1681 664 1741 698 Θεῴ
1770 664 1835 698 ἀρέ-

1046 718 1147 738 σκοντα
1166 713 1264 746 γνώμη
1281 712 1349 746 πρὸς
1372 710 1421 746 τὴν
1443 713 1492 746 τῆς
1518 712 1644 746 ἐνὸτητος
1673 711 1835 744 συμφωνίαν

1045 758 1084 788 είς
1101 756 1158 791 φῶς
1176 757 1312 792 προήχθη,
1325 757 1363 786 ώς
1379 756 1462 791 μηδὲν
1475 756 1515 783 ἔτι
1547 756 1616 790 πρὸς
1642 755 1788 790 διχόνοιαν,
1817 754 1833 788 ἦ

1046 804 1162 834 πίστεως
1191 804 1397 839 ἀμφισϐήτησιν
1434 803 1641 830 ὑπολείπεσθαι.
1671 802 1759 828 Ἔνθα
1787 801 1835 827 καὶ

1045 851 1110 885 περὶ
1134 851 1182 885 τῆς
1197 851 1243 876 τοῦ
1262 851 1356 885 Πάσχα
1381 850 1536 884 ἁγιωτάτης
1563 849 1673 883 ἡμέρας
1683 849 1836 882 γενομένης

209 897 280 924 simo
305 898 388 924 etiam
420 897 562 924 Paschalis
591 897 635 923 die
667 897 783 930 quaestio
814 901 886 923 esset
914 902 994 922 exor-

1048 881 1195 930 ζητὴσεως,
1210 894 1281 926 ἔδοξε
1297 881 1372 929 κοινῇ
1389 881 1498 929 γνώμῃ,
1513 881 1604 923 καλῶς
1618 881 1693 927 ἔχειν
1705 881 1755 918 ἐπὶν
1767 901 1787 926 μ
1800 892 1834 922 ἅς

210 948 248 976 ta,
271 944 417 971 sententiis
440 943 562 970 omni-um
592 943 732 970 decretum
757 945 809 974 est,
832 941 991 974 convenire,

213 988 283 1014 urid
301 988 397 1015 eodem
422 993 545 1022 tempore
567 987 601 1014 ab
624 987 749 1014 omnibus
765 986 866 1021 ubique.
882 993 994 1020 peraga-

213 1039 268 1061 tur.
286 1034 357 1066 Quid
382 1035 455 1061 enim
481 1034 559 1061 nobis
582 1041 642 1061 esse
665 1038 756 1068 potest
774 1033 817 1060 vel
838 1032 992 1068 pulchrius,

211 1080 254 1106 vel
279 1080 400 1114 gravius.
419 1087 500 1114 quam
525 1080 548 1106 si
573 1079 596 1106 is
620 1078 680 1105 dies
702 1078 800 1110 festus,
822 1077 894 1104 unde
916 1085 992 1112 spem

213 1125 430 1152 immortalitatis
450 1125 633 1160 percepimus,
651 1132 706 1152 uno
727 1124 823 1151 ordine
842 1128 869 1150 et
891 1122 993 1150 celebri

212 1172 267 1198 ritu
283 1171 317 1197 ab
332 1171 459 1198 omnibus
474 1175 549 1198 certo
565 1170 761 1197 inviolabiliter
775 1170 940 1204 peragatur?
955 1169 994 1196 Ac

213 1216 332 1250 primum
356 1216 465 1250 quidem
489 1215 600 1250 indigna
626 1223 672 1242 res
697 1215 767 1247 fuit,
790 1215 993 1241 sanctissimum

212 1268 276 1287 eum
298 1261 369 1288 diem
390 1262 542 1288 imitatione
564 1266 646 1294 atque
671 1260 871 1288 consuetudine
886 1259 995 1287 Judaeo-

212 1313 273 1332 rum
298 1307 448 1339 celebrare,
468 1308 512 1341 qui
534 1306 660 1333 tnanibtts
683 1306 742 1334 suis
766 1305 872 1333 nefario
891 1305 993 1341 ﬂagitio

212 1353 416 1386 contaminatis,
432 1359 486 1379 non
509 1352 608 1387 injuria
624 1359 735 1387 quoque
750 1352 848 1379 animis
864 1357 927 1378 sunt
944 1359 992 1377 ex-

213 1398 324 1428 caecati.
352 1399 477 1426 homines
502 1398 640 1425 scelerati.
667 1397 768 1430 Quidni
794 1398 865 1424 enim
893 1397 993 1428 liccat,

213 1448 297 1478 gente
307 1452 338 1470 ea
357 1445 466 1478 rejecta,
484 1444 602 1470 rectiore
615 1443 778 1478 verioreque
793 1443 900 1474 ordine,
913 1450 993 1476 quem

213 1497 228 1515 a
251 1490 338 1523 primo
366 1489 502 1523 passionis
524 1488 569 1515 die
594 1488 737 1522 hucusque
761 1487 941 1520 servavimus.
962 1489 994 1515 ad

215 1535 306 1560 futura
332 1541 441 1567 quoque
465 1534 562 1560 saecula
588 1533 789 1561 observationis
811 1534 891 1569 hujus
911 1534 993 1561 ritum

215 1579 421 1606 transmittere?
436 1579 528 1613 Itaque
545 1579 613 1606 nihil
628 1580 706 1607 vobis
721 1587 866 1606 commune
882 1580 915 1606 sit
932 1588 993 1607 cum

215 1623 394 1651 inestissima
418 1624 574 1653 Judaaorum
601 1625 692 1652 turba.
711 1625 797 1652 Aliam
822 1625 956 1660 siquidem
980 1633 995 1652 a

216 1669 357 1696 Salvatore
379 1669 533 1703 accepimus
559 1669 642 1696 viam.
661 1669 821 1704 Propositus
840 1676 882 1697 est
907 1678 996 1697 sacra-

217 1716 331 1742 tissimze
351 1715 474 1749 religioni
493 1719 594 1742 nostrae
613 1723 680 1743 suus
699 1723 807 1745 Cursus.
826 1721 854 1743 et
875 1716 996 1751 legitima

215 1768 275 1795 quae
297 1760 368 1787 illam
390 1761 486 1788 deceat
504 1762 607 1796 regula,
622 1769 703 1796 quam
723 1762 844 1789 unanimi
861 1770 995 1790 consensu

215 1806 441 1841 complectentes,
461 1807 510 1833 n'os
527 1807 600 1841 ipsos
614 1815 628 1833 a
643 1807 712 1835 [uada
727 1807 772 1834 illa
787 1808 953 1835 conscientia
969 1813 996 1836 et

217 1853 348 1879 socirtate
374 1852 564 1885 retrahamus,
588 1853 687 1880 fratres
710 1855 943 1882 rever-endissimi.
963 1855 997 1882 Et

217 1897 340 1931 profecto
364 1898 488 1924 omnium
515 1898 740 1926 absurdissimum
768 1904 826 1932 est,
855 1900 917 1927 illos
942 1900 998 1936 glo-

217 1943 314 1970 riando
326 1944 441 1979 jactare,
455 1945 529 1972 hisce
540 1945 719 1972 observandis
737 1953 787 1973 nos
801 1945 926 1974 suﬂicere
942 1954 995 1974 non

215 1997 295 2024 posse
306 1990 410 2025 absque
425 1991 534 2018 illorum
549 1991 675 2018 doctrina
687 1997 715 2018 et
726 1993 897 2027 praescripto.
912 1993 998 2026 Quid-

216 2042 278 2060 nam
296 2043 359 2062 vero
381 2036 418 2062 illi
442 2040 515 2063 recte
533 2037 635 2063 sentire
652 2041 680 2064 et
697 2045 794 2071 sapere
808 2042 935 2072 possunt.
949 2038 996 2073 qui

217 2084 279 2114 post
294 2079 367 2106 illuni
387 2081 493 2108 Domini
515 2082 616 2109 cedem
635 2083 772 2110 mentibus
784 2084 867 2118 capti,
883 2091 938 2111 non
954 2092 998 2111 ra-

219 2125 293 2150 tione
308 2125 410 2158 aliqua,
425 2127 470 2152 sed
489 2126 631 2161 impotenti
647 2128 761 2161 impetu,
774 2136 937 2164 quocunque
950 2137 997 2157 eos

217 2169 319 2197 insitus
334 2171 450 2204 impellit
462 2172 548 2205 furor,
563 2172 715 2211 ducuntur?
727 2173 813 2205 Quam
827 2175 862 2201 ob
875 2181 996 2208 causam,

1046 940 1151 975 ἡμέρας
1168 940 1272 970 πάντας
1292 941 1354 972 τοὺς
1379 940 1537 974 ἁπανταχοῦ
1553 939 1689 977 ἐπιτελεῖν
1705 947 1713 954 ·
1728 939 1755 965 τί
1780 938 1835 972 γὰρ

1046 987 1112 1021 ἡμῖν
1128 986 1246 1017 κάλλιον,
1262 986 1288 1012 τί
1309 986 1337 1012 δὲ
1363 986 1524 1020 σεμνότερον
1551 984 1670 1019 ὑπάρξαι
1688 985 1834 1019 δυνήσεται

1046 1032 1092 1058 τοῦ
1106 1031 1156 1067 τὴν
1167 1032 1263 1066 ἑορτὴν
1276 1031 1390 1065 ταύτην,
1406 1031 1470 1065 παρ’
1488 1029 1522 1067 ἦς
1543 1031 1593 1064 τὴν
1615 1031 1664 1065 τῆς
1682 1030 1834 1061 ἀθανασίας

1047 1078 1201 1112 εἰλήφαμεν
1227 1077 1333 1110 ἐλπίδα,
1366 1078 1415 1112 μιᾷ.
1442 1077 1519 1109 τάξει
1549 1077 1597 1102 καὶΙ
1624 1076 1734 1110 φανερῷ
1761 1076 1834 1110 λόγῳ

1047 1123 1123 1157 παρά
1135 1124 1218 1149 πᾶσιν
1232 1122 1408 1154 ἀδιαπτώτως
1423 1122 1623 1157 φυλάττεσθαις
1643 1122 1697 1148 Καὶ
1724 1123 1833 1157 πρῶτον

1049 1169 1098 1203 μὲν
1123 1169 1231 1200 ἀνάξιον
1253 1168 1341 1201 ἔδοξεν
1369 1166 1440 1194 εἶναι
1464 1167 1512 1202 τὴν
1542 1168 1697 1202 ἁγιωτάτην
1724 1168 1834 1202 ἐκείνην

1047 1214 1141 1248 ἑορτὴν
1156 1215 1189 1248 τῇ
1204 1213 1257 1240 τῶν
1282 1212 1415 1239 Ἰουδαίων
1437 1213 1588 1247 ἑπομένους
1617 1213 1748 1248 συνηθείᾳ
1767 1213 1833 1248 πλη-

1049 1258 1123 1293 ροῦν,
1136 1258 1160 1284 οἳ
1176 1259 1223 1290 τὰς
1242 1259 1348 1285 ἑαυτῶν
1362 1259 1456 1293 χεῖρας
1471 1259 1593 1293 ἀθεμίτῳ
1613 1259 1832 1293 πλημμελήματι

1047 1305 1204 1339 χράναντες.
1231 1305 1344 1336 εἰκότως
1364 1305 1413 1336 τὰς
1432 1305 1520 1339 ψυχὰς
1541 1306 1565 1331 οι
1590 1306 1684 1340 μιαροὶ
1707 1305 1832 1339 τυφλώτ-

1046 1359 1148 1377 τουσιν.
1167 1350 1275 1383 Ἔξεστι
1292 1351 1355 1385 γὰρ,
1369 1350 1416 1376 τνῦ
1440 1350 1532 1382 έθνους
1547 1351 1756 1385 ἀποῦληθέντος,
1769 1351 1833 1386 ἀλη-

1049 1396 1165 1431 θεστέρα
1189 1397 1263 1424 τάξει
1281 1397 1313 1432 ἢν
1328 1397 1360 1422 ἐκ
1386 1397 1498 1431 πρώτης
1526 1397 1574 1423 τοῦ
1599 1396 1702 1427 πάθους
1724 1397 1832 1432 ἡμέρας

1050 1442 1128 1477 μέχρι
1149 1442 1196 1468 τοῦ
1216 1442 1346 1477 παρόντος
1364 1443 1545 1476 ὲφυλάξαμεν,
1563 1443 1609 1469 καὶ
1623 1443 1669 1469 ἐπὶ
1685 1443 1749 1473 τοὺς
1768 1443 1833 1476 μὲλ-

1047 1488 1143 1519 λοντας
1159 1489 1260 1520 αἰῶνας
1285 1489 1333 1524 τὴν
1345 1491 1394 1525 τῆς
1423 1490 1612 1525 ὲπιτηρήσεως
1635 1490 1739 1524 ταύτης
1764 1498 1834 1524 συμ-

1049 1534 1187 1569 πλήρωσιν
1220 1534 1386 1568 ὲγγίνεσθαι,
1416 1534 1507 1568 Μηδὲν
1540 1534 1732 1560 τοίνυν.ἔστω
1768 1534 1833 1568 ὑμῖν

1047 1578 1135 1605 κοινὸν
1158 1578 1227 1612 μετὰ
1251 1579 1299 1606 τοῦ
1331 1579 1454 1614 ἐχθίστου
1487 1580 1541 1606 τῶν
1574 1579 1708 1606 Ἰουδαίων
1740 1579 1832 1614 εχλδου.

1047 1623 1207 1659 Εἱλήφαμεν
1232 1625 1285 1660 γὰρ
1300 1625 1375 1659 παρὰ
1401 1625 1449 1651 τοῦ
1479 1625 1604 1660 Σωτῆρος
1635 1625 1732 1659 ἑτέραν
1761 1624 1833 1652 ὀδόν.

1046 1670 1190 1704 Πρόκειται
1206 1670 1259 1706 γὰρ
1283 1671 1382 1706 δρόμος
1395 1673 1426 1705 τῇ
1442 1670 1575 1707 ἱερωτάτη
1592 1671 1671 1705 ἡμῶν
1687 1671 1833 1706 θρησκεία,

1047 1717 1093 1743 καὶ
1104 1717 1214 1751 νομικὸς
1231 1717 1321 1743 κανὼν
1336 1717 1383 1743 καὶ
1398 1717 1511 1752 πρέπων
1523 1717 1620 1751 τούτῳ,
1633 1713 1663 1743 οὗ
1676 1717 1835 1751 συμφώνως

1046 1762 1308 1797 ἀντιλαμϐανόμενοι
1318 1762 1368 1795 τῆς
1385 1763 1501 1799 αἰσχρᾶς
1519 1765 1626 1798 ἐκείνης
1641 1764 1758 1795 ἑαυτοὺς
1771 1772 1837 1790 συν-

1046 1808 1186 1844 ειδήσεως,
1216 1809 1431 1844 ἀποσπάσωμεν,
1446 1809 1555 1844 ἀδελφοὶ
1568 1809 1740 1844 τιμιώτατοι.
1755 1810 1837 1836 Ἐστι

1047 1855 1100 1890 γὰρ
1116 1856 1154 1886 ὡς
1172 1855 1279 1889 άληθῶς
1293 1855 1468 1882 ἀτοπώτατον
1483 1854 1601 1887 ἐκείνους
1610 1855 1714 1890 αὐχεῖν,
1729 1856 1768 1887 ὡς
1781 1856 1838 1891 ἄρα

1048 1901 1184 1935 παρεκτὸς
1198 1901 1249 1936 τῆς
1269 1900 1360 1927 αὐτῶν
1378 1901 1552 1932 διδασκαλίας
1573 1900 1658 1927 ταῦτα
1686 1901 1837 1934 φυλάττειν

1048 1946 1097 1972 οὐκ
1109 1945 1191 1981 ἐσμὲν
1208 1946 1304 1973 ἱκανοί.
1319 1946 1351 1973 Τί
1370 1946 1398 1972 δὲ
1417 1948 1526 1981 φρονεῖν
1540 1947 1639 1973 ἐκεῖνοι
1654 1947 1735 1982 ὀρθὸν
1756 1947 1839 1983 δυνή-

1049 2000 1151 2024 σονται,
1169 1993 1193 2019 οἳ
1208 1993 1277 2028 μετά
1296 1992 1345 2027 τὴν
1361 1993 1561 2028 Κυριοκτονίαν
1573 1993 1679 2028 ἐκείνην
1695 1993 1750 2019 τῶν
1766 2002 1839 2029 φρε-

1048 2039 1101 2065 νῶν
1113 2039 1269 2071 ἐκστάντες,
1285 2039 1396 2072 ἄγονται
1419 2039 1449 2065 οὑ
1465 2039 1588 2074 λογισμῷ
1607 2047 1670 2069 τινι.
1686 2038 1745 2065 ἀλλ’
1762 2039 1836 2074 ὁρμῇ

1048 2084 1239 2118 ἀκατασχέτῳ,
1265 2084 1332 2110 ὅπου
1366 2084 1399 2110 ἂν
1426 2084 1524 2115 αὐτοὺς
1554 2084 1570 2118 ὴ
1595 2083 1717 2118 ἔμφυτος
1739 2084 1838 2120 ἀπάγῃ

1050 2129 1152 2163 μανίας
1174 2129 1294 2155 Ἐκεῖθεν
1321 2129 1411 2155 τοίνυν
1441 2130 1494 2156 κάν
1509 2129 1595 2163 τούτῳ
1616 2129 1654 2164 τῷ
1677 2129 1758 2164 μέρει
1787 2130 1839 2164 τὴν

1050 2174 1177 2209 ἀλήθειαν
1192 2175 1242 2210 οὐχ
1259 2174 1389 2209 ὁρῶντας,
1405 2174 1443 2206 ὡς
1460 2175 1504 2201 ἀεὶ
1529 2174 1600 2201 κατὰ
1625 2174 1711 2206 πάθος
1738 2175 1839 2206 αὐτοὺς

217 2223 280 2242 cum
297 2216 323 2242 in
343 2216 394 2243 hac
408 2224 518 2251 quoque
534 2223 610 2252 parte
631 2225 726 2244 verum
746 2226 800 2245 non
817 2220 995 2254 perspiciam,

1048 2217 1251 2252 πλανωμένους,
1265 2219 1327 2244 ἀντὶ
1339 2219 1389 2253 τῆς
1406 2217 1602 2253 προσηκούσης
1617 2217 1837 2253 ἐπανορθώσεως

218 2261 265 2288 sed
279 2261 317 2287 uti
331 2269 450 2295 semper,
464 2262 560 2290 atl'ectu
573 2262 673 2290 vitioso
686 2265 832 2291 transversi
845 2266 996 2299 rapiantur,

218 2307 308 2342 potius
327 2315 409 2342 quam
428 2316 552 2335 errorem
579 2309 729 2344 corrigam,
746 2310 842 2338 eodem
864 2318 935 2338 anno
956 2311 997 2339 bis

216 2354 321 2381 Pascha
346 2360 489 2389 peragunt.
509 2354 590 2390 585
613 2355 672 2388 Qua
695 2355 777 2391 igitur
795 2356 829 2384 de
851 2364 932 2384 causa
951 2366 999 2385 eos

217 2406 376 2433 sequemur.
393 2400 440 2433 qui
453 2400 530 2434 gravi
544 2408 637 2427 errore
650 2409 679 2428 se
694 2402 849 2436 implicatos
863 2410 924 2430 esse
937 2411 999 2430 con-

216 2444 347 2471 fitentur?
366 2445 411 2472 Bis
434 2446 561 2480 equidem
584 2447 682 2474 eodem
704 2455 777 2474 anno
798 2448 902 2476 Pascha
925 2449 999 2476 θελοι

217 2490 299 2518 brarc
318 2491 390 2519 haud
409 2500 528 2526 unquam
546 2493 769 2521 sustinuet'imus.
787 2495 876 2529 Atque
893 2495 998 2522 etiamsi

219 2536 276 2564 lucc
298 2538 377 2565 vobis
399 2546 454 2565 non
481 2544 694 2573 exponerentur,
715 2542 874 2568 conveniret
896 2545 998 2572 taiiien.

218 2590 277 2613 vos,
295 2591 343 2617 pro
361 2584 461 2612 mentis
482 2590 580 2612 vestrae
599 2585 758 2620 sagacitate,
774 2594 881 2621 semper
899 2591 927 2614 et
944 2592 1001 2614 stu-

219 2627 283 2654 dere
296 2633 323 2655 et
337 2634 443 2663 optare,
458 2637 492 2657 ne
506 2630 658 2665 cujnspiam
671 2631 851 2658 similitudine
866 2636 894 2659 et
909 2640 1001 2658 exem-

220 2674 265 2708 plo
291 2675 435 2708 puritatem
463 2677 617 2703 animarum
643 2682 796 2703 vestrarum
822 2678 999 2711 pollucretis,

221 2725 290 2744 neve
313 2718 455 2745 hominum
477 2720 566 2747 modis
586 2721 715 2748 omnibus
737 2721 868 2748 malorum
888 2730 1003 2749 consuc-

198 2796 200 2801 ι
221 2763 344 2789 tudinem
363 2763 463 2790 imitari
487 2765 661 2793 vidercmini.
677 2766 718 2792 Ad
736 2766 794 2793 haec
809 2767 875 2794 illud
891 2775 1001 2802 quoque

222 2808 452 2836 considerandum
469 2811 555 2841 venit,
571 2811 597 2838 in
616 2819 645 2838 re
662 2816 735 2838 tanta
757 2816 785 2838 et
804 2817 857 2838 tam
872 2813 1002 2839 solemni-

224 2854 276 2885 bus
295 2855 435 2892 religionis
451 2861 551 2885 nostra:
571 2857 658 2890 leriis,
676 2856 875 2885 dissensionem
892 2863 1000 2887 exstare

1048 2264 1076 2289 ἐν
1102 2263 1141 2298 τῷ
1171 2264 1246 2298 αὐτῷ
1275 2265 1327 2290 ἔτει
1355 2264 1481 2298 δεύτερον
1507 2263 1536 2290 τὸ
1566 2264 1660 2298 Πάσχα
1687 2263 1836 2290 ὲπιτῖλείν.

1048 2309 1126 2340 Τίνος
1140 2309 1187 2336 οὖν
1206 2309 1287 2345 χάριν
1308 2309 1419 2341 τούτους
1433 2309 1566 2343 ἑπόμεθα,
1589 2308 1614 2335 οῖ
1627 2308 1717 2343 δεινὴν
1732 2308 1838 2342 πλάνην

1049 2357 1136 2382 νοσεῖν
1153 2355 1363 2391 ὡμολόγηνται;
1385 2355 1511 2390 δεύτερον
1525 2355 1579 2390 γὰρ
1596 2355 1627 2380 τὺ
1637 2355 1734 2389 Πάσχα
1749 2355 1778 2380 ἐν
1797 2355 1839 2381 ἑνὶ

1048 2401 1164 2437 ἐνιαυτῷ
1178 2405 1228 2428 οὐκ
1243 2402 1276 2428 ἄν
1297 2410 1362 2428 ποτε
1379 2402 1465 2427 ποιεῖν
1476 2400 1637 2435 ἀνεξόμεθα.
1659 2399 1731 2426 Ἀλλ’
1749 2401 1774 2426 εἱ
1789 2401 1838 2427 καὶ

1049 2448 1136 2476 ταῦτα
1156 2447 1194 2483 μὴ
1206 2446 1362 2482 προῦκειτο,
1378 2446 1427 2481 τὴν
1445 2447 1581 2481 ὑμετέραν
1594 2447 1739 2481 ἀγχίνοιαν
1751 2446 1838 2481 ἐχρῆν

1050 2495 1097 2521 καὶ
1111 2494 1156 2520 διά
1169 2494 1289 2529 σπουδῆς
1307 2494 1354 2532 καὶ
1367 2493 1401 2520 δι’
1419 2494 1501 2528 εὐχῆς
1516 2493 1587 2528 ἔχειν
1601 2494 1727 2525 πάντοτε,
1739 2493 1769 2518 ὲν
1785 2502 1838 2527 μητ

1049 2540 1123 2571 δενὸς
1148 2540 1301 2575 ὁμοιώματι
1320 2540 1349 2566 τὸ
1372 2540 1489 2574 καθαρὸν
1512 2541 1561 2573 τῆς
1576 2539 1715 2574 ἡμετέρας
1743 2539 1842 2574 ψυχῆς

1051 2587 1199 2618 κοινωνεῖν,
1215 2587 1328 2621 ἢὸοκεῖν
1343 2586 1457 2612 ἕπεσθαι
1472 2586 1623 2619 ἀνθρώπων
1636 2585 1709 2611 ἔθεσι
1726 2586 1839 2619 παγκα-

1051 2641 1117 2658 κων.
1132 2633 1202 2665 Πρὸς
1223 2632 1328 2663 τούτοις
1351 2632 1461 2658 κάκεῖνο
1482 2631 1598 2665 πάρεστι
1612 2631 1794 2666 συνορᾷνμὼς
1809 2633 1839 2658 ὲν

1051 2668 1203 2712 τηλικούτῳ
1229 2678 1371 2711 πράγματι
1388 2677 1434 2703 καὶ
1459 2677 1586 2711 τοιαύτης
1616 2677 1764 2712 θρησκείας
1780 2677 1840 2711 ἐορ-

1051 2724 1084 2758 τῇ
1100 2723 1248 2758 διαφωνίαν
1274 2723 1408 2758 ὑπάρχειν
1423 2724 1496 2749 ἐστὶν
1513 2723 1664 2750 ἀθεώτατον
1677 2732 1684 2738 ·
1703 2723 1769 2757 μίαν
1785 2723 1840 2757 γὰρ

1053 2769 1118 2803 ἡμῖν
1131 2768 1181 2803 τὴν
1195 2769 1245 2802 τῆς
1260 2769 1399 2804 ἡμετέρας
1410 2768 1566 2804 ἐλευθερίας
1581 2768 1698 2802 ἡμέραν,
1710 2769 1840 2794 τουτέστι

1051 2814 1098 2840 τοῦ
1110 2814 1261 2848 ἁγιωτάτου
1273 2814 1386 2848 πάθους,
1402 2815 1415 2840 ὁ
1425 2815 1557 2851 ἡμέτερος
1570 2814 1710 2848 παρέδωκε
1723 2814 1819 2848 Σωτήρ
1832 2821 1840 2827 ·

1055 2860 1119 2896 μίαν
1133 2858 1203 2888 εἶναι
1221 2859 1270 2896 τὴν
1286 2860 1433 2896 καθολικὴν
1448 2860 1531 2888 αὑτοῦ
1563 2859 1729 2895 Ἐκκλησίαν
1746 2859 1841 2895 βεϐού-
