1894 3070
209 142 244 174 99
820 137 1032 169 NlCEPlIORI
1053 139 1227 169 CALLlSTl

1783 137 1833 169 lOi

211 198 294 226 Arius
313 197 364 224 sibi
386 196 536 224 imitandos
559 196 680 230 duxerit,
699 204 747 231 par
766 201 810 223 est
825 200 854 223 ut
869 196 992 223 eamdem

1062 197 1238 231 ,ιμησάμενος
1254 197 1376 231 Ἄρειος,
1390 195 1493 227 δὲκαιός
1509 196 1567 222 ἐστι
1582 197 1632 231 τὴν
1648 196 1733 231 αὐτὴν
1763 197 1832 223 ἐκεί-

210 251 274 271 cum
291 243 346 269 illis
363 243 433 268 ferat
448 243 637 277 ignominiam.
655 241 891 275 Quemadmodum
911 242 994 276 igitur

213 289 382 323 Porphyrius
404 287 505 314 divinre
523 288 634 322 pietatis
651 288 749 320 hostis,
769 287 871 322 iniquis
895 287 928 314 dc
949 295 993 314 re-

211 334 314 369 ligione
331 333 492 368 compositis
513 334 604 365 libris.
623 334 785 369 condignam
805 333 907 367 reperit
925 340 995 360 mer-

212 380 318 408 cedem.
335 387 384 414 per
399 387 481 414 quam
501 380 624 406 omnium
646 379 747 407 futuris
763 379 871 407 sax-uiis
886 379 995 414 probris

212 426 348 454 obnoxius
363 426 427 457 erit,
442 426 614 460 plurimaque
629 426 765 453 obruetur
777 424 899 455 infamia,
912 429 994 458 atque

213 473 327 505 insuper
341 471 424 505 impia
438 471 498 506 ejus
510 471 613 498 abolita
626 475 691 498 sunt
704 471 818 505 scripta,
831 470 867 497 ita
881 475 906 496 et
921 476 995 496 nunc

212 517 343 551 placitum
366 517 447 544 nobis
472 523 525 548 est.
549 517 644 544 Arium
666 522 694 544 et
710 517 767 544 Arii
789 516 992 549 suifragatores,

213 563 418 597 Porphyriones
433 563 545 597 quidem
561 563 707 592 nominari.
724 567 754 589 ut.
766 569 882 596 quorum
896 561 994 588 imitati

211 613 276 635 sunt
303 615 405 638 mores.
421 615 517 635 eorum
539 616 648 643 quoque
671 608 815 634 obtineant
835 607 995 642 appellatio-

212 661 262 681 nes
276 664 281 681 :
298 655 320 680 si
336 654 409 688 quod
427 659 519 681 autem
535 654 668 688 scriptum
684 654 718 680 ad
732 653 798 681 Ario
813 653 994 687 compositum

212 699 378 734 reperiatur.
399 705 428 726 ut
456 699 509 734 igni
535 700 561 726 id
587 699 711 726 tradatur
733 699 870 729 volumus.
888 702 917 726 tit
939 706 994 725 non

214 746 296 772 modo
326 746 452 780 improba
477 746 537 781 ejus
563 745 692 772 doctrina
716 745 875 780 abrogetur,
899 753 995 772 verum

210 800 294 819 etiam
310 800 344 819 nc
362 797 571 819 monumentum
587 791 697 826 quidem
715 791 824 826 aliquod
839 791 899 825 ejus
915 790 995 817 relin-

212 843 324 872 quatur.
348 837 417 864 lllud
444 837 569 872 equidem
596 836 756 871 praedictum
780 836 861 867 volo.
885 836 908 863 si
933 835 995 870 quis

202 885 336 924 Jliiieiilllll
355 884 474 918 aliquem
490 884 522 910 ab
538 883 603 910 Ario
621 883 807 917 conscriptum
825 882 927 914 celare,
945 889 997 909 nec

214 930 347 957 continuo
359 930 414 965 igni
429 930 607 960 comburere,
622 929 812 963 deprehensus
828 928 920 958 fuerit.
934 935 997 962 sup-

215 975 328 1010 plicium
351 975 376 1002 ei
404 975 500 1001 mortis
521 982 583 1001 esse
608 974 800 1001 constitutum.
821 973 901 1008 537
923 973 997 1000 Illico

216 1028 334 1055 namque
364 1021 390 1047 in
418 1020 532 1046 crimine
564 1019 610 1047 tali
643 1019 860 1053 comprehensus
890 1025 996 1052 poenam

216 1067 365 1094 sustinebit
378 1066 534 1100 capitalem.
552 1075 561 1091 ›
580 1065 675 1092 Plures
687 1065 769 1092 etiam
783 1064 852 1091 alias
866 1066 998 1091 adversus

215 1112 328 1140 eosdem
347 1111 380 1138 ad
401 1111 459 1138 loca
480 1111 572 1138 omnia
591 1109 665 1137 misit
681 1110 823 1144 epistolas,
837 1109 928 1137 verbis
950 1116 999 1143 per

217 1160 335 1186 ironiam
350 1159 384 1186 ad
401 1159 607 1186 simulationem
624 1158 795 1192 compositis,
811 1157 852 1184 eis
868 1157 996 1185 illudens.

217 1204 474 1233 Nicomediensibus
494 1204 588 1231 itidem
611 1203 649 1239 μ)
682 1209 778 1230 contra
798 1203 947 1230 Eusebium
971 1207 1000 1230 et

218 1251 406 1286 Theognidem
426 1250 548 1285 scripsit,
565 1250 713 1277 Eusebium
737 1250 934 1284 perstringens,
954 1257 1000 1277 ve-

216 1298 267 1325 luti
284 1298 387 1325 Licinio
406 1297 555 1332 aliquando
580 1297 716 1324 faventem
738 1297 847 1331 sibique
865 1296 999 1323 insidian-

217 1348 283 1373 tem.
301 1349 383 1377 atque
403 1343 487 1369 alium
503 1342 662 1376 episcopum
679 1342 770 1376 legere
790 1341 908 1377 jubens;
927 1341 998 1375 quod

217 1393 244 1415 et
261 1389 361 1415 factum
380 1393 431 1415 est.
450 1387 501 1415 Eas
516 1388 646 1422 epistolas
658 1387 710 1414 hoc
722 1387 783 1414 loco
797 1394 948 1422 apponere,
965 1394 1000 1414 ne

217 1435 325 1470 longior
344 1443 403 1462 esse
427 1434 536 1465 videar,
554 1434 646 1460 minus
669 1433 816 1460 convenire
839 1433 940 1468 putavi.
961 1434 1000 1460 Ac

218 1481 253 1507 de
269 1481 310 1507 his
324 1479 434 1514 quidem
451 1479 597 1506 hactenus.

499 1534 613 1563 CAPUT
633 1535 728 1563 XXVI.

222 1583 297 1616 Quod
308 1583 493 1610 Constantinus
508 1582 692 1609 benedictionis
708 1590 799 1613 causa,
813 1581 1002 1609 Constantino-

257 1619 336 1653 polim
363 1619 460 1652 synodo
499 1617 648 1653 translata,
679 1617 811 1653 publicum
843 1618 866 1644 ei
892 1617 1001 1651 pra'buit

257 1652 362 1687 epulum
377 1658 400 1678 et
416 1652 672 1683 nmneribus,omnes
693 1652 796 1678 honori:
810 1653 895 1686 gratia
914 1660 1002 1687 prase-

257 1693 342 1719 cutus,
359 1688 464 1714 ίίοιιιιιηι
478 1695 605 1722 quemque
615 1687 756 1713 dimiserit.

257 1745 392 1771 Cancrum
409 1743 491 1769 rebus
506 1743 539 1769 ad
557 1743 632 1769 hunc
648 1742 759 1770 modum
774 1743 915 1774 euntibus,
929 1751 1002 1770 com-

223 1790 333 1817 modum
358 1789 451 1816 evenit
474 1793 505 1815 ut
529 1788 677 1816 vicesimus
700 1789 874 1816 Constantini
895 1789 1002 1824 imperii

224 1844 314 1864 annus
329 1841 386 1863 tum
403 1836 598 1870 complerctur.
613 1835 648 1862 Et
661 1835 777 1862 Romani
793 1843 869 1862 more
881 1841 1002 1870 reCepto.

223 1884 330 1911 decimo
351 1890 460 1917 quoque
484 1882 617 1916 principis
639 1882 682 1909 sui
705 1881 812 1916 imperii
832 1889 915 1913 anno,
931 1889 1005 1909 com-

223 1938 335 1958 munem
355 1934 382 1956 et
403 1929 542 1964 publicum
562 1929 678 1964 agebant
695 1933 860 1955 conventum
878 1928 1004 1963 diemque

223 1977 334 2003 festum.
358 1976 453 2010 Itaque
476 1979 505 2002 et
530 1976 588 2009 ipse
614 1974 713 2001 decere
739 1974 765 2001 id
789 1974 949 2007 arbitratus,
970 1974 1004 2001 ad

222 2023 318 2056 epulas
342 2022 476 2056 synodum
501 2021 610 2053 invitat,
630 2025 659 2048 et
676 2020 745 2048 toris
763 2020 891 2055 plurimis
908 2019 1004 2047 ordine

224 2076 275 2095 suo
295 2067 446 2096 collocatis.
460 2067 557 2094 eodem
580 2068 609 2094 in
625 2067 687 2094 loco
709 2066 812 2100 excipit
827 2086 834 2098 ,
855 2065 1004 2100 multisque

223 2119 251 2138 et
267 2112 441 2139 sermonibus
459 2117 487 2138 t‘l
504 2111 585 2138 donis
606 2111 844 2139 honoriﬁcentiam
861 2116 888 2138 et
904 2111 1005 2139 libera-

225 2158 329 2184 litatem
345 2164 409 2190 erga
425 2157 486 2183 illos
506 2157 661 2188 declarans.
679 2157 906 2191 praeclarissimas
924 2165 1006 2192 quos-

1048 250 1104 272 νοις
1130 242 1243 276 ὑπέχειν
1260 241 1382 276 ἀτιμίαν.
1402 242 1508 277 Ὥσπερ
1531 242 1621 268 τοίνυν
1644 242 1797 278 Πορφύριος
1819 245 1832 269 ό

1046 287 1094 322 τῆς
1109 287 1265 318 Θεοσεϐείας
1282 287 1378 322 ἐχθρδς
1394 288 1574 322 συντάγματα
1599 289 1748 322 παράνομα
1768 289 1832 322 περὶ

1045 333 1094 367 τῆς
1107 334 1259 368 θρησκείας
1275 333 1494 368 συστησάμενος,
1511 333 1585 365 ἄξιον
1602 333 1703 368 εὕρατο
1716 334 1811 367 μισθόν
1825 343 1830 349 ·

1045 378 1092 403 καὶ
1109 378 1229 403 τοιοῦτον
1245 377 1316 403 ὥστε
1333 378 1516 404 ἐπονείδιστον
1532 378 1582 413 μὲν
1596 379 1678 405 αὑτὸν
1692 379 1762 414 πρὸς
1786 379 1832 405 τοι)

1046 423 1110 458 ἑξῆς
1121 423 1248 456 γενέσθαι
1272 424 1378 459 χρόνον,
1408 425 1455 450 καὶ
1473 425 1603 459 πλείστης
1624 426 1833 460 ἀναπλησθῆναι

1046 469 1217 502 κακοδοξίας,
1242 471 1426 505 ἀφανισθῆναι
1442 471 1471 498 δὲ
1495 471 1529 497 τὰ
1550 472 1636 506 ἀσεϐῆ
1661 473 1745 499 αὐτοῦ
1766 481 1831 506 συγ-

1045 518 1196 553 γράμματα
1207 527 1215 533 '
1229 518 1300 545 οὕτω
1318 519 1366 545 καὶ
1379 518 1426 544 νῦν
1442 518 1532 551 ἔδοξεν
1546 519 1655 554 ’Λρειόν
1673 528 1702 546 τε
1714 520 1761 546 καὶ
1770 521 1832 551 τοὺς

1052 565 1158 598 Ἀρείου
1168 565 1361 599 ὁμογνώμονας
1383 565 1588 600 Πορφυριανοὺς
1606 565 1655 599 μὲν
1679 565 1831 594 καλεῖσθαι.

1046 610 1080 636 ἵν’
1093 607 1131 636 ὧν
1154 611 1217 642 τοὺς
1233 611 1351 643 τρόπους
1371 611 1552 645 μεμίμηνται,
1565 610 1670 636 τούτων
1686 611 1769 645 ἔχωσι
1786 612 1833 637 καὶ

1045 656 1094 690 τὴν
1104 656 1291 691 προσηγορίαν
1303 664 1310 670 ·
1325 656 1393 691 πρὸς
1408 656 1435 683 δὲ
1447 657 1562 688 τούτοις,
1572 656 1620 683 καὶ
1636 657 1662 682 εί
1672 665 1699 682 τι
1714 656 1832 690 σύνταγ-

1048 710 1085 736 μα
1094 701 1146 728 ύπδ
1159 702 1265 736 ’Δρείου
1279 703 1491 737 συντεταγμένον
1501 703 1664 737 εὑρίσκοιτο,
1676 703 1756 729 τοῦτο
1766 711 1800 728 πυ
1806 704 1833 736 {.1

1046 747 1251 781 παραδίδοσθαι,
1269 748 1312 774 ἵνα
1340 748 1377 782 μὴ
1406 747 1485 782 μόνον
1503 748 1538 774 τὰ
1563 748 1652 782 φαῦλα
1676 748 1760 775 αὑτοῦ
1784 749 1834 782 τῆς

1045 791 1220 823 διδασκαλίας
1233 793 1408 828 ἀφανισθείη,
1421 793 1489 820 ἀλλὰ
1504 794 1572 828 μηδέ
1587 794 1738 830 ὑπόμνημα
1752 795 1835 821 αὑτοῦ

1046 836 1115 868 ὅλως
1143 837 1314 865 ὐπολίποιτο.
1350 837 1454 864 Ἐκεῖνο
1476 838 1569 873 μέντοι
1581 838 1762 874 προαγορεύω
1778 846 1784 852 ·
1800 839 1837 868 ὡς

1048 883 1075 909 εῐ
1087 891 1130 913 τις
1141 884 1286 918 σύνταγμα.
1313 884 1366 910 ὑπὸ
1400 884 1505 919 Ἀρείου
1537 885 1669 918 συνταγὲν
1694 883 1836 919 φωραθείη

1049 927 1168 962 κρύψας,
1184 929 1230 954 καὶ
1252 928 1289 963 μὴ
1305 928 1406 960 εὐθέως
1422 929 1615 964 προσενεγκὼν
1630 929 1698 964 πυρὶ
1718 938 1839 956 κατανα-

1049 973 1134 1009 λώσῃ,
1151 974 1238 1007 τοὺτῳ
1251 974 1366 1006 Θάνατος
1398 974 1476 1001 ἔσται
1494 975 1511 1010 ἡ
1533 975 1629 1010 ζημία.
1660 974 1838 1009 Παραχρῆμι

1048 1019 1102 1055 γὰρ
1118 1020 1199 1051 ἁλοὺς
1212 1021 1258 1047 ἐπὶ
1273 1021 1370 1056 τούτῳ,
1386 1021 1539 1056 κεφαλικὴν
1555 1022 1740 1057 ὑποστήσεται
1753 1030 1839 1057 τιμω-

1051 1066 1120 1102 ρίαν.
1140 1075 1150 1092 ι
1167 1066 1272 1098 Πολλὰς
1287 1066 1315 1093 δὲ
1330 1067 1378 1094 καὶ
1395 1067 1479 1099 ἄλλας
1503 1068 1645 1098 ἐπιστολὰς
1669 1067 1731 1093 κατ’
1748 1067 1838 1093 αὐτῶν

1049 1113 1172 1148 πέμψας,
1182 1113 1340 1149 ἁπανταχοῦ
1366 1113 1567 1146 ἐξαπέστειλεν,
1585 1115 1613 1140 ὲν
1628 1114 1722 1148 είρωνι
1739 1113 1778 1147 τῷ
1795 1113 1839 1138 λό-

1049 1169 1091 1196 γῳ
1105 1159 1258 1192 διαπαίζων
1284 1160 1393 1192 αὐτούς,
1413 1160 1465 1186 Καὶ
1490 1160 1678 1195 Νικομηδεῦσι
1705 1159 1734 1186 δὲ
1768 1160 1838 1185 κατὰ

1049 1206 1181 1233 Εὑσεϐίου
1205 1206 1251 1232 καὶ
1269 1206 1411 1240 Θεόγνιδος
1429 1206 1560 1241 ἔγραφεν,
1577 1208 1605 1232 ἐν
1627 1203 1667 1237 οἷς
1688 1205 1736 1231 τοῦ
1751 1206 1838 1231 Ede.-

1051 1252 1109 1279 ϐίου
1126 1252 1309 1284 καθάπτεται,
1335 1252 1373 1283 ὠς
1388 1251 1501 1288 Λικινίῳ
1529 1252 1696 1284 εὐνοοῦντος,
1716 1252 1837 1285 κάκείνῳ

1051 1298 1284 1332 ἐπιϐουλεύοντος,
1300 1298 1348 1325 καὶ
1372 1298 1523 1325 ἐπίσκοπον
1550 1299 1645 1334 ἕτερον
1673 1298 1785 1324 ἑλέσθαι
1799 1307 1806 1312 ·
1824 1298 1837 1323 ὃ

1051 1344 1098 1370 καὶ
1114 1345 1232 1378 ἐγένετο.
1252 1344 1287 1369 Τὸ
1304 1343 1332 1370 δὲ
1345 1343 1429 1378 μῆκος
1458 1342 1567 1377 φεύγων
1580 1342 1645 1376 ἐγὼ,
1661 1343 1708 1368 καὶ
1734 1342 1838 1371 ταύτας

1050 1390 1216 1424 παραθεῖναι
1232 1390 1280 1422 τὰς
1298 1389 1444 1421 ἐπιστολὰς
1461 1389 1491 1415 οὐ
1511 1388 1571 1416 δέον
1587 1388 1765 1423 ἐλογισάμην.
1782 1387 1838 1414 Καὶ

1053 1435 1119 1470 περὶ
1135 1436 1185 1470 μὲν
1199 1435 1302 1462 τούτων
1317 1434 1415 1463 ταῦτα.

1332 1539 1457 1566 ΚΕΦΑΛ.
1482 1539 1555 1573 Kq'.

1053 1587 1114 1615 Ὅτι
1139 1587 1174 1614 ὲν
1192 1586 1509 1614 Κωνσταντινουπόλει
1539 1584 1595 1619 τὴν
1618 1585 1754 1612 σύνοδον
1767 1585 1840 1619 ἁγα-

1088 1623 1158 1658 τὼν,
1172 1622 1314 1658 εὐλογίας
1342 1620 1444 1658 χάριγ,
1468 1620 1618 1658 δημοτελῆ
1639 1620 1718 1654 αὐτῇ
1737 1620 1841 1646 ἑστία-

1087 1655 1139 1684 cur
1150 1655 1315 1690 ὲποιήάατο
1324 1663 1331 1670 ·
1348 1656 1395 1682 καὶ
1410 1655 1514 1688 δώροις
1531 1655 1666 1687 ἅπαντας
1678 1658 1840 1689 φιλοτιμη-

1088 1692 1231 1726 σάμενος,
1248 1690 1350 1717 οἶκαδε
1368 1691 1502 1717 ἀπέλυεν
1519 1690 1659 1717 ἕκαστον.

1089 1750 1200 1777 Τούτων
1215 1749 1288 1775 οὕτω
1302 1748 1473 1784 προϐάντων,
1491 1747 1589 1783 συνέϐη
1610 1748 1660 1783 τὴν
1677 1749 1841 1783 εἰκοσαετη-

1055 1797 1115 1832 ρίδα
1131 1796 1181 1830 τῆς
1194 1794 1399 1822 Κωνσταντίνου
1412 1794 1560 1829 τηνικαῦτα
1577 1794 1717 1829 βασιλείας
1732 1797 1845 1829 περιελ-

1055 1841 1123 1867 θεῖν.
1153 1840 1255 1871 Είωυδς
1284 1839 1313 1866 δὲ
1337 1839 1487 1874 Ῥωμαίοις
1515 1839 1577 1865 καθ’
1602 1839 1722 1873 ἑκάστην
1742 1840 1845 1867 δεκάδα

1055 1884 1102 1912 τοῦ
1134 1884 1298 1920 κρατοῦντος
1331 1886 1421 1920 ἀρχῆς
1449 1885 1541 1920 κοινὴν
1569 1886 1726 1920 πανήγυριν
1752 1886 1844 1919 ἄγειν,

1056 1930 1195 1965 προσῆκον
1215 1931 1342 1961 κάκεῖνος
1358 1930 1547 1964 λογισάμενος,
1573 1931 1613 1962 είς
1640 1931 1763 1957 ἑστίασιν
1792 1932 1846 1965 τὴν

1056 1976 1165 2003 σύνοδον
1181 1975 1386 2011 προετρέψατο·
1404 1977 1453 2002 καὶ
1477 1976 1545 2010 δῆτα
1575 1976 1680 2002 πολλῶν
1705 1976 1845 2002 στιϐάδων

1056 2021 1085 2047 ὲν
1094 2020 1197 2056 εὐθέτῳ
1216 2020 1419 2055 γεγενημένων,
1432 2021 1502 2047 κατὰ
1512 2021 1609 2047 ταυτὸν
1625 2021 1730 2053 πάντας
1742 2021 1845 2054 εἱστία,

1056 2067 1168 2099 πολλοῖς
1177 2067 1226 2094 καὶ
1241 2066 1331 2101 λόγοις
1353 2068 1402 2093 καὶ
1421 2066 1515 2101 δώροις
1535 2067 1565 2094 to
1581 2067 1726 2102 φιλότιμον
1740 2068 1847 2094 ἐπιδει-

1056 2113 1201 2148 κνύμενος.
1229 2113 1299 2143 Τοὺς
1327 2113 1375 2148 μὲν
1399 2111 1446 2140 οὖν
1468 2115 1628 2148 περιφανεῖς
1657 2106 1847 2141 ἑκείνων“καὶ

1056 2159 1261 2194 ὁμοτραπέζους
1275 2159 1365 2193 ἐαυτῷ
1384 2160 1469 2186 ἐποίει
1482 2167 1488 2174 ·
1503 2157 1622 2186 ὧντινων
1637 2159 1685 2186 καὶ
1699 2161 1733 2186 τὰ
1751 2169 1847 2195 πεπη-

224 2210 278 2237 que
298 2210 393 2229 eorum
414 2209 513 2228 mensa:
531 2209 585 2228 sum
602 2202 725 2229 adhibet.
745 2202 865 2235 Quorum
883 2203 1000 2237 quidelm

1062 2205 1173 2239 ρωμένα
1188 2205 1232 2230 διὰ
1249 2205 1367 2239 Χριστὸν
1387 2205 1455 2240 μέλη
1468 2205 1616 2240 θεώμενος,
1636 2206 1684 2231 καὶ
1695 2206 1724 2231 τὸ
1736 2206 1847 2240 ἑδραῖον

224 2256 287 2274 cum
304 2248 348 2274 ille
362 2248 485 2274 mutilata
501 2252 614 2281 propter
626 2247 764 2274 Christum
779 2254 906 2276 cerneret
922 2256 1006 2276 mem-

226 2296 284 2327 bra,
298 2299 378 2329 atque
396 2294 458 2320 fidei
472 2301 567 2320 eorum
582 2294 762 2320 constantiam
776 2294 838 2321 inde
852 2294 1004 2329 colligeret,

224 2342 304 2369 labiis
320 2342 379 2376 ipse
394 2341 452 2368 suis
469 2340 612 2367 cicatrices
626 2347 722 2367 eorum
744 2341 898 2367 cxosvulari
917 2346 945 2368 et
960 2349 1006 2368 ve-

225 2388 314 2415 nerari
330 2387 492 2422 dedignatus
508 2394 562 2413 non
580 2390 630 2417 est.
648 2387 761 2422 gratiam
778 2394 807 2413 se
822 2387 917 2414 osculo
934 2388 1006 2422 ejus-

225 2435 296 2460 modi
323 2439 350 2461 et
373 2432 565 2460 benedictione
587 2440 681 2459 eorum
706 2433 848 2467 percipere
872 2432 1003 2460 conﬁsus.

225 2480 404 2515 Posteaquam
421 2483 514 2506 autem
537 2478 618 2505 ﬁnem
638 2486 718 2505 suum
738 2479 894 2505 convivium
913 2479 938 2505 id
958 2479 1007 2505 ha-

224 2527 296 2557 buit.
311 2527 370 2554 loco
393 2533 444 2553 suo
463 2533 625 2560 exsurgens.
646 2525 780 2560 supplicis
796 2533 872 2552 more
888 2532 1006 2552 conven-

225 2577 284 2599 tum
303 2573 417 2606 rogavit,
435 2577 465 2600 ut
486 2572 533 2607 qui
557 2576 662 2598 tantum
687 2571 868 2606 pertulissent
892 2571 1005 2604 laboris,

225 2625 376 2652 perpaucos
393 2619 444 2645 sibi
461 2618 520 2646 dies
536 2618 614 2648 dare,
634 2623 662 2644 et
686 2624 780 2644 recens
803 2616 943 2643 fundatam
961 2625 1007 2642 ur-

225 2662 366 2696 bem,j‘am
384 2668 441 2690 tum
458 2664 616 2698 perfectam,
639 2663 715 2690 adire
738 2670 791 2689 non
814 2668 1005 2697 gravarentur.

224 2713 254 2735 ut
279 2708 484 2742 precationibus
508 2710 566 2736 suis
591 2709 759 2736 munitiones
779 2714 807 2735 et
829 2716 923 2735 muros
945 2709 1006 2742 ejus

225 2754 378 2780 ﬁrmarent.
391 2754 478 2788 Atque
492 2755 531 2781 illi
546 2756 649 2788 statim,
664 2755 736 2790 quod
750 2755 876 2789 petierat,
890 2754 1004 2780 faciunt.

222 2799 486 2834 Constantinopolim
508 2801 640 2832 veniunt,
665 2802 790 2829 Encmnia
811 2807 839 2829 et
862 2808 1005 2828 consecra-

259 2856 299 2891 (l)
317 2856 423 2883 Socrat.
440 2856 487 2883 lib.
505 2865 512 2884 ι
529 2857 652 2884 Historia’
670 2858 759 2884 ccc/cs.

1058 2250 1183 2277 ἐντεῦθεν
1204 2252 1253 2286 τῆς
1267 2252 1385 2283 πίστεως
1411 2252 1520 2284 ἐννοῶν,
1544 2253 1661 2287 χείλεσιν
1690 2253 1766 2283 ίδίοις
1793 2254 1846 2278 οὐκ

1058 2296 1174 2330 ἀπηξίου
1185 2299 1268 2332 τιμᾷν
1283 2298 1333 2329 τὰς
1348 2298 1466 2332 πληγὰς,
1482 2298 1590 2333 θαρῤὦν
1603 2298 1640 2329 ὠς
1662 2298 1744 2332 χάριν
1769 2299 1846 2325 ἕλκει

1056 2342 1095 2377 τῷ
1107 2342 1239 2377 φιλήματι
1256 2343 1303 2368 καὶ
1327 2344 1388 2374 ταῖς
1405 2342 1553 2376 εὐλογίαις.
1578 2343 1654 2369 Ἐπεὶ
1665 2343 1694 2369 δὲ
1718 2343 1750 2369 τὸ
1770 2344 1847 2378 ἱερὸν

1057 2387 1145 2412 ἐκεῖνο
1163 2388 1313 2420 συμπόσιον
1329 2385 1386 2421 εἶχε
1400 2388 1498 2422 πέρας,
1510 2387 1557 2413 τοῦ
1570 2387 1666 2421 θρόνου
1679 2387 1845 2421 ἐξαναστὰς,

1059 2432 1151 2466 ἱκέτης
1167 2433 1272 2466 ἐγίνετο
1291 2432 1339 2459 ἰοὖ
1357 2432 1499 2467 συλλόγου,
1519 2433 1556 2468 μὴ
1570 2434 1685 2468 ὀκνῆσαι
1712 2434 1847 2461 τοσοῦτον

1058 2477 1181 2512 κάματον
1216 2478 1394 2511 άνατλάντας,
1426 2479 1556 2514 βραχείας
1589 2479 1636 2505 καὶ
1662 2479 1738 2513 αὐτῷ
1766 2488 1848 2512 τινις

1058 2523 1164 2557 ἡμέρας
1195 2524 1372 2559 χαρίσασθαι,
1401 2526 1449 2551 καὶ
1474 2526 1539 2560 ἄχρι
1558 2525 1590 2560 δὴ
1618 2525 1668 2559 τῆς
1692 2527 1848 2559 νεοπαγοὶς

1058 2568 1140 2594 αὐτοῦ
1156 2569 1271 2601 πόλεως,
1285 2569 1434 2604 ἀφικέσθαι
1445 2570 1507 2597 ὅσον
1524 2570 1575 2605 ἠδη
1595 2570 1827 2606 συντελεσθείσης
1839 2581 1846 2586 ·

1058 2613 1083 2640 ἴν
1098 2614 1190 2648 εὐχαῖς
1203 2616 1248 2642 τὸν
1261 2616 1363 2650 ταύτης
1377 2617 1522 2652 περίϐολον
1538 2618 1586 2643 καὶ
1601 2618 1635 2643 τὰ
1647 2617 1725 2652 τείχη
1744 2620 1846 2652 στηρί-

1058 2660 1142 2692 ξαιεν.
1171 2663 1201 2688 Οί
1218 2662 1240 2687 δ’
1269 2662 1348 2694 εὐθὺς
1366 2664 1476 2690 ἐποίουν
1497 2664 1528 2690 τὸ
1556 2665 1690 2700 αἰτηθένο
1720 2666 1768 2691 καὶ
1794 2666 1847 2700 τὴν

1059 2706 1264 2734 Κωνσταντὶνου
1293 2710 1506 2742 καταλαϐόντες,
1530 2712 1564 2737 τὰ
1588 2712 1713 2746 ἐγκαίνια
1738 2712 1847 2747 ταύτης

1058 2753 1177 2786 ἐποίουν,
1189 2755 1237 2789 τὴν
1262 2756 1432 2791 ἀναίμακτον
1448 2757 1544 2784 θυσίαν
1566 2757 1754 2790 ἐπιτελοῦντες
1769 2766 1776 2772 ·
1794 2762 1847 2784 καὶ

1058 2799 1150 2834 εὐχαῖς
1178 2801 1351 2834 διαλαϐόντες
1385 2805 1431 2831 καὶ
1464 2804 1641 2839 στηρίξαντες
1668 2805 1781 2839 ἱκανῶς,
1810 2809 1844 2841 τῇ
