1894 3070
236 171 284 201 127
841 164 1052 195 NlCEi’llJRl

233 230 446 261 obstupuerunt.
461 227 570 253 Interea
584 225 695 257 accidit,
710 229 739 252 ttt
753 225 824 260 regis
842 225 914 252 ﬁlius
926 225 1020 252 etiam-
1037 230 1057 255 Α

233 283 299 301 num
325 274 426 304 infans.
445 273 565 307 graviter
587 269 741 307 tegrotarét,
761 276 787 299 et
812 277 900 299 mater
930 271 1017 305 patrio

233 321 350 356 quodam
368 328 444 347 more
458 321 490 346 ad
507 320 573 346 alias
586 327 648 346 eum
669 319 790 346 mitteret
806 318 946 349 mulieres,
963 325 1018 351 quo

234 367 342 394 facilius
357 367 508 393 remedium
539 366 599 392 mali
625 365 737 399 reperiri
761 369 862 398 posset.
877 364 910 391 Ut
926 368 1017 390 autem

235 421 301 446 puer
315 421 330 438 a
346 413 452 439 nutrice
482 411 664 440 circumlatus
677 415 718 438 est
731 430 737 440 .
753 417 841 444 neque
858 409 1019 435 meliuscule

234 458 341 488 habuit,
359 459 466 484 tandem
482 458 563 484 etiam
579 459 610 483 ad
621 457 755 491 captivam
771 457 844 482 illam
864 460 907 482 est
922 454 1020 488 depor-

235 508 318 530 tatus.
340 503 406 535 Qua'
424 503 450 530 in
475 503 624 530 multorum
651 502 804 535 phi‘Sctllia,
823 501 888 527 nihil
906 508 971 528 sane
986 508 1019 527 ex

234 550 349 577 materia
370 550 462 584 aliqua
477 550 620 584 compositi
644 548 758 575 remedii
775 548 906 578 admorit.
932 555 1021 580 neque

233 594 307 620 enim
323 602 352 620 se
366 594 514 628 quidquam
529 593 662 627 ejusmodi
682 593 752 620 scire
766 592 922 622 allirmavit,
939 590 1020 626 605

233 641 281 668 86d
309 648 394 675 puero
422 641 450 666 in
472 640 594 670 linteolo,
608 639 680 674 quod
699 640 722 666 ei
739 647 754 666 e
768 639 832 673 pilis
861 642 1019 665 contextum

232 691 306 715 erat.
330 687 384 720 jam
416 687 545 718 lacerum.
571 686 701 718 reposito,
726 685 876 719 simplicem
902 684 925 710 ei
955 683 1022 710 fecit

235 732 410 764 medicinam,
427 732 538 759 nomine
552 731 656 758 Christi
678 739 760 765 super
777 739 809 758 eo
823 731 960 757 invocato.
988 730 1022 757 Et

234 785 298 805 ecce
318 778 363 811 qui
378 778 405 805 in
433 785 465 805 ea
483 782 544 804 erat
558 778 762 811 exspectatione
775 781 804 804 ut
822 777 948 810 protinus
961 784 1021 803 mo-

234 829 353 855 reretur,
369 824 570 857 quamprimum
600 823 718 857 precatio
741 829 784 850 est
797 822 878 853 facta,
906 822 976 849 liber
1006 830 1022 848 a

234 870 357 902 periculo
372 869 434 896 fuit.
451 869 488 896 Ex
501 877 533 896 eo
546 875 668 903 tempore
682 869 810 903 pra-clara
826 869 886 901 ejus
899 869 1022 896 mulieris

234 914 287 940 fuit
302 914 383 944 lanna,
403 914 631 948 matrique-pueri
647 919 674 941 et
690 914 750 941 aliis
766 914 875 941 feminis
891 914 1021 942 innotuit.

235 959 292 986 Nec
316 960 351 986 ita
369 959 454 986 multo
469 965 540 994 post,
568 965 595 987 et
613 967 673 987 eam
692 959 777 994 ipsam
803 961 881 994 pueri
909 965 1022 987 matrem

235 1005 381 1032 incurabili
391 1013 547 1039 oppressam
560 1006 666 1038 mOrbo,
677 1006 773 1033 eodem
788 1006 909 1033 restituit
923 1006 1022 1032 modo:

233 1057 351 1084 eamque
366 1055 408 1077 est
423 1050 544 1082 hortata.
572 1056 601 1078 ut
627 1052 757 1086 deinceps
773 1052 797 1078 ei
816 1051 939 1078 divinum
957 1060 1025 1085 pra:-

237 1100 322 1122 staret
351 1097 467 1128 cultum,
481 1097 653 1132 gratiamque
668 1098 791 1129 haberet,
806 1097 854 1132 qui
887 1098 1022 1124 bonormn

234 1142 409 1174 conciliator,
425 1151 551 1177 vertitque
566 1144 700 1176 sanitatis,
719 1144 791 1175 vitae.
803 1149 831 1171 et
851 1145 924 1178 regni
940 1144 1026 1178 ipsius

236 1189 273 1214 sit
287 1188 376 1214 dator.
391 1188 460 1215 Eum
482 1196 541 1215 esse
559 1189 712 1220 Christum,
728 1198 823 1216 verum
843 1190 972 1218 Verbum.
991 1191 1025 1218 Et

236 1239 331 1268 posma
353 1234 477 1266 quotidie
505 1235 537 1261 ad
562 1242 621 1262 eam
637 1235 826 1269 frequentans,
844 1236 973 1264 salutaria
998 1236 1024 1264 ei

235 1284 308 1304 vera:
338 1278 446 1311 pietatis
464 1279 589 1306 exhibuit
618 1280 829 1308 medicamenta.
847 1281 1024 1316 Quapropter

243 1323 338 1358 regina
356 1332 385 1352 re
399 1325 455 1358 ipsa
471 1324 606 1352 dictorum
622 1326 736 1354 veritate
748 1327 775 1354 in
789 1335 818 1354 se
832 1327 889 1361 ipsa
906 1329 1023 1362 cognita,

236 1369 377 1397 mulierem
402 1370 428 1397 in
457 1379 554 1405 magno
574 1372 669 1398 habuit
695 1372 809 1400 honore.
835 1373 965 1400 Sedenim
980 1382 1026 1401 rex

237 1423 299 1441 cutn
314 1423 328 1442 e
345 1416 462 1451 conjuge
476 1422 504 1443 et
518 1417 685 1444 celeritatem
708 1423 736 1445 et
761 1420 894 1445 rationem
911 1419 1026 1446 remedii

239 1461 428 1494 intellexisset,
458 1462 539 1490 donis
555 1465 694 1498 captivam
715 1466 854 1491 munerari
874 1464 969 1491 voluit.
992 1465 1027 1491 At

239 1507 284 1533 illa
312 1507 380 1534 nihil
400 1507 453 1534 sibi
472 1515 541 1542 opus
570 1510 630 1543 ejus
655 1510 780 1544 pecuniis
800 1517 859 1537 esse
874 1509 954 1541 dixit.
982 1510 1026 1536 cui

239 1553 349 1579 abunde
364 1554 389 1580 in
406 1553 515 1581 Christo
529 1561 709 1590 suppeterent
721 1564 787 1591 opes
795 1564 907 1583 omnes:
918 1556 1026 1590 sibique
1041 1565 1063 1593 ς

239 1598 360 1633 ingentis
373 1600 494 1627 muneris
511 1601 571 1628 loco
588 1601 654 1633 forel
669 1603 693 1629 si
716 1607 743 1629 et
759 1602 809 1637 ipsi
825 1603 951 1629 eumdem
970 1602 1026 1629 Nu-

239 1644 322 1670 minis
336 1645 439 1671 cultum
452 1647 711 1681 complecterentur.
730 1647 776 1674 llis
800 1648 843 1675 illa
860 1648 952 1678 dictis,
968 1656 1028 1674 mu-

238 1696 293 1715 nus
309 1689 375 1716 satis
388 1691 490 1724 grande
517 1691 549 1718 ad
574 1700 664 1726 regem
690 1693 805 1720 remisit.
822 1694 908 1726 Quem
929 1694 1028 1720 deinde

239 1734 342 1760 sensim
362 1737 562 1769 quodammodo
586 1745 653 1763 uxor
672 1739 862 1772 persuadebat,
880 1740 1026 1774 pulchrum

240 1787 364 1806 errorem
388 1780 412 1806 ei
439 1782 566 1816 suadens,
582 1783 690 1810 diverso
714 1792 827 1818 prorsus
849 1793 930 1819 quam
961 1787 1026 1814 olim

240 1825 296 1852 Eva
322 1825 416 1858 fuerit,
444 1828 562 1855 animata
589 1829 679 1856 modo.
705 1830 855 1857 Colendum
876 1832 949 1859 enim
965 1841 1028 1860 esse

241 1871 407 1900 admouebat
436 1881 510 1904 eum,
536 1882 616 1910 quem
644 1876 743 1903 mulier
776 1877 820 1903 illa
853 1879 1028 1906 annuutiaret

239 1917 341 1951 Deum;
362 1927 488 1954 magnum
508 1921 609 1955 quippe
636 1922 711 1948 illum
725 1941 733 1954 ,
751 1923 797 1957 qui
821 1923 949 1951 facillime
968 1933 1027 1959 qua:

239 1963 321 1991 vellet
335 1964 447 1998 faceret,
464 1973 547 2000 regna
573 1967 599 1993 in
625 1968 732 2002 placido
753 1973 835 2003 atque
848 1970 941 2004 quieto
954 1976 1027 1999 statu

238 2004 424 2044 conservare,
457 2012 590 2040 obscuros
619 2013 758 2042 illustrare
790 2023 822 2042 ac
848 2017 1026 2051 locupletare,

239 2053 358 2085 humiles
386 2057 478 2083 subito
503 2058 690 2092 magnificare,
719 2063 748 2086 et
777 2061 890 2094 quosvis
904 2061 930 2088 in
945 2062 1027 2089 rebus

238 2099 361 2128 adversis
377 2103 481 2129 salvare
500 2109 600 2136 posset.
618 2103 680 2130 Hzec
695 2112 758 2131 cum
770 2105 811 2133 sic
827 2114 894 2132 uxor
907 2115 1029 2134 comme-

240 2151 371 2176 moraret,
393 2147 485 2174 Iberia:
502 2149 642 2184 princeps,
663 2149 891 2186 ﬂectebaturjlle
917 2153 1026 2186 quidem

240 2189 343 2222 verbis,
369 2195 459 2218 tatuen
480 2193 594 2226 ancipiti
620 2194 785 2228 cogitatione
811 2195 1025 2232 distrahebatur,

240 2234 387 2270 Suspectas
414 2237 487 2264 enim
514 2238 632 2266 habebat
662 2248 706 2267 res
732 2249 825 2274 novas.
845 2248 872 2270 et
897 2249 1026 2277 praeterea
1044 2241 1065 2268 Ι)

240 2281 389 2309 immutare
406 2285 552 2311 verebatur
578 2286 664 2320 patria
691 2287 823 2315 instituta.
848 2289 931 2317 Porro
945 2298 1028 2318 vena-

242 2333 299 2355 tum
315 2329 460 2364 aliquando
472 2338 533 2358 cum
551 2332 731 2361 familiaribus
747 2335 804 2362 suis
814 2335 864 2364 est’
876 2337 1027 2371 profectus,

240 2379 269 2401 et
284 2382 347 2401 ecce
362 2375 445 2403 densa
460 2377 558 2404 nebula
573 2385 587 2404 e
613 2380 756 2407 utentibus
775 2381 885 2415 diﬂusa,
901 2385 1028 2412 tenebras

241 2420 366 2454 ingentes
379 2421 492 2449 adduxit
506 2431 512 2448 :
524 2424 741 2459 opacitatemque
754 2426 828 2454 silvae
844 2429 1028 2462 condensam,

241 2466 312 2491 diem
325 2467 459 2494 convertit
475 2467 503 2494 in
521 2473 639 2496 noctem.
650 2470 818 2506 Perangusta
832 2475 942 2501 venatio
958 2480 1026 2504 erat.

241 2516 268 2538 ct
287 2512 338 2539 iti-r
359 2513 518 2547 itnpeditum
545 2520 571 2543 et
594 2516 767 2551 impervium.
794 2520 952 2548 Metuebant
976 2521 1028 2548 sibi

241 2566 348 2591 bmues,
367 2565 393 2586 et
413 2568 467 2594 quo
491 2570 628 2597 quemque
651 2571 711 2592 sors
725 2565 798 2598 tulit,
814 2571 878 2593 sunt
900 2566 1027 2601 dispersi.

242 2603 298 2629 Nec
314 2605 403 2632 minus
418 2612 445 2634 et
463 2615 508 2634 rex
525 2608 583 2642 ipse
601 2610 676 2637 solus
691 2619 846 2646 pererrans,
867 2614 970 2648 patrios
989 2615 1029 2641 in-

243 2655 256 2672 v
270 2649 355 2675 acab.”
366 2651 441 2679 deos.
458 2653 539 2689 605
551 2654 584 2682 Ut
595 2662 685 2683 autem
702 2657 768 2684 nihil
784 2657 817 2685 de
829 2666 860 2685 ca
873 2659 1028 2687 calamitate

243 2699 283 2720 ist
307 2698 461 2731 remissum,
477 2707 526 2733 pro
542 2708 575 2727 eo
595 2706 675 2736 atque
692 2703 749 2729 licri
770 2704 849 2736 solet,
866 2712 927 2732 cum
938 2705 1028 2732 homi-

243 2748 292 2768 nes
304 2741 451 2776 inopinatis
471 2747 663 2780 opprimuntur
680 2749 800 2783 casibus,
827 2751 940 2786 captiva:
957 2753 1029 2781 illius

244 2786 290 2813 Dei
317 2789 446 2816 memoria
473 2791 499 2818 in
523 2799 640 2820 mentem
664 2796 688 2821 ci
712 2797 811 2823 venit:
832 2799 1028 2835 constituitque

243 2834 311 2860 adeo
334 2835 391 2869 ipse
406 2844 498 2864 secum
511 2858 518 2870 ,
543 2840 679 2866 cullurum
699 2849 728 2868 se
753 2850 815 2869 eum
834 2844 981 2878 dccaztero,
1005 2847 1027 2874 si

245 2879 343 2906 Iualuttt
375 2889 495 2916 prarscns
526 2883 709 2912 discessisset.
748 2887 803 2915 ηις
833 2889 873 2916 sic
904 2890 1026 2925 decreto,

1075 163 1249 193 CALLlSl‘l
1827 162 1877 192 1‘21

1073 223 1137 249 Υίὺν
1153 223 1300 257 εἰσηγεῖτο.
1317 221 1348 248 Οἱ
1363 221 1385 248 δ’
1401 221 1546 252 ἀκούοντες
1559 221 1590 247 τό
1605 229 1633 248 τε
1647 221 1733 256 ϐνομα
1747 221 1810 249 καὶ
1829 221 1877 254 τὴ

1069 270 1217 304 θρησκείαν
1241 268 1288 295 τοῦ
1304 268 1473 302 τιμωμένου,
1492 269 1521 294 ὲν
1541 268 1670 303 ἐκπλήξει
1696 269 1877 301 πεποῖηντο

1069 316 1178 342 Τοὺτων
1193 315 1355 350 γινομένων,
1373 314 1515 341 συνέϐαινε
1532 315 1577 340 τὶν
1591 314 1637 341 τοῦ
1655 314 1796 349 βασιλέως
1818 314 1877 339 υἷι

1069 360 1108 386 ἔτι
1125 361 1221 394 νήπιον
1235 360 1300 386 ὄντα
1314 360 1408 390 δεινῶς
1420 359 1555 387 ἀσθενεῖν.
1572 360 1648 386 Ἔοει
1662 360 1690 386 δέ
1704 369 1759 386 τινι
1772 361 1877 393 ὲγχω

1072 407 1121 441 ρίῳ
1138 406 1183 432 τὸν
1201 405 1284 432 παῖδα
1301 406 1316 440 ἠ
1345 406 1438 440 μήτηρ
1457 405 1534 440 παρὰ
1550 406 1610 436 ταῖς
1633 405 1727 436 ἄλλαις
1753 405 1811 431 ἐπε
1821 413 1877 438 μπ

1070 451 1207 486 γυναιξὶν,
1238 452 1276 482 ὡς
1303 452 1335 477 ἂν
1352 452 1378 485 γ’
1405 451 1567 484 εὐπόριστος
1593 452 1609 485 ἡ
1639 452 1686 477 τοῦ
1710 453 1875 485 κάμνοντο

1071 497 1218 532 ἀπαλλαγὴ
1245 498 1369 531 γένηται.
1391 497 1436 529 Ὠς
1461 497 1491 523 δὲ
1514 497 1674 532 περιαχθεὶς
1698 499 1712 524 δ
1731 499 1799 523 παῖς
1825 497 1877 522 ὖττ

1069 546 1120 579 τῆς
1137 543 1248 579 τροφοῦ,
1268 543 1373 578 οὐδαμῆ
1396 544 1445 577 τὴν
1461 543 1624 577 ἀπαλλαγὴν
1637 542 1761 576 εὕρισκε,
1788 541 1877 567 τέλοη

1071 591 1117 617 ἐπὶ
1133 590 1184 625 τὴν
1208 589 1380 624 αίχμάλωτον
1406 588 1517 622 ἄγεται.
1539 588 1569 614 'll
1587 588 1615 614 δὲ
1636 588 1778 622 παρουσίᾳ
1809 587 1877 612 πολ

1071 636 1125 662 λῶν
1143 636 1220 662 οὐδέν
1244 643 1271 661 τι
1291 635 1345 661 τῶν
1360 633 1389 666 ἐξ
1412 634 1479 668 ὕλης
1501 633 1678 660 ἐπιπλάστων
1706 633 1877 667 φαρμάκωπ

1072 683 1196 717 προσῆγε
1210 689 1217 696 ·
1236 681 1304 716 μηδὲ
1322 682 1376 716 γὰρ
1390 681 1491 708 εἰδέναι
1513 680 1660 707 διετείνετο
1671 688 1679 696 ο
1696 680 1877 706 ἀνακλίνασέ

1073 728 1102 754 δὲ
1122 728 1194 754 κατὰ
1221 727 1251 753 τὸ
1272 728 1306 754 ὲκ
1332 727 1435 761 τριχῶν
1462 727 1554 762 ἐκείνῃ
1570 727 1671 762 προσὸν
1698 726 1877 761 διερῤυηκξι

1073 773 1198 808 ὕφασμα,
1209 773 1313 800 ἁπλοῦν
1328 773 1467 807 προσῆγεν
1479 773 1554 808 αὐτῷ
1566 773 1724 807 φάρμακον,
1735 773 1788 806 τὴν
1805 771 1877 805 κὶῆι

1075 828 1118 846 σιν
1133 820 1231 854 ἐκείνῳ
1246 819 1383 853 ἐπᾴδουσα
1396 819 1443 844 τοῦ
1458 819 1587 853 Χριστοῦ.
1606 818 1660 844 Καὶ
1677 820 1691 844 ὁ
1707 818 1757 852 ἤδη
1777 818 1876 851 τεθεμή

1075 864 1168 897 ξεσθαι
1197 863 1422 898 προσδοκώμενος
1440 864 1624 898 παραχρῆμα,
1649 863 1809 896 γενομένης
1834 863 1873 887 εὖ

1040 897 1060 923 Β
1075 911 1134 945 χῆς,
1153 897 1269 944 ἐξάντης
1285 907 1320 944 ἦν
1345 897 1394 935 τοῦ
1410 897 1508 936 δεινοῧ.
1529 909 1574 941 Ἐξ
1597 909 1702 935 ἐκείνου
1725 909 1748 934 δ’
1764 909 1792 934 ὲν
1828 909 1877 941 φὴ

1076 963 1140 989 μαις
1152 952 1186 989 ἦν
1209 955 1226 988 ἡ
1241 954 1320 990 γυνὴ,
1335 953 1474 989 γνώριμός
1491 961 1522 979 τε
1544 954 1578 988 τῇ
1606 954 1691 988 μητρῖ
1712 952 1877 979 καθίστατε

1073 1000 1122 1027 τοῦ
1143 1000 1249 1032 παιδὸς,
1268 1000 1316 1026 καὶ
1329 1000 1391 1031 ταῖς
1404 999 1501 1028 ἄλλαις
1514 999 1623 1033 γυναιξὶ
1635 998 1688 1026 τῶν
1705 998 1872 1033 βαρϐαρων

1075 1047 1113 1073 Οὐ
1129 1046 1221 1081 πολλῷ
1235 1046 1258 1072 δ’
1276 1045 1392 1079 ὕστερον
1402 1046 1451 1072 καὶ
1464 1045 1550 1077 αὐτὴν
1565 1044 1674 1080 ἐκείνην
1691 1045 1741 1079 τὴν
1760 1045 1877 1078 μητέρι

1074 1092 1123 1118 τοῦ
1144 1092 1240 1122 παιδὸς
1254 1092 1356 1126 suam,»
1376 1092 1458 1118 πάθει
1471 1091 1621 1126 γενομένην
1635 1091 1810 1124 κατάσχετον
1827 1091 1877 1115 τὸπ

1077 1139 1133 1164 ἴσον
1149 1138 1250 1172 τρόπον
1271 1137 1401 1168 διέσωζε·
1420 1138 1537 1173 παρῄνει
1552 1146 1582 1163 τε
1601 1137 1648 1163 τοῦ
1666 1137 1764 1163 λοιποῦ
1779 1139 1877 1171 ἐκείνῃ

1075 1185 1105 1211 τὸ
1121 1184 1202 1213 σέϐας
1223 1183 1317 1218 νέμειν
1333 1185 1381 1210 καὶ
1397 1183 1447 1218 τὴν
1473 1184 1556 1219 χάριν
1572 1183 1655 1218 ἔχειν,
1673 1183 1704 1214 ὃς
1728 1183 1786 1209 τῶν
1801 1184 1877 1216 ἁγα-

1077 1230 1130 1256 θῶν
1143 1231 1201 1256 ἐστι
1227 1229 1361 1264 πρύτανις
1379 1231 1427 1256 καὶ
1443 1230 1493 1264 τῆς
1518 1229 1637 1264 ἀληθοῦς
1659 1229 1758 1263 ὑγεία;
1777 1230 1877 1264 δοτὴρ1

1077 1276 1124 1302 καὶ
1137 1275 1210 1310 ζωῆς
1224 1276 1270 1302 καῖΙ
1290 1276 1433 1310 βασιλείας
1449 1276 1548 1310 αὐτῆς.
1564 1276 1665 1302 Τοῦτον
1682 1277 1704 1302 δ’
1719 1275 1793 1303 εἶναι
1804 1277 1877 1310 Χρι-

1078 1323 1148 1354 στὸν.
1165 1323 1211 1348 τὸν
1225 1322 1314 1357 ἀληθῆ
1331 1323 1430 1356 Λόγον.
1454 1323 1572 1349 Ἔπειτα
1590 1323 1652 1349 καθ’
1673 1323 1796 1358 ἑκάστην
1811 1332 1877 1356 φει-

1077 1370 1163 1400 τῶσα,
1187 1369 1222 1395 τὰ
1239 1369 1362 1403 ρωστικὰ
1386 1368 1437 1403 τῆς
1459 1369 1602 1400 εὐσεϐείας
1631 1370 1777 1404 προσῆγεν
1801 1370 1877 1402 αὐτῇ

1079 1415 1224 1449 φάρμακα.
1248 1415 1280 1441 Ἠ
1300 1416 1349 1450 μὲν
1365 1415 1411 1442 οὖν
1431 1415 1548 1450 βασιλὶς,
1565 1417 1650 1451 πείρᾳ
1666 1418 1723 1448 τοῖ;
1741 1416 1786 1443 ἐπ’
1801 1418 1876 1451 αὑτῇ

1078 1460 1275 1495 γεγενημένοις
1306 1460 1422 1495 τάληθὲς
1451 1461 1600 1495 διαγνοῦσα
1626 1461 1682 1488 τῶν
1710 1462 1810 1495 λόγων,
1839 1463 1877 1487 τὰ

1080 1507 1253 1541 Χριστιανῶν
1267 1507 1434 1541 ἐπρέσϐευεν
1448 1508 1509 1543 ἤδη,
1524 1508 1572 1534 καὶ
1584 1510 1613 1534 ἔν
1631 1508 1875 1544 ὑπερϐαλλούσαις

1079 1554 1129 1587 τὴν
1144 1552 1288 1587 ἄνθρωπον
1303 1550 1355 1589 ἦγε
1371 1555 1477 1587 τιμαῖς.
1495 1553 1626 1585 Βασιλεὺς
1640 1554 1668 1580 δὲ
1683 1555 1713 1580 τὸ
1730 1556 1810 1589 τάχος
1827 1555 1877 1580 καὶ

1080 1598 1110 1624 τὸ
1123 1597 1174 1632 τῆς
1191 1599 1286 1632 ὑγείας
1302 1599 1450 1634 φάρμακον
1463 1600 1540 1634 παρὰ
1555 1600 1606 1634 τῆς
1620 1601 1746 1635 γαμετῆς
1764 1600 1874 1635 μαθὼν,

1079 1643 1177 1679 δώροις
1190 1644 1353 1678 ἀμείϐεσθαι
1368 1645 1477 1680 ἢθελεν.
1500 1646 1607 1680 Ἐκείνη
1620 1646 1649 1673 δὲ
1664 1647 1701 1681 μὴ
1715 1647 1773 1673 δεῖν
1788 1647 1874 1673 αὐτοῦ

1080 1691 1230 1725 χρημάτων
1260 1691 1375 1726 ἔλεγεν·
1409 1693 1483 1728 ἔχειν
1505 1694 1559 1728 γὰρ
1585 1693 1726 1728 ἀρκοῦντα
1754 1694 1874 1720 πλοῦτον

1079 1738 1210 1771 Χριστόν·
1227 1739 1275 1764 καί
1295 1739 1320 1772 γ’
1337 1739 1366 1765 ἐν
1382 1739 1478 1774 δώροις
1506 1737 1575 1766 εἶναι
1597 1740 1730 1774 μεγάλοις
1747 1741 1805 1775 εἴγε
1826 1741 1872 1766 καὶ

1079 1783 1157 1810 αὐτοὶ
1178 1782 1282 1809 ἕλοιντο
1304 1783 1404 1818 ἐπίσης
1422 1784 1597 1819 θρησκεύειν.
1620 1783 1714 1810 Ταῦτα
1740 1784 1871 1818 λέγουσα,

1079 1829 1191 1856 ὄπισθεν
1220 1830 1270 1863 τὴν
1299 1829 1392 1861 δόσιν,
1414 1830 1500 1865 ἁδράν
1521 1839 1553 1864 γε
1579 1831 1676 1861 οὖσαν.
1696 1831 1869 1864 ἀνέπεμπεν.

1085 1875 1181 1909 Ἰἰνῆγε
1196 1875 1223 1901 δὲ
1239 1875 1320 1902 αὑτὸν
1333 1876 1424 1911 ἠρέμα
1437 1884 1497 1907 πως
1511 1876 1541 1902 τὺ
1554 1876 1582 1910 ἐξ
1597 1877 1704 1904 ἐκείνου
1718 1879 1735 1912 ἡ
1750 1878 1869 1911 γαμετὴ,

1080 1921 1290 1956 παραπείθουσα
1305 1922 1354 1957 τὴν
1367 1922 1453 1957 καλὴν
1470 1923 1578 1958 ἀπάτην
1594 1925 1655 1949 κατ’
1671 1924 1819 1950 ἀντίπαλον
1838 1924 1868 1956 τῇ

1081 1968 1136 2003 Εὕα
1155 1968 1314 2004 διακειμένη
1328 1976 1336 1984 ο
1355 1969 1476 1996 ὑπετίθει
1488 1970 1542 2004 γὰρ
1558 1970 1648 1996 σέϐειν
1658 1969 1688 1996 ὃν
1703 1971 1719 2005 ἡ
1737 1970 1806 2004 γυνὴ
1823 1979 1870 1995 χα-

1079 2014 1223 2047 ταγγέλλει
1252 2015 1330 2048 Θεὸν,
1357 2016 1445 2050 μέγαν
1470 2025 1500 2042 τε
1525 2016 1602 2048 ὅντα,
1620 2017 1673 2042 κάκ
1690 2016 1738 2042 τοῦ
1770 2016 1867 2051 ῥᾴστου

1079 2060 1175 2095 ἔχοντα
1199 2061 1275 2093 ὅπως
1292 2061 1324 2088 ἂν
1342 2061 1429 2088 ἐθέλοι
1442 2063 1532 2088 ποιεῖν
1543 2070 1549 2078 ⁸
1573 2062 1716 2098 βασιλείας
1730 2070 1761 2088 τε
1787 2063 1815 2088 ὲν
1831 2060 1867 2095 τῷ

1081 2107 1233 2134 καθεστῶτι
1256 2107 1359 2142 μένειν,
1374 2107 1437 2139 τούς
1457 2109 1481 2135 τ’
1496 2109 1608 2141 ἀδόξους
1623 2110 1768 2144 ἐπιφανεῖς
1791 2108 1865 2136 not.

1080 2153 1146 2187 στᾷν
1159 2160 1166 2167 ·
1183 2153 1230 2180 καὶ
1256 2154 1359 2185 ίκανῶς
1375 2154 1448 2188 ἔχειν
1469 2156 1534 2186 τοὺς
1554 2155 1673 2190 μικροὺς
1698 2155 1798 2189 ἁθρόον
1824 2164 1867 2190 με·

1080 2199 1180 2232 γάλους
1195 2201 1295 2233 ποιεῖν,
1311 2200 1362 2226 κάν
1378 2201 1435 2231 τοῖς
1449 2201 1548 2231 δεινοῖς
1559 2201 1714 2232 διασώζειν.
1732 2200 1768 2228 Εὖ
1781 2203 1866 2229 τοίνυν

1079 2245 1149 2272 οὕτω
1167 2245 1301 2281 λεγούσης
1314 2242 1366 2281 τεῆς
1381 2247 1523 2280 γυναικὸς,
1539 2249 1553 2274 ὁ
1577 2248 1629 2282 τῆς
1647 2248 1770 2282 Ἰϐηρίας
1789 2249 1865 2285 ἡγού-

1081 2301 1161 2327 μενος
1184 2293 1355 2328 ἐμαλάσσετο
1381 2293 1431 2328 μὲν
1455 2296 1512 2325 τοῖς
1542 2294 1650 2328 λόγοις·
1672 2295 1825 2330 ἀμφίϐολος
1845 2295 1865 2321 δ’

1077 2337 1122 2374 ἦν,
1141 2339 1315 2374 ὑπειδόμενος
1339 2340 1525 2375 νεωτερίζειν,
1543 2341 1706 2375 αἰδούμενός
1731 2350 1761 2367 τε
1783 2342 1864 2370 ἄλλως

1080 2385 1280 2421 μεταλλάσσειν
1295 2386 1329 2412 τὰ
1346 2388 1458 2422 πάτρια.
1477 2388 1529 2413 Καὶ
1551 2387 1582 2422 δή
1601 2387 1660 2414 ποτ’
1676 2389 1796 2420 ἐξελθὼν
1811 2392 1864 2416 σιν-

1078 2439 1137 2465 αμα
1161 2432 1216 2462 τοῖς
1243 2431 1312 2465 ἀμφ’
1329 2432 1423 2463 αὺτδν,
1442 2431 1540 2467 ἐθήρα.
1564 2432 1681 2467 Ὀμίχλη
1701 2434 1730 2459 δέ
1757 2443 1800 2466 τις
1823 2436 1862 2468 βα-

1080 2476 1140 2503 θεῖα
1157 2477 1340 2511 καταχυθεῖσα
1363 2479 1419 2509 τοῖς
1435 2478 1524 2512 δρεσι,
1545 2478 1642 2508 σκότος
1667 2479 1756 2504 ἐποῖει
1780 2479 1862 2514 βαθύ²

1080 2523 1127 2549 καὶ
1146 2522 1177 2548 τὸ
1193 2523 1346 2558 συνηρεφὲς
1371 2523 1420 2558 τῆς
1434 2523 1502 2557 ὕλης
1526 2524 1701 2559 ἀποφρὰξαν,
1723 2525 1809 2552 νύκτα
1822 2526 1861 2560 τὴν

1079 2569 1187 2604 ἡμέραν
1212 2569 1369 2603 είργάζετο.
1388 2570 1511 2604 Ἀπορος
1530 2571 1553 2596 δ’
1577 2568 1611 2606 ἦν
1639 2572 1655 2605 ἡ
1674 2571 1759 2605 θήρα,
1786 2573 1859 2605 καὶὴ

1079 2616 1138 2646 ὁδὸς
1164 2615 1309 2648 ἀδιέξοδος.
1336 2617 1481 2647 Δείσαντες
1500 2616 1522 2643 δ’
1552 2617 1668 2649 ἕκαστος
1693 2618 1746 2654 ὅπη
1773 2619 1859 2654 ἔτυχεν

1079 2662 1284 2689 ὲσιεδάννυντο.
1307 2661 1421 2697 Ἐπίσης
1438 2662 1466 2689 δὲ
1484 2664 1530 2689 καὶ
1546 2664 1559 2689 ὁ
1575 2663 1702 2698 βασιλεὺς
1725 2666 1858 2700 ἀλώμενος

1082 2709 1171 2742 μόνος,
1187 2710 1248 2740 τοὺς
1267 2709 1413 2744 πατρῴους
1428 2711 1590 2737 ἐπεκαλεῖτο
1609 2711 1697 2742 θεούς.
1718 2712 1762 2743 Ὦς
1786 2713 1809 2738 δ’
1822 2713 1858 2738 οὑ-

1079 2754 1124 2780 δὲν
1143 2752 1224 2790 ἦττον
1239 2752 1273 2789 ἦν
1287 2755 1318 2780 τὸ
1337 2755 1434 2787 δεινὸν⁷
1452 2753 1497 2783 οἷα
1519 2756 1592 2790 φιλεῖ
1611 2757 1744 2790 γίνεσθαι,
1761 2759 1855 2793 ἀπροσ-

1080 2801 1206 2835 δοκήτοις
1233 2801 1381 2835 ἐμπεσὼν,
1407 2802 1454 2828 τὸν
1483 2803 1531 2836 τῆς
1560 2802 1737 2837 αἰχμαλώτου
1767 2805 1857 2830 ἐνενόει

1080 2847 1146 2873 Θεόν
1158 2855 1165 2862 ·
1181 2847 1226 2874 καὶ
1245 2847 1317 2873 κατὰ
1332 2848 1394 2874 νοῦν
1408 2849 1455 2875 τοῦ
1472 2849 1568 2876 λοιποῦ
1587 2850 1677 2875 σέϐειν
1693 2851 1795 2877 ἐκεῖνον
1811 2852 1856 2877 διε-

1081 2894 1176 2927 νοεῗῖιλ,
1192 2894 1215 2920 εἰ
1236 2893 1266 2919 τὺ
1283 2893 1369 2929 παρόν
1391 2903 1420 2929 γε
1438 2895 1578 2932 διαδράσοι
1601 2896 1695 2924 κακόν.
1719 2896 1802 2924 Ταῦτ’
1821 2898 1854 2929 ti;
