1894 3070
224 161 273 192 127
829 157 1040 188 NlCEi’llORl

221 220 433 252 obstupuerunt.
448 218 557 244 lntcrea
572 216 684 249 accidit,
698 221 727 244 ut
741 217 812 252 regis
830 217 902 244 filius
914 218 1007 244 etiam-
1025 223 1045 248 Α

221 273 286 291 num
312 264 413 295 infans.
433 264 553 298 graviter
575 261 728 299 :egrotarét,
749 269 775 291 et
800 269 888 291 mater
917 264 1005 298 patrio

220 312 337 346 quodam
356 319 431 338 more
446 312 477 337 ad
494 311 560 338 alias
574 319 635 338 eum
656 311 778 338 mitteret
794 311 934 342 mulieres,
951 318 1006 344 quo

221 358 329 384 facilius
344 358 495 383 remedium
527 357 586 383 mali
612 357 724 391 reperiri
748 361 850 391 posset.
865 357 898 384 Ut
913 361 1005 383 autem

223 411 288 436 puer
303 411 317 429 a
333 403 439 430 nutrice
469 403 652 433 circumlatus
664 407 706 429 est
719 423 725 432 ,
740 410 828 436 neque
845 402 1006 428 meliuscule

221 448 328 479 habuit,
346 450 453 475 tandem
469 448 550 475 etiam
565 450 597 474 ad
608 449 741 482 captivam
758 449 830 474 illam
852 452 894 475 est
909 447 1007 482 depor-

222 498 305 520 tatus.
327 493 392 526 Quae
410 494 437 520 in
462 494 611 521 multorum
638 494 791 527 prmsentia,
810 494 875 520 nihil
893 501 958 520 sane
973 501 1006 520 ex

220 540 335 567 materia
357 540 448 574 aliqua
465 541 606 574 compesiti
631 540 745 567 remedii
762 540 893 571 admovit,
919 548 1008 573 neque

219 584 293 610 enim
309 592 339 611 se
353 585 501 618 quidquam
516 585 648 618 ejusmodi
668 585 738 611 scire
753 585 909 615 affirmavit,
926 583 1006 619 605

218 631 268 658 sed
295 639 381 665 puero
410 631 437 657 in
458 631 581 661 linteolo,
594 631 666 665 quod
686 631 709 658 ei
725 639 741 657 e
754 631 818 665 pilis
847 635 1006 657 contextum

219 681 292 705 erat.
316 677 370 710 jam
402 678 531 708 lacerum,
557 677 687 710 reposito,
712 677 863 711 simplicem
889 677 911 703 ei
941 676 1008 703 fecit

221 722 396 754 medicinam,
413 723 524 750 nomine
538 722 641 750 Christi
664 731 747 757 super
763 731 795 750 eo
810 723 947 750 invocato.
974 723 1008 750 Et

220 775 285 795 ecce
304 769 349 802 qui
364 769 391 795 in
420 776 450 796 ea
469 773 530 795 erat
544 769 748 803 exspectatione
761 773 790 796 ut
809 769 934 803 protinus
948 776 1006 795 mo-

219 819 338 845 reretur,
355 815 556 848 quamprimum
586 815 703 848 precatio
727 815 864 845 estfacta.
892 815 961 841 liber
992 823 1007 841 a

220 860 342 892 periculo
357 860 419 886 fuit.
436 859 473 887 Ex
485 868 518 887 eo
531 865 652 894 tempore
667 861 795 894 pra-clara
811 861 872 894 ejus
884 861 1007 888 mulieris

219 904 272 930 fuit
287 904 368 935 fama,
387 905 616 939 matriqnepueri
631 910 659 932 et
675 906 735 933 aliis
751 906 860 933 feminis
876 907 1006 934 innotuit.

219 949 277 976 Nec
300 950 336 976 ita
354 950 438 976 multo
454 955 525 984 post,
552 957 580 978 et
597 959 658 978 eam
676 951 762 986 ipsam
788 953 866 986 pueri
894 957 1007 980 matrem

220 995 365 1022 incurabili
376 1004 532 1029 oppressam
545 998 651 1029 morbo,
661 997 758 1024 eodem
772 998 894 1025 restituit
908 999 987 1025 modo
1000 1006 1007 1024 :

219 1048 336 1074 eamque
351 1045 392 1067 est
408 1041 529 1073 hortata.
556 1047 585 1070 ut
611 1043 741 1078 deinceps
758 1044 782 1070 ei
800 1044 924 1071 divinum
942 1052 1010 1077 pra:-

221 1091 307 1113 staret
336 1087 451 1119 cultum,
465 1088 637 1123 gratiamque
652 1089 775 1121 haberet,
790 1089 838 1124 qui
871 1090 1006 1117 bonorum

219 1132 393 1164 conciliator,
409 1141 535 1168 veraeque
550 1135 684 1167 sanitatis,
703 1136 775 1167 vitae,
788 1141 815 1162 et
835 1137 909 1170 regni
924 1136 1010 1171 ipsius

221 1179 257 1204 sit
270 1178 360 1204 dator.
376 1179 444 1206 Eum
465 1187 525 1206 esse
543 1179 695 1212 Christum.
712 1189 807 1208 verum
827 1182 956 1210 Verbum.
975 1184 1009 1210 Et

221 1229 315 1258 postea
337 1225 461 1257 quotidie
489 1226 521 1252 ad
546 1233 605 1253 eam
621 1227 810 1261 frequentans,
828 1228 957 1256 salutaria
982 1229 1008 1256 ei

220 1275 292 1294 verat
322 1269 430 1302 pictatis
448 1269 573 1296 exhibuit
602 1271 813 1300 medicamenta.
831 1272 1007 1308 Quapropter

227 1314 322 1348 regina
340 1322 369 1343 re
383 1315 439 1349 ipsa
455 1315 590 1343 dictorum
605 1317 719 1344 veritate
732 1318 758 1345 in
772 1326 802 1346 se
816 1319 873 1353 ipsa
889 1321 1007 1355 cognita,

220 1359 361 1387 mulierem
386 1361 412 1388 in
441 1370 537 1396 magno
557 1363 653 1390 habuit
679 1364 792 1392 hOnore.
819 1365 947 1393 Sedenim
963 1375 1009 1394 rex

222 1413 283 1432 cum
297 1413 312 1432 e
329 1407 445 1441 conjuge
459 1412 487 1434 et
502 1408 668 1436 celeritatem
691 1414 719 1437 et
744 1412 877 1438 rationem
895 1412 1009 1439 remedii

223 1451 412 1485 intellexisset,
441 1454 522 1482 donis
539 1457 677 1489 captivam
698 1458 837 1484 munerari
857 1457 952 1484 voluit.
975 1458 1010 1485 At

222 1497 267 1524 illa
295 1498 363 1524 nihil
383 1498 436 1525 sibi
455 1507 524 1534 opus
553 1502 612 1535 ejus
638 1502 763 1535 pecuniis
782 1510 842 1530 esse
857 1502 937 1534 dixit,
964 1503 1009 1530 cui

222 1543 332 1570 abunde
346 1545 372 1570 in
389 1545 498 1572 Christo
511 1552 692 1582 suppeterent
703 1556 769 1583 opes
778 1557 874 1576 omnes
884 1557 889 1575 :
900 1549 1008 1584 sibique
1024 1559 1046 1587 ε

222 1589 342 1623 ingentis
356 1592 477 1619 muneris
494 1592 554 1619 loco
570 1593 637 1625 fore.
652 1595 675 1621 si
698 1600 725 1622 et
741 1594 791 1629 ipsi
807 1595 933 1622 eumdem
952 1595 1009 1623 Nu-

222 1635 304 1661 minis
318 1636 422 1662 cultum
434 1638 693 1672 complecterentur.
712 1639 758 1667 llis
782 1641 824 1667 illa
842 1641 935 1671 dictis.
951 1650 1010 1668 mu-

222 1686 275 1705 nus
291 1680 357 1707 satis
370 1682 472 1715 grande
499 1683 531 1710 ad
556 1691 646 1718 regem
672 1686 787 1713 remisit.
804 1687 890 1719 Quem
911 1687 1010 1714 deinde

222 1725 324 1751 sensim
344 1728 544 1760 quodammodo
568 1737 635 1755 uxor
654 1731 844 1764 pcrsuadebat,
862 1733 1008 1766 pulchrum

222 1777 346 1797 errorem
370 1771 394 1798 ei
422 1773 548 1807 suadens,
564 1774 671 1802 diverso
696 1784 808 1810 prorsus
830 1786 911 1812 quam
943 1780 1008 1807 olim

222 1815 278 1842 Eva
304 1815 397 1849 fuerit,
426 1819 544 1846 animata
570 1821 660 1848 modo.
686 1822 836 1850 Colendum
858 1825 931 1852 enim
947 1833 1009 1853 esse

223 1861 389 1890 admonebat
417 1872 492 1896 eum,
517 1873 598 1902 quem
625 1868 724 1895 mulier
757 1870 802 1896 illa
834 1871 1009 1899 annuntiaret

221 1907 322 1941 Deum;
343 1917 470 1945 magnum
490 1913 590 1947 quippe
617 1914 692 1941 illum
706 1934 714 1947 ,
732 1915 778 1949 qui
803 1915 931 1944 facillime
949 1926 1009 1951 qua}

221 1953 303 1981 Vellet
316 1954 428 1989 faceret,
446 1965 528 1992 regna
554 1959 580 1985 in
606 1960 714 1994 placido
735 1965 816 1995 atque
829 1962 922 1995 quieto
935 1969 1008 1992 statu

220 2006 406 2035 conservare,
439 2003 572 2031 obscuros
600 2005 739 2034 illustrare
772 2015 802 2034 ac
829 2008 1007 2043 locupletare,

220 2044 340 2075 humiles
368 2047 459 2075 subito
485 2049 671 2083 magnificare,
700 2055 729 2077 et
758 2053 870 2086 quosvis
885 2053 911 2080 in
926 2054 1008 2081 rebus

219 2090 342 2119 adversis
358 2094 462 2121 salvare
480 2101 581 2129 posset.
599 2095 661 2122 llaec
676 2104 738 2123 cum
751 2097 791 2125 sic
807 2106 874 2125 uxor
887 2107 1009 2127 commc-

220 2142 351 2169 ωσι-πει,
372 2139 466 2166 Iberia:
483 2141 622 2176 princeps,
643 2141 871 2179 ﬂectebaturIille
896 2146 1006 2179 quidem

221 2181 323 2214 verbis,
349 2188 439 2211 tamen
460 2185 574 2219 ancipiti
599 2187 765 2220 cogitatione
791 2188 1005 2225 distrahebatur,

219 2226 366 2262 Suspectas
394 2230 467 2257 enim
494 2231 611 2258 habebat
642 2240 686 2259 res
711 2241 805 2267 novas,
825 2240 852 2263 et
877 2242 1006 2270 prieterea
1024 2234 1044 2262 Ι)

220 2273 369 2303 immutare
385 2278 531 2303 verebatur
558 2278 644 2311 patria
670 2279 803 2308 instituta.
827 2281 911 2311 Porro
925 2291 1008 2311 vena-

221 2325 278 2347 tum
295 2322 439 2356 aliquando
452 2331 513 2350 cttm
530 2324 710 2353 familiaribus
727 2327 784 2354 suis
793 2328 843 2356 est”
855 2330 1006 2364 profectus,

220 2371 249 2392 et
263 2374 326 2393 cccc
341 2367 424 2394 deus:
439 2369 537 2395 nebula
552 2377 567 2395 e
592 2371 735 2399 montibus
755 2374 865 2408 diffusa,
881 2378 1008 2404 tenebras

221 2411 345 2446 ingentes
358 2412 472 2440 adduxit
485 2421 492 2440 :
503 2415 720 2452 opacitatemque
733 2418 807 2446 silva:
823 2421 1007 2454 condensam,

221 2457 292 2482 diem
305 2457 438 2484 convertit
454 2458 482 2486 in
500 2465 617 2488 nectent.
628 2462 797 2498 I’erangusta
812 2466 921 2493 venatio
937 2472 1005 2496 erat.

219 2507 248 2528 ct
267 2502 318 2528 iter
339 2504 497 2538 impeditum
524 2511 550 2535 et
573 2508 746 2543 impervium.
773 2512 930 2539 Metuebant
955 2513 1006 2540 sibi

221 2556 328 2581 tuitncs,
346 2555 372 2576 cl
392 2559 446 2585 quo
470 2561 606 2589 quemque
630 2564 690 2583 sors
704 2557 776 2590 tulit,
793 2562 857 2584 sunt
879 2557 1006 2592 dispersi.

221 2593 276 2620 Nec
293 2596 382 2623 minus
397 2602 424 2624 et
441 2606 487 2626 rex
504 2600 561 2634 ipse
580 2602 654 2628 solus
669 2610 825 2636 pererrans,
845 2605 949 2639 patrios
968 2607 1008 2633 in-

221 2647 235 2663 v
249 2640 334 2667 tcabal
345 2642 420 2670 deos.
436 2645 518 2680 603
530 2646 563 2674 Ut
574 2653 664 2673 autem
681 2647 747 2674 nihil
762 2648 795 2675 de
807 2657 838 2677 ea
852 2651 1006 2680 calamitate

221 2690 261 2712 ιδι
285 2690 438 2724 remissum,
455 2699 505 2725 pro
520 2699 553 2718 eo
572 2697 653 2726 atquc
670 2693 728 2720 fieri
748 2695 827 2728 solet,
844 2704 905 2724 cum
917 2698 1007 2726 homi-

221 2739 269 2760 nes
281 2733 429 2769 inopinatis
448 2737 642 2772 opprimuntur
658 2740 778 2775 casibus,
805 2744 918 2778 captiva:
935 2745 1007 2774 illius

221 2777 267 2806 Dei
294 2782 424 2809 memoria
450 2783 477 2809 in
501 2790 618 2812 mentem
642 2788 666 2813 ei
690 2789 789 2815 venit:
810 2791 1006 2827 constituitque

220 2826 288 2853 adeo
312 2828 369 2862 ipse
384 2836 475 2856 secum
489 2850 496 2861 ,
520 2831 656 2859 culturunt
677 2841 705 2861 se
730 2842 793 2861 cum
812 2826 968 2869 decaztero,
983 2839 1004 2866 si

222 2872 321 2898 malum
353 2881 473 2907 praesens
504 2875 686 2905 discussisset.
725 2879 781 2906 llac
811 2881 850 2908 sic
882 2882 1004 2917 decreto,

1063 157 1237 187 CALLlSl'l
1806 160 1883 189 1‘28

1061 217 1125 243 Υίὸν
1141 217 1288 251 εἰσηγεῖτο.
1305 216 1336 243 Οἱ
1351 216 1373 242 δ’
1389 216 1534 247 ἀκούοντες
1546 216 1577 243 τό
1592 225 1620 243 τε
1635 217 1720 252 ὄνομα.
1733 218 1788 245 καὶ
1808 217 1882 251 τὴν

1057 263 1205 298 θρησκείαν
1229 263 1276 289 τοῦ
1292 263 1461 298 τιμωμένου,
1480 264 1508 289 ἐν
1529 264 1657 299 ἐκπλήξει
1683 265 1881 298 πεποίηντο.

1057 310 1166 335 Τούτων
1181 310 1343 344 γινομένων,
1361 309 1503 336 συνέϐαινε
1519 311 1565 335 τὴν
1578 310 1624 336 τοῦ
1642 310 1775 345 βασιλέως
1796 311 1884 336 ul?”

1057 354 1096 380 ἔτι
1113 355 1209 389 νήπιον
1222 354 1287 380 ὄντα
1302 355 1395 385 δεινῶς
1407 355 1542 382 ἀσθενεῖν.
1558 355 1635 382 Ἔθει
1649 355 1676 382 δέ
1691 365 1745 382 τινι
1759 357 1881 389 ἐγχω-

1059 401 1109 434 ρίῳ
1126 400 1171 426 τὸν
1188 400 1271 426 παῖδα
1288 401 1303 434 ἡ
1332 401 1424 435 μήτηρ
1444 400 1521 435 παρὰ
1537 401 1597 431 ταῖς
1620 401 1713 432 ἄλλαις
1738 401 1881 435 ἔπεμπε

1058 445 1194 480 γυναιξὶν,
1225 446 1262 477 ὡς
1290 446 1322 472 ἄν
1339 447 1366 480 γ’
1393 446 1554 479 εὐπόριστος
1580 447 1596 481 ἡ
1626 447 1672 473 τοῦ
1696 448 1881 481 κάμνοντος

1057 492 1205 527 ἀπαλλαγὴ
1232 492 1356 526 γένηται.
1378 492 1423 524 Ὠς
1448 492 1477 518 δέ
1501 493 1660 527 περιαχθεὶς
1684 494 1697 519 ὁ
1717 494 1780 519 mni:
1805 493 1881 518 ὑπῆ

1056 539 1106 572 τῆς
1124 538 1236 572 τροφοῦ,
1255 537 1359 572 οὐδαμῆ
1382 539 1431 572 τὴν
1447 538 1611 573 ἀπαλλαγὴν
1624 537 1746 572 εὕρισκε,
1772 537 1878 567 τέλος

1058 584 1104 610 ἐπὶ
1120 584 1170 619 τὴν
1194 584 1367 618 αἰχμάλωτον
1392 583 1503 617 ἄγεται.
1525 583 1555 609 ’11
1573 584 1602 609 δὲ
1623 584 1762 618 παρουσίᾳ⁴
1788 584 1878 608 πολ-

1057 629 1111 656 λῶν
1128 630 1206 656 οὐδέν
1231 638 1258 655 τι
1277 629 1331 656 τῶν
1346 628 1376 661 ἐξ
1398 629 1466 662 ὕλης
1487 629 1664 655 ἐπιπλάστων
1692 629 1877 662 φαρμάκων

1058 676 1182 711 προσῆγε
1196 683 1203 690 ·
1222 675 1290 710 μηδέ
1308 676 1362 711 γὰρ
1377 676 1477 702 εἰδέναι
1499 675 1646 702 διετείνετο
1658 684 1665 692 ’
1681 675 1879 702 ἀνακλίνασα.

1059 721 1087 747 δὲ
1109 722 1180 748 κατὰ
1207 721 1237 747 τὸ
1258 722 1292 748 ἐκ
1318 722 1421 756 τριχῶν
1448 722 1540 756 ἐκείνῃ
1556 722 1657 757 προσὸν
1684 721 1874 756 διερῤυηκξς

1060 766 1184 802 ὕφασμα,
1195 767 1299 794 ἁπλοῦν
1314 767 1452 801 προσῆγεν
1465 767 1540 803 αὐτῷ
1551 768 1710 802 φάρμακον,
1721 769 1772 802 τὴν
1786 767 1875 801 κλῆ-

1061 821 1103 839 σιν
1118 814 1217 848 ἐκείνῳ
1231 813 1369 847 ἐπᾴδουσα
1382 813 1429 838 τοῦ
1444 813 1573 848 Χριστοῦ.
1592 813 1646 840 Καὶ
1661 815 1676 839 ὁ
1692 813 1741 848 ἤδη
1761 814 1876 848 τεθνή-

1061 857 1153 890 ξεσθαι
1182 857 1408 892 προσδοκώμενος
1426 859 1610 893 παραχρῆμα,
1635 859 1790 892 γενομένης
1817 859 1875 884 εὑ-

1061 904 1119 938 χῆς,
1139 903 1254 938 ἐξάντης
1271 901 1305 938 ἦν
1332 904 1379 929 τοῦ
1396 904 1493 930 δεινοῦ.
1515 904 1559 936 Ἐξ
1582 904 1687 930 ἐκείνου
1709 904 1732 930 δ’
1747 905 1776 930 ἐν
1811 906 1874 938 φῄ-

1061 956 1125 982 μαις
1137 945 1171 982 ἦν
1195 949 1211 982 ὴ
1226 947 1305 983 γυνὴ,
1320 947 1460 983 γνώριμός
1476 956 1507 974 τε
1529 949 1563 983 τῇ
1591 949 1676 983 μητρὶ
1697 948 1872 974 καθεστατο

1059 993 1106 1019 τοῦ
1128 993 1234 1026 παιδὸς,
1253 994 1301 1020 καὶ
1315 994 1376 1025 ταῖς
1389 993 1486 1022 ἄλλοις
1499 994 1608 1028 γυναιξὶ
1620 993 1673 1021 τῶν
1690 993 1868 1029 βαρσάρων.

1060 1039 1097 1066 Οὐ
1113 1039 1206 1074 πολλῷ
1220 1039 1243 1066 δ’
1261 1038 1376 1073 ὕστερον
1387 1040 1435 1066 καὶ
1449 1040 1535 1072 αὐτὴν
1550 1039 1658 1075 ἐκείνην
1675 1040 1725 1074 τὴν
1744 1041 1870 1075 μητέρα

1059 1085 1107 1111 τοῦ
1128 1085 1225 1116 παιδὸς
1238 1086 1340 1120 ἁνιάτῳ
1360 1086 1443 1112 πάθει
1456 1086 1606 1121 γενομένην
1620 1086 1793 1120 κατάσχετον
1810 1087 1870 1112 τὸν

1061 1131 1117 1157 ι’σον
1133 1132 1235 1166 τρόπον
1256 1131 1386 1162 διέσωζε·
1405 1132 1521 1167 παρῄνει
1536 1140 1566 1158 τε
1585 1133 1633 1158 τοῦ
1651 1132 1747 1158 λοιποῦ
1761 1135 1868 1168 ἑκεὶνῃ

1059 1177 1090 1203 τὸ
1105 1177 1186 1207 σέὸας
1208 1177 1301 1211 νέμειν
1317 1178 1365 1203 καὶ
1381 1177 1432 1212 τὴν
1456 1179 1541 1214 χάριν
1556 1178 1640 1213 ἔχειν,
1657 1178 1688 1209 ὃς
1712 1179 1769 1204 τῶν
1785 1180 1869 1212 ἁγα-

1061 1223 1114 1249 Οῶν
1127 1225 1185 1249 ἐστι
1211 1223 1346 1258 πρύτανις
1363 1225 1411 1250 καὶ
1427 1225 1477 1258 τῆς
1502 1224 1621 1258 ἀληοοῦ;
1644 1224 1740 1258 ὑγείας
1759 1226 1866 1260 δοτὴρ,

1061 1269 1108 1295 καὶ
1121 1268 1194 1304 ζωῆς
1208 1270 1254 1296 καὶ
1275 1269 1417 1304 βασιλείας
1433 1269 1531 1305 αὐτῆς.
1548 1271 1649 1297 Τοῦτον
1665 1272 1687 1298 δ’
1702 1270 1776 1298 εἶναι
1788 1273 1868 1306 Χρι-

1062 1316 1132 1347 στὸν,
1149 1317 1195 1342 τὸν
1208 1316 1298 1351 ἀληθῆ
1315 1317 1414 1350 Λόγον.
1437 1317 1556 1344 Ἔπειτα
1574 1318 1636 1344 καθ’
1657 1318 1780 1354 ἑκάστην
1794 1328 1865 1352 φει-

1060 1363 1147 1394 τῶσα,
1170 1362 1206 1389 τὰ
1223 1362 1346 1397 pegma:
1370 1362 1421 1397 τῆς
1443 1363 1586 1395 εὐσεὸείας
1615 1365 1760 1399 προσῆγεν
1784 1366 1865 1399 αὐτῇ

1062 1409 1208 1443 φάρμακα.
1231 1409 1263 1435 Ἠ
1283 1409 1333 1444 μὲν
1348 1409 1395 1436 οὖν
1414 1409 1531 1445 βασιλὶς,
1549 1412 1633 1447 πείρᾳ
1649 1413 1705 1443 τοῖς
1723 1412 1768 1438 ἐπ’
1784 1413 1862 1447 αὐτῇ

1061 1454 1258 1489 γεγενημένοις
1289 1455 1406 1489 τάληθὲς
1434 1456 1583 1490 διαγνοῦσα
1609 1457 1664 1483 τῶν
1692 1458 1793 1491 λόγων,
1824 1459 1865 1484 τὰ

1063 1501 1236 1535 Χριστιανῶν
1251 1501 1417 1535 ἐπρέσὸευεν
1431 1503 1492 1538 ἤδη,
1507 1503 1555 1529 καὶ
1567 1504 1596 1528 ἐν
1615 1503 1862 1539 ὑπερϐαλλούσαις

1062 1548 1112 1581 τὴν
1127 1546 1271 1581 ἄνθρωπον
1287 1544 1338 1583 ἦγε
1354 1549 1460 1581 τιμαῖς.
1477 1548 1609 1580 Βασιλεὺς
1623 1549 1650 1576 δὲ
1666 1551 1696 1575 τὸ
1712 1551 1794 1584 τάχος
1811 1552 1864 1577 καί

1063 1591 1092 1617 τὸ
1106 1591 1157 1626 τῆς
1174 1593 1269 1625 ὑγείας
1285 1593 1432 1628 φάρμακον
1446 1595 1523 1628 παρὰ
1538 1595 1589 1629 τῆς
1603 1597 1727 1630 γαμετῆς
1746 1596 1861 1631 μαθὼν.

1061 1636 1160 1672 δώροις
1172 1638 1335 1672 ἀμείϐεσθαι
1351 1639 1460 1674 ἢθελεν.
1482 1641 1590 1675 Ἐκείνη
1603 1641 1632 1668 δὲ
1647 1642 1683 1676 μὴ
1698 1643 1754 1668 δεῖν
1770 1643 1860 1669 αὑτοῦ

1063 1685 1211 1719 χρημάτων
1242 1685 1358 1719 ἔλεγεν*
1391 1687 1465 1722 ἔχειν
1487 1688 1541 1723 γὰρ
1567 1688 1708 1723 ἀρκοῦντα
1735 1690 1861 1716 πλοῦτον

1061 1731 1192 1764 Χριστόνο
1209 1732 1257 1758 καί
1277 1732 1303 1766 γ’
1319 1733 1348 1758 ἐν
1364 1733 1461 1769 δώροις
1488 1732 1557 1761 εἶναι
1580 1735 1711 1769 μεγάλοις
1728 1737 1788 1770 εἴγε
1808 1737 1859 1762 καὶ

1061 1776 1139 1802 αὐτοὶ
1160 1775 1264 1803 ἐλοιντο
1285 1777 1386 1812 ἐπίσης
1404 1778 1580 1813 θρησκεύειν.
1602 1778 1696 1805 Ταῦτα
1721 1779 1857 1814 λέγουσα.

1060 1822 1173 1848 ὄπισθεν
1202 1823 1252 1857 τὴν
1281 1823 1374 1855 δόσιν,
1396 1824 1481 1859 ἁδράν
1503 1833 1535 1859 γε
1561 1826 1658 1856 οὖσαν,
1677 1826 1856 1860 ἀνέπεμπεν.

1067 1869 1162 1902 Ἐνῆγε
1178 1868 1205 1894 δὲ
1221 1869 1302 1895 αὑτὸν
1314 1869 1406 1905 ἡρέμα
1419 1879 1479 1902 πως
1493 1871 1522 1897 τὸ
1535 1871 1564 1904 ἐξ
1579 1872 1685 1898 ἐκείνου
1699 1873 1715 1907 ὴ
1730 1873 1856 1907 γαμετὴ,

1062 1914 1271 1949 παραπείθουσα
1287 1915 1336 1951 τὴν
1348 1917 1434 1951 καλὴν
1451 1918 1559 1952 ἀπάτην
1575 1919 1636 1944 κατ’
1652 1919 1802 1946 ἀντίπαλον
1821 1920 1855 1953 τῇ

1062 1961 1117 1996 Εΰᾳ
1136 1961 1296 1998 διακειμένη
1309 1970 1317 1977 ·
1336 1963 1457 1990 ὑπετίθει
1469 1965 1523 1999 γὰρ
1539 1964 1629 1991 σέΰειν
1640 1964 1669 1991 ὃν
1684 1966 1699 2000 ἡ
1717 1965 1788 2000 γυνὴ
1806 1975 1857 1991 κα-

1060 2007 1205 2040 ταγγέλλει
1233 2009 1311 2042 Θεὸν,
1339 2010 1426 2044 μέγαν
1450 2019 1481 2036 τε
1506 2011 1582 2042 ὄντα,
1601 2012 1654 2038 κάκ
1671 2011 1717 2037 τοῦ
1750 2012 1854 2047 ῥᾴστου

1060 2053 1156 2088 ἔχοντα
1180 2055 1256 2086 ὃπως
1272 2055 1305 2082 ἂν
1323 2055 1410 2082 ἐθέλοι
1423 2057 1530 2082 ποιεῖν·
1554 2057 1696 2092 βασιλείας
1710 2065 1741 2083 τε
1767 2059 1798 2084 ἐν
1814 2057 1854 2092 τῷ

1061 2100 1214 2127 καθεστῶτι
1237 2101 1339 2136 μένειν,
1355 2102 1418 2133 τούς
1438 2103 1462 2129 τ’
1476 2103 1589 2135 ἀδόξους
1604 2105 1747 2139 ἐπιφανεῖς
1771 2105 1853 2131 καθιι

1061 2147 1147 2181 στᾷν*
1164 2147 1211 2173 καὶ
1237 2147 1339 2179 ἱκανῶς
1355 2148 1428 2182 ἔχειν
1450 2150 1514 2180 τοὺς
1534 2150 1653 2184 μικροὺς
1678 2150 1777 2184 ἁθρόον
1807 2160 1854 2186 μευ

1060 2193 1160 2226 γάλους
1176 2194 1275 2226 ποιεῖν,
1291 2193 1342 2219 κᾶν
1358 2195 1415 2225 τοῖς
1429 2195 1529 2226 δεινοῖς
1539 2196 1694 2227 διασώζειν.
1711 2195 1747 2224 Εὖ
1761 2199 1853 2225 τοίνυν

1059 2238 1129 2265 οὕτω
1147 2239 1281 2274 λεγούσης
1294 2235 1346 2275 τεῆς
1362 2241 1503 2274 γυναικὸς,
1519 2243 1533 2268 ὁ
1557 2243 1609 2277 τῆς
1627 2243 1748 2277 ἰσηρίας
1768 2245 1852 2280 ἡγού-

1061 2294 1141 2320 μενος
1163 2286 1335 2320 ἐμαλάσσετο
1361 2287 1411 2322 μέν
1434 2290 1492 2320 τοῖς
1522 2289 1630 2322 λόγοις·
1652 2290 1805 2325 ἀμφίϐολος
1830 2291 1852 2318 δ’

1057 2329 1101 2366 ἦν,
1121 2332 1294 2367 ὑπειδόμενος
1319 2334 1504 2368 νεωτερίζειν,
1522 2335 1685 2369 αἰδούμενός
1710 2345 1740 2362 τε
1761 2338 1851 2367 ἄλλως

1059 2378 1259 2413 μεταλλάσσειν
1275 2380 1308 2405 τὰ
1325 2381 1438 2416 πάτρια.
1456 2382 1509 2407 Καὶ
1530 2382 1561 2416 δή
1580 2382 1640 2408 ποτ’
1656 2384 1773 2415 ἐξελθὼν
1788 2388 1851 2411 σὰν-

1057 2431 1117 2457 αμα
1140 2425 1196 2454 τοῖς
1223 2424 1292 2458 ἀμφ’
1308 2425 1402 2458 αὺτδν,
1422 2426 1519 2461 ἐθήρα.
1543 2427 1660 2462 Ὀμίχλη
1680 2428 1708 2454 δέ
1735 2438 1776 2460 τις
1800 2431 1848 2464 βα-

1058 2469 1119 2495 θεῖα
1136 2470 1319 2504 καταλυθεῖσα
1342 2472 1398 2502 τοῖς
1414 2471 1503 2506 ὄρεσι,
1524 2473 1622 2503 σκότος
1646 2474 1733 2499 ὲποῖει
1757 2475 1827 2509 βαθύ
1840 2483 1847 2491 ·

1059 2516 1106 2542 καὶ
1125 2515 1156 2542 τὸ
1172 2517 1325 2551 συνηρεφὲς
1350 2518 1399 2552 τῆς
1413 2517 1481 2551 ὕλης
1505 2519 1680 2553 ἁποφράξαν,
1700 2520 1787 2547 νύκτα
1799 2522 1846 2557 τὴν

1058 2561 1166 2597 ἡμέραν
1191 2563 1348 2596 εἰργάζετο.
1367 2564 1490 2598 Ἀπορος
1509 2564 1532 2590 δ’
1556 2563 1590 2600 ἦν
1617 2567 1633 2600 ἡ
1653 2566 1736 2600 θήρα.
1764 2569 1811 2594 καὶ
1829 2569 1844 2602 ἡ

1058 2609 1116 2639 ὁδὸς
1143 2608 1288 2641 ἀδιέξοδος.
1315 2610 1460 2641 Δείσαντες
1478 2610 1501 2637 δ’
1531 2611 1646 2644 ἕκαστος
1671 2613 1724 2648 ὅπη
1750 2614 1845 2650 ἔτυχεν

1058 2655 1262 2682 ὲσιεδάννυντο.
1286 2655 1399 2691 Ἐπίσης
1417 2656 1445 2682 δέ
1463 2658 1509 2683 καὶ
1524 2658 1537 2683 ὸ
1554 2658 1681 2692 βασιλεὺς
1704 2661 1843 2695 ἀλώμενος

1060 2702 1150 2735 μόνος,
1165 2703 1227 2733 τοὺς
1245 2702 1391 2737 πατρῴους
1407 2704 1569 2731 ἐπεκαλεῖτο
1588 2705 1675 2736 Θεούς.
1696 2707 1740 2738 Ὠς
1765 2708 1788 2734 δ’
1802 2708 1844 2734 οὺ-

1057 2747 1102 2773 δέν
1121 2745 1202 2783 ἦττον
1217 2745 1252 2783 ἦν
1265 2748 1296 2774 τὸ
1315 2748 1412 2781 δεινὸν,
1431 2747 1475 2777 οἷα
1497 2751 1570 2785 ιριλεί
1589 2751 1722 2785 γίνεσθαι,
1739 2754 1841 2789 ἀπροσ-

1058 2793 1184 2828 δοκήτοις
1211 2794 1359 2828 ἐμπεσὼν,
1385 2796 1432 2822 τὸν
1461 2797 1509 2830 τῆς
1538 2797 1714 2832 αἰχμαλώτου
1744 2799 1843 2826 ἐνενόει

1058 2839 1124 2865 Θεὸν
1137 2847 1143 2854 ·
1159 2840 1204 2866 καὶ
1223 2840 1295 2866 κατὰ
1309 2842 1372 2867 νοῦν
1385 2843 1433 2869 τοῦ
1450 2843 1546 2870 λοιποῦ
1564 2845 1654 2870 σέϐειν
1670 2846 1774 2872 ἐκεῖνον
1792 2848 1841 2873 διε-

1059 2887 1153 2919 wsizu,
1170 2886 1193 2912 εἰ
1214 2886 1244 2914 τὸ
1260 2887 1347 2922 παρόν
1368 2897 1398 2923 γε
1415 2889 1555 2926 διαδράσοι
1579 2890 1672 2919 κακόν.
1696 2891 1782 2919 Ταῦτ’
1803 2894 1839 2925 εις
