1894 3070
209 149 259 182 143

815 131 1025 164 NICEPHORI
1045 130 1215 161 CALLISTI

1779 123 1829 156 “4

174 213 178 218 '
206 206 356 234 sultantes,
378 197 542 227 incredibile
561 195 635 223 dictu
658 197 714 224 cst,
738 196 838 226 quanta
858 197 920 216 cum
945 188 995 214 im-

1051 185 1201 220 ’Δκεψιμᾶς
1222 184 1371 214 ἐπίσκοπος
1395 183 1488 217 ἤγετο,
1505 180 1553 208 καὶ
1579 179 1670 206 πολλοὶ
1695 178 1751 206 τῶν
1775 179 1829 206 ὑπὸ

206 249 343 285 probitate
353 245 492 273 Persidem
506 246 693 278 peragrantes.
703 238 847 273 episcopos
859 240 886 263 et
898 242 989 262 sacer—

158 301 162 306 '
207 280 285 321 dotes
310 291 472 320 occiderint.
499 287 675 315 Potissimum
702 287 792 310 autem
821 282 847 308 in
878 280 988 315 regione

208 337 412 366 Adiabenorum
433 333 624 361 crudelitatem
640 336 749 356 omnem
765 327 924 354 exhibuere.
943 326 990 351 Est

207 391 291 418 porro
314 389 346 409 ea
372 381 480 407 Persica
501 378 590 412 regio.
606 376 745 404 Christum
772 377 828 400 tota
847 371 987 406 proﬁtens.

209 416 309 455 Eadem
327 428 490 459 tempestate
506 427 533 449 et
556 421 714 455 Acepsitnas
730 418 875 453 episcopus
891 416 990 442 ductus

207 478 258 505 est,
274 478 301 500 et
317 479 379 498 cum
396 478 428 497 eo
443 477 475 496 ex
491 469 551 502 ejus
568 467 641 494 clero
662 464 802 500 permulti.
818 463 907 496 Atque
922 460 990 487 alios

207 516 319 550 quidem
343 512 520 541 facultatibus
543 518 638 538 eorum
659 508 774 542 direptis
797 506 961 533 dimiserunt
982 512 989 530 :

207 561 379 596 Acepsimam
395 563 487 586 autem
503 557 573 591 magi
589 555 679 590 ﬂagris
693 554 789 581 multis
803 552 989 581 verberatum,

208 608 312 643 ingenti
331 607 355 633 vi
376 606 409 632 ad
431 604 520 632 Solem
543 601 712 629 adorandum
727 600 838 634 adigere
858 601 923 625 sunt
942 603 990 623 co-

207 652 275 679 nati.
296 652 396 678 Verum
414 649 460 676 ubi
479 647 548 675 nihil
562 653 654 681 egere,
668 645 773 671 carceri
790 651 853 670 eum
870 642 990 669 incluse-

207 702 282 725 runt.
300 697 386 730 Quem
402 695 521 723 Jacobus
542 692 652 728 qttidam
674 691 808 726 dignitate
827 689 990 724 presbyter,

207 751 255 770 sua
279 746 375 776 sponte
398 745 522 771 secutus,
542 746 637 773 magos
657 737 756 768 oravit,
775 740 805 762 ut
819 735 846 762 in
862 734 990 761 eumdem

207 795 272 815 cum
303 786 350 813 illo
381 793 519 812 carcerem
545 783 768 818 protruderetur.
794 780 834 807 lbi
862 779 992 813 episeopo

1042 232 1081 266 τῷ
1106 232 1200 266 κλήρῳ
1223 230 1372 256 τελούντων
1397 228 1483 262 αὐτῷ.
1507 227 1568 254 Τῶν
1592 227 1642 261 μὲν
1667 224 1714 252 οὖν
1739 225 1829 252 ἄλλων

1042 276 1203 310 ἀφελόμενοι
1228 275 1277 305 τὰς
1302 274 1406 306 οὐσίας,
1428 273 1511 299 εἶωνο
1535 271 1688 306 Ἀκεψιμᾶν
1710 271 1732 297 δ’
1748 272 1829 305 ῑμᾶσι

1043 322 1149 353 πολλοῖς
1164 321 1324 356 ᾔκιζον,καὶ
1335 319 1396 355 βίαν
1410 319 1513 352 ἐπῆγον
1528 318 1553 344 οἰ
1572 318 1656 352 μάγοι
1675 317 1722 343 τὸν
1732 317 1830 343 ’Ἥλιον

1042 368 1215 402 προσκυνεῖν.
1238 366 1282 396 Ὠς
1307 366 1329 392 δ’
1353 365 1403 391 οὐκ
1425 364 1544 396 ἔπειθον,
1570 363 1752 398 δεσμωτηρίῳ
1762 362 1831 388 καθ-

1043 410 1153 445 εῖρξαν·
1173 406 1194 443 ᾧ
1218 409 1289 435 ἑκών
1319 418 1362 440 τις
1384 408 1524 443 ἠκολούθει
1550 407 1688 440 Ἰάκωϐος,
1707 406 1829 441 πρεσϐύ-

1042 460 1121 486 τερος
1134 452 1164 478 τὸ
1186 451 1305 486 ἀξίωμα,
1319 452 1411 486 δέησιν
1426 452 1482 482 τοῖς
1510 451 1609 486 μάγοις
1628 451 1828 486 προσαγαγὼν,

1044 498 1097 524 ὑπδ
1116 499 1161 523 τὸν
1184 497 1268 524 αὑτὸν
1294 497 1420 530 γενέσθαι
1445 497 1556 532 δεσμόν.
1578 497 1695 531 Γέροντα
1714 497 1738 524 δ’
1764 498 1830 524 ὅντα

1043 543 1088 569 τὸν
1106 542 1254 570 ἐπίσκοπον
1280 543 1448 577 ἐθεράπευε·
1471 543 1519 569 καὶ
1541 543 1590 574 τὰς
1612 544 1757 577 συμφορὰς
1781 553 1830 576 με·
1863 551 1867 556 ‘

1044 589 1193 625 τριωτὲρας
1216 590 1248 623 τῇ
1271 588 1405 623 προθύμῳ
1420 589 1558 623 ὑπηρεσίᾳ
1579 588 1736 622 εἰργάζετο.
1759 589 1830 615 Ὑπὸ

1045 636 1075 661 δέ
1089 635 1119 661 τὺ
1133 635 1198 661 αὐτὸ
1209 635 1395 670 δεσμωτήριον
1410 635 1456 661 καὶ
1474 634 1616 666 Ἀειθαλᾶς
1640 635 1830 670 πρεσόύτερος

1043 678 1078 716 ἦν
1090 681 1211 716 δέσμιος,
1233 681 1334 715 Ἰωσήφ
1356 689 1385 706 τε
1410 681 1458 707 καὶ
1479 680 1638 715 Ἀζαδάνης,
1654 681 1700 707 καὶ
1720 681 1830 715 ’Δὸδιγλ-

1046 728 1147 760 σισοῦς,
1162 727 1292 758 διάκονοι,
1309 727 1445 761 μάστιγας
1475 726 1604 758 πλείστας
1625 726 1669 752 διὰ
1692 726 1722 752 τδ
1740 726 1831 760 δόγμα

1045 771 1296 807 ὺπομεμενηκότες.
1317 772 1395 798 Ἐπεὶ
1408 771 1437 798 δὲ
1453 771 1541 806 χρόνῳ
1557 771 1670 806 ὕστερον
1682 773 1696 798 ὁ
1710 772 1831 806 ἀρχιμά-

207 833 354 867 grandaevi)
381 830 543 860 subserviit,
564 834 756 860 :erumnasque
774 826 833 860 ejus
848 824 992 851 sedulitate

1050 825 1093 850 γος
1107 817 1237 851 Σαπώρου
1256 816 1456 851 κοινωσάμενος
1472 815 1659 850 περὶτούτων,
1677 816 1715 847 ὡς
1733 817 1831 850 ἐκείνῳ

210 843 354 867 granuva
381 843 543 860 suuacrvut,
564 843 756 860 trinum-naun
774 843 833 860 qua
848 843 992 851 acuunt...“

210 878 358 907 ministerii
379 878 420 905 sui
443 874 580 902 allevavit.
601 873 630 900 ln
647 872 750 899 eisdem
763 870 880 898 vinculis
903 870 989 901 fuere,

1050 843 1202 897 ᾖουλομένιρ
1227 859 1261 897 ἦν
1287 843 1420 897 τιμωρεῖν
1445 843 1548 892 ἐκεῖνος
1569 843 1733 896 ἐπέτρεπεν,
1748 862 1772 888 εί
1795 843 1832 896 μί]

210 924 333 952 Aithalas
356 922 513 957 presbyter,
536 918 636 953 Joscph
654 917 706 952 (1):
720 915 872 947 Azadaues,
890 919 919 942 et
938 914 992 940 Ab—

211 972 312 1001 dicsus,
329 968 449 998 diaconi,
464 966 581 1001 plurima
597 963 702 998 ﬂagella
718 965 829 997 propter
842 960 992 988 doctrinam

212 1015 347 1052 perpessi.
371 1014 467 1041 Postea
490 1018 556 1038 vero
582 1009 628 1038 ubi
654 1008 847 1041 arehimagns,
867 1013 896 1033 re
929 1012 992 1032 cum

213 1050 317 1096 Sapore
340 1057 550 1086 communicata.
573 1058 737 1090 potestatem
762 1053 796 1079 ab
818 1059 851 1079 eo
873 1052 900 1078 in
919 1050 991 1082 illos,

212 1115 261 1141 pro
275 1104 389 1133 arbitrio
399 1110 460 1134 suo,
470 1102 523 1128 nisi
534 1101 589 1128 Soli
602 1100 709 1126 divinos
720 1098 853 1126 oﬂ‘errent
863 1097 992 1127 honores,

213 1149 449 1180 animadvertendi
457 1146 716 1181 obtinuit,regisque
723 1144 886 1172 sententiam
894 1141 994 1170 vinctis

214 1197 375 1228 declaravit,
389 1201 470 1229 atque
484 1194 522 1220 illi
538 1201 552 1220 e
565 1192 678 1227 vestigio
691 1191 831 1218 Christum
847 1189 992 1222 abnegare,

214 1245 356 1278 multoque
378 1241 462 1275 magis
477 1239 533 1267 Soli
550 1237 671 1265 divinam
688 1244 745 1263 rem
762 1236 850 1262 facere
864 1235 994 1262 reclama-

215 1294 290 1320 runt,
314 1288 415 1315 tuultos
439 1283 590 1312 crudeliter
615 1282 656 1309 eis
680 1281 773 1308 intulit
794 1279 942 1306 cruciatus.
964 1278 996 1304 Et

214 1342 273 1364 tum
306 1334 416 1370 quidem
451 1330 610 1364 Acepsimas
643 1326 794 1354 constantis
825 1323 995 1352 fortitudinis

215 1380 365 1417 specitnine
396 1377 489 1409 edito,
521 1375 548 1402 in
580 1372 706 1407 ﬂagranti
734 1370 884 1398 certamine
911 1370 995 1395 vitam

218 1415 288 1455 ﬁniit
302 1435 309 1454 :
323 1426 401 1461 cujus
416 1423 532 1450 cadaver
544 1419 666 1447 Armenii
682 1417 804 1452 quidam,
820 1416 889 1444 clam
905 1415 998 1441 subla-

219 1480 288 1504 tum,
311 1460 456 1505 sepeliere.
483 1465 592 1500 Reliqui
611 1471 688 1494 vero.
712 1467 740 1490 et
761 1461 872 1496 quidem
894 1460 996 1494 plures,

217 1519 285 1547 loris
301 1504 415 1550 corpora
432 1511 577 1542 conscissi,
594 1510 694 1544 pietate
713 1513 804 1534 tamen
820 1504 998 1532 nihilominus
1012 1527 1037 1560 Ο

218 1561 319 1597 integri
343 1564 370 1588 et
393 1557 471 1588 salvi,
492 1556 583 1583 denuo
607 1555 635 1581 in
660 1552 769 1580 vincula
790 1555 853 1578 sunt
872 1550 1000 1584 conjecti.

220 1609 249 1637 In
266 1595 311 1639 iis,
326 1605 451 1635 Aithalae.
465 1602 530 1630 dmn
546 1605 635 1628 tortus
649 1598 741 1626 nervis
753 1596 920 1627 extenditur,
934 1595 1001 1622 adeo

218 1659 283 1683 sunt
299 1650 412 1680 brachia
428 1649 532 1679 luxata,
548 1646 726 1679 humerisque
741 1643 857 1674 divulsa,
873 1641 955 1676 616
973 1645 1002 1668 ut

219 1700 349 1732 de'stceps
368 1697 506 1724 emortua,
524 1699 575 1718 usu
600 1690 677 1717 nullo
700 1687 897 1723 dependerent,
914 1693 1001 1720 neque

217 1746 244 1774 ei
268 1744 301 1772 ad
319 1731 417 1770 icibum
444 1739 487 1766 ori
514 1735 715 1765 admovendum
740 1732 903 1761 suﬂicerent.
930 1731 1002 1763 Qua-

218 1794 332 1826 propter
350 1787 467 1813 aliorum
483 1791 514 1811 ea
531 1783 558 1809 in
574 1789 604 1808 re
619 1788 681 1808 eum
695 1779 849 1807 ministerio
865 1777 903 1804 uti
919 1784 1001 1811 opor-

220 1823 284 1865 initi.
301 1833 354 1862 Sed
371 1837 399 1860 ct
421 1830 578 1864 complures
593 1827 661 1854 alios
677 1825 843 1855 sacerdotes.
859 1823 999 1854 diaconos,

221 1880 383 1910 monachos.
400 1872 491 1905 sacras
509 1874 641 1909 virgines,
656 1872 777 1906 aliosque
796 1874 928 1905 praeterea
945 1869 1000 1896 sin-

219 1927 309 1964 gulari
325 1927 353 1953 in
369 1922 524 1951 doctrinam
545 1918 729 1947 Christianam
747 1916 844 1944 ardore
861 1915 999 1950 praeditos,

219 1962 374 2009 magnoque
390 1970 484 1997 labore
503 1968 530 1994 in
553 1964 639 1992 sacris
655 1962 847 1991 ecclesiasticis
865 1965 999 1993 versatos,

218 2004 398 2046 exei-uciavit.
417 2013 520 2040 Horum
543 2015 690 2038 numerum
716 2007 786 2034 inire
809 2014 863 2033 non
887 2005 948 2032 fuit.
969 2004 999 2030 lu

218 2063 321 2098 quibus
343 2060 420 2087 fuere
443 2056 575 2092 episcopi,
596 2054 788 2088 Barbasymes,
812 2051 925 2081 Paulus,
945 2049 1000 2077 Ga-

220 2094 325 2138 diabes,
350 2105 480 2135 Sabinus,
503 2102 619 2132 Mareas,
642 2099 755 2130 Mocius,
778 2097 909 2129 Joannes,
932 2094 1002 2122 Hor-

219 2154 334 2186 misdas,
357 2151 456 2184 Papas,
483 2147 612 2178 Jacobus,
638 2145 749 2176 Romas,
773 2143 889 2178 Maares,
917 2142 999 2176 Agas,

1051 909 1134 943 Ἡλίῳ
1160 908 1210 943 τὴν
1233 908 1420 943 προσκύνησιν
1449 908 1638 942 ἀπονείμειαν,
1663 909 1749 943 δήλην
1774 910 1831 939 τοῖς

1045 954 1258 989 καθειργμένοις
1279 954 1366 981 ἐποίει
1391 954 1440 989 τὴν
1462 954 1565 989 ψῆφον.
1597 953 1727 986 Ἐκείνοις
1753 954 1776 980 δ’
1799 955 1831 981 ἐκ

1045 999 1092 1026 τοῦ
1106 999 1201 1033 σχεδὸν
1215 998 1373 1030 ἀπειποῧσι,
1386 999 1455 1033 μήτε
1468 999 1586 1034 Χριστόν
1601 998 1660 1025 ποτ’
1673 999 1829 1033 ἀρνεῖσθαι,

1046 1046 1145 1073 πολλοῦ
1174 1054 1205 1080 γε
1230 1045 1284 1081 μὴν
1308 1045 1364 1072 δεῖν
1397 1044 1482 1080 Ἡλίῳ
1509 1045 1592 1076 σέΰας
1622 1046 1831 1079 προσενεγκεῖν,

1048 1091 1148 1127 πολλὴν
1163 1091 1247 1126 ὠμῶς
1270 1091 1358 1126 ἐπῆγε
1381 1090 1430 1125 τὴν
1456 1090 1581 1123 βάσανον.
1600 1091 1656 1117 Καὶ
1677 1090 1833 1125 Ἀκεψιμᾶς

1049 1138 1098 1174 μὲν
1116 1137 1262 1172 ἐναγώνιος
1276 1137 1404 1164 ἐτελεύτα
1420 1137 1521 1172 πολλὴν
1533 1138 1584 1171 τὴν
1601 1137 1751 1172 καρτερίαν
1767 1138 1833 1163 ἐπι-

1047 1184 1223 1218 δειξάμενοςυ
1241 1183 1330 1217 λάθρα
1345 1183 1371 1209 δέ
1396 1191 1468 1214 τινες
1490 1183 1628 1217 Ἀρμένιοι
1653 1183 1683 1210 τὸ
1705 1183 1834 1218 λείψανον

1048 1230 1209 1265 ὑφελόμενοι
1232 1229 1398 1256 θάπτουσιν·
1418 1229 1442 1254 ol
1465 1229 1493 1255 δὲ
1507 1229 1582 1255 ἄλλοι
1600 1230 1647 1255 καὶ
1670 1229 1757 1257 πλείω
1776 1231 1835 1260 τοῖς

1049 1276 1128 1310 ἱμᾶσι
1146 1276 1369 1308 καταξανθέντες,
1386 1275 1504 1310 ἄτρωτοι
1521 1275 1550 1301 δὲ
1574 1275 1604 1302 τὸ
1622 1275 1703 1307 σὲὁας
1724 1277 1834 1311 μεῖναν-

1048 1330 1104 1352 τες,
1120 1321 1230 1356 δεσμοῖς
1259 1321 1337 1352 αὖθις
1354 1321 1470 1356 εἴχοντο.
1491 1321 1536 1347 Ἐν
1553 1318 1593 1353 οἷς
1608 1319 1642 1357 ἦν
1660 1322 1708 1348 καὶ
1728 1322 1835 1349 Ἀειῡα-

1048 1368 1110 1399 λᾶς,
1124 1368 1153 1399 ὃς
1169 1368 1197 1394 ἐν
1218 1367 1262 1401 τῷ
1283 1367 1490 1407 κατατείνεσίξαι
1514 1367 1577 1398 τοὺς
1601 1367 1749 1402 βραχίονας
1765 1369 1835 1395 ἅπε-

1051 1413 1159 1447 σπάσθη
1176 1413 1231 1438 τῶν
1247 1412 1344 1447 ὤμων·
1361 1413 1409 1438 καὶ
1421 1412 1467 1438 τοῦ
1487 1412 1583 1439 λοιποῦ
1605 1413 1718 1448 νεκροὺς
1736 1413 1837 1445 αὐτοὺς

1051 1460 1100 1485 καὶ
1116 1459 1204 1493 μάτην
1215 1459 1291 1493 ῄωρη
1297 1458 1392 1492 μένους
1406 1457 1493 1494 εἶχεν·
1510 1459 1548 1490 ὡς
1563 1459 1624 1494 μηδ’
1637 1460 1747 1491 ἱκανοὺς
1764 1458 1836 1486 εἷναι

1052 1504 1085 1529 δι’
1105 1503 1194 1529 αὐτῶν
1215 1504 1319 1539 τροφὴν
1336 1504 1374 1538 τῷ
1397 1504 1511 1538 στόματι
1529 1503 1631 1539 φέρειν,
1650 1504 1707 1530 ἀλλ’
1733 1505 1837 1540 ἐτέρων

1053 1548 1171 1583 χρῆσθαι
1196 1549 1263 1581 πρὸς
1287 1549 1452 1583 ὑπουργίαν.
1469 1547 1589 1579 Πολλοὺς
1613 1548 1641 1574 δέ
1667 1549 1715 1575 καὶ
1737 1549 1838 1580 ἄλλους

1054 1594 1135 1628 ἱερεῖς
1149 1601 1177 1619 τε
1191 1593 1238 1619 καὶ
1254 1592 1405 1625 διακόνους,
1424 1593 1559 1628 μοναχούς
1572 1601 1602 1620 τε
1620 1593 1668 1620 καὶ
1684 1592 1838 1628 παρθένους

1052 1638 1127 1673 ἱερὰς
1147 1638 1303 1671 ἐκολάσατο,
1322 1639 1369 1665 καί
1391 1647 1466 1669 τινας
1489 1640 1602 1674 ἐτέρους
1629 1639 1749 1674 θερμοὺς
1773 1642 1840 1675 περὶ

1051 1685 1081 1711 τὸ
1095 1685 1184 1720 δόγμα
1201 1685 1247 1712 καὶ
1265 1686 1333 1720 περὶ
1357 1685 1391 1712 τὰ
1414 1685 1474 1719 ιερὰ
1501 1686 1554 1712 τῶν
1569 1686 1724 1721 ἐκκλησιῶν
1741 1687 1840 1714 διαπο-

1051 1732 1199 1766 νουμένους
1213 1753 1220 1765 ,
1239 1733 1276 1763 ὼς
1295 1732 1472 1767 ὑπερὸαίνειν
1487 1731 1522 1757 τὰ
1537 1732 1627 1767 πλήθη
1642 1733 1687 1759 τὸν
1705 1733 1838 1768 ἀριθμόν,

1057 1777 1102 1809 Ἐξ
1116 1773 1153 1804 ὧν
1169 1775 1240 1811 ἦσαν
1265 1777 1412 1803 ἐπίσκοποι
1437 1776 1634 1813 Βαρΰασύμης,
1653 1778 1701 1804 καὶ
1719 1778 1840 1811 Παῦλος,

1051 1823 1100 1849 καὶ
1119 1822 1262 1858 Γαδιάὸης,
1279 1823 1393 1854 Σαδίνός
1407 1831 1437 1848 τε
1453 1823 1501 1849 καὶ
1516 1822 1642 1857 Μαρέας,
1655 1824 1702 1850 καὶ
1713 1824 1840 1856 Μώκιοε,

1051 1870 1099 1896 καὶ
1123 1869 1260 1903 Ἰωάννης,
1276 1870 1324 1896 καὶ
1357 1868 1628 1903 Ὀρμίσδας,ῐ1άπας
1652 1877 1682 1895 τε
1709 1871 1757 1896 καὶ
1788 1870 1842 1896 Ἰά-

1050 1915 1149 1947 κωὸος,
1171 1916 1281 1949 Ῥώμας
1293 1915 1340 1941 καὶ
1355 1915 1483 1949 Μαάρης,
1501 1915 1549 1940 καὶ
1561 1915 1659 1948 Ἀγας,
1677 1915 1724 1941 καὶ
1739 1915 1841 1950 Βόκχο-

1051 1970 1105 1996 ρις.
1122 1962 1168 1987 καὶ
1193 1960 1291 1991 Ἀσδᾶς
1314 1961 1363 1987 καὶ
1388 1959 1556 1993 Ἀσδιησοῦς,
1582 1960 1709 1996 Ἰωάννης
1737 1969 1768 1987 τε
1794 1964 1842 1989 καὶ

1056 2005 1215 2040 Ἀΰράμιος,
1233 2005 1279 2031 καὶ
1294 2005 1492 2036 Ἀσδελᾶς,καὶ
1509 2005 1653 2040 Σαὸὡρης,
1667 2008 1714 2033 καὶ
1728 2008 1830 2036 Ἰσαὰκ

1051 2035 1260 2082 Λαυστᾶςξάπδ
1287 2051 1388 2085 χωρίου
1414 2035 1465 2078 ὦδε
1490 2035 1780 2088 προσαγορευομένου,
1798 2035 1844 2083 δᾷἷ

1053 2095 1191 2130 ρυάλωτος
1208 2095 1329 2130 Πέρσαις
1354 2095 1510 2129 γενόμενος.
1525 2096 1594 2122 Κατ’
1618 2097 1723 2124 ἐκεῖνον
1746 2099 1774 2126 δὲ
1794 2100 1843 2127 τδν

1051 2140 1158 2175 χρόνον,
1182 2139 1230 2165 σὺν
1258 2139 1297 2174 τῷ
1323 2140 1524 2174 χωρεπισκὸπῳ
1548 2141 1680 2177 Μαρεάδῃ
1706 2144 1753 2169 καὶ
1770 2145 1785 2170 ὁ
1801 2153 1845 2171 νε-

219 2198 367 2228 Bocchoris
395 2196 444 2231 (‘2),
468 2194 576 2225 Abdus,
601 2191 753 2221 Abdiesus,
777 2189 898 2217 Joannes
922 2189 996 2215 alter.

1057 2186 1205 2220 κρέγερτος
1228 2185 1343 2220 Μίλλης,
1357 2186 1466 2220 σύναμα
1482 2188 1539 2218 τοῖς
1556 2188 1626 2222 ἀμφ’
1649 2189 1731 2215 αὐτὸν
1746 2190 1844 2225 κληρι-

222 2245 380 2275 Abramius,
396 2241 524 2273 Abdelas,
539 2240 666 2275 Sapores,
683 2238 767 2270 Isaae,
782 2240 810 2263 et
827 2235 941 2265 Dausas,
957 2233 1003 2268 qui

221 2290 363 2328 aquodam
377 2288 449 2319 loco,
461 2287 508 2322 qui
519 2285 651 2313 Zabdmus
663 2283 776 2314 dicitur,
788 2289 802 2308 a
814 2281 904 2308 Persis
919 2279 1006 2313 capti-

222 2346 275 2366 vus
299 2336 433 2364 abductus
459 2334 558 2360 fuerat.
586 2331 623 2358 Ea
653 2333 834 2364 tempestate,
861 2335 913 2353 una
942 2333 1004 2353 cum

223 2383 421 2418 ehorepiscopo
432 2378 569 2410 Mareade,
581 2377 664 2404 etiam
680 2379 853 2402 mortuorum
871 2372 1006 2399 excitator

223 2429 312 2458 Milles
328 2429 377 2462 ('5),
393 2433 454 2454 cum
468 2424 577 2452 clericis
596 2421 722 2450 ducentis
741 2417 936 2454 quinquaginta
951 2425 1006 2444 nu-

222 2484 300 2504 mero
323 2475 374 2503 sibi
401 2473 532 2504 subditis,
554 2470 600 2504 qui
625 2476 640 2495 a
664 2466 754 2494 Persis
782 2465 877 2491 itidem
904 2463 1006 2498 captivi

220 2521 333 2550 abducti
359 2520 485 2550 fuerant,
514 2514 644 2543 innotuit.
675 2512 764 2538 Milles
789 2517 855 2537 sane
881 2510 1006 2537 Persicus

196 2574 198 2576 '
224 2568 302 2595 miles
327 2567 427 2598 fuerat,
448 2567 610 2593 mutatoque
629 2557 740 2585 vivendi
766 2564 852 2589 more,
873 2555 1006 2590 apostoli-

196 2622 198 2624 '
222 2617 285 2641 cum
303 2618 416 2640 secutus
430 2614 472 2636 est
490 2607 656 2634 institutum.
678 2604 711 2631 Et
727 2603 847 2631 civitatis
863 2602 1005 2637 cujusdam

223 2661 250 2688 in
265 2658 377 2687 Perside
394 2655 540 2689 cpiscopus
556 2652 653 2682 factus,
667 2657 730 2677 cum
744 2656 815 2684 saepe
830 2648 929 2675 multas
945 2654 1008 2681 gra-

221 2711 324 2739 vesque
340 2700 519 2728 sustinuisset
534 2698 637 2733 plagas.
654 2696 701 2722 ubi
719 2695 858 2722 neminetn
874 2692 1007 2719 Christia-

222 2737 287 2779 nam
305 2747 465 2782 religionem
489 2744 615 2779 amplecti
633 2742 703 2770 velle
720 2739 928 2769 animadvertit,
946 2737 1005 2764 dira

259 2806 297 2838 (ί)
320 2804 371 2830 Pro
385 2802 505 2836 Josephn
525 2801 670 2838 szonten.
692 2799 772 2826 habet
794 2797 933 2824 Jacolmm.

257 2836 295 2876 (“2)
314 2841 421 2867 Suzutu.
439 2838 520 2864 habet
538 2836 662 2863 Bac/iras.

1057 2233 1124 2263 κοῖς,
1135 2232 1302 2266 πεντήκοντα
1317 2231 1345 2257 δὲ
1359 2233 1406 2259 καὶ
1420 2232 1552 2259 διακόσιοι
1567 2231 1639 2268 ἦσαν
1654 2235 1699 2260 τὸν
1713 2235 1844 2270 ἀριθμὸν,

1057 2276 1221 2311 ἐγνωρίζετο
1231 2284 1238 2292 ·
1255 2277 1280 2303 οἳ
1297 2277 1402 2310 καιροῖς
1420 2277 1535 2309 ἐκείνοις
1548 2278 1600 2304 ὑπὸ
1612 2279 1727 2314 Περσῶν
1740 2281 1845 2315 αἰχμά-

1057 2323 1136 2350 λωτοι
1165 2323 1297 2366 ἤχθησαν.
1332 2323 1362 2349 '0
1390 2323 1418 2349 δὲ
1451 2323 1556 2359 Μίλλης
1589 2325 1698 2359 Πέρσης
1733 2325 1784 2360 μὲν
1811 2325 1846 2362 ἦν

1057 2368 1245 2403 στρατιώτης·
1266 2368 1449 2403 μεταθέμενος
1466 2369 1493 2395 δὲ
1508 2369 1553 2395 τὸν
1570 2368 1639 2403 βίον,
1657 2369 1706 2405 τὴν
1719 2370 1844 2397 ἀποστο-

1048 2415 1134 2449 -λικὴν
1155 2414 1293 2441 πολιτείαν
1318 2414 1426 2440 εἵλετο·
1446 2415 1493 2441 καί
1508 2424 1580 2446 τινος
1602 2415 1657 2442 τῶν
1680 2417 1709 2442 ἐν
1733 2417 1846 2452 Περσὲὀι

1058 2461 1163 2487 πόλεων
1184 2461 1331 2492 ἐπίσκοπος
1359 2460 1490 2494 γεγονὼς,
1505 2459 1619 2492 ’πολλὰς
1643 2461 1773 2494 πολλάκις
1799 2466 1846 2490 καὶ

1059 2506 1179 2540 χαλεπὰς
1190 2506 1317 2548 ﬁrmata:
1341 2506 1391 2537 τὰς
1413 2506 1532 2540 πληγὰς,
1550 2506 1587 2537 ὼς
1601 2506 1689 2539 οὐδεὶς
1713 2508 1846 2542 Χριστια-

1058 2553 1141 2589 νίςειν
1155 2553 1258 2588 ᾑρεῖτο,
1276 2553 1487 2586 ἐπαρασάμενος
1503 2554 1559 2584 τοῖς
1572 2553 1695 2583 ἐποίκοις
1710 2554 1845 2588 ἀνεχώρει

1058 2599 1172 2625 ἐκεῖθεν.
1189 2599 1226 2624 Οὐ
1245 2598 1334 2633 πολλῷ
1350 2599 1373 2624 δ’
1388 2597 1501 2633 ὕστερον
1516 2599 1571 2625 τῶν
1586 2600 1676 2625 ἐκεῖσε
1692 2602 1847 2633 πρωτευόν-

1058 2653 1112 2671 των
1129 2645 1169 2676 el;
1193 2644 1305 2679 βασιλέα
1327 2644 1549 2678 ἐξαμαρτόντων,
1566 2646 1696 2680 στρατιὰν
1713 2646 1818 2681 μυρίαν
1833 2648 1846 2673 ὀ

1058 2692 1167 2725 Πέρσης
1183 2690 1341 2724 ἐπαγαγὼν,
1357 2691 1507 2725 κατήρειψε
1524 2691 1572 2726 τὴν
1590 2691 1678 2724 πόλιν,
1689 2692 1737 2718 καὶ
1751 2691 1846 2726 βουσὶν

1058 2737 1160 2772 ἁρόσας
1187 2737 1364 2771 κατέσπειρε,
1381 2736 1486 2772 Μίλλης
1511 2737 1539 2763 δὲ
1566 2739 1657 2772 πήραν
1685 2737 1771 2772 μόνην
1795 2737 1843 2764 λα-

1096 2795 1133 2830 (5)
1152 2794 1202 2822 Alii
1218 2794 1346 2821 Milesium
1363 2800 1470 2822 vocant.
