1904 3070
275 133 326 164 ῖῦτ

882 134 1091 163 NlCEPllURl
1110 132 1281 162 (IALIJSTI
1841 129 1878 159 liii

270 187 366 221 igitur,
385 186 499 216 malum,
524 186 613 221 pudor
635 187 687 214 iste
711 191 762 218 est,
785 188 863 214 verbi
892 188 965 214 illius
991 195 1049 214 cum

1106 187 1221 221 ἡμέρας,
1238 187 1332 212 ἔπειτα
1353 185 1458 221 ἢσθιεν.
1476 186 1596 212 "ﬁxo-nat
1609 185 1674 218 γοῦν
1695 187 1752 216 ταῖς
1767 185 1881 218 rigui-icun-

271 234 373 259 decoro
396 240 449 258 non
471 233 539 259 velle
564 233 622 259 uti?
645 234 733 267 Atque
755 234 797 260 his
821 235 915 265 dictis,
941 234 966 260 in
986 241 1053 261 con-

272 281 368 311 spectu
384 277 507 304 omnium
525 277 673 311 episcopali
689 278 754 304 sede
772 285 935 312 exsurgens,
954 277 1054 305 fastum

271 326 300 347 et
315 322 493 355 supercilium
520 330 616 349 eorum
634 323 680 357 qui
698 323 824 350 oratione
845 323 971 350 affectata
993 330 1055 350 sese

274 366 425 400 εαξη-ειη,
448 368 614 394 contrahere
634 373 677 395 est
694 373 818 395 conatus.
835 368 919 395 Recte
932 368 1004 395 enim
1030 368 1055 394 id

273 413 363 440 facere
379 414 479 447 potuit,
494 414 623 448 quamvis
638 418 753 448 apertus
768 414 880 440 omnino
895 418 923 441 et
940 414 1056 448 simplex

272 464 356 486 esset.
372 459 467 494 Magna
491 461 593 494 quippe
613 460 747 495 dignitate
760 460 903 494 gloriaque
917 467 1053 487 veneran-

272 503 333 536 dus,
359 509 474 539 propter
500 505 615 531 mirifica
641 513 702 539 qua:
728 505 829 533 edebat
855 513 949 540 opera,
974 510 1055 540 atque

270 553 351 576 atate
379 550 565 584 provectiore,
588 551 695 577 sincere
713 555 740 578 et
760 551 882 584 graviter
904 551 1055 586 episcopali

272 601 386 620 tnunere
411 594 532 627 gerendo
563 595 654 622 clarus
668 599 738 622 erat.
759 594 813 621 Sed
830 599 857 621 et
871 602 952 629 quam
973 594 1057 621 fuerit

272 639 300 665 in
325 639 421 666 amicis
444 640 613 673 accipiendis
629 640 726 667 dexter
743 644 772 667 et
796 639 948 670 humanus.
965 644 1057 667 osten-

277 684 351 710 dam.
367 684 493 718 Magnum
508 684 732 720 Quadragesimaa
749 685 886 720 jejunium
912 687 1055 720 agebatur,

269 734 298 756 et
309 737 342 756 ex
357 730 454 756 amicis
469 730 579 764 quidam
601 730 637 757 ad
654 738 717 758 eum
732 738 765 758 ex
781 731 883 759 itinere
905 731 1057 766 longinquo

271 776 357 808 venit,
380 778 408 802 et
430 775 541 809 quidem
562 783 594 802 eo
610 783 665 810 quo
679 777 736 810 ipse
756 777 895 811 jejunaret
918 782 1054 812 tempore.

271 818 361 846 Certis
374 820 447 845 enim
465 820 631 853 quibusdam
648 820 745 847 diebus
768 828 782 847 a
801 821 864 849 cibo
880 823 954 849 omni
967 823 1053 849 absti-

222 871 225 875 ί
272 872 352 895 nens.
371 868 464 898 postea
482 865 655 892 vescebatur.
673 866 752 892 lllum
775 867 858 901 igitur
879 869 995 896 sacratis
1013 869 1054 896 eis

271 910 369 937 diebus
382 910 549 941 venientem,
562 919 624 938 cum
645 911 679 938 de
702 912 801 939 itinere
823 913 924 941 fessum
937 915 1054 950 videret,

273 955 334 983 filim
351 963 408 982 sua:
421 961 448 982 ut
465 956 549 990 pedes
566 957 640 984 illius
656 958 771 988 lavaret.
794 966 972 995 mensamque
990 970 1053 996 pro-

272 1005 398 1035 poneret,
424 1001 564 1036 praacopit.
585 1003 675 1037 Atque
702 1003 748 1030 illa
772 1004 819 1031 ubi
844 1013 933 1040 neque
955 1015 1054 1042 panem

272 1053 363 1082 neque
383 1047 498 1074 farinam
514 1048 588 1075 domi
598 1056 670 1082 esse,
683 1054 797 1084 propter
808 1057 972 1085 prmsentem
991 1053 1054 1080 abs-

275 1092 417 1119 tinentiam
445 1096 472 1119 et
504 1092 639 1127 jejunium
657 1113 664 1124 ,
691 1094 783 1122 dixit:
810 1097 970 1130 precatione
996 1098 1054 1133 ipse

272 1137 359 1168 facta,
376 1137 471 1165 salitas
485 1145 582 1166 carnes
597 1139 726 1172 porcinas
744 1141 777 1168 ad
798 1142 888 1169 focum
903 1143 1054 1177 pendentes

274 1182 398 1216 recipere
423 1190 482 1214 eas,
498 1188 525 1210 et
549 1184 754 1218 quamprimum
781 1186 816 1213 ad
838 1187 927 1222 ignem
945 1193 1052 1216 torrere

271 1227 364 1261 jussit.
382 1228 417 1255 Et
430 1234 459 1254 ut
473 1236 534 1256 assa
548 1231 615 1256 satis
629 1229 753 1261 fuerunt.
770 1232 872 1266 hospiti
889 1238 916 1260 et
938 1234 996 1268 ipse
1009 1242 1054 1260 as.

271 1273 374 1306 sideus,
401 1275 519 1309 ciboque
549 1284 648 1303 manus
677 1277 838 1311 admovens,
863 1280 993 1311 comedit.
1025 1285 1053 1308 et

270 1319 388 1346 amicum
409 1324 438 1346 ut
455 1321 551 1348 itidem
568 1321 671 1350 faceret
686 1328 729 1351 est
746 1323 882 1352 hortatus.
897 1326 989 1360 Atque
1006 1326 1052 1354 ille

248 1372 256 1380 -
269 1373 331 1391 rum
350 1365 530 1397 detrectaret.
552 1367 738 1396 Christianum
763 1377 791 1397 se
805 1377 866 1397 esse
881 1371 987 1403 dicens,
1005 1380 1053 1399 ne-

270 1417 323 1443 que
339 1410 385 1436 tali
401 1415 525 1445 tempore
542 1412 709 1446 ejuscemodi
725 1418 796 1441 esca‘
808 1416 933 1450 indigere
951 1417 1051 1444 conﬁr-

270 1462 348 1481 mans
364 1475 371 1486 ,
388 1455 525 1489 Spyridon
540 1457 626 1490 illum,
643 1465 676 1484 ne
700 1460 834 1494 quidquid
852 1461 878 1487 id
893 1466 965 1489 esset
986 1463 1051 1495 cibi,

1109 234 1203 266 μέναις
1216 233 1333 267 ἡμέραις
1344 233 1458 264 ἐκεῖνον,
1473 233 1535 258 ἐπεὶ
1546 241 1594 258 χεκ
1600 232 1705 266 μηκότα
1714 229 1779 263 εἶδε,
1789 231 1881 256 νίπτειν

1109 277 1158 311 μὲν
1174 278 1236 308 τοὺς
1250 277 1333 308 πόδας
1347 278 1380 312 τῇ
1395 277 1448 311 ἰδίᾳ
1466 277 1575 303 ἐκέλευε
1591 277 1717 311 θυγατρὶ,
1732 277 1881 310 καὶτράπε-

1108 323 1157 354 ζαν
1176 323 1385 358 παρατίθεσθαι.
1408 323 1532 357 Ἑκείνης
1545 323 1567 349 δ’
1584 323 1717 358 εἰπούσης
1731 323 1794 358 μήτ“
1808 323 1881 357 ἄρτον

1108 368 1170 402 μήτ⁴
1188 368 1289 402 ἄλφιτα
1301 368 1403 395 ἐνεῖναι
1420 368 1464 395 διὰ
1478 369 1528 404 τὴν
1553 368 1732 402 ἐπικειμένην
1748 368 1880 402 νηστείαν,

1107 413 1267 448 εὐξάμενος,
1283 413 1338 440 τῶν
1367 415 1579 449 ἀπῃωρημὲνων
1603 414 1725 448 ταρίχων
1752 414 1840 448 κρεῶν
1854 415 1881 445 τῇ

1107 460 1184 493 ἑστίᾳ
1199 459 1280 486 ὑείων
1296 459 1428 493 κατάγειν
1453 460 1561 486 ἐκέλευε
1582 461 1614 495 τῇ
1634 460 1721 490 παιδὶ,
1741 461 1789 486 καὶ
1813 459 1882 486 ταῦθ’

1107 505 1144 536 ὡς
1160 504 1242 539 τάχος
1255 504 1352 539 ὁπτᾷν.
1376 505 1452 531 Ἐπεὶ
1466 504 1488 530 δ’
1501 505 1600 535 ἱκανῶς
1618 502 1691 539 εἶχον
1704 505 1799 537 πυρὸς,
1817 505 1882 535 παρὰ

1107 551 1152 576 τὸν
1176 549 1251 582 ξένον
1267 551 1314 576 καὶ
1333 550 1414 581 αὐτὸς
1431 550 1558 582 καθίσας,
1576 552 1729 585 ἁπτόμενος
1751 552 1805 577 τῶν
1824 551 1882 577 ἑδω-

1107 594 1193 628 δίμων
1205 595 1283 629 ἧσθιε
1296 604 1303 610 ·
1318 595 1364 622 καὶΙ
1381 596 1426 621 τδν
1439 596 1515 630 φίλον
1533 597 1566 622 τὰ
1583 597 1663 629 ὃμοια
1683 596 1750 632 δρᾷν
1768 597 1884 629 παρεκά-

1108 640 1160 668 ὶει.
1177 642 1228 667 Τὸν
1249 642 1277 668 δὲ
1301 641 1536 677 παραιτούμενον,
1555 643 1601 668 καὶ
1617 643 1779 676 Χριστιανὸν
1796 643 1884 669 ἐαυτῇν

1108 683 1178 713 εἶναι
1191 687 1317 721 λέγοντα,
1335 687 1384 713 καὶ
1401 687 1438 722 μὴ
1451 687 1506 714 δεῖν
1525 688 1623 722 ὲκείνῳ
1639 689 1744 722 τροφῆς
1764 688 1884 722 τοιαύτης

1107 732 1221 767 τοιούτῳ
1232 733 1323 768 καιρῷ
1333 733 1579 768 διισχυριζόμενον,
1593 734 1630 767 μὴ
1641 734 1691 768 τὴν
1705 734 1811 768 τροφὴν
1825 735 1885 766 μᾶλ-

1107 777 1151 803 λον
1162 777 1295 809 ἀπαξιοῦν
1305 778 1391 810 οὓτως
1404 778 1499 813 ἔχοντα
1511 780 1673 814 παρηγγύα.
1685 779 1737 805 Τὶν
1750 779 1805 814 γὰρ
1817 778 1882 804 θεῖον

1107 823 1240 857 χρησμὸν,
1256 823 1347 848 πάντα
1360 821 1429 848 εἷναι
1442 823 1552 859 καθαρὰ
1566 824 1622 854 τοῖς
1633 824 1766 857 καθαροῖς
1780 824 1884 857 ἀποφή-

1106 869 1212 895 νασθαι.
1228 869 1316 894 Πολλὰ
1331 869 1360 895 δὲ
1376 869 1423 895 καὶ
1436 869 1504 896 ἄλλα
1518 871 1637 910 συγγενῆ
1654 872 1713 900 τοῖς
1732 870 1884 905 εἰρημένοις

1105 913 1338 949 διαπραξάμενον,
1356 915 1386 941 τὸ
1414 915 1596 949 προκείμενον
1624 916 1674 942 οὐκ
1697 916 1730 951 ἑᾷ
1755 916 1885 950 διεξέρχε-

1106 959 1187 986 σθαι·
1207 960 1225 986 ἃ
1249 960 1389 994 Ῥουφῖνος
1405 960 1548 996 Ῥωμαϊκῇ
1565 961 1637 994 λέξει
1653 962 1749 997 πρῶτα
1762 963 1884 996 ἐξέδωκε,

1106 1006 1153 1032 καὶ
1178 1006 1246 1032 ἄλλα
1271 1007 1385 1033 πλεῖστα
1401 1008 1433 1042 τῇ
1457 1008 1607 1043 Ἐκκλησία
1629 1009 1817 1043 προσήκοντα.
1838 1010 1886 1035 Καὶ

1107 1052 1171 1086 περὶ
1191 1053 1241 1086 μὲν
1254 1054 1427 1087 Σπορίδωνος
1445 1054 1543 1081 ταῦτα.
1556 1055 1683 1090 Ἤκμαζε
1699 1055 1727 1081 δὲ
1741 1056 1887 1090 τηνικαῦτα

1106 1099 1154 1125 καὶ
1175 1099 1307 1131 Νικόλαος
1326 1100 1429 1135 Μύρων
1457 1101 1506 1135 τῆς
1534 1101 1638 1133 Δυκίας
1663 1102 1816 1133 ἐπίσκοπος
1841 1104 1887 1135 ὢν,

1105 1144 1205 1178 ὲπίτης
1222 1144 1375 1180 Σπυρίδωνι
1390 1146 1436 1173 τὸν
1454 1146 1511 1181 βίον
1525 1147 1554 1174 ἐν
1570 1156 1599 1174 τε
1614 1147 1748 1183 ἁπλότητι
1762 1149 1811 1175 καὶ
1825 1158 1887 1183 συμι

1105 1188 1207 1224 παθείᾳ
1231 1191 1278 1216 καὶ
1297 1190 1420 1225 θαύμασι
1435 1192 1610 1227 περιϐόητος,
1633 1194 1680 1220 καὶ
1697 1194 1744 1220 ἐπὶ
1760 1196 1792 1229 τῇ
1811 1195 1886 1229 ἀκρι-

1105 1233 1167 1268 Esi;
1181 1234 1229 1261 τοῦ
1255 1235 1402 1270 δόγματος.
1431 1237 1526 1272 Τούτῳ
1538 1238 1561 1264 δ’
1576 1239 1676 1265 ἐνεῖναι
1702 1240 1785 1275 χάριν
1799 1240 1885 1274 λόγος.

1104 1279 1149 1306 τὸν
1177 1281 1367 1315 προστυχόντα
1402 1282 1448 1308 καὶ
1472 1282 1703 1318 διομιλησάμενον
1733 1285 1767 1311 ὲκ
1790 1286 1885 1321 ψυχῆς,

1105 1325 1217 1360 χάριτός
1254 1334 1329 1358 τινος
1350 1327 1427 1359 θείας
1446 1328 1580 1363 μετέχειν,
1599 1329 1645 1355 καὶ
1676 1329 1765 1364 ῥοπὴν
1794 1331 1886 1364 ἐκείνῳ

1104 1371 1231 1398 ἐντεῦθεν
1247 1373 1442 1407 ἑνσπείρεσθαι
1456 1374 1524 1409 πρὸς
1537 1375 1571 1401 τὰ
1583 1376 1716 1402 κάλλιστα
1731 1377 1787 1403 τῶν
1802 1377 1886 1412 ἔργων

1097 1416 1390 1451 μεταρρυθμίζεσθαι.
1409 1415 1447 1444 Ob
1463 1419 1511 1450 τὰς
1527 1420 1640 1454 πράξεις
1655 1421 1693 1450 ὡς
1716 1422 1782 1448 πᾶσι
1805 1430 1886 1448 κατα-

1103 1460 1201 1493 δήλους
1214 1461 1344 1496 παρίημι.
1368 1462 1482 1498 Ἐπίσης
1495 1464 1600 1496 τούτοις
1616 1465 1664 1491 καὶ
1679 1466 1831 1500 Παρθένιος
1845 1465 1885 1501 ἦν,

271 1507 321 1531 pro
345 1507 376 1526 ea
407 1508 500 1527 rerum
532 1502 625 1537 inopia
654 1509 862 1539 aspernaretur,
884 1506 1049 1536 admonuit:

1106 1507 1169 1539 μιᾶς
1184 1507 1240 1533 τῶν
1270 1507 1299 1533 ἐν
1321 1507 1511 1544 Ἑλλησπόντῳ
1534 1510 1637 1537 πόλεων
1665 1511 1817 1543 ἐπίσκοπος
1841 1511 1887 1542 ὢν,

270 1544 396 1572 divinum
422 1550 495 1573 enim
523 1550 673 1576 oraculum
692 1556 813 1582 exstare,
841 1552 914 1585 quod
942 1553 1052 1580 mundis

269 1591 361 1618 omnia
380 1593 481 1619 munda
496 1601 559 1621 esse
571 1595 703 1623 declaret.
715 1597 798 1624 Multa
812 1605 895 1632 porro
907 1599 959 1626 alia
975 1599 1051 1627 hisce

268 1635 369 1662 similia
394 1637 428 1663 ab
444 1637 491 1664 illo
516 1644 589 1671 acta,
607 1640 763 1668 institutum
781 1647 905 1669 nostrum
931 1651 1052 1672 comme-

269 1688 376 1708 morare
401 1690 454 1709 non
478 1685 622 1717 permittit,
639 1694 699 1720 quae
720 1687 835 1715 Rufinus
850 1689 968 1722 primum
994 1690 1049 1717 Ro-

269 1729 486 1761 ntanocxposuit
501 1736 638 1762 sermone,
650 1732 759 1766 aliaque
773 1738 905 1767 praeterea
922 1735 1041 1769 plurima

267 1770 300 1796 ad
319 1779 375 1797 rem
385 1773 599 1801 ecclesiasticam
610 1777 787 1810 pertinentia.
800 1779 834 1805 Et
850 1780 882 1806 de
895 1778 1048 1815 Spyridone

268 1816 410 1843 hactenus.
430 1817 536 1846 Floruit
551 1820 633 1847 etiam
650 1826 706 1848 tum
721 1823 863 1855 Nicolaus,
880 1826 952 1859 apud
973 1826 1048 1862 Myra

267 1860 356 1896 Lycias
369 1862 525 1897 episcopus,
543 1865 690 1901 Spyridoni
713 1868 904 1901 vita,.morum
941 1860 1047 1906 simpli-

264 1907 359 1940 citate,
389 1914 549 1944 natnraeque
579 1913 772 1941 convenientia
807 1923 857 1950 par
881 1925 888 1942 :
916 1924 967 1944 nec
992 1926 1046 1945 non

264 1953 417 1985 miraculis,
441 1959 469 1981 et
492 1963 620 1985 accurata
644 1964 773 1994 certaque
795 1961 929 1988 doctrinae
953 1963 1047 1990 obser-

264 1997 355 2022 vantia
376 2005 508 2032 perquam
537 2001 664 2029 celebris.
693 2003 775 2039 632
804 2004 875 2032 Huic
900 2014 933 2034 ea
961 2007 1046 2035 fuisse

262 2039 369 2068 dicitur
383 2044 481 2077 gratia.
500 2050 531 2072 ut
549 2047 595 2080 qui
614 2055 678 2075 cum
702 2050 946 2085 complecteretur,
965 2052 1045 2080 fami-

1104 1551 1163 1586 βὶου
1179 1551 1365 1588 λαμπρότητι,
1379 1553 1571 1590 φιλανθρωπίᾳ
1581 1564 1610 1582 τε
1626 1555 1674 1582 καὶ
1688 1557 1803 1591 τέρασιν
1820 1558 1888 1590 ἐξαι-

1103 1597 1172 1629 σίοις
1185 1597 1353 1634 διαπρεπὴς,
1371 1600 1408 1631 ὠς
1424 1601 1472 1626 καὶ
1486 1601 1600 1636 νεκροὺς
1628 1602 1757 1636 ἐγείρειν,
1774 1604 1888 1638 δύναμιν

1101 1643 1169 1676 πρὸς
1181 1643 1249 1670 Θεοῦ
1266 1644 1418 1679 εἰληφέναι,
1435 1646 1571 1681 δαιμόνων
1586 1656 1615 1674 τε
1643 1651 1767 1683 κρατεῖν.
1789 1659 1886 1677 παντο-

1100 1688 1194 1716 δαπῶν
1210 1698 1239 1716 τε
1253 1690 1422 1726 παθημάτων
1439 1693 1530 1726 ἰατρὸν
1546 1693 1660 1728 ᾶμισθόν
1673 1703 1702 1720 τε
1714 1696 1762 1721 καὶ
1778 1696 1887 1730 ’ἐτοιμον

1099 1734 1276 1763 καθεστάναι.
1295 1737 1350 1763 Καὶ
1369 1738 1434 1773 περὶ
1451 1739 1499 1773 μὲν
1515 1739 1618 1766 τούτων
1630 1740 1728 1772 οὕτως.
1750 1741 1807 1768 Καὶ
1820 1743 1889 1769 οὕτω

1100 1779 1195 1814 τὸτῆς
1210 1782 1329 1813 πίστεως
1354 1783 1443 1818 δόγμα
1469 1783 1514 1810 διὰ
1544 1786 1656 1812 πάντων
1686 1789 1874 1822 συνεκροτεῖτι

1100 1825 1190 1852 ἔθνεσί
1205 1835 1235 1853 τε
1248 1829 1295 1854 καὶ
1311 1828 1440 1863 ἐρημίαις
1459 1831 1506 1856 καὶ
1527 1830 1640 1858 πόλεσι·
1658 1833 1707 1858 καὶ
1725 1833 1761 1867 ,ὲν
1786 1835 1822 1869 τῇ
1845 1834 1889 1860 τοῦ

1100 1870 1167 1897 Θεοῦ
1186 1872 1338 1909 Ἐκκλησία
1359 1874 1495 1910 διέλαμπε
1514 1878 1574 1907 ταῖς
1598 1877 1777 1913 καθεκάστην
1794 1880 1887 1906 ἐπιδό-

1101 1926 1177 1944 σεσιν
1192 1918 1232 1949 εἰς
1251 1919 1324 1953 μέγα
1346 1921 1394 1947 καὶ
1409 1921 1532 1957 αἰθέριον
1557 1923 1749 1958 προαγόμενον
1764 1932 1771 1940 ·
1787 1925 1849 1959 ἐγὼ
1861 1926 1887 1952 δὲ

1101 1962 1156 1988 τῶν
1170 1965 1301 1991 τοιούτων
1314 1966 1461 2000 ἀφέμενος,
1482 1968 1595 1995 ἐπὶτῶν
1611 1970 1681 1996 κατὰ
1701 1970 1751 2004 τὴν
1771 1971 1889 2004 Ἐκτιὶη-

1103 2009 1164 2034 σίαν
1185 2010 1349 2044 συμϐάντων
1374 2013 1422 2039 καὶ
1438 2013 1517 2046 αὖθις
1533 2015 1580 2041 τοῦ
1598 2014 1678 2050 λόγου
1699 2015 1766 2051 ῥοῦν
1789 2018 1888 2052 τρέψο-

1104 2064 1166 2090 μαι.

264 2086 416 2123 liariusque
442 2099 535 2118 secum
557 2101 591 2120 ex
614 2095 708 2122 animo
725 2097 945 2131 colloqueretur,
983 2100 1068 2128 divini
1089 2103 1221 2136 quiddam
1255 2104 1320 2131 doni
1341 2105 1475 2139 hauriret,
1503 2114 1729 2143 momentumque
1752 2111 1819 2138 inde
1843 2113 1889 2138 ali-

262 2132 337 2166 quo'd
354 2135 619 2169 reciperet,vitazad
636 2141 738 2174 optima
768 2150 884 2177 quaeque
915 2153 998 2180 opera
1030 2147 1244 2176 conformandae.
1274 2149 1337 2185 Ejus
1363 2152 1486 2179 actiones
1526 2154 1610 2181 veluti
1653 2156 1782 2184 omnibus
1809 2164 1886 2184 notas

265 2181 455 2212 praetermitto.
468 2182 519 2209 Par
534 2183 595 2211 istis
608 2185 690 2212 etiam
706 2185 756 2213 fuit
771 2187 946 2222 Parthenius,
981 2192 1057 2220 urbis
1078 2193 1159 2220 unius
1186 2194 1212 2220 in
1249 2193 1426 2230 Hellesponto
1441 2198 1597 2232 episcopus,
1624 2200 1686 2226 vitae
1722 2201 1886 2235 splendore.

1343 2225 1349 2230 .
1459 2225 1465 2231 .
1537 2225 1545 2232 .
1580 2225 1597 2230 ν,
1675 2225 1679 2226 ν
1723 2225 1886 2235 -r.-.._v...

263 2225 434 2254 humanitate
461 2233 488 2255 et
502 2230 634 2266 prodigiis
650 2231 806 2267 iungentibus
818 2236 918 2269 clarus,
936 2238 1005 2265 adeo
1037 2243 1066 2265 ut
1085 2245 1196 2274 accepta
1221 2249 1236 2267 a
1276 2242 1331 2268 Deo
1358 2247 1503 2277 potestate,
1531 2250 1654 2272 mortuos
1679 2248 1821 2278 excitarit.
1839 2251 1890 2276 (kr-

265 2272 393 2299 monibus
413 2274 564 2349 imperas“,
589 2283 617 2305 et
641 2280 777 2307 variorum
800 2282 960 2310 morborum
992 2289 1102 2312 curator
1135 2287 1270 2320 gratuitus
1285 2295 1317 2314 ac
1347 2294 1490 2324 promptus
1505 2290 1597 2318 fuerit.
1616 2291 1653 2318 Ac
1667 2292 1702 2318 de
1719 2292 1764 2320 his
1795 2294 1890 2322 hacte-

265 2325 324 2344 nus.
349 2318 389 2345 Ad
409 2319 481 2348 hunc
506 2322 612 2349 silicet
640 2326 762 2349 nlndum_
799 2327 927 2349 dnplrina
954 2330 1017 2349 (ιιιρς
1056 2331 1082 2349 ι..
1104 2333 1262 2349 ηηιιηηιι....,
1304 2335 1505 2349 οηιιν--Αι-ιζιι--ι-“
1541 2340 1565 2349 η.
1590 2337 1704 2349 ..-ιιι-η

262 2325 324 2344 nus.
349 2318 389 2345 Ad
409 2319 481 2348 hunc
506 2318 612 2351 séilicet
640 2326 762 2359 modum,
799 2327 927 2356 doctrina
953 2330 1018 2357 ﬁdei
1056 2331 1083 2358 in
1104 2333 1279 2365 nationibus,
1304 2335 1515 2369 solitudinibus.)
1539 2340 1567 2364 et
1590 2337 1706 2365 urbibus
1733 2341 1886 2371 omnibus.

261 2372 359 2399 magno
376 2374 512 2395 consensu
534 2370 706 2405 frequentata
725 2379 790 2400 est:
825 2381 908 2410 atquc.
941 2376 967 2402 in
1005 2377 1120 2405 ecclesia
1147 2379 1194 2406 Dei
1220 2379 1308 2407 indies
1328 2381 1506 2409 incrementis
1529 2383 1586 2410 suis
1601 2384 1698 2417 eluxit,
1732 2385 1760 2412 in
1777 2388 1883 2414 cmlunl

261 2419 346 2446 usque
370 2413 489 2442 Sublata.
508 2415 652 2449 ,Cmterum
676 2419 751 2447 hisce
773 2420 907 2453 dimissis,
932 2422 1085 2450 orationem
1112 2424 1145 2450 ad
1167 2432 1199 2452 ea
1226 2434 1286 2460 quae
1328 2427 1354 2453 in
1385 2428 1505 2454 Ecclesia
1541 2434 1616 2463 gesta
1651 2435 1727 2462 sunt,
1769 2439 1884 2460 rursum

259 2465 431 2486 convertam.

542 2518 655 2548 CAPUT
677 2522 768 2550 XLIII.
1060 2531 1080 2557 D

258 2563 483 2603 Quemadmodum
503 2564 628 2603 Eusebius
643 2571 666 2593 et
688 2568 811 2603 Theognis
823 2570 919 2598 Ariani
931 2593 937 2602 ,
949 2572 1037 2598 libello

292 2601 460 2638 pmnitenlim_
479 2600 602 2638 exhibito,
628 2610 689 2628 sua»
717 2600 861 2638 receperint
891 2600 1039 2634 ecclesias:

291 2641 388 2673 eosque
416 2635 460 2668 qui
487 2635 633 2662 iit-eorum
661 2637 745 2664 locum
775 2635 915 2675 Vsubrogali
951 2648 1039 2675 erant,

294 2675 428 2701 ejecermt.

1379 2532 1504 2559 ΚΕΦᾹΔ.
1529 2533 1596 2560 Ml".

1099 2575 1145 2607 Ὠς
1161 2577 1187 2602 οἱ
1201 2576 1344 2614 ﬂammeo)
1356 2578 1502 2611 Εὐσέϐιος
1513 2580 1561 2605 καὶ
1577 2581 1745 2613 Θεογόνιος,
1756 2583 1887 2614 βιαιω-

1125 2611 1286 2648 ιιετανοίᾳς
1299 2611 1414 2648 δόντες,
1429 2613 1483 2645 τὰς
1496 2614 1573 2646 ἰδίας
1585 2611 1873 2648 ἑκκλησίὰξι-ἁπρλξι

1128 2646 1191 2706 ὕτέν,
1210 2646 1281 2678 τοὺς
1293 2647 1327 2672 ἐν
1344 2648 1448 2680 αὑταῖς
1459 2651 1723 2683 χειροτονηθέντας
1740 2646 1889 2689 Meam—

1129 2689 1145 2706 κ
1169 2688 1226 2712 τες.

291 2720 508 2750 Laudatissimus
529 2724 640 2758 quidem
663 2725 720 2760 ipse
742 2727 894 2762 imperator
926 2739 1036 2759 omnem

256 2769 379 2794 movebat
395 2769 501 2798 funem,
522 2776 549 2795 ut
567 2771 662 2805 religio
681 2778 772 2800 nostra
797 2777 883 2810 magis
899 2784 931 2804 ac
949 2780 1036 2812 magis

255 2818 411 2848 augeretur,
430 2819 456 2840 ct
471 2814 641 2843 incrementa
657 2826 705 2845 sua
722 2826 851 2854 caperet:
871 2824 973 2858 quippe
988 2825 1034 2859 qui

1135 2737 1165 2763 ’0
1184 2738 1233 2770 μὲν
1250 2737 1298 2763 οὖν
1321 2739 1500 2774 πανεύςρημος
1522 2741 1649 2775 βασιλεὺς
1669 2742 1761 2769 πάντα
1790 2747 1888 2773 κάλων

1093 2784 1188 2815 ἐκίνει,
1201 2784 1239 2815 ὡς
1255 2785 1287 2811 ἄν
1301 2794 1333 2818 γε
1349 2786 1382 2812 τὰ
1395 2786 1445 2820 τῆς
1462 2787 1597 2822 ἡμετέρας
1619 2789 1770 2824 θρησκείας
1796 2792 1886 2827 αὔξη-δ

1092 2829 1239 2871 λαμϐάνοξ
1258 2831 1303 2856 καὶ
1324 2831 1363 2861 εἰς
1381 2832 1501 2858 ἐπίδοσιν
1524 2834 1626 2868 ἄγοιτο,
1643 2834 1690 2861 ἅτε
1708 2835 1739 2870 δὴ
1762 2838 1886 2866 ἀποισ-
