1904 3070
48 146 87 179 933

493 136 796 173 ECCLESIASTlC/E
816 140 1010 170 lllSTOltI/E
1030 140 1100 170 LIB.
1123 141 1173 171 tx.

1594 141 1646 172 234

47 212 86 238 μης
107 202 275 233 ἐπίσκοπος,
297 199 405 230 Ἰούλιος
433 198 511 230 οὗτος
538 196 590 234 ἦν,
619 196 826 231 διαδεξάμενος,

878 200 963 223 meret
980 204 987 223 ε
1005 196 1086 223 sicuti
1101 200 1193 228 antea,
1206 203 1267 223 cttm
1285 196 1390 222 invitus
1405 196 1486 222 etiam
1503 196 1645 224 Athanasii

45 248 191 282 Σὶλόεστρον,
205 247 240 281 τῇ
256 245 357 279 συνόδῳ
371 245 570 280 ἐπεχωρίασεν,
583 243 645 270 οὔτε
658 242 692 270 δι’
704 242 812 274 ἑαυτοῦ,

45 293 90 321 οὔτε
103 293 153 328 μὴν
166 292 212 318 διά
225 300 298 322 τινος
312 291 358 317 τδν
371 290 477 318 ἑκείνου
490 290 573 316 τόπον
586 290 733 324 ἐπέχοντος
745 295 752 303 ·
767 288 815 314 καὶ

45 340 109 365 ταῦτα
124 337 237 369 κανόνος
254 337 429 369 θεσπίζοντος
444 333 687 370 ὲκκλησιαστικοῦ,
706 332 744 368 μὴ
759 332 814 359 δεῖν

45 384 96 412 εἶναι
107 385 217 419 γνώμης
233 384 298 410 ἄνευ
313 383 360 409 τοῦ
378 381 523 420 Ῥωμαίων
536 380 689 416 ἡγουμένου
703 379 754 410 τὰς
770 379 816 405 ὲκ-

46 430 137 464 ιλησίας
153 428 304 458 συνοδικῶς
319 426 521 458 κανονιζεοθαι.
541 425 612 452 Ἀλλ’
623 425 684 452 οὐδὲ
697 425 754 451 τῶν
769 424 816 452 ἄλ-

46 476 85 502 λων
98 474 203 501 Ἰταλῶν
217 474 234 508 ἢ
250 473 305 500 τῶν
319 473 447 499 ἐπέκεινα
462 471 608 506 Ῥωμαίων
622 471 710 502 οὐδεὶς
725 471 814 496 ἐκεῖσε

47 520 150 554 συνῆλθε.
170 519 298 553 Πέμπτον
314 517 395 544 τοῦτο
415 515 449 553 ἦν
467 517 521 544 ἀπὺ
537 517 586 550 τῆς
608 515 816 542 Κωνσταντίνου

46 566 151 599 τελευτῆς
167 565 240 596 ἔτος,
255 565 303 590 καὶ
315 563 333 598 ἡ
348 562 459 594 σύνοδος
472 562 519 589 τοῦ
535 561 668 596 βασιλέως
682 562 817 596 παρόντος

47 612 227 647 συνεκροτεῖτο.
246 610 378 646 ᾙτιῶντο
393 609 421 635 δὲ
433 609 458 635 οι
474 609 540 643 περὶ
555 607 686 634 Εὑσέὸιον
704 606 818 634 Ἀθανά-

46 665 99 689 αιον,
115 656 152 687 ὡς
174 656 296 690 θεσμοὺς
315 654 563 689 ἐκκλησιαστικοὺς
582 653 729 689 παραλύοι.
749 653 818 687 Πρὶν

46 702 85 737 γὰρ
105 702 273 736 ἐπιτραπείη
302 700 464 731 συνοδικῶς,
491 699 537 726 τὸν
562 700 658 734 θρόνον
684 698 816 725 ἀνέλαϐε·

47 748 132 778 πολλοῖς
147 747 177 773 δὲ
195 747 244 773 καὶ
261 746 378 773 θάνατον
395 745 562 780 προξενῆσαι
573 765 581 778 ,
601 745 721 774 στάσεως
739 745 767 770 ὲν
785 745 817 779 τῇ

46 794 121 828 εἰσόδῳ
136 792 290 827 γενομένης
306 792 391 818 αὑτοῦ
403 799 411 808 '
427 789 465 818 ὦν
480 792 504 817 ot
522 790 572 825 μὲν
588 790 776 827 ἀνῃρέθησαν,
794 790 818 815 οι

46 839 254 874 δ’ἑζημίωνται,
282 837 426 872 δικαστικῇ
456 836 580 868 ἐξετάσει
607 835 818 871 παραδοθέντες.

47 884 130 919 mea;
146 884 174 910 δὲ
194 883 244 910 καὶ
261 882 346 916 ἄλλης
365 883 424 909 κατ’
446 880 606 908 Ἀθανασὶου
623 879 820 914 ὲξυφανθείσης

46 930 169 964 δισθολῆς,
186 928 300 964 πρῶτον
314 927 364 962 μὲν
379 926 524 959 Εὑσὲὃιον,
540 927 568 958 ὃς
583 925 722 960 ἐπεκλήθη
741 925 821 959 Ἐμε-

47 977 120 1011 σηνδς,
131 977 169 1007 εἰς
183 976 235 1010 τὴν
247 974 423 1009 Ἀλεξάνδρου
434 973 613 1008 ψηφίζονται,
624 972 688 1007 περὶ
701 970 730 997 οὗ
744 970 822 996 ὓστε-

48 1031 82 1056 ρον
96 1022 210 1058 ἐροῦμεν
223 1029 230 1036 ·
249 1020 390 1050 δείσαντος
409 1019 431 1045 δ’
445 1019 551 1046 ἐκείνου
569 1019 619 1053 τὴν
636 1018 675 1049 εἰς
694 1016 820 1048 Ἀλεξάν-

48 1067 124 1102 ἔρειαν
139 1067 248 1101 ἄφιξιν,
267 1066 419 1102 Γρηγόριον
436 1065 613 1100 ἐψηφίσαντο.
634 1061 700 1090 Εἶτα
716 1063 756 1093 εἰς
772 1061 822 1096 τὴν

47 1114 82 1140 τοῦ
95 1114 226 1148 δόγματος
243 1113 360 1147 ζήτησιν
377 1111 500 1141 ἐλθόντες
510 1129 518 1142 ,
534 1110 610 1136 οὐδὲν
625 1107 697 1144 εἶχον
713 1107 823 1143 μέμψα-

47 1159 98 1186 σθαι
110 1159 161 1186 τῶν
176 1160 208 1185 ὲν
222 1158 327 1193 Νικαία
343 1157 522 1192 πραχθέντων
536 1165 543 1171 ·
557 1155 648 1191 χώραν
662 1163 694 1189 γε
712 1155 765 1190 μὴν
779 1154 823 1180 δε-

47 1205 134 1232 δώκασι
154 1204 266 1235 πυκνὰς
289 1204 414 1235 συνόδους
435 1204 537 1234 ποιεῖν,
559 1203 606 1229 καὶ
627 1201 724 1231 ἄλλους
743 1201 823 1235 ὄρους

47 1252 148 1281 πίστεως
160 1250 310 1285 ἀγορεύειν
319 1257 327 1265 ⁸
341 1250 379 1281 ὡς
392 1251 424 1284 τῇ
439 1249 511 1275 κατὰ
532 1249 630 1282 μικρὸν
651 1247 824 1281 ὐπεξαλ).αγῇ

46 1297 125 1330 ἡρέμα
146 1297 186 1327 εις
212 1296 261 1322 τὸν
281 1293 450 1328 ’Δρειανικδν
476 1293 556 1327 βυθὸν
580 1293 724 1326 ἐμπεσεῖν.
745 1291 826 1318 Ἀλλὰ

46 1341 121 1367 ταῦτα
138 1340 186 1375 μὲν
203 1340 280 1370 ὅπως
296 1338 420 1372 ἐγένετο,
437 1336 604 1370 σαφέστερον
621 1336 637 1370 ὴ
655 1335 761 1370 ἱστορίᾳ
776 1335 825 1370 δη-

48 1386 134 1413 λώσει·
158 1386 177 1413 ἃ.
203 1385 226 1412 δ’
240 1385 364 1419 ἔγραψαν
388 1385 444 1414 τοῖς
470 1382 541 1408 κατὰ
565 1381 641 1408 πόλιν
665 1382 827 1411 ἐπισκόποις

49 1428 106 1466 ἦσαν
120 1431 205 1458 ταῦτα
217 1439 225 1446 ·
243 1439 254 1456 I
276 1429 374 1464 Ίὶμεϊς
389 1427 450 1454 οὔτε
466 1427 609 1454 ἀκόλουθοι
624 1426 730 1461 Ἀρείου
747 1425 826 1459 γεγό-

47 1485 140 1512 ναμεν’
165 1477 228 1508 πῶς
252 1477 308 1510 γὰρ
332 1475 476 1502 ἐπίσκοποι
502 1473 579 1504 ὅντες
605 1472 826 1506 ἀκολουθήσομεν

48 1524 231 1558 πρεσὸυτέρῳ;
253 1522 316 1548 οὕτε
335 1521 418 1556 ἀλλην
435 1519 498 1546 τινὰ
517 1519 610 1545 πίστιν
631 1517 708 1552 παρὰ
728 1517 777 1551 τὴν
797 1515 828 1548 ἐξ
841 1533 862 1561 c

49 1569 125 1604 ἀρχῆς
142 1569 305 1596 ἐκτεθείσσν
322 1566 484 1600 ἐδεξάμεθα.
505 1565 586 1591 Ἀλλὰ
604 1564 650 1590 καὶ
668 1563 747 1598 aper;
765 1562 825 1595 ἐξε-

49 1617 135 1642 τασταὶ
147 1617 194 1642 καὶ
208 1614 374 1649 δοκιμασταὶ
383 1614 433 1648 τῆς
447 1612 566 1643 πίστεως
578 1610 662 1638 αὑτοῦ
675 1609 826 1644 γενόμενοι,

50 1662 138 1695 μᾶλλον
158 1661 241 1688 αὑτὸν
263 1658 473 1695 προσηκάμεθα,
495 1657 568 1692 ἥπερ
589 1656 826 1692 ἠκολουθήσαμεν.

50 1708 97 1733 Καὶ
115 1706 252 1740 γνώσεσθε
275 1706 329 1732 ἀπὸ
351 1705 404 1731 τῶν
426 1704 600 1737 λεγομένων·
626 1702 828 1737 μεμαθήκαμεν

50 1755 96 1787 γὰρ
110 1753 136 1785 ἐξ
150 1752 250 1788 ἀρχῆς,
264 1752 304 1783 εἰς
320 1752 368 1778 ἕνα
383 1750 448 1776 Θεὸν
465 1750 512 1776 τὸν
525 1750 579 1776 τῶν
594 1749 663 1775 ὅλων
679 1747 827 1778 πιστεύειν,

50 1800 90 1825 τὸν
104 1800 208 1826 πάντων
226 1797 332 1832 νοητῶν
348 1805 377 1823 τε
395 1797 443 1824 καὶ
460 1795 598 1829 αἰσθητῶν
614 1793 780 1829 δημιουργόν
798 1801 828 1818 τε.

51 1847 92 1872 καὶ
109 1845 262 1880 προνοητήν
276 1851 282 1858 ·
306 1843 354 1869 καὶ
377 1843 416 1874 εις
436 1842 484 1869 ἐνα
507 1842 571 1868 Υίὺν
589 1841 637 1867 τοῦ
660 1839 727 1866 Θεοῦ
753 1846 831 1873 μονο-

51 1892 119 1926 τενῆ,
133 1892 183 1926 πρὸ
200 1891 312 1917 πάντων
327 1889 381 1916 τῶν
398 1889 503 1916 αἰώνων
519 1883 687 1924 ὑπάρχοντα,
704 1888 750 1913 καὶ
767 1894 831 1913 ουν-

52 1937 108 1964 6ντα
125 1937 163 1972 τῷ
187 1936 368 1972 γεγεννηκότι
392 1935 475 1962 αὺτιῦ
499 1935 597 1970 Πατρὶ,
620 1934 654 1960 δι’
676 1931 706 1961 οὗ
727 1934 775 1960 καὶ
797 1934 831 1960 τὰ

54 1984 129 2010 πάντα
140 1984 249 2017 ἐγένετο
262 1982 297 2008 τὰ
307 1981 394 2016 ὁρατὰ
406 1981 452 2008 καὶ
464 1981 567 2016 ἀόρατα
578 1989 585 1996 '
597 1982 643 2008 τὸν
654 1981 698 2006 ἐπ’
707 1980 830 2015 ἐσχάτων

53 2027 100 2054 τῶν
116 2028 224 2062 ἡμερῶν
244 2026 308 2053 κατ’
321 2026 445 2052 εὐδοκίαν
461 2026 508 2052 τοῦ
529 2026 635 2060 Πατρὸς
653 2025 829 2057 κατελθόντα,

54 2075 94 2099 καὶ
118 2075 207 2108 σάρκα
237 2075 270 2100 ὲκ
297 2075 346 2108 τῆς
374 2073 453 2107 ἁγίας
480 2073 618 2108 Παρθένου
645 2072 831 2106 ἀνειληφότα,

55 2122 93 2146 καὶ
107 2122 190 2148 πᾶσαν
205 2121 260 2156 τὴν
277 2120 414 2154 πατρικὴν
429 2118 511 2153 αὑτοῦ
529 2118 626 2153 βουλὴν
641 2117 832 2150 συνεκπεπλη-

56 2166 147 2197 uastata.
160 2174 167 2180 ·
185 2164 355 2191 πεπονθέναι
370 2172 399 2190 τε
416 2164 464 2190 zu‘.
478 2163 627 2197 ὲγηγέρθαι
641 2170 649 2178 ο
666 2163 713 2188 καὶ
731 2163 769 2193 εἰς
787 2162 832 2187 οὺ-

864 242 1084 270 cxauetorationi
1114 241 1285 276 subscripsit.
1300 241 1352 269 Sed
1386 250 1475 276 neque
1506 242 1647 269 Romanus

865 287 1011 322 cpiscopus
1038 287 1145 318 Julius.
1178 287 1309 323 Sylvestri
1338 295 1499 320 successor,
1527 288 1571 315 vel
1600 296 1649 323 per

865 332 986 367 seipsum
998 353 1006 365 ,
1025 332 1067 360 vel
1086 341 1134 367 per
1148 333 1305 367 quempiam
1319 333 1365 367 qui
1386 334 1477 361 locum
1495 334 1555 369 ejus
1578 335 1649 361 obti-

865 382 954 408 neret.
971 378 1084 413 synodo—
1098 378 1122 405 ei
1139 378 1285 406 interfuit:
1302 386 1364 406 eum
1385 380 1496 414 quidem
1519 379 1650 407 ecclesia-
1679 375 1691 410 ἐ

866 423 935 451 stico
949 431 1054 451 canone
1076 425 1211 451 sancitum
1230 425 1283 457 sit,
1303 433 1357 451 non
1373 430 1501 460 oportere
1516 426 1650 453 ecclesias

866 469 935 497 citra
950 469 1067 496 Romani
1079 469 1201 504 episcopi
1218 471 1383 497 sententiam
1401 471 1428 497 in
1443 471 1556 506 synodis
1570 472 1651 505 quid-

867 521 948 549 quam
963 518 1095 542 statuere.
1112 514 1151 541 Ex
1164 514 1241 542 italia
1257 509 1372 550 quoque.
1382 516 1440 549 ipsa
1455 521 1483 543 et
1499 517 1651 550 provinciis

867 558 1048 586 ulterioribus
1065 566 1146 586 nemo
1164 559 1305 587 Romanus
1316 567 1349 587 eo
1361 559 1446 586 venit.
1460 560 1578 593 Quintus
1593 565 1650 587 tum

868 612 883 632 a
902 604 1078 632 Constantini
1096 605 1174 632 obitu
1190 612 1280 633 annus
1297 611 1368 638 erat,
1385 610 1412 633 et
1429 607 1549 641 synodus
1566 606 1653 640 impe—

869 653 960 676 ratore
975 653 1112 682 praesente
1133 649 1277 684 agebatur.
1300 650 1448 677 Eusebiani
1471 651 1652 678 Athanasium

869 698 1049 727 accusarunt,
1064 694 1136 729 quod
1164 695 1321 722 sanctiones
1343 696 1545 723 ecclesiasticas
1564 703 1653 724 trans-

869 747 981 774 gressus
1005 746 1091 773 esset,
1114 741 1191 776 prius
1210 741 1317 769 scilicet
1340 742 1468 769 thronum
1491 751 1553 770 eutn
1580 752 1656 770 rece‘

871 786 957 820 pisse,
978 794 1060 821 quam
1076 786 1101 813 ei
1122 794 1137 813 a
1156 787 1282 822 synodali
1304 789 1496 822 episcoporum
1518 795 1655 816 conventu

871 831 898 858 id
915 832 1078 866 permissum
1094 837 1185 865 esset,
1202 838 1402 860 asseverantes.
1422 834 1456 860 Et
1471 833 1543 868 quod
1564 835 1657 862 multis

872 882 1007 912 praeterea
1025 878 1122 905 mortis
1139 886 1220 905 causa
1236 878 1401 911 exstitisset,
1420 880 1556 907 seditione
1572 880 1598 906 in
1617 881 1658 907 itt-

871 925 969 958 g‘ressu
985 924 1045 959 ejus
1058 929 1170 951 coorta:
1186 924 1212 951 itt
1228 932 1280 959 qua
1296 925 1421 952 nonnulli
1438 926 1511 958 caesi,
1529 927 1656 953 nonnulli

869 970 992 1005 judicum
1011 970 1156 1006 qumstioui
1172 971 1277 1002 traditi.
1293 972 1409 1005 pecunia
1428 973 1535 999 multati
1552 978 1658 1000 essent.

874 1016 965 1043 Multis
980 1016 1092 1050 insuper
1101 1017 1163 1043 aliis
1176 1017 1321 1043 calumniis
1335 1017 1362 1044 in
1373 1018 1552 1045 Athanasium
1567 1019 1658 1050 textis,

876 1062 997 1096 primum
1021 1062 1180 1093 Eusebium,
1206 1063 1253 1097 qui
1278 1062 1427 1091 Emesenus
1450 1065 1660 1099 cognominatus

875 1112 933 1140 est,
959 1107 1130 1135 Alexandria:
1154 1109 1305 1136 antistitem
1327 1109 1521 1145 designarttnt,
1548 1110 1582 1137 de
1604 1119 1659 1145 quo

876 1160 970 1188 postea
993 1155 1127 1182 dicemus.
1152 1155 1191 1182 Eo
1212 1163 1277 1183 vero
1297 1157 1488 1183 Alexandriam
1507 1157 1583 1184 adire
1603 1166 1660 1184 tuc—

879 1204 984 1232 tuente,
1000 1200 1162 1234 Gregorium
1178 1201 1314 1236 suffragiis
1332 1203 1388 1230 suis
1403 1203 1538 1237 delegere.
1557 1204 1660 1231 Deinde

877 1247 1029 1281 qua‘stione
1055 1246 1089 1273 de
1113 1247 1240 1274 doctrina
1265 1253 1360 1281 mota,
1378 1249 1447 1275 nihil
1476 1250 1513 1276 illi
1538 1250 1660 1284 quidem,

879 1292 954 1326 quod
972 1293 997 1319 in
1021 1293 1138 1319 Nicwnis
1153 1294 1222 1320 actis
1240 1295 1494 1328 reprehenderent,
1521 1296 1660 1323 habuere:

877 1338 1112 1372 opportunitatem
1141 1343 1231 1366 tamen
1252 1339 1364 1366 crebras
1390 1340 1509 1374 synodos
1534 1342 1662 1376 cogendi,

881 1384 1004 1418 aliasque
1021 1383 1085 1410 ﬁdei
1102 1383 1235 1411 formulas
1249 1385 1440 1420 promulgandi
1462 1386 1614 1420 przebucre.
1633 1391 1664 1414 ut

880 1429 934 1455 alia
956 1434 1038 1464 atque
1061 1429 1114 1456 alia
1134 1429 1251 1456 subinde
1272 1431 1424 1459 tnutatione
1447 1432 1615 1467 pedetentim
1635 1434 1662 1462 in

879 1475 1014 1510 gurgitem
1039 1475 1204 1503 Arianoruut
1228 1477 1352 1504 homines
1368 1478 1574 1506 delaberentur.
1601 1481 1664 1508 litae

880 1520 1111 1556 quemadmodum
1127 1522 1323 1555 processerint,
1339 1524 1461 1556 apertius
1477 1523 1591 1552 historia
1607 1525 1664 1559 ipsa

879 1567 1022 1595 indicabit.
1042 1567 1108 1600 Quae
1123 1572 1213 1593 autent
1230 1568 1261 1594 ad
1281 1568 1389 1595 ttrbium
1406 1570 1549 1605 episcopos
1564 1572 1666 1605 passim

878 1614 1026 1648 scripsere,
1042 1613 1100 1641 [nec
1117 1613 1194 1640 fuere
1208 1622 1215 1641 :
1236 1623 1245 1639 t
1264 1613 1321 1641 Nos
1338 1623 1426 1649 neque
1441 1616 1498 1643 Arii
1516 1623 1669 1646 sectatores

880 1660 983 1687 fuimus
1007 1659 1169 1695 (quomodo
1212 1660 1285 1687 enim
1325 1661 1446 1697 episcopi
1475 1663 1666 1700 presbyterum

880 1707 1145 1740 consectaremur?),
1172 1715 1259 1741 neque
1280 1707 1360 1734 aliam
1387 1709 1543 1743 quampiam
1574 1710 1667 1743 fidem,

881 1758 1061 1787 praeterquam
1077 1761 1139 1787 qua:
1153 1753 1186 1780 ab
1202 1753 1282 1780 initio
1296 1754 1466 1789 promulgata
1483 1760 1536 1788 est,
1554 1758 1666 1791 recepi-

881 1807 952 1826 mus.
975 1797 1028 1826 Sed
1051 1806 1166 1826 excussa
1188 1799 1385 1835 explorataque
1410 1801 1469 1835 ejus
1497 1802 1565 1834 fide,
1590 1803 1668 1830 illttnt

882 1847 973 1880 potius
993 1845 1164 1880 recepimus,
1189 1853 1272 1880 quam
1293 1846 1382 1873 secuti
1406 1854 1512 1874 sumus.
1541 1847 1569 1874 Id
1595 1850 1669 1882 quod

881 1899 913 1918 ex
931 1891 1024 1918 verbis
1041 1890 1143 1917 nostris
1166 1892 1351 1925 cognoscetis.
1377 1891 1528 1919 Didicimus
1551 1901 1670 1927 namque

881 1936 916 1963 ah
933 1936 1028 1968 initio,
1051 1935 1167 1962 credere
1194 1936 1221 1962 in
1249 1943 1335 1962 unum
1361 1944 1452 1963 rerum
1477 1936 1668 1964 universarum

883 1981 979 2014 Deum,
993 1981 1116 2008 otnnium
1130 1981 1344 2015 intelligibilium
1360 1981 1440 2008 simul
1453 1986 1478 2009 el
1495 1983 1668 2010 sensibilium:

882 2027 1054 2054 conditorem
1069 2031 1097 2053 et
1113 2026 1292 2062 provisorem.
1309 2027 1392 2062 630
1411 2027 1445 2054 Et
1470 2028 1497 2055 in
1521 2036 1605 2056 unum
1627 2030 1673 2056 Fi-

882 2071 950 2098 littm
980 2071 1027 2098 Dei
1058 2071 1249 2106 unigenitum,
1282 2073 1329 2107 qui
1358 2078 1422 2100 aute
1450 2074 1542 2101 omnia
1571 2075 1671 2101 saecula

882 2123 987 2150 exstat,
1005 2122 1033 2144 et
1051 2117 1133 2144 simul
1155 2118 1261 2145 exsistit
1276 2126 1338 2145 cutn
1362 2125 1396 2146 eo
1419 2119 1465 2154 qui
1489 2127 1553 2147 eum
1578 2121 1673 2154 genuit

884 2163 963 2190 Patre
977 2172 983 2190 :
1003 2171 1052 2197 per
1069 2171 1150 2197 quem
1167 2164 1258 2191 omnia
1275 2163 1345 2191 facta
1362 2170 1438 2196 sunt,
1459 2165 1579 2192 visibilia
1595 2166 1672 2201 juxta

57 2213 138 2244 prmia;
154 2210 373 2245 ἀνεληλυθέναι·
391 2209 437 2235 καὶ
455 2210 484 2235 ὲν
500 2208 574 2243 δεξιᾷ
591 2208 637 2235 τοῦ
655 2207 764 2243 Πατρὸς
781 2216 826 2234 κω

887 2214 913 2236 et
931 2209 1088 2236 invisibilia.
1106 2209 1158 2242 Qui
1183 2210 1316 2236 extremis
1330 2209 1430 2237 diebus
1451 2210 1528 2244 juxta
1543 2211 1674 2246 bencpla-

57 2257 166 2289 ἐνέξεσθαι
176 2266 183 2272 ⁸
198 2258 250 2284 καὶ
264 2257 409 2291 ἐρχόμενον
421 2256 514 2289 κρῖναι
527 2254 632 2286 ζῶντας
644 2253 690 2280 καὶ
701 2253 815 2288 νεκρούς
824 2261 832 2269 ·

57 2305 92 2329 καὶ
108 2304 276 2339 διαμέτοντα
297 2300 407 2336 βασιλέα
428 2301 475 2328 καὶ
495 2301 561 2327 Θεὸν
581 2301 620 2331 είς
640 2300 703 2331 τοὺς
723 2300 833 2330 αἰῶνας.

58 2350 210 2384 litare-.3011.“
226 2349 277 2374 καὶ
293 2348 331 2377 είς
340 2348 369 2373 τὸ
385 2347 460 2382 ἆγιον
477 2347 599 2381 Πνεῦμα.
613 2347 644 2372 Εἰ
655 2346 683 2372 δὲ
693 2346 734 2372 δεῖ
749 2353 835 2381 προσ-

56 2394 145 2428 θεῖναι,
172 2394 345 2428 πιστεύομεν
370 2395 416 2420 καὶ
442 2394 506 2428 περὶ
532 2392 634 2428 σαρκὸς
659 2392 835 2422 ἀναστάσεως

55 2442 91 2466 καὶ
105 2442 176 2476 ζωῆς
193 2439 323 2468 αἰωνίου.
342 2448 352 2465 ι
369 2438 462 2466 Ταῦτα
479 2439 588 2474 πρῶτον
605 2438 761 2473 γράψαντες
780 2438 836 2467 τοῖς

54 2487 203 2518 insitor-.01;
221 2486 405 2517 ἀπέστειλαν,
422 2485 703 2521 παρασιωπήσαντες,
723 2485 837 2517 πότερον

54 2535 175 2566 συναῖδιός
191 2537 271 2561 ἐστιν
285 2533 300 2568 ἥ
313 2533 456 2568 atmodum;
468 2532 505 2567 τῷ
522 2533 609 2568 Πατρὶ
618 2552 625 2564 ,
639 2532 656 2566 ἣ
669 2531 836 2558 τούναντίον·

89 2579 109 2605 ὀ’
124 2580 266 2615 ’Δντιὸχου
279 2578 467 2613 ἐπιμείναντες
479 2577 573 2613 ὥσπερ
582 2579 632 2611 τῆς
645 2577 779 2611 προτέρας
791 2584 840 2602 κα-

54 2627 211 2658 τεγνωκότες
234 2624 391 2655 ἐκθέσεως,
410 2624 506 2659 ἑτέραν
524 2623 616 2650 πίστιν
635 2622 839 2657 ὑπαγορεύουσι

53 2672 115 2698 κατὰ
131 2673 223 2699 πάντα
241 2674 276 2706 τῃ
295 2671 324 2696 ὲν
340 2669 445 2705 Νικαῐᾳ
465 2669 632 2705 συνᾴδουσαν
645 2676 652 2684 ⁸
671 2670 722 2695 οὐκ
738 2665 796 2695 οἴδα
815 2669 840 2694 ει

54 2718 86 2752 μὴ
100 2718 190 2744 ἑννοιᾶ
206 2726 249 2748 τις
267 2716 378 2750 ἀφανῶς
396 2715 518 2749 ἔγκειται
533 2716 589 2746 τοῖς
607 2715 710 2749 ῥητοῖς.
728 2715 796 2749 Περὶ
811 2715 840 2741 δὲ

53 2764 77 2788 τὶν
89 2764 162 2795 τέλος
179 2764 227 2790 καὶ
244 2761 334 2788 ταῦτὰ
349 2769 416 2795 φασι
427 2769 433 2774 ·
453 2769 463 2786 ι
481 2760 591 2795 Ταύτην
605 2758 651 2786 οὖν
667 2760 777 2794 ἔχοντες
792 2759 841 2794 τὴν

53 2808 135 2835 τιέστιν
157 2809 278 2835 ὲνώπιον
301 2806 347 2833 τοῦ
369 2806 438 2832 Θεοῦ
460 2807 508 2833 καὶ
527 2806 575 2832 τοῦ
596 2805 729 2841 Χριστοῦ,
750 2806 840 2832 πᾶσαν

54 2853 186 2892 αἱρετικην
209 2851 453 2887 ἁναθεματῖζομεν
474 2851 635 2884 κακοδοξίαν
650 2859 657 2866 ·
682 2851 730 2878 καὶ
754 2852 779 2878 εἴ
799 2860 839 2884 τις

163 2907 307 2937 Famae.
327 2903 386 2933 (in.
418 2901 526 2933 CXLVI

887 2255 973 2282 citutn
1005 2254 1096 2282 Patris
1121 2255 1284 2288 descendit,
1310 2261 1338 2283 et
1366 2264 1476 2284 carnem
1502 2265 1535 2284 ex
1564 2258 1673 2292 Virgine

887 2306 982 2327 sancta
998 2301 1119 2335 recepit,
1136 2305 1164 2328 et
1181 2309 1291 2328 omnem
1310 2308 1452 2336 paternam
1468 2303 1526 2336 ejus
1543 2302 1673 2329 volunta-

889 2351 942 2373 tem
961 2346 1042 2373 simul
1064 2346 1195 2380 explevit.
1213 2347 1264 2379 Qui
1284 2352 1312 2374 et
1329 2355 1426 2381 passus
1444 2352 1496 2379 est,
1513 2352 1539 2374 et
1556 2350 1673 2376 resusci-

888 2397 962 2420 tatus
976 2401 982 2420 :
999 2397 1027 2420 et
1043 2400 1168 2420 reversus
1183 2393 1209 2419 in
1224 2393 1319 2427 cmlos,
1337 2393 1414 2420 sedet
1426 2394 1453 2420 in
1466 2393 1561 2420 dextra
1574 2393 1673 2421 Patris.

888 2437 939 2470 Qui
953 2443 1088 2466 venturus
1102 2439 1190 2465 estad
1204 2439 1381 2473 judicandum
1402 2440 1480 2466 vivos
1496 2445 1523 2466 et
1539 2444 1673 2471 mortuos,

891 2490 919 2511 et
942 2492 1088 2512 mansurus
1114 2493 1159 2512 rex
1182 2489 1210 2512 ct
1235 2485 1307 2512 Deus
1333 2486 1360 2512 in
1396 2486 1507 2512 saecula.
1530 2484 1677 2513 Credimus

890 2531 972 2558 etiam
987 2532 1013 2557 in
1026 2531 1159 2566 Spiritum
1173 2536 1310 2558 sanetum.
1324 2531 1352 2558 Si
1365 2539 1430 2558 vero
1441 2531 1542 2558 addere
1556 2536 1675 2566 oportet,

889 2576 1028 2604 credimus
1044 2584 1154 2611 quoque
1169 2577 1203 2604 de
1228 2577 1319 2604 carnis
1339 2577 1539 2604 resurrectione
1550 2597 1557 2608 ,
1579 2583 1607 2604 et
1621 2578 1675 2604 vita

890 2626 1003 2650 mterna.
1024 2632 1032 2647 ι
1057 2623 1119 2650 Haec
1133 2624 1253 2658 pritnum
1270 2623 1371 2657 scripta
1386 2623 1419 2650 ad
1435 2623 1580 2659 episcopos
1598 2624 1680 2651 mise-

892 2672 972 2700 runt,
991 2668 1118 2700 silentio,
1144 2674 1236 2695 utrum
1255 2673 1412 2696 coaeternus
1427 2670 1473 2702 sit,
1494 2675 1541 2697 aut
1558 2673 1680 2697 consuti-

892 2715 1030 2742 stantialis
1054 2715 1127 2741 Patri
1150 2713 1253 2748 Filius,
1275 2723 1309 2741 an
1332 2720 1446 2749 contra,
1472 2721 1679 2751 praetereuntes.

893 2760 981 2787 Porro
1004 2760 1156 2787 Antiochia:
1177 2761 1294 2793 morati,
1320 2761 1434 2790 perinde
1455 2768 1537 2797 atque
1561 2762 1682 2797 priorem

893 2807 1041 2834 formulam
1069 2806 1264 2839 damnassent,
1291 2807 1490 2842 professionem
1512 2809 1592 2836 aliam
1619 2807 1683 2834 li.lel

893 2853 1023 2887 edidere,
1048 2853 1075 2880 in
1100 2853 1231 2882 omnibus
1254 2854 1368 2882 Nicena:
1391 2863 1560 2883 consonam:
1585 2863 1679 2882 rest-tn

1457 2905 1477 2932 8
