1904 3070
235 171 287 202 239

843 168 1053 200 NlCEPllORl
1075 167 1248 198 CALLISTI

1809 167 1861 199 $40

235 230 324 262 Atque
339 227 459 260 interea,
479 226 553 262 quod
575 233 673 254 omnes
687 233 740 253 una
757 231 837 262 porta
853 226 1018 262 egrederen-

1087 227 1110 257 ἳς
1129 225 1240 260 Ῥώμην
1257 223 1398 259 ἀνέτρεχε.
1414 223 1564 259 Γρηγόριος
1581 223 1615 255 δ’,
1633 224 1756 250 ἐκποδὼν
1789 225 1862 252 ὲκεί-

236 279 292 305 tur,
308 273 472 301 Athanasius
486 273 513 300 in
528 273 617 301 media
634 274 755 308 psalmos
768 273 923 300 canentium
940 272 1021 299 turba

238 324 338 349 tectus,
357 318 503 345 incolumis
518 317 626 348 evadit,
651 322 733 351 atque
756 317 870 344 Romam
891 315 1020 343 recurrit.

238 364 389 399 Gregorius
406 371 499 398 porro,
515 363 561 390 illo
575 362 757 397 profugiente.
771 362 899 389 thronum
915 362 1019 396 recipit.

238 412 354 445 Propter
383 409 457 444 quod
485 409 585 435 factrum
617 408 764 435 multitudo
796 407 866 434 male
891 408 1020 438 animata,

237 456 381 484 ecclesiam
405 463 466 490 quze
488 454 559 489 apud
583 453 656 489 ipsos
679 453 730 481 sub
755 453 874 488 Dionysii
901 451 1021 487 episcopi

239 503 348 529 nomine
368 506 438 534 erat,
456 501 511 535 igni
530 500 692 527 combussit.
715 499 852 526 Eusebius
867 506 929 526 cum
953 498 1021 530 suis,

238 556 270 574 ca
297 556 326 574 re
353 547 386 574 ad
412 547 580 574 voluntatem
608 553 684 572 suam
712 549 841 580 peracta,
869 551 1022 579 magnoque

239 595 333 622 studio
356 594 494 628 episcopis
515 593 541 620 in
565 592 676 620 Oriente
693 592 838 619 catholicis
855 591 980 627 rejectis,
995 596 1023 620 et

238 641 300 668 aliis
326 640 373 674 qui
402 640 497 666 cadent
529 646 621 665 secum
649 637 801 669 sentirent,
826 637 1023 671 insignioribus

239 686 363 716 sedibus,
374 684 558 716 Alexandrizc,
573 682 727 710 Antiochia:
746 682 779 709 ad
795 683 937 714 Orontem,
951 689 1024 717 pra:-

239 731 329 763 l'ectis,
343 735 370 756 et
385 732 412 756 in
430 730 487 764 ipsa
503 729 536 755 ad
554 729 760 762 Hellespontum
779 728 932 763 imperante
955 727 1023 755 urbe

239 784 287 810 per
302 777 423 810 scipsum
446 775 511 802 sede
534 779 665 809 occupata
679 793 686 805 ,
709 773 856 800 admodum
873 773 1024 807 morigeros

239 822 360 848 omnium
384 828 480 847 eorutn
498 820 623 847 locorqu
645 819 743 847 habuit
761 820 914 854 episcopos.
935 818 1024 846 Julius

239 870 331 893 autem
345 866 486 892 Romanus
500 864 632 899 pontifex,
650 868 678 892 et
693 864 779 891 totius
793 863 950 891 Occidentis
966 863 1025 898 epi-

239 911 314 945 scopi
327 930 335 943 ,
356 914 513 937 constantes
533 909 649 936 Nicaeum
670 908 766 943 synodi
788 908 982 943 suifragatores
997 912 1026 935 et
1041 899 1062 927 Β

240 956 417 989 laudatores,
445 956 528 983 rebus
552 963 613 990 qua:
639 955 666 981 in
690 954 802 982 Oriente
826 959 926 988 praeter
947 961 1023 989 spem

239 1002 414 1034 acciderent,
437 1001 559 1036 graviter
579 1000 778 1035 aﬂligebantur.
799 999 891 1034 lpsunt
912 1006 1024 1034 quoque

239 1048 419 1076 Athanasium
442 1048 475 1074 ad
494 1055 522 1075 se
538 1048 694 1074 venientem
711 1047 877 1082 perbenigne
896 1053 1026 1079 suscepe-

239 1101 323 1122 runt:
345 1100 374 1122 et
391 1094 479 1121 \irum
504 1098 624 1126 tantum,
648 1093 800 1128 eademque
820 1101 882 1121 cum
903 1094 943 1120 eis
958 1100 1023 1120 sen-

241 1142 364 1173 tientem,
389 1140 493 1167 honore
516 1144 582 1167 sunt
602 1139 756 1174 prosecuti,
779 1146 946 1173 causamque
962 1139 1022 1174 ejus

238 1187 272 1214 ad
287 1186 420 1221 judicium
441 1186 684 1220 cognitionemque
704 1193 782 1212 suam
806 1185 1022 1212 transferendam

238 1233 388 1264 duxerunt,
403 1237 431 1259 ct
447 1231 558 1266 scriptis
573 1239 632 1258 eam
650 1231 685 1258 ob
700 1239 756 1258 rem
773 1231 873 1257 litteris
888 1230 1021 1265 synodum

1073 280 1118 297 vou
1133 269 1332 306 γεγενημένου,
1347 269 1393 295 τὸν
1408 269 1503 303 θρόνον
1519 270 1667 303 ἐλάμϐανε.
1683 270 1818 302 Χαλεπῶς
1836 272 1862 298 δὲ

1072 318 1103 344 τὺ
1119 316 1220 351 πλῆθος
1233 317 1289 346 τοῖς
1304 315 1461 350 γενομένοις
1477 316 1610 349 διατεοὲν,
1626 316 1677 351 τὴν
1692 317 1756 352 παρ’
1770 318 1862 349 αὐτοῖς

1073 361 1212 387 Διονυσίου
1229 361 1276 387 τοῦ
1290 361 1442 387 ἐπισκόπου
1459 361 1609 395 ἐκκλησίαν
1624 363 1691 395 πυρὶ
1707 363 1863 395 παραδέξω-

1073 415 1133 432 κεν.
1151 406 1229 433 Οὕτω
1247 406 1270 432 δ’
1281 406 1332 433 ὅσα
1351 404 1385 441 ἦν
1402 407 1470 441 πρὸς
1491 407 1590 442 βουλῆς
1611 407 1737 442 Εὑσεὸίῳ
1757 416 1864 442 κατειρ-

1073 451 1230 486 γασμένων,
1244 451 1345 486 σπουδῇ
1359 460 1387 477 τε
1401 451 1455 478 τῶν
1469 452 1520 478 ἀνὰ
1531 452 1580 487 τὴν
1592 452 1630 478 ἒιυ
1642 453 1802 478 ὲπισκὸπων
1818 462 1864 479 κα-

1074 497 1249 533 θῃρημένων,
1264 497 1355 528 αὐτοῖς
1369 497 1392 523 δ’
1402 498 1564 532 ὁμοφρόνων
1578 500 1634 530 τοῖς
1648 500 1797 533 ἐπισήμοις
1813 499 1864 524 τῶν

1075 544 1179 579 θρόνων
1199 543 1454 570 ἀντικαταστάντων
1475 544 1521 570 ἑτιί
1541 553 1571 570 τε
1591 545 1797 579 Ἀλεξανδρείας
1820 546 1864 570 καὶ

1073 584 1124 623 τῆς
1136 589 1201 624 παρ’
1216 589 1344 623 Ὀρόντην
1361 590 1527 624 ’Δντιοχείας
1538 611 1546 623 ,
1558 591 1605 616 καὶ
1617 591 1666 624 τῆς
1679 591 1729 616 δινὰ
1741 591 1789 616 τὸν
1805 591 1865 617 Ἐλ-

1073 633 1224 668 λήσποντον
1239 633 1384 668 βασιλίδος,
1399 633 1428 660 εὖ
1445 633 1518 668 μάλα
1532 634 1714 668 πειθομένους
1727 632 1803 668 εἶχον
1817 637 1863 660 καῖ

1075 679 1138 709 τοὺς
1154 677 1206 704 ἀνὰ
1222 677 1279 704 τόδε
1296 677 1407 712 σύμπαν
1423 677 1544 712 ὑπήκοον
1557 679 1734 710 ἐπισκόπους.
1754 680 1865 710 Ἰούλιος

1075 724 1098 751 δ’
1109 725 1122 751 6
1136 724 1187 759 τῆς
1204 723 1313 759 Ῥώμης
1328 725 1491 756 ἐπίσκοπος,
1509 723 1556 750 καὶ
1571 725 1595 750 οἱ
1612 724 1664 751 ἀνὰ
1679 725 1729 760 τὴν
1745 725 1866 760 ἑσπέραν

1075 770 1186 797 ἃπασαν
1209 770 1303 804 ἱερεῖς,
1323 769 1453 802 καθάπαξ
1476 771 1616 797 ἐπαινέται
1638 770 1688 805 τῆς
1711 772 1740 796 ἐν
1763 771 1867 805 Νικαιᾳ

1077 814 1185 841 συνόδου
1201 816 1394 850 γεγενημένοι,
1410 815 1641 850 ὑϐριοπαθοῦντες
1657 814 1727 851 ἦσαν
1741 817 1801 848 τοῖς
1816 818 1867 844 ἀνᾶ

1075 861 1124 897 τὴν
1135 861 1173 888 ξω
1185 862 1250 897 παρ’
1261 861 1356 888 ἐλπίδα
1368 862 1515 897 σνμδᾶσιν.
1531 862 1639 896 Ἀμέλει
1651 871 1691 889 τοι
1704 863 1750 889 καὶ
1763 863 1867 898 ἥκοντι

1076 908 1146 943 πρὸς
1161 908 1261 940 αὐτοὺς
1279 908 1441 935 Ἀθανάσιον
1457 908 1584 942 ἀσμένως
1600 908 1743 941 ἐδέξαντο,
1762 910 1811 935 καὶ
1827 917 1866 934 τι·

1078 953 1131 988 μῆς
1147 953 1240 988 ἠξίουν
1257 953 1377 980 τοιοῦτόν
1393 962 1425 987 γε
1442 953 1506 980 δντα
1516 974 1525 986 ,
1541 954 1586 980 καὶ
1603 954 1744 989 ὁμόφρονα
1760 955 1868 985 τούτοις

1076 1000 1264 1034 καθεστηκότα
1279 1008 1287 1016 ’
1311 1001 1359 1026 καὶ
1383 1000 1432 1034 τὴν
1457 1000 1520 1027 κατ’
1539 1000 1697 1027 ’Δθανάσιον
1722 1000 1801 1035 δίκην
1826 1001 1869 1026 ἐπ’

1077 1046 1168 1078 αὐτοῖς
1189 1045 1315 1078 γενέσθαι
1336 1045 1537 1080 διῳκονόμουν·
1555 1046 1602 1072 καὶ
1623 1046 1777 1080 γράφοντες
1798 1046 1868 1080 πρὶς

1076 1092 1189 1124 ἑαυτοὺς
1202 1093 1251 1127 τὴν
1266 1092 1374 1119 σύνοδον
1396 1092 1617 1128 μετεστέλλοντο.
1639 1092 1822 1119 Χαλεπαίνων
1840 1093 1869 1118 δὲ

1074 1137 1181 1168 τούτοις
1195 1137 1335 1169 Εὑσέὸιος,
1347 1137 1556 1172 διεπρεσϐεύετο
1571 1138 1640 1173 πρὸς
1653 1138 1776 1170 Ἰούλιον,
1791 1139 1869 1172 αὐτῴ

1075 1183 1156 1218 δῆθεν
1171 1184 1328 1219 ἐπιτρέπων
1343 1184 1394 1219 τὴν
1410 1184 1504 1219 κρίσιν
1520 1184 1575 1211 τῶν
1589 1185 1618 1211 ὲν
1636 1184 1718 1220 Τύρῳ
1731 1184 1870 1218 δοξάντων

1076 1231 1148 1257 κατὰ
1165 1229 1334 1257 Ἀθανασίου.

237 1280 271 1307 ad
288 1287 316 1307 se
331 1284 493 1306 et'ocarunt.
517 1278 622 1311 Quibus
644 1278 745 1305 litteris
778 1277 913 1305 Eusebius
948 1277 1143 1310 exacerbatus,
1164 1277 1254 1304 missis
1267 1277 1301 1304 ad
1332 1276 1437 1305 Julitlm
1452 1276 1563 1312 legatis,
1578 1276 1716 1312 judicium
1732 1277 1759 1304 ei
1774 1285 1868 1305 rerum

232 1328 264 1354 in
283 1326 363 1361 Tyria
379 1326 482 1362 synodo
500 1326 631 1353 adversus
645 1325 824 1353 Athanasium
840 1325 1014 1352 decreturum
1035 1325 1171 1360 permisit.

536 1397 648 1424 CAPUT
666 1397 721 1423 Vil.

238 1444 271 1471 Ut
286 1447 342 1476 post
371 1443 509 1469 Eusebium
529 1442 628 1468 Paulus
652 1450 758 1468 rursum
779 1442 866 1468 sedem
882 1442 1020 1475 receperit,

272 1480 366 1505 Ariani
383 1483 471 1504 mitem
494 1477 676 1503 illucedouium
705 1480 794 1502 τυηίνιι
810 1485 867 1502 eum
888 1477 1020 1511 foverint:

272 1518 296 1539 et
321 1513 353 1538 de
369 1512 438 1539 ccede
454 1512 624 1546 Hermogenis
638 1512 730 1538 ducis:
746 1514 769 1537 ct
783 1515 810 1537 ιιι
823 1512 906 1538 denuo
922 1510 1022 1538 Paulus

272 1549 305 1574 sit
316 1548 423 1582 ejectua.

272 1634 434 1669 Priusquam
455 1638 544 1661 autem
563 1642 724 1669 responsum
752 1635 837 1662 Roma
861 1635 1022 1669 accepisset,

237 1680 374 1708 Eusebius
386 1680 458 1707 diem
477 1687 556 1707 suum
572 1680 660 1712 obiit,
679 1689 734 1708 non
749 1681 795 1708 diu
815 1689 829 1708 a
848 1682 951 1717 synodo
965 1683 1023 1709 An-

239 1726 366 1753 tiochena
384 1730 534 1760 superstes.
550 1726 636 1752 Porro
649 1725 739 1753 bellua
756 1734 787 1753 ea
810 1727 928 1759 sublata,
950 1727 1024 1754 Con-

239 1771 418 1806 stantittopoli
436 1776 525 1799 ccetus
545 1772 652 1806 piorum
678 1771 769 1798 studio
786 1776 813 1800 et
836 1772 946 1803 ardore.
969 1781 1024 1808 quo

237 1827 303 1854 erga
314 1818 422 1845 Nicazna
436 1818 546 1845 decreta
566 1817 736 1850 ierebantur,
755 1817 869 1845 Paulum
887 1818 915 1845 in
936 1820 1024 1846 cccle-

238 1866 306 1892 siam
324 1864 470 1892 reduxere.
489 1864 558 1892 Tum
574 1871 683 1898 quoque
699 1864 863 1891 Ariattorunt
881 1865 974 1896 tactio,
994 1869 1023 1891 et

238 1910 408 1946 Tlteognidis
423 1916 506 1946 atque
522 1909 660 1937 Theodori
676 1909 809 1936 Perintbii
823 1909 1023 1944 (lleracleotem

237 1966 301 1985 eum
321 1956 476 1991 nominant)
493 1960 653 1986 sectatores,
669 1955 696 1982 in
710 1963 742 1983 ea
754 1963 815 1990 qua:
828 1955 905 1983 Pauli
922 1956 1024 1984 dicitur

237 2005 362 2036 ecclesia,
379 2008 516 2031 conventu
530 2008 602 2036 acto,
622 2002 812 2030 Macedonium
826 2001 1023 2030 Constantino-

238 2051 390 2085 politanum
403 2049 725 2084 elegeruntcpiscopum.
738 2049 767 2076 ln
783 2049 886 2084 quibus
902 2057 964 2076 cum
976 2048 1023 2076 alii

239 2096 327 2127 :uulti,
346 2101 401 2122 tum
420 2096 544 2124 Ursicius
560 2100 588 2122 et
600 2095 709 2126 Valens,
724 2095 808 2130 684
824 2096 893 2122 alter
912 2096 1024 2130 quidem

237 2141 394 2176 Sutgidonis
405 2141 554 2175 superioris
571 2140 670 2175 Mysia,
685 2141 753 2167 alter
765 2145 857 2168 autem
870 2141 1024 2168 Marsorum

238 2186 393 2220 superioris
424 2183 572 2212 Pannoniis
587 2185 709 2219 episcopi
735 2184 812 2212 fuere
833 2185 902 2220 :qui
931 2191 1024 2220 postea

1381 1396 1506 1423 ΚΕΦΑΛ.
1527 1397 1564 1423 Z'.

1082 1442 1130 1474 Ὧς
1143 1442 1217 1475 μετὰ
1231 1441 1383 1477 Εὐσέϐιον
1398 1441 1492 1468 πάλιν
1517 1443 1533 1468 ὀ
1551 1442 1672 1475 Παῦλος
1683 1443 1738 1469 τὸν
1756 1445 1870 1477 θρόνον

1113 1477 1301 1510 ἐλάμϐανεν
1318 1478 1344 1503 οὶ
1362 1476 1396 1502 δὲ
1413 1477 1552 1510 Ἀρειανοὶ
1575 1478 1764 1504 Μακεδόνων
1774 1487 1867 1512 προε-

1114 1511 1275 1543 ϐάλλοντο,
1294 1512 1343 1537 καὶ
1356 1511 1422 1545 περὶ
1435 1512 1490 1545 τῆς
1503 1511 1688 1546 ἀναιρέσεως
1703 1513 1757 1539 τοῦ
1774 1511 1869 1545 στρα-

1112 1547 1245 1578 τηλάτου
1268 1547 1465 1580 Ἑρμογένους
1480 1554 1487 1562 '
1502 1547 1551 1573 καὶ
1564 1547 1604 1579 ὡς
1618 1547 1758 1582 ἐξηλάθη
1772 1549 1870 1575 πάλιν

1110 1582 1126 1608 ὁ
1138 1582 1269 1615 Παῦλος.

1110 1637 1197 1672 Πρινὴ
1222 1637 1318 1673 δὲτὴν
1344 1637 1376 1664 ὲκ
1407 1637 1517 1671 Ῥώμης
1545 1636 1697 1670 ἀπολογίαν
1725 1639 1838 1672 μαθεῖν,
1857 1639 1871 1664 ὁ

1075 1681 1206 1713 Εὐσέϐιος
1233 1682 1330 1716 φθάνει
1355 1682 1402 1708 τὸν
1427 1682 1487 1717 βίον
1509 1682 1665 1715 ἀπολιπὼν,
1685 1683 1716 1709 οὗ
1734 1683 1870 1717 πάμπολυ

1076 1728 1125 1762 τῆς
1149 1728 1177 1753 ὲν
1198 1728 1352 1763 Ἀντιοχείᾳ
1378 1728 1536 1762 ὑστερήσας
1555 1728 1678 1755 συνόδου.
1704 1728 1760 1755 Τοῦ
1775 1729 1805 1756 δὲ
1822 1738 1871 1756 το-

1077 1773 1173 1799 σούτου
1189 1773 1388 1808 διαφθαρέντος
1401 1774 1494 1808 θηρὸς,
1510 1774 1523 1800 6
1536 1774 1585 1807 τῆς
1600 1774 1812 1801 Κωνσταντὶνου
1827 1777 1871 1801 εὐ-

1077 1819 1160 1854 σεῦὴς
1176 1819 1268 1853 ὅμιλος
1289 1819 1364 1854 ζήλῳ
1377 1820 1432 1846 τῶν
1455 1819 1527 1846 κατὰ
1552 1819 1672 1846 Νίκαιαν
1695 1821 1872 1856 δεδογμένων

1076 1865 1120 1891 τὸν
1147 1865 1254 1891 Παῦλον
1280 1863 1358 1896 αὖθις
1383 1866 1424 1897 είς
1457 1865 1508 1900 τὴν
1538 1865 1690 1900 ἐκκλησίαν
1713 1867 1870 1901 ἀνήγαγον.

1076 1911 1156 1938 Κατά
1170 1912 1270 1938 ταυτὸν
1290 1911 1319 1938 δὲ
1344 1911 1391 1937 καὶ
1408 1912 1432 1938 οἱ
1449 1911 1499 1945 τῆς
1519 1911 1670 1946 Ἀρειανῶν
1695 1915 1872 1947 συμμορίας,

1076 1958 1100 1984 ot
1114 1957 1186 1992 ἀμφὶ
1204 1957 1316 1990 Θέογνιν
1332 1957 1380 1984 καὶ
1395 1957 1532 1992 Θέοδωρον
1545 1957 1591 1983 τὸν
1606 1956 1762 1992 Περίνθιονι
1780 1959 1873 1994 Ἥρι·

1076 2003 1200 2038 κλεώτην
1214 2003 1242 2029 δὲ
1257 2003 1340 2030 αὑτὸν
1358 2003 1552 2037 ὀνομάζουσιν,
1566 2004 1594 2029 εν
1609 2005 1642 2038 τῇ
1669 2004 1740 2029 κατὰ
1759 2004 1872 2032 Παῦλον

1076 2047 1212 2081 εἰρημένῃ
1243 2046 1397 2081 Ἐκκλησία
1425 2047 1608 2080 συνελθόντες,
1630 2047 1800 2075 Μακεδόνιον
1819 2050 1873 2084 τῆς

1077 2091 1286 2119 Κωνσταντίνου
1319 2091 1522 2127 χειροτονοῦσιν
1550 2093 1714 2119 ἐπίσκοπον.
1748 2094 1794 2120 Ἐν
1830 2094 1873 2127 οἷς

1076 2138 1152 2165 ἄλλοι
1170 2146 1200 2164 τε
1223 2137 1328 2170 πολλοὶ,
1345 2139 1392 2164 καὶ
1418 2138 1578 2174 Οὖριίκιος,
1593 2139 1641 2165 καὶ
1656 2139 1766 2174 Οὐάλης
1779 2149 1786 2156 ·
1804 2138 1846 2168 ὦν
1859 2143 1873 2168 6

1079 2184 1128 2217 μὲν
1147 2183 1304 2217 Σιγγιδόνος
1317 2185 1367 2218 τῆς
1390 2183 1447 2210 ἄνω
1469 2184 1591 2216 Μυσίας,
1611 2184 1733 2219 Μυρσῶν
1759 2186 1788 2212 δὲ
1818 2189 1873 2220 τῆς

239 2233 391 2266 rcsipucre,
417 2235 445 2258 et
466 2231 559 2258 libello
575 2231 743 2265 pmnitentiae
762 2230 835 2258 Julio
853 2231 944 2259 Romae
966 2232 1023 2267 epi-

1085 2228 1136 2255 Ξνω
1149 2229 1298 2261 Παννονίας
1316 2230 1434 2264 Οὐάλης,
1457 2227 1529 2265 ἦσαν
1547 2230 1713 2257 ἐπίσκοποι·
1729 2231 1754 2258 οἳ
1778 2232 1815 2267 δὴ
1842 2235 1872 2264 ές

239 2286 322 2314 scopo
336 2278 438 2309 oblato,
461 2277 600 2312 ὀμοουσίῳ
625 2277 854 2305 consubstantiali
872 2285 1025 2311 assensere,

238 2330 266 2352 ct
289 2325 323 2352 ad
340 2325 561 2352 communionem
577 2323 689 2351 admissi
712 2329 787 2352 sunt.
802 2324 871 2351 Tum
895 2324 1027 2359 temporis

238 2377 330 2399 autem
355 2378 434 2398 acres
456 2371 563 2398 Arianae
590 2371 730 2405 opinionis
759 2371 942 2404 aemulatores,
970 2377 1025 2397 non

237 2424 338 2451 parvos
356 2416 484 2444 Ecclesia:
505 2421 594 2443 motus
613 2417 769 2443 excitarunt
789 2424 796 2443 :
812 2423 930 2450 quorum
953 2423 1024 2443 unus

237 2464 319 2490 etiam
339 2463 515 2490 Macedonius
535 2462 596 2489 fuit.
609 2462 688 2490 Civili
707 2469 825 2496 namque
839 2468 872 2488 ex
895 2469 928 2488 ca
942 2468 1025 2488 causa

238 2509 310 2536 bello
324 2515 432 2541 exorto,
449 2504 531 2544 ’plcbs
546 2508 668 2543 quotidie
685 2508 743 2535 fere
767 2507 932 2535 seditionem
959 2514 1026 2534 con-

238 2554 340 2580 citabat
365 2562 373 2580 :
399 2559 428 2581 et
450 2553 627 2580 multitudine
660 2552 792 2587 utrinque
817 2556 1000 2579 concurrente
1015 2569 1023 2583 ,

239 2599 348 2633 plurimi
367 2600 557 2627 atterebantur
569 2604 651 2634 atque
671 2598 806 2633 peribant.
823 2598 882 2631 Qua
898 2605 926 2625 re
940 2598 1025 2632 impe-

239 2649 314 2671 rator
327 2645 446 2679 cognita,
468 2653 529 2672 cum
554 2645 643 2672 adltuc
664 2644 841 2671 Attcbiocbiae
858 2648 1024 2676 moraretur,

239 2689 278 2715 ira
299 2690 437 2723 percitus,
462 2689 626 2724 llermogeni
652 2689 733 2722 duci,
755 2690 801 2723 qui
818 2689 918 2716 tumin
935 2689 1024 2716 Thra-

237 2735 307 2762 ciant
321 2734 421 2762 missus
441 2734 542 2767 fuerat,
569 2735 719 2767 mandavit,
737 2738 766 2761 ut
790 2742 824 2762 ex
843 2734 942 2762 itinere
961 2742 1023 2761 cum

237 2781 358 2815 equestri
371 2789 452 2808 manu
469 2782 496 2808 itt
514 2781 609 2808 urbem
635 2781 837 2816 intperalricem
859 2780 1021 2814 diverterct,

236 2832 263 2852 et
275 2825 386 2854 Paulum
403 2826 523 2854 Ecclesia
541 2826 662 2860 cjiccret.
679 2826 731 2860 Qui
748 2827 793 2854 ubi
811 2827 901 2859 aﬂuit,
921 2831 949 2854 et
969 2827 1023 2854 im-

238 2878 329 2906 perata
346 2872 469 2900 facturus
486 2871 631 2899 militarent
651 2880 761 2900 martum
773 2873 920 2909 _adhibuit,
946 2873 1022 2908 plebs

1078 2273 1192 2310 ὕστερον
1221 2275 1368 2310 μεταμέλῳ
1386 2277 1558 2311 χρησάμενοι
1584 2275 1687 2310 βιϐλίον
1715 2281 1871 2312 μετανοίας

1077 2323 1116 2358 τῷ
1137 2323 1246 2359 Ῥώμης
1266 2323 1369 2359 Ἰουλίῳ
1381 2324 1483 2357 δόντες,
1501 2325 1539 2359 τῷ
1554 2325 1692 2360 όμοουσίῳ
1704 2326 1869 2359 συνέθεντο,

1077 2371 1126 2397 καὶ
1142 2371 1283 2397 κοινωνεῖν
1302 2371 1471 2406 ἠξιώθησαν.
1497 2371 1657 2406 Τηνικαῦτα
1683 2372 1710 2398 δὲ
1733 2372 1871 2408 διάπυροι

1077 2416 1199 2452 ζηλωταὶ
1221 2416 1270 2450 τῆς
1294 2417 1470 2450 Ἀρειανικῆς
1495 2416 1643 2452 θρησκείας
1668 2418 1758 2449 ὅντες.
1787 2420 1872 2446 πολέ-

1077 2469 1146 2495 μους
1161 2461 1232 2497 κατὰ
1247 2462 1295 2497 τῆς
1317 2460 1482 2495 Ἑκκλησίας
1492 2462 1522 2488 οὺ
1534 2463 1650 2497 μικροὺς
1663 2463 1870 2498 ἀνεστήσαντοθ

1075 2504 1114 2533 ὢν
1131 2504 1172 2538 εἷς
1189 2506 1238 2533 καὶ
1252 2507 1265 2532 6
1279 2507 1350 2534 κατα
1375 2507 1555 2534 Μακεδόνιον.
1575 2508 1725 2541 Ἐμφυλίου
1741 2511 1798 2544 γὰρ
1825 2511 1871 2537 ὲν-

1075 2552 1172 2578 τεῦθεν
1193 2551 1314 2586 πολέμου
1335 2552 1533 2587 γεγενημένου,
1549 2552 1644 2579 στάσιν
1660 2554 1675 2579 ὀ
1691 2553 1780 2587 δῆμος
1806 2554 1871 2580 καθ’

1076 2598 1195 2633 ἑκάστην
1208 2597 1245 2629 ὡς
1258 2599 1347 2624 εἰπεῖν
1361 2596 1429 2633 εἶχε.
1441 2598 1495 2624 Τοῦ
1510 2598 1538 2625 δὲ
1556 2598 1679 2633 πλήθους
1693 2599 1872 2633 συμπίπτον-

1075 2653 1122 2676 τος
1146 2644 1329 2679 ἑκατέρωθεν,
1346 2644 1491 2676 πλείστους
1513 2653 1544 2672 τε
1568 2645 1760 2680 συντρίΰεσθαι
1785 2647 1871 2672 συνέ-

1075 2690 1152 2717 6αινε
1168 2691 1216 2717 καὶ
1231 2691 1405 2718 διόλλυσθαι·
1431 2691 1449 2718 ἃ.
1472 2691 1504 2726 δὴ
1529 2692 1576 2718 καὶ
1593 2691 1706 2726 βασιλέα
1729 2691 1870 2726 μαθόντα,

1075 2735 1115 2761 ἔτι
1137 2735 1209 2762 κατὰ
1226 2736 1275 2770 τὴν
1298 2736 1467 2771 Ἀντιόχειαν
1481 2736 1666 2770 διατρίὸοντα,
1679 2737 1819 2772 περιοργῆ
1839 2746 1870 2764 τε

1074 2782 1233 2816 γενόμενον,
1247 2782 1410 2817 Ἑρμογένει
1425 2783 1596 2809 ἐντείλασθαι
1610 2783 1799 2819 στρατηλάτῃ,
1808 2785 1869 2814 τοῖς

1075 2827 1218 2863 Θρᾳκῲοις
1246 2828 1343 2863 μέρεσι
1369 2829 1522 2864 τηνικαῦτα
1546 2829 1578 2864 δὴ
1602 2829 1706 2856 στειλαμ
1724 2830 1787 2863 ἐνῳ,
1803 2829 1868 2855 ὀδοῦ

1075 2875 1216 2910 πάρεργον
1230 2875 1278 2911 τὴν
1297 2875 1421 2911 βασιλίδα
1446 2874 1612 2903 καταλαϐεῖν
1629 2874 1678 2902 σῦν
1693 2875 1796 2912 ἱππικῇ
1818 2874 1867 2901 δυα
