1904 3070
206 122 258 153 ἓίΊ

811 124 1020 155 NlCEPIlORi
1051 126 1221 156 CALLISTI

1779 124 1836 156 2i3

207 180 328 216 atquein
345 179 490 215 pecuniam
508 179 666 214 redegisset.
684 179 890 207 Observandum
911 181 990 214 illud,

1068 182 1195 216 ιλλησίαν
1214 181 1364 217 οἰκοδομῶν
1379 180 1424 218 ἦν.
1450 182 1467 218 ἠ
1495 183 1580 218 Σοφία
1606 183 1835 218 προσηγορεύθη,

207 235 240 253 θ)
256 232 379 260 tempore
403 233 457 260 quo
471 225 645 253 Macedonius
665 226 862 260 episcopatnm'
880 227 991 261 recepit,

207 273 397 298 tinxistantinm
423 279 546 306 magnam
574 272 717 299 ecclesiam
744 272 905 305 absolvisse,
933 281 993 307 qlliB

209 318 304 351 Σοφία,
322 317 474 352 Sapientia,
503 318 644 345 nominata
674 323 735 344 est:
754 320 875 352 proxime
895 319 928 346 ad
945 326 995 346 co.

210 363 366 396 gnomincm
386 364 447 390 Paci
471 364 615 391 ecdesiam
637 364 686 398 (ί),
700 372 780 398 quam
797 364 993 391 Constantinus

210 409 364 436 Constantii
380 414 467 444 pater,
481 417 543 437 cum
560 409 636 444 prius
650 410 745 444 exigua
759 410 866 442 fuisset,
882 410 992 437 adeam

1046 228 1164 262 ἄγχιστα
1178 229 1225 254 τοῦ
1241 229 1292 262 τῆς
1307 229 1426 264 Εἰρήνης
1448 229 1596 264 ἐπωνύμου
1612 229 1677 256 ναοῦ
1687 237 1694 244 ·
1708 230 1743 264 ἢν
1757 229 1771 255 ὁ
1785 229 1834 255 τοῦ

1048 274 1179 308 βασιλέως
1202 273 1295 308 πατὴρ
1322 275 1539 307 Κωνσταντῖνος,
1557 275 1689 310 βραχεῖαν
1703 273 1788 301 οὖσαν
1805 274 1836 300 τδ

1048 319 1193 354 πρότερον,
1209 320 1255 345 ἐπὶ
1271 320 1301 346 τὺ
1329 319 1377 346 νῦν
1401 320 1541 356 ὁρώμενον
1561 321 1675 356 tit-51500;
1691 321 1814 356 ηὔξησεν
1828 328 1836 334 ·

1047 366 1085 396 ὡς
1104 366 1264 400 συμῦαίνειν
1281 367 1315 392 τὰ
1334 366 1476 402 κράσπεδα
1499 367 1554 394 τῶν
1570 368 1617 394 δύο
1638 367 1744 394 τούτων
1766 366 1838 392 νεῶν

1049 412 1254 446 προσεγγίζειν,
1271 414 1320 440 καὶ
1334 414 1374 444 εἰς
1387 413 1436 440 ἕνα
1449 414 1539 440 δοκεῖν
1552 412 1623 440 εἶναι
1641 413 1800 449 περίϐολον.

210 459 291 486 etiam
307 466 369 493 quae
383 466 456 485 nunc
474 459 596 486 cernitur
611 458 818 493 amplitudinem
835 457 964 492 perduxit
981 466 988 484 :
1009 457 1045 485 ita
1070 463 1099 486 ut
1131 459 1250 487 duorum
1268 460 1383 488 istorum
1421 462 1585 496 templorum
1608 470 1664 489 ora:
1686 462 1839 496 contiguae,

212 514 336 542 unusque
352 506 471 534 ambitus
485 510 513 534 et
528 507 597 534 muri
606 515 667 534 esse
681 506 836 534 videantur.

523 564 637 592 CAPUT
652 564 685 592 Χ.

213 610 346 642 Quomodo
363 610 450 638 Julius
465 610 598 637 Romanus
623 611 740 646 pontifex
758 611 887 646 episcopis
905 609 999 638 Orien-

247 646 342 681 talilgus
355 646 500 680 scripserit,
514 650 542 672 ut
553 647 729 676 mitterentur.
737 647 782 681 qui
793 654 840 681 pro
854 646 999 672 Athanasio

247 685 272 706 et
295 679 380 706 Paulo
403 682 534 706 rationem
559 681 719 713 redderent;
743 679 768 707 et
786 679 844 715 ante
864 681 1000 714 scripserit

247 715 401 741 Constantio
416 715 496 749 fratri
509 715 656 742 Occidentis
676 716 821 749 imperator
845 715 974 742 Constans
989 723 998 741 :

247 755 272 775 et
291 750 428 783 quomodo,
450 751 495 783 qui
514 758 548 776 ex
565 749 671 777 Oriente
687 750 715 776 in
729 750 839 777 Italiam
860 754 997 782 venerant,

248 785 330 811 aliam
344 785 406 818 ﬁdei
418 786 580 819 vulgaverint
594 785 793 819 expositionem.

248 840 336 867 .lnlius
361 840 490 867 Romana:
517 840 593 867 urbis
616 841 762 875 episcopus
784 840 896 872 litteris,
930 847 999 874 quas

215 885 348 912 Eusebius
373 888 436 912 ante
463 885 569 912 obitum
595 892 675 912 sutnn
699 890 796 912 contra
820 885 1000 912 Athanasium

216 931 375 964 scripserat.
400 930 516 963 aliisque
529 938 597 965 quas
614 931 631 957 ii
656 931 702 965 qui
723 931 875 958 Antiochia:
902 938 1002 958 conve-

218 981 314 1003 nerant
342 976 462 1007 dedere,
492 981 574 1011 atque
598 977 659 1004 aliis
690 985 786 1005 rursus
818 977 1001 1013 quorumdam

217 1021 404 1057 xiigyptiornm
423 1022 626 1056 episcoporum,
639 1022 768 1049 ementita
784 1030 845 1050 esse
869 1023 1002 1049 adversus

218 1067 396 1093 Athanasium
413 1067 505 1093 omnia
521 1066 736 1096 declarantibus.
758 1068 854 1102 eisque
875 1068 914 1096 sic
933 1068 1003 1095 inter

218 1119 247 1138 se
266 1111 467 1145 pugnantibus,
485 1112 602 1146 acceptis
614 1130 621 1143 ,
640 1111 817 1139 Antiochcnis
833 1112 888 1140 illis
902 1112 1002 1139 rescri-

219 1158 296 1187 liens,
315 1157 440 1190 epistola:
466 1165 561 1184 eorum
585 1162 755 1192 arrogantem
778 1163 805 1185 et
830 1159 1002 1194 przrfractam

218 1202 384 1229 sententiam
400 1203 523 1237 coarguit
540 1212 546 1230 :
560 1208 588 1230 et
602 1203 674 1237 quod
695 1204 812 1231 latenter
829 1206 947 1240 aggressi
960 1213 1003 1232 es-

218 1253 288 1278 sent.
304 1253 398 1275 contra
414 1248 525 1276 decreta
536 1248 656 1281 Nicmna,
675 1249 753 1276 [idem
766 1257 869 1277 novare
882 1256 910 1277 et
926 1250 1004 1277 adul-

220 1299 317 1321 terare.
336 1294 480 1326 Praeterea,
498 1295 570 1330 quod
597 1301 696 1329 praeter
709 1296 923 1323 ecclesiasticam
937 1305 1004 1324 eon-

218 1341 404 1373 snctudinem,
431 1349 459 1368 se
474 1349 583 1376 quoque
596 1342 623 1369 in
639 1342 774 1377 synodum
792 1350 889 1370 vocare
915 1343 1004 1370 inter-

220 1388 366 1414 misissent.
395 1388 509 1415 Exstare
533 1388 608 1414 enim
632 1387 849 1415 ecclesiasticum
870 1396 1003 1415 eanonem

218 1433 301 1468 689
323 1433 515 1460 atintoritatem
540 1440 650 1460 omnem
682 1433 723 1460 eis
754 1433 910 1467 abrogans,
929 1436 1004 1468 {quae

219 1485 318 1513 pra:le
339 1479 455 1505 Romani
479 1478 609 1505 antistitis
633 1478 796 1505 sententiam
826 1484 934 1512 peracta
960 1487 1004 1506 es-

1349 566 1473 593 ΚΕΦΛΛ.
1499 565 1523 595 l'.

1056 611 1104 643 Ὠς
1118 612 1134 637 δ
1156 610 1270 644 Ῥώμης
1304 610 1431 644 Ἰούλιος
1457 612 1519 644 τοῖς
1534 611 1617 644 ἑῴοις
1631 611 1692 638 τῶν
1715 611 1843 637 ἐπισκό-

1086 653 1151 672 πων
1179 646 1303 680 ἔγραψε.
1335 646 1510 680 πεμφθῆναί
1536 656 1621 678 τινας
1645 648 1741 680 λόγον
1764 645 1844 679 ὑπὲρ

1093 681 1273 707 Ἀθανασίου
1294 680 1344 707 καὶ
1375 682 1498 708 Παύλου
1517 681 1690 713 δώσοντας·
1715 681 1766 708 καὶ
1782 682 1844 707 ὃσα

1086 716 1200 750 ἔγραψε
1220 717 1418 748 literature-{qi
1441 717 1481 748 τῷ
1503 716 1624 750 ἀδελφῷ
1639 718 1655 743 ό
1671 715 1732 742 τῶν
1750 717 1845 742 ἐσπε-

1085 752 1161 783 ρίων
1176 750 1327 782 ,βασιλεὺς
1341 751 1485 784 Κώνστας
1497 760 1503 767 ·
1522 751 1572 778 καὶ
1587 751 1632 777 ὅτι
1651 754 1678 777 ol
1694 752 1844 783 ἐλθόντες

1088 785 1193 819 ἑτέραν
1206 785 1331 812 ἔκδοσιν
1340 786 1469 818 πίστεως
1481 786 1708 821 ὐπηγόρευσαν.

1095 842 1204 874 Ἰούλιος
1219 842 1247 869 δὲ
1261 844 1275 869 ὁ
1294 842 1404 877 Ῥώμης
1417 843 1577 875 ἐπίσκοπος,
1594 843 1629 869 τὰ
1645 843 1707 869 κατ’
1726 842 1846 869 Ἀθανα-

1054 889 1113 915 σίου
1138 888 1287 922 δεξάμενος
1303 889 1468 923 γράμματα,
1491 888 1510 915 ἃ
1536 888 1683 924 προλαϐὼν
1707 888 1845 920 Εὐσέϐιος

1053 935 1173 969 ἔγραψεν
1187 954 1194 967 ,
1212 934 1252 961 ἐτι
1266 934 1294 960 δέ
1312 936 1359 960 καὶ
1372 934 1390 961 ἃ
1405 935 1428 961 οἱ
1444 935 1474 961 ἐν
1494 935 1646 970 Ἀντιοχείᾳ
1663 935 1847 967 συνελθόντες

1053 980 1216 1007 ἀπέστειλαν
1229 1001 1237 1014 ,
1262 981 1345 1015 ἔτερα
1359 981 1381 1007 δ’
1397 979 1477 1013 αὖθις
1492 982 1568 1015 παρά
1584 990 1666 1007 τινων
1680 982 1847 1015 Αἰγυπτίων

1054 1027 1222 1058 ἐπισκόπων,
1239 1026 1326 1061 ψευδῆ
1342 1026 1376 1053 τὰ
1392 1028 1462 1053 κατὰ
1484 1027 1646 1054 ’Δθανασίου
1663 1025 1736 1053 εἶναι
1751 1027 1848 1053 πάντα

1053 1072 1215 1100 διδάσκοντα
1229 1081 1236 1089 ·
1253 1073 1300 1100 καὶ
1324 1073 1455 1100 ἐναντίων
1482 1073 1554 1100 οὕτω
1583 1074 1848 1108 καταπεμπομένων

1054 1120 1238 1154 γραμμάτων,
1260 1119 1369 1150 Ἰούλιος
1387 1119 1565 1154 ἀντιγράφων
1581 1120 1631 1155 μὲν
1645 1121 1714 1155 προς
1733 1121 1801 1152 τοὺς
1816 1120 1850 1153 ἐξ

1061 1164 1228 1198 Ἀντιοχείας
1244 1164 1463 1197 ἐπιστείλαντας,
1477 1164 1604 1199 διήλεγχε
1621 1165 1652 1191 τὸ
1669 1165 1719 1199 τῆς
1735 1166 1850 1192 ἐπιστο-

1054 1210 1104 1244 λῆς
1116 1210 1204 1236 αὐτῶν
1216 1211 1334 1245 ἐπαχθές
1345 1219 1374 1236 τε
1387 1211 1434 1236 καὶ
1445 1210 1564 1242 αὔθαδες
1573 1220 1579 1226 ·
1593 1211 1640 1237 κοιλ¹
1652 1212 1689 1242 ὡς
1701 1211 1849 1246 λαθραίως

1055 1256 1130 1291 παρὰ
1145 1257 1178 1282 τὰ
1195 1257 1224 1282 ἐν
1248 1256 1352 1291 Νικαίᾳ
1375 1256 1527 1290 δεδογμένα
1547 1257 1722 1292 νεωτερίζειν
1739 1258 1850 1292 ἐπιχει-

1057 1302 1135 1339 ροῦσι
1150 1302 1198 1328 καὶ
1213 1303 1437 1337 παραχαράττειν
1449 1302 1498 1336 τὴν
1513 1303 1607 1328 πίστιν
1619 1311 1626 1318 ·
1643 1303 1683 1329 ἐτι
1697 1303 1728 1330 δέ
1745 1304 1792 1330 καὶ
1807 1303 1851 1334 ὡς

1055 1349 1130 1382 παρὰ
1146 1348 1177 1374 τὺ
1193 1347 1417 1381 ἐκκλησιαστικὸν
1432 1348 1491 1377 ἔθος
1505 1348 1664 1382 πράττουσι,
1679 1348 1717 1383 μὴ
1732 1350 1782 1375 καὶ
1793 1348 1847 1375 αὖ·

1055 1395 1100 1421 τὸν
1111 1395 1151 1426 είς
1164 1395 1211 1429 τὴν
1223 1394 1332 1421 σύνοδον
1350 1395 1527 1429 κεκληκότες.
1538 1391 1614 1420 Εἶναι
1624 1395 1678 1430 γὰρ
1698 1394 1853 1429 ἐκκλησια-

1057 1441 1147 1467 στικὸν
1156 1439 1279 1476 [κανόνα]
1289 1440 1379 1475 ἄκυρα
1390 1441 1574 1475 διοριζόμενον
1584 1438 1664 1471 εἶναι,
1673 1441 1725 1468 ὅσα
1735 1441 1768 1475 δὴ
1779 1450 1855 1475 πρα-

1056 1485 1134 1520 χθείη
1161 1486 1237 1519 παρὰ
1263 1484 1376 1518 γνώμην
1394 1485 1440 1511 τοῦ
1461 1485 1606 1520 Ῥωμαίων
1622 1486 1789 1512 ἐπισκόπου.
1808 1486 1853 1513 Τὰ

219 1524 480 1558 εωιιιἩΛὶιιιοειιιη,
493 1523 566 1558 quod
585 1523 611 1550 in
629 1524 710 1550 rebus
721 1532 788 1558 quas
807 1524 833 1551 in
851 1524 922 1559 Tyro
939 1525 1005 1551 urbe

1068 1529 1081 1555 Γ
1094 1530 1123 1556 ἐν
1136 1529 1217 1564 Τύρῳ
1231 1529 1278 1555 καὶ
1292 1528 1331 1563 τῷ
1342 1529 1480 1564 Μαρεώτῃ
1495 1530 1679 1564 πεπραγμένα
1690 1530 1730 1565 μὴ
1744 1531 1773 1556 ἐν
1785 1529 1855 1566 δίκῃ

220 1575 248 1597 «σι
268 1570 386 1596 Mareote
416 1570 612 1603 decrevissent,
634 1578 688 1596 non
714 1570 835 1605 legitime
848 1572 1008 1606 [processis-

222 1621 294 1648 sent,
322 1616 502 1651 inquisitione
530 1617 657 1644 videlicet
676 1625 728 1644 una
742 1622 847 1645 tantum
871 1623 1007 1653 prtesente

224 1668 298 1697 parte
314 1663 394 1690 facta.
418 1663 527 1690 Arsenii
551 1668 640 1690 autem
660 1671 770 1690 manum
787 1663 893 1698 liquido
920 1672 1006 1698 appa-

225 1714 342 1740 rrntcm,
359 1713 479 1743 apertam
506 1709 710 1743 sycophantiam
733 1717 804 1743 esse,
822 1709 863 1737 eis
893 1710 1006 1744 obiecit.

227 1757 259 1782 l'lt
275 1755 424 1781 secundum
438 1762 469 1781 ea
486 1755 587 1786 omnia,
604 1763 712 1789 acquum
736 1763 796 1782 esse
816 1762 844 1782 ut
859 1755 1009 1783 Athanasio

225 1808 254 1828 εει
267 1801 351 1829 Paulo
367 1801 571 1833 subveniretur,
585 1801 687 1828 intulit.
705 1801 785 1828 Brevi
807 1809 925 1834 namque
936 1807 1008 1837 post,

228 1847 326 1874 t'aulns
355 1854 464 1882 quoque
482 1847 643 1875 Corinthum
668 1856 697 1876 se
726 1848 768 1876 ire
793 1848 967 1882 assimulans,
982 1850 1009 1877 in

228 1894 330 1921 Italiam
344 1894 429 1925 venit,
444 1899 472 1920 et
488 1901 583 1921 casum
603 1902 684 1921 suum
707 1895 894 1922 miserandum
907 1897 934 1922 in
951 1903 1011 1923 mo-

226 1943 291 1966 dum
305 1940 467 1974 deploravit.
478 1940 724 1968 Vcrnmenimvcro
737 1941 782 1968 ubi
799 1941 889 1969 Julius
900 1942 1011 1977 scriptis

226 1987 283 2012 suis
301 1986 371 2020 apud
387 1985 541 2013 Orientales
566 1987 710 2022 episcopos
726 1988 794 2015 nihil
813 1987 914 2021 eﬂecit,
930 1988 1012 2017 Occi-

227 2032 319 2058 dentis
343 2032 537 2065 imperatorem
565 2031 756 2065 Constantem,
769 2033 802 2060 de
817 2034 901 2061 rebus
926 2034 1012 2061 Atha-

228 2077 297 2103 nasii
311 2081 337 2103 et
352 2076 428 2102 Pauli
453 2077 598 2103 certiorem
622 2076 698 2103 fecit.
713 2076 765 2109 Qui
787 2077 812 2104 ei
825 2079 909 2105 etiam
924 2078 1010 2109 adito,

227 2123 337 2150 Arianae
350 2122 476 2150 factionis
486 2122 615 2150 subdolus
628 2122 739 2150 frandes
747 2130 916 2157 exposuere:
926 2125 1013 2158 patris

230 2169 369 2197 mentione
385 2169 469 2200 illata,
493 2174 524 2195 ut
540 2169 586 2195 ille
607 2168 806 2196 meumenicam
823 2173 851 2197 et
869 2170 1012 2198 universa-

227 2216 282 2242 lem
308 2213 442 2248 synodum
470 2213 600 2246 coegerit,
617 2212 872 2248 constitutioneque
898 2213 1011 2241 decreta

230 2261 306 2288 illius
322 2260 476 2292 stabilierit,
498 2259 649 2286 referentes
660 2277 667 2289 .
683 2263 711 2286 et
730 2266 792 2285 eum
809 2259 844 2286 ad
868 2263 1011 2294 paternam

228 2306 431 2334 :rmulationem
445 2307 656 2333 consectandam
675 2306 862 2333 cohortantes.
875 2306 1014 2334 Constans

229 2353 312 2381 rebus
330 2352 370 2380 eis
392 2352 518 2387 cognitis,
541 2359 632 2378 casum
645 2359 742 2379 eorum
762 2353 884 2379 virorum
901 2352 1014 2380 calami-

230 2406 313 2426 tatem
326 2406 402 2426 suam
425 2406 536 2433 prorsus
548 2406 608 2426 esse
630 2398 757 2433 putavit:
784 2404 812 2425 et.
837 2398 870 2426 ad
900 2398 1012 2425 fratrem

229 2445 364 2477 scribens,
374 2452 436 2472 eum
452 2445 594 2472 admonuit
608 2466 615 2477 ,
634 2449 663 2472 ut
677 2449 798 2480 paterna;
814 2445 954 2480 religionis
970 2444 1014 2471 in-

230 2496 388 2524 corruptam
398 2490 586 2524 integramque
595 2494 717 2518 servaret
728 2497 861 2518 normam.
870 2490 917 2517 llle
929 2489 1014 2523 enitn,

231 2537 331 2571 inquit,
342 2544 407 2564 vera
421 2537 522 2571 pietate
537 2537 654 2571 imperio
665 2537 799 2569 stabilito,
811 2541 868 2563 tum
885 2541 1014 2571 tyranno:

231 2582 370 2609 Romanos
388 2583 500 2610 omnino
527 2583 649 2612 sustulit,
678 2587 735 2609 tum
761 2582 895 2609 barbaros
921 2582 1015 2609 hostes

232 2629 410 2656 circumcirca
428 2628 538 2656 devicit.
558 2628 727 2663 Signiﬁcavit
754 2627 843 2655 eidem
867 2628 968 2660 etiam,
987 2632 1016 2654 ut

234 2680 290 2701 tres
302 2680 335 2700 ex
348 2673 459 2701 Oriente
471 2674 497 2701 in
506 2673 682 2701 Occidentem
698 2673 875 2700 mitterentur
883 2673 1015 2708 episcopi,

272 2763 310 2797 (Ι)
327 2762 473 2797 Sapientiae
495 2762 541 2789 Dei
567 2761 709 2796 templum,
725 2761 798 2796 quod
821 2761 1017 2789 Constantinus

234 2805 289 2825 non
309 2798 434 2833 perfecit.
448 2799 541 2833 (Supr.
558 2798 605 2823 lib.
615 2804 671 2833 ‘vn.
685 2805 748 2833 cap.
763 2797 823 2833 749.)

270 2831 479 2869 (‘2)Aucloritas
507 2831 622 2859 Romani
647 2832 768 2867 episcopi
789 2841 795 2858 :
812 2831 850 2868 μὴ
870 2832 925 2860 δεῖν
944 2834 1017 2866 παρὰ

1060 1575 1236 1609 γεγενῆσθαι,
1264 1575 1434 1610 μονομεροῦς
1461 1577 1581 1610 τυχόντα
1604 1576 1655 1610 τῆς
1682 1576 1854 1609 ἐξετάσεως.

1059 1621 1114 1654 Τὴν
1128 1620 1156 1646 δέ
1178 1620 1318 1655 ’Λρσενίου
1331 1622 1411 1655 χεῖρα
1426 1622 1613 1655 συκοφαντίαν
1627 1623 1759 1656 προφανῆ
1771 1622 1856 1655 ἐλεγ-

1059 1665 1168 1701 χθῆναι.
1192 1666 1250 1699 Ἐφ’
1266 1665 1352 1692 ἅπασι
1369 1666 1397 1692 δὲ
1414 1666 1515 1700 συνῆγε
1529 1667 1632 1692 δίκαιον
1645 1665 1717 1693 εἶναι
1734 1667 1857 1693 *Αθανα-

1060 1710 1110 1745 σίῳ
1126 1711 1173 1736 καὶ
1189 1710 1289 1745 Παύλῳ
1306 1711 1339 1736 τὰ
1358 1711 1479 1745 μάλιστα
1500 1710 1618 1745 βοηθεῖν.
1644 1711 1713 1737 Μετ’
1729 1712 1759 1737 οὐ
1779 1712 1856 1738 πολὺ

1060 1756 1115 1790 γὰρ
1131 1755 1179 1782 καὶ
1197 1755 1303 1787 Παῦλος
1321 1756 1361 1786 είς
1379 1756 1514 1790 Κόρινθον
1528 1757 1636 1789 ἀπᾶραι
1655 1756 1858 1791 σκηψάμενος,

1061 1801 1101 1831 είς
1121 1800 1238 1827 Ἰταλίαν
1266 1800 1386 1834 ἐγένετο,
1410 1802 1458 1827 καὶ
1480 1800 1515 1827 τὰ
1531 1801 1675 1836 συμϐάντα
1690 1803 1715 1827 οἱ
1731 1803 1857 1836 οίκτρῶς

1061 1845 1235 1882 ἀπωδύρατο.
1254 1846 1298 1876 Ὠς
1313 1846 1341 1872 δέ
1359 1846 1442 1882 μηδὲν
1456 1847 1521 1881 ἤνυε
1535 1847 1650 1881 γρᾶφων
1668 1847 1780 1878 Ἰούλιος
1793 1849 1858 1878 τοῖς

1061 1891 1140 1926 ἑῴοις
1165 1892 1220 1918 τῶν
1249 1892 1418 1923 ἐπισκόπων,
1441 1892 1482 1926 τῷ
1508 1892 1564 1918 τῶν
1582 1893 1722 1926 ἐσπερίων
1743 1892 1859 1926 βασιλεί

1062 1937 1222 1964 Κώνσταντι
1249 1937 1317 1972 δῆλα
1334 1937 1421 1964 ἐποίει
1451 1939 1485 1963 τὰ
1514 1938 1587 1964 κατὰ
1604 1937 1710 1964 Παῦλον
1727 1937 1858 1972 δηλονότι

1062 1985 1111 2011 καὶ
1138 1983 1298 2011 ’Δθανάσιον
1309 1992 1316 1999 ·
1333 1984 1357 2010 οἳ
1373 1984 1422 2009 καὶ
1440 1984 1588 2015 συστάντες
1602 1984 1699 2018 ἐκείνῳ
1711 2003 1719 2015 ,
1735 1984 1785 2014 τὰς
1802 1984 1859 2019 τῆς

1070 2032 1244 2066 Ἀρειανικῆς
1267 2031 1407 2066 φάλαγγος
1431 2031 1658 2066 δραματουργίας
1679 2031 1834 2064 κατέλεγον
1849 2039 1857 2046 ·

1063 2077 1110 2103 τοῦ
1131 2077 1235 2112 πατρός
1249 2085 1278 2103 τε
1293 2077 1459 2111 ἐμέμνηντο,
1479 2077 1527 2103 καὶ
1551 2077 1583 2112 ἠν
1600 2077 1704 2107 ἐκεῖνος
1722 2077 1860 2110 οἰκουμε-

1064 2122 1143 2158 νικὴν
1164 2122 1325 2157 συνήθροισε
1353 2121 1473 2152 σύνοδον,
1488 2122 1517 2148 ἐν
1541 2122 1615 2156 μέσῳ
1641 2121 1786 2156 παρῆγον·
1808 2122 1860 2148 καὶ

1064 2169 1102 2200 ὡς
1126 2167 1202 2203 νόμῳ
1222 2168 1257 2193 τὰ
1276 2167 1390 2194 ἐκείνων
1417 2167 1550 2203 ἐκράτυνε
1562 2175 1570 2182 ο
1585 2167 1633 2193 καὶ
1660 2167 1706 2193 τὸν
1723 2168 1860 2202 πατρῷον

1064 2213 1143 2248 ζῆλον
1158 2213 1306 2240 ἀναλαϐεῖν
1321 2213 1447 2248 ἤπειγον.
1474 2213 1504 2239 Ὀ
1522 2212 1551 2238 δὲ
1567 2211 1648 2246 γνοὺς
1662 2212 1700 2242 ὡς
1716 2214 1806 2238 οἰκεῖα
1825 2214 1861 2240 τὰ

1064 2260 1136 2286 κατὰ
1150 2260 1213 2292 τοὺς
1239 2260 1340 2291 ἄνδρας
1368 2259 1500 2294 ἄντικρυς
1528 2259 1644 2294 ἔπασχε,
1660 2259 1710 2284 καὶ
1728 2259 1861 2293 τάδελφῷ

1064 2304 1180 2340 γράφων
1193 2303 1310 2339 παρῄνει
1327 2304 1376 2338 τῆς
1395 2302 1526 2337 πατρῴας
1542 2302 1694 2337 θρησκείας
1711 2303 1861 2337 ἀκήρατον

1066 2350 1214 2386 φυλάττειν
1230 2351 1276 2376 τδν
1301 2350 1377 2384 ὅρον.
1397 2350 1518 2381 Ἐκεῖνος
1536 2350 1591 2384 γὰρ
1618 2349 1758 2384 εὐσεϐείᾳ,
1774 2350 1859 2383 φησὶ,

1064 2396 1116 2432 τὴν
1129 2397 1217 2431 ἀρχὴν
1236 2396 1385 2430 κρατύνας,
1409 2395 1473 2427 τούς
1489 2404 1520 2422 τε
1542 2395 1685 2430 Ῥωμαίων
1703 2395 1861 2429 τυράννους

1066 2444 1100 2477 τῇ
1116 2442 1235 2477 ἀφανείᾳ
1251 2441 1406 2476 παρέδωκε,
1432 2442 1479 2468 καὶ
1496 2441 1549 2467 τῶν
1576 2441 1671 2475 κύκλῳ
1704 2441 1859 2476 βαρϐάρων

1066 2488 1251 2523 περιεγένετο.
1273 2487 1385 2522 Ἐδὴλου
1399 2487 1426 2514 δὲ
1439 2489 1488 2514 καὶ
1501 2488 1576 2522 τρεῖς
1588 2487 1758 2518 ἐπισκόπους
1773 2487 1804 2519 ἐξ
1819 2487 1860 2513 ἔω

1067 2534 1229 2570 πεμφθῆναι
1244 2534 1325 2568 λόγον
1350 2534 1487 2565 δώσοντας
1512 2534 1578 2568 περὶ
1598 2534 1647 2568 τῆς
1663 2534 1861 2568 καθαιρέσεως

1074 2581 1236 2608 Ἀθανασίου
1255 2581 1301 2608 καὶ
1319 2580 1439 2608 Παύλου.
1454 2581 1509 2606 Καὶ
1521 2580 1679 2614 ἐκλέγονται
1692 2580 1717 2606 Ν
1728 2588 1860 2614 ήρκισσος

1068 2627 1082 2654 ὁ
1102 2627 1308 2662 Εἰρηνοπόλεως
1329 2626 1379 2660 τῆς
1403 2626 1532 2658 Κιλικίας
1548 2627 1709 2659 ἐπίσκοπο;,
1727 2627 1776 2652 καὶ
1790 2627 1858 2654 Θεό-

1068 2673 1154 2708 δωρος
1169 2673 1184 2698 ὸ
1207 2670 1359 2706 Περίνθιος,
1375 2672 1423 2698 καὶ
1446 2672 1461 2698 ό
1487 2671 1536 2706 τὴν
1555 2671 1720 2706 Ἀρέθουσαν
1735 2672 1785 2706 τῆς
1802 2672 1860 2699 Συο

1068 2761 1182 2796 γνώμην
1200 2761 1248 2788 τοῦ
1267 2761 1417 2787 ἐπισκόπου
1439 2759 1719 2796 Ῥὠμηςῌκανονίζειν
1743 2758 1794 2790 τὰς
1808 2760 1860 2787 ιιι-

1069 2794 1192 2832 κλησιας.
1207 2796 1323 2831 tSocrat.
1339 2796 1388 2823 lib.
1408 2803 1438 2828 ιι,
1453 2803 1514 2830 cap.
1530 2794 1587 2830 i7.)
