1904 3070
195 131 247 164 255

782 128 992 160 NICEPHORI
1013 128 1188 158 CALLlSTl

1774 124 1845 157 956

200 189 314 217 lienem,
339 184 397 213 sive
420 184 599 212 invisibilium
634 191 683 212 seu
712 184 877 216 visibilium,
892 189 923 212 ut
938 192 952 218 q

1094 192 1138 216 νας
1155 183 1211 210 τῶν
1233 182 1353 224 αἰώνων.
1372 181 1457 209 Οὐδὲν
1484 182 1541 218 γὰρ
1555 184 1716 219 πρόσφατον
1732 185 1746 212 ὁ
1763 185 1846 219 Χρι-

199 233 355 260 subsistens
372 231 491 258 Verbum
510 230 546 257 sit
561 231 662 263 Patris,
675 235 702 257 et
716 231 788 258 Deus
804 239 837 257 cx
852 231 917 257 Deo.
937 229 985 256 llic

200 279 274 305 cnim
289 282 331 304 est
346 277 378 302 ad
391 284 470 311 quem
489 276 568 303 Pater
584 276 652 302 dixit
668 283 675 301 :
695 276 840 303 Faciamus
855 277 985 303 hominem

200 324 341 351 secundum
377 323 517 354 imaginem
559 326 680 348 nostram
724 327 748 348 et
775 322 985 355 similitudinem,

203 370 249 403 qui
276 374 303 396 ct
331 375 345 393 a
373 367 497 402 patribus
518 368 594 394 vistts
606 373 647 394 est
661 375 725 394 cum
740 368 827 403 legem
844 369 938 400 ferret,
959 373 986 395 et

204 415 313 440 locutus
326 418 368 439 cst
388 421 436 447 per
453 413 620 448 prophetas;
643 419 671 440 et
685 413 732 448 qui
750 418 887 448 postremo
906 415 987 441 homo

205 460 292 486 factus
323 463 375 489 est,
401 464 430 485 et
452 458 560 485 Patrem
581 466 660 485 suum
679 459 808 486 omnibus
825 459 986 487 hominibus

206 504 400 535 manifestavit,
416 504 523 538 quique
535 508 632 539 regnat
656 505 683 531 in
701 504 799 531 saacula
814 505 987 532 saeculorum.

207 550 347 584 Siquidem
376 550 445 577 nihil
474 558 550 577 nova:
571 551 712 586 dignitatis
725 551 851 578 Christus
865 559 983 586 assump-

207 595 251 626 sit,
263 595 310 622 sed
325 603 388 622 eum
410 600 489 622 antea
504 595 665 630 perfectum,
683 600 712 623 et
740 596 813 624 Patri
830 605 879 631 per
898 597 989 625 omnia

207 641 324 668 similem
338 649 398 668 esse
410 641 560 668 credimus.
577 642 665 676 Atque
691 641 798 675 itidem,
819 650 866 670 eos
884 644 930 678 qui
949 644 990 670 di-

207 692 274 714 cunt
301 687 426 714 eumdem
448 695 508 714 esse
537 687 642 715 Patrem
660 689 796 716 etFilium
815 694 843 716 et
858 690 990 724 Spiritum

208 738 345 763 sanctum,
367 738 395 760 et
423 733 506 760 unius
520 733 701 768 ejusdemque
712 735 749 762 rei
762 739 789 761 et
804 743 928 769 persona:
940 736 992 763 tria

208 780 267 806 lucc
290 780 400 806 nomina
427 779 510 814 impie
538 780 686 814 accipiunt,
708 782 806 808 merito
822 782 856 808 ab
873 782 993 810 Ecclesia

210 826 406 860 proscribimus
421 833 427 850 :
443 826 574 860 quoniam
604 827 713 853 Patrem
738 828 992 863 quicomprehendi

210 875 339 905 nequeat,
365 874 447 905 atque
470 871 642 906 perpessioni
669 861 805 901 obnoxius
831 861 884 901 non
907 875 952 906 sit,
967 879 994 902 et
1009 861 1031 888 Β

212 916 498 951 cotnprehensihilem,
527 923 555 944 et
589 919 758 953 perpessioni
772 919 931 946 obstrictum
948 927 996 954 per

213 963 464 990 inhumanatinnem
477 964 657 991 constituunt.
673 964 755 1000 694.
777 965 855 992 Tales
866 970 938 998 sunt,
950 965 996 1001 qui

213 1009 416 1043 l'atropassiani
451 1009 523 1044 apud
559 1010 707 1043 Romanos,
750 1011 896 1039 Salielliani
925 1013 996 1047 apud

213 1063 263 1082 nos
288 1055 430 1082 dicuntur.
456 1054 598 1090 Siquidem
609 1056 736 1082 novimus
756 1057 861 1084 Patrem
875 1057 996 1092 quidem,

214 1101 260 1134 qui
283 1100 396 1132 miserit,
426 1100 452 1126 in
484 1108 534 1127 suo
564 1101 744 1128 immutabilis
757 1101 909 1129 divinitatis
925 1107 996 1129 statu

214 1146 398 1180 permansisse
415 1146 480 1181 :qui
496 1154 560 1174 vero
571 1147 672 1174 miSSus
696 1152 739 1174 est
750 1147 901 1178 Christum.
917 1148 999 1175 inhu-

214 1191 379 1218 manationis
391 1191 572 1218 meonemiam
588 1196 615 1219 et
631 1200 730 1219 munus
743 1192 854 1219 obiisse.
867 1194 999 1221 Consimi-

213 1237 279 1263 liter
303 1242 395 1264 autcm
427 1244 475 1264 eos
503 1238 548 1272 qui
571 1237 667 1272 impie,
696 1246 750 1265 non
768 1239 895 1266 consulto
909 1247 998 1274 neque

214 1281 356 1308 voluntate
377 1282 499 1316 genitum
513 1289 573 1309 esse
587 1281 729 1309 Christum
746 1283 852 1315 dicunt,
877 1282 999 1310 necessi-

215 1333 299 1355 tatem
314 1328 442 1355 videlicet
457 1329 603 1362 quamdam
632 1328 815 1363 imponeutes,
827 1333 854 1355 et
873 1330 1001 1356 substan-

217 1375 282 1402 tiam
310 1374 453 1401 voluntat’e
477 1378 506 1401 et
529 1374 637 1402 delectu
654 1380 792 1401 carentem
807 1374 862 1401 Deo
876 1375 1000 1402 tribuen-

217 1425 269 1452 tes,
304 1419 352 1451 ita.
387 1419 534 1446 utinritus
548 1420 645 1446 Filium
664 1420 802 1454 genuerit,
823 1421 1001 1454 impiissimos

216 1471 245 1492 et
271 1473 285 1491 a
308 1465 424 1492 veritate
450 1464 635 1492 alienissimos
648 1466 849 1499 cognoscimus.
865 1465 999 1498 Quoniam

217 1511 351 1538 adversus
378 1517 538 1537 communes
557 1510 591 1537 de
609 1510 662 1537 Deo
677 1511 803 1544 notitias,
817 1515 900 1545 atque
916 1512 999 1539 etiam

219 1556 352 1582 adversus
361 1554 493 1582 divinitus
514 1555 652 1590 inspirata:
664 1556 813 1590 Scriptura!
827 1557 1002 1590 sententiam,

220 1601 284 1628 talia
308 1601 341 1627 de
368 1608 402 1628 eo
424 1605 545 1628 statuere
568 1601 684 1629 audent.
705 1602 760 1629 Nos
774 1602 875 1629 etenim
896 1603 1006 1630 absolu-

220 1647 334 1673 tissimaa
368 1646 524 1680 potestatis,
550 1654 614 1672 eum
659 1654 731 1679 esse,
756 1647 1005 1682 perfectissimique

219 1692 291 1727 juris
317 1692 359 1719 sui
390 1693 474 1719 Deum
491 1692 620 1724 scientes,
642 1697 739 1727 sponte
755 1698 783 1719 et
801 1693 942 1721 voluntate
956 1701 1006 1721 sua

223 1738 323 1767 Filium
351 1738 544 1772 genuisse,pie
559 1738 758 1766 existimamus.
778 1739 885 1766 Etcum
906 1740 1006 1768 timore

223 1784 290 1811 illud
303 1784 337 1811 dc
351 1791 384 1810 eo
396 1784 498 1810 dictum
525 1791 584 1810 esse
602 1784 757 1816 credentes,
777 1785 909 1812 Dominus
929 1794 1006 1814 crea-

223 1830 260 1856 t'il
283 1837 322 1856 me
350 1829 458 1855 initium
483 1830 588 1856 viarum
615 1837 727 1856 suarum
760 1831 795 1857 ad
814 1839 894 1866 opera
911 1833 1005 1860 aua':

224 1883 279 1902 non
308 1875 402 1902 itidem
423 1883 486 1902 eum
503 1880 532 1902 ut
543 1879 685 1903 creaturas
701 1876 878 1911 iacturasque
890 1877 951 1912 ejus
964 1885 1007 1913 ge-

225 1922 314 1948 nitum
335 1929 396 1948 esse
410 1921 587 1949 arbitramur.
614 1921 730 1956 impium
747 1923 820 1950 enim
839 1927 892 1956 est,
910 1929 938 1951 et
973 1924 1007 1952 ab

222 1967 408 1995 ecclesiastica
424 1966 475 1994 ﬁde
487 1967 618 1998 alienum,
634 1967 809 1995 Conditorem
822 1976 883 1996 cum
900 1974 1007 1997 creatu-

223 2014 260 2040 ris
277 2021 326 2047 per
343 2020 405 2040 eum
423 2012 913 2049 conditiscomparare,eumdemque
922 2015 1006 2042 etiam

224 2065 287 2084 eum
306 2058 492 2091 generationis
506 2057 616 2084 modum
634 2066 695 2084 cum
718 2058 758 2085 eis
771 2066 832 2092 qute
848 2059 883 2086 ab
898 2068 931 2087 eo
942 2066 1009 2088 sunt

224 2104 313 2130 aliena
335 2103 437 2130 habere
464 2107 570 2135 putare.
592 2103 684 2130 Solum
698 2111 829 2139 namque,
843 2110 871 2132 et
883 2106 942 2133 solo
958 2114 1007 2134 seu

226 2148 308 2175 unico
337 2147 417 2174 tnodo
435 2148 604 2182 unigenitum
627 2148 724 2175 Filium
737 2157 866 2184 germane
887 2158 934 2178 seu
959 2159 1008 2180 na-

1038 228 1097 260 στὸς
1118 228 1301 263 προσείληφεν
1314 227 1422 262 ἀξίωμα
1432 235 1439 243 ·
1453 227 1521 255 ἀλλὰ
1539 229 1643 256 ἄνωθεν
1660 230 1770 257 τέλειον
1785 230 1847 257 αὖ·

1037 275 1093 306 τον,
1114 275 1161 300 καὶ
1177 274 1215 308 τῷ
1229 274 1316 307 “arpi.
1333 273 1403 300 κατὰ
1421 274 1510 299 πάντα
1529 275 1625 308 ὅμοιον
1639 276 1847 302 πεπιστεύκα-

1039 330 1099 355 μεν.
1115 321 1169 347 Καὶ
1185 321 1247 348 τοὺς
1263 319 1393 351 λέγοντας
1409 320 1453 347 τὸν
1471 321 1553 346 αὑτὸν
1569 319 1640 347 εἶναι
1656 322 1773 356 Πατέρα
1790 322 1847 348 καὶ

1037 367 1101 393 Υίδν
1119 366 1166 392 καὶ
1191 365 1268 398 ἅγιον
1297 365 1422 399 Πνεῦμα,
1450 365 1514 391 καθ’
1541 365 1600 396 ἑνὸς
1618 366 1728 392 καὶτοῦ
1745 365 1847 391 αὑτοῦ

1040 411 1205 446 πράγματός
1217 419 1245 436 τε
1261 411 1309 437 καὶ
1324 410 1473 445 προσώπου
1489 411 1523 436 τὰ
1539 411 1603 445 τρία
1626 411 1748 445 ὀνόματα
1772 412 1851 437 ἀσε-

1039 458 1094 489 6ὦς
1119 457 1354 491 ὲκλαμϐάνοντας,
1382 456 1498 488 εἰκότως
1529 457 1769 491 ἀποκηρύσσομεν
1788 457 1849 490 τῆς

1044 503 1228 538 Ἐκκλησίας·
1247 503 1288 529 ὃτι
1306 503 1351 529 τὸν
1368 502 1512 537 ἀχώρητον
1532 504 1580 530 καὶ
1593 503 1698 538 enses,
1719 503 1849 536 Πατέρα

1040 550 1165 586 χωρητδν
1183 550 1230 576 καὶ
1247 549 1370 583 παθητὸν
1388 548 1432 575 διὰ
1448 550 1497 583 τῆς
1512 549 1750 583 ὲνανθρωπὴσεως
1767 549 1850 575 ὑπο-

1040 596 1170 622 τίθενται.
1186 595 1308 622 Τοιοῦτοι
1323 595 1377 630 γάρ
1392 596 1462 621 εἰσιν
1487 595 1512 622 οἱ
1530 596 1740 631 Πατροπιισανοὶ
1755 604 1800 620 πα
1809 595 1850 629 pi

1047 639 1205 673 Ῥωμαίοις,
1236 638 1416 666 Σαϐελλιανοὶ
1441 639 1470 665 δὲ
1503 639 1569 674 παρ’
1593 640 1659 674 ἡμῖν
1675 639 1848 672 λεγόμενοι.

1042 685 1162 720 Οἴδαμεν
1177 685 1230 719 γὰρ
1246 685 1338 720 ἡμεῖς,
1355 684 1401 710 τὸν
1414 685 1464 719 μὲν
1479 685 1683 712 ἀποστείλαντα
1710 685 1849 719 Πατέρα,

1042 732 1071 758 ὲν
1083 731 1121 767 τῷ
1137 731 1230 765 οἰκείῳ
1244 731 1294 765 τῆς
1309 729 1493 756 ἁναλλοιὼτου
1514 730 1641 764 θεότητος
1667 730 1730 764 ἧοει
1749 738 1851 764 μεμε-

1043 778 1168 812 νηκέναι,
1183 777 1229 802 τὸν
1241 776 1269 803 δὲ
1286 776 1480 803 ἀποσταλέντα
1491 775 1612 811 Χριστὸν
1627 775 1677 810 τὴν
1695 775 1746 809 τῆς
1761 776 1851 801 ἐναν-

1046 823 1217 859 ορωπήσεως
1231 822 1389 857 οἰκονομίαν
1401 821 1626 857 πεπληρωκέναι.
1650 821 1776 856 Ὁμοίως
1795 822 1851 847 καὶ

1045 870 1108 901 τοὺς
1121 869 1151 896 οὒ
1169 868 1297 904 βουλήσει
1312 868 1372 894 οὐδὲ
1385 867 1495 903 θελήσει
1508 867 1692 903 γεγεννῆσθαι
1707 868 1756 894 τὸν
1773 869 1851 902 Χρι-

1047 916 1110 943 στδν
1137 914 1283 950 εἰρηκότας
1314 913 1481 946 ἀνευλαὸὦς,
1507 914 1632 948 ἀνάγκην
1659 914 1686 940 δὲ
1710 914 1850 948 δηλονότι

1046 962 1196 997 ἀϐούλητον
1207 961 1301 988 οὐσίαν
1330 961 1378 987 καὶ
1396 959 1580 994 ἀπροαίρετον
1605 960 1852 994 περιτεθεικότας

1046 1008 1084 1043 τῷ
1095 1008 1163 1043 Θεῷ,
1182 1008 1225 1034 ἵνα
1239 1008 1312 1035 ἄκων
1324 1007 1443 1041 γεννήσῃ
1455 1006 1500 1032 τον
1515 1006 1590 1038 Υἱὸν,
1604 1006 1852 1037 δυσσεϐεστάτους

1047 1055 1094 1081 καὶ
1110 1055 1159 1089 τῆς
1174 1054 1304 1088 ἀληθείας
1316 1053 1409 1086 ξένους
1419 1051 1640 1086 ὲπιγινώσκομεν
1648 1060 1655 1067 ·
1666 1052 1708 1078 ὅτι
1717 1060 1748 1077 τε
1762 1060 1805 1077 πα
1813 1051 1854 1084 pi

1047 1101 1096 1132 τὰς
1107 1101 1201 1131 κοινὰς
1217 1100 1322 1130 ἐννοίας
1340 1098 1406 1134 περὶ
1421 1098 1502 1130 Θεοῦ,
1518 1098 1565 1125 καὶ
1582 1098 1614 1132 δὴ
1629 1098 1707 1130 παρὰ
1733 1098 1764 1124 το
1781 1097 1854 1131 βού-

1048 1147 1124 1181 λημα
1137 1147 1185 1181 τῆς
1203 1145 1384 1187 θεοπνεύστου
1413 1145 1536 1180 Γραφῆς,
1568 1144 1682 1171 τοιαῦτα
1703 1144 1854 1178 τετολμή-

1050 1201 1113 1220 κασι
1134 1191 1199 1226 περὶ
1225 1191 1308 1218 αὑτοῦ
1338 1190 1530 1225 διορίσασθαι·
1561 1189 1757 1224 αὐτοκράτορα
1791 1189 1854 1222 γὰρ

1049 1237 1130 1272 ἡμεῖς
1156 1236 1203 1262 τὶν
1231 1235 1296 1261 Θεὸν
1322 1234 1370 1260 καὶ
1398 1234 1501 1268 Κύριον
1524 1233 1605 1259 αὑτὸν
1622 1233 1721 1259 ἑαυτοῦ
1739 1233 1855 1263 εἰδότες

1050 1282 1184 1313 ἑκουσίως
1198 1281 1280 1308 αὐτὸν
1295 1280 1341 1306 καὶ
1359 1280 1471 1306 θέλοντα
1488 1279 1535 1305 τὸν
1560 1279 1625 1305 Υίὸν
1639 1278 1855 1312 γεγεννηκέναι

1051 1327 1171 1359 εὐσεϐῶς
1187 1326 1393 1361 ὑπειλήφαμεν.
1407 1324 1588 1355 Πιστεύοντες
1603 1324 1632 1349 δὲ
1650 1322 1788 1358 ὲμφόὸως
1802 1325 1856 1349 καὶ

1051 1375 1081 1402 τδ
1094 1374 1159 1410 περὶ
1172 1373 1256 1400 αὑτοῦ
1270 1373 1430 1406 λεγόμενον,
1448 1371 1557 1404 Κύριος
1572 1370 1676 1397 ἐκτισέ
1684 1378 1724 1404 με
1744 1370 1857 1404 ἀρχὴν

1052 1420 1130 1447 ὁδῶν
1142 1419 1247 1450 αὐτοῦ,
1261 1420 1304 1452 εις
1315 1418 1386 1452 ἔργα
1398 1417 1503 1448 αὑτοῦ,
1515 1418 1564 1451 οὐχ
1577 1415 1678 1451 ὁμοίως
1692 1415 1778 1442 αὑτὸν
1791 1416 1857 1446 τοῖς

1052 1466 1086 1493 δι’
1106 1465 1188 1493 αὐτοῦ
1207 1465 1367 1500 γενομένοις
1396 1463 1547 1497 κτίσμασιν
1562 1462 1578 1497 ἢ
1592 1463 1734 1497 ποιήμασι
1750 1469 1858 1495 γεγεν-

1016 1526 1040 1558 c
1054 1511 1152 1546 νῆσθαι
1171 1510 1298 1545 νοοῦμεν.
1315 1508 1428 1540 ’Λσεόὲς
1444 1508 1498 1543 γὰρ
1515 1508 1562 1534 καὶ
1576 1507 1626 1541 τῆς
1648 1506 1857 1558 ὲκκλησιαστι.

1055 1559 1105 1592 κῆς
1119 1558 1237 1589 πίστεως
1254 1556 1395 1591 ἀλλότριον
1411 1555 1440 1581 τὸ
1451 1555 1498 1582 τὸν
1514 1554 1627 1588 κτίστην
1641 1555 1701 1585 τοῖς
1711 1553 1748 1580 δι’
1762 1554 1857 1581 αὑτοῦ

1055 1603 1229 1637 ὲκτισμέ-ίοις
1258 1601 1487 1637 δημιουργήμασι
1518 1600 1721 1635 παραϐάλλειν,
1738 1601 1791 1626 καὶ
1807 1601 1859 1627 τὸν

1055 1649 1136 1676 αὑτὸν
1151 1649 1202 1684 τῆς
1216 1649 1350 1680 γενέσεως
1362 1649 1418 1678 τοῖς
1429 1647 1580 1681 ἀλλοτρίοις
1592 1646 1694 1682 τρόπον
1708 1646 1787 1681 ἔχειν
1806 1648 1861 1673 καὶ

1055 1696 1137 1722 αὐτὸν
1152 1695 1286 1729 νομίζειν.
1306 1694 1396 1720 Μόνον
1413 1693 1466 1727 γὰρ
1483 1693 1531 1719 καὶ
1545 1692 1636 1727 μόνως
1650 1692 1697 1718 τὸν
1713 1693 1860 1727 μονογενῆ

1057 1742 1121 1768 Υῑὸν
1140 1741 1260 1774 γνησίως
1276 1748 1305 1766 τε
1334 1740 1381 1766 καὶ
1396 1738 1506 1774 ἀληθῶς
1534 1738 1711 1764 διδάσκουσιν
1724 1739 1807 1772 ἡμᾶς
1830 1739 1861 1765 αἱ

1058 1787 1128 1814 θεῖαι
1140 1787 1247 1821 Γραιραὶ
1260 1786 1462 1819 γεγεννῆσθαι·
1489 1785 1549 1811 ἀλλ’
1564 1785 1626 1811 οὐδὲ
1643 1785 1690 1812 τὸν
1704 1785 1772 1811 Υἱὸν
1791 1785 1862 1811 καθ’

1058 1833 1154 1859 ἑαυτὸν
1167 1830 1248 1863 εἶναι,
1265 1831 1315 1866 ζῇν
1329 1840 1358 1857 τε
1378 1831 1425 1857 καὶ
1442 1831 1577 1866 ὑπάρχειν
1589 1829 1690 1864 ὁμοίως
1703 1829 1744 1864 τῷ
1763 1831 1863 1866 Πατρὶ

1057 1879 1193 1913 λέγοντες,
1207 1878 1250 1904 διὰ
1269 1877 1347 1903 τοῦτο
1370 1877 1526 1912 χωρίζομεν
1551 1875 1633 1903 αὐτὸν
1648 1876 1695 1902 τοῦ
1718 1876 1837 1910 [ἰατρὸς
1853 1895 1861 1907 ,

1056 1926 1157 1955 τόπους
1167 1923 1252 1950 δὲκαὶ
1264 1922 1438 1957 διαστήματα
1449 1931 1511 1948 τινα
1523 1921 1626 1957 μεταξὺ
1636 1921 1685 1956 τῆς
1697 1923 1862 1955 συναφείας

1058 1969 1147 1997 αὐτῶν
1162 1968 1326 2004 σωματικῶς
1340 1967 1511 1998 ἐπινοοῦντες
1522 1975 1529 1982 ·
1548 1966 1781 2000 πεπιστεύκαμεν
1801 1968 1862 2002 γὰρ

1057 2015 1244 2051 ἀμεσιτεύτως
1272 2014 1371 2045 αὐτοὺς
1396 2015 1444 2040 καὶ
1461 2013 1631 2044 ἀδιαστάτως
1647 2013 1860 2046 ὲπισυνῆφθαι,

1059 2063 1105 2089 καὶ
1120 2061 1280 2097 ὰχωρίστως
1301 2060 1438 2094 ὑπάρχειν
1451 2059 1558 2086 ἑαυτῶν
1569 2078 1576 2091 ,
1589 2058 1649 2085 ὅλον
1666 2057 1719 2093 μὲν
1731 2058 1782 2085 τοῦ
1803 2061 1863 2087 [Ια-

1058 2107 1122 2143 τρὺς
1145 2105 1374 2141 ἐνστερνισμένου
1400 2105 1446 2132 τὸν
1478 2105 1560 2136 Υἰὸν,
1589 2105 1651 2131 ὅλου
1670 2105 1700 2131 δὲ
1717 2105 1767 2131 τοῦ
1786 2106 1862 2133 Υἱοῦ

1059 2154 1247 2189 ἐξηρτημένον
1277 2152 1324 2178 καὶ
1353 2151 1582 2187 προσπεφυκότος
1606 2151 1645 2184 τῷ
1671 2151 1785 2186 Πατρὶ,
1813 2154 1864 2179 καὶ

225 2195 279 2221 tive
305 2200 387 2228 atque
411 2201 476 2222 vere
498 2195 619 2229 genitum
644 2203 714 2226 esse,
730 2203 779 2222 nos
791 2196 977 2225 divinaaLitth

1113 2208 1143 2226 ου
1157 2200 1213 2230 τοῖς
1228 2197 1367 2233 πατρῴοις
1390 2198 1502 2229 κόλποις
1529 2196 1744 2231 ἀναπαυομένου
1761 2198 1863 2232 διηνε-

225 2240 336 2267 docent.
351 2239 422 2272 Quin
442 2247 530 2274 neque
549 2239 614 2266 dum
630 2240 729 2267 Filium
742 2249 791 2275 per
802 2241 921 2276 seipsum
937 2251 1009 2276 esse,

226 2286 329 2316 \ivere,
359 2292 388 2313 et
419 2286 555 2313 exsistere
585 2286 768 2314 consimiliter
787 2287 860 2315 Patri
879 2288 1009 2323 dicimus,

225 2337 371 2368 propterea
396 2339 457 2359 eum
481 2340 495 2358 a
518 2332 598 2360 Patre
613 2341 798 2368 segregantus,
809 2334 869 2362 lo’ca
882 2339 911 2363 et
924 2336 1009 2363 inter-

225 2379 294 2406 valla
322 2378 445 2415 quaedam
471 2378 545 2406 inter
561 2386 656 2406 eorum
672 2380 895 2415 conjunctionem
909 2389 1009 2417 corpo-

224 2426 320 2452 raliter
344 2425 533 2459 imaginantes.
557 2424 701 2452 Credimus
729 2426 803 2453 enim
827 2426 887 2454 sine
904 2428 1006 2462 medio,

226 2475 254 2497 et
270 2471 329 2497 sine
344 2471 434 2505 spatio
462 2471 527 2502 ullo,
545 2471 618 2505 ipsos
629 2472 793 2507 conjunctos
805 2480 877 2505 esse,
892 2478 921 2501 et
934 2474 1009 2501 inse-

228 2517 387 2550 parabiliter
410 2525 424 2544 a
438 2517 536 2551 scipsis
544 2517 678 2544 exsistere
694 2525 701 2544 :
716 2517 798 2545 Patre
812 2519 923 2553 quidem
934 2527 1010 2547 com-

228 2562 373 2595 plectente,
403 2568 432 2590 et
465 2564 569 2598 pectori
603 2564 758 2598 applicante
780 2565 1007 2593 Filiumrtotum:

229 2607 297 2633 Filio
308 2615 371 2634 vero
384 2613 441 2635 toto
453 2616 566 2643 prorsus
584 2608 713 2635 devincto
727 2615 754 2636 et
770 2610 906 2645 applicato
921 2610 1009 2644 Patri,

226 2660 314 2686 coque
327 2654 385 2680 solo
402 2659 533 2688 perpetuo
549 2654 576 2681 in
585 2655 646 2682 sinu
657 2659 770 2688 paterno
780 2658 991 2691 conquiescente
1001 2678 1008 2684 .

228 2698 321 2732 Itaque
339 2718 347 2731 ,
363 2699 389 2726 in
422 2700 511 2727 tnodis
536 2700 665 2728 omnibus
683 2700 831 2735 perfectam
846 2707 876 2729 et
890 2705 1007 2730 sanctis-

228 2745 325 2771 simam
357 2744 518 2773 Trinitatem
550 2746 694 2774 credentes
724 2746 886 2783 Patremque
922 2749 1006 2778 Deum

269 2839 276 2854 '
295 2839 367 2867 Prov
391 2847 453 2873 nu,
461 2839 505 2867 ‘12.

1061 2246 1127 2278 κῶς.
1144 2244 1321 2276 Πιστεύοντες
1336 2242 1382 2271 οὖν
1393 2245 1433 2274 είς
1443 2244 1492 2278 τὴν
1508 2243 1668 2270 παντέλειον
1683 2243 1794 2278 Τριὰδα
1810 2245 1863 2279 τὴν

1060 2292 1227 2327 ἁγιωτάτην,
1239 2291 1285 2317 τὸν
1301 2290 1412 2325 Πατέρα
1425 2289 1551 2323 λέγοντες
1565 2289 1634 2315 Θεδν
1649 2288 1754 2314 καὶτὸν
1773 2289 1862 2322 Yth,

1060 2339 1090 2365 οὐ
1106 2338 1154 2364 δύο
1168 2337 1280 2369 τούτους
1296 2337 1385 2367 θεοὺς,
1399 2335 1457 2362 ἀλλ’
1469 2335 1517 2362 ἕνα
1533 2334 1720 2370 ὁμολογοῦμεν
1735 2335 1818 2361 κατὰ
1833 2336 1863 2362 τὸ

1060 2385 1108 2419 τῆς
1124 2384 1250 2419 θεότητος
1280 2382 1401 2417 ἀξίωμα,
1429 2382 1477 2409 καὶ
1494 2382 1559 2417 μίαν
1587 2381 1689 2416 ἁκριὸῆ
1705 2380 1758 2415 τῆς
1777 2381 1863 2416 βασι-

1061 2428 1137 2460 λείας
1165 2428 1214 2463 τὴν
1231 2427 1398 2461 συνάφειαψ
1426 2426 1649 2460 πανΙταρχοῦντος
1666 2425 1715 2460 μὲν
1732 2426 1862 2453 καθόλου

1062 2474 1108 2500 τοῦ
1135 2473 1243 2508 Πατρδς
1278 2474 1387 2499 πάντων
1404 2471 1452 2499 καὶ
1477 2472 1562 2498 αὑτοῦ
1592 2471 1640 2497 τοῦ
1660 2469 1737 2502 Υἱοῦ,
1754 2471 1809 2498 τοῦ
1834 2472 1862 2499 δὲ

1061 2520 1128 2548 Υίοΰ
1155 2520 1381 2554 ὑποτεταγμένοι»
1411 2518 1450 2553 τῷ
1477 2517 1583 2552 Πατρί·
1617 2516 1695 2547 ὲκτὺς
1722 2516 1752 2542 δὲ
1769 2517 1861 2544 αὗτοῦ

1061 2568 1171 2594 πάντων
1192 2565 1247 2593 τῶν
1273 2565 1332 2601 μετ’
1344 2564 1426 2592 αὑτὸν
1443 2563 1634 2599 βασιλεύοντος
1645 2562 1700 2589 τῶν
1713 2562 1749 2588 δι’
1767 2564 1861 2590 αὑτοῦ

1061 2612 1226 2647 γενομένων,
1256 2612 1304 2638 καὶ
1320 2611 1370 2646 τὴν
1389 2609 1436 2637 τοῦ
1470 2610 1548 2644 ἁγίου
1576 2608 1738 2643 Πνεύματος
1770 2610 1861 2645 χάριν

1062 2658 1186 2692 ἀφθόνως
1195 2658 1252 2689 τοῖς
1264 2657 1351 2692 ἁγίοις
1361 2656 1534 2692 δωρουμένου
1546 2655 1672 2690 πατρικῷ
1684 2655 1768 2690 βουλή
1774 2665 1859 2691 ματι.

1063 2704 1141 2730 οὕτω
1154 2704 1206 2737 γὰρ
1227 2704 1273 2730 τὸν
1299 2703 1364 2737 περὶ
1376 2702 1426 2737 τῆς
1437 2703 1467 2729 ὲν
1487 2701 1599 2736 Χριστῷ
1617 2702 1774 2736 μοναρχίας
1793 2711 1863 2729 συν-

1064 2750 1190 2778 ίστασθαι
1220 2750 1299 2785 λόγον
1314 2749 1540 2786 παραδεδώκασιν
1553 2749 1618 2784 ἡμῖν
1634 2748 1657 2775 ot
1676 2749 1748 2784 ἱεροὶ
1766 2748 1859 2785 λόγοι.
