1904 3070
49 145 88 178 257

50 259 89 276 σαν
101 249 187 274 πίστιν
213 245 384 279 πλατύτερον
410 241 664 277 ὲπεξεργὰσασίὶαι,
695 239 725 266 οὐ
752 239 822 264 κατὰ

52 293 162 329 περιττὴν
178 290 354 326 φιλοτιμίαν,
369 289 427 316 ἀλλ’
445 289 490 315 ἵνα
506 288 596 313 πᾶσαν
619 287 670 320 τὴν
685 285 756 311 κατὰ
773 285 823 318 τῆς

49 339 168 374 ἡμετέρας
208 335 374 369 ὑπολήψεως
414 333 559 367 ἀλλοτρίαν
600 330 822 364 ἀποκαθάρωμεν

49 386 152 419 ὺπεψίαν
179 383 256 416 παρᾶ
286 383 342 412 ’τοῖς
364 380 398 406 τὰ
415 379 478 405 καθ’
505 377 584 413 ἡμῶν
612 375 759 411 ἀγνοοῦσι·
775 374 822 400 καὶ

50 431 135 465 γνῶσιν
146 430 169 456 οἱ
188 429 260 455 κατὰ
273 428 325 462 τὴν
340 427 413 453 δόσιν
434 425 535 455 πάντες
550 423 620 457 ὁμοῦ
645 423 695 456 μὲν
714 423 762 456 τῆς
778 430 825 447 συ-

50 475 182 509 χοφαντίας
197 474 252 499 τῶν
282 470 447 507 ἑτεροδόξων
475 469 523 503 τὴν
539 468 688 499 ἀναέδειαν,
704 465 774 501 ὁμοῦ
795 465 824 492 δὲ

50 521 90 546 καὶ
107 520 155 546 τῶν
184 518 356 545 ἀνατολικῶν
376 517 406 543 τδ
431 514 663 550 ἐκκλησιαστικὸν
681 513 822 548 φρόνημα,

51 564 262 599 μαρτυρούμενον
299 562 438 592 ἀΰιὰστως
463 561 517 587 ὑπὸ
547 559 601 586 τῶν
635 558 825 585 θεοπνεύστων

49 611 151 644 Γραφών
183 610 250 643 παρ’
270 608 364 639 αὐτοῖς
383 607 581 641 ἀδιαστρόφως.
615 614 624 630 ›
654 604 698 630 Ἐν
720 602 825 633 τούτοις

48 657 115 690 μὲνὴ
135 655 319 690 μακρόστιχος
339 653 431 688 ἐκείνη
448 652 557 682 ἔκθεσις
570 650 763 684 περιείληπτο.

64 146 88 168 τῆ
503 135 807 168 ECCLESIASTlC/E
826 134 1023 165 HISTORIIE
1043 133 1120 164 LIB.
1143 134 1193 164 1X.

48 204 124 231 Τιῦτα
136 200 355 236 ἡναγκάσθησαν
377 197 444 233 μετὰ
460 197 510 232 τὴν
526 197 555 222 ὲν
569 195 687 230 ἐπιτομῇ
705 193 822 220 ἐκτεθεῖ-

887 192 1009 224 licenles,
1041 196 1069 218 et
1099 190 1209 221 Filium.
1236 196 1291 216 non
1320 188 1395 223 ipsos
1422 190 1493 217 duos
1513 190 1590 224 deos,
1609 193 1657 220 sed

1604 134 1659 165 23

875 245 959 264 unutn
992 236 1168 266 confitemur,
1183 236 1259 270 juxta
1272 235 1424 262 divinitatis
1441 236 1658 270 amplitudinem,

874 288 902 310 ct
932 291 1014 309 unam
1045 287 1148 309 certam
1171 282 1381 316 absolutamque
1397 283 1472 317 regni
1487 284 1658 317 conjunctio-

875 336 938 354 nem
955 337 962 355 :
979 327 1170 354 universarum
1193 327 1302 360 quidem
1315 334 1406 353 rerum
1424 335 1472 361 per
1487 329 1578 354 omnii
1597 337 1658 354 cum

875 381 982 401 summa
1011 377 1146 406 potestate
1174 373 1318 407 imperium
1343 373 1485 401 obtinente
1512 374 1644 401 Patreom

875 419 964 450 nium.
990 424 1018 446 et
1042 419 1128 453 ipsius
1158 418 1219 445 Filii
1239 418 1294 453 tt);
1314 419 1382 446 Filio
1399 425 1490 446 autem
1507 420 1579 447 Patri
1599 421 1644 453 qui

875 466 936 492 dem
965 465 1101 500 subjecto,
1116 469 1195 492 extra
1215 472 1279 492 vero
1305 473 1367 492 enm
1384 466 1510 493 universa
1525 471 1585 500 post
1597 475 1660 492 cum

875 518 935 545 qua:
963 518 1012 545 per
1043 510 1133 544 ipsum
1160 511 1230 537 facta
1256 516 1322 538 sunt
1354 515 1476 546 regente,
1502 512 1662 546 clSpirittts

876 556 963 582 sancti
983 556 1085 590 prolixe
1107 564 1139 583 ex
1162 557 1302 584 voluntate
1332 557 1421 584 Patris
1437 558 1549 592 gratiam
1560 559 1663 584 sanctis

876 603 1007 630 donante.
1041 603 1122 638 695
1146 604 1185 630 Ad
1213 604 1286 630 hunc
1314 604 1662 637 enitnmodum,ordinein

877 655 904 676 et
920 650 1054 676 rationem
1068 650 1233 677 monarcbim
1263 650 1398 684 uniusque
1422 651 1528 684 imperii
1541 650 1567 676 in
1584 650 1664 677 Chri-

47 710 80 731 sto
100 709 225 730 constare
255 702 339 729 nobis
355 709 430 729 sacra
458 699 605 735 prodidere
619 698 743 726 oracula.
778 697 841 724 Haec
862 702 893 724 ut
927 702 990 732 post
1001 698 1155 725 breviorem
1177 698 1238 724 fidei
1254 697 1400 724 formulam
1433 697 1521 724 fusius
1543 705 1662 731 expone-

47 759 138 783 rcmus,
170 750 324 777 necessitas
354 748 432 775 nobis
461 747 590 782 imposita
621 750 674 777 est,
704 753 759 771 non
794 752 844 778 per
864 745 1030 779 superfluam
1052 745 1242 777 ambitionem,
1271 744 1326 771 sive
1345 744 1584 776 venditationem,
1615 744 1662 770 sed

48 805 71 825 ut
84 807 189 825 onmem
201 799 322 825 alienam
336 791 525 831 susplcionem
560 799 657 822 contra
695 793 861 820 sententiam
883 797 1006 819 nostram
1035 797 1205 826 conceptam,
1235 791 1306 826 apud
1330 799 1377 818 eos
1411 792 1522 826 quires
1556 797 1664 818 nostras

48 847 174 880 ignorant,
189 846 438 880 ahstergeremus:
458 847 486 870 et
511 847 541 869 ut
573 841 765 870 Occidentales
801 848 896 868 omnes
929 848 990 867 cum
1031 840 1174 868 calumniae
1200 839 1422 866 adversariorum
1454 839 1663 873 impudentiam,

47 899 95 920 tum
123 893 344 920 ecclesiasticam
376 891 558 919 Orientalium
585 888 744 925 opinionem
782 891 959 922 cognoscant,
983 887 1027 914 cui
1055 887 1177 922 opinioni
1203 887 1335 913 divinitus
1351 887 1486 920 inspirata
1506 886 1666 920 Scriptum,

47 949 98 974 qua:
111 941 182 975 apud
207 948 257 968 eos
277 940 414 966 inviolata:
428 942 637 969 conservantur,
659 944 705 972 per
726 936 827 963 nullam
847 941 968 962 coactam
995 940 1042 962 aut
1057 935 1203 962 violentam
1231 934 1496 970 interpretationem,
1521 934 1666 969 perhibent

48 987 236 1014 testimonium.
253 996 262 1013 ι
282 987 340 1014 Hoc
367 986 477 1021 quidem
495 985 576 1012 modo
592 984 723 1019 prolixior
740 983 785 1009 illa
797 983 932 1017 expositio
946 983 1035 1010 fuerat
1050 982 1185 1009 instituta.

336 1056 459 1084 ΚΕΦΑΛ.
478 1054 528 1082 1Β¹.

189 1105 258 1140 Περὶ
270 1103 328 1137 τῆς
341 1103 375 1129 ἑν
388 1100 520 1136 Σαρὸικῇ
535 1100 681 1128 συνόδου.

82 1164 122 1196 Ὦς
137 1164 161 1190 δ’
174 1162 319 1196 ἀτέῃξίωτο
336 1161 392 1191 τοῖς
410 1160 438 1186 ὲν
452 1158 568 1193 ἑσπέρα.
587 1157 720 1187 Κώνστας
734 1157 747 1182 ὁ
763 1156 831 1183 Καῖ-

49 1220 92 1246 στρ
113 1211 179 1245 μίαν
193 1207 348 1244 ᾔτειχὰριν
366 1205 411 1232 τὸν
428 1204 553 1237 ἀδελφὸν,
571 1202 668 1237 Παύλῳ
690 1202 735 1228 καὶ
749 1201 831 1227 Ἀθα-

48 1257 125 1292 vutg:
142 1256 207 1286 τοὺς
221 1253 341 1283 οἰκείους
357 1251 472 1286 θρόνους
484 1249 641 1276 ἀναλαϐεῖν,
665 1248 708 1278 Ὠς
721 1247 748 1273 δὲ
763 1247 831 1282 γρά-

49 1313 98 1338 φων
112 1302 190 1329 οὐδὲν
210 1300 313 1335 μᾶλλον
329 1299 406 1333 ἤνυε,
419 1296 473 1323 τῶν
486 1296 519 1322 δι’
535 1295 662 1325 ἐναντίας
681 1293 832 1327 ἀντιπρατ-

47 1351 152 1381 τόντων,
181 1348 230 1374 καὶ⁸
255 1346 310 1372 τῶν
339 1344 414 1370 λαῶν
436 1343 481 1370 διὰ
508 1341 595 1368 ταῦτα
619 1339 830 1371 στασιαζόντων,

49 1396 205 1430 προσιόντες
218 1393 380 1418 Κώνσταντι
393 1390 418 1415 ot
429 1389 493 1422 περὶ
506 1386 623 1418 Παῦλον,
635 1385 743 1411 σύνοδον
751 1383 833 1418 ᾔτουν

47 1439 237 1475 οἱκουμενικὴν
254 1436 395 1471 γενέσθαι,
413 1434 483 1461 ὥστε
498 1433 530 1468 δὴ
546 1432 594 1459 καὶ
604 1431 639 1457 τὰ
651 1431 699 1464 τῆς
715 1430 834 1460 πίστεως

48 1488 91 1513 καὶ
107 1487 141 1512 τὰ
159 1484 221 1511 κατ’
251 1482 352 1513 αὐτοὺς
382 1480 504 1516 ἁκριῦῶς
528 1478 692 1511 ἑτασθῆναι.
709 1475 764 1511 Τὴν
780 1476 834 1510 γὰρ

48 1532 206 1568 καθαίρεσιν
223 1530 357 1564 ὑποσχεῖν
370 1525 533 1554 διετείνοντο
551 1524 596 1551 διὰ
610 1524 640 1550 τδ
651 1524 700 1558 τῆς
716 1523 835 1553 πίστεως

50 1578 209 1614 ακραιιρνές.
227 1575 330 1609 Γνώμη
347 1574 439 1599 τοίνυν
457 1573 514 1598 τοῖν
528 1571 602 1597 δυοῖν
617 1569 756 1605 βασιλέοιν
781 1568 836 1602 ὲγί-

50 1634 115 1658 νετο,
130 1626 194 1655 τοὺς
208 1622 256 1658 ἀφ’
270 1621 409 1655 ἑκατέρας
435 1617 593 1653 ἀρχομένης
614 1617 781 1646 ἐπισκόπους
796 1616 836 1646 εὶς

51 1671 132 1705 ῥητὴν
144 1669 253 1705 ἡμέραν
267 1665 435 1693 καταλαϐεῖν
449 1665 498 1699 τὴν
511 1662 658 1699 Σαρδικὴν,
680 1662 792 1696 Ἰλλυρὶς
808 1661 836 1687 δὲ

1173 1053 1288 1081 CAPUT
1307 1053 1366 1080 XII.

1110 1099 1148 1126 De
1166 1099 1317 1126 Sartlicensi
1328 1100 1438 1134 synodo.

918 1158 951 1185 Ut
967 1162 1058 1184 autem
1074 1158 1108 1184 ab
1123 1157 1348 1186 Occidentalibus
1366 1164 1408 1187 est
1428 1160 1582 1194 repudiata,
1598 1161 1669 1189 Con-

882 1209 958 1231 stans
973 1204 1064 1230 Caesar
1082 1211 1166 1230 unum
1185 1204 1252 1231 illud
1270 1212 1284 1230 a
1301 1204 1385 1232 fratre
1400 1205 1451 1232 sibi
1470 1206 1528 1232 dari
1546 1207 1668 1240 postula-

884 1250 933 1281 vit,
951 1255 980 1277 ut
995 1251 1096 1277 Paulus
1112 1253 1139 1276 et
1151 1249 1318 1276 Athanasius
1332 1251 1411 1277 sedes
1425 1259 1489 1278 suas
1503 1252 1668 1286 reciperent.

883 1295 918 1322 At
945 1303 1007 1322 eum
1036 1295 1137 1322 litteris
1161 1295 1219 1322 suis
1247 1295 1317 1322 nihil
1342 1295 1497 1327 effecisset.
1524 1302 1668 1331 propterea

884 1341 957 1375 quod
979 1341 1128 1367 adversarii
1144 1345 1241 1368 contra
1264 1341 1440 1368 niterentur:
1457 1347 1484 1368 et
1499 1350 1561 1369 cum
1580 1351 1670 1378 popu-

883 1388 926 1414 lus
952 1396 983 1415 ea
1010 1388 1043 1414 de
1068 1395 1149 1414 causa
1174 1387 1338 1414 seditionem
1363 1394 1495 1421 moveret,
1522 1388 1622 1416 Paulus
1641 1395 1669 1416 et

884 1434 1051 1462 Athanasius
1070 1440 1179 1460 rursum
1197 1432 1374 1460 Constantem
1396 1433 1501 1463 adiere.
1516 1438 1545 1460 et
1563 1439 1592 1461 ut
1609 1436 1670 1462 uni-

885 1480 1000 1508 versalis
1021 1480 1141 1514 synodus
1161 1483 1306 1513 cogeretur
1328 1479 1443 1513 petiere.
1462 1484 1493 1507 ut
1511 1480 1545 1508 de
1567 1481 1672 1516 profes-

886 1527 963 1554 sione
981 1525 1055 1558 fidei,
1072 1530 1100 1552 et
1122 1525 1156 1552 de
1173 1532 1267 1552 eorum
1284 1525 1375 1552 cauais
1394 1526 1549 1553 accuratius
1567 1535 1609 1554 res
1623 1535 1672 1555 ex-

887 1573 988 1608 plorari
1012 1577 1113 1607 posset.
1137 1572 1376 1599 Exanctorationis
1396 1573 1469 1599 ettim
1495 1573 1673 1607 ignominiam

886 1627 916 1646 se
930 1624 1041 1654 propter
1057 1618 1119 1645 ﬁdei
1135 1618 1322 1645 sinceritatem
1337 1617 1475 1645 sustinere
1490 1618 1672 1646 afﬁrmarunt.

887 1666 1060 1699 Quapropter
1075 1665 1109 1691 de
1127 1664 1243 1690 duorum
1263 1664 1460 1699 imperatorum
1477 1665 1593 1692 istorum
1612 1673 1673 1692 sen-

53 1716 126 1746 πὸλις
151 1714 232 1748 αὓτη,
264 1713 312 1738 τοῦ
345 1711 395 1747 μὲν
421 1710 573 1741 αἰτοῦντος,
597 1707 791 1735 Κωνσταντίου
807 1707 832 1733 δὲ

889 1712 973 1738 tentia
995 1715 1138 1741 statutum,
1154 1714 1183 1736 ut
1201 1709 1346 1744 utriusque
1369 1709 1477 1743 imperii
1494 1710 1616 1744 episcopi
1638 1710 1672 1736 ad

53 1761 246 1792 ὑπακούοντος,
268 1758 340 1784 ὥττε
355 1758 405 1791 τὴν
421 1757 515 1783 στάσιν
528 1755 698 1789 διαλυθῆναι.
717 1755 772 1780 Καὶ
781 1754 836 1779 ἀπὸ

54 1809 100 1843 μὲν
111 1807 163 1834 τῶν
181 1807 251 1841 πρὸς
271 1804 393 1838 ἑσπέραν
407 1802 500 1838 μερῶν
520 1801 592 1836 ἀμφὶ
607 1801 760 1834 τριακόσιοι
775 1809 837 1826 συν-

52 1857 128 1892 ῆλθον
147 1855 311 1886 ἐπίσκοποι,
326 1853 363 1883 ὥς
376 1849 427 1877 πού
449 1858 532 1885 φησιν
543 1850 556 1875 6
576 1848 648 1884 ἱερὸς
663 1846 835 1878 Ἀθανάσιος,

53 1905 82 1930 ὲκ
95 1903 120 1930 δὲ
131 1903 178 1937 τῆς
195 1902 235 1928 ἔω
249 1900 280 1933 ἓξ
296 1908 326 1925 τε
339 1899 387 1925 καὶ
400 1898 587 1932 ἐϐδομήκοντα
597 1903 605 1911 ο
625 1894 739 1925 Σαϐῖνος
751 1894 764 1919 6
778 1893 838 1919 Μα-

52 1950 165 1981 κεδόνιος
180 1947 264 1974 τοῦτό
280 1954 364 1980 φησιν
377 1952 384 1961 ·
404 1941 444 1972 οἷς
464 1941 677 1977 συγκατείλεκτο
688 1940 735 1966 καὶ
750 1937 838 1973 Ἰσχὺ-

55 2005 100 2031 pa;
119 1996 232 2025 ἐκεῖνος,
247 1994 262 2019 6
273 1992 305 2025 ἐξ
330 1989 427 2017 ἑαυτοῦ
445 1989 495 2023 τὴν
514 1987 667 2022 ἱερωσύνην
682 1985 836 2013 ἀναλαεών.

54 2042 104 2067 Καὶ
117 2040 188 2067 κατὰ
201 2038 285 2065 τοῦτο
301 2036 429 2070 διάφορος
445 2033 585 2064 καταστὰς
604 2031 768 2065 ’ΔΟανασίῳ,
782 2031 838 2062 τοῖς

54 2088 79 2113 δὲ
94 2087 124 2113 δι’
138 2084 269 2115 ἐναντίας
283 2081 418 2118 προσιὼν,
435 2081 483 2107 καὶ
504 2080 537 2106 τὰ
549 2078 635 2114 ψεύδη
663 2077 836 2112 συμπλάσας,

55 2133 198 2164 ἐπίσκοπος
226 2129 382 2165 Μαρεώτου
408 2127 473 2161 παρ’
505 2126 617 2152 ἐκείνων
649 2122 837 2158 ἀνεκηρύχθη.

55 2179 112 2205 οἱδ⁴
126 2179 201 2205 ἄλλοι
221 2177 253 2203 τὸ
271 2174 366 2201 στενὸν
383 2173 430 2200 τοῦ
453 2172 608 2207 ὁρισθέντος
635 2170 734 2206 καιροῦ
749 2170 778 2196 ἐν
794 2169 839 2196 αι-

55 2227 122 2256 τξαις
143 2225 270 2259 θέμενοι,
302 2221 521 2256 ἀπελείφθησαν,
548 2219 628 2248 ἄλλος
641 2218 704 2244 ἄλλο
722 2226 748 2243 τι
774 2224 840 2251 προ-

55 2266 339 2303 ϐαλλόμενοιβιουλῐΨ
351 2274 382 2298 γε
399 2264 452 2300 μὴν
469 2263 518 2299 τὴν
537 2262 641 2298 μέμψιν
654 2261 839 2292 ἀνατιθέντες,

55 2316 98 2341 καὶ
116 2315 203 2342 ταῦτα
223 2313 278 2347 προ
289 2313 376 2338 εἴκοσι
396 2309 490 2345 μηνῶν
507 2308 554 2343 τῆς
573 2307 692 2342 ἀφίξεως
709 2306 762 2333 τῶν
780 2306 841 2331 ἐπι-

57 2363 160 2388 τκάπων
175 2358 402 2393 κεκηρυγμένης.
428 2354 482 2382 Ἶῐν
495 2355 523 2380 δὲ
538 2353 618 2380 τοῦτο
637 2353 751 2380 δέκατον
768 2353 839 2382 ἔτος,

890 1759 963 1785 diem
990 1764 1096 1785 certum
1116 1757 1272 1789 Sardicam,
1288 1764 1348 1792 qua:
1374 1756 1479 1792 Illyrica
1503 1757 1600 1784 civitas
1620 1762 1672 1788 est.

890 1804 1081 1832 convenirent.
1103 1803 1130 1829 ld
1153 1803 1225 1838 quod
1246 1802 1381 1830 Constans
1399 1802 1438 1829 sic
1455 1803 1584 1836 petierat,
1600 1802 1674 1829 Con-

890 1850 1008 1876 stantius
1025 1853 1117 1875 autem
1137 1853 1301 1878 assenserat,
1320 1854 1348 1874 ut
1363 1847 1492 1874 videlicet
1507 1848 1605 1874 seditio
1621 1849 1676 1875 sol-

889 1898 1011 1920 veretur.
1031 1893 1119 1926 Atque
1135 1900 1166 1918 ex
1182 1892 1338 1918 Occidentis
1354 1892 1479 1925 partibus
1495 1892 1604 1918 circiter
1622 1897 1676 1919 trc-

890 1939 964 1966 centi
984 1945 1139 1965 convenere
1156 1937 1290 1971 episcopi,
1309 1937 1390 1964 sicuti
1414 1937 1514 1963 alicubi
1538 1945 1615 1964 sacer
1634 1938 1676 1965 di-

891 1987 929 2013 cit
943 1984 1110 2012 Athanasius
1131 1992 1137 2016 ς
1157 1991 1189 2010 cx
1207 1983 1318 2010 Oriente
1332 1991 1410 2015 vero,
1428 1982 1531 2009 Sabino
1550 1983 1675 2010 Maccdo-

891 2033 974 2059 niano
991 2030 1139 2060 referente,
1154 2037 1200 2056 sex
1212 2033 1243 2067 _et
1259 2029 1441 2064 septuaginta.
1456 2028 1562 2062 Quibus
1576 2037 1676 2056 aft'ell-

891 2086 939 2105 sus
961 2082 1004 2104 cst
1025 2081 1052 2104 et
1075 2076 1201 2111 lschyras
1220 2075 1277 2107 ille,
1292 2083 1325 2102 ex
1344 2083 1404 2103 sese
1427 2081 1504 2102 ortus
1523 2077 1676 2112 presbyter.

892 2123 933 2150 0b
947 2129 1030 2157 quam
1045 2128 1168 2153 causam,
1181 2128 1242 2148 cum
1258 2120 1395 2155 negotium
1408 2121 1433 2147 ei
1450 2128 1511 2148 cum
1527 2121 1678 2148 Athanasio

892 2173 985 2201 esset,
1008 2169 1036 2195 in
1062 2167 1286 2195 adversariorum
1310 2172 1404 2201 partes
1428 2167 1583 2200 concessit,
1605 2168 1677 2201 apud

892 2223 963 2250 quos
985 2219 1096 2250 propter
1125 2214 1268 2241 mendacia
1296 2213 1414 2240 conficta
1435 2213 1582 2248 episcopus
1608 2214 1678 2247 apud

893 2262 1033 2289 Mareoten
1058 2265 1100 2288 est
1123 2266 1243 2287 creatus.
1264 2259 1348 2294 696
1374 2259 1483 2294 Reliqui
1510 2265 1601 2286 autem
1629 2267 1679 2285 an-

894 2309 1000 2344 gustias
1029 2307 1173 2335 constituti
1203 2307 1336 2340 temporis
1367 2311 1568 2340 praetexentes,
1598 2310 1680 2338 atque

894 2356 964 2382 alius
987 2354 1069 2381 aliam
1093 2361 1204 2380 causam
1229 2353 1388 2387 alIrgnnles,
1409 2359 1462 2378 non
1489 2350 1678 2384 compnru‘erc.

56 2408 102 2440 ἅτ’
119 2405 148 2434 οὗ
170 2404 381 2433 Κωνσταντῖνος
409 2403 422 2428 6
437 2402 529 2436 πατὴρ
551 2401 608 2426 τοῖν
622 2399 758 2434 βασιλέοιν
772 2397 832 2432 πρδς

893 2401 1070 2429 Potissimum
1093 2407 1159 2426 vero
1182 2399 1208 2426 in
1230 2398 1333 2425 Juliutn
1350 2398 1457 2432 culpatn
1478 2398 1537 2430 ejus
1554 2397 1590 2422 rei
1613 2403 1663 2421 con

56 2454 103 2488 τὴν
116 2453 224 2487 ἀμείνω
238 2450 318 2484 λῆξιν
330 2449 443 2484 ἐχώρει,
458 2447 530 2474 Ἀλλ’
545 2447 570 2472 οἱ
584 2446 631 2482 μὲν
644 2445 718 2480 ἑῷοι.
741 2445 780 2476 εις
792 2444 842 2475 τὴν

54 2499 186 2525 Φιλίππου
217 2496 299 2523 πόλιν
322 2495 371 2530 τῆς
393 2495 505 2530 Θρᾴκης
521 2493 745 2526 γενόμενοι,τοῖς
764 2492 844 2517 ἐσπε-

57 2546 122 2579 ρίοις
137 2543 279 2579 ἔγραψαν,
294 2539 534 2576 προκαταλαϐοῦσι
546 2539 595 2574 τὴν
619 2537 763 2573 Σαρδικὴν,
780 2535 842 2563 διώ-

57 2591 153 2618 σασθαι
165 2591 232 2621 τοὺς
259 2589 325 2623 περὶ
338 2587 499 2614 ’Δθανάσιον
515 2588 563 2612 τοῦ
581 2585 723 2618 συλλόγου,
737 2584 774 2614 ὠς
789 2583 843 2610 ἄπο

56 2638 101 2664 τοῦ
125 2636 252 2672 ἱερᾶσθαι
274 2634 486 2669 γεγενημένοις·
519 2632 587 2666 μηδὲ
613 2632 667 2665 γὰρ
695 2630 728 2656 ἄν
754 2629 842 2660 ἄλλως

57 2683 122 2710 εἶναι
147 2684 208 2715 ἐξὸν
238 2683 281 2712 είς
312 2680 341 2706 ἓν
357 2681 497 2706 συνιέναι·
524 2678 619 2704 ἔπειτα
631 2676 719 2703 δὲκαὶ
737 2677 778 2707 εἰς
792 2675 842 2710 τὴν

57 2730 191 2764 Σπρδικὴν
216 2727 374 2763 γενόμενοι,
403 2725 437 2752 τὰ
464 2725 512 2752 ἴσα
536 2723 754 2758 διισχυρίζοντο·
773 2722 798 2748 οἱ
819 2720 842 2748 δ’

91 2820 127 2854 (l)
146 2820 236 2847 Etiam
254 2820 346 2851 aliter.
361 2823 388 2846 et
404 2819 521 2846 fortasse
535 2818 638 2846 rectius
653 2817 689 2844 ita
705 2818 774 2844 verti
793 2823 842 2854 po-

61 2852 131 2884 test}
150 2855 231 2882 Patre
255 2856 361 2890 quidem
383 2862 471 2882 rerum
487 2854 669 2880 universarum
693 2861 739 2888 per
755 2852 843 2878 omnia

896 2446 1032 2478 ferebant,
1049 2452 1111 2472 cum
1131 2444 1244 2479 quidem
1267 2443 1406 2470 mensibus
1424 2442 1518 2477 viginti
1539 2444 1601 2467 ante
1621 2440 1678 2473 epir

897 2499 1043 2527 scoporum
1059 2491 1206 2517 adventum
1220 2489 1278 2517 dies
1292 2493 1363 2516 esset
1379 2488 1537 2514 constituta.
1555 2486 1680 2512 Decimus

897 2539 920 2566 is
938 2543 999 2566 erat
1021 2545 1120 2569 annus,
1144 2545 1177 2563 ex
1200 2544 1254 2571 qtto
1277 2534 1485 2563 Constantianus.
1509 2532 1682 2565 imperaturis

898 2586 1042 2618 utrittsrlue
1064 2589 1154 2618 pater,
1174 2583 1207 2609 ad
1234 2582 1375 2609 meliorem
1401 2581 1564 2612 migraverat
1584 2578 1682 2605 vitam.

895 2629 930 2656 Et
945 2627 1112 2659 Orientales,
1128 2627 1175 2660 qui
1195 2625 1405 2660 Philippopolim
1423 2625 1449 2650 in
1466 2623 1582 2650 Thracia
1600 2631 1680 2650 vene-

896 2679 970 2708 rant,
981 2674 1216 2704 Occidentalibus,
1228 2673 1274 2706 qui
1287 2671 1406 2698 Sardica:
1416 2671 1471 2706 jam
1484 2676 1582 2705 pra-sto
1592 2673 1682 2702 erant,

895 2721 1042 2756 scripsere,
1068 2724 1098 2747 ut
1122 2719 1314 2751 Athanasium,
1340 2719 1456 2754 ejuSque
1479 2718 1629 2750 studiosos,
1652 2720 1683 2743 ut

894 2822 954 2842 cum
979 2820 1083 2840 summa
1101 2812 1396 2847 potestate‘imperium
1420 2811 1500 2839 etiam
1526 2809 1555 2837 in
1580 2806 1683 2836 Filium

899 2850 1040 2880 obtinente,
1055 2852 1109 2875 etc.
