1904 3070
218 176 271 210 263

835 168 1050 201 NICEPHORI
1068 166 1240 198 CALLlSTI

1804 165 1853 197 2η

219 237 286 264 lisse
301 234 352 270 (l).
371 233 481 268 Scripto
499 238 620 267 namque
632 237 667 258 eo
681 229 709 257 in
724 234 818 266 partes
832 236 896 257 suas
909 228 1010 260 diviso.

1083 226 1160 252 έλλου
1176 223 1311 260 ἀνέτρεψε
1334 222 1508 258 σύγγραμμα
1519 243 1528 257 ,
1543 222 1582 256 ὡς
1604 223 1652 250 καὶ
1667 222 1767 260 πρώην
1781 225 1855 261 εἰρη-

221 281 323 309 deinde
341 279 559 307 confutationem
577 278 660 305 infert
679 285 686 303 :
706 276 789 311 idque
805 276 832 303 in
852 278 909 302 toto
927 280 1011 309 opere

222 327 297 355 facit.
328 326 367 354 Ex
391 325 493 359 quibus
520 323 600 350 libris
624 322 754 350 Socrates
775 321 895 356 scriptor
921 319 1011 347 eccle-

223 372 352 400 siasticus
381 370 502 406 plurima
530 369 649 403 allegat,
679 371 848 401 quapropter
873 364 1011 392 Eusebius

223 418 301 453 quasi
318 417 439 444 Arianus
458 419 567 443 laxatus
580 414 624 440 sit.
643 414 682 440 Ac
696 412 827 446 deinceps
842 411 939 442 refert,
956 409 1014 444 pri-

223 471 274 491 mae
302 462 416 498 synodo-
441 469 504 489 eum
531 459 709 491 interfuisse,
736 457 850 491 aliisque
876 455 1015 490 episcopis

224 510 346 537 decretis
376 506 511 535 faciendis
537 504 712 533 consensisse
737 512 744 530 :
769 502 850 530 sicuti
877 500 1016 529 Eusebius

224 556 284 590 ipse
311 555 338 581 in
365 553 448 581 tertio
474 552 509 579 ad
535 550 746 579 Constantinum
772 549 844 575 libro
870 550 1014 574 memoret.

225 601 334 629 Profert
352 607 419 626 vero
436 599 508 626 idem
526 602 554 625 et
572 597 641 631 piam
664 596 723 630 ejus
743 595 769 621 in
792 593 871 626 illud,
890 593 1016 619 Dominus

225 646 323 674 creavit
338 654 378 672 me
392 645 499 671 initium
520 643 626 670 viarum
643 649 753 668 suarum
767 641 789 672 ¹,
806 639 1017 674 interpretatio-

226 700 300 725 nem,
324 691 351 718 iu
377 699 432 725 qua
460 690 518 716 haec
543 690 583 715 sic
608 688 730 715 scribit:
750 696 758 712 ι
780 686 858 720 Quod
883 685 1016 712 Dominus

226 737 348 771 seipsum
371 740 495 763 creatum
511 741 573 762 esse
592 733 642 765 ait.
661 740 715 760 non
734 732 786 759 hoc
801 739 867 759 sane
885 731 920 758 ita
938 731 1017 763 dicit,

227 787 357 817 tanquam
384 782 431 816 qui
458 785 539 807 antea
564 787 621 806 non
645 779 742 811 fuerit,
761 786 793 805 ac
817 782 874 804 tum
897 777 1017 812 primum

226 837 287 856 esse
303 828 420 862 coeperit
436 835 443 853 :
461 832 492 854 ut
517 824 750 860 quemadmodum
772 823 887 857 reliquie
908 827 1020 850 creatu-

229 882 277 906 m,
297 873 393 901 itidem
419 878 447 899 et
474 872 532 906 ipse
558 879 592 898 ex
616 878 672 897 non
695 869 845 897 exsistente
870 867 1017 899 exstiterit,

1065 279 1166 306 κάμεν,
1192 269 1228 296 τὰ
1254 269 1323 303 πρὸς
1345 269 1507 304 Μάρκελλον
1533 268 1696 304 ἐπιγράψας
1719 269 1752 296 ἰδ
1775 271 1855 297 σπού-

1065 319 1170 353 δασμα.
1184 317 1335 352 Διαιρὴσας
1354 315 1408 350 γὰρ
1426 317 1466 346 εἰς
1482 315 1564 350 μέρη,
1579 315 1677 342 ἔπειτα
1696 315 1748 351 τὴν
1765 317 1854 353 ἀντίρ-

1068 365 1150 399 ρησιν
1166 362 1275 396 ὲπάγει·
1285 363 1333 388 καὶ
1351 361 1432 388 τοῦτο
1442 361 1475 388 δι’
1487 360 1547 388 ὅλου
1567 363 1648 388 ποιεῖ.
1670 363 1716 396 Ἐξ
1730 359 1760 389 οὗ
1778 371 1855 389 σπον-

1066 411 1207 445 δάσματος
1224 409 1312 435 πολλὰ
1333 408 1496 444 παρατιθεὶς
1513 408 1664 444 Σωκράτης
1678 410 1693 436 ὀ
1712 409 1748 436 τὰ
1761 410 1856 444 ἐκκλη-

1067 456 1198 483 σιαστικὰ
1207 455 1451 489 συγγραψάμενος,
1464 455 1606 481 ἐνίσταται
1619 455 1745 487 πλεῖστα,
1755 455 1794 487 ὡς
1803 456 1857 481 6t:-

1069 503 1196 530 6ά).λοιτο
1219 501 1351 533 Εὐσέϐιος
1365 501 1399 527 τὰ
1418 500 1524 536 ’Δρείου
1542 501 1651 536 φρονῶν
1665 509 1671 516 ·
1692 503 1857 536 παρεισάγει

1068 548 1123 583 γὰρ
1133 548 1172 583 τῷ
1180 556 1209 574 τε
1221 549 1255 583 τῇ
1267 547 1363 581 πρώτῃ
1381 546 1484 581 συνόδῳ
1497 546 1579 572 αὐτὸν
1594 548 1736 581 παρεῖναι,
1746 548 1794 574 καὶ
1805 549 1857 579 τοῖς

1068 594 1171 624 λοιποῖς
1181 593 1322 627 ὁμόφρονα
1334 592 1504 627 καταστῆναι
1514 600 1521 607 °
1532 591 1568 623 ὡς
1582 591 1610 618 ὲν
1623 592 1662 625 τῷ
1671 593 1758 627 τρίτῳ
1767 593 1857 628 βιϐλίῳ

1069 639 1139 673 πρὸς
1155 639 1364 665 Κωνσταντῖνον
1376 638 1458 669 αὐτὸς
1472 638 1578 668 ἐκεῖνός
1601 646 1696 672 φησιν.
1721 638 1858 673 Ἑκτῐθῃσι

1068 685 1097 711 δὲ
1110 685 1158 711 καὶ
1169 685 1219 719 τὴν
1240 685 1280 715 εὶς
1303 684 1343 717 τὸ,
1364 684 1474 716 Κύριος
1490 683 1592 710 ἓκτισέ
1605 692 1643 718 με
1658 683 1762 718 ἀρχὴν
1785 684 1860 712 ὁδῶν

1068 729 1174 762 αὺτοῦ,
1192 730 1292 763 εὐσεὸἦ
1311 730 1452 764 ἐξήγησιν·
1463 729 1492 755 ὲν
1509 725 1525 765 ᾖ
1542 729 1589 755 καὶ
1599 729 1687 756 ταῦτά
1697 738 1797 765 φησιν·
1810 739 1819 755 t
1829 724 1859 756 Εἰ

1070 773 1099 799 δὲ
1112 773 1186 807 λέγει
1195 774 1209 799 ό
1219 773 1320 808 Κύριος
1333 772 1457 799 ἐκτίσθαι
1476 773 1584 807 ἑαυτὸν,
1599 773 1649 808 οὐχ
1661 773 1701 804 ὡς
1717 774 1751 800 ὲκ
1765 773 1812 800 τοῦ
1823 775 1860 808 μὴ

1071 818 1147 850 ὖντος
1159 820 1199 850 είς
1211 819 1242 846 τὸ
1255 817 1325 845 εἶναι
1339 819 1496 854 παρελθὼν,
1507 819 1595 846 ταῦτα
1604 819 1638 847 ἂν
1652 821 1725 847 εῐποι
1738 822 1795 853 τοῖς
1810 821 1861 848 λοι-

1073 866 1132 897 ποῖς
1144 866 1278 900 κτίσμασι
1290 866 1339 893 καὶ
1354 866 1436 898 αὐτὸς
1451 866 1553 900 ὁμοίως
1567 868 1599 894 ἐκ
1612 867 1658 894 τοῦ
1674 868 1713 903 μὴ
1729 869 1805 901 avra;
1815 879 1860 902 γε-

230 919 355 946 nonnulli
380 926 433 944 non
457 922 531 944 recte
557 921 740 950 acceperunt;
765 917 812 943 sed
834 920 865 942 ut
888 919 1017 942 constans

1080 911 1166 944 'ovtb;,
1180 912 1275 944 ὄτινες
1289 912 1339 938 οὐκ
1353 911 1443 948 ὀρθῶς
1463 913 1728 948 ὑπειλήφασιν,ἁλλ’
1746 916 1783 947 ὡς
1799 916 1862 949 ὑφε-

230 966 342 1000 quidetn
358 969 384 991 et
402 965 497 991 vivens
511 967 538 990 et
554 963 749 997 praeexsistens
764 966 846 996 atque
865 961 1020 989 subsistens

232 1016 295 1037 ante
322 1011 408 1037 totius
431 1009 526 1036 mundi
550 1008 792 1041 constitutionem,
812 1007 846 1034 ad
871 1007 1020 1042 regendum

231 1061 324 1083 autem
342 1060 370 1083 et
391 1055 642 1082 administrandum
661 1054 789 1081 universa
805 1062 819 1080 a
835 1054 951 1081 Domino
971 1061 1022 1080 suo

233 1102 321 1136 ipsius
347 1100 428 1127 Patre
448 1100 612 1132 ordinatus;
638 1104 668 1126 ut
693 1107 726 1126 eo
748 1099 809 1126 loco
830 1099 882 1126 hoc
906 1099 1022 1126 verbum

233 1147 342 1178 creavit,
362 1153 411 1180 pro
434 1145 518 1172 verbo
535 1145 665 1171 ordinavit
691 1151 739 1171 seu
770 1145 915 1176 constituit,
931 1145 967 1170 sit
982 1144 1022 1170 di-

235 1196 320 1218 ctum.
337 1191 437 1225 Aperte
452 1194 529 1217 certe
546 1189 658 1224 quidem
678 1188 820 1216 hominum
840 1188 978 1222 principes
996 1193 1023 1215 et

235 1238 321 1264 duces
351 1241 505 1263 creaturam
538 1235 693 1263 nominavit
723 1236 866 1270 apostolus
893 1235 988 1262 «licens
1014 1242 1022 1260 :

235 1283 351 1316 Subjccti
374 1282 455 1317 igitur
477 1286 559 1308 estote
577 1281 649 1308 omni
666 1281 790 1307 humana:
807 1287 938 1307 creaturae
961 1288 1024 1314 pro-

235 1334 293 1364 pter
319 1328 478 1358 Dominum,
503 1327 557 1354 sive
583 1327 638 1361 regi
661 1327 738 1362 quasi
764 1327 943 1361 prwcellenti,
972 1327 1026 1353 sive

234 1375 342 1401 ducibus
369 1381 498 1408 tanquam
519 1373 551 1400 ab
576 1381 605 1399 eo
625 1373 711 1400 missis
729 1373 751 1400 '.
780 1373 812 1399 lit
831 1373 965 1407 propheta
992 1379 1026 1399 ex

236 1429 353 1455 persona
376 1421 422 1446 Dei
438 1420 555 1447 dicens:
572 1419 639 1445 Ecce
664 1426 711 1454 ego
737 1419 848 1452 ﬁrmans
869 1419 1025 1450 tonitruum.

237 1471 262 1492 et
279 1474 372 1493 errans
391 1465 534 1500 Spiritum,
550 1470 574 1491 et
590 1465 754 1492 annuntians
770 1465 804 1491 ad
819 1466 936 1492 homines
953 1465 1029 1492 Cltri-

236 1517 306 1539 stum
320 1512 376 1546 ejus
392 1512 402 1527 ³
420 1521 426 1538 :
445 1512 495 1538 hoc
509 1511 624 1538 verbum
642 1519 748 1543 creatis,
762 1518 817 1538 non
831 1518 862 1538 ca
878 1511 1028 1542 sententia,

238 1558 312 1592 quod
341 1561 421 1584 antea
447 1564 503 1583 non
530 1556 624 1589 fuerit,
649 1557 771 1591 accepit;
796 1564 851 1584 non
873 1556 947 1583 enim
969 1560 1026 1583 tum

239 1603 311 1630 Dens
335 1603 440 1630 creavit
462 1602 607 1637 Spiritum,
629 1611 694 1630 cum
716 1602 853 1630 Christum
875 1610 956 1630 suum
980 1611 1029 1638 per

240 1654 304 1674 eum
331 1647 493 1675 hominibus
522 1647 716 1680 annuntiavit;
741 1654 832 1682 neque
856 1655 953 1674 recens
977 1647 1029 1674 sub

239 1694 297 1721 sole
311 1694 373 1723 fuit.
392 1694 445 1722 Sed
461 1694 553 1721 fuerat
568 1694 681 1728 quidem
695 1693 752 1728 ille,
766 1698 795 1721 et
808 1694 1028 1728 prmcxstiterat:

241 1740 342 1766 missus
359 1744 452 1766 autem
470 1743 528 1766 tum
546 1744 598 1771 est,
615 1747 670 1774 quo
687 1744 812 1774 tempore
832 1739 948 1773 apostoli
966 1747 1030 1766 con~

242 1785 346 1819 gregali
373 1791 452 1812 erant
473 1793 537 1813 cum
555 1786 640 1813 instar
656 1785 775 1813 tonitrus
797 1793 813 1812 e
837 1786 906 1813 ccelo
922 1785 1030 1813 sonitus

243 1832 382 1866 provenit,
401 1835 530 1866 tanquam
548 1832 723 1860 advenientis
740 1831 821 1859 ﬂatus
838 1832 1008 1859 vehementis
1022 1841 1029 1859 :

244 1877 296 1904 hoc
317 1878 401 1904 verbo
417 1885 521 1909 creans,
539 1885 590 1911 pro
606 1885 640 1904 eo
659 1877 733 1912 quod
757 1883 800 1904 est
818 1877 967 1908 demittant,
983 1882 1031 1905 aut

242 1922 369 1949 ordinans
394 1930 442 1950 seu
466 1927 598 1954 statuens,
617 1923 724 1956 posito;
747 1922 849 1949 tonitru
872 1930 936 1950 vero
960 1923 1029 1957 ipso,

242 1968 297 1995 alio
327 1970 446 2003 quodam
485 1969 566 1996 modo
593 1969 780 2004 evangelicam
809 1968 1031 2003 prtedicationcm

243 2014 428 2049 significante.
444 2015 511 2042 Tale
530 2019 572 2042 est
594 2020 622 2042 et
644 2014 712 2042 illud
729 2024 735 2042 :
754 2015 806 2042 Cor
825 2016 952 2043 mundum
971 2023 1031 2042 crta

244 2059 272 2086 in
289 2067 339 2091 me,
356 2060 423 2087 Deus
438 2061 458 2087 ⁸.
469 2061 550 2095 700
571 2061 617 2088 ubi
640 2069 696 2088 non
711 2061 756 2089 ille
774 2062 885 2096 quidem
902 2067 1032 2097 tanquatn

244 2113 293 2132 eor
310 2113 363 2131 non
379 2106 494 2138 habens,
508 2107 555 2134 sed
573 2112 602 2134 ut
615 2108 724 2134 tandem
740 2107 850 2134 habenti
865 2113 893 2135 et
906 2108 1034 2142 purifica-

247 2152 324 2176 r'etur
349 2155 376 2176 et
403 2151 594 2184 perficeretur,
617 2158 745 2186 precatus
765 2157 817 2179 est.
836 2153 870 2180 Et
888 2154 954 2181 illud
974 2163 980 2181 :
1001 2153 1032 2182 Ut

244 2200 348 2222 crearet
371 2196 436 2222 duos
461 2197 488 2223 in
516 2205 597 2223 unum
619 2205 712 2224 novum
733 2199 863 2225 hominem
877 2199 906 2233 ⁸,
925 2208 974 2234 pro
992 2209 1034 2228 co-

246 2246 318 2275 geret
342 2249 390 2268 seu
415 2248 598 2277 congregaret.
622 2243 691 2269 Vide
707 2250 790 2278 porro
805 2251 838 2270 an
856 2252 912 2271 non
932 2245 983 2273 tale
1000 2246 1036 2272 sit

247 2292 274 2313 et
293 2287 357 2313 illud
377 2299 381 2314 :
398 2287 505 2314 Iuduite
526 2296 620 2315 norum
638 2289 780 2320 hominem,
795 2291 937 2317 secundum
956 2291 1038 2318 Deum

246 2339 366 2359 creatum
379 2334 398 2360 ’⁵.
417 2334 483 2360 Itoni
502 2334 568 2360 illud
587 2343 593 2361 :
610 2334 640 2361 Si
653 2335 711 2369 quis
728 2335 754 2361 in
767 2335 871 2362 Christo
885 2345 1037 2366 novanetb

247 2385 308 2407 tura
324 2381 346 2414 7;
363 2387 391 2408 et
408 2389 581 2415 qtnrcunque
599 2387 664 2408 sunt
685 2383 833 2416 ejusmodi.
852 2383 885 2410 Ut
905 2392 938 2410 ne
955 2385 1038 2411 mire-

248 2428 297 2457 ris.
312 2427 335 2453 si
359 2428 548 2461 metaphoriec
562 2432 590 2454 et
605 2435 654 2462 per
671 2428 879 2456 translationem
900 2429 928 2456 in
947 2430 1037 2457 verbis

249 2474 309 2500 Istis
323 2483 329 2500 τ
347 2474 474 2502 Dominus
490 2475 587 2501 creavit
606 2483 646 2501 me
660 2475 686 2501 in
702 2476 778 2502 initio
791 2476 895 2502 viarum
909 2484 1036 2508 suarum;

247 2521 353 2552 crearit,
373 2529 421 2555 pro
444 2521 591 2551 constituit.
619 2526 664 2547 aut
689 2522 821 2548 ordinavit
837 2522 941 2549 dictum
958 2523 1004 2550 sit.
1024 2532 1034 2548 ι

249 2565 311 2591 [Luc
329 2567 355 2592 in
373 2569 456 2594 tertio
477 2569 613 2594 adversus
629 2567 788 2595 Marcellqu
806 2569 874 2595 libro
890 2569 1036 2596 Eusebius.

249 2611 379 2638 Socrates
396 2618 486 2640 autem
505 2613 563 2640 haec
586 2621 696 2648 quoquc
713 2614 789 2641 hisce
802 2614 894 2641 verbis
916 2623 965 2649 pro
983 2615 1038 2642 Eu-

249 2659 326 2685 sebio
343 2660 427 2685 refert
444 2668 450 2686 :
467 2669 475 2685 t
495 2660 563 2688 Cum
577 2661 669 2695 itaque
687 2661 823 2688 Eusebius
844 2661 959 2688 Nicama:
974 2670 1038 2696 syn-

253 2704 295 2730 adi
324 2705 491 2732 mentionem
514 2706 630 2740 faciens,
652 2707 741 2734 soluta
757 2715 819 2735 esse
833 2713 860 2735 et
876 2709 1038 2743 constituta,

298 2762 307 2777 ί
320 2761 478 2800 ιξι-ρ-νυνιιι,
491 2763 544 2800 22η
577 2765 586 2779 ²
603 2764 613 2792 l
629 2764 703 2792 Petr.
721 2765 754 2800 ll,
769 2765 870 2800 15,14.

251 2797 295 2824 24.
334 2796 379 2824 "ll
395 2797 459 2824 Cor.
475 2806 501 2832 v,
520 2799 564 2826 i7.

286 2879 324 2916 (i)
345 2881 423 2909 Socr.
442 2881 491 2910 lib.
511 2888 540 2915 tt,
557 2889 616 2917 cap.
634 2882 678 2910 ‘20.

1073 956 1143 989 στὼς
1164 956 1214 992 μὲν
1237 958 1286 984 καὶ
1300 957 1356 989 ζῶν
1367 977 1374 989 ,
1390 958 1483 994 προών
1498 967 1528 985 τε
1546 960 1593 986 καὶ
1611 961 1799 996 προῦπάρχων
1813 962 1861 995 τῆς

1072 1002 1120 1028 τοῦ
1137 1001 1239 1033 παντὸς
1251 1002 1357 1037 κόσμου
1375 1003 1665 1039 συστάσεω;.”Αρχειν
1677 1005 1706 1031 δὲ
1729 1007 1783 1032 τῶν
1795 1006 1863 1032 ὅλων

1072 1048 1124 1075 ὑπὸ
1135 1048 1181 1075 τοῦ
1196 1049 1300 1087 Κυρίου
1312 1049 1359 1075 τοῦ
1369 1049 1466 1076 ἑαυτοῦ
1483 1050 1589 1086 Πατρὸς
1605 1053 1841 1086 κατατεταγμένςς
1856 1072 1864 1084 ,

1072 1094 1120 1121 τοῦ
1134 1095 1276 1128 ἔκτισεν,
1291 1094 1412 1122 ἐνταῦθα
1431 1095 1493 1122 ἀντὶ
1515 1096 1561 1122 τοῦ
1580 1096 1746 1129 κατέταξεν
1763 1097 1779 1129 ἦ
1795 1106 1864 1124 κατ-

1072 1141 1254 1173 εσκεύασεν,
1266 1141 1425 1176 εἰρημένου.
1444 1141 1600 1177 Διαρῥήδην
1615 1142 1661 1168 οῑν
1676 1143 1741 1174 τοὺς
1765 1144 1793 1169 ἐν
1819 1144 1867 1169 ἁν-

1074 1187 1196 1223 θρώποις
1205 1187 1340 1222 ἄρχοντας
1353 1187 1401 1214 καὶ
1416 1188 1554 1222 ἡγεμόνας
1568 1187 1656 1215 κτίσιν
1672 1188 1816 1223 ὠνόμασεν
1825 1191 1866 1215 εἰ-

1075 1233 1135 1261 πὼν
1150 1234 1164 1260 ό
1183 1233 1333 1264 ἀπόστολος
1345 1240 1352 1247 ·
1373 1233 1559 1268 ’Υποτὰγητε
1572 1232 1630 1261 οὖν
1650 1234 1740 1271 πάσῃ
1755 1236 1866 1270 ἀνθρω-

1074 1280 1148 1313 πίνῃ
1158 1279 1256 1306 κτίσει
1269 1279 1318 1305 διὰ
1328 1279 1382 1306 τὸν
1393 1279 1503 1314 Κύριον
1511 1288 1518 1294 ·
1527 1281 1588 1307 εἴτε
1594 1280 1724 1312 ,βασιλεῖ
1732 1283 1773 1315 ὡς
1781 1284 1869 1316 ὑπερ-

1075 1325 1188 1359 ἐχοντι,
1200 1325 1260 1352 εἴτε
1275 1325 1423 1360 ἡγεμόσιν
1435 1325 1475 1358 ὡς
1487 1325 1523 1352 δι’
1540 1326 1633 1353 αὐτοῦ
1652 1328 1866 1362 πεμπομένοις.

1076 1372 1131 1398 Καὶ
1146 1372 1160 1397 ό
1175 1371 1261 1398 εἰπὼν
1277 1371 1304 1397 δε
1318 1371 1464 1406 προφήτης
1486 1372 1541 1398 ἀπὸ
1555 1372 1601 1399 τοῦ
1614 1372 1694 1406 Θεοῦ,
1716 1374 1796 1401 Ἰδοὺ
1810 1375 1868 1408 ἐγὼ

1077 1417 1210 1451 στερεῶν
1232 1418 1375 1452 ,βροντὴν
1390 1417 1441 1444 καὶ
1461 1418 1569 1450 κτίζων
1581 1419 1714 1454 Πνεῦμα,
1731 1422 1781 1447 καὶ
1795 1423 1869 1448 ἁπο-

1076 1465 1214 1491 στέλλων
1229 1466 1272 1497 είς
1293 1464 1473 1498 ἀνθρώπους
1492 1464 1549 1491 τὸν
1576 1466 1706 1499 Χριστὸν
1720 1467 1822 1499 αὐτοῦ,
1838 1468 1869 1494 τὸ

1078 1510 1194 1544 κτίζων,
1212 1512 1263 1537 οὐκ
1288 1512 1320 1538 ἐκ
1345 1510 1393 1537 τοῦ
1407 1511 1553 1545 γεγονότος
1569 1512 1610 1543 είς
1627 1512 1800 1548 ἀνυπαρξίαν
1813 1522 1866 1540 πα-

1083 1557 1215 1592 ρείληφεν
1227 1565 1234 1572 ·
1248 1557 1279 1584 οὗ
1295 1557 1349 1593 γὰρ
1366 1557 1426 1584 τότε
1445 1558 1554 1585 ἔκτισεν
1579 1560 1593 1585 ό
1607 1558 1674 1591 Θεδς
1692 1560 1723 1586 τδ
1742 1560 1868 1595 Πνεῦμα,

1082 1603 1126 1629 ὅτε
1144 1603 1190 1629 τὸν
1207 1602 1326 1638 Χριστὸν
1341 1603 1424 1630 αὐτοῦ
1450 1603 1484 1630 δι’
1501 1604 1586 1631 αὑτοῦ
1606 1606 1690 1631 πᾶσιν
1709 1607 1869 1642 ἀνθρώποις

1081 1649 1277 1683 κατήγγειλεν·
1292 1649 1352 1676 οὐδὲ
1377 1649 1431 1684 γὰρ
1454 1651 1612 1686 πρόσφατον
1630 1651 1685 1677 ὑπὸ
1708 1651 1758 1678 τὸν
1782 1653 1870 1687 ἥλιον·

1082 1694 1142 1721 ἀλλ’
1155 1693 1190 1730 ἦν
1208 1695 1260 1730 μὲν
1275 1695 1323 1722 καὶ
1338 1696 1518 1731 προῦπῆρχεν
1529 1704 1535 1710 “
1554 1696 1738 1724 ἀπεστέλλετο
1754 1698 1796 1729 δὲ,
1810 1698 1872 1724 καθ’

1082 1740 1111 1767 ὃν
1125 1741 1221 1776 καιρδν
1247 1739 1317 1776 ἦσαν
1340 1742 1365 1767 of.
1387 1741 1531 1768 ἀπόστολοι
1547 1744 1722 1778 συνηγμένοι,
1739 1744 1786 1770 ὅτε
1797 1744 1873 1779 δίκην

1084 1785 1202 1819 βροντῆς
1218 1787 1328 1820 ἐγένετο
1345 1784 1412 1822 ἦχος
1428 1788 1460 1814 ὲκ
1475 1787 1522 1814 τοῦ
1542 1789 1658 1824 οὐρανοῦ
1675 1791 1775 1826 ὥσπερ
1791 1800 1871 1826 φερο-

1085 1831 1169 1866 μένης
1188 1832 1272 1867 πνοῆς
1287 1832 1380 1867 βιαίας
1390 1841 1398 1848 ·
1416 1833 1462 1860 τοῦ
1479 1834 1584 1865 κτίζων
1599 1835 1658 1862 ἀντὶ
1667 1836 1714 1862 τοῦ
1724 1839 1875 1872 καταπέμ-

1083 1885 1148 1905 πων
1160 1878 1176 1913 ἢ
1191 1879 1395 1906 κατατάσσων
1409 1881 1568 1915 εἰρημένου·
1581 1883 1629 1916 τῆς
1639 1882 1667 1908 δὲ
1683 1882 1801 1918 βροντῆς
1815 1884 1874 1911 καθ’

1084 1924 1178 1959 ἕτερον
1200 1926 1301 1960 τρόπον
1324 1925 1354 1952 τὸ
1378 1926 1558 1960 εὐαγγελικδν
1571 1929 1706 1962 κήρυγμα
1726 1929 1874 1965 δηλούσηςν

1085 1970 1212 1997 Τοιοῦτόν
1229 1971 1347 1998 ἐστικαὶ
1361 1972 1402 2004 τδ,
1417 1971 1552 2007 Καρδίαν
1569 1975 1702 2008 καθαρὰν
1717 1977 1830 2003 κτίσον
1843 1978 1875 2003 ἐν

1083 2017 1160 2051 ἐμοὶ,
1177 2019 1194 2044 ό
1213 2018 1283 2051 Θεό(
1298 2025 1305 2034 ⁸
1326 2019 1376 2054 οὐχ
1401 2019 1439 2051 ὠς
1466 2020 1503 2056 μὴ
1533 2021 1612 2055 ἔχων,
1631 2021 1688 2048 ἀλλ’
1707 2023 1750 2049 ὅτι
1776 2024 1875 2058 δήποτε

1084 2063 1248 2097 τελεσθῆναι
1267 2065 1398 2100 τοιαύτην
1427 2065 1536 2100 ηὔχετο·
1561 2067 1669 2101 καὶτὸ,
1691 2069 1760 2096 ’.ινα
1785 2071 1874 2103 κτίσῃ

1085 2110 1157 2143 τοὺς
1179 2109 1235 2137 δύο
1266 2111 1310 2144 εἰς
1334 2111 1390 2138 ἕνα
1421 2113 1528 2139 καινὸν
1553 2113 1730 2147 ἄνθρωπον,
1748 2115 1811 2142 ἀντὶ
1832 2116 1875 2142 τοῦ

1085 2158 1256 2190 συναγάγῃ.
1280 2156 1353 2189 ’Ὅρα
1378 2157 1483 2191 μήποτε
1513 2158 1636 2185 τοιοῦτόν
1661 2161 1721 2186 ἐστι
1751 2161 1800 2187 καὶ
1828 2164 1875 2192 τὸ,

1093 2199 1282 2226 Ἐνδύσασθε
1309 2200 1363 2226 τὸν
1390 2201 1498 2227 καινὸν
1523 2201 1682 2235 ἄνθρωπον
1711 2204 1767 2231 τὸν
1805 2206 1875 2232 κατὰ

1091 2245 1166 2272 Θεὸν
1180 2245 1352 2273 κτισθέντα·
1373 2247 1420 2272 καὶ
1434 2247 1474 2280 τὸ,
1491 2247 1527 2274 El
1545 2257 1589 2280 τις
1609 2249 1644 2275 ἐν
1655 2250 1774 2283 Χριστῷ
1789 2260 1850 2278 aut:
1862 2251 1875 2283 ἱι

1090 2293 1189 2323 κτίσις
1202 2298 1208 2304 ·
1225 2291 1272 2318 καὶ
1288 2291 1338 2317 ὅσα
1364 2292 1433 2319 ἄλλα
1460 2293 1584 2320 τοιαῦτα.
1614 2295 1659 2328 Μὴ
1689 2296 1839 2334 θαυμάσῃς
1855 2299 1876 2324 εἰ

1091 2341 1285 2376 μεταφορικῶς
1309 2343 1358 2369 καὶ
1382 2344 1410 2368 ὲν
1425 2342 1474 2376 τῷ,
1491 2343 1601 2377 Κύριος
1616 2344 1720 2371 ἐκτισέ
1730 2354 1770 2380 με
1782 2347 1877 2381 ἀρχὴν

1089 2384 1167 2411 όὸῶν
1183 2385 1292 2418 αὑτοῦ,
1310 2386 1340 2412 τὸ
1363 2386 1486 2414 ἔκτισεν
1508 2389 1567 2414 ἀντὶ
1584 2389 1630 2414 τοῦ
1651 2390 1844 2422 κατέστησεν
1863 2391 1876 2422 ἢ

1092 2432 1258 2463 κατέταξεν
1271 2432 1392 2466 εἴρηται.
1411 2433 1504 2459 Ταῦτα
1521 2435 1549 2460 ἐν
1561 2434 1600 2468 τῷ
1614 2435 1700 2470 τρίτῳ
1719 2437 1789 2469 πρὶς
1807 2438 1878 2471 Μάρ-

1090 2478 1185 2505 κελλον
1207 2480 1220 2505 ὸ
1240 2480 1382 2512 Εὐσέϐιος.
1412 2481 1466 2507 Καὶ
1488 2481 1574 2508 ταῦτα
1599 2481 1627 2508 δὲ
1657 2483 1763 2514 λέξεσιν
1787 2485 1878 2514 uitri;

1091 2527 1239 2561 Σωκράτης
1256 2527 1328 2563 ὑπὲρ
1344 2528 1427 2554 αὑτοῦ
1448 2537 1543 2563 φησιν·
1563 2538 1572 2555 ‹
1592 2529 1623 2555 Εἰ
1643 2530 1736 2556 τοίνυν
1754 2531 1877 2560 Εὐσέϐιος

1089 2573 1138 2606 τῆς
1154 2573 1182 2599 ἐν
1210 2573 1316 2607 Νικαίᾳ.
1343 2574 1453 2600 συνόδου
1472 2574 1585 2608 μνήμην
1609 2576 1788 2611 ποιούμενος,
1805 2577 1876 2603 λελύ-

1090 2619 1152 2645 σθαι
1178 2619 1229 2653 μὲν
1250 2619 1285 2645 τὰ
1308 2620 1370 2646 τότε
1390 2620 1639 2655 ἀμφισσητούμενα
1666 2622 1760 2656 λέγει,
1779 2625 1877 2651 πάντας

1088 2664 1117 2690 δὲ
1133 2665 1311 2699 όμοερωνῆσαι
1335 2665 1382 2690 καὶ
1405 2665 1585 2700 ὀμοδοξὴσαι·
1618 2668 1676 2699 πῶς
1699 2668 1876 2704 Ἀρειανίξειν

1091 2710 1162 2740 τινὲς
1185 2710 1267 2736 αὑτὸν
1284 2709 1525 2744 ὑπολαμόάνουσι;
1545 2711 1704 2738 Πλανὼνται
1723 2713 1753 2739 δὲ
1777 2714 1876 2749 ’Δρεια-

920 2766 930 2782 ³
950 2766 1033 2795 Amos
1050 2775 1088 2801 IV,
1102 2767 1147 2796 15.
1186 2768 1196 2784 ⁸
1209 2767 1281 2797 Psal.
1295 2776 1322 2803 ι,
1341 2768 1387 2796 η.
1425 2770 1436 2786 ⁵
1450 2770 1551 2805 Ephes.
1568 2777 1599 2804 tt,
1617 2771 1661 2798 15.
1701 2763 1828 2808 ‘Ephes.
1843 2780 1873 2804 tv,
