  <div class='ocr_page' id='page_1' title='image "/cluster/home/n/w/nwhite01/storage/ocr_20150623/146/njp.32101077773156/159.png"; bbox 0 0 1904 3070; ppageno 0'>
   <div class='ocr_carea' id='block_1_1' title="bbox 227 121 279 154">
    <p class='ocr_par' dir='ltr' id='par_1_1' title="bbox 227 121 279 154">
     <span class='ocr_line' id='line_1_1' title="bbox 227 121 279 154; baseline -0.038 0"><span class='ocrx_word' id='word_1_1' title='bbox 227 121 279 154; x_wconf 80' lang='grc'><strong>255</strong></span> 
     </span>
    </p>
   </div>
   <div class='ocr_carea' id='block_1_2' title="bbox 230 223 1015 261">
    <p class='ocr_par' dir='ltr' id='par_1_2' title="bbox 230 223 1015 261">
     <span class='ocr_line' id='line_1_2' title="bbox 230 223 1015 261; baseline 0.015 -12"><span class='ocrx_word' id='word_1_2' title='bbox 230 223 385 250; x_wconf 68' lang='lat' dir='ltr'><strong>subsistens</strong></span> <span class='ocrx_word' id='word_1_3' title='bbox 402 224 521 251; x_wconf 86' lang='lat' dir='ltr'><strong>Verbum</strong></span> <span class='ocrx_word' id='word_1_4' title='bbox 540 226 576 253; x_wconf 87' lang='lat' dir='ltr'><strong>sit</strong></span> <span class='ocrx_word' id='word_1_5' title='bbox 591 227 692 261; x_wconf 80' lang='lat' dir='ltr'><strong>Patris,</strong></span> <span class='ocrx_word' id='word_1_6' title='bbox 705 234 731 256; x_wconf 90' lang='lat' dir='ltr'><strong>et</strong></span> <span class='ocrx_word' id='word_1_7' title='bbox 745 230 817 258; x_wconf 86' lang='lat' dir='ltr'><strong>Deus</strong></span> <span class='ocrx_word' id='word_1_8' title='bbox 834 240 867 259; x_wconf 82' lang='lat' dir='ltr'><strong>cx</strong></span> <span class='ocrx_word' id='word_1_9' title='bbox 882 233 946 260; x_wconf 88' lang='lat' dir='ltr'><strong>Deo.</strong></span> <span class='ocrx_word' id='word_1_10' title='bbox 966 233 1015 261; x_wconf 92' lang='lat' dir='ltr'><strong>llic</strong></span> 
     </span>
    </p>
   </div>
   <div class='ocr_carea' id='block_1_3' title="bbox 229 268 1014 307">
    <p class='ocr_par' dir='ltr' id='par_1_3' title="bbox 229 268 1014 307">
     <span class='ocr_line' id='line_1_3' title="bbox 229 268 1014 307; baseline 0.018 -14"><span class='ocrx_word' id='word_1_11' title='bbox 229 268 302 295; x_wconf 78' lang='lat' dir='ltr'><strong>enim</strong></span> <span class='ocrx_word' id='word_1_12' title='bbox 318 273 360 295; x_wconf 86' lang='lat' dir='ltr'><strong>est</strong></span> <span class='ocrx_word' id='word_1_13' title='bbox 375 269 406 295; x_wconf 87' lang='lat' dir='ltr'><strong>ad</strong></span> <span class='ocrx_word' id='word_1_14' title='bbox 419 278 499 304; x_wconf 85' lang='lat' dir='ltr'><strong>quem</strong></span> <span class='ocrx_word' id='word_1_15' title='bbox 519 271 597 298; x_wconf 80' lang='lat' dir='ltr'><strong>Pater</strong></span> <span class='ocrx_word' id='word_1_16' title='bbox 612 273 680 300; x_wconf 90' lang='lat' dir='ltr'><strong>dixit</strong></span> <span class='ocrx_word' id='word_1_17' title='bbox 697 282 704 300; x_wconf 84' lang='lat'><strong>:</strong></span> <span class='ocrx_word' id='word_1_18' title='bbox 724 275 868 304; x_wconf 78' lang='lat' dir='ltr'><strong>Faciamus</strong></span> <span class='ocrx_word' id='word_1_19' title='bbox 884 279 1014 307; x_wconf 68' lang='lat' dir='ltr'><strong>hominem</strong></span> 
     </span>
    </p>
   </div>
   <div class='ocr_carea' id='block_1_4' title="bbox 228 315 1013 359">
    <p class='ocr_par' dir='ltr' id='par_1_4' title="bbox 228 315 1013 359">
     <span class='ocr_line' id='line_1_4' title="bbox 228 315 1013 359; baseline 0.015 -19"><span class='ocrx_word' id='word_1_20' title='bbox 228 315 369 340; x_wconf 66' lang='lat' dir='ltr'><strong>secundum</strong></span> <span class='ocrx_word' id='word_1_21' title='bbox 405 316 545 348; x_wconf 79' lang='lat' dir='ltr'><strong>imaginem</strong></span> <span class='ocrx_word' id='word_1_22' title='bbox 587 323 707 346; x_wconf 67' lang='lat' dir='ltr'><strong>nostram</strong></span> <span class='ocrx_word' id='word_1_23' title='bbox 752 327 776 348; x_wconf 80' lang='lat' dir='ltr'><strong>et</strong></span> <span class='ocrx_word' id='word_1_24' title='bbox 803 323 1013 359; x_wconf 68' lang='lat' dir='ltr'><strong>similitudinem,</strong></span> 
     </span>
    </p>
   </div>
   <div class='ocr_carea' id='block_1_5' title="bbox 230 360 1013 403">
    <p class='ocr_par' dir='ltr' id='par_1_5' title="bbox 230 360 1013 403">
     <span class='ocr_line' id='line_1_5' title="bbox 230 360 1013 403; baseline 0.022 -20"><span class='ocrx_word' id='word_1_25' title='bbox 230 360 276 393; x_wconf 85' lang='lat' dir='ltr'><strong>qui</strong></span> <span class='ocrx_word' id='word_1_26' title='bbox 302 365 330 386; x_wconf 88' lang='lat' dir='ltr'><strong>et</strong></span> <span class='ocrx_word' id='word_1_27' title='bbox 358 367 372 386; x_wconf 87' lang='lat' dir='ltr'><strong>a</strong></span> <span class='ocrx_word' id='word_1_28' title='bbox 400 361 524 394; x_wconf 87' lang='lat' dir='ltr'><strong>patribus</strong></span> <span class='ocrx_word' id='word_1_29' title='bbox 545 364 621 391; x_wconf 88' lang='lat' dir='ltr'><strong>visus</strong></span> <span class='ocrx_word' id='word_1_30' title='bbox 633 370 674 392; x_wconf 79' lang='lat' dir='ltr'><strong>est</strong></span> <span class='ocrx_word' id='word_1_31' title='bbox 689 374 752 393; x_wconf 92' lang='lat' dir='ltr'><strong>cum</strong></span> <span class='ocrx_word' id='word_1_32' title='bbox 767 368 854 403; x_wconf 80' lang='lat' dir='ltr'><strong>legem</strong></span> <span class='ocrx_word' id='word_1_33' title='bbox 871 370 965 403; x_wconf 81' lang='lat' dir='ltr'><strong>ferret,</strong></span> <span class='ocrx_word' id='word_1_34' title='bbox 986 377 1013 400; x_wconf 88' lang='lat' dir='ltr'><strong>et</strong></span> 
     </span>
    </p>
   </div>
   <div class='ocr_carea' id='block_1_6' title="bbox 230 404 1013 448">
    <p class='ocr_par' dir='ltr' id='par_1_6' title="bbox 230 404 1013 448">
     <span class='ocr_line' id='line_1_6' title="bbox 230 404 1013 448; baseline 0.019 -18"><span class='ocrx_word' id='word_1_35' title='bbox 230 404 338 431; x_wconf 81' lang='lat' dir='ltr'><strong>lnrutus</strong></span> <span class='ocrx_word' id='word_1_36' title='bbox 352 410 394 432; x_wconf 87' lang='lat' dir='ltr'><strong>est</strong></span> <span class='ocrx_word' id='word_1_37' title='bbox 415 414 462 440; x_wconf 85' lang='lat' dir='ltr'><strong>per</strong></span> <span class='ocrx_word' id='word_1_38' title='bbox 479 409 646 443; x_wconf 73' lang='lat' dir='ltr'><strong>prophetas;</strong></span> <span class='ocrx_word' id='word_1_39' title='bbox 669 417 697 439; x_wconf 84' lang='lat' dir='ltr'><strong>et</strong></span> <span class='ocrx_word' id='word_1_40' title='bbox 711 413 757 447; x_wconf 90' lang='lat' dir='ltr'><strong>qui</strong></span> <span class='ocrx_word' id='word_1_41' title='bbox 775 419 914 448; x_wconf 86' lang='lat' dir='ltr'><strong>postremo</strong></span> <span class='ocrx_word' id='word_1_42' title='bbox 932 418 1013 445; x_wconf 86' lang='lat' dir='ltr'><strong>homo</strong></span> 
     </span>
    </p>
   </div>
   <div class='ocr_carea' id='block_1_7' title="bbox 230 450 1011 491">
    <p class='ocr_par' dir='ltr' id='par_1_7' title="bbox 230 450 1011 491">
     <span class='ocr_line' id='line_1_7' title="bbox 230 450 1011 491; baseline 0.02 -17"><span class='ocrx_word' id='word_1_43' title='bbox 230 450 317 476; x_wconf 82' lang='lat' dir='ltr'><strong>factus</strong></span> <span class='ocrx_word' id='word_1_44' title='bbox 348 455 401 482; x_wconf 84' lang='lat' dir='ltr'><strong>est.</strong></span> <span class='ocrx_word' id='word_1_45' title='bbox 427 457 454 478; x_wconf 89' lang='lat' dir='ltr'><strong>et</strong></span> <span class='ocrx_word' id='word_1_46' title='bbox 477 452 585 481; x_wconf 79' lang='lat' dir='ltr'><strong>Patrem</strong></span> <span class='ocrx_word' id='word_1_47' title='bbox 606 463 685 483; x_wconf 91' lang='lat' dir='ltr'><strong>suum</strong></span> <span class='ocrx_word' id='word_1_48' title='bbox 705 459 834 487; x_wconf 88' lang='lat' dir='ltr'><strong>omnibus</strong></span> <span class='ocrx_word' id='word_1_49' title='bbox 851 461 1011 491; x_wconf 89' lang='lat' dir='ltr'><strong>hominibus</strong></span> 
     </span>
    </p>
   </div>
   <div class='ocr_carea' id='block_1_8' title="bbox 231 495 1011 537">
    <p class='ocr_par' dir='ltr' id='par_1_8' title="bbox 231 495 1011 537">
     <span class='ocr_line' id='line_1_8' title="bbox 231 495 1011 537; baseline 0.022 -18"><span class='ocrx_word' id='word_1_50' title='bbox 231 495 424 528; x_wconf 75' lang='lat' dir='ltr'><strong>manifestavit,</strong></span> <span class='ocrx_word' id='word_1_51' title='bbox 440 498 548 532; x_wconf 80' lang='lat' dir='ltr'><strong>quique</strong></span> <span class='ocrx_word' id='word_1_52' title='bbox 560 505 656 536; x_wconf 78' lang='lat' dir='ltr'><strong>regnat</strong></span> <span class='ocrx_word' id='word_1_53' title='bbox 681 503 707 529; x_wconf 91' lang='lat' dir='ltr'><strong>in</strong></span> <span class='ocrx_word' id='word_1_54' title='bbox 725 505 823 531; x_wconf 66' lang='lat' dir='ltr'><strong>srecula</strong></span> <span class='ocrx_word' id='word_1_55' title='bbox 838 507 1011 537; x_wconf 69' lang='lat' dir='ltr'><strong>smculorum.</strong></span> 
     </span>
    </p>
   </div>
   <div class='ocr_carea' id='block_1_9' title="bbox 231 539 1006 590">
    <p class='ocr_par' dir='ltr' id='par_1_9' title="bbox 231 539 1006 590">
     <span class='ocr_line' id='line_1_9' title="bbox 231 539 1006 590; baseline 0.022 -24"><span class='ocrx_word' id='word_1_56' title='bbox 231 539 371 575; x_wconf 79' lang='lat' dir='ltr'><strong>Siquidem</strong></span> <span class='ocrx_word' id='word_1_57' title='bbox 400 543 468 570; x_wconf 87' lang='lat' dir='ltr'><strong>nihil</strong></span> <span class='ocrx_word' id='word_1_58' title='bbox 497 553 573 573; x_wconf 72' lang='lat' dir='ltr'><strong>novae</strong></span> <span class='ocrx_word' id='word_1_59' title='bbox 594 547 735 582; x_wconf 67' lang='lat' dir='ltr'><strong>dignitatis</strong></span> <span class='ocrx_word' id='word_1_60' title='bbox 748 551 874 580; x_wconf 85' lang='lat' dir='ltr'><strong>Christus</strong></span> <span class='ocrx_word' id='word_1_61' title='bbox 888 562 1006 590; x_wconf 85' lang='lat' dir='ltr'><strong>assump-</strong></span> 
     </span>
    </p>
   </div>
   <div class='ocr_carea' id='block_1_10' title="bbox 229 585 1012 633">
    <p class='ocr_par' dir='ltr' id='par_1_10' title="bbox 229 585 1012 633">
     <span class='ocr_line' id='line_1_10' title="bbox 229 585 1012 633; baseline 0.023 -22"><span class='ocrx_word' id='word_1_62' title='bbox 229 585 274 617; x_wconf 84' lang='lat' dir='ltr'><strong>sit,</strong></span> <span class='ocrx_word' id='word_1_63' title='bbox 286 586 333 613; x_wconf 88' lang='lat' dir='ltr'><strong>sed</strong></span> <span class='ocrx_word' id='word_1_64' title='bbox 348 595 410 614; x_wconf 92' lang='lat' dir='ltr'><strong>eum</strong></span> <span class='ocrx_word' id='word_1_65' title='bbox 433 593 512 616; x_wconf 83' lang='lat' dir='ltr'><strong>antea</strong></span> <span class='ocrx_word' id='word_1_66' title='bbox 526 592 688 626; x_wconf 79' lang='lat' dir='ltr'><strong>perfectum,</strong></span> <span class='ocrx_word' id='word_1_67' title='bbox 706 600 734 622; x_wconf 87' lang='lat' dir='ltr'><strong>et</strong></span> <span class='ocrx_word' id='word_1_68' title='bbox 764 596 835 625; x_wconf 79' lang='lat' dir='ltr'><strong>Patri</strong></span> <span class='ocrx_word' id='word_1_69' title='bbox 852 607 902 633; x_wconf 87' lang='lat' dir='ltr'><strong>per</strong></span> <span class='ocrx_word' id='word_1_70' title='bbox 921 602 1012 629; x_wconf 81' lang='lat' dir='ltr'><strong>omnia</strong></span> 
     </span>
    </p>
   </div>
   <div class='ocr_carea' id='block_1_11' title="bbox 229 631 1012 680">
    <p class='ocr_par' dir='ltr' id='par_1_11' title="bbox 229 631 1012 680">
     <span class='ocr_line' id='line_1_11' title="bbox 229 631 1012 680; baseline 0.024 -24"><span class='ocrx_word' id='word_1_71' title='bbox 229 631 345 658; x_wconf 77' lang='lat' dir='ltr'><strong>similem</strong></span> <span class='ocrx_word' id='word_1_72' title='bbox 360 641 420 661; x_wconf 84' lang='lat' dir='ltr'><strong>esse</strong></span> <span class='ocrx_word' id='word_1_73' title='bbox 432 635 581 664; x_wconf 86' lang='lat' dir='ltr'><strong>credimus.</strong></span> <span class='ocrx_word' id='word_1_74' title='bbox 598 639 687 673; x_wconf 82' lang='lat' dir='ltr'><strong>Atque</strong></span> <span class='ocrx_word' id='word_1_75' title='bbox 713 640 820 676; x_wconf 82' lang='lat' dir='ltr'><strong>itidem,</strong></span> <span class='ocrx_word' id='word_1_76' title='bbox 840 652 888 672; x_wconf 84' lang='lat' dir='ltr'><strong>eos</strong></span> <span class='ocrx_word' id='word_1_77' title='bbox 905 648 951 680; x_wconf 86' lang='lat' dir='ltr'><strong>qui</strong></span> <span class='ocrx_word' id='word_1_78' title='bbox 970 648 1012 675; x_wconf 87' lang='lat' dir='ltr'><strong>di-</strong></span> 
     </span>
    </p>
   </div>
   <div class='ocr_carea' id='block_1_12' title="bbox 228 680 1011 726">
    <p class='ocr_par' dir='ltr' id='par_1_12' title="bbox 228 680 1011 726">
     <span class='ocr_line' id='line_1_12' title="bbox 228 680 1011 726; baseline 0.026 -24"><span class='ocrx_word' id='word_1_79' title='bbox 228 682 296 704; x_wconf 86' lang='lat' dir='ltr'><strong>cunt</strong></span> <span class='ocrx_word' id='word_1_80' title='bbox 322 680 446 707; x_wconf 88' lang='lat' dir='ltr'><strong>eumdem</strong></span> <span class='ocrx_word' id='word_1_81' title='bbox 469 690 530 710; x_wconf 86' lang='lat' dir='ltr'><strong>esse</strong></span> <span class='ocrx_word' id='word_1_82' title='bbox 558 683 663 713; x_wconf 79' lang='lat' dir='ltr'><strong>Patrem</strong></span> <span class='ocrx_word' id='word_1_83' title='bbox 681 688 816 716; x_wconf 86' lang='lat' dir='ltr'><strong>etFilium</strong></span> <span class='ocrx_word' id='word_1_84' title='bbox 836 696 863 718; x_wconf 88' lang='lat' dir='ltr'><strong>ct</strong></span> <span class='ocrx_word' id='word_1_85' title='bbox 878 692 1011 726; x_wconf 85' lang='lat' dir='ltr'><strong>Spiritum</strong></span> 
     </span>
    </p>
   </div>
   <div class='ocr_carea' id='block_1_13' title="bbox 229 728 1011 770">
    <p class='ocr_par' dir='ltr' id='par_1_13' title="bbox 229 728 1011 770">
     <span class='ocr_line' id='line_1_13' title="bbox 229 728 1011 770; baseline 0.024 -22"><span class='ocrx_word' id='word_1_86' title='bbox 229 729 365 755; x_wconf 80' lang='lat' dir='ltr'><strong>sanctum.</strong></span> <span class='ocrx_word' id='word_1_87' title='bbox 387 731 415 753; x_wconf 86' lang='lat' dir='ltr'><strong>et</strong></span> <span class='ocrx_word' id='word_1_88' title='bbox 443 728 526 755; x_wconf 87' lang='lat' dir='ltr'><strong>unius</strong></span> <span class='ocrx_word' id='word_1_89' title='bbox 540 729 721 767; x_wconf 79' lang='lat' dir='ltr'><strong>ejusdemque</strong></span> <span class='ocrx_word' id='word_1_90' title='bbox 732 734 769 761; x_wconf 88' lang='lat' dir='ltr'><strong>rei</strong></span> <span class='ocrx_word' id='word_1_91' title='bbox 782 740 809 762; x_wconf 94' lang='lat' dir='ltr'><strong>ct</strong></span> <span class='ocrx_word' id='word_1_92' title='bbox 823 744 947 770; x_wconf 61' lang='lat' dir='ltr'><strong>personat</strong></span> <span class='ocrx_word' id='word_1_93' title='bbox 960 741 1011 768; x_wconf 85' lang='lat' dir='ltr'><strong>tria</strong></span> 
     </span>
    </p>
   </div>
   <div class='ocr_carea' id='block_1_14' title="bbox 228 769 1011 814">
    <p class='ocr_par' dir='ltr' id='par_1_14' title="bbox 228 769 1011 814">
     <span class='ocr_line' id='line_1_14' title="bbox 228 769 1011 814; baseline 0.023 -18"><span class='ocrx_word' id='word_1_94' title='bbox 228 769 286 796; x_wconf 76' lang='lat' dir='ltr'><strong>hzec</strong></span> <span class='ocrx_word' id='word_1_95' title='bbox 310 771 419 798; x_wconf 88' lang='lat' dir='ltr'><strong>nomina</strong></span> <span class='ocrx_word' id='word_1_96' title='bbox 446 773 530 808; x_wconf 83' lang='lat' dir='ltr'><strong>impie</strong></span> <span class='ocrx_word' id='word_1_97' title='bbox 556 777 705 812; x_wconf 86' lang='lat' dir='ltr'><strong>accipiunt,</strong></span> <span class='ocrx_word' id='word_1_98' title='bbox 728 782 825 809; x_wconf 89' lang='lat' dir='ltr'><strong>merito</strong></span> <span class='ocrx_word' id='word_1_99' title='bbox 841 783 875 810; x_wconf 86' lang='lat' dir='ltr'><strong>ab</strong></span> <span class='ocrx_word' id='word_1_100' title='bbox 892 785 1011 814; x_wconf 86' lang='lat' dir='ltr'><strong>Ecclesia</strong></span> 
     </span>
    </p>
   </div>
   <div class='ocr_carea' id='block_1_15' title="bbox 228 817 1010 865">
    <p class='ocr_par' dir='ltr' id='par_1_15' title="bbox 228 817 1010 865">
     <span class='ocr_line' id='line_1_15' title="bbox 228 817 1010 865; baseline 0.024 -24"><span class='ocrx_word' id='word_1_101' title='bbox 228 817 424 849; x_wconf 86' lang='lat' dir='ltr'><strong>proscribimus</strong></span> <span class='ocrx_word' id='word_1_102' title='bbox 439 827 446 844; x_wconf 88' lang='lat'><strong>:</strong></span> <span class='ocrx_word' id='word_1_103' title='bbox 461 821 592 854; x_wconf 83' lang='lat' dir='ltr'><strong>quoniam</strong></span> <span class='ocrx_word' id='word_1_104' title='bbox 622 824 731 852; x_wconf 81' lang='lat' dir='ltr'><strong>Patrem</strong></span> <span class='ocrx_word' id='word_1_105' title='bbox 756 829 1010 865; x_wconf 89' lang='lat' dir='ltr'><strong>quicomprehendi</strong></span> 
     </span>
    </p>
   </div>
   <div class='ocr_carea' id='block_1_16' title="bbox 227 867 1011 910">
    <p class='ocr_par' dir='ltr' id='par_1_16' title="bbox 227 867 1011 910">
     <span class='ocr_line' id='line_1_16' title="bbox 227 867 1011 910; baseline 0.026 -24"><span class='ocrx_word' id='word_1_106' title='bbox 227 867 356 895; x_wconf 75' lang='lat' dir='ltr'><strong>nequeat,</strong></span> <span class='ocrx_word' id='word_1_107' title='bbox 382 867 465 898; x_wconf 82' lang='lat' dir='ltr'><strong>atque</strong></span> <span class='ocrx_word' id='word_1_108' title='bbox 488 868 659 901; x_wconf 77' lang='lat' dir='ltr'><strong>perpessioni</strong></span> <span class='ocrx_word' id='word_1_109' title='bbox 686 871 823 901; x_wconf 79' lang='lat' dir='ltr'><strong>obnoxius</strong></span> <span class='ocrx_word' id='word_1_110' title='bbox 847 883 901 903; x_wconf 93' lang='lat' dir='ltr'><strong>non</strong></span> <span class='ocrx_word' id='word_1_111' title='bbox 923 877 969 910; x_wconf 86' lang='lat' dir='ltr'><strong>sit,</strong></span> <span class='ocrx_word' id='word_1_112' title='bbox 983 884 1011 906; x_wconf 88' lang='lat' dir='ltr'><strong>et</strong></span> 
     </span>
    </p>
   </div>
   <div class='ocr_carea' id='block_1_17' title="bbox 228 908 1013 958">
    <p class='ocr_par' dir='ltr' id='par_1_17' title="bbox 228 908 1013 958">
     <span class='ocr_line' id='line_1_17' title="bbox 228 908 1013 958; baseline 0.023 -25"><span class='ocrx_word' id='word_1_113' title='bbox 228 908 515 944; x_wconf 83' lang='lat' dir='ltr'><strong>comprehensibilem,</strong></span> <span class='ocrx_word' id='word_1_114' title='bbox 543 918 571 940; x_wconf 85' lang='lat' dir='ltr'><strong>et</strong></span> <span class='ocrx_word' id='word_1_115' title='bbox 605 918 774 951; x_wconf 89' lang='lat' dir='ltr'><strong>pcrpessioni</strong></span> <span class='ocrx_word' id='word_1_116' title='bbox 788 920 947 949; x_wconf 81' lang='lat' dir='ltr'><strong>obstrictum</strong></span> <span class='ocrx_word' id='word_1_117' title='bbox 963 931 1013 958; x_wconf 85' lang='lat' dir='ltr'><strong>per</strong></span> 
     </span>
    </p>
   </div>
   <div class='ocr_carea' id='block_1_18' title="bbox 228 953 1011 1004">
    <p class='ocr_par' dir='ltr' id='par_1_18' title="bbox 228 953 1011 1004">
     <span class='ocr_line' id='line_1_18' title="bbox 228 953 1011 1004; baseline 0.024 -26"><span class='ocrx_word' id='word_1_118' title='bbox 228 953 480 984; x_wconf 82' lang='lat' dir='ltr'><strong>inhumanationem</strong></span> <span class='ocrx_word' id='word_1_119' title='bbox 493 960 672 989; x_wconf 82' lang='lat' dir='ltr'><strong>constituunt.</strong></span> <span class='ocrx_word' id='word_1_120' title='bbox 688 964 771 999; x_wconf 64' lang='grc'><strong>694</strong></span> <span class='ocrx_word' id='word_1_121' title='bbox 792 966 871 994; x_wconf 81' lang='lat' dir='ltr'><strong>Tales</strong></span> <span class='ocrx_word' id='word_1_122' title='bbox 881 953 1011 1004; x_wconf 73' lang='lat' dir='ltr'><strong>sunt.qui</strong></span> 
     </span>
    </p>
   </div>
   <div class='ocr_carea' id='block_1_19' title="bbox 227 1000 1010 1050">
    <p class='ocr_par' dir='ltr' id='par_1_19' title="bbox 227 1000 1010 1050">
     <span class='ocr_line' id='line_1_19' title="bbox 227 1000 1010 1050; baseline 0.024 -25"><span class='ocrx_word' id='word_1_123' title='bbox 227 1000 431 1034; x_wconf 84' lang='lat' dir='ltr'><strong>l&#39;atropassiani</strong></span> <span class='ocrx_word' id='word_1_124' title='bbox 465 1005 537 1038; x_wconf 85' lang='lat' dir='ltr'><strong>apud</strong></span> <span class='ocrx_word' id='word_1_125' title='bbox 573 1007 721 1042; x_wconf 81' lang='lat' dir='ltr'><strong>Romanos,</strong></span> <span class='ocrx_word' id='word_1_126' title='bbox 765 1011 910 1041; x_wconf 86' lang='lat' dir='ltr'><strong>Sabelliani</strong></span> <span class='ocrx_word' id='word_1_127' title='bbox 940 1000 1010 1050; x_wconf 74' lang='lat' dir='ltr'><strong>apud</strong></span> 
     </span>
    </p>
   </div>
   <div class='ocr_carea' id='block_1_20' title="bbox 226 1046 1010 1094">
    <p class='ocr_par' dir='ltr' id='par_1_20' title="bbox 226 1046 1010 1094">
     <span class='ocr_line' id='line_1_20' title="bbox 226 1046 1010 1094; baseline 0.023 -23"><span class='ocrx_word' id='word_1_128' title='bbox 226 1053 277 1072; x_wconf 85' lang='lat' dir='ltr'><strong>nos</strong></span> <span class='ocrx_word' id='word_1_129' title='bbox 301 1046 444 1076; x_wconf 87' lang='lat' dir='ltr'><strong>dicuntur.</strong></span> <span class='ocrx_word' id='word_1_130' title='bbox 470 1048 611 1084; x_wconf 87' lang='lat' dir='ltr'><strong>Siquidem</strong></span> <span class='ocrx_word' id='word_1_131' title='bbox 622 1055 750 1082; x_wconf 81' lang='lat' dir='ltr'><strong>novimus</strong></span> <span class='ocrx_word' id='word_1_132' title='bbox 770 1057 875 1085; x_wconf 82' lang='lat' dir='ltr'><strong>Patrem</strong></span> <span class='ocrx_word' id='word_1_133' title='bbox 888 1061 1010 1094; x_wconf 86' lang='lat' dir='ltr'><strong>quidem,</strong></span> 
     </span>
    </p>
   </div>
   <div class='ocr_carea' id='block_1_21' title="bbox 226 1091 1009 1133">
    <p class='ocr_par' dir='ltr' id='par_1_21' title="bbox 226 1091 1009 1133">
     <span class='ocr_line' id='line_1_21' title="bbox 226 1091 1009 1133; baseline 0.023 -18"><span class='ocrx_word' id='word_1_134' title='bbox 226 1091 273 1124; x_wconf 89' lang='lat' dir='ltr'><strong>qui</strong></span> <span class='ocrx_word' id='word_1_135' title='bbox 296 1092 409 1125; x_wconf 87' lang='lat' dir='ltr'><strong>miserit,</strong></span> <span class='ocrx_word' id='word_1_136' title='bbox 438 1093 465 1120; x_wconf 89' lang='lat' dir='ltr'><strong>in</strong></span> <span class='ocrx_word' id='word_1_137' title='bbox 497 1103 547 1122; x_wconf 86' lang='lat' dir='ltr'><strong>suo</strong></span> <span class='ocrx_word' id='word_1_138' title='bbox 577 1097 756 1128; x_wconf 88' lang='lat' dir='ltr'><strong>immutabilis</strong></span> <span class='ocrx_word' id='word_1_139' title='bbox 770 1091 922 1131; x_wconf 81' lang='lat' dir='ltr'><strong>divinitatis</strong></span> <span class='ocrx_word' id='word_1_140' title='bbox 938 1111 1009 1133; x_wconf 86' lang='lat' dir='ltr'><strong>statu</strong></span> 
     </span>
    </p>
   </div>
   <div class='ocr_carea' id='block_1_22' title="bbox 226 1138 1010 1181">
    <p class='ocr_par' dir='ltr' id='par_1_22' title="bbox 226 1138 1010 1181">
     <span class='ocr_line' id='line_1_22' title="bbox 226 1138 1010 1181; baseline 0.023 -20"><span class='ocrx_word' id='word_1_141' title='bbox 226 1138 410 1170; x_wconf 80' lang='lat' dir='ltr'><strong>permansisse</strong></span> <span class='ocrx_word' id='word_1_142' title='bbox 426 1141 492 1175; x_wconf 86' lang='lat' dir='ltr'><strong>:qui</strong></span> <span class='ocrx_word' id='word_1_143' title='bbox 508 1149 572 1169; x_wconf 83' lang='lat' dir='ltr'><strong>vero</strong></span> <span class='ocrx_word' id='word_1_144' title='bbox 584 1145 684 1172; x_wconf 89' lang='lat' dir='ltr'><strong>missus</strong></span> <span class='ocrx_word' id='word_1_145' title='bbox 707 1151 751 1173; x_wconf 86' lang='lat' dir='ltr'><strong>est</strong></span> <span class='ocrx_word' id='word_1_146' title='bbox 762 1148 912 1181; x_wconf 83' lang='lat' dir='ltr'><strong>Christum.</strong></span> <span class='ocrx_word' id='word_1_147' title='bbox 929 1151 1010 1178; x_wconf 88' lang='lat' dir='ltr'><strong>inhu-</strong></span> 
     </span>
    </p>
   </div>
   <div class='ocr_carea' id='block_1_23' title="bbox 225 1182 1010 1224">
    <p class='ocr_par' dir='ltr' id='par_1_23' title="bbox 225 1182 1010 1224">
     <span class='ocr_line' id='line_1_23' title="bbox 225 1182 1010 1224; baseline 0.024 -18"><span class='ocrx_word' id='word_1_148' title='bbox 225 1182 390 1211; x_wconf 82' lang='lat' dir='ltr'><strong>manationis</strong></span> <span class='ocrx_word' id='word_1_149' title='bbox 402 1187 583 1214; x_wconf 66' lang='lat' dir='ltr'><strong>oeconomiam</strong></span> <span class='ocrx_word' id='word_1_150' title='bbox 599 1193 627 1216; x_wconf 88' lang='lat' dir='ltr'><strong>et</strong></span> <span class='ocrx_word' id='word_1_151' title='bbox 642 1197 741 1218; x_wconf 90' lang='lat' dir='ltr'><strong>munus</strong></span> <span class='ocrx_word' id='word_1_152' title='bbox 754 1192 865 1221; x_wconf 85' lang='lat' dir='ltr'><strong>obiisse.</strong></span> <span class='ocrx_word' id='word_1_153' title='bbox 878 1196 1010 1224; x_wconf 60' lang='lat' dir='ltr'><strong>ConsimL</strong></span> 
     </span>
    </p>
   </div>
   <div class='ocr_carea' id='block_1_24' title="bbox 224 1226 1007 1278">
    <p class='ocr_par' dir='ltr' id='par_1_24' title="bbox 224 1226 1007 1278">
     <span class='ocr_line' id='line_1_24' title="bbox 224 1226 1007 1278; baseline 0.024 -26"><span class='ocrx_word' id='word_1_154' title='bbox 224 1226 290 1254; x_wconf 89' lang='lat' dir='ltr'><strong>liter</strong></span> <span class='ocrx_word' id='word_1_155' title='bbox 313 1233 405 1256; x_wconf 84' lang='lat' dir='ltr'><strong>autem</strong></span> <span class='ocrx_word' id='word_1_156' title='bbox 437 1238 485 1258; x_wconf 85' lang='lat' dir='ltr'><strong>eos</strong></span> <span class='ocrx_word' id='word_1_157' title='bbox 513 1233 558 1267; x_wconf 90' lang='lat' dir='ltr'><strong>qui</strong></span> <span class='ocrx_word' id='word_1_158' title='bbox 582 1234 677 1269; x_wconf 86' lang='lat' dir='ltr'><strong>impie,</strong></span> <span class='ocrx_word' id='word_1_159' title='bbox 707 1245 760 1264; x_wconf 92' lang='lat' dir='ltr'><strong>non</strong></span> <span class='ocrx_word' id='word_1_160' title='bbox 779 1241 905 1268; x_wconf 87' lang='lat' dir='ltr'><strong>consulto</strong></span> <span class='ocrx_word' id='word_1_161' title='bbox 919 1251 1007 1278; x_wconf 87' lang='lat' dir='ltr'><strong>neque</strong></span> 
     </span>
    </p>
   </div>
   <div class='ocr_carea' id='block_1_25' title="bbox 224 1271 1008 1317">
    <p class='ocr_par' dir='ltr' id='par_1_25' title="bbox 224 1271 1008 1317">
     <span class='ocr_line' id='line_1_25' title="bbox 224 1271 1008 1317; baseline 0.022 -20"><span class='ocrx_word' id='word_1_162' title='bbox 224 1271 365 1300; x_wconf 72' lang='lat' dir='ltr'><strong>voluntate</strong></span> <span class='ocrx_word' id='word_1_163' title='bbox 387 1276 508 1309; x_wconf 75' lang='lat' dir='ltr'><strong>genitum</strong></span> <span class='ocrx_word' id='word_1_164' title='bbox 522 1285 582 1305; x_wconf 86' lang='lat' dir='ltr'><strong>esse</strong></span> <span class='ocrx_word' id='word_1_165' title='bbox 596 1278 738 1308; x_wconf 87' lang='lat' dir='ltr'><strong>Christum</strong></span> <span class='ocrx_word' id='word_1_166' title='bbox 755 1283 861 1317; x_wconf 84' lang='lat' dir='ltr'><strong>dicunt,</strong></span> <span class='ocrx_word' id='word_1_167' title='bbox 886 1287 1008 1314; x_wconf 89' lang='lat' dir='ltr'><strong>necessi-</strong></span> 
     </span>
    </p>
   </div>
   <div class='ocr_carea' id='block_1_26' title="bbox 225 1320 1009 1361">
    <p class='ocr_par' dir='ltr' id='par_1_26' title="bbox 225 1320 1009 1361">
     <span class='ocr_line' id='line_1_26' title="bbox 225 1320 1009 1361; baseline 0.02 -17"><span class='ocrx_word' id='word_1_168' title='bbox 225 1322 308 1346; x_wconf 80' lang='lat' dir='ltr'><strong>tatem</strong></span> <span class='ocrx_word' id='word_1_169' title='bbox 323 1320 450 1348; x_wconf 88' lang='lat' dir='ltr'><strong>videlicet</strong></span> <span class='ocrx_word' id='word_1_170' title='bbox 466 1325 611 1357; x_wconf 86' lang='lat' dir='ltr'><strong>quamdam</strong></span> <span class='ocrx_word' id='word_1_171' title='bbox 640 1326 824 1361; x_wconf 86' lang='lat' dir='ltr'><strong>imponentes,</strong></span> <span class='ocrx_word' id='word_1_172' title='bbox 835 1334 862 1357; x_wconf 88' lang='lat' dir='ltr'><strong>et</strong></span> <span class='ocrx_word' id='word_1_173' title='bbox 882 1332 1009 1360; x_wconf 89' lang='lat' dir='ltr'><strong>substan-</strong></span> 
     </span>
    </p>
   </div>
   <div class='ocr_carea' id='block_1_27' title="bbox 225 1364 1008 1406">
    <p class='ocr_par' dir='ltr' id='par_1_27' title="bbox 225 1364 1008 1406">
     <span class='ocr_line' id='line_1_27' title="bbox 225 1364 1008 1406; baseline 0.02 -16"><span class='ocrx_word' id='word_1_174' title='bbox 225 1364 290 1392; x_wconf 84' lang='lat' dir='ltr'><strong>tiam</strong></span> <span class='ocrx_word' id='word_1_175' title='bbox 319 1366 461 1395; x_wconf 82' lang='lat' dir='ltr'><strong>voluntate</strong></span> <span class='ocrx_word' id='word_1_176' title='bbox 484 1373 512 1396; x_wconf 87' lang='lat' dir='ltr'><strong>et</strong></span> <span class='ocrx_word' id='word_1_177' title='bbox 537 1370 644 1398; x_wconf 88' lang='lat' dir='ltr'><strong>delectu</strong></span> <span class='ocrx_word' id='word_1_178' title='bbox 662 1379 800 1401; x_wconf 89' lang='lat' dir='ltr'><strong>carentem</strong></span> <span class='ocrx_word' id='word_1_179' title='bbox 814 1375 870 1403; x_wconf 89' lang='lat' dir='ltr'><strong>Deo</strong></span> <span class='ocrx_word' id='word_1_180' title='bbox 884 1377 1008 1406; x_wconf 87' lang='lat' dir='ltr'><strong>tribuen-</strong></span> 
     </span>
    </p>
   </div>
   <div class='ocr_carea' id='block_1_28' title="bbox 225 1410 1008 1455">
    <p class='ocr_par' dir='ltr' id='par_1_28' title="bbox 225 1410 1008 1455">
     <span class='ocr_line' id='line_1_28' title="bbox 225 1410 1008 1455; baseline 0.02 -19"><span class='ocrx_word' id='word_1_181' title='bbox 225 1414 276 1442; x_wconf 83' lang='lat' dir='ltr'><strong>tes,</strong></span> <span class='ocrx_word' id='word_1_182' title='bbox 311 1410 359 1443; x_wconf 83' lang='lat' dir='ltr'><strong>ita,</strong></span> <span class='ocrx_word' id='word_1_183' title='bbox 394 1416 424 1439; x_wconf 94' lang='lat' dir='ltr'><strong>ut</strong></span> <span class='ocrx_word' id='word_1_184' title='bbox 437 1413 540 1441; x_wconf 90' lang='lat' dir='ltr'><strong>invitus</strong></span> <span class='ocrx_word' id='word_1_185' title='bbox 554 1416 652 1444; x_wconf 85' lang='lat' dir='ltr'><strong>Filium</strong></span> <span class='ocrx_word' id='word_1_186' title='bbox 670 1420 809 1453; x_wconf 76' lang='lat' dir='ltr'><strong>genuerit,</strong></span> <span class='ocrx_word' id='word_1_187' title='bbox 829 1422 1008 1455; x_wconf 83' lang='lat' dir='ltr'><strong>impiissimos</strong></span> 
     </span>
    </p>
   </div>
   <div class='ocr_carea' id='block_1_29' title="bbox 222 1457 1005 1500">
    <p class='ocr_par' dir='ltr' id='par_1_29' title="bbox 222 1457 1005 1500">
     <span class='ocr_line' id='line_1_29' title="bbox 222 1457 1005 1500; baseline 0.02 -19"><span class='ocrx_word' id='word_1_188' title='bbox 222 1461 251 1482; x_wconf 92' lang='lat' dir='ltr'><strong>et</strong></span> <span class='ocrx_word' id='word_1_189' title='bbox 277 1464 291 1481; x_wconf 89' lang='lat' dir='ltr'><strong>a</strong></span> <span class='ocrx_word' id='word_1_190' title='bbox 314 1457 430 1484; x_wconf 85' lang='lat' dir='ltr'><strong>veritate</strong></span> <span class='ocrx_word' id='word_1_191' title='bbox 456 1459 641 1489; x_wconf 84' lang='lat' dir='ltr'><strong>alienissimos</strong></span> <span class='ocrx_word' id='word_1_192' title='bbox 654 1465 855 1498; x_wconf 84' lang='lat' dir='ltr'><strong>cognoscimus.</strong></span> <span class='ocrx_word' id='word_1_193' title='bbox 871 1467 1005 1500; x_wconf 85' lang='lat' dir='ltr'><strong>Quoniam</strong></span> 
     </span>
    </p>
   </div>
   <div class='ocr_carea' id='block_1_30' title="bbox 223 1500 1004 1546">
    <p class='ocr_par' dir='ltr' id='par_1_30' title="bbox 223 1500 1004 1546">
     <span class='ocr_line' id='line_1_30' title="bbox 223 1500 1004 1546; baseline 0.023 -21"><span class='ocrx_word' id='word_1_194' title='bbox 223 1500 356 1529; x_wconf 85' lang='lat' dir='ltr'><strong>adversus</strong></span> <span class='ocrx_word' id='word_1_195' title='bbox 382 1510 542 1532; x_wconf 84' lang='lat' dir='ltr'><strong>communes</strong></span> <span class='ocrx_word' id='word_1_196' title='bbox 562 1506 596 1533; x_wconf 85' lang='lat' dir='ltr'><strong>de</strong></span> <span class='ocrx_word' id='word_1_197' title='bbox 613 1507 667 1534; x_wconf 87' lang='lat' dir='ltr'><strong>Deo</strong></span> <span class='ocrx_word' id='word_1_198' title='bbox 682 1510 808 1544; x_wconf 81' lang='lat' dir='ltr'><strong>notitias,</strong></span> <span class='ocrx_word' id='word_1_199' title='bbox 822 1516 905 1546; x_wconf 89' lang='lat' dir='ltr'><strong>atque</strong></span> <span class='ocrx_word' id='word_1_200' title='bbox 921 1515 1004 1543; x_wconf 86' lang='lat' dir='ltr'><strong>etiam</strong></span> 
     </span>
    </p>
   </div>
   <div class='ocr_carea' id='block_1_31' title="bbox 223 1546 1006 1595">
    <p class='ocr_par' dir='ltr' id='par_1_31' title="bbox 223 1546 1006 1595">
     <span class='ocr_line' id='line_1_31' title="bbox 223 1546 1006 1595; baseline 0.022 -24"><span class='ocrx_word' id='word_1_201' title='bbox 223 1546 355 1574; x_wconf 75' lang='lat' dir='ltr'><strong>adversus</strong></span> <span class='ocrx_word' id='word_1_202' title='bbox 365 1548 498 1576; x_wconf 92' lang='lat' dir='ltr'><strong>divinitus</strong></span> <span class='ocrx_word' id='word_1_203' title='bbox 518 1550 656 1585; x_wconf 68' lang='lat' dir='ltr'><strong>inspirata:</strong></span> <span class='ocrx_word' id='word_1_204' title='bbox 669 1554 817 1589; x_wconf 70' lang='lat' dir='ltr'><strong>Scripturae</strong></span> <span class='ocrx_word' id='word_1_205' title='bbox 832 1560 1006 1595; x_wconf 80' lang='lat' dir='ltr'><strong>sententiam,</strong></span> 
     </span>
    </p>
   </div>
   <div class='ocr_carea' id='block_1_32' title="bbox 223 1591 1010 1634">
    <p class='ocr_par' dir='ltr' id='par_1_32' title="bbox 223 1591 1010 1634">
     <span class='ocr_line' id='line_1_32' title="bbox 223 1591 1010 1634; baseline 0.023 -18"><span class='ocrx_word' id='word_1_206' title='bbox 223 1591 287 1618; x_wconf 88' lang='lat' dir='ltr'><strong>talia</strong></span> <span class='ocrx_word' id='word_1_207' title='bbox 312 1592 344 1619; x_wconf 89' lang='lat' dir='ltr'><strong>de</strong></span> <span class='ocrx_word' id='word_1_208' title='bbox 372 1601 405 1620; x_wconf 87' lang='lat' dir='ltr'><strong>eo</strong></span> <span class='ocrx_word' id='word_1_209' title='bbox 428 1599 548 1623; x_wconf 86' lang='lat' dir='ltr'><strong>statuere</strong></span> <span class='ocrx_word' id='word_1_210' title='bbox 571 1598 687 1626; x_wconf 86' lang='lat' dir='ltr'><strong>audent.</strong></span> <span class='ocrx_word' id='word_1_211' title='bbox 708 1600 763 1628; x_wconf 86' lang='lat' dir='ltr'><strong>Nos</strong></span> <span class='ocrx_word' id='word_1_212' title='bbox 777 1603 879 1630; x_wconf 87' lang='lat' dir='ltr'><strong>etenim</strong></span> <span class='ocrx_word' id='word_1_213' title='bbox 899 1605 1010 1634; x_wconf 88' lang='lat' dir='ltr'><strong>absolu-</strong></span> 
     </span>
    </p>
   </div>
   <div class='ocr_carea' id='block_1_33' title="bbox 224 1637 1007 1685">
    <p class='ocr_par' dir='ltr' id='par_1_33' title="bbox 224 1637 1007 1685">
     <span class='ocr_line' id='line_1_33' title="bbox 224 1637 1007 1685; baseline 0.02 -23"><span class='ocrx_word' id='word_1_214' title='bbox 224 1637 337 1664; x_wconf 62' lang='lat' dir='ltr'><strong>tissima:</strong></span> <span class='ocrx_word' id='word_1_215' title='bbox 370 1641 526 1673; x_wconf 85' lang='lat' dir='ltr'><strong>potestatis,</strong></span> <span class='ocrx_word' id='word_1_216' title='bbox 553 1649 616 1668; x_wconf 89' lang='lat' dir='ltr'><strong>eum</strong></span> <span class='ocrx_word' id='word_1_217' title='bbox 661 1652 734 1678; x_wconf 84' lang='lat' dir='ltr'><strong>esse,</strong></span> <span class='ocrx_word' id='word_1_218' title='bbox 759 1647 1007 1685; x_wconf 77' lang='lat' dir='ltr'><strong>perfectissimique</strong></span> 
     </span>
    </p>
   </div>
   <div class='ocr_carea' id='block_1_34' title="bbox 221 1682 1007 1724">
    <p class='ocr_par' dir='ltr' id='par_1_34' title="bbox 221 1682 1007 1724">
     <span class='ocr_line' id='line_1_34' title="bbox 221 1682 1007 1724; baseline 0.022 -17"><span class='ocrx_word' id='word_1_219' title='bbox 221 1682 293 1716; x_wconf 89' lang='lat' dir='ltr'><strong>juris</strong></span> <span class='ocrx_word' id='word_1_220' title='bbox 318 1685 360 1711; x_wconf 87' lang='lat' dir='ltr'><strong>sui</strong></span> <span class='ocrx_word' id='word_1_221' title='bbox 392 1686 475 1712; x_wconf 84' lang='lat' dir='ltr'><strong>Deum</strong></span> <span class='ocrx_word' id='word_1_222' title='bbox 492 1688 622 1721; x_wconf 78' lang='lat' dir='ltr'><strong>scientes,</strong></span> <span class='ocrx_word' id='word_1_223' title='bbox 643 1696 740 1724; x_wconf 90' lang='lat' dir='ltr'><strong>sponte</strong></span> <span class='ocrx_word' id='word_1_224' title='bbox 756 1697 785 1719; x_wconf 89' lang='lat' dir='ltr'><strong>et</strong></span> <span class='ocrx_word' id='word_1_225' title='bbox 803 1694 944 1723; x_wconf 88' lang='lat' dir='ltr'><strong>voluntate</strong></span> <span class='ocrx_word' id='word_1_226' title='bbox 958 1704 1007 1724; x_wconf 91' lang='lat' dir='ltr'><strong>sua</strong></span> 
     </span>
    </p>
   </div>
   <div class='ocr_carea' id='block_1_35' title="bbox 224 1729 1006 1772">
    <p class='ocr_par' dir='ltr' id='par_1_35' title="bbox 224 1729 1006 1772">
     <span class='ocr_line' id='line_1_35' title="bbox 224 1729 1006 1772; baseline 0.019 -16"><span class='ocrx_word' id='word_1_227' title='bbox 224 1729 323 1756; x_wconf 81' lang='lat' dir='ltr'><strong>Filium</strong></span> <span class='ocrx_word' id='word_1_228' title='bbox 351 1731 544 1767; x_wconf 82' lang='lat' dir='ltr'><strong>genuisse,pic</strong></span> <span class='ocrx_word' id='word_1_229' title='bbox 560 1734 758 1765; x_wconf 84' lang='lat' dir='ltr'><strong>existimamus.</strong></span> <span class='ocrx_word' id='word_1_230' title='bbox 778 1739 886 1767; x_wconf 83' lang='lat' dir='ltr'><strong>Etcum</strong></span> <span class='ocrx_word' id='word_1_231' title='bbox 907 1743 1006 1772; x_wconf 85' lang='lat' dir='ltr'><strong>timore</strong></span> 
     </span>
    </p>
   </div>
   <div class='ocr_carea' id='block_1_36' title="bbox 223 1774 1006 1817">
    <p class='ocr_par' dir='ltr' id='par_1_36' title="bbox 223 1774 1006 1817">
     <span class='ocr_line' id='line_1_36' title="bbox 223 1774 1006 1817; baseline 0.022 -17"><span class='ocrx_word' id='word_1_232' title='bbox 223 1774 289 1802; x_wconf 87' lang='lat' dir='ltr'><strong>illud</strong></span> <span class='ocrx_word' id='word_1_233' title='bbox 303 1775 337 1802; x_wconf 86' lang='lat' dir='ltr'><strong>de</strong></span> <span class='ocrx_word' id='word_1_234' title='bbox 350 1784 384 1803; x_wconf 89' lang='lat' dir='ltr'><strong>eo</strong></span> <span class='ocrx_word' id='word_1_235' title='bbox 396 1777 498 1805; x_wconf 83' lang='lat' dir='ltr'><strong>dictum</strong></span> <span class='ocrx_word' id='word_1_236' title='bbox 524 1786 583 1806; x_wconf 87' lang='lat' dir='ltr'><strong>esse</strong></span> <span class='ocrx_word' id='word_1_237' title='bbox 602 1781 756 1816; x_wconf 81' lang='lat' dir='ltr'><strong>credentes,</strong></span> <span class='ocrx_word' id='word_1_238' title='bbox 776 1784 909 1814; x_wconf 79' lang='lat' dir='ltr'><strong>Dominus</strong></span> <span class='ocrx_word' id='word_1_239' title='bbox 929 1797 1006 1817; x_wconf 82' lang='lat' dir='ltr'><strong>crea-</strong></span> 
     </span>
    </p>
   </div>
   <div class='ocr_carea' id='block_1_37' title="bbox 222 1821 1004 1867">
    <p class='ocr_par' dir='ltr' id='par_1_37' title="bbox 222 1821 1004 1867">
     <span class='ocr_line' id='line_1_37' title="bbox 222 1821 1004 1867; baseline 0.024 -22"><span class='ocrx_word' id='word_1_240' title='bbox 222 1821 259 1846; x_wconf 75' lang='lat' dir='ltr'><strong>vit</strong></span> <span class='ocrx_word' id='word_1_241' title='bbox 282 1828 321 1847; x_wconf 75' lang='lat' dir='ltr'><strong>me</strong></span> <span class='ocrx_word' id='word_1_242' title='bbox 348 1821 457 1849; x_wconf 82' lang='lat' dir='ltr'><strong>initium</strong></span> <span class='ocrx_word' id='word_1_243' title='bbox 481 1825 586 1851; x_wconf 75' lang='lat' dir='ltr'><strong>viarum</strong></span> <span class='ocrx_word' id='word_1_244' title='bbox 614 1834 726 1855; x_wconf 71' lang='lat' dir='ltr'><strong>suarum</strong></span> <span class='ocrx_word' id='word_1_245' title='bbox 759 1831 794 1857; x_wconf 83' lang='lat' dir='ltr'><strong>ad</strong></span> <span class='ocrx_word' id='word_1_246' title='bbox 813 1839 893 1867; x_wconf 83' lang='lat' dir='ltr'><strong>opera</strong></span> <span class='ocrx_word' id='word_1_247' title='bbox 910 1837 1004 1864; x_wconf 74' lang='lat' dir='ltr'><strong>sua‘:</strong></span> 
     </span>
    </p>
   </div>
   <div class='ocr_carea' id='block_1_38' title="bbox 222 1866 1005 1916">
    <p class='ocr_par' dir='ltr' id='par_1_38' title="bbox 222 1866 1005 1916">
     <span class='ocr_line' id='line_1_38' title="bbox 222 1866 1005 1916; baseline 0.024 -25"><span class='ocrx_word' id='word_1_248' title='bbox 222 1873 277 1892; x_wconf 91' lang='lat' dir='ltr'><strong>non</strong></span> <span class='ocrx_word' id='word_1_249' title='bbox 306 1866 400 1894; x_wconf 86' lang='lat' dir='ltr'><strong>itidem</strong></span> <span class='ocrx_word' id='word_1_250' title='bbox 422 1876 484 1895; x_wconf 86' lang='lat' dir='ltr'><strong>eum</strong></span> <span class='ocrx_word' id='word_1_251' title='bbox 500 1875 530 1896; x_wconf 92' lang='lat' dir='ltr'><strong>ut</strong></span> <span class='ocrx_word' id='word_1_252' title='bbox 541 1875 683 1900; x_wconf 86' lang='lat' dir='ltr'><strong>creaturas</strong></span> <span class='ocrx_word' id='word_1_253' title='bbox 698 1875 875 1912; x_wconf 73' lang='lat' dir='ltr'><strong>iacturasque</strong></span> <span class='ocrx_word' id='word_1_254' title='bbox 887 1879 948 1914; x_wconf 87' lang='lat' dir='ltr'><strong>ejus</strong></span> <span class='ocrx_word' id='word_1_255' title='bbox 961 1889 1005 1916; x_wconf 78' lang='lat' dir='ltr'><strong>ge-</strong></span> 
     </span>
    </p>
   </div>
   <div class='ocr_carea' id='block_1_39' title="bbox 185 1908 1004 1958">
    <p class='ocr_par' dir='ltr' id='par_1_39' title="bbox 185 1908 1004 1958">
     <span class='ocr_line' id='line_1_39' title="bbox 185 1908 1004 1958; baseline 0.024 -22"><span class='ocrx_word' id='word_1_256' title='bbox 185 1908 186 1911; x_wconf 64' lang='grc'><em>“</em></span> <span class='ocrx_word' id='word_1_257' title='bbox 222 1911 311 1939; x_wconf 84' lang='lat' dir='ltr'><strong>nitum</strong></span> <span class='ocrx_word' id='word_1_258' title='bbox 333 1921 393 1940; x_wconf 87' lang='lat' dir='ltr'><strong>esse</strong></span> <span class='ocrx_word' id='word_1_259' title='bbox 407 1915 585 1945; x_wconf 83' lang='lat' dir='ltr'><strong>arbitrantur.</strong></span> <span class='ocrx_word' id='word_1_260' title='bbox 611 1918 727 1954; x_wconf 81' lang='lat' dir='ltr'><strong>lmpium</strong></span> <span class='ocrx_word' id='word_1_261' title='bbox 744 1923 817 1950; x_wconf 90' lang='lat' dir='ltr'><strong>cnim</strong></span> <span class='ocrx_word' id='word_1_262' title='bbox 836 1929 888 1958; x_wconf 88' lang='lat' dir='ltr'><strong>cst,</strong></span> <span class='ocrx_word' id='word_1_263' title='bbox 907 1932 934 1954; x_wconf 90' lang='lat' dir='ltr'><strong>et</strong></span> <span class='ocrx_word' id='word_1_264' title='bbox 970 1929 1004 1956; x_wconf 90' lang='lat' dir='ltr'><strong>ab</strong></span> 
     </span>
    </p>
   </div>
   <div class='ocr_carea' id='block_1_40' title="bbox 218 1957 1004 2001">
    <p class='ocr_par' dir='ltr' id='par_1_40' title="bbox 218 1957 1004 2001">
     <span class='ocr_line' id='line_1_40' title="bbox 218 1957 1004 2001; baseline 0.024 -18"><span class='ocrx_word' id='word_1_265' title='bbox 218 1957 405 1987; x_wconf 84' lang='lat' dir='ltr'><strong>ecclesiastica</strong></span> <span class='ocrx_word' id='word_1_266' title='bbox 420 1959 472 1988; x_wconf 81' lang='lat' dir='ltr'><strong>ﬁde</strong></span> <span class='ocrx_word' id='word_1_267' title='bbox 483 1962 614 1995; x_wconf 87' lang='lat' dir='ltr'><strong>alienum,</strong></span> <span class='ocrx_word' id='word_1_268' title='bbox 630 1964 805 1995; x_wconf 85' lang='lat' dir='ltr'><strong>Conditorem</strong></span> <span class='ocrx_word' id='word_1_269' title='bbox 817 1977 880 1998; x_wconf 94' lang='lat' dir='ltr'><strong>cum</strong></span> <span class='ocrx_word' id='word_1_270' title='bbox 896 1978 1004 2001; x_wconf 87' lang='lat' dir='ltr'><strong>creatu—</strong></span> 
     </span>
    </p>
   </div>
   <div class='ocr_carea' id='block_1_41' title="bbox 219 2003 1001 2051">
    <p class='ocr_par' dir='ltr' id='par_1_41' title="bbox 219 2003 1001 2051">
     <span class='ocr_line' id='line_1_41' title="bbox 219 2003 1001 2051; baseline 0.023 -23"><span class='ocrx_word' id='word_1_271' title='bbox 219 2003 255 2029; x_wconf 76' lang='lat' dir='ltr'><strong>ris</strong></span> <span class='ocrx_word' id='word_1_272' title='bbox 273 2011 322 2037; x_wconf 88' lang='lat' dir='ltr'><strong>per</strong></span> <span class='ocrx_word' id='word_1_273' title='bbox 339 2012 401 2032; x_wconf 89' lang='lat' dir='ltr'><strong>eum</strong></span> <span class='ocrx_word' id='word_1_274' title='bbox 419 2007 908 2051; x_wconf 83' lang='lat' dir='ltr'><strong>conditiscomparare,eumdemque</strong></span> <span class='ocrx_word' id='word_1_275' title='bbox 917 2019 1001 2046; x_wconf 89' lang='lat' dir='ltr'><strong>etiam</strong></span> 
     </span>
    </p>
   </div>
   <div class='ocr_carea' id='block_1_42' title="bbox 218 2051 1002 2093">
    <p class='ocr_par' dir='ltr' id='par_1_42' title="bbox 218 2051 1002 2093">
     <span class='ocr_line' id='line_1_42' title="bbox 218 2051 1002 2093; baseline 0.023 -19"><span class='ocrx_word' id='word_1_276' title='bbox 218 2055 282 2074; x_wconf 73' lang='lat' dir='ltr'><strong>enim</strong></span> <span class='ocrx_word' id='word_1_277' title='bbox 301 2051 488 2083; x_wconf 76' lang='lat' dir='ltr'><strong>generationis</strong></span> <span class='ocrx_word' id='word_1_278' title='bbox 501 2053 611 2081; x_wconf 90' lang='lat' dir='ltr'><strong>modum</strong></span> <span class='ocrx_word' id='word_1_279' title='bbox 629 2063 689 2082; x_wconf 86' lang='lat' dir='ltr'><strong>cum</strong></span> <span class='ocrx_word' id='word_1_280' title='bbox 713 2058 753 2085; x_wconf 85' lang='lat' dir='ltr'><strong>eis</strong></span> <span class='ocrx_word' id='word_1_281' title='bbox 765 2066 826 2093; x_wconf 66' lang='lat' dir='ltr'><strong>quae</strong></span> <span class='ocrx_word' id='word_1_282' title='bbox 842 2061 877 2088; x_wconf 86' lang='lat' dir='ltr'><strong>ab</strong></span> <span class='ocrx_word' id='word_1_283' title='bbox 892 2070 926 2090; x_wconf 90' lang='lat' dir='ltr'><strong>eo</strong></span> <span class='ocrx_word' id='word_1_284' title='bbox 936 2071 1002 2092; x_wconf 86' lang='lat' dir='ltr'><strong>sunt</strong></span> 
     </span>
    </p>
   </div>
   <div class='ocr_carea' id='block_1_43' title="bbox 218 2094 1000 2139">
    <p class='ocr_par' dir='ltr' id='par_1_43' title="bbox 218 2094 1000 2139">
     <span class='ocr_line' id='line_1_43' title="bbox 218 2094 1000 2139; baseline 0.026 -21"><span class='ocrx_word' id='word_1_285' title='bbox 218 2094 306 2121; x_wconf 81' lang='lat' dir='ltr'><strong>aliena</strong></span> <span class='ocrx_word' id='word_1_286' title='bbox 329 2094 432 2123; x_wconf 87' lang='lat' dir='ltr'><strong>habere</strong></span> <span class='ocrx_word' id='word_1_287' title='bbox 459 2102 564 2130; x_wconf 87' lang='lat' dir='ltr'><strong>putare.</strong></span> <span class='ocrx_word' id='word_1_288' title='bbox 585 2099 677 2128; x_wconf 90' lang='lat' dir='ltr'><strong>Solum</strong></span> <span class='ocrx_word' id='word_1_289' title='bbox 692 2110 822 2139; x_wconf 84' lang='lat' dir='ltr'><strong>namque,</strong></span> <span class='ocrx_word' id='word_1_290' title='bbox 836 2112 864 2134; x_wconf 88' lang='lat' dir='ltr'><strong>et</strong></span> <span class='ocrx_word' id='word_1_291' title='bbox 877 2109 935 2136; x_wconf 88' lang='lat' dir='ltr'><strong>solo</strong></span> <span class='ocrx_word' id='word_1_292' title='bbox 952 2118 1000 2138; x_wconf 85' lang='lat' dir='ltr'><strong>seu</strong></span> 
     </span>
    </p>
   </div>
   <div class='ocr_carea' id='block_1_44' title="bbox 219 2138 1001 2184">
    <p class='ocr_par' dir='ltr' id='par_1_44' title="bbox 219 2138 1001 2184">
     <span class='ocr_line' id='line_1_44' title="bbox 219 2138 1001 2184; baseline 0.026 -21"><span class='ocrx_word' id='word_1_293' title='bbox 219 2138 301 2165; x_wconf 89' lang='lat' dir='ltr'><strong>unico</strong></span> <span class='ocrx_word' id='word_1_294' title='bbox 330 2141 410 2168; x_wconf 90' lang='lat' dir='ltr'><strong>modo</strong></span> <span class='ocrx_word' id='word_1_295' title='bbox 428 2143 596 2177; x_wconf 75' lang='lat' dir='ltr'><strong>unigenitum</strong></span> <span class='ocrx_word' id='word_1_296' title='bbox 619 2146 716 2175; x_wconf 87' lang='lat' dir='ltr'><strong>Filium</strong></span> <span class='ocrx_word' id='word_1_297' title='bbox 729 2157 858 2184; x_wconf 77' lang='lat' dir='ltr'><strong>germane</strong></span> <span class='ocrx_word' id='word_1_298' title='bbox 879 2160 927 2180; x_wconf 88' lang='lat' dir='ltr'><strong>seu</strong></span> <span class='ocrx_word' id='word_1_299' title='bbox 951 2162 1001 2184; x_wconf 86' lang='lat' dir='ltr'><strong>na-</strong></span> 
     </span>
    </p>
   </div>
   <div class='ocr_carea' id='block_1_45' title="bbox 217 2185 1001 2230">
    <p class='ocr_par' dir='ltr' id='par_1_45' title="bbox 217 2185 1001 2230">
     <span class='ocr_line' id='line_1_45' title="bbox 217 2185 1001 2230; baseline 0.023 -19"><span class='ocrx_word' id='word_1_300' title='bbox 217 2185 272 2212; x_wconf 76' lang='lat' dir='ltr'><strong>tive</strong></span> <span class='ocrx_word' id='word_1_301' title='bbox 297 2192 378 2220; x_wconf 85' lang='lat' dir='ltr'><strong>atque</strong></span> <span class='ocrx_word' id='word_1_302' title='bbox 403 2195 468 2216; x_wconf 78' lang='lat' dir='ltr'><strong>vere</strong></span> <span class='ocrx_word' id='word_1_303' title='bbox 490 2192 611 2225; x_wconf 81' lang='lat' dir='ltr'><strong>genitum</strong></span> <span class='ocrx_word' id='word_1_304' title='bbox 635 2202 705 2226; x_wconf 70' lang='lat' dir='ltr'><strong>esse,</strong></span> <span class='ocrx_word' id='word_1_305' title='bbox 721 2204 770 2223; x_wconf 91' lang='lat' dir='ltr'><strong>nos</strong></span> <span class='ocrx_word' id='word_1_306' title='bbox 783 2197 1001 2230; x_wconf 64' lang='lat' dir='ltr'><strong>divinaeLittcraz</strong></span> 
     </span>
    </p>
   </div>
   <div class='ocr_carea' id='block_1_46' title="bbox 216 2231 999 2280">
    <p class='ocr_par' dir='ltr' id='par_1_46' title="bbox 216 2231 999 2280">
     <span class='ocr_line' id='line_1_46' title="bbox 216 2231 999 2280; baseline 0.023 -24"><span class='ocrx_word' id='word_1_307' title='bbox 216 2231 326 2258; x_wconf 86' lang='lat' dir='ltr'><strong>docent.</strong></span> <span class='ocrx_word' id='word_1_308' title='bbox 341 2232 412 2265; x_wconf 86' lang='lat' dir='ltr'><strong>Quin</strong></span> <span class='ocrx_word' id='word_1_309' title='bbox 432 2243 520 2270; x_wconf 90' lang='lat' dir='ltr'><strong>neque</strong></span> <span class='ocrx_word' id='word_1_310' title='bbox 538 2237 604 2264; x_wconf 92' lang='lat' dir='ltr'><strong>dum</strong></span> <span class='ocrx_word' id='word_1_311' title='bbox 621 2239 719 2266; x_wconf 86' lang='lat' dir='ltr'><strong>Filium</strong></span> <span class='ocrx_word' id='word_1_312' title='bbox 733 2249 781 2275; x_wconf 85' lang='lat' dir='ltr'><strong>per</strong></span> <span class='ocrx_word' id='word_1_313' title='bbox 792 2243 912 2278; x_wconf 86' lang='lat' dir='ltr'><strong>seipsum</strong></span> <span class='ocrx_word' id='word_1_314' title='bbox 928 2253 999 2280; x_wconf 87' lang='lat' dir='ltr'><strong>esse,</strong></span> 
     </span>
    </p>
   </div>
   <div class='ocr_carea' id='block_1_47' title="bbox 216 2277 998 2326">
    <p class='ocr_par' dir='ltr' id='par_1_47' title="bbox 216 2277 998 2326">
     <span class='ocr_line' id='line_1_47' title="bbox 216 2277 998 2326; baseline 0.022 -24"><span class='ocrx_word' id='word_1_315' title='bbox 216 2277 319 2308; x_wconf 78' lang='lat' dir='ltr'><strong>\ivere.</strong></span> <span class='ocrx_word' id='word_1_316' title='bbox 349 2285 378 2307; x_wconf 92' lang='lat' dir='ltr'><strong>et</strong></span> <span class='ocrx_word' id='word_1_317' title='bbox 409 2282 544 2310; x_wconf 83' lang='lat' dir='ltr'><strong>exsistere</strong></span> <span class='ocrx_word' id='word_1_318' title='bbox 575 2285 758 2313; x_wconf 78' lang='lat' dir='ltr'><strong>Consimiliter</strong></span> <span class='ocrx_word' id='word_1_319' title='bbox 777 2288 850 2316; x_wconf 86' lang='lat' dir='ltr'><strong>Patri</strong></span> <span class='ocrx_word' id='word_1_320' title='bbox 869 2290 998 2326; x_wconf 89' lang='lat' dir='ltr'><strong>dicimus,</strong></span> 
     </span>
    </p>
   </div>
   <div class='ocr_carea' id='block_1_48' title="bbox 215 2329 998 2366">
    <p class='ocr_par' dir='ltr' id='par_1_48' title="bbox 215 2329 998 2366">
     <span class='ocr_line' id='line_1_48' title="bbox 215 2329 998 2366; baseline 0.023 -18"><span class='ocrx_word' id='word_1_321' title='bbox 215 2329 360 2358; x_wconf 84' lang='lat' dir='ltr'><strong>propterea</strong></span> <span class='ocrx_word' id='word_1_322' title='bbox 385 2334 446 2353; x_wconf 85' lang='lat' dir='ltr'><strong>eum</strong></span> <span class='ocrx_word' id='word_1_323' title='bbox 469 2335 484 2354; x_wconf 90' lang='lat' dir='ltr'><strong>a</strong></span> <span class='ocrx_word' id='word_1_324' title='bbox 507 2329 587 2356; x_wconf 79' lang='lat' dir='ltr'><strong>Patre</strong></span> <span class='ocrx_word' id='word_1_325' title='bbox 602 2338 788 2366; x_wconf 74' lang='lat' dir='ltr'><strong>segregantus,</strong></span> <span class='ocrx_word' id='word_1_326' title='bbox 798 2334 858 2362; x_wconf 90' lang='lat' dir='ltr'><strong>lo‘ca</strong></span> <span class='ocrx_word' id='word_1_327' title='bbox 871 2340 900 2363; x_wconf 87' lang='lat' dir='ltr'><strong>et</strong></span> <span class='ocrx_word' id='word_1_328' title='bbox 913 2338 998 2366; x_wconf 88' lang='lat' dir='ltr'><strong>inter-</strong></span> 
     </span>
    </p>
   </div>
   <div class='ocr_carea' id='block_1_49' title="bbox 214 2370 997 2420">
    <p class='ocr_par' dir='ltr' id='par_1_49' title="bbox 214 2370 997 2420">
     <span class='ocr_line' id='line_1_49' title="bbox 214 2370 997 2420; baseline 0.022 -25"><span class='ocrx_word' id='word_1_329' title='bbox 214 2370 283 2396; x_wconf 80' lang='lat' dir='ltr'><strong>valla</strong></span> <span class='ocrx_word' id='word_1_330' title='bbox 310 2372 433 2406; x_wconf 71' lang='lat' dir='ltr'><strong>quaedam</strong></span> <span class='ocrx_word' id='word_1_331' title='bbox 459 2373 533 2402; x_wconf 85' lang='lat' dir='ltr'><strong>inter</strong></span> <span class='ocrx_word' id='word_1_332' title='bbox 549 2382 644 2402; x_wconf 85' lang='lat' dir='ltr'><strong>eorum</strong></span> <span class='ocrx_word' id='word_1_333' title='bbox 661 2378 884 2413; x_wconf 86' lang='lat' dir='ltr'><strong>conjunctionem</strong></span> <span class='ocrx_word' id='word_1_334' title='bbox 898 2391 997 2420; x_wconf 88' lang='lat' dir='ltr'><strong>corpo-</strong></span> 
     </span>
    </p>
   </div>
   <div class='ocr_carea' id='block_1_50' title="bbox 213 2416 993 2465">
    <p class='ocr_par' dir='ltr' id='par_1_50' title="bbox 213 2416 993 2465">
     <span class='ocr_line' id='line_1_50' title="bbox 213 2416 993 2465; baseline 0.022 -24"><span class='ocrx_word' id='word_1_335' title='bbox 213 2416 308 2443; x_wconf 89' lang='lat' dir='ltr'><strong>raliter</strong></span> <span class='ocrx_word' id='word_1_336' title='bbox 332 2419 521 2453; x_wconf 74' lang='lat' dir='ltr'><strong>imaginantes.</strong></span> <span class='ocrx_word' id='word_1_337' title='bbox 544 2420 689 2450; x_wconf 83' lang='lat' dir='ltr'><strong>Credimus</strong></span> <span class='ocrx_word' id='word_1_338' title='bbox 717 2424 790 2451; x_wconf 89' lang='lat' dir='ltr'><strong>enim</strong></span> <span class='ocrx_word' id='word_1_339' title='bbox 814 2427 875 2455; x_wconf 87' lang='lat' dir='ltr'><strong>sine</strong></span> <span class='ocrx_word' id='word_1_340' title='bbox 891 2431 993 2465; x_wconf 88' lang='lat' dir='ltr'><strong>medio,</strong></span> 
     </span>
    </p>
   </div>
   <div class='ocr_carea' id='block_1_51' title="bbox 214 2461 995 2506">
    <p class='ocr_par' dir='ltr' id='par_1_51' title="bbox 214 2461 995 2506">
     <span class='ocr_line' id='line_1_51' title="bbox 214 2461 995 2506; baseline 0.023 -19"><span class='ocrx_word' id='word_1_341' title='bbox 214 2466 241 2487; x_wconf 89' lang='lat' dir='ltr'><strong>et</strong></span> <span class='ocrx_word' id='word_1_342' title='bbox 258 2461 317 2489; x_wconf 89' lang='lat' dir='ltr'><strong>sine</strong></span> <span class='ocrx_word' id='word_1_343' title='bbox 331 2465 421 2498; x_wconf 83' lang='lat' dir='ltr'><strong>spatio</strong></span> <span class='ocrx_word' id='word_1_344' title='bbox 449 2465 514 2497; x_wconf 81' lang='lat' dir='ltr'><strong>ullo,</strong></span> <span class='ocrx_word' id='word_1_345' title='bbox 533 2466 604 2499; x_wconf 81' lang='lat' dir='ltr'><strong>ipsos</strong></span> <span class='ocrx_word' id='word_1_346' title='bbox 617 2468 780 2503; x_wconf 84' lang='lat' dir='ltr'><strong>conjunctos</strong></span> <span class='ocrx_word' id='word_1_347' title='bbox 792 2480 864 2506; x_wconf 86' lang='lat' dir='ltr'><strong>esse,</strong></span> <span class='ocrx_word' id='word_1_348' title='bbox 879 2479 907 2502; x_wconf 88' lang='lat' dir='ltr'><strong>et</strong></span> <span class='ocrx_word' id='word_1_349' title='bbox 920 2476 995 2505; x_wconf 86' lang='lat' dir='ltr'><strong>inse-</strong></span> 
     </span>
    </p>
   </div>
   <div class='ocr_carea' id='block_1_52' title="bbox 214 2508 995 2553">
    <p class='ocr_par' dir='ltr' id='par_1_52' title="bbox 214 2508 995 2553">
     <span class='ocr_line' id='line_1_52' title="bbox 214 2508 995 2553; baseline 0.023 -20"><span class='ocrx_word' id='word_1_350' title='bbox 214 2508 373 2540; x_wconf 79' lang='lat' dir='ltr'><strong>parabiliter</strong></span> <span class='ocrx_word' id='word_1_351' title='bbox 396 2519 411 2537; x_wconf 86' lang='lat' dir='ltr'><strong>a</strong></span> <span class='ocrx_word' id='word_1_352' title='bbox 425 2511 523 2544; x_wconf 77' lang='lat' dir='ltr'><strong>scipsis</strong></span> <span class='ocrx_word' id='word_1_353' title='bbox 530 2512 664 2541; x_wconf 82' lang='lat' dir='ltr'><strong>exsistere</strong></span> <span class='ocrx_word' id='word_1_354' title='bbox 680 2522 687 2541; x_wconf 92' lang='lat'>:</span> <span class='ocrx_word' id='word_1_355' title='bbox 702 2514 784 2544; x_wconf 83' lang='lat' dir='ltr'><strong>Patre</strong></span> <span class='ocrx_word' id='word_1_356' title='bbox 797 2519 909 2553; x_wconf 86' lang='lat' dir='ltr'><strong>quidem</strong></span> <span class='ocrx_word' id='word_1_357' title='bbox 920 2529 995 2551; x_wconf 90' lang='lat' dir='ltr'><strong>com-</strong></span> 
     </span>
    </p>
   </div>
   <div class='ocr_carea' id='block_1_53' title="bbox 213 2553 991 2597">
    <p class='ocr_par' dir='ltr' id='par_1_53' title="bbox 213 2553 991 2597">
     <span class='ocr_line' id='line_1_53' title="bbox 213 2553 991 2597; baseline 0.023 -17"><span class='ocrx_word' id='word_1_358' title='bbox 213 2553 359 2586; x_wconf 68' lang='lat' dir='ltr'><strong>plecti-nte,</strong></span> <span class='ocrx_word' id='word_1_359' title='bbox 389 2561 418 2583; x_wconf 92' lang='lat' dir='ltr'><strong>et</strong></span> <span class='ocrx_word' id='word_1_360' title='bbox 451 2558 555 2590; x_wconf 86' lang='lat' dir='ltr'><strong>pectori</strong></span> <span class='ocrx_word' id='word_1_361' title='bbox 588 2560 742 2594; x_wconf 87' lang='lat' dir='ltr'><strong>applicante</strong></span> <span class='ocrx_word' id='word_1_362' title='bbox 765 2564 991 2597; x_wconf 74' lang='lat' dir='ltr'><strong>Filiumtotum:</strong></span> 
     </span>
    </p>
   </div>
   <div class='ocr_carea' id='block_1_54' title="bbox 214 2598 992 2648">
    <p class='ocr_par' dir='ltr' id='par_1_54' title="bbox 214 2598 992 2648">
     <span class='ocr_line' id='line_1_54' title="bbox 214 2598 992 2648; baseline 0.024 -24"><span class='ocrx_word' id='word_1_363' title='bbox 214 2598 281 2625; x_wconf 79' lang='lat' dir='ltr'><strong>Filio</strong></span> <span class='ocrx_word' id='word_1_364' title='bbox 292 2608 356 2626; x_wconf 88' lang='lat' dir='ltr'><strong>vero</strong></span> <span class='ocrx_word' id='word_1_365' title='bbox 369 2605 426 2627; x_wconf 70' lang='lat' dir='ltr'><strong>toto</strong></span> <span class='ocrx_word' id='word_1_366' title='bbox 438 2608 551 2634; x_wconf 86' lang='lat' dir='ltr'><strong>prorsus</strong></span> <span class='ocrx_word' id='word_1_367' title='bbox 568 2603 697 2633; x_wconf 88' lang='lat' dir='ltr'><strong>dcvincto</strong></span> <span class='ocrx_word' id='word_1_368' title='bbox 711 2614 738 2634; x_wconf 88' lang='lat' dir='ltr'><strong>et</strong></span> <span class='ocrx_word' id='word_1_369' title='bbox 754 2611 890 2645; x_wconf 76' lang='lat' dir='ltr'><strong>applicato</strong></span> <span class='ocrx_word' id='word_1_370' title='bbox 904 2613 992 2648; x_wconf 85' lang='lat' dir='ltr'><strong>Patri,</strong></span> 
     </span>
    </p>
   </div>
   <div class='ocr_carea' id='block_1_55' title="bbox 209 2645 990 2692">
    <p class='ocr_par' dir='ltr' id='par_1_55' title="bbox 209 2645 990 2692">
     <span class='ocr_line' id='line_1_55' title="bbox 209 2645 990 2692; baseline 0.024 -22"><span class='ocrx_word' id='word_1_371' title='bbox 209 2651 297 2678; x_wconf 81' lang='lat' dir='ltr'><strong>coque</strong></span> <span class='ocrx_word' id='word_1_372' title='bbox 310 2645 368 2672; x_wconf 89' lang='lat' dir='ltr'><strong>solo</strong></span> <span class='ocrx_word' id='word_1_373' title='bbox 385 2652 517 2681; x_wconf 82' lang='lat' dir='ltr'><strong>perpetuo</strong></span> <span class='ocrx_word' id='word_1_374' title='bbox 533 2648 559 2676; x_wconf 85' lang='lat' dir='ltr'><strong>in</strong></span> <span class='ocrx_word' id='word_1_375' title='bbox 569 2651 630 2678; x_wconf 92' lang='lat' dir='ltr'><strong>sinu</strong></span> <span class='ocrx_word' id='word_1_376' title='bbox 640 2656 754 2685; x_wconf 87' lang='lat' dir='ltr'><strong>paterno</strong></span> <span class='ocrx_word' id='word_1_377' title='bbox 763 2659 973 2692; x_wconf 75' lang='lat' dir='ltr'><strong>conquiescente</strong></span> <span class='ocrx_word' id='word_1_378' title='bbox 984 2682 990 2688; x_wconf 93' lang='lat'><strong>.</strong></span> 
     </span>
    </p>
   </div>
   <div class='ocr_carea' id='block_1_56' title="bbox 210 2690 989 2734">
    <p class='ocr_par' dir='ltr' id='par_1_56' title="bbox 210 2690 989 2734">
     <span class='ocr_line' id='line_1_56' title="bbox 210 2690 989 2734; baseline 0.024 -19"><span class='ocrx_word' id='word_1_379' title='bbox 210 2690 304 2724; x_wconf 86' lang='lat' dir='ltr'><strong>Itaque</strong></span> <span class='ocrx_word' id='word_1_380' title='bbox 322 2710 330 2722; x_wconf 95' lang='lat'><strong>,</strong></span> <span class='ocrx_word' id='word_1_381' title='bbox 345 2691 371 2717; x_wconf 90' lang='lat' dir='ltr'><strong>in</strong></span> <span class='ocrx_word' id='word_1_382' title='bbox 404 2693 493 2721; x_wconf 90' lang='lat' dir='ltr'><strong>modis</strong></span> <span class='ocrx_word' id='word_1_383' title='bbox 519 2696 647 2725; x_wconf 89' lang='lat' dir='ltr'><strong>omnibus</strong></span> <span class='ocrx_word' id='word_1_384' title='bbox 665 2690 858 2733; x_wconf 65' lang='lat' dir='ltr'><strong>perfectautet</strong></span> <span class='ocrx_word' id='word_1_385' title='bbox 873 2708 989 2734; x_wconf 88' lang='lat' dir='ltr'><strong>sanctis-</strong></span> 
     </span>
    </p>
   </div>
   <div class='ocr_carea' id='block_1_57' title="bbox 209 2736 987 2784">
    <p class='ocr_par' dir='ltr' id='par_1_57' title="bbox 209 2736 987 2784">
     <span class='ocr_line' id='line_1_57' title="bbox 209 2736 987 2784; baseline 0.026 -24"><span class='ocrx_word' id='word_1_386' title='bbox 209 2736 306 2762; x_wconf 86' lang='lat' dir='ltr'><strong>simam</strong></span> <span class='ocrx_word' id='word_1_387' title='bbox 339 2736 499 2767; x_wconf 87' lang='lat' dir='ltr'><strong>Trinilatcm</strong></span> <span class='ocrx_word' id='word_1_388' title='bbox 531 2743 675 2773; x_wconf 82' lang='lat' dir='ltr'><strong>credentes</strong></span> <span class='ocrx_word' id='word_1_389' title='bbox 706 2745 868 2784; x_wconf 83' lang='lat' dir='ltr'><strong>Patremque</strong></span> <span class='ocrx_word' id='word_1_390' title='bbox 903 2751 987 2781; x_wconf 87' lang='lat' dir='ltr'><strong>Deum</strong></span> 
     </span>
    </p>
   </div>
   <div class='ocr_carea' id='block_1_58' title="bbox 250 2830 485 2867">
    <p class='ocr_par' dir='ltr' id='par_1_58' title="bbox 250 2830 485 2867">
     <span class='ocr_line' id='line_1_58' title="bbox 250 2830 485 2867; baseline 0.03 -12"><span class='ocrx_word' id='word_1_391' title='bbox 250 2830 256 2845; x_wconf 90' lang='lat'>&#39;</span> <span class='ocrx_word' id='word_1_392' title='bbox 275 2830 347 2859; x_wconf 78' lang='lat' dir='ltr'><strong>Prov</strong></span> <span class='ocrx_word' id='word_1_393' title='bbox 371 2834 485 2867; x_wconf 67' lang='lat'><strong>&quot;11,22.</strong></span> 
     </span>
    </p>
   </div>
   <div class='ocr_carea' id='block_1_59' title="bbox 813 130 1219 166">
    <p class='ocr_par' dir='ltr' id='par_1_59' title="bbox 813 130 1219 166">
     <span class='ocr_line' id='line_1_59' title="bbox 813 130 1219 166; baseline 0.015 -5"><span class='ocrx_word' id='word_1_394' title='bbox 813 130 1024 163; x_wconf 74' lang='lat' dir='ltr'><strong>NICEPHORI</strong></span> <span class='ocrx_word' id='word_1_395' title='bbox 1045 133 1219 166; x_wconf 80' lang='lat' dir='ltr'><strong>CALLlSTl</strong></span> 
     </span>
    </p>
   </div>
   <div class='ocr_carea' id='block_1_60' title="bbox 231 177 1005 223">
    <p class='ocr_par' dir='ltr' id='par_1_60' title="bbox 231 177 1002 222">
     <span class='ocr_line' id='line_1_60' title="bbox 231 177 1002 222; baseline 0.013 -19"><span class='ocrx_word' id='word_1_396' title='bbox 231 179 344 209; x_wconf 74' lang='lat' dir='ltr'><strong>ti-utem,</strong></span> <span class='ocrx_word' id='word_1_397' title='bbox 370 177 427 205; x_wconf 83' lang='lat' dir='ltr'><strong>sive</strong></span> <span class='ocrx_word' id='word_1_398' title='bbox 450 178 629 208; x_wconf 78' lang='lat' dir='ltr'><strong>invisibilium</strong></span> <span class='ocrx_word' id='word_1_399' title='bbox 664 189 713 210; x_wconf 85' lang='lat' dir='ltr'><strong>seu</strong></span> <span class='ocrx_word' id='word_1_400' title='bbox 743 184 907 218; x_wconf 85' lang='lat' dir='ltr'><strong>visibilium.</strong></span> <span class='ocrx_word' id='word_1_401' title='bbox 924 192 953 215; x_wconf 89' lang='lat' dir='ltr'><strong>ut</strong></span> <span class='ocrx_word' id='word_1_402' title='bbox 968 196 1002 222; x_wconf 89' lang='lat' dir='ltr'><strong>qn</strong></span> 
     </span>
    </p>
   </div>
   <div class='ocr_carea' id='block_1_61' title="bbox 1055 177 1168 223">
    <p class='ocr_par' dir='ltr' id='par_1_61' title="bbox 1065 189 1168 223">
     <span class='ocr_line' id='line_1_61' title="bbox 1065 189 1168 223; baseline 0.019 -8"><span class='ocrx_word' id='word_1_403' title='bbox 1065 189 1168 223; x_wconf 79' lang='grc' dir='ltr'>αἰῶνας</span> 
     </span>
    </p>
   </div>
   <div class='ocr_carea' id='block_1_62' title="bbox 1021 1530 1045 1562">
    <p class='ocr_par' dir='ltr' id='par_1_62' title="bbox 1021 1530 1045 1562">
     <span class='ocr_line' id='line_1_62' title="bbox 1021 1530 1045 1562; baseline 0 0"><span class='ocrx_word' id='word_1_404' title='bbox 1021 1530 1045 1562; x_wconf 89' lang='lat' dir='ltr'><strong>C</strong></span> 
     </span>
    </p>
   </div>
   <div class='ocr_carea' id='block_1_63' title="bbox 1017 2202 1039 2228">
    <p class='ocr_par' dir='ltr' id='par_1_63' title="bbox 1017 2202 1039 2228">
     <span class='ocr_line' id='line_1_63' title="bbox 1017 2202 1039 2228; baseline 0 0"><span class='ocrx_word' id='word_1_405' title='bbox 1017 2202 1039 2228; x_wconf 88' lang='lat' dir='ltr'><strong>D</strong></span> 
     </span>
    </p>
   </div>
   <div class='ocr_carea' id='block_1_64' title="bbox 1797 145 1858 178">
    <p class='ocr_par' dir='ltr' id='par_1_64' title="bbox 1797 145 1858 178">
     <span class='ocr_line' id='line_1_64' title="bbox 1797 145 1858 178; baseline 0 -1"><span class='ocrx_word' id='word_1_406' title='bbox 1797 145 1858 178; x_wconf 68' lang='grc'><strong>258</strong></span> 
     </span>
    </p>
   </div>
   <div class='ocr_carea' id='block_1_65' title="bbox 1186 192 1859 239">
    <p class='ocr_par' dir='ltr' id='par_1_65' title="bbox 1186 192 1859 239">
     <span class='ocr_line' id='line_1_65' title="bbox 1186 192 1859 239; baseline 0.022 -21"><span class='ocrx_word' id='word_1_407' title='bbox 1186 192 1241 219; x_wconf 83' lang='grc' dir='ltr'><strong>τῶν</strong></span> <span class='ocrx_word' id='word_1_408' title='bbox 1264 192 1383 233; x_wconf 78' lang='grc' dir='ltr'>αἰώνων,</span> <span class='ocrx_word' id='word_1_409' title='bbox 1402 194 1488 222; x_wconf 72' lang='grc' dir='ltr'>Οὐδὲν</span> <span class='ocrx_word' id='word_1_410' title='bbox 1514 197 1570 233; x_wconf 83' lang='grc' dir='ltr'>γὰρ</span> <span class='ocrx_word' id='word_1_411' title='bbox 1585 200 1745 236; x_wconf 77' lang='grc' dir='ltr'>πρόσφατον</span> <span class='ocrx_word' id='word_1_412' title='bbox 1761 204 1774 230; x_wconf 85' lang='grc' dir='ltr'><strong>ό</strong></span> <span class='ocrx_word' id='word_1_413' title='bbox 1789 204 1859 239; x_wconf 72' lang='grc' dir='ltr'>Χρι-</span> 
     </span>
    </p>
   </div>
   <div class='ocr_carea' id='block_1_66' title="bbox 1067 234 1858 276">
    <p class='ocr_par' dir='ltr' id='par_1_66' title="bbox 1067 234 1858 276">
     <span class='ocr_line' id='line_1_66' title="bbox 1067 234 1858 276; baseline 0.021 -16"><span class='ocrx_word' id='word_1_414' title='bbox 1067 234 1127 266; x_wconf 77' lang='grc' dir='ltr'>στὸς</span> <span class='ocrx_word' id='word_1_415' title='bbox 1147 237 1331 272; x_wconf 76' lang='grc' dir='ltr'>προσείληφεν</span> <span class='ocrx_word' id='word_1_416' title='bbox 1343 239 1452 274; x_wconf 71' lang='grc' dir='ltr'>ἀξίωμα</span> <span class='ocrx_word' id='word_1_417' title='bbox 1461 249 1469 256; x_wconf 92' lang='grc'><strong>·</strong></span> <span class='ocrx_word' id='word_1_418' title='bbox 1482 241 1550 270; x_wconf 73' lang='grc' dir='ltr'>ἀλλὰ</span> <span class='ocrx_word' id='word_1_419' title='bbox 1568 234 1672 272; x_wconf 78' lang='grc' dir='ltr'>ἄνωθεν</span> <span class='ocrx_word' id='word_1_420' title='bbox 1689 248 1794 276; x_wconf 76' lang='grc' dir='ltr'>τέλειον</span> <span class='ocrx_word' id='word_1_421' title='bbox 1805 234 1858 276; x_wconf 76' lang='grc' dir='ltr'><strong>αὒ-</strong></span> 
     </span>
    </p>
   </div>
   <div class='ocr_carea' id='block_1_67' title="bbox 1065 281 1857 323">
    <p class='ocr_par' dir='ltr' id='par_1_67' title="bbox 1065 281 1857 323">
     <span class='ocr_line' id='line_1_67' title="bbox 1065 281 1857 323; baseline 0.021 -17"><span class='ocrx_word' id='word_1_422' title='bbox 1065 281 1121 312; x_wconf 75' lang='grc' dir='ltr'>τδν,</span> <span class='ocrx_word' id='word_1_423' title='bbox 1142 283 1189 308; x_wconf 69' lang='grc' dir='ltr'><strong>καὶ</strong></span> <span class='ocrx_word' id='word_1_424' title='bbox 1206 282 1244 317; x_wconf 83' lang='grc' dir='ltr'>τῷ</span> <span class='ocrx_word' id='word_1_425' title='bbox 1259 284 1345 318; x_wconf 68' lang='grc' dir='ltr'>Πατρὶ</span> <span class='ocrx_word' id='word_1_426' title='bbox 1362 286 1432 312; x_wconf 76' lang='grc' dir='ltr'>κατὰ</span> <span class='ocrx_word' id='word_1_427' title='bbox 1450 287 1538 313; x_wconf 74' lang='grc' dir='ltr'>πάντα</span> <span class='ocrx_word' id='word_1_428' title='bbox 1558 289 1653 323; x_wconf 82' lang='grc' dir='ltr'>ὅμοιον</span> <span class='ocrx_word' id='word_1_429' title='bbox 1667 295 1857 322; x_wconf 70' lang='grc' dir='ltr'>πεπιστεύκα-</span> 
     </span>
    </p>
   </div>
   <div class='ocr_carea' id='block_1_68' title="bbox 1066 328 1857 375">
    <p class='ocr_par' dir='ltr' id='par_1_68' title="bbox 1066 328 1857 375">
     <span class='ocr_line' id='line_1_68' title="bbox 1066 328 1857 375; baseline 0.02 -23"><span class='ocrx_word' id='word_1_430' title='bbox 1066 336 1127 361; x_wconf 84' lang='grc' dir='ltr'>μεν.</span> <span class='ocrx_word' id='word_1_431' title='bbox 1143 328 1197 354; x_wconf 78' lang='grc' dir='ltr'>Καὶ</span> <span class='ocrx_word' id='word_1_432' title='bbox 1213 330 1275 357; x_wconf 70' lang='grc' dir='ltr'>τοὺς</span> <span class='ocrx_word' id='word_1_433' title='bbox 1292 330 1421 363; x_wconf 80' lang='grc' dir='ltr'>λέγοντας</span> <span class='ocrx_word' id='word_1_434' title='bbox 1436 333 1481 360; x_wconf 71' lang='grc' dir='ltr'>τὸν</span> <span class='ocrx_word' id='word_1_435' title='bbox 1498 335 1581 362; x_wconf 69' lang='grc' dir='ltr'>αὑτὸν</span> <span class='ocrx_word' id='word_1_436' title='bbox 1596 335 1667 364; x_wconf 74' lang='grc' dir='ltr'>εἶναι</span> <span class='ocrx_word' id='word_1_437' title='bbox 1682 339 1796 375; x_wconf 79' lang='grc' dir='ltr'>Πατέρα</span> <span class='ocrx_word' id='word_1_438' title='bbox 1808 343 1857 368; x_wconf 66' lang='grc' dir='ltr'>καὶ</span> 
     </span>
    </p>
   </div>
   <div class='ocr_carea' id='block_1_69' title="bbox 1065 373 1856 412">
    <p class='ocr_par' dir='ltr' id='par_1_69' title="bbox 1065 373 1856 412">
     <span class='ocr_line' id='line_1_69' title="bbox 1065 373 1856 412; baseline 0.015 -13"><span class='ocrx_word' id='word_1_439' title='bbox 1065 373 1128 400; x_wconf 66' lang='grc' dir='ltr'>Υῐδν</span> <span class='ocrx_word' id='word_1_440' title='bbox 1145 374 1192 399; x_wconf 64' lang='grc' dir='ltr'>καὶ</span> <span class='ocrx_word' id='word_1_441' title='bbox 1218 373 1295 407; x_wconf 77' lang='grc' dir='ltr'>ἅγιον</span> <span class='ocrx_word' id='word_1_442' title='bbox 1324 376 1449 411; x_wconf 82' lang='grc' dir='ltr'><strong>Πνεῦμα,</strong></span> <span class='ocrx_word' id='word_1_443' title='bbox 1477 379 1540 405; x_wconf 79' lang='grc' dir='ltr'>καθ’</span> <span class='ocrx_word' id='word_1_444' title='bbox 1568 381 1625 412; x_wconf 70' lang='grc' dir='ltr'>ἐνὸς</span> <span class='ocrx_word' id='word_1_445' title='bbox 1645 383 1691 408; x_wconf 68' lang='grc' dir='ltr'><strong>καὶ</strong></span> <span class='ocrx_word' id='word_1_446' title='bbox 1706 373 1856 411; x_wconf 41' lang='grc' dir='ltr'>τοῦ-αὺῖοῧ</span> 
     </span>
    </p>
   </div>
   <div class='ocr_carea' id='block_1_70' title="bbox 1065 418 1859 462">
    <p class='ocr_par' dir='ltr' id='par_1_70' title="bbox 1065 418 1859 462">
     <span class='ocr_line' id='line_1_70' title="bbox 1065 418 1859 462; baseline 0.018 -19"><span class='ocrx_word' id='word_1_447' title='bbox 1065 418 1231 452; x_wconf 80' lang='grc' dir='ltr'>πράγματός</span> <span class='ocrx_word' id='word_1_448' title='bbox 1243 429 1271 446; x_wconf 82' lang='grc' dir='ltr'><strong>τε</strong></span> <span class='ocrx_word' id='word_1_449' title='bbox 1288 422 1335 448; x_wconf 77' lang='grc' dir='ltr'>καὶ</span> <span class='ocrx_word' id='word_1_450' title='bbox 1350 423 1499 457; x_wconf 66' lang='grc' dir='ltr'>προσώπου</span> <span class='ocrx_word' id='word_1_451' title='bbox 1515 425 1549 450; x_wconf 71' lang='grc' dir='ltr'>τὰ</span> <span class='ocrx_word' id='word_1_452' title='bbox 1565 426 1628 460; x_wconf 82' lang='grc' dir='ltr'>τρία</span> <span class='ocrx_word' id='word_1_453' title='bbox 1651 428 1772 462; x_wconf 59' lang='grc' dir='ltr'>ὀνόματα</span> <span class='ocrx_word' id='word_1_454' title='bbox 1794 432 1859 456; x_wconf 76' lang='grc' dir='ltr'>ἀσε-</span> 
     </span>
    </p>
   </div>
   <div class='ocr_carea' id='block_1_71' title="bbox 1064 463 1856 511">
    <p class='ocr_par' dir='ltr' id='par_1_71' title="bbox 1064 463 1856 511">
     <span class='ocr_line' id='line_1_71' title="bbox 1064 463 1856 511; baseline 0.016 -22"><span class='ocrx_word' id='word_1_455' title='bbox 1064 463 1119 495; x_wconf 78' lang='grc' dir='ltr'>ϐῶς</span> <span class='ocrx_word' id='word_1_456' title='bbox 1144 465 1379 501; x_wconf 66' lang='grc' dir='ltr'>ἐκλαμϐάνοντες,</span> <span class='ocrx_word' id='word_1_457' title='bbox 1406 469 1522 502; x_wconf 81' lang='grc' dir='ltr'><strong>εἰκότως</strong></span> <span class='ocrx_word' id='word_1_458' title='bbox 1554 472 1791 509; x_wconf 82' lang='grc' dir='ltr'>ἀποκηρύσσομεν</span> <span class='ocrx_word' id='word_1_459' title='bbox 1806 477 1856 511; x_wconf 67' lang='grc' dir='ltr'>τῆς</span> 
     </span>
    </p>
   </div>
   <div class='ocr_carea' id='block_1_72' title="bbox 1069 509 1855 555">
    <p class='ocr_par' dir='ltr' id='par_1_72' title="bbox 1069 509 1855 555">
     <span class='ocr_line' id='line_1_72' title="bbox 1069 509 1855 555; baseline 0.017 -19"><span class='ocrx_word' id='word_1_460' title='bbox 1069 509 1253 546; x_wconf 81' lang='grc' dir='ltr'>Ἐκκλησίας·</span> <span class='ocrx_word' id='word_1_461' title='bbox 1272 514 1312 539; x_wconf 78' lang='grc' dir='ltr'><strong>ὅτι</strong></span> <span class='ocrx_word' id='word_1_462' title='bbox 1330 514 1376 540; x_wconf 74' lang='grc' dir='ltr'>τὸν</span> <span class='ocrx_word' id='word_1_463' title='bbox 1392 515 1535 551; x_wconf 76' lang='grc' dir='ltr'>ἁχώρητον</span> <span class='ocrx_word' id='word_1_464' title='bbox 1556 519 1604 544; x_wconf 77' lang='grc' dir='ltr'><strong>καὶ</strong></span> <span class='ocrx_word' id='word_1_465' title='bbox 1617 519 1722 555; x_wconf 44' lang='grc' dir='ltr'>,ἀπαθῆ</span> <span class='ocrx_word' id='word_1_466' title='bbox 1742 509 1855 555; x_wconf 73' lang='grc' dir='ltr'>Πατέρα</span> 
     </span>
    </p>
   </div>
   <div class='ocr_carea' id='block_1_73' title="bbox 1063 558 1856 601">
    <p class='ocr_par' dir='ltr' id='par_1_73' title="bbox 1063 558 1856 601">
     <span class='ocr_line' id='line_1_73' title="bbox 1063 558 1856 601; baseline 0.016 -19"><span class='ocrx_word' id='word_1_467' title='bbox 1063 558 1188 592; x_wconf 80' lang='grc' dir='ltr'>χωρητδν</span> <span class='ocrx_word' id='word_1_468' title='bbox 1206 559 1254 585; x_wconf 77' lang='grc' dir='ltr'><strong>καὶ</strong></span> <span class='ocrx_word' id='word_1_469' title='bbox 1271 559 1394 594; x_wconf 71' lang='grc' dir='ltr'>παθητὸν</span> <span class='ocrx_word' id='word_1_470' title='bbox 1411 561 1455 587; x_wconf 67' lang='grc' dir='ltr'>διὰ</span> <span class='ocrx_word' id='word_1_471' title='bbox 1470 563 1519 597; x_wconf 84' lang='grc' dir='ltr'>τῆς</span> <span class='ocrx_word' id='word_1_472' title='bbox 1535 563 1772 601; x_wconf 74' lang='grc' dir='ltr'>ὲνανθρωπήσεως</span> <span class='ocrx_word' id='word_1_473' title='bbox 1788 569 1856 595; x_wconf 77' lang='grc' dir='ltr'>ὑπο-</span> 
     </span>
    </p>
   </div>
   <div class='ocr_carea' id='block_1_74' title="bbox 1062 602 1855 649">
    <p class='ocr_par' dir='ltr' id='par_1_74' title="bbox 1062 602 1855 649">
     <span class='ocr_line' id='line_1_74' title="bbox 1062 602 1855 649; baseline 0.018 -22"><span class='ocrx_word' id='word_1_474' title='bbox 1062 602 1193 630; x_wconf 73' lang='grc' dir='ltr'>τίθενται.</span> <span class='ocrx_word' id='word_1_475' title='bbox 1209 603 1331 632; x_wconf 73' lang='grc' dir='ltr'>Τοιοῦτοι</span> <span class='ocrx_word' id='word_1_476' title='bbox 1346 606 1399 642; x_wconf 76' lang='grc' dir='ltr'><strong>γάρ</strong></span> <span class='ocrx_word' id='word_1_477' title='bbox 1414 609 1485 635; x_wconf 71' lang='grc' dir='ltr'>εἰσιν</span> <span class='ocrx_word' id='word_1_478' title='bbox 1509 610 1534 636; x_wconf 88' lang='grc' dir='ltr'>οἱ</span> <span class='ocrx_word' id='word_1_479' title='bbox 1552 610 1762 647; x_wconf 74' lang='grc' dir='ltr'>Πατροπασινοὶ</span> <span class='ocrx_word' id='word_1_480' title='bbox 1776 615 1855 649; x_wconf 66' lang='grc' dir='ltr'>παρὰ</span> 
     </span>
    </p>
   </div>
   <div class='ocr_carea' id='block_1_75' title="bbox 1069 645 1852 691">
    <p class='ocr_par' dir='ltr' id='par_1_75' title="bbox 1069 645 1852 691">
     <span class='ocr_line' id='line_1_75' title="bbox 1069 645 1852 691; baseline 0.017 -20"><span class='ocrx_word' id='word_1_481' title='bbox 1069 645 1227 680; x_wconf 77' lang='grc' dir='ltr'>Ῥωμαξοις,</span> <span class='ocrx_word' id='word_1_482' title='bbox 1258 649 1437 677; x_wconf 68' lang='grc' dir='ltr'>Σαϐελλιαινοὶ</span> <span class='ocrx_word' id='word_1_483' title='bbox 1463 652 1491 678; x_wconf 82' lang='grc' dir='ltr'>δὲ</span> <span class='ocrx_word' id='word_1_484' title='bbox 1524 654 1590 689; x_wconf 82' lang='grc' dir='ltr'>παρ’</span> <span class='ocrx_word' id='word_1_485' title='bbox 1612 645 1679 690; x_wconf 71' lang='grc' dir='ltr'>ἦμίν</span> <span class='ocrx_word' id='word_1_486' title='bbox 1697 645 1852 691; x_wconf 62' lang='grc' dir='ltr'>λεγόμενοι.</span> 
     </span>
    </p>
   </div>
   <div class='ocr_carea' id='block_1_76' title="bbox 1063 691 1852 739">
    <p class='ocr_par' dir='ltr' id='par_1_76' title="bbox 1063 691 1852 739">
     <span class='ocr_line' id='line_1_76' title="bbox 1063 691 1852 739; baseline 0.018 -22"><span class='ocrx_word' id='word_1_487' title='bbox 1063 691 1182 726; x_wconf 74' lang='grc' dir='ltr'>Οἴδαμεν</span> <span class='ocrx_word' id='word_1_488' title='bbox 1197 693 1251 728; x_wconf 77' lang='grc' dir='ltr'><strong>γὰρ</strong></span> <span class='ocrx_word' id='word_1_489' title='bbox 1267 695 1358 729; x_wconf 75' lang='grc' dir='ltr'>ἡμεῖς,</span> <span class='ocrx_word' id='word_1_490' title='bbox 1375 696 1421 722; x_wconf 71' lang='grc' dir='ltr'>τὸν</span> <span class='ocrx_word' id='word_1_491' title='bbox 1434 698 1484 731; x_wconf 80' lang='grc' dir='ltr'>μὲν</span> <span class='ocrx_word' id='word_1_492' title='bbox 1499 699 1703 729; x_wconf 79' lang='grc' dir='ltr'>ἀποστείλαντα</span> <span class='ocrx_word' id='word_1_493' title='bbox 1730 704 1852 739; x_wconf 72' lang='grc' dir='ltr'>Πατέρα,</span> 
     </span>
    </p>
   </div>
   <div class='ocr_carea' id='block_1_77' title="bbox 1061 738 1854 783">
    <p class='ocr_par' dir='ltr' id='par_1_77' title="bbox 1061 738 1854 783">
     <span class='ocr_line' id='line_1_77' title="bbox 1061 738 1854 783; baseline 0.015 -20"><span class='ocrx_word' id='word_1_494' title='bbox 1061 738 1091 764; x_wconf 78' lang='grc' dir='ltr'>ὲν</span> <span class='ocrx_word' id='word_1_495' title='bbox 1103 738 1141 773; x_wconf 88' lang='grc' dir='ltr'><strong>τῷ</strong></span> <span class='ocrx_word' id='word_1_496' title='bbox 1157 739 1250 774; x_wconf 73' lang='grc' dir='ltr'>οἰκείῳ</span> <span class='ocrx_word' id='word_1_497' title='bbox 1264 741 1313 775; x_wconf 87' lang='grc' dir='ltr'>τῆς</span> <span class='ocrx_word' id='word_1_498' title='bbox 1328 741 1513 770; x_wconf 82' lang='grc' dir='ltr'>ἀναλλοιώτου</span> <span class='ocrx_word' id='word_1_499' title='bbox 1534 744 1661 780; x_wconf 80' lang='grc' dir='ltr'><strong>θεότητος</strong></span> <span class='ocrx_word' id='word_1_500' title='bbox 1686 748 1748 782; x_wconf 78' lang='grc' dir='ltr'>ἣοει</span> <span class='ocrx_word' id='word_1_501' title='bbox 1766 738 1854 783; x_wconf 78' lang='grc' dir='ltr'>μεμε-</span> 
     </span>
    </p>
   </div>
   <div class='ocr_carea' id='block_1_78' title="bbox 1062 785 1854 827">
    <p class='ocr_par' dir='ltr' id='par_1_78' title="bbox 1062 785 1854 827">
     <span class='ocr_line' id='line_1_78' title="bbox 1062 785 1854 827; baseline 0.011 -16"><span class='ocrx_word' id='word_1_502' title='bbox 1062 785 1187 818; x_wconf 76' lang='grc' dir='ltr'>νηκέναι,</span> <span class='ocrx_word' id='word_1_503' title='bbox 1202 786 1248 811; x_wconf 80' lang='grc' dir='ltr'><strong>τὸν</strong></span> <span class='ocrx_word' id='word_1_504' title='bbox 1259 786 1287 812; x_wconf 76' lang='grc' dir='ltr'>δὲ</span> <span class='ocrx_word' id='word_1_505' title='bbox 1305 787 1498 816; x_wconf 74' lang='grc' dir='ltr'><strong>ἀποσταλέντα</strong></span> <span class='ocrx_word' id='word_1_506' title='bbox 1510 790 1631 825; x_wconf 77' lang='grc' dir='ltr'>Χριστὸν</span> <span class='ocrx_word' id='word_1_507' title='bbox 1645 792 1696 827; x_wconf 80' lang='grc' dir='ltr'>τὴν</span> <span class='ocrx_word' id='word_1_508' title='bbox 1714 793 1763 827; x_wconf 76' lang='grc' dir='ltr'>τῆς</span> <span class='ocrx_word' id='word_1_509' title='bbox 1778 796 1854 820; x_wconf 72' lang='grc' dir='ltr'>ἐναν-</span> 
     </span>
    </p>
   </div>
   <div class='ocr_carea' id='block_1_79' title="bbox 1064 829 1853 873">
    <p class='ocr_par' dir='ltr' id='par_1_79' title="bbox 1064 829 1853 873">
     <span class='ocr_line' id='line_1_79' title="bbox 1064 829 1853 873; baseline 0.015 -18"><span class='ocrx_word' id='word_1_510' title='bbox 1064 829 1235 865; x_wconf 82' lang='grc' dir='ltr'>ορωπήσεως</span> <span class='ocrx_word' id='word_1_511' title='bbox 1249 833 1407 868; x_wconf 81' lang='grc' dir='ltr'><strong>οἰκονομίαν</strong></span> <span class='ocrx_word' id='word_1_512' title='bbox 1418 836 1644 871; x_wconf 83' lang='grc' dir='ltr'>πεπληρωκέναι.</span> <span class='ocrx_word' id='word_1_513' title='bbox 1669 839 1790 873; x_wconf 75' lang='grc' dir='ltr'>ὀμοὶως</span> <span class='ocrx_word' id='word_1_514' title='bbox 1806 842 1853 867; x_wconf 72' lang='grc' dir='ltr'><strong>καὶ</strong></span> 
     </span>
    </p>
   </div>
   <div class='ocr_carea' id='block_1_80' title="bbox 1063 876 1852 922">
    <p class='ocr_par' dir='ltr' id='par_1_80' title="bbox 1063 876 1852 922">
     <span class='ocr_line' id='line_1_80' title="bbox 1063 876 1852 922; baseline 0.016 -21"><span class='ocrx_word' id='word_1_515' title='bbox 1063 876 1125 908; x_wconf 80' lang='grc' dir='ltr'>τοὺς</span> <span class='ocrx_word' id='word_1_516' title='bbox 1138 876 1168 903; x_wconf 80' lang='grc' dir='ltr'>οὗ</span> <span class='ocrx_word' id='word_1_517' title='bbox 1186 877 1313 912; x_wconf 80' lang='grc' dir='ltr'><strong>βουλήσει</strong></span> <span class='ocrx_word' id='word_1_518' title='bbox 1329 879 1388 906; x_wconf 70' lang='grc' dir='ltr'>οὐδὲ</span> <span class='ocrx_word' id='word_1_519' title='bbox 1401 880 1512 916; x_wconf 83' lang='grc' dir='ltr'><strong>θελήσει</strong></span> <span class='ocrx_word' id='word_1_520' title='bbox 1525 884 1708 920; x_wconf 75' lang='grc' dir='ltr'>γεγεννῆσθαι</span> <span class='ocrx_word' id='word_1_521' title='bbox 1723 886 1771 913; x_wconf 58' lang='grc' dir='ltr'><strong>τόν</strong></span> <span class='ocrx_word' id='word_1_522' title='bbox 1786 888 1852 922; x_wconf 77' lang='grc' dir='ltr'>Χρι-</span> 
     </span>
    </p>
   </div>
   <div class='ocr_carea' id='block_1_81' title="bbox 1064 922 1851 966">
    <p class='ocr_par' dir='ltr' id='par_1_81' title="bbox 1064 922 1851 966">
     <span class='ocr_line' id='line_1_81' title="bbox 1064 922 1851 966; baseline 0.015 -18"><span class='ocrx_word' id='word_1_523' title='bbox 1064 922 1126 949; x_wconf 78' lang='grc' dir='ltr'>στὸν</span> <span class='ocrx_word' id='word_1_524' title='bbox 1153 923 1300 958; x_wconf 71' lang='grc' dir='ltr'><strong>εἰρηκότας</strong></span> <span class='ocrx_word' id='word_1_525' title='bbox 1330 925 1497 959; x_wconf 73' lang='grc' dir='ltr'>ἀνευλαόὦς,</span> <span class='ocrx_word' id='word_1_526' title='bbox 1523 929 1649 964; x_wconf 80' lang='grc' dir='ltr'>ἀνάγκην</span> <span class='ocrx_word' id='word_1_527' title='bbox 1675 931 1702 957; x_wconf 69' lang='grc' dir='ltr'><strong>δὲ</strong></span> <span class='ocrx_word' id='word_1_528' title='bbox 1726 932 1851 966; x_wconf 79' lang='grc' dir='ltr'>δηλονότι</span> 
     </span>
    </p>
   </div>
   <div class='ocr_carea' id='block_1_82' title="bbox 1062 969 1851 1011">
    <p class='ocr_par' dir='ltr' id='par_1_82' title="bbox 1062 969 1851 1011">
     <span class='ocr_line' id='line_1_82' title="bbox 1062 969 1851 1011; baseline 0.015 -17"><span class='ocrx_word' id='word_1_529' title='bbox 1062 969 1211 1004; x_wconf 78' lang='grc' dir='ltr'>ἀϐούλητον</span> <span class='ocrx_word' id='word_1_530' title='bbox 1222 970 1317 996; x_wconf 73' lang='grc' dir='ltr'>οὐσίαν</span> <span class='ocrx_word' id='word_1_531' title='bbox 1345 972 1394 999; x_wconf 80' lang='grc' dir='ltr'>καὶ</span> <span class='ocrx_word' id='word_1_532' title='bbox 1411 973 1595 1008; x_wconf 72' lang='grc' dir='ltr'><strong>ἀπροαίρετον</strong></span> <span class='ocrx_word' id='word_1_533' title='bbox 1620 978 1851 1011; x_wconf 78' lang='grc' dir='ltr'>περιτεθεικότας</span> 
     </span>
    </p>
   </div>
   <div class='ocr_carea' id='block_1_83' title="bbox 1061 1015 1851 1058">
    <p class='ocr_par' dir='ltr' id='par_1_83' title="bbox 1061 1015 1851 1058">
     <span class='ocr_line' id='line_1_83' title="bbox 1061 1015 1851 1058; baseline 0.014 -18"><span class='ocrx_word' id='word_1_534' title='bbox 1061 1015 1099 1049; x_wconf 84' lang='grc' dir='ltr'>τῷ</span> <span class='ocrx_word' id='word_1_535' title='bbox 1109 1015 1177 1050; x_wconf 80' lang='grc' dir='ltr'>Θεῷ,</span> <span class='ocrx_word' id='word_1_536' title='bbox 1197 1016 1240 1042; x_wconf 84' lang='grc' dir='ltr'><strong>ἵνα</strong></span> <span class='ocrx_word' id='word_1_537' title='bbox 1253 1017 1327 1044; x_wconf 80' lang='grc' dir='ltr'>ἄκων</span> <span class='ocrx_word' id='word_1_538' title='bbox 1339 1019 1457 1054; x_wconf 82' lang='grc' dir='ltr'><strong>γεννήσῃ</strong></span> <span class='ocrx_word' id='word_1_539' title='bbox 1469 1020 1514 1046; x_wconf 69' lang='grc' dir='ltr'>τὸν</span> <span class='ocrx_word' id='word_1_540' title='bbox 1530 1020 1604 1054; x_wconf 79' lang='grc' dir='ltr'>Υῑὺν,</span> <span class='ocrx_word' id='word_1_541' title='bbox 1618 1023 1851 1058; x_wconf 62' lang='grc' dir='ltr'>δισσεὸεστὰτους</span> 
     </span>
    </p>
   </div>
   <div class='ocr_carea' id='block_1_84' title="bbox 1061 1061 1850 1104">
    <p class='ocr_par' dir='ltr' id='par_1_84' title="bbox 1061 1061 1850 1104">
     <span class='ocr_line' id='line_1_84' title="bbox 1061 1061 1850 1104; baseline 0.013 -17"><span class='ocrx_word' id='word_1_542' title='bbox 1061 1062 1107 1087; x_wconf 78' lang='grc' dir='ltr'><strong>καὶ</strong></span> <span class='ocrx_word' id='word_1_543' title='bbox 1123 1061 1173 1096; x_wconf 81' lang='grc' dir='ltr'>τῆς</span> <span class='ocrx_word' id='word_1_544' title='bbox 1187 1062 1317 1097; x_wconf 82' lang='grc' dir='ltr'><strong>ἀληθείας</strong></span> <span class='ocrx_word' id='word_1_545' title='bbox 1330 1064 1422 1097; x_wconf 77' lang='grc' dir='ltr'>ξένους</span> <span class='ocrx_word' id='word_1_546' title='bbox 1432 1066 1668 1102; x_wconf 79' lang='grc' dir='ltr'>ὲπιγινώσκομεν·</span> <span class='ocrx_word' id='word_1_547' title='bbox 1679 1069 1720 1096; x_wconf 85' lang='grc' dir='ltr'>ὃτι</span> <span class='ocrx_word' id='word_1_548' title='bbox 1729 1078 1759 1096; x_wconf 84' lang='grc' dir='ltr'><strong>τε</strong></span> <span class='ocrx_word' id='word_1_549' title='bbox 1773 1071 1850 1104; x_wconf 68' lang='grc' dir='ltr'>παρὰ</span> 
     </span>
    </p>
   </div>
   <div class='ocr_carea' id='block_1_85' title="bbox 1060 1107 1851 1150">
    <p class='ocr_par' dir='ltr' id='par_1_85' title="bbox 1060 1107 1851 1150">
     <span class='ocr_line' id='line_1_85' title="bbox 1060 1107 1851 1150; baseline 0.013 -17"><span class='ocrx_word' id='word_1_550' title='bbox 1060 1107 1109 1138; x_wconf 76' lang='grc' dir='ltr'>τὰς</span> <span class='ocrx_word' id='word_1_551' title='bbox 1120 1109 1214 1140; x_wconf 75' lang='grc' dir='ltr'>κοινὰς</span> <span class='ocrx_word' id='word_1_552' title='bbox 1230 1109 1335 1141; x_wconf 78' lang='grc' dir='ltr'>ἐννοίας</span> <span class='ocrx_word' id='word_1_553' title='bbox 1352 1111 1418 1145; x_wconf 78' lang='grc' dir='ltr'>περὶ</span> <span class='ocrx_word' id='word_1_554' title='bbox 1434 1111 1514 1143; x_wconf 78' lang='grc' dir='ltr'>Θεοῦ,</span> <span class='ocrx_word' id='word_1_555' title='bbox 1530 1113 1578 1139; x_wconf 81' lang='grc' dir='ltr'>καὶ</span> <span class='ocrx_word' id='word_1_556' title='bbox 1595 1114 1626 1148; x_wconf 87' lang='grc' dir='ltr'>δὴ</span> <span class='ocrx_word' id='word_1_557' title='bbox 1642 1115 1719 1148; x_wconf 73' lang='grc' dir='ltr'>παρὰ</span> <span class='ocrx_word' id='word_1_558' title='bbox 1744 1117 1774 1142; x_wconf 80' lang='grc' dir='ltr'><strong>τὸ</strong></span> <span class='ocrx_word' id='word_1_559' title='bbox 1789 1116 1851 1150; x_wconf 58' lang='grc' dir='ltr'><strong>βού-</strong></span> 
     </span>
    </p>
   </div>
   <div class='ocr_carea' id='block_1_86' title="bbox 1060 1152 1850 1197">
    <p class='ocr_par' dir='ltr' id='par_1_86' title="bbox 1060 1152 1850 1197">
     <span class='ocr_line' id='line_1_86' title="bbox 1060 1152 1850 1197; baseline 0.014 -19"><span class='ocrx_word' id='word_1_560' title='bbox 1060 1152 1136 1188; x_wconf 83' lang='grc' dir='ltr'>λημα</span> <span class='ocrx_word' id='word_1_561' title='bbox 1148 1154 1197 1188; x_wconf 75' lang='grc' dir='ltr'>τῆς</span> <span class='ocrx_word' id='word_1_562' title='bbox 1215 1154 1396 1197; x_wconf 64' lang='grc' dir='ltr'>θεοπνεύστου</span> <span class='ocrx_word' id='word_1_563' title='bbox 1425 1157 1547 1193; x_wconf 84' lang='grc' dir='ltr'>Γραφῆς,</span> <span class='ocrx_word' id='word_1_564' title='bbox 1579 1161 1694 1187; x_wconf 77' lang='grc' dir='ltr'>τοιαῦτα</span> <span class='ocrx_word' id='word_1_565' title='bbox 1714 1163 1850 1197; x_wconf 80' lang='grc' dir='ltr'>τετολμή-</span> 
     </span>
    </p>
   </div>
   <div class='ocr_carea' id='block_1_87' title="bbox 1060 1199 1849 1242">
    <p class='ocr_par' dir='ltr' id='par_1_87' title="bbox 1060 1199 1849 1242">
     <span class='ocr_line' id='line_1_87' title="bbox 1060 1199 1849 1242; baseline 0.013 -18"><span class='ocrx_word' id='word_1_566' title='bbox 1060 1207 1124 1225; x_wconf 87' lang='grc' dir='ltr'>κασι</span> <span class='ocrx_word' id='word_1_567' title='bbox 1144 1199 1210 1235; x_wconf 74' lang='grc' dir='ltr'>περὶ</span> <span class='ocrx_word' id='word_1_568' title='bbox 1235 1201 1319 1227; x_wconf 80' lang='grc' dir='ltr'>αὐτοῦ</span> <span class='ocrx_word' id='word_1_569' title='bbox 1349 1202 1541 1237; x_wconf 79' lang='grc' dir='ltr'>διορίσασθαι’</span> <span class='ocrx_word' id='word_1_570' title='bbox 1571 1206 1766 1241; x_wconf 71' lang='grc' dir='ltr'><strong>αὐτοκράτορι</strong></span> <span class='ocrx_word' id='word_1_571' title='bbox 1796 1209 1849 1242; x_wconf 72' lang='grc' dir='ltr'><strong>γὰρ</strong></span> 
     </span>
    </p>
   </div>
   <div class='ocr_carea' id='block_1_88' title="bbox 1059 1244 1849 1283">
    <p class='ocr_par' dir='ltr' id='par_1_88' title="bbox 1059 1244 1849 1283">
     <span class='ocr_line' id='line_1_88' title="bbox 1059 1244 1849 1283; baseline 0.013 -15"><span class='ocrx_word' id='word_1_572' title='bbox 1059 1244 1139 1278; x_wconf 80' lang='grc' dir='ltr'>ἡμεῖς</span> <span class='ocrx_word' id='word_1_573' title='bbox 1166 1244 1213 1270; x_wconf 72' lang='grc' dir='ltr'><strong>τὸν</strong></span> <span class='ocrx_word' id='word_1_574' title='bbox 1241 1245 1306 1270; x_wconf 75' lang='grc' dir='ltr'>Θεὸν</span> <span class='ocrx_word' id='word_1_575' title='bbox 1332 1246 1380 1271; x_wconf 83' lang='grc' dir='ltr'>καὶ</span> <span class='ocrx_word' id='word_1_576' title='bbox 1408 1246 1511 1281; x_wconf 85' lang='grc' dir='ltr'>Κύριον</span> <span class='ocrx_word' id='word_1_577' title='bbox 1534 1248 1616 1274; x_wconf 82' lang='grc' dir='ltr'>αὑτὸν</span> <span class='ocrx_word' id='word_1_578' title='bbox 1632 1250 1730 1276; x_wconf 81' lang='grc' dir='ltr'>ἑαυτοῦ</span> <span class='ocrx_word' id='word_1_579' title='bbox 1747 1251 1849 1283; x_wconf 79' lang='grc' dir='ltr'>εἰδότες</span> 
     </span>
    </p>
   </div>
   <div class='ocr_carea' id='block_1_89' title="bbox 1059 1288 1848 1330">
    <p class='ocr_par' dir='ltr' id='par_1_89' title="bbox 1059 1288 1848 1330">
     <span class='ocr_line' id='line_1_89' title="bbox 1059 1288 1848 1330; baseline 0.011 -16"><span class='ocrx_word' id='word_1_580' title='bbox 1059 1288 1193 1320; x_wconf 74' lang='grc' dir='ltr'><strong>ἑκουσίως</strong></span> <span class='ocrx_word' id='word_1_581' title='bbox 1207 1290 1290 1316; x_wconf 71' lang='grc' dir='ltr'>αὐτὸν</span> <span class='ocrx_word' id='word_1_582' title='bbox 1304 1291 1350 1317; x_wconf 78' lang='grc' dir='ltr'>καὶ</span> <span class='ocrx_word' id='word_1_583' title='bbox 1368 1291 1479 1319; x_wconf 79' lang='grc' dir='ltr'>θέλοντα</span> <span class='ocrx_word' id='word_1_584' title='bbox 1497 1293 1545 1319; x_wconf 80' lang='grc' dir='ltr'>τὸν</span> <span class='ocrx_word' id='word_1_585' title='bbox 1569 1294 1634 1321; x_wconf 80' lang='grc' dir='ltr'>Υὶὺν</span> <span class='ocrx_word' id='word_1_586' title='bbox 1648 1297 1848 1330; x_wconf 76' lang='grc' dir='ltr'>γεγεννηκέναι</span> 
     </span>
    </p>
   </div>
   <div class='ocr_carea' id='block_1_90' title="bbox 1058 1334 1849 1375">
    <p class='ocr_par' dir='ltr' id='par_1_90' title="bbox 1058 1334 1849 1375">
     <span class='ocr_line' id='line_1_90' title="bbox 1058 1334 1849 1375; baseline 0.011 -16"><span class='ocrx_word' id='word_1_587' title='bbox 1058 1334 1180 1366; x_wconf 76' lang='grc' dir='ltr'>εὐσεϐῶς</span> <span class='ocrx_word' id='word_1_588' title='bbox 1196 1336 1401 1371; x_wconf 82' lang='grc' dir='ltr'>ὑπειλήφαμεν.</span> <span class='ocrx_word' id='word_1_589' title='bbox 1416 1337 1596 1371; x_wconf 83' lang='grc' dir='ltr'>Πιστεὺοντες</span> <span class='ocrx_word' id='word_1_590' title='bbox 1611 1340 1640 1366; x_wconf 86' lang='grc' dir='ltr'>δὲ</span> <span class='ocrx_word' id='word_1_591' title='bbox 1658 1341 1791 1375; x_wconf 79' lang='grc' dir='ltr'>ὲμφόΰως</span> <span class='ocrx_word' id='word_1_592' title='bbox 1803 1344 1849 1368; x_wconf 80' lang='grc' dir='ltr'><strong>καὶ</strong></span> 
     </span>
    </p>
   </div>
   <div class='ocr_carea' id='block_1_91' title="bbox 1058 1381 1849 1423">
    <p class='ocr_par' dir='ltr' id='par_1_91' title="bbox 1058 1381 1849 1423">
     <span class='ocr_line' id='line_1_91' title="bbox 1058 1381 1849 1423; baseline 0.011 -17"><span class='ocrx_word' id='word_1_593' title='bbox 1058 1381 1088 1407; x_wconf 74' lang='grc' dir='ltr'><strong>τὸ</strong></span> <span class='ocrx_word' id='word_1_594' title='bbox 1101 1381 1166 1416; x_wconf 81' lang='grc' dir='ltr'>περὶ</span> <span class='ocrx_word' id='word_1_595' title='bbox 1180 1382 1264 1408; x_wconf 78' lang='grc' dir='ltr'>αὐτοῦ</span> <span class='ocrx_word' id='word_1_596' title='bbox 1278 1383 1437 1417; x_wconf 83' lang='grc' dir='ltr'>λεγόμενον,</span> <span class='ocrx_word' id='word_1_597' title='bbox 1456 1385 1564 1418; x_wconf 78' lang='grc' dir='ltr'>Κύριος</span> <span class='ocrx_word' id='word_1_598' title='bbox 1579 1387 1683 1413; x_wconf 79' lang='grc' dir='ltr'>ἐκτισέ</span> <span class='ocrx_word' id='word_1_599' title='bbox 1691 1396 1730 1421; x_wconf 85' lang='grc' dir='ltr'><strong>με</strong></span> <span class='ocrx_word' id='word_1_600' title='bbox 1750 1388 1849 1423; x_wconf 77' lang='grc' dir='ltr'>ἀρχὴν</span> 
     </span>
    </p>
   </div>
   <div class='ocr_carea' id='block_1_92' title="bbox 1059 1426 1849 1466">
    <p class='ocr_par' dir='ltr' id='par_1_92' title="bbox 1059 1426 1849 1466">
     <span class='ocr_line' id='line_1_92' title="bbox 1059 1426 1849 1466; baseline 0.011 -14"><span class='ocrx_word' id='word_1_601' title='bbox 1059 1426 1137 1453; x_wconf 78' lang='grc' dir='ltr'><strong>ὁδῶν</strong></span> <span class='ocrx_word' id='word_1_602' title='bbox 1149 1427 1253 1458; x_wconf 82' lang='grc' dir='ltr'>αὐτοῦ,</span> <span class='ocrx_word' id='word_1_603' title='bbox 1267 1430 1310 1461; x_wconf 75' lang='grc' dir='ltr'><strong>εις</strong></span> <span class='ocrx_word' id='word_1_604' title='bbox 1321 1429 1393 1464; x_wconf 77' lang='grc' dir='ltr'>ἔργα</span> <span class='ocrx_word' id='word_1_605' title='bbox 1405 1430 1509 1462; x_wconf 85' lang='grc' dir='ltr'>αὐτοῦ,</span> <span class='ocrx_word' id='word_1_606' title='bbox 1521 1433 1571 1466; x_wconf 84' lang='grc' dir='ltr'><strong>οὐχ</strong></span> <span class='ocrx_word' id='word_1_607' title='bbox 1584 1433 1684 1466; x_wconf 72' lang='grc' dir='ltr'>ὁμοίως</span> <span class='ocrx_word' id='word_1_608' title='bbox 1697 1434 1780 1460; x_wconf 74' lang='grc' dir='ltr'>αὐτὸν</span> <span class='ocrx_word' id='word_1_609' title='bbox 1792 1435 1849 1466; x_wconf 82' lang='grc' dir='ltr'>τοῖς</span> 
     </span>
    </p>
   </div>
   <div class='ocr_carea' id='block_1_93' title="bbox 1058 1471 1849 1514">
    <p class='ocr_par' dir='ltr' id='par_1_93' title="bbox 1058 1471 1849 1514">
     <span class='ocr_line' id='line_1_93' title="bbox 1058 1471 1849 1514; baseline 0.011 -16"><span class='ocrx_word' id='word_1_610' title='bbox 1058 1471 1092 1498; x_wconf 77' lang='grc' dir='ltr'>δι’</span> <span class='ocrx_word' id='word_1_611' title='bbox 1111 1473 1194 1499; x_wconf 80' lang='grc' dir='ltr'>αὑτοῦ</span> <span class='ocrx_word' id='word_1_612' title='bbox 1213 1475 1373 1509; x_wconf 80' lang='grc' dir='ltr'>γενομένοις</span> <span class='ocrx_word' id='word_1_613' title='bbox 1402 1476 1552 1510; x_wconf 67' lang='grc' dir='ltr'>κτίσμασιν</span> <span class='ocrx_word' id='word_1_614' title='bbox 1568 1478 1583 1513; x_wconf 84' lang='grc' dir='ltr'><strong>ἢ</strong></span> <span class='ocrx_word' id='word_1_615' title='bbox 1598 1479 1738 1513; x_wconf 83' lang='grc' dir='ltr'>ποιήμασι</span> <span class='ocrx_word' id='word_1_616' title='bbox 1753 1488 1849 1514; x_wconf 77' lang='grc' dir='ltr'>γεγενι</span> 
     </span>
    </p>
   </div>
   <div class='ocr_carea' id='block_1_94' title="bbox 1059 1517 1848 1560">
    <p class='ocr_par' dir='ltr' id='par_1_94' title="bbox 1059 1517 1848 1560">
     <span class='ocr_line' id='line_1_94' title="bbox 1059 1517 1848 1560; baseline 0.011 -16"><span class='ocrx_word' id='word_1_617' title='bbox 1059 1517 1157 1552; x_wconf 81' lang='grc' dir='ltr'>νῆσθαι</span> <span class='ocrx_word' id='word_1_618' title='bbox 1176 1519 1304 1554; x_wconf 79' lang='grc' dir='ltr'>νοοῦμεν.</span> <span class='ocrx_word' id='word_1_619' title='bbox 1320 1519 1433 1552; x_wconf 77' lang='grc' dir='ltr'>Ἀσεσὲς</span> <span class='ocrx_word' id='word_1_620' title='bbox 1449 1522 1502 1556; x_wconf 85' lang='grc' dir='ltr'>γὰρ</span> <span class='ocrx_word' id='word_1_621' title='bbox 1519 1523 1567 1549; x_wconf 74' lang='grc' dir='ltr'>καὶ</span> <span class='ocrx_word' id='word_1_622' title='bbox 1581 1523 1631 1557; x_wconf 85' lang='grc' dir='ltr'>τῆς</span> <span class='ocrx_word' id='word_1_623' title='bbox 1653 1524 1848 1560; x_wconf 68' lang='grc' dir='ltr'>ἐκκλησιαστι-</span> 
     </span>
    </p>
   </div>
   <div class='ocr_carea' id='block_1_95' title="bbox 1059 1565 1846 1604">
    <p class='ocr_par' dir='ltr' id='par_1_95' title="bbox 1059 1565 1846 1604">
     <span class='ocr_line' id='line_1_95' title="bbox 1059 1565 1846 1604; baseline 0.011 -14"><span class='ocrx_word' id='word_1_624' title='bbox 1059 1565 1109 1598; x_wconf 84' lang='grc' dir='ltr'><strong>κῆς</strong></span> <span class='ocrx_word' id='word_1_625' title='bbox 1123 1565 1241 1597; x_wconf 79' lang='grc' dir='ltr'>πίστεως</span> <span class='ocrx_word' id='word_1_626' title='bbox 1258 1566 1399 1602; x_wconf 79' lang='grc' dir='ltr'>ἀλλότριον</span> <span class='ocrx_word' id='word_1_627' title='bbox 1415 1567 1444 1593; x_wconf 80' lang='grc' dir='ltr'>τὸ</span> <span class='ocrx_word' id='word_1_628' title='bbox 1455 1569 1501 1595; x_wconf 72' lang='grc' dir='ltr'><strong>τὸν</strong></span> <span class='ocrx_word' id='word_1_629' title='bbox 1518 1569 1631 1604; x_wconf 83' lang='grc' dir='ltr'><strong>κτίστην</strong></span> <span class='ocrx_word' id='word_1_630' title='bbox 1645 1573 1703 1602; x_wconf 88' lang='grc' dir='ltr'>τοῖς</span> <span class='ocrx_word' id='word_1_631' title='bbox 1714 1571 1749 1598; x_wconf 84' lang='grc' dir='ltr'>δι’</span> <span class='ocrx_word' id='word_1_632' title='bbox 1762 1573 1846 1600; x_wconf 74' lang='grc' dir='ltr'>αὑτοῦ</span> 
     </span>
    </p>
   </div>
   <div class='ocr_carea' id='block_1_96' title="bbox 1059 1609 1848 1650">
    <p class='ocr_par' dir='ltr' id='par_1_96' title="bbox 1059 1609 1848 1650">
     <span class='ocr_line' id='line_1_96' title="bbox 1059 1609 1848 1650; baseline 0.013 -14"><span class='ocrx_word' id='word_1_633' title='bbox 1059 1609 1231 1644; x_wconf 82' lang='grc' dir='ltr'>ὲκτισμένοις</span> <span class='ocrx_word' id='word_1_634' title='bbox 1261 1612 1490 1648; x_wconf 78' lang='grc' dir='ltr'>δημιουργήμασι</span> <span class='ocrx_word' id='word_1_635' title='bbox 1521 1616 1722 1650; x_wconf 72' lang='grc' dir='ltr'>παραϐάλλειν,</span> <span class='ocrx_word' id='word_1_636' title='bbox 1738 1620 1787 1645; x_wconf 79' lang='grc' dir='ltr'><strong>καὶ</strong></span> <span class='ocrx_word' id='word_1_637' title='bbox 1801 1620 1848 1646; x_wconf 70' lang='grc' dir='ltr'><strong>τὸν</strong></span> 
     </span>
    </p>
   </div>
   <div class='ocr_carea' id='block_1_97' title="bbox 1057 1655 1849 1699">
    <p class='ocr_par' dir='ltr' id='par_1_97' title="bbox 1057 1655 1849 1699">
     <span class='ocr_line' id='line_1_97' title="bbox 1057 1655 1849 1699; baseline 0.014 -18"><span class='ocrx_word' id='word_1_638' title='bbox 1057 1655 1138 1682; x_wconf 67' lang='grc' dir='ltr'>αὐτὸν</span> <span class='ocrx_word' id='word_1_639' title='bbox 1153 1656 1204 1691; x_wconf 78' lang='grc' dir='ltr'>τῆς</span> <span class='ocrx_word' id='word_1_640' title='bbox 1218 1658 1351 1690; x_wconf 80' lang='grc' dir='ltr'>γενέσεως</span> <span class='ocrx_word' id='word_1_641' title='bbox 1364 1661 1420 1690; x_wconf 84' lang='grc' dir='ltr'>τοῖς</span> <span class='ocrx_word' id='word_1_642' title='bbox 1431 1660 1582 1696; x_wconf 71' lang='grc' dir='ltr'>ἀλλοτρίοις</span> <span class='ocrx_word' id='word_1_643' title='bbox 1594 1663 1695 1698; x_wconf 78' lang='grc' dir='ltr'>τρόπον</span> <span class='ocrx_word' id='word_1_644' title='bbox 1709 1663 1783 1699; x_wconf 74' lang='grc' dir='ltr'>ἔχειν</span> <span class='ocrx_word' id='word_1_645' title='bbox 1799 1667 1849 1692; x_wconf 82' lang='grc' dir='ltr'>καὶ</span> 
     </span>
    </p>
   </div>
   <div class='ocr_carea' id='block_1_98' title="bbox 1057 1702 1846 1746">
    <p class='ocr_par' dir='ltr' id='par_1_98' title="bbox 1057 1702 1846 1746">
     <span class='ocr_line' id='line_1_98' title="bbox 1057 1702 1846 1746; baseline 0.013 -19"><span class='ocrx_word' id='word_1_646' title='bbox 1057 1702 1138 1729; x_wconf 68' lang='grc' dir='ltr'>αὑτὸν</span> <span class='ocrx_word' id='word_1_647' title='bbox 1154 1703 1287 1737; x_wconf 78' lang='grc' dir='ltr'>νομίζειν.</span> <span class='ocrx_word' id='word_1_648' title='bbox 1307 1705 1397 1732; x_wconf 79' lang='grc' dir='ltr'>Μόνον</span> <span class='ocrx_word' id='word_1_649' title='bbox 1414 1706 1468 1740; x_wconf 82' lang='grc' dir='ltr'>γὰρ</span> <span class='ocrx_word' id='word_1_650' title='bbox 1484 1707 1532 1733; x_wconf 81' lang='grc' dir='ltr'><strong>καὶ</strong></span> <span class='ocrx_word' id='word_1_651' title='bbox 1546 1708 1636 1741; x_wconf 82' lang='grc' dir='ltr'>μόνως</span> <span class='ocrx_word' id='word_1_652' title='bbox 1651 1709 1696 1735; x_wconf 79' lang='grc' dir='ltr'><strong>τὸν</strong></span> <span class='ocrx_word' id='word_1_653' title='bbox 1713 1711 1846 1746; x_wconf 81' lang='grc' dir='ltr'>μονογενῆ</span> 
     </span>
    </p>
   </div>
   <div class='ocr_carea' id='block_1_99' title="bbox 1057 1747 1848 1791">
    <p class='ocr_par' dir='ltr' id='par_1_99' title="bbox 1057 1747 1848 1791">
     <span class='ocr_line' id='line_1_99' title="bbox 1057 1747 1848 1791; baseline 0.014 -18"><span class='ocrx_word' id='word_1_654' title='bbox 1057 1747 1122 1774; x_wconf 78' lang='grc' dir='ltr'>Υἱὸν</span> <span class='ocrx_word' id='word_1_655' title='bbox 1141 1749 1261 1781; x_wconf 82' lang='grc' dir='ltr'><strong>γνησίως</strong></span> <span class='ocrx_word' id='word_1_656' title='bbox 1276 1758 1305 1776; x_wconf 89' lang='grc' dir='ltr'><strong>τε</strong></span> <span class='ocrx_word' id='word_1_657' title='bbox 1334 1751 1382 1776; x_wconf 71' lang='grc' dir='ltr'><strong>καὶ</strong></span> <span class='ocrx_word' id='word_1_658' title='bbox 1396 1751 1506 1786; x_wconf 84' lang='grc' dir='ltr'>ἀληθῶς</span> <span class='ocrx_word' id='word_1_659' title='bbox 1534 1753 1710 1782; x_wconf 81' lang='grc' dir='ltr'>διδάσκουσιν</span> <span class='ocrx_word' id='word_1_660' title='bbox 1723 1756 1798 1791; x_wconf 78' lang='grc' dir='ltr'>ἡμᾶς</span> <span class='ocrx_word' id='word_1_661' title='bbox 1817 1758 1848 1784; x_wconf 82' lang='grc' dir='ltr'><strong>αι</strong></span> 
     </span>
    </p>
   </div>
   <div class='ocr_carea' id='block_1_100' title="bbox 1057 1792 1848 1831">
    <p class='ocr_par' dir='ltr' id='par_1_100' title="bbox 1057 1792 1848 1831">
     <span class='ocr_line' id='line_1_100' title="bbox 1057 1792 1848 1831; baseline 0.016 -13"><span class='ocrx_word' id='word_1_662' title='bbox 1057 1792 1128 1819; x_wconf 80' lang='grc' dir='ltr'>θεῖαι</span> <span class='ocrx_word' id='word_1_663' title='bbox 1140 1794 1247 1828; x_wconf 71' lang='grc' dir='ltr'>Γραφαὶ</span> <span class='ocrx_word' id='word_1_664' title='bbox 1259 1797 1444 1831; x_wconf 79' lang='grc' dir='ltr'>γεγεννῆσθαι</span> <span class='ocrx_word' id='word_1_665' title='bbox 1455 1806 1462 1814; x_wconf 89' lang='grc'>·</span> <span class='ocrx_word' id='word_1_666' title='bbox 1489 1799 1548 1825; x_wconf 78' lang='grc' dir='ltr'>ἀλλ’</span> <span class='ocrx_word' id='word_1_667' title='bbox 1564 1800 1626 1826; x_wconf 70' lang='grc' dir='ltr'>οὐδὲ</span> <span class='ocrx_word' id='word_1_668' title='bbox 1642 1802 1689 1829; x_wconf 74' lang='grc' dir='ltr'>τὸν</span> <span class='ocrx_word' id='word_1_669' title='bbox 1702 1802 1767 1829; x_wconf 78' lang='grc' dir='ltr'>Υἱὺν</span> <span class='ocrx_word' id='word_1_670' title='bbox 1783 1803 1848 1830; x_wconf 75' lang='grc' dir='ltr'>καθ’</span> 
     </span>
    </p>
   </div>
   <div class='ocr_carea' id='block_1_101' title="bbox 1056 1837 1847 1884">
    <p class='ocr_par' dir='ltr' id='par_1_101' title="bbox 1056 1837 1847 1884">
     <span class='ocr_line' id='line_1_101' title="bbox 1056 1837 1847 1884; baseline 0.014 -20"><span class='ocrx_word' id='word_1_671' title='bbox 1056 1838 1153 1866; x_wconf 79' lang='grc' dir='ltr'>ἑαυτὸν</span> <span class='ocrx_word' id='word_1_672' title='bbox 1165 1837 1246 1872; x_wconf 70' lang='grc' dir='ltr'>εἶναι,</span> <span class='ocrx_word' id='word_1_673' title='bbox 1264 1840 1314 1875; x_wconf 80' lang='grc' dir='ltr'><strong>ζῇν</strong></span> <span class='ocrx_word' id='word_1_674' title='bbox 1327 1850 1356 1868; x_wconf 84' lang='grc' dir='ltr'><strong>τε</strong></span> <span class='ocrx_word' id='word_1_675' title='bbox 1377 1843 1423 1869; x_wconf 74' lang='grc' dir='ltr'>καὶ</span> <span class='ocrx_word' id='word_1_676' title='bbox 1440 1844 1575 1880; x_wconf 79' lang='grc' dir='ltr'>ὑπάρχειν</span> <span class='ocrx_word' id='word_1_677' title='bbox 1588 1846 1688 1880; x_wconf 86' lang='grc' dir='ltr'>ὁμοίως</span> <span class='ocrx_word' id='word_1_678' title='bbox 1700 1847 1740 1882; x_wconf 82' lang='grc' dir='ltr'>τῷ</span> <span class='ocrx_word' id='word_1_679' title='bbox 1757 1849 1847 1884; x_wconf 70' lang='lat' dir='ltr'><strong>lla.th</strong></span> 
     </span>
    </p>
   </div>
   <div class='ocr_carea' id='block_1_102' title="bbox 1055 1884 1845 1929">
    <p class='ocr_par' dir='ltr' id='par_1_102' title="bbox 1055 1884 1845 1929">
     <span class='ocr_line' id='line_1_102' title="bbox 1055 1884 1845 1929; baseline 0.015 -19"><span class='ocrx_word' id='word_1_680' title='bbox 1055 1884 1190 1919; x_wconf 80' lang='grc' dir='ltr'>λέγοντες.</span> <span class='ocrx_word' id='word_1_681' title='bbox 1204 1886 1248 1912; x_wconf 76' lang='grc' dir='ltr'>διὰ</span> <span class='ocrx_word' id='word_1_682' title='bbox 1266 1886 1345 1914; x_wconf 80' lang='grc' dir='ltr'>τοῦτο</span> <span class='ocrx_word' id='word_1_683' title='bbox 1369 1889 1524 1925; x_wconf 75' lang='grc' dir='ltr'>χωρίζομεν</span> <span class='ocrx_word' id='word_1_684' title='bbox 1548 1891 1631 1918; x_wconf 77' lang='grc' dir='ltr'>αὐτὸν</span> <span class='ocrx_word' id='word_1_685' title='bbox 1646 1893 1692 1920; x_wconf 86' lang='grc' dir='ltr'><strong>τοῦ</strong></span> <span class='ocrx_word' id='word_1_686' title='bbox 1714 1894 1821 1929; x_wconf 82' lang='grc' dir='ltr'>Πατρὸς</span> <span class='ocrx_word' id='word_1_687' title='bbox 1836 1914 1845 1926; x_wconf 84' lang='lat'><strong>,</strong></span> 
     </span>
    </p>
   </div>
   <div class='ocr_carea' id='block_1_103' title="bbox 1053 1931 1846 1973">
    <p class='ocr_par' dir='ltr' id='par_1_103' title="bbox 1053 1931 1846 1973">
     <span class='ocr_line' id='line_1_103' title="bbox 1053 1931 1846 1973; baseline 0.014 -17"><span class='ocrx_word' id='word_1_688' title='bbox 1053 1931 1153 1962; x_wconf 81' lang='grc' dir='ltr'>τόπους</span> <span class='ocrx_word' id='word_1_689' title='bbox 1163 1931 1190 1957; x_wconf 85' lang='grc' dir='ltr'>δὲ</span> <span class='ocrx_word' id='word_1_690' title='bbox 1201 1932 1249 1958; x_wconf 72' lang='grc' dir='ltr'>καὶ</span> <span class='ocrx_word' id='word_1_691' title='bbox 1260 1933 1435 1968; x_wconf 71' lang='grc' dir='ltr'>διαστήματα</span> <span class='ocrx_word' id='word_1_692' title='bbox 1446 1944 1507 1962; x_wconf 90' lang='grc' dir='ltr'>τινα</span> <span class='ocrx_word' id='word_1_693' title='bbox 1519 1937 1622 1971; x_wconf 81' lang='grc' dir='ltr'>μεταξὺ</span> <span class='ocrx_word' id='word_1_694' title='bbox 1633 1938 1681 1972; x_wconf 85' lang='grc' dir='ltr'>τῆς</span> <span class='ocrx_word' id='word_1_695' title='bbox 1694 1941 1846 1973; x_wconf 72' lang='grc' dir='ltr'>συναφείας</span> 
     </span>
    </p>
   </div>
   <div class='ocr_carea' id='block_1_104' title="bbox 1054 1976 1845 2021">
    <p class='ocr_par' dir='ltr' id='par_1_104' title="bbox 1054 1976 1845 2021">
     <span class='ocr_line' id='line_1_104' title="bbox 1054 1976 1845 2021; baseline 0.013 -20"><span class='ocrx_word' id='word_1_696' title='bbox 1054 1976 1144 2002; x_wconf 77' lang='grc' dir='ltr'>αὐτῶν</span> <span class='ocrx_word' id='word_1_697' title='bbox 1158 1978 1322 2012; x_wconf 81' lang='grc' dir='ltr'>σωματικῶς</span> <span class='ocrx_word' id='word_1_698' title='bbox 1335 1979 1507 2012; x_wconf 75' lang='grc' dir='ltr'>ἐπινοοῦντες</span> <span class='ocrx_word' id='word_1_699' title='bbox 1518 1989 1525 1996; x_wconf 93' lang='grc'><strong>·</strong></span> <span class='ocrx_word' id='word_1_700' title='bbox 1544 1983 1773 2018; x_wconf 78' lang='grc' dir='ltr'>πεπιστεύκαμεν</span> <span class='ocrx_word' id='word_1_701' title='bbox 1787 1985 1845 2021; x_wconf 69' lang='grc' dir='ltr'>γὰρ</span> 
     </span>
    </p>
   </div>
   <div class='ocr_carea' id='block_1_105' title="bbox 1052 2022 1842 2065">
    <p class='ocr_par' dir='ltr' id='par_1_105' title="bbox 1052 2022 1842 2065">
     <span class='ocr_line' id='line_1_105' title="bbox 1052 2022 1842 2065; baseline 0.013 -17"><span class='ocrx_word' id='word_1_702' title='bbox 1052 2022 1240 2057; x_wconf 81' lang='grc' dir='ltr'>ἀμεσιτεύτως</span> <span class='ocrx_word' id='word_1_703' title='bbox 1267 2025 1366 2056; x_wconf 75' lang='grc' dir='ltr'>αὐτοὺς</span> <span class='ocrx_word' id='word_1_704' title='bbox 1391 2026 1439 2053; x_wconf 75' lang='grc' dir='ltr'>καὶ</span> <span class='ocrx_word' id='word_1_705' title='bbox 1456 2026 1626 2060; x_wconf 82' lang='grc' dir='ltr'>ἀδιαστάτως</span> <span class='ocrx_word' id='word_1_706' title='bbox 1642 2029 1842 2065; x_wconf 72' lang='grc' dir='ltr'>ὲπισυνῆφθαι,</span> 
     </span>
    </p>
   </div>
   <div class='ocr_carea' id='block_1_106' title="bbox 1053 2068 1845 2110">
    <p class='ocr_par' dir='ltr' id='par_1_106' title="bbox 1053 2068 1845 2110">
     <span class='ocr_line' id='line_1_106' title="bbox 1053 2068 1845 2110; baseline 0.013 -16"><span class='ocrx_word' id='word_1_707' title='bbox 1053 2069 1099 2094; x_wconf 75' lang='grc' dir='ltr'>καὶ</span> <span class='ocrx_word' id='word_1_708' title='bbox 1114 2068 1275 2104; x_wconf 82' lang='grc' dir='ltr'>ἀχωρίστως</span> <span class='ocrx_word' id='word_1_709' title='bbox 1295 2071 1432 2106; x_wconf 74' lang='grc' dir='ltr'>ὑπάρχειν</span> <span class='ocrx_word' id='word_1_710' title='bbox 1445 2072 1552 2100; x_wconf 80' lang='grc' dir='ltr'>ἑαυτῶν</span> <span class='ocrx_word' id='word_1_711' title='bbox 1562 2093 1570 2106; x_wconf 85' lang='grc'><strong><em>,</em></strong></span> <span class='ocrx_word' id='word_1_712' title='bbox 1583 2074 1643 2102; x_wconf 79' lang='grc' dir='ltr'>ὅλον</span> <span class='ocrx_word' id='word_1_713' title='bbox 1660 2075 1712 2110; x_wconf 83' lang='grc' dir='ltr'>μὲν</span> <span class='ocrx_word' id='word_1_714' title='bbox 1724 2076 1771 2102; x_wconf 83' lang='grc' dir='ltr'>τοῦ</span> <span class='ocrx_word' id='word_1_715' title='bbox 1787 2078 1845 2105; x_wconf 76' lang='lat' dir='ltr'><strong>lla-</strong></span> 
     </span>
    </p>
   </div>
   <div class='ocr_carea' id='block_1_107' title="bbox 1051 2114 1842 2151">
    <p class='ocr_par' dir='ltr' id='par_1_107' title="bbox 1051 2114 1842 2151">
     <span class='ocr_line' id='line_1_107' title="bbox 1051 2114 1842 2151; baseline 0.014 -12"><span class='ocrx_word' id='word_1_716' title='bbox 1051 2114 1116 2149; x_wconf 79' lang='grc' dir='ltr'>τρὸς</span> <span class='ocrx_word' id='word_1_717' title='bbox 1138 2116 1367 2150; x_wconf 81' lang='grc' dir='ltr'>ἑνστερνισμένου</span> <span class='ocrx_word' id='word_1_718' title='bbox 1393 2117 1439 2144; x_wconf 89' lang='grc' dir='ltr'><strong>τὺν</strong></span> <span class='ocrx_word' id='word_1_719' title='bbox 1471 2118 1553 2151; x_wconf 77' lang='grc' dir='ltr'>Υὶδν,</span> <span class='ocrx_word' id='word_1_720' title='bbox 1582 2120 1644 2147; x_wconf 80' lang='grc' dir='ltr'>ὅλου</span> <span class='ocrx_word' id='word_1_721' title='bbox 1663 2121 1692 2148; x_wconf 83' lang='grc' dir='ltr'>δὲ</span> <span class='ocrx_word' id='word_1_722' title='bbox 1710 2123 1758 2149; x_wconf 83' lang='grc' dir='ltr'>τοῦ</span> <span class='ocrx_word' id='word_1_723' title='bbox 1774 2124 1842 2151; x_wconf 84' lang='grc' dir='ltr'><strong>Υἱοῦ</strong></span> 
     </span>
    </p>
   </div>
   <div class='ocr_carea' id='block_1_108' title="bbox 1051 2160 1843 2204">
    <p class='ocr_par' dir='ltr' id='par_1_108' title="bbox 1051 2160 1843 2204">
     <span class='ocr_line' id='line_1_108' title="bbox 1051 2160 1843 2204; baseline 0.015 -19"><span class='ocrx_word' id='word_1_724' title='bbox 1051 2160 1239 2195; x_wconf 80' lang='grc' dir='ltr'>ὲξηρτημένου</span> <span class='ocrx_word' id='word_1_725' title='bbox 1270 2162 1316 2188; x_wconf 71' lang='grc' dir='ltr'><strong>καὶ</strong></span> <span class='ocrx_word' id='word_1_726' title='bbox 1346 2165 1574 2198; x_wconf 69' lang='grc' dir='ltr'>προσπεφυκότος</span> <span class='ocrx_word' id='word_1_727' title='bbox 1598 2167 1637 2201; x_wconf 84' lang='grc' dir='ltr'>τῷ</span> <span class='ocrx_word' id='word_1_728' title='bbox 1663 2168 1772 2204; x_wconf 72' lang='grc' dir='ltr'>Πατρὶ,</span> <span class='ocrx_word' id='word_1_729' title='bbox 1795 2172 1843 2198; x_wconf 80' lang='grc' dir='ltr'>καὶ</span> 
     </span>
    </p>
   </div>
   <div class='ocr_carea' id='block_1_109' title="bbox 1053 2207 1842 2250">
    <p class='ocr_par' dir='ltr' id='par_1_109' title="bbox 1053 2207 1842 2250">
     <span class='ocr_line' id='line_1_109' title="bbox 1053 2207 1842 2250; baseline 0.016 -20"><span class='ocrx_word' id='word_1_730' title='bbox 1053 2207 1134 2240; x_wconf 87' lang='grc' dir='ltr'>μόνου</span> <span class='ocrx_word' id='word_1_731' title='bbox 1149 2207 1204 2238; x_wconf 78' lang='grc' dir='ltr'>τοῖς</span> <span class='ocrx_word' id='word_1_732' title='bbox 1220 2207 1359 2242; x_wconf 73' lang='grc' dir='ltr'>πατρῴοις</span> <span class='ocrx_word' id='word_1_733' title='bbox 1382 2210 1494 2242; x_wconf 81' lang='grc' dir='ltr'>κόλποις</span> <span class='ocrx_word' id='word_1_734' title='bbox 1520 2212 1733 2248; x_wconf 83' lang='grc' dir='ltr'>ἀναπαυομένου</span> <span class='ocrx_word' id='word_1_735' title='bbox 1750 2216 1842 2250; x_wconf 77' lang='grc' dir='ltr'>διηνε-</span> 
     </span>
    </p>
   </div>
   <div class='ocr_carea' id='block_1_110' title="bbox 1051 2252 1841 2298">
    <p class='ocr_par' dir='ltr' id='par_1_110' title="bbox 1051 2252 1841 2298">
     <span class='ocr_line' id='line_1_110' title="bbox 1051 2252 1841 2298; baseline 0.014 -20"><span class='ocrx_word' id='word_1_736' title='bbox 1051 2252 1118 2283; x_wconf 89' lang='grc' dir='ltr'>κῶς.</span> <span class='ocrx_word' id='word_1_737' title='bbox 1135 2253 1312 2285; x_wconf 78' lang='grc' dir='ltr'>Πιστεύοντες</span> <span class='ocrx_word' id='word_1_738' title='bbox 1327 2253 1373 2282; x_wconf 83' lang='grc' dir='ltr'>οὖν</span> <span class='ocrx_word' id='word_1_739' title='bbox 1384 2256 1423 2286; x_wconf 71' lang='grc' dir='ltr'>εἰς</span> <span class='ocrx_word' id='word_1_740' title='bbox 1433 2257 1483 2291; x_wconf 83' lang='grc' dir='ltr'>τὴν</span> <span class='ocrx_word' id='word_1_741' title='bbox 1498 2258 1658 2286; x_wconf 76' lang='grc' dir='ltr'>παντέλειον</span> <span class='ocrx_word' id='word_1_742' title='bbox 1673 2261 1778 2295; x_wconf 85' lang='grc' dir='ltr'>Τριάδα</span> <span class='ocrx_word' id='word_1_743' title='bbox 1790 2263 1841 2298; x_wconf 79' lang='grc' dir='ltr'>τὴν</span> 
     </span>
    </p>
   </div>
   <div class='ocr_carea' id='block_1_111' title="bbox 1049 2297 1839 2341">
    <p class='ocr_par' dir='ltr' id='par_1_111' title="bbox 1049 2297 1839 2341">
     <span class='ocr_line' id='line_1_111' title="bbox 1049 2297 1839 2341; baseline 0.013 -17"><span class='ocrx_word' id='word_1_744' title='bbox 1049 2297 1217 2333; x_wconf 79' lang='grc' dir='ltr'>ἅγιωτάτην,</span> <span class='ocrx_word' id='word_1_745' title='bbox 1229 2299 1275 2326; x_wconf 74' lang='grc' dir='ltr'><strong>τὸν</strong></span> <span class='ocrx_word' id='word_1_746' title='bbox 1291 2301 1402 2337; x_wconf 79' lang='grc' dir='ltr'>Πατέρα</span> <span class='ocrx_word' id='word_1_747' title='bbox 1414 2302 1540 2336; x_wconf 79' lang='grc' dir='ltr'>λέγοντες</span> <span class='ocrx_word' id='word_1_748' title='bbox 1554 2305 1623 2330; x_wconf 79' lang='grc' dir='ltr'>Θεὸν</span> <span class='ocrx_word' id='word_1_749' title='bbox 1638 2305 1742 2332; x_wconf 72' lang='grc' dir='ltr'>καὶτὸν</span> <span class='ocrx_word' id='word_1_750' title='bbox 1760 2297 1839 2341; x_wconf 64' lang='grc' dir='ltr'>Υιδν,</span> 
     </span>
    </p>
   </div>
   <div class='ocr_carea' id='block_1_112' title="bbox 1048 2343 1840 2386">
    <p class='ocr_par' dir='ltr' id='par_1_112' title="bbox 1048 2343 1840 2386">
     <span class='ocr_line' id='line_1_112' title="bbox 1048 2343 1840 2386; baseline 0.014 -17"><span class='ocrx_word' id='word_1_751' title='bbox 1048 2345 1078 2370; x_wconf 90' lang='grc' dir='ltr'>οὐ</span> <span class='ocrx_word' id='word_1_752' title='bbox 1095 2343 1142 2371; x_wconf 85' lang='grc' dir='ltr'>δύο</span> <span class='ocrx_word' id='word_1_753' title='bbox 1156 2345 1270 2377; x_wconf 83' lang='grc' dir='ltr'>τούτους</span> <span class='ocrx_word' id='word_1_754' title='bbox 1285 2346 1374 2378; x_wconf 83' lang='grc' dir='ltr'>θεοὺς,</span> <span class='ocrx_word' id='word_1_755' title='bbox 1387 2347 1446 2374; x_wconf 85' lang='grc' dir='ltr'>ἀλλ’</span> <span class='ocrx_word' id='word_1_756' title='bbox 1457 2348 1506 2375; x_wconf 71' lang='grc' dir='ltr'>ἕνα</span> <span class='ocrx_word' id='word_1_757' title='bbox 1522 2349 1708 2386; x_wconf 76' lang='grc' dir='ltr'>ὁμολογοῦμεν</span> <span class='ocrx_word' id='word_1_758' title='bbox 1724 2353 1796 2379; x_wconf 86' lang='grc' dir='ltr'>κατὰ</span> <span class='ocrx_word' id='word_1_759' title='bbox 1808 2354 1840 2380; x_wconf 73' lang='grc' dir='ltr'>τὸ</span> 
     </span>
    </p>
   </div>
   <div class='ocr_carea' id='block_1_113' title="bbox 1048 2390 1839 2435">
    <p class='ocr_par' dir='ltr' id='par_1_113' title="bbox 1048 2390 1839 2435">
     <span class='ocr_line' id='line_1_113' title="bbox 1048 2390 1839 2435; baseline 0.014 -19"><span class='ocrx_word' id='word_1_760' title='bbox 1048 2390 1096 2425; x_wconf 82' lang='grc' dir='ltr'><strong>τῆς</strong></span> <span class='ocrx_word' id='word_1_761' title='bbox 1112 2390 1239 2426; x_wconf 83' lang='grc' dir='ltr'>θεότητος</span> <span class='ocrx_word' id='word_1_762' title='bbox 1268 2392 1389 2428; x_wconf 79' lang='grc' dir='ltr'>ἀξίωμα,</span> <span class='ocrx_word' id='word_1_763' title='bbox 1417 2395 1465 2422; x_wconf 75' lang='grc' dir='ltr'>καὶ</span> <span class='ocrx_word' id='word_1_764' title='bbox 1481 2396 1547 2430; x_wconf 84' lang='grc' dir='ltr'>μίαν</span> <span class='ocrx_word' id='word_1_765' title='bbox 1574 2398 1677 2434; x_wconf 77' lang='grc' dir='ltr'>ἀκριϐῆ</span> <span class='ocrx_word' id='word_1_766' title='bbox 1693 2398 1744 2434; x_wconf 80' lang='grc' dir='ltr'>τῆς</span> <span class='ocrx_word' id='word_1_767' title='bbox 1761 2399 1839 2435; x_wconf 80' lang='grc' dir='ltr'>βασι-</span> 
     </span>
    </p>
   </div>
   <div class='ocr_carea' id='block_1_114' title="bbox 1049 2433 1836 2477">
    <p class='ocr_par' dir='ltr' id='par_1_114' title="bbox 1049 2433 1836 2477">
     <span class='ocr_line' id='line_1_114' title="bbox 1049 2433 1836 2477; baseline 0.014 -17"><span class='ocrx_word' id='word_1_768' title='bbox 1049 2433 1124 2466; x_wconf 78' lang='grc' dir='ltr'>λείας</span> <span class='ocrx_word' id='word_1_769' title='bbox 1152 2435 1201 2470; x_wconf 85' lang='grc' dir='ltr'><strong>τὴν</strong></span> <span class='ocrx_word' id='word_1_770' title='bbox 1219 2437 1368 2471; x_wconf 78' lang='grc' dir='ltr'>συνάφειαν</span> <span class='ocrx_word' id='word_1_771' title='bbox 1379 2446 1385 2453; x_wconf 94' lang='grc'><strong>·</strong></span> <span class='ocrx_word' id='word_1_772' title='bbox 1413 2441 1636 2475; x_wconf 69' lang='grc' dir='ltr'>παιιταρχοῦντος</span> <span class='ocrx_word' id='word_1_773' title='bbox 1653 2443 1702 2477; x_wconf 84' lang='grc' dir='ltr'><strong>μὲν</strong></span> <span class='ocrx_word' id='word_1_774' title='bbox 1719 2433 1836 2471; x_wconf 73' lang='grc' dir='ltr'>καόόλου</span> 
     </span>
    </p>
   </div>
   <div class='ocr_carea' id='block_1_115' title="bbox 1048 2479 1837 2520">
    <p class='ocr_par' dir='ltr' id='par_1_115' title="bbox 1048 2479 1837 2520">
     <span class='ocr_line' id='line_1_115' title="bbox 1048 2479 1837 2520; baseline 0.014 -14"><span class='ocrx_word' id='word_1_775' title='bbox 1048 2479 1094 2506; x_wconf 81' lang='grc' dir='ltr'>τοῦ</span> <span class='ocrx_word' id='word_1_776' title='bbox 1122 2481 1229 2516; x_wconf 81' lang='grc' dir='ltr'>Πατρὸς</span> <span class='ocrx_word' id='word_1_777' title='bbox 1264 2484 1374 2511; x_wconf 81' lang='grc' dir='ltr'>πάντων</span> <span class='ocrx_word' id='word_1_778' title='bbox 1391 2484 1438 2511; x_wconf 73' lang='grc' dir='ltr'>καὶ</span> <span class='ocrx_word' id='word_1_779' title='bbox 1463 2486 1547 2512; x_wconf 81' lang='grc' dir='ltr'>αὐτοῦ</span> <span class='ocrx_word' id='word_1_780' title='bbox 1578 2487 1626 2514; x_wconf 83' lang='grc' dir='ltr'>τοῦ</span> <span class='ocrx_word' id='word_1_781' title='bbox 1645 2487 1722 2520; x_wconf 78' lang='grc' dir='ltr'><strong>Υιοῦ,</strong></span> <span class='ocrx_word' id='word_1_782' title='bbox 1738 2489 1788 2517; x_wconf 82' lang='grc' dir='ltr'>τοῦ</span> <span class='ocrx_word' id='word_1_783' title='bbox 1808 2491 1837 2518; x_wconf 83' lang='grc' dir='ltr'><strong>δὲ</strong></span> 
     </span>
    </p>
   </div>
   <div class='ocr_carea' id='block_1_116' title="bbox 1046 2526 1835 2567">
    <p class='ocr_par' dir='ltr' id='par_1_116' title="bbox 1046 2526 1835 2567">
     <span class='ocr_line' id='line_1_116' title="bbox 1046 2526 1835 2567; baseline 0.013 -15"><span class='ocrx_word' id='word_1_784' title='bbox 1046 2526 1113 2553; x_wconf 87' lang='grc' dir='ltr'>Υῑοῦ</span> <span class='ocrx_word' id='word_1_785' title='bbox 1140 2528 1366 2564; x_wconf 82' lang='grc' dir='ltr'>ὑποτεταγμένου</span> <span class='ocrx_word' id='word_1_786' title='bbox 1397 2531 1436 2566; x_wconf 86' lang='grc' dir='ltr'>τῷ</span> <span class='ocrx_word' id='word_1_787' title='bbox 1462 2532 1568 2567; x_wconf 85' lang='grc' dir='ltr'>Πατρι·</span> <span class='ocrx_word' id='word_1_788' title='bbox 1602 2533 1680 2564; x_wconf 78' lang='grc' dir='ltr'>ἐκτὸς</span> <span class='ocrx_word' id='word_1_789' title='bbox 1706 2534 1735 2561; x_wconf 78' lang='grc' dir='ltr'>δὲ</span> <span class='ocrx_word' id='word_1_790' title='bbox 1751 2535 1835 2562; x_wconf 77' lang='grc' dir='ltr'>αὐτοῦ</span> 
     </span>
    </p>
   </div>
   <div class='ocr_carea' id='block_1_117' title="bbox 1046 2574 1834 2611">
    <p class='ocr_par' dir='ltr' id='par_1_117' title="bbox 1046 2574 1834 2611">
     <span class='ocr_line' id='line_1_117' title="bbox 1046 2574 1834 2611; baseline 0.011 -12"><span class='ocrx_word' id='word_1_791' title='bbox 1046 2574 1155 2600; x_wconf 77' lang='grc' dir='ltr'>πάντων</span> <span class='ocrx_word' id='word_1_792' title='bbox 1176 2574 1232 2601; x_wconf 84' lang='grc' dir='ltr'><strong>τῶν</strong></span> <span class='ocrx_word' id='word_1_793' title='bbox 1257 2575 1317 2609; x_wconf 82' lang='grc' dir='ltr'>μετ’</span> <span class='ocrx_word' id='word_1_794' title='bbox 1329 2575 1410 2603; x_wconf 78' lang='grc' dir='ltr'>αὑτὸν</span> <span class='ocrx_word' id='word_1_795' title='bbox 1427 2577 1618 2611; x_wconf 77' lang='grc' dir='ltr'>βασιλεύοντος</span> <span class='ocrx_word' id='word_1_796' title='bbox 1629 2579 1683 2605; x_wconf 83' lang='grc' dir='ltr'>τῶν</span> <span class='ocrx_word' id='word_1_797' title='bbox 1697 2579 1732 2606; x_wconf 80' lang='grc' dir='ltr'>δι’</span> <span class='ocrx_word' id='word_1_798' title='bbox 1748 2582 1834 2608; x_wconf 77' lang='grc' dir='ltr'>αὑτοῦ</span> 
     </span>
    </p>
   </div>
   <div class='ocr_carea' id='block_1_118' title="bbox 1044 2619 1834 2663">
    <p class='ocr_par' dir='ltr' id='par_1_118' title="bbox 1044 2619 1834 2663">
     <span class='ocr_line' id='line_1_118' title="bbox 1044 2619 1834 2663; baseline 0.013 -19"><span class='ocrx_word' id='word_1_799' title='bbox 1044 2619 1209 2654; x_wconf 78' lang='grc' dir='ltr'>γενομένων,</span> <span class='ocrx_word' id='word_1_800' title='bbox 1240 2622 1288 2648; x_wconf 84' lang='grc' dir='ltr'>καὶ</span> <span class='ocrx_word' id='word_1_801' title='bbox 1304 2622 1354 2656; x_wconf 87' lang='grc' dir='ltr'><strong>τὴν</strong></span> <span class='ocrx_word' id='word_1_802' title='bbox 1373 2621 1419 2648; x_wconf 76' lang='grc' dir='ltr'>τοῦ</span> <span class='ocrx_word' id='word_1_803' title='bbox 1453 2623 1531 2657; x_wconf 81' lang='grc' dir='ltr'>ἁγίου</span> <span class='ocrx_word' id='word_1_804' title='bbox 1559 2624 1719 2659; x_wconf 84' lang='grc' dir='ltr'>Πνεύματος</span> <span class='ocrx_word' id='word_1_805' title='bbox 1750 2628 1834 2663; x_wconf 80' lang='grc' dir='ltr'>χάριν</span> 
     </span>
    </p>
   </div>
   <div class='ocr_carea' id='block_1_119' title="bbox 1044 2664 1832 2708">
    <p class='ocr_par' dir='ltr' id='par_1_119' title="bbox 1044 2664 1832 2708">
     <span class='ocr_line' id='line_1_119' title="bbox 1044 2664 1832 2708; baseline 0.014 -18"><span class='ocrx_word' id='word_1_806' title='bbox 1044 2664 1168 2698; x_wconf 81' lang='grc' dir='ltr'>ἀφθόνως</span> <span class='ocrx_word' id='word_1_807' title='bbox 1178 2667 1235 2697; x_wconf 80' lang='grc' dir='ltr'>τοῖς</span> <span class='ocrx_word' id='word_1_808' title='bbox 1247 2667 1334 2700; x_wconf 73' lang='grc' dir='ltr'>ἁγίοις</span> <span class='ocrx_word' id='word_1_809' title='bbox 1344 2667 1516 2703; x_wconf 83' lang='grc' dir='ltr'>δωρουμένου</span> <span class='ocrx_word' id='word_1_810' title='bbox 1528 2671 1654 2707; x_wconf 81' lang='grc' dir='ltr'>πατρικῷ</span> <span class='ocrx_word' id='word_1_811' title='bbox 1666 2671 1746 2708; x_wconf 85' lang='grc' dir='ltr'>βουλή</span> <span class='ocrx_word' id='word_1_812' title='bbox 1752 2683 1832 2708; x_wconf 86' lang='grc' dir='ltr'>ματι.</span> 
     </span>
    </p>
   </div>
   <div class='ocr_carea' id='block_1_120' title="bbox 1045 2709 1835 2753">
    <p class='ocr_par' dir='ltr' id='par_1_120' title="bbox 1045 2709 1835 2753">
     <span class='ocr_line' id='line_1_120' title="bbox 1045 2709 1835 2753; baseline 0.015 -18"><span class='ocrx_word' id='word_1_813' title='bbox 1045 2709 1124 2736; x_wconf 81' lang='grc' dir='ltr'>Οὕτω</span> <span class='ocrx_word' id='word_1_814' title='bbox 1135 2711 1188 2744; x_wconf 82' lang='grc' dir='ltr'>γὰρ</span> <span class='ocrx_word' id='word_1_815' title='bbox 1210 2711 1255 2738; x_wconf 78' lang='grc' dir='ltr'><strong>τὸν</strong></span> <span class='ocrx_word' id='word_1_816' title='bbox 1280 2713 1345 2747; x_wconf 81' lang='grc' dir='ltr'>περὶ</span> <span class='ocrx_word' id='word_1_817' title='bbox 1358 2713 1407 2748; x_wconf 86' lang='grc' dir='ltr'>τῆς</span> <span class='ocrx_word' id='word_1_818' title='bbox 1419 2715 1448 2740; x_wconf 77' lang='grc' dir='ltr'>ὲν</span> <span class='ocrx_word' id='word_1_819' title='bbox 1468 2715 1580 2752; x_wconf 82' lang='grc' dir='ltr'>Χριστῷ</span> <span class='ocrx_word' id='word_1_820' title='bbox 1599 2719 1751 2753; x_wconf 78' lang='grc' dir='ltr'>μοναρχίας</span> <span class='ocrx_word' id='word_1_821' title='bbox 1770 2729 1835 2747; x_wconf 85' lang='grc' dir='ltr'>συν-</span> 
     </span>
    </p>
   </div>
   <div class='ocr_carea' id='block_1_121' title="bbox 1045 2755 1831 2802">
    <p class='ocr_par' dir='ltr' id='par_1_121' title="bbox 1045 2755 1831 2802">
     <span class='ocr_line' id='line_1_121' title="bbox 1045 2755 1831 2802; baseline 0.018 -21"><span class='ocrx_word' id='word_1_822' title='bbox 1045 2755 1171 2783; x_wconf 81' lang='grc' dir='ltr'>ίστασθαι</span> <span class='ocrx_word' id='word_1_823' title='bbox 1201 2756 1280 2793; x_wconf 80' lang='grc' dir='ltr'>λόγον</span> <span class='ocrx_word' id='word_1_824' title='bbox 1295 2759 1520 2795; x_wconf 59' lang='grc' dir='ltr'>παραδεδώκασιν</span> <span class='ocrx_word' id='word_1_825' title='bbox 1534 2763 1599 2799; x_wconf 82' lang='grc' dir='ltr'>ἡμῖν</span> <span class='ocrx_word' id='word_1_826' title='bbox 1614 2765 1638 2791; x_wconf 84' lang='lat' dir='ltr'><strong>ot</strong></span> <span class='ocrx_word' id='word_1_827' title='bbox 1656 2765 1724 2801; x_wconf 74' lang='grc' dir='ltr'>ἱεροὶ</span> <span class='ocrx_word' id='word_1_828' title='bbox 1741 2765 1831 2802; x_wconf 84' lang='grc' dir='ltr'>λόγοι.</span> 
     </span>
    </p>
   </div>
  </div>
