1904 3070
36 164 83 196 Ξὲιῖ

509 158 813 190 ECCI..ESIASTIC/E
832 157 1029 188 HISTORle
1049 158 1125 188 LIB.
1149 158 1199 188 1X.

1610 159 1665 191 2T8

35 223 125 250 Ταῦτα
139 221 361 257 ἡναγκάσθησαν
383 219 450 254 μετὰ
466 218 516 254 τὴν
532 219 561 244 ὲν
575 218 693 252 ἐπιτομῇ
711 215 828 243 ὲκτεοεί⁸

888 215 1015 247 licentes,
1047 219 1075 241 et
1105 214 1215 245 Filium,
1242 221 1297 240 non
1326 213 1402 248 ipsos
1429 214 1499 242 duos
1519 216 1596 249 deos,
1615 219 1663 245 sed

35 278 82 294 σαν
96 268 197 293 πῖστιν
223 266 390 300 πλατύτερον
416 263 670 298 ὲπεξεργὰσασῦαι,
701 262 731 288 οὐ
758 261 828 287 κατὰ

37 313 168 348 περιττὴν
185 311 359 347 φιλοτιμίαν,
374 310 433 337 ἀλλ’
451 310 496 336 ἵνα
511 310 602 335 πᾶσαν
625 308 676 342 τὴν
691 307 761 334 κατὰ
779 308 828 341 τῆς

35 359 174 393 ἡμετέρας
217 356 380 390 ὑπολήψεως
420 354 565 388 ἀλλοτρίαν
605 353 828 387 ἀποκαθάρωμεν

36 405 155 439 amota»;
185 403 263 437 παρὰ
292 403 348 433 τοῖς
369 401 403 427 τὰ
421 400 484 427 καθ’
510 399 589 435 ἡμῶν
617 397 765 432 ἀγνοοῦσι·
781 397 828 423 καὶ

37 451 135 484 γνῶσιν
148 450 174 476 οἱ
195 449 266 475 κατὰ
280 448 329 483 τὴν
346 448 419 474 δόσιν
440 447 541 477 πάντες
555 445 625 479 ὁμοῦ
650 445 700 478 μὲν
719 445 767 478 τῆς
783 453 830 470 συ-

37 494 188 528 κοφαντίας
203 494 259 519 τῶν
287 491 452 527 ἑτεροδόξων
480 491 528 524 τὴν
544 490 692 521 ἀναίδειαν,
709 488 779 523 ὁμοῦ
799 488 828 515 δὲ

38 540 83 566 καὶ
102 540 157 566 τῶν
190 539 360 566 ἀνατολικῶν
381 538 411 564 τὸ
436 537 667 571 ἐκκλησιαστικὸν
686 535 827 570 φρόνημα,

39 584 268 619 μαρτυρούμενον
305 583 443 613 ἀϐιὰστως
468 582 521 608 ὑπὸ
552 581 606 607 τῶν
639 580 829 607 θεοπνεύστων

37 630 152 664 Γραφών
188 630 256 664 παρ’
276 629 369 661 αὐτοῖς
387 628 586 662 ἀδιαστρόφους.
620 636 629 652 ι
659 627 703 651 Ἐν
725 625 830 656 τούτοις

36 676 83 710 μὲν
96 678 112 711 ἡ
134 676 324 710 μακρόστιχος
344 673 435 709 ἐκείνη
452 673 560 704 ἕκθεσις
575 671 767 707 περιείληπτο.

880 267 966 287 unutn
997 259 1174 291 conﬁtemur,
1189 260 1265 294 juxta
1278 259 1430 286 divinitatis
1446 261 1664 295 amplitudinem,

880 311 908 333 et
937 314 1020 333 unam
1051 311 1154 333 certam
1177 307 1386 340 absolutamque
1402 308 1477 342 regni
1493 309 1664 342 conjunctio-

882 359 944 378 netn
961 360 968 378 :
985 350 1176 377 universarum
1198 351 1307 384 quidem
1321 359 1411 378 rerum
1430 360 1477 386 per
1492 354 1583 379 omni:
1602 362 1663 380 cum

881 404 987 423 summa
1016 401 1152 430 potestate
1180 397 1324 431 itnperiutn
1348 398 1490 425 obtinente
1518 399 1649 426 Patreom

881 442 969 473 nium.
995 447 1023 469 et
1047 442 1134 476 ipsius
1163 442 1224 469 Filii
1244 443 1299 477 tl);
1319 443 1387 471 Filio
1404 449 1495 471 autem
1512 445 1584 471 Patri
1603 447 1649 478 qui

880 489 941 515 dem
971 488 1106 523 subjecto,
1121 493 1199 515 extra
1220 497 1284 516 vero
1310 497 1371 516 eum
1389 491 1515 518 universa
1530 496 1590 525 post
1602 500 1664 518 cum

880 541 940 568 quae
968 542 1017 568 per
1049 534 1138 568 ipsttm
1165 534 1235 562 facta
1261 540 1326 562 sunt
1359 540 1481 570 regente,
1507 537 1666 571 etSpiritus

881 579 968 606 sancti
987 580 1090 614 prolixe
1112 587 1144 607 ex
1167 581 1307 608 voluntate
1335 581 1425 609 Patris
1441 583 1668 616 gratiamsanctis

880 626 1011 653 donante.
1046 627 1127 662 695
1150 628 1189 654 Ad
1218 628 1290 654 hunc
1319 629 1392 655 enim
1407 629 1666 662 lllOtilllI],0rdittettt

881 678 909 700 et
925 673 1058 700 rationem
1073 674 1238 701 tnonarcltice
1267 674 1402 708 uniusque
1427 676 1532 709 itnperii
1545 676 1571 702 in
1588 675 1668 702 Chri-

35 729 72 750 sto
95 729 231 751 constare
261 723 343 750 nobis
359 730 435 750 sacra
462 721 609 756 prodidere
624 720 747 748 oracula.
782 719 846 747 Haec
867 725 897 747 ut
931 725 995 755 post
1005 722 1159 748 breviorem
1181 722 1243 748 lidei
1259 721 1405 749 formulam
1437 722 1525 749 fusius
1548 730 1667 757 expone-

36 779 136 803 remus,
172 771 328 798 necessitas
357 769 437 797 nobis
465 768 594 803 imposita
624 772 678 799 est,
708 774 764 793 non
799 775 848 801 per
867 768 1246 802 superﬂuamambitionem,
1275 769 1331 795 sive
1349 769 1588 802 venditationem,
1619 769 1666 796 sed

37 824 63 845 ut
77 826 195 846 omnem
207 819 327 845 alienant
340 812 529 852 suspicionem
564 820 660 844 contra
699 815 864 842 sententiatn
887 820 1010 842 nostram
1038 821 1209 850 conceptam,
1239 816 1310 850 apud
1333 824 1381 843 eos
1415 816 1460 850 qui
1484 825 1527 843 res
1560 823 1667 844 nostras

37 867 176 899 ignorant,
195 866 442 900 ahstergcremus:
462 869 489 891 et
515 869 544 891 ut
576 863 769 891 Occidentales
805 871 900 890 omnes
932 871 994 890 cutn
1034 863 1178 890 calumniae
1203 863 1426 891 adversariorum
1458 864 1667 898 impudentiam,

36 918 90 940 tum
120 913 347 941 ecclesiasticam
379 912 562 940 Oticntalium
589 910 747 947 opinionem
786 915 964 944 cognoscant,
987 910 1031 937 cui
1059 911 1180 945 opinioni
1207 911 1339 938 divinitus
1354 912 1490 945 inspiratae
1510 912 1669 946 Scriptura‘,

36 968 92 994 quae
106 961 185 995 apud
213 968 262 988 eos
282 961 417 987 inviolata:
431 964 640 991 conservantur.
663 966 709 994 per
729 958 830 985 nullam
850 964 972 986 coactam
999 963 1046 986 aut
1061 959 1206 986 violentam
1234 959 1500 994 interpretationem,
1524 959 1669 995 perhibent

38 1007 240 1034 testimonium.
257 1017 266 1033 ι
286 1007 342 1035 [lue
370 1007 480 1043 qttidem
498 1006 579 1034 modo
595 1005 727 1041 prolixior
743 1005 788 1032 illa
800 1005 936 1040 expositio
949 1005 1038 1033 fuerat
1053 1006 1188 1034 instituta.

339 1077 462 1105 ΚΕΦΑΛ.
481 1076 530 1103 IB’.

194 1125 261 1160 Περὶ
275 1124 331 1158 τῆς
343 1125 378 1150 ἑν·
391 1122 523 1157 Σαρδικῇ
538 1122 684 1149 συνόδου.

75 1184 118 1216 Ὧς
134 1184 160 1210 δ’
176 1182 322 1216 ἀπηξίωτο
338 1182 394 1212 τοῖς
412 1181 440 1207 ὲν
455 1180 571 1214 ἑσπέρᾳ.
591 1179 722 1210 Κώνστας
737 1179 750 1204 ὁ
766 1179 834 1205 Καῖ-

40 1240 87 1267 στρ
109 1231 181 1265 μίαν
196 1229 258 1264 ᾔτει
269 1228 350 1262 χάριν
368 1226 413 1253 τὸν
430 1225 555 1259 ἀδελφὸν,
574 1224 671 1258 Παύλῳ
692 1225 737 1250 καὶ
752 1223 833 1249 Ἀθα-

39 1278 122 1312 ναςίῳ
140 1276 210 1307 τοὺς
223 1274 343 1304 οἰκείους
359 1272 474 1307 θρόνους
486 1271 643 1297 ἀναλαϐεῖν.
667 1270 711 1300 Ὠς
723 1269 751 1296 δὲ
766 1269 834 1304 γρά-

40 1332 93 1358 φων
108 1323 193 1350 οὐδὲν
212 1320 316 1356 μᾶλλον
331 1320 408 1354 ἧνυε,
421 1318 475 1344 τῶν
488 1318 522 1344 δι’
537 1317 664 1347 ἐναντίας
683 1315 834 1349 ἀντιπρατ-

38 1371 150 1402 τόντων,
182 1368 232 1394 καὶ
257 1367 313 1393 τῶν
341 1365 416 1392 λαῶν
438 1365 483 1391 διὰ
510 1363 596 1390 ταῦτα
621 1360 832 1393 στασιαζόντων,

42 1416 207 1450 προσιόντες
220 1413 381 1439 Κώνσταν-ιι
395 1411 419 1436 οἱ
431 1410 495 1443 περὶ
508 1408 626 1440 Παῦλον,
637 1406 835 1440 σύνοδονῇτουν

40 1459 240 1496 οἰκουμενικὴν
257 1457 396 1491 γενέσθαι,
414 1455 485 1482 ὥστε
499 1454 532 1490 δὴ
547 1454 595 1480 καὶ
606 1453 640 1479 τὰ
652 1453 701 1486 τῆς
717 1452 836 1482 πίστεως

41 1508 86 1534 καὶ
102 1507 138 1533 τὰ
158 1504 223 1532 κατ’
253 1503 354 1534 αὐτοὺς
383 1501 505 1537 ἀκριϐῶς
530 1499 694 1533 ὲτασθῆναι.
711 1498 765 1533 Τὴν
781 1498 835 1533 γὰρ

41 1553 208 1588 καοαίρεσιν
225 1550 358 1584 ὑποσχεῖν
371 1547 534 1575 διετείνοντο
552 1547 597 1573 διὰ
611 1545 641 1572 τὺ
653 1546 701 1580 τῆς
718 1545 836 1576 πίστεως

43 1598 210 1634 ἀκραιφνές.
230 1595 332 1629 Γνώμη
348 1595 440 1620 τοίνυν
457 1594 514 1619 τοῖν
529 1593 604 1619 δυοῖν
619 1591 757 1627 βασιλέοιν
782 1590 838 1625 ἐγί-

44 1655 111 1678 νετο,
126 1645 194 1675 τοὺς
209 1642 258 1678 ἀφ’
272 1642 409 1676 ἑκατέρας
436 1639 594 1675 ἀρχομένης
615 1639 782 1668 ἐπισκόπους
797 1638 837 1669 εἰς

46 1692 129 1726 ῥητὴν
141 1689 255 1725 ἡμέραν
269 1686 435 1714 καταλαϐεῖν
449 1686 499 1720 τὴν
512 1684 659 1720 Σαρδικὴν,
681 1684 793 1718 Ἰλλυρὶς
809 1683 837 1709 δὲ

47 1737 121 1767 πόλις
149 1735 234 1768 αὕτη,
265 1733 314 1759 τοῦ
346 1732 395 1768 μὲν
421 1732 574 1763 αἰτοῦντος,
598 1729 791 1757 Κωνσταντίου
808 1729 836 1756 δὲ

48 1781 248 1812 ὑπακούοντος,
270 1778 341 1805 ὥστε
355 1779 406 1812 τὴν
421 1777 515 1804 στάσιν
529 1776 699 1810 διαλυθῆναι.
718 1777 772 1802 Καὶ
782 1776 836 1801 ἀπὸ

50 1829 94 1863 μὲν
106 1828 162 1854 τῶν
182 1828 253 1861 πρὸς
273 1825 393 1860 ἑσπέραν
408 1824 500 1858 μερῶν
520 1823 593 1857 ἀμφὶ
607 1822 759 1856 τριακόσιοι
775 1831 837 1848 συν-

48 1877 125 1912 ῆλθεν
145 1875 311 1906 ἐπίσκοποι,
326 1873 363 1904 ὥς
375 1871 427 1898 πού
449 1880 532 1905 φησιν
543 1871 556 1897 ὀ
576 1869 648 1905 ίερὺς
664 1869 835 1901 ’Λθανάσιος,

48 1925 77 1950 ἐκ
89 1924 116 1950 δὲ
128 1924 179 1957 τῆς
197 1922 237 1948 ’ἐω
251 1920 282 1953 ἒξ
296 1928 326 1945 τε
339 1920 387 1946 καὶ
400 1919 587 1953 ἐϐδομήκοντα
597 1924 605 1932 ·
625 1915 739 1947 Σαῦῖνος
751 1916 764 1941 ὸ
778 1916 838 1942 Μα-

48 1971 165 2000 κεδόνιος
181 1967 264 1994 τοῦτό
281 1974 363 2000 φησιν
376 1973 384 1982 ο
404 1962 444 1993 οἷς
464 1963 677 1998 συγκατείλεκτο
688 1962 735 1988 καὶ
750 1960 838 1995 ’ἰσχύ-

50 2025 95 2050 ρας
115 2015 234 2045 ἐκεῖνος,
249 2014 262 2039 ὁ
274 2012 305 2046 ἐξ
330 2010 426 2038 ἑαυτοῦ
444 2010 495 2044 τὴν
513 2008 667 2044 ἱερωσύνην
682 2007 836 2034 ἀναλαεών.

50 2062 100 2088 Καὶ
113 2060 190 2088 κατὰ.
202 2058 285 2085 τοῦτο
301 2057 429 2091 διάφορος
444 2055 584 2085 καταστὰς
604 2053 768 2087 Ἀθανασίῳ,
781 2053 837 2084 τοῖς

49 2108 73 2134 δὲ
89 2107 122 2134 δι’
137 2104 269 2136 ἐναντίας
284 2102 418 2138 προσιὼν,
435 2102 482 2128 καὶ
503 2101 537 2127 τὰ
549 2100 634 2135 ψεύδη
663 2099 836 2134 συμπλάσας,

50 2154 198 2184 ἐπίσκοπος
227 2150 382 2185 Μαρεώτου
407 2147 472 2182 παρ’
505 2147 616 2173 ἐκείνων
648 2144 836 2181 ἁνεκηρὺχθη.

50 2200 107 2226 ora‘
122 2199 202 2226 ἄλλοι
221 2197 253 2223 τὸ
272 2195 365 2222 στενὸν
381 2194 429 2221 τοῦ
452 2193 607 2228 ὁρισθέντος
635 2191 733 2227 καιροῦ
748 2192 777 2218 ἐν
793 2191 838 2218 αι-

49 2248 117 2277 τίαις
141 2245 269 2279 θέμενοι,
301 2241 520 2277 ἀπελείφθησαν,
548 2240 628 2270 ἄλλος
639 2239 703 2266 ἄλλο
721 2248 747 2265 τι
773 2246 839 2273 προ-

50 2286 337 2324 61λλόμενοι,π¹1ουλῐῳ
349 2294 380 2318 γε
398 2285 451 2320 μὴν
468 2284 516 2320 τὴν
536 2283 640 2319 μέμψιν
653 2282 838 2315 ἀνατιθέντες,

50 2337 90 2362 καὶ
111 2335 203 2361 ταῦτα
223 2333 276 2367 πρὸ
288 2333 375 2358 εἴκοσι
394 2330 489 2365 μηνῶν
506 2329 553 2364 τῆς
572 2328 690 2363 ἀφίξεως
708 2328 761 2354 τῶν
779 2328 839 2354 ἑπι-

51 2384 157 2409 σκόπων
174 2379 400 2413 κεκηρυγμένης.
427 2374 481 2403 Ἦν
494 2375 522 2401 δὲ
537 2375 617 2401 τοῦτο
636 2375 749 2401 δέκατον
767 2375 838 2405 ἔτος,

1177 1077 1292 1105 CAPUT
1311 1077 1369 1105 XII.

1113 1123 1150 1150 De
1169 1123 1320 1151 Sardicemt'
1331 1125 1440 1159 synodo.

921 1181 954 1208 Ut
970 1185 1061 1208 autem
1077 1181 1111 1208 ab
1126 1181 1350 1210 Occidentalibus
1369 1189 1410 1211 est
1431 1185 1585 1219 repudiata,
1600 1187 1672 1214 Con-

884 1232 961 1254 stans
976 1227 1066 1254 Cassar
1085 1235 1169 1254 untun
1187 1228 1254 1254 illud
1273 1236 1286 1255 a
1304 1229 1386 1256 fratre
1403 1230 1454 1257 sibi
1471 1231 1530 1258 dari
1548 1234 1670 1266 postula-

887 1273 936 1304 vit,
953 1278 983 1300 ut
998 1273 1099 1300 Paulus
1114 1277 1141 1300 et
1153 1273 1320 1301 Athanasius
1335 1276 1414 1302 sedes
1427 1284 1492 1303 suas
1505 1277 1670 1312 reciperent.

885 1318 920 1345 At
947 1326 1009 1345 cum
1038 1319 1139 1346 litteris
1163 1319 1222 1346 suis
1250 1319 1319 1346 nihil
1344 1320 1500 1352 eﬂ‘ccisset,
1526 1327 1670 1356 propterea

885 1364 959 1398 quod
980 1364 1129 1390 adversarii
1146 1368 1243 1391 contra
1266 1365 1442 1393 niterentur:
1459 1373 1486 1393 et
1501 1375 1563 1394 cum
1582 1377 1672 1403 popu-

885 1411 928 1438 lus
954 1419 985 1438 ea
1012 1411 1045 1438 de
1070 1418 1151 1438 causa
1176 1411 1340 1438 seditionem
1365 1419 1496 1446 moveret,
1524 1413 1624 1442 Paulus
1643 1420 1670 1442 et

886 1457 1052 1484 Athanasius
1072 1464 1180 1484 rursum
1199 1456 1375 1484 Constantem
1397 1458 1502 1489 adiere.
1518 1464 1546 1486 et
1565 1464 1594 1486 ut
1611 1462 1671 1488 uni-

887 1503 1001 1530 versalis
1023 1503 1142 1537 synodus
1163 1508 1308 1537 cogeretur
1329 1504 1444 1538 petiere.
1464 1510 1494 1532 ut
1512 1505 1546 1533 de
1568 1507 1673 1541 profes-

887 1551 964 1577 sione
983 1549 1057 1581 ﬁdei,
1073 1553 1101 1576 et
1123 1549 1158 1576 de
1173 1556 1268 1576 eorum
1285 1550 1376 1577 cauSis
1395 1551 1550 1578 accuratius
1568 1561 1611 1579 res
1624 1561 1673 1581 ex-

888 1597 989 1631 plorari
1013 1601 1114 1630 posset.
1138 1596 1377 1624 Exauctorationis
1397 1598 1470 1624 enim
1496 1598 1674 1632 ignominiam

887 1650 917 1669 se
931 1647 1042 1677 propter
1058 1642 1120 1669 ﬁdei
1136 1642 1323 1669 sinceritatem
1338 1642 1476 1670 sustinere
1491 1643 1673 1672 aﬂirtnarunt.

888 1689 1061 1722 Quapropter
1076 1688 1109 1714 de
1127 1687 1244 1714 duorum
1264 1688 1460 1723 itnperatorum
1478 1690 1594 1717 istarum
1612 1699 1674 1718 sen-

889 1734 974 1761 tentia
995 1738 1138 1765 slatutum,
1155 1737 1184 1760 ut
1201 1733 1346 1768 utriusque
1370 1733 1478 1768 imperii
1495 1735 1616 1769 episcopi
1639 1736 1673 1762 ad

891 1782 963 1808 diem
991 1787 1096 1808 certum
1117 1781 1272 1813 Sardicatn,
1288 1789 1348 1816 qua:
1374 1781 1479 1816 Illyrica
1503 1783 1600 1809 civitas
1621 1788 1672 1813 est,

891 1827 1082 1855 convenirent.
1103 1827 1130 1853 id
1153 1827 1225 1861 quod
1246 1827 1381 1854 Constans
1399 1827 1438 1854 sic
1455 1828 1584 1861 petierat,
1601 1828 1674 1855 Con-

890 1872 1008 1899 stantius
1025 1877 1117 1899 autem
1137 1877 1301 1903 assenserat,
1319 1878 1349 1899 ut
1363 1872 1492 1899 videlicet
1507 1874 1605 1900 seditio
1621 1875 1676 1901 sol-

889 1921 1011 1943 veretur.
1031 1916 1118 1950 Atque
1135 1924 1166 1942 ex
1182 1916 1338 1942 Occidentis
1354 1916 1479 1950 partibus
1495 1917 1603 1944 circiter
1622 1922 1676 1945 trc-

890 1962 964 1989 centi
984 1968 1138 1988 convenere
1156 1961 1290 1995 episcopi,
1309 1961 1389 1988 sicuti
1414 1961 1514 1988 alicubi
1538 1970 1615 1989 sacer
1634 1964 1676 1990 di-

890 2010 928 2036 cit
943 2007 1110 2034 Athanasius
1131 2016 1137 2039 ;
1156 2015 1188 2034 ex
1206 2006 1317 2034 Oriente
1332 2015 1410 2040 vero,
1427 2007 1531 2034 Sabino
1550 2008 1676 2036 Maccdo-

891 2055 974 2082 niano
990 2053 1138 2084 referente,
1154 2060 1200 2079 sex
1211 2057 1243 2091 ,οι
1259 2054 1440 2088 septuaginta.
1455 2053 1561 2086 Quibus
1575 2062 1675 2082 arcen-

891 2109 938 2128 sus
961 2105 1004 2127 est
1024 2104 1051 2127 et
1075 2100 1200 2134 lsehyras
1219 2100 1276 2131 ille,
1292 2107 1325 2126 ex
1343 2107 1404 2127 sese
1426 2105 1504 2128 ortus
1522 2102 1675 2137 presbyter.

891 2145 932 2173 0b
947 2152 1029 2179 qttam
1045 2152 1167 2177 causata,
1180 2152 1242 2171 cum
1257 2144 1394 2180 negotium
1408 2146 1432 2172 ei
1449 2153 1510 2172 cum
1527 2146 1678 2174 Athanasio

891 2196 984 2225 esset,
1007 2192 1036 2218 in
1061 2191 1284 2218 adversariorum
1309 2196 1402 2225 partes
1427 2192 1581 2225 concessit,
1604 2193 1676 2227 apud

891 2246 962 2273 quos
983 2243 1095 2273 propter
1125 2238 1267 2264 mendacia
1294 2237 1413 2265 conficta
1434 2238 1581 2273 episcopus
1606 2240 1677 2273 apud

892 2285 1031 2312 Mareoten
1057 2288 1099 2311 est
1122 2290 1242 2311 creatus.
1262 2284 1346 2319 696
1373 2284 1481 2318 Reliqui
1509 2290 1600 2312 autem
1628 2293 1678 2311 an—

893 2332 998 2367 gustias
1028 2331 1171 2358 constituti
1202 2331 1334 2364 temporis
1365 2336 1566 2364 praetexentes,
1596 2336 1678 2364 atque

893 2378 962 2405 alius
985 2378 1067 2404 aliam
1091 2384 1202 2403 causam
1227 2376 1386 2410 allegantes,
1407 2384 1461 2402 non
1487 2376 1677 2410 comparu'erc.

50 2428 93 2462 ἀμ’
113 2425 145 2454 οὗ
167 2425 379 2454 Κωνσταντῖνος
407 2423 421 2449 ὁ
434 2423 527 2456 πατὴρ
549 2422 606 2448 τοῖν
620 2420 756 2456 βασιλέοιν
770 2420 834 2454 πρδς

892 2424 1068 2452 Potissitnutn
1091 2430 1158 2450 vero
1180 2423 1206 2449 in
1228 2421 1330 2448 Juliutn
1348 2422 1455 2456 culpam
1476 2423 1535 2455 ejus
1552 2422 1589 2448 rei
1611 2430 1662 2448 con

50 2475 95 2510 τὴν
109 2473 223 2508 ἀμείνω
237 2471 316 2505 λῆξιν
329 2470 441 2504 ἐχώρει.
456 2467 528 2494 Ἀλλ’
543 2469 568 2494 ot
582 2467 630 2502 μὲν
643 2467 716 2502 ἑῷοι,
738 2468 778 2497 είς
790 2466 840 2497 τὴν

49 2520 184 2546 Φιλίππου
215 2516 296 2543 πόλιν
319 2515 369 2549 τῆς
391 2515 502 2550 Θρᾴκης
519 2514 675 2547 γενόμενοι,
687 2514 744 2542 τοῖς
762 2514 842 2539 ἐσπε-

51 2567 116 2600 ρίιιις
131 2563 276 2600 ἔγραψαν,
291 2560 532 2597 προκαταλαϐοῦσι
544 2560 593 2595 τὴν
617 2559 761 2594 Σαρδικὴν,
778 2558 840 2585 διώ-

51 2612 148 2638 cnseat.
161 2611 230 2641 τοὺς
257 2609 322 2643 περὶ
336 2608 497 2634 Ἀϐανάσιον
513 2609 560 2633 τοῦ
579 2606 721 2640 συλλόγου,
736 2606 772 2636 ὼς
787 2606 840 2632 ἄπο

51 2659 93 2685 τοῦ
117 2656 249 2693 ἱερᾱσοαι
270 2655 484 2689 γεγενημένοις·
516 2654 584 2687 μηδὲ
611 2653 665 2686 γὰρ
693 2651 726 2678 ἂν
752 2652 840 2683 ἄλλως

52 2704 114 2731 εἶναι
141 2704 204 2736 ἐξὸν
235 2703 278 2732 είς
309 2700 338 2727 ἓν
355 2701 495 2727 συνιέναι·
522 2700 617 2725 ἔπειτα
628 2698 655 2724 δὲ
670 2698 717 2724 καὶ
735 2698 775 2729 εἰς
790 2697 840 2732 τὴν

52 2751 187 2785 Σιρδικὴν
212 2747 372 2783 γενόμενοι,
400 2746 434 2772 τὰ
461 2746 508 2772 tu
534 2744 752 2780 διιοχνρίξοντο·
770 2744 795 2770 οἱ
817 2742 839 2769 δ’

83 2841 119 2875 (ί)
138 2841 230 2868 Etiam
249 2840 343 2872 aliter,
358 2843 384 2867 et
400 2840 518 2867 fortasse
532 2839 635 2866 rectius
650 2838 686 2865 ita
702 2839 771 2866 verti
790 2845 839 2875 po-

55 2874 122 2906 test:
141 2876 226 2903 Patre
250 2876 357 2911 quidem
379 2883 467 2903 rerum
483 2875 665 2901 universarum
690 2882 736 2909 per
752 2874 840 2900 omnia

895 2468 1030 2501 ferebant,
1048 2476 1109 2495 cum
1130 2468 1242 2502 quidem
1264 2467 1403 2494 mensibus
1421 2467 1515 2501 viginti
1537 2470 1599 2492 ante
1619 2466 1677 2499 epir

895 2522 1041 2549 scaporum
1058 2515 1204 2540 adventum
1218 2513 1276 2540 dies
1289 2518 1361 2540 esset
1376 2513 1535 2539 constituta.
1553 2512 1679 2538 Decimus

895 2562 917 2588 is
936 2566 996 2588 crat
1018 2568 1118 2592 annus,
1141 2568 1174 2586 ex
1197 2568 1252 2594 quo
1275 2559 1482 2587 Constantinus.
1507 2558 1680 2591 imperatoris

895 2609 1039 2641 utrittsque
1062 2612 1152 2640 pater,
1171 2607 1204 2632 ad
1232 2606 1374 2633 meliorem
1399 2605 1562 2638 migraverat
1582 2605 1679 2631 vitam.

893 2651 927 2678 Et
943 2650 1109 2682 Orientales,
1126 2649 1173 2684 qui
1192 2650 1403 2685 Philippopolim
1422 2651 1447 2677 in
1464 2650 1580 2677 Thracia
1597 2656 1678 2675 veno-

894 2702 967 2730 rant,
979 2697 1214 2728 Occidentalibus,
1225 2698 1272 2730 qui
1285 2696 1404 2723 Sardica-
1413 2697 1469 2731 jam
1482 2702 1580 2731 pra-sto
1589 2699 1679 2728 erant,

893 2743 1040 2779 scripsere,
1065 2747 1095 2770 ut
1120 2743 1311 2775 Athanasium,
1338 2743 1453 2778 ejusque
1477 2743 1627 2776 studiosos,
1650 2747 1680 2769 ut

892 2845 951 2864 cum
976 2844 1080 2862 summa
1098 2835 1393 2871 potestate-imperium
1417 2834 1497 2862 etiam
1523 2834 1552 2861 ἱη
1576 2831 1681 2861 Filium

896 2872 1037 2904 obtinente,
1053 2876 1106 2899 etc.
