1904 3070
197 170 250 203 263

814 163 1028 196 NICEPHORI
1047 161 1219 194 CALLISTI

1784 161 1856 193 2‘1

198 231 266 257 lisse
280 228 331 264 (l).
351 227 460 261 Scripto
478 232 599 261 namque
611 231 646 253 eo
661 224 687 252 in
703 228 797 260 partes
811 231 875 252 suas
888 223 950 251 όίνῐι

1108 230 1139 247 ου
1156 217 1290 255 ἀνέτρεψε
1312 218 1486 254 σύγγραμμα
1497 238 1506 252 ,
1522 218 1560 252 ὡς
1583 219 1630 246 καὶ
1646 218 1744 255 πρώην
1759 221 1858 257 εἰρη-

200 275 303 302 deinde
320 272 537 301 confutationem
555 271 639 299 infert
658 280 665 298 :
684 270 768 305 idque
784 270 811 297 in
831 273 888 297 toto
907 275 990 304 opere

201 321 275 348 facit.
306 320 345 347 Ex
369 319 472 353 quibus
499 317 579 344 libris
603 316 732 344 Socrates
754 316 873 351 scriptor
900 315 990 342 eccle-

202 365 331 393 siasticus
359 364 480 399 plurima
509 362 627 397 allegat,
658 365 827 395 quapropter
852 359 989 387 Eusebius

202 411 280 446 quasi
296 410 418 437 Arianus
436 412 545 436 laxatus
559 408 603 435 sit.
621 408 660 434 Ac
675 406 805 441 deinceps
821 405 917 437 refert,
935 404 992 439 pri-

202 465 253 484 ma:
281 456 395 492 synodo-
419 462 482 482 eum
510 453 687 485 interfuisse,
714 452 829 485 aliisque
855 450 993 485 episcopis

202 503 325 531 decretis
354 500 490 529 faciendis
515 499 690 527 consensisse
716 506 723 524 :
747 497 829 524 sicuti
855 495 994 524 Eusebius

203 549 262 584 ipse
289 548 317 575 in
344 547 426 575 tertio
453 546 487 573 ad
513 544 724 573 Constantinum
750 543 822 570 libro
848 545 992 569 memoret.

203 594 313 622 Profert
330 600 398 620 vero
415 593 486 619 idem
504 595 532 618 et
549 591 619 625 piam
642 590 700 624 eius
721 589 747 615 in
770 588 849 621 illud,
868 587 994 614 Dominus

204 639 301 667 creavit
316 647 356 666 me
370 639 478 665 initium
499 637 604 663 viarum
621 643 731 662 auarum
745 636 767 666 ι,
784 634 995 669 interpretatio-

205 693 278 718 nem,
302 685 329 711 in
356 692 410 718 qua
438 683 496 710 haec
520 684 561 709 sic
586 682 708 710 scribit:
728 690 737 706 ι
758 681 836 714 Quod
861 680 994 707 Dominus

204 730 326 764 seipsum
349 733 473 756 creatum
489 735 551 755 esse
570 727 620 759 ait,
639 735 693 754 non
712 726 763 754 hoc
779 733 845 754 sane
863 726 899 753 ita
916 725 995 758 dicit,

205 781 334 810 tanquam
362 775 409 809 qui
436 779 516 801 antea
542 781 598 800 non
622 773 720 806 fuerit,
738 780 771 800 ac
795 777 852 799 tum
876 772 995 807 primum

204 830 265 850 esse
281 821 398 855 coeperit
414 829 421 847 :
439 825 469 847 ut
494 818 728 854 quemadmodum
750 817 865 851 reliquae
886 821 997 844 creatu-

207 876 255 900 rae,
275 867 370 894 itidem
396 871 425 893 et
451 866 510 900 ipse
536 873 570 892 ex
593 872 649 891 non
673 864 823 891 exsistente
848 862 995 894 exstiterit,

1045 274 1145 302 καμεν,
1171 265 1206 292 τὰ
1233 265 1302 299 πρὸς
1323 264 1486 299 Μάρκελλον
1512 264 1673 299 ἐπιγράψας
1697 265 1729 292 τὸ
1753 267 1859 292 σπού-

1044 314 1148 348 δασμα.
1163 312 1313 347 Διαιρήαας
1332 311 1386 346 γὰρ
1404 312 1444 342 εἰς
1461 310 1543 345 μέρη,
1558 311 1654 338 ἔπειτα
1674 311 1724 347 τὴν
1743 313 1857 348 amp-

1047 360 1128 394 ρησιν
1143 358 1253 391 ἐπάγει·
1263 359 1311 384 καὶ
1329 357 1410 384 τοῦτο
1420 357 1454 384 δι’
1465 356 1525 384 ὅλου
1546 359 1626 384 ποιεῖ.
1648 359 1693 392 Ἐξ
1706 355 1738 385 οὗ
1756 368 1858 386 σπου-

1044 406 1185 440 δάσματος
1202 404 1290 430 πολλὰ
1311 403 1474 439 παρατιθεὶς
1491 404 1642 440 Σωκράτης
1656 405 1671 431 6
1690 405 1725 432 τὰ
1738 406 1858 440 ἐκκλη-

1046 451 1176 478 σιαστικέι
1185 450 1429 485 συγγραψάμενος,
1442 450 1584 477 ἐνίσταται
1598 451 1722 483 πλεῖστα,
1731 451 1772 484 ὡς
1782 452 1859 478 δια-

1047 498 1174 525 6άλλοιτο
1198 497 1329 528 Εὐσέϐιος
1343 497 1377 523 τὰ
1396 496 1502 532 ’Δρείου
1520 498 1629 531 φρονῶν
1643 506 1649 512 -
1670 498 1858 532 παρεισάγει

1046 543 1101 578 γὰρ
1111 543 1150 578 τῷ
1158 552 1188 569 τε
1200 544 1233 578 τῇ
1245 543 1341 578 πρώτῃ
1359 542 1462 577 συνόδῳ
1475 542 1557 568 αὐτὴν
1572 544 1713 576 παρεῖναι,
1722 544 1772 570 καὶ
1784 545 1856 575 τοῖς

1046 589 1150 620 λοιποῖς
1160 589 1300 623 ὁμόφρονα
1312 587 1482 622 καταστῆναι
1492 596 1499 603 ·
1510 587 1546 618 ὡς
1560 588 1588 614 ὲν
1601 588 1640 622 τῷ
1649 589 1733 623 τρίτῳ
1743 589 1856 624 βιδὶλῳ

1047 634 1117 668 πρὸς
1133 635 1341 660 Κωνσταντῑνον
1354 633 1436 664 αὐτὸς
1450 634 1555 664 ἐκεῖνός
1579 642 1673 668 φησιν.
1697 634 1855 669 Ἐκτίθησι

1046 679 1075 706 δὲ
1088 680 1135 706 καὶ
1147 680 1197 714 τὴν
1218 681 1258 710 εἰς
1280 679 1321 712 τὸ,
1341 680 1451 712 Κύριος
1468 679 1571 706 ἐκτισέ
1582 688 1621 714 με
1636 679 1737 714 ἀρχὴν
1762 681 1858 708 ὁδῶν

1045 725 1151 757 αὑτοῦ,
1169 725 1270 759 εὑσεὸῆ
1289 725 1430 760 ἐξήγησιν
1440 725 1470 750 ὲν
1486 721 1503 761 ᾖ
1520 725 1567 751 καὶ
1577 725 1665 752 ταῦτα
1674 734 1774 760 φησιν·
1789 735 1800 752 ι
1814 720 1856 753 ΕΣ

1048 768 1077 795 δὲ
1089 768 1164 802 λέγει
1173 769 1186 794 6
1196 768 1298 803 Κύριος
1310 768 1435 795 ἐκτίσθαι
1453 768 1561 802 ἑαυτὸν,
1576 769 1626 804 οὐχ
1639 769 1678 800 ὡς
1694 770 1726 796 ὲκ
1739 769 1791 796 τοῦ
1805 771 1856 805 μὴ

1048 813 1125 846 bino;
1137 815 1176 846 εις
1189 814 1219 841 τὸ
1232 813 1302 841 εἷναι
1317 815 1473 850 παρελθὼν,
1485 814 1573 842 ταῦτα
1582 815 1616 843 ἂν
1630 817 1701 843 εῖποι
1714 818 1772 849 τοῖς
1788 817 1856 844 λοι-

1050 861 1110 892 ποῖς
1122 860 1255 895 κτίσμασι
1268 862 1316 888 καὶ
1331 862 1413 893 αὐτὸς
1428 862 1531 896 ὁμοίως
1544 863 1576 890 ἐκ
1589 863 1636 890 τοῦ
1651 865 1690 899 μὴ
1704 865 1782 897 bino;
1795 875 1855 899 γε-

207 913 332 940 nonnulli
357 920 410 938 non
435 915 509 938 recte
534 915 717 945 acceperunt;
743 911 789 937 sed
812 914 843 936 ut
866 914 959 937 consta

1102 905 1144 939 ὣς,
1157 907 1252 939 ὄτινες
1266 907 1316 934 οὐκ
1330 907 1421 943 ὀρθῶς
1440 909 1704 944 ὑπειλήψασιν,ἀλλ¹
1721 912 1759 943 ὡς
1777 912 1854 945 ὑφε-

207 959 319 994 quidem
335 963 361 985 et
379 959 474 985 vivens
488 961 516 984 et
532 957 726 991 praeessistens
741 961 824 990 atque
842 955 997 983 subsistens

209 1009 273 1031 ante
299 1005 386 1031 totius
408 1003 504 1030 mundi
527 1002 769 1035 constitutionem,
789 1001 823 1029 ad
849 1002 997 1036 regendum

209 1055 302 1077 autem
319 1054 348 1077 et
368 1049 619 1076 administrandum
638 1048 765 1075 universa
781 1055 796 1074 a
812 1048 929 1075 Domino
949 1055 999 1074 suo

210 1096 298 1130 ipsius
325 1095 405 1122 Patre
425 1094 588 1126 ordinatus;
615 1098 645 1120 ut
670 1101 703 1120 eo
725 1093 786 1120 loco
808 1093 859 1120 hoc
883 1093 999 1120 verbum

210 1140 319 1171 creavit,
339 1147 388 1174 pro
411 1139 495 1166 verbo
512 1139 642 1165 ardinavit
668 1146 716 1165 seu
747 1139 891 1170 constituit,
908 1139 944 1165 sit
959 1138 1000 1165 di-

212 1190 297 1212 ctum.
314 1185 414 1219 Aperte
429 1189 506 1211 certe
523 1183 635 1218 quidem
655 1182 797 1210 hominum
817 1183 955 1217 principes
973 1188 1000 1210 ct

212 1231 298 1258 duces
329 1235 482 1258 creaturam
515 1229 669 1257 nominavit
700 1230 843 1264 apostolus
870 1229 965 1256 dicens
991 1237 999 1255 :

213 1277 328 1311 Subjccti
351 1276 431 1311 igitur
453 1280 535 1302 estote
553 1276 626 1302 omni
642 1276 767 1301 humana:
784 1281 915 1302 creatura:
937 1283 1001 1309 pro-

212 1328 270 1358 pter
295 1322 455 1354 Dominum,
479 1322 533 1348 sive
560 1321 615 1356 regi
638 1321 715 1356 quasi
741 1321 920 1356 prazcellenti,
949 1321 1003 1348 sive

211 1370 318 1396 ducibus
346 1375 474 1403 tanquant
496 1367 528 1394 ab
553 1375 582 1394 eo
602 1367 688 1394 missis
706 1367 728 1394 ⁸.
757 1367 790 1393 Et
808 1367 942 1402 propheta
969 1374 1003 1394 ex

213 1423 330 1450 persona
352 1416 398 1441 Dei
415 1414 532 1441 dicens:
548 1413 616 1440 Ecce
642 1421 688 1448 ego
713 1413 825 1446 ﬁrmans
845 1414 1002 1444 tonitruum,

214 1465 239 1487 et
256 1469 349 1487 creatis
368 1460 512 1494 Spiritum,
528 1464 551 1485 cl
567 1459 731 1486 annuntians
747 1459 780 1486 ad
795 1460 913 1486 homines
930 1459 1005 1487 Chri-

213 1511 283 1533 stum
297 1506 353 1540 ejus
369 1506 379 1521 ³
397 1515 404 1532 :
422 1506 473 1532 hoc
487 1505 600 1532 verbum
619 1513 724 1538 creatis,
739 1513 793 1532 non
807 1513 838 1533 ea
854 1506 1005 1537 sententia,

215 1551 289 1585 quod
318 1555 399 1578 antea
425 1558 480 1576 non
506 1550 600 1583 fuerit,
625 1551 746 1585 accepit;
772 1559 827 1578 non
849 1551 924 1578 enim
946 1555 1003 1578 tum

216 1597 288 1624 Deus
313 1596 417 1623 creavit
439 1596 584 1631 Spiritum,
606 1605 670 1624 cum
692 1596 829 1625 Christum
851 1605 932 1625 suum
957 1605 1005 1632 per

217 1647 280 1668 cum
308 1640 471 1668 hominibus
499 1641 691 1674 annuntiavit;
717 1649 808 1676 neque
832 1649 929 1669 recens
953 1641 1005 1668 sub

216 1687 274 1714 sole
288 1687 351 1716 fuit.
369 1687 422 1714 Sed
438 1687 529 1714 fuerat
545 1687 656 1722 quidem
671 1687 727 1722 ille,
742 1692 770 1715 et
784 1688 984 1722 pratexstiterat
997 1697 1004 1715 :

217 1733 319 1759 missus
336 1737 429 1759 autem
447 1736 504 1759 tum
522 1738 574 1764 est,
591 1741 646 1767 quo
664 1737 788 1768 tempore
808 1733 924 1767 apostoli
942 1740 1006 1760 con~

218 1778 322 1813 gregali
350 1784 428 1805 erant
449 1786 513 1806 cum
530 1779 616 1807 instar
631 1779 750 1807 tonitrus
773 1787 788 1807 e
813 1780 882 1807 caelo
898 1780 1006 1807 sonitus

220 1826 359 1859 provenit,
378 1828 506 1859 tanquam
523 1826 698 1854 advenientis
715 1826 797 1852 ﬂatus
814 1826 984 1853 vehementis
998 1835 1005 1853 :

220 1870 273 1897 hoc
293 1871 377 1898 verbo
392 1879 497 1903 creatis,
515 1879 565 1906 pro
581 1879 615 1899 eo
633 1871 708 1906 quod
732 1877 775 1898 est
793 1871 943 1903 demutans,
959 1876 1006 1899 aut

218 1915 344 1942 ordinans
370 1923 418 1943 seu
442 1921 573 1948 statuens,
591 1917 700 1950 posito;
722 1916 824 1943 tonitru
848 1925 912 1944 vero
936 1918 1005 1951 ipso,

217 1961 273 1988 alio
302 1963 421 1996 quodam
460 1963 541 1990 modo
568 1963 756 1997 evangelicam
783 1962 1006 1997 prmdicationem

218 2007 403 2042 significante.
420 2008 486 2036 Tale
505 2012 548 2035 est
569 2013 597 2035 et
620 2007 687 2035 illud
704 2017 710 2035 :
729 2008 782 2036 Cor
800 2010 927 2036 mundum
946 2017 1007 2036 area

220 2053 247 2079 in
264 2061 314 2084 me,
330 2053 398 2080 Deus
413 2055 432 2080 δ.
445 2055 525 2089 700
546 2054 592 2081 ubi
615 2062 671 2081 non
686 2055 732 2082 ille
749 2055 860 2090 quidem
878 2060 1007 2090 tanquam

218 2106 268 2126 cor
283 2107 337 2126 non
353 2100 468 2132 habens,
482 2101 530 2127 sed
547 2105 576 2127 ut
590 2101 699 2127 tandem
715 2101 825 2128 habenti
840 2107 867 2129 et
881 2102 1009 2136 puriﬁca-

221 2147 298 2171 r'elur
322 2150 350 2172 et
377 2146 568 2180 perﬁceretur,
591 2152 719 2180 precatus
740 2151 792 2174 est.
811 2147 844 2174 Et
863 2148 929 2175 illud
949 2157 955 2175 :
976 2148 1007 2176 Ut

218 2195 322 2217 crearet
345 2191 410 2217 duos
435 2192 462 2218 in
490 2199 570 2218 unum
593 2199 686 2218 novum
708 2193 837 2220 hominem
851 2194 880 2227 ³,
899 2202 949 2229 pro
967 2203 1009 2222 co-

220 2242 291 2270 geret
315 2245 363 2264 seu
388 2242 572 2272 congregaret.
596 2237 664 2264 Vide
681 2245 764 2272 porro
778 2246 812 2265 an
830 2247 886 2266 non
906 2240 958 2267 tale
974 2241 1011 2267 sit
1027 2223 1048 2249 D

220 2287 248 2309 et
266 2283 330 2309 illud
350 2294 354 2309 :
372 2282 478 2309 Induite
499 2291 594 2309 novum
612 2284 753 2315 hominem,
769 2285 911 2312 secundant
930 2286 1013 2312 Deum

220 2334 340 2354 creatum
353 2329 372 2355 ‘.
391 2329 457 2354 item
476 2328 542 2354 illud
561 2337 567 2355 :
584 2328 613 2355 Si
627 2329 685 2363 quis
701 2330 728 2356 in
741 2329 845 2357 Christo
859 2340 1011 2361 "0011;1'86-

221 2380 283 2401 tura
298 2376 320 2408 τί
338 2381 366 2401 et
383 2383 556 2409 quaecunque
573 2381 638 2403 sunt
659 2377 806 2411 ejusmodi.
826 2377 859 2405 Ut
879 2386 911 2404 ne
929 2379 1012 2404 mire-

222 2423 272 2451 ris,
287 2421 309 2447 si
334 2421 522 2454 inctapborice
536 2426 564 2448 et
580 2430 628 2456 per
645 2423 853 2450 translationem
874 2424 901 2450 in
920 2424 1011 2450 verbis

224 2468 284 2494 istis
298 2476 304 2493 :
322 2467 449 2494 Dominus
465 2469 561 2495 creavit
580 2477 619 2496 me
634 2470 659 2496 in
675 2471 751 2496 initio
765 2471 868 2496 vitu'tmt
883 2477 1010 2502 suarum;

221 2513 328 2545 creat-it,
348 2522 396 2548 pro
419 2515 564 2545 constituit,
592 2521 638 2542 aut
662 2516 795 2542 ordinavit
812 2515 915 2542 dictant
932 2516 978 2542 sit.
998 2526 1008 2542 ι

223 2559 285 2585 [Lee
303 2560 329 2586 in
347 2561 430 2587 tertio
451 2562 586 2589 adversus
602 2562 761 2589 Marcellum
779 2561 848 2588 libro
863 2561 1009 2590 Eusebius.

223 2606 354 2632 Socrates
369 2612 459 2633 autem
478 2608 536 2636 inec
559 2615 670 2642 quoque
687 2608 762 2634 hisce
776 2607 867 2634 verbis
889 2615 938 2642 pro
956 2608 1011 2635 Eu-

223 2653 299 2680 sebio
317 2654 399 2680 refert
416 2663 423 2682 :
440 2665 448 2681 ι
467 2655 536 2682 Cum
550 2655 642 2688 itaque
660 2653 795 2680 Eusebius
817 2653 932 2682 Nicama:
947 2663 1011 2689 syn-

225 2699 268 2725 Jdi
296 2701 464 2728 mentionem
487 2701 603 2732 faciens,
626 2699 714 2727 soluts
730 2707 791 2727 esse
805 2705 833 2728 ct
849 2702 1011 2736 constituta,

270 2757 279 2773 '
292 2757 373 2786 Prov.
392 2766 451 2789 vin,
464 2757 523 2792 22.77
549 2757 559 2772 ¹
576 2756 586 2784 l
602 2756 675 2784 Petr.
694 2758 727 2792 ll,
742 2757 842 2792 15,14.

222 2793 266 2820 24.
305 2793 315 2808 τ
329 2793 351 2819 ll
367 2793 432 2819 Cor.
447 2799 474 2823 ν,
492 2791 537 2818 17.

257 2875 296 2910 (l)
317 2874 396 2901 Soer.
415 2873 464 2901 lib.
483 2881 512 2909 ιι,
528 2882 588 2911 cap.
606 2875 650 2904 ‘20.

1050 950 1121 984 στὼς
1142 951 1192 987 μὲν
1214 953 1263 979 καὶ
1278 952 1333 984 ζῶν
1344 972 1352 985 ,
1367 954 1461 990 προών
1475 963 1505 981 τε
1522 956 1570 981 καὶ
1587 957 1776 992 προῦπάρλων
1793 959 1854 992 τῆς

1050 996 1098 1023 τοῦ
1115 997 1216 1029 παντὸς
1228 997 1335 1032 κόσμου
1352 998 1642 1035 συστάσεως.”Αρχειν
1655 1001 1682 1026 δὲ
1704 1002 1759 1028 τῶν
1773 1003 1855 1029 ὅλων

1050 1043 1102 1070 uno
1112 1043 1158 1070 τοῦ
1174 1044 1277 1082 Κυρίου
1289 1044 1336 1070 τοῦ
1346 1044 1443 1071 ἑαυτοῦ
1460 1045 1567 1082 Πατρὺς
1582 1049 1830 1082 κατατεταγμένος
1845 1069 1855 1081 ,

1049 1089 1097 1116 τοῦ
1111 1089 1253 1124 ἔκτισεν,
1269 1089 1390 1117 ἐνταῦθα
1408 1090 1470 1118 ἀντὶ
1491 1092 1538 1118 τοῦ
1557 1092 1722 1125 κατέταξεν
1738 1093 1755 1126 ἦ
1773 1102 1854 1120 κατ-

1049 1136 1231 1168 εσκεύασεν,
1243 1136 1402 1170 εἰρημένου.
1421 1137 1577 1172 Διαρρήδην
1591 1137 1638 1164 οόν
1653 1139 1716 1170 τοὺς
1740 1140 1770 1165 ὲν
1801 1140 1857 1166 ἀν-

1051 1182 1173 1217 Θρώιτοις
1183 1182 1317 1218 ἄρχοντας
1330 1183 1378 1209 καὶ
1393 1183 1531 1217 ἡγεμόνας
1544 1183 1633 1210 κτίσιν
1649 1183 1797 1218 ὠνόμασεν
1808 1187 1855 1212 εἰ-

1052 1228 1112 1256 πὼν
1127 1229 1141 1254 ό
1160 1228 1310 1260 ἀπόστολος
1322 1235 1329 1243 ’
1350 1229 1536 1264 ’Υποτὰγητε
1549 1227 1607 1257 οὖν
1627 1230 1715 1267 πάσῃ
1730 1232 1856 1266 ἀνθρω-

1051 1275 1125 1308 πίνῃ
1135 1274 1233 1301 κτίσει
1246 1273 1295 1301 διὰ
1305 1275 1359 1301 τὸν
1369 1275 1480 1309 Κύριον
1488 1283 1495 1290 ο
1503 1276 1564 1302 εἴτε
1571 1276 1749 1311 βασι.1εῐὼς
1757 1280 1858 1313 ὑπερ-

1051 1320 1165 1354 έχοντι,
1177 1320 1237 1347 εἴτε
1252 1321 1400 1355 ἡγεμόσιν
1411 1321 1452 1353 ὡς
1463 1321 1499 1346 δι’
1517 1322 1610 1348 αὑτοῦ
1628 1323 1854 1358 πεμπομένοις.

1054 1367 1108 1393 Καὶ
1122 1367 1137 1392 6
1152 1366 1238 1393 εἰπὼν
1253 1367 1281 1392 δε
1295 1367 1440 1402 προφήτης
1463 1368 1517 1394 ἀπὸ
1531 1368 1578 1394 τοῦ
1591 1368 1670 1403 Θεοῦ,
1692 1370 1773 1397 Ἰδοὺ
1789 1371 1856 1405 ἐγὼ

1054 1411 1187 1446 στερεῶν
1209 1413 1350 1448 βροντὴν
1366 1413 1417 1440 καὶ
1437 1413 1545 1446 κτίζων
1557 1415 1689 1450 Πνεῦμα,
1707 1417 1757 1442 καί
1773 1419 1856 1445 ἀπο-

1053 1460 1191 1486 στέλλων
1205 1461 1249 1492 εὶς
1270 1459 1449 1493 ἀνθρώπους
1468 1459 1526 1486 τὸν
1552 1461 1681 1495 Χριστὸν
1695 1463 1804 1496 αὑτοῦ,
1821 1465 1856 1491 τὸ

1055 1505 1171 1539 κτίζων,
1189 1506 1239 1532 οὐκ
1265 1507 1296 1533 ὲκ
1321 1506 1369 1532 τοῦ
1383 1507 1529 1541 γεγονότος
1546 1507 1587 1539 είς
1603 1508 1778 1544 ἀνυπαρξίαν
1792 1519 1853 1537 πα-

1060 1551 1191 1586 ρείληφεν
1203 1559 1210 1567 ·
1224 1553 1255 1578 οὐ
1271 1552 1325 1588 γὰρ
1343 1553 1402 1579 τότε
1421 1553 1530 1580 ἔκτισεν
1555 1555 1569 1580 6
1584 1554 1651 1587 Θεὸς
1668 1556 1698 1582 τὸ
1717 1556 1854 1592 Πνεῦμα,

1058 1598 1102 1623 ὅτε
1120 1598 1166 1624 τὸν
1184 1597 1302 1633 Χριστὸν
1317 1598 1400 1625 αὐτοῦ
1426 1599 1460 1626 δι’
1477 1599 1562 1626 αὑτοῦ
1583 1601 1666 1627 πᾶσιν
1685 1603 1856 1638 ἀνθρώποις

1057 1644 1253 1678 κατήγγειλενυ
1268 1644 1328 1670 οὐδὲ
1353 1644 1407 1680 γὰρ
1430 1646 1589 1682 πρόσφατον
1607 1647 1661 1673 ὑπὸ
1684 1647 1732 1674 τὸν
1756 1649 1855 1683 ἥλιον·

1058 1689 1118 1716 ἀλλ’
1132 1687 1166 1724 ἦν
1185 1689 1236 1724 μὲν
1251 1690 1299 1716 καὶ
1314 1691 1494 1726 προϋπῆρχεν
1505 1700 1511 1706 ⁸
1530 1692 1712 1720 ἀπεστέλλετο
1728 1694 1771 1726 δὲ,
1786 1695 1857 1721 κα6’

1057 1734 1087 1761 ὃν
1101 1735 1196 1770 καιρδν
1222 1733 1293 1771 ἦσαν
1316 1737 1341 1762 οἱ
1363 1737 1506 1764 ἀπόστολοι
1522 1739 1697 1773 συνηγμένοι,
1713 1740 1760 1766 ὅτε
1771 1741 1859 1776 δίκην

1060 1780 1178 1814 βροντῆς
1193 1781 1304 1814 ἐγένετο
1321 1779 1388 1816 ἦχος
1403 1783 1436 1809 ὲκ
1450 1782 1497 1809 τοῦ
1518 1784 1634 1819 οὐρανοῦ
1651 1787 1749 1821 ὥσπερ
1766 1796 1858 1822 espo-

1061 1825 1145 1860 μένης
1163 1827 1248 1862 πνοῆς
1263 1827 1355 1862 βιαίας
1366 1836 1374 1843 θ
1391 1829 1438 1856 τοῦ
1454 1829 1560 1860 κτίζων
1574 1831 1634 1858 ἀντὶ
1643 1831 1689 1858 τοῦ
1699 1835 1860 1868 καταπέμ-

1058 1879 1123 1899 πων
1135 1873 1152 1907 ἢ
1166 1874 1370 1902 κατατάσσων
1384 1876 1543 1910 εἰρημένου·
1556 1878 1604 1912 τῆς
1615 1878 1643 1904 δὲ
1659 1878 1776 1914 βροντῆς
1790 1881 1860 1908 καθ’

1059 1918 1153 1953 ἕτερον
1175 1920 1276 1955 τρόπον
1299 1920 1329 1947 τὸ
1353 1921 1534 1955 εὐαγγελικὸν
1546 1925 1681 1958 κήρυγμα
1701 1925 1859 1961 δηλούσης·

1060 1965 1187 1992 Τοιοῦτόν
1203 1966 1323 1993 ἐστικαὶ
1336 1967 1377 1999 τὺ,
1392 1967 1528 2002 Καρδίαν
1544 1971 1677 2004 καθαρὰν
1692 1972 1804 1999 κτίσον
1821 1974 1860 2000 ἐν

1059 2011 1134 2046 ἐμοὶ,
1153 2013 1169 2039 ό
1188 2012 1259 2046 Θεός
1273 2021 1281 2028 ·
1301 2014 1351 2048 οὐχ
1376 2014 1414 2046 ὼς
1441 2015 1478 2051 μὴ
1508 2017 1588 2051 ἔχων,
1606 2017 1663 2044 ἀλλ’
1681 2018 1724 2045 ὅτι
1750 2020 1860 2054 δήποτε

1059 2058 1223 2092 τελεσθῆναι
1242 2059 1373 2094 τοιαύτην
1402 2060 1511 2096 ηὖχετο’
1536 2064 1585 2090 καὶ
1603 2064 1644 2098 τὸ,
1666 2065 1733 2092 Ἵνα
1759 2067 1858 2101 κτίσῃ

1059 2105 1132 2138 τοὺς
1153 2104 1209 2132 δύο
1241 2107 1284 2138 εἰς
1309 2105 1364 2133 ἕνα
1396 2108 1503 2134 καινὸν
1528 2109 1704 2143 ᾶνθρωπον,
1721 2111 1784 2138 ἀντὶ
1805 2114 1860 2140 τοῦ

1060 2152 1231 2184 συναγάγῃ.
1254 2151 1328 2184 Ὅρα
1352 2152 1457 2186 μήποτε
1488 2153 1611 2180 τοιοῦτόν
1635 2156 1695 2182 ἐστι
1724 2157 1774 2183 καὶ
1801 2160 1835 2183 τὸ
1850 2179 1858 2191 ,

1067 2194 1256 2221 Ἐνδύσασθε
1283 2195 1337 2220 τὸν
1365 2196 1472 2223 καινὸν
1497 2197 1656 2231 ἄνθρωπον
1686 2200 1741 2227 τὸν
1777 2203 1859 2229 κατὰ

1065 2239 1140 2266 Θεὸν
1155 2239 1326 2267 κτισθέντα·
1347 2242 1394 2267 κο).
1408 2243 1449 2275 τὸ,
1465 2243 1502 2269 El
1519 2252 1564 2276 τις
1583 2245 1618 2271 ἐν
1629 2245 1747 2279 Χριστῷ
1762 2256 1827 2274 mm
1842 2249 1858 2282 Ῑι

1064 2286 1182 2317 κτίσις·
1199 2286 1246 2312 καὶ
1262 2286 1312 2312 ὅσα
1338 2287 1407 2314 ἄλλα
1434 2288 1558 2315 τοιαῦτα..
1589 2291 1634 2324 Μὴ
1663 2293 1814 2330 θαυμάσῃς
1833 2297 1859 2321 εἰ

1065 2335 1259 2370 μεταφορικῶς
1283 2338 1332 2363 καὶ
1355 2338 1383 2363 ἐν
1399 2337 1448 2371 τῷ,
1465 2339 1575 2372 Κύριος
1590 2340 1693 2367 ἐκτισέ
1703 2350 1743 2376 με
1755 2343 1860 2376 ἀρχὴν

1063 2378 1141 2404 ὁδῶν
1157 2379 1265 2412 αὑτοῦ,
1284 2381 1313 2406 τὸ
1337 2381 1460 2408 ἔκτισεν
1483 2385 1541 2409 ἀντὶ
1558 2384 1605 2410 τοῦ
1626 2386 1819 2418 κατέστησεν
1843 2388 1859 2421 ἦ

1066 2425 1231 2457 κατέταξεν
1244 2427 1366 2461 εἴρηται.
1385 2428 1478 2454 Ταῦτα
1494 2430 1523 2455 ἐν
1535 2429 1574 2464 τῷ
1588 2431 1673 2466 τρίτῳ
1692 2432 1762 2464 πρὸς
1779 2434 1860 2468 Μάρ-

1064 2472 1158 2499 κελλον
1180 2474 1194 2499 6
1214 2474 1355 2507 Εὑσέῦιος.
1385 2476 1440 2502 Καὶ
1462 2477 1548 2504 ταῦτα
1573 2477 1601 2503 δὲ
1631 2478 1735 2510 λέξεσιν
1760 2481 1861 2512 αὐτςῖς

1064 2520 1212 2555 Σωκράτης
1230 2522 1301 2558 ὑπὲρ
1317 2523 1401 2549 αὑτοῦ
1421 2532 1516 2558 φησιν·
1536 2533 1545 2550 ι
1566 2525 1596 2551 Εἰ
1617 2526 1708 2552 τοίνυν
1726 2527 1859 2559 Εὐσέϐιος

1062 2566 1112 2600 τῆς
1128 2567 1155 2592 ἑν
1183 2567 1288 2601 Noui;
1316 2569 1426 2595 συνόδου
1445 2570 1558 2604 μνήμην
1583 2571 1760 2607 ποιούμενος,
1777 2573 1859 2599 λελύ-

1063 2612 1126 2638 σθαι
1151 2613 1202 2647 μὲν
1223 2613 1258 2639 τὰ
1281 2615 1343 2640 τότε
1362 2615 1613 2651 ἀμφισῦητούμενα
1640 2618 1731 2652 λέγει,
1752 2620 1859 2650 πάντας

1061 2657 1090 2684 δὲ
1106 2658 1284 2693 ὁμοφωνῆσαι
1307 2660 1354 2685 καὶ
1378 2660 1558 2695 ὁμώοξῆσαι·
1591 2664 1650 2695 πῶς
1671 2664 1858 2699 ’Λρειανίζειν

1063 2703 1136 2734 τινὲς
1158 2703 1240 2729 αὑτὸν
1257 2703 1498 2738 ὑπολαμὸάνουσι;
1517 2707 1676 2734 Πλανῶνται
1695 2709 1724 2734 δὲ
1749 2710 1859 2745 ’Δρεια-

892 2759 902 2776 ³
922 2760 1006 2789 Amos
1023 2769 1061 2795 iv,
1075 2761 1119 2790 15.
1159 2761 1170 2778 δ
1182 2761 1253 2790 Psal.
1267 2769 1294 2796 ι,
1313 2762 1359 2791 12.
1397 2765 1408 2781 ⁵
1422 2765 1524 2800 Ephes.
1540 2773 1572 2800 ιι,
1589 2766 1634 2794 t5.

1102 2762 1119 2790 ἰ.
1159 2761 1170 2778 δ
1182 2761 1253 2790 Psal.
1267 2769 1294 2796 ι..
1313 2762 1359 2791 12.
1397 2765 1408 2781 ⁵
1422 2765 1524 2800 Ephes.
1540 2773 1572 2800 ιι,
1589 2766 1634 2794 t5.
1674 2758 1801 2803 ’Eplies.
1818 2778 1854 2804 tv,
