1904 3070
75 146 127 177 2”3

536 148 837 179 ECCLESIASTICB
853 149 1045 180 HISTORL‘E
1067 151 1137 183 LIB.
1160 152 1210 182 IX.

1641 152 1705 184 274'-

75 209 145 243 πλὴν
155 209 209 244 τῆς
221 206 364 243 τραπέζης
383 207 430 234 καὶ
445 207 499 234 τῶν
513 207 753 242 παρατιθεμὴων.
769 207 860 234 Ἀλλό-

916 209 1071 237 exercitium
1099 210 1270 237 incitatiorcs
1301 213 1396 236 essent
1423 209 1488 242 (l),
1518 209 1592 236 leves
1620 216 1702 244 atque

75 263 177 291 σχημον
199 254 229 280 δὲ
251 254 290 289 μὴ
313 253 365 287 τῆς
391 253 478 286 αὐτῆς
499 253 639 282 κοινωνεῖν
659 252 820 287 τραπέζης,
835 254 860 279 ιι

77 303 113 336 μή
135 300 188 327 πού
211 308 256 331 τις
284 299 444 334 παροδεύων
460 299 650 333 ιπιξενωοείη.
665 299 814 333 Συμῦόλοις
832 299 861 326 δέ

76 355 128 373 τισι
141 346 347 380 κτυπουμένοις
376 345 407 370 τδ
437 344 507 378 πρὺς
532 344 627 379 χρείαν
652 344 859 379 διασημαίνειν·

75 392 89 427 ἢ
106 391 227 425 νεύμασι
242 392 304 423 ταῖς
318 390 480 424 τραπέζαις,
509 390 574 425 παρ’
590 387 612 424 ᾦ
631 389 726 424 λάχοι,
750 390 862 417 ὲπιστα-

73 438 138 464 τεῖν.
155 437 188 464 Εἰ
204 437 234 463 δέ
249 445 291 468 τις
311 435 425 467 ἐκείνοις
440 436 526 462 ἕλοιτο
543 438 689 468 συνοικεῖν,
713 436 759 462 ἰπὶ
771 436 861 471 τρισὶν

74 483 205 514 ινιαυτοῖς
228 482 377 517 πρότερον,
399 482 496 516 μικρὸν
512 481 694 516 ἠλλοιωμένος
711 481 740 508 τὸ
756 482 860 517 σχῆμα,

74 530 105 556 τὰ
118 528 175 554 τῶν
193 528 284 563 ἔργων
309 528 418 562 ἐργώδη
448 527 598 554 διαπονεῖν·
624 529 672 554 καὶ
694 528 782 560 οὕτως
807 528 863 554 τῶν

75 575 135 600 tam
150 574 280 608 μετέχειν
306 573 589 608 μυσταγωγοὺμενος.
614 572 734 606 Ὶμάτιον
757 571 862 601 δἐἶναι

75 619 149 653 αὑτῷ
178 619 333 654 διφθέραν·
363 620 409 646 καὶ
438 620 466 652 ἐξ
497 621 572 655 ὲρίιιυ
588 621 685 655 τιάραν
704 622 737 655 τῇ
754 621 861 656 κεφαλῇ

74 666 241 699 σκέπασμα·
261 665 294 697 ἃς
320 665 353 700 δὴ
374 665 473 700 τιάρας
490 667 689 697 καταστίκτους
709 663 780 693 εῖναι
796 675 863 700 nop-

73 712 168 745 φυριιίς
183 719 242 737 τισι
268 712 435 745 προσέταττε
452 711 567 746 νήμασι.
581 711 683 746 κέντρα
697 711 757 738 τινὰ
777 720 862 738 σταυ-

78 755 123 789 ροῦ
155 755 255 790 σχῆμα
284 756 484 783 διατυποῦντα.
508 757 577 787 Tol:
598 757 628 783 δὲ
655 757 770 792 χιτῶνας
793 755 863 784 εἶναι

75 801 177 832 λινοῦς.
204 802 254 828 καὶ
280 802 329 833 τὰς
352 802 440 834 ζώνας
470 803 585 837 ἐπίσης·
613 800 725 836 μεθ“ὦν
741 803 789 830 σὺν
803 804 864 835 ταῖς

74 847 220 882 διφθέραις
252 847 426 880 καθημένους
455 847 645 882 οίκοδομητοῖς
676 849 705 874 ὲν
733 848 861 883 θρόνοις,

75 890 151 925 ὕπνῳ
165 890 273 925 μετρίῳ
298 890 416 925 χρῆσθαι
429 898 436 905 ·
451 890 542 926 κύκλῳ
558 891 586 917 δὲ
603 892 762 927 πεφράχθαι
776 893 806 918 τὸ
823 893 862 919 ol-

74 934 232 968 κοδόμημα,
250 934 315 960 ὥσθ’
325 935 433 968 ἑκάστῳ
449 935 497 970 τὴν
512 935 657 971 στρωμνὴν
674 937 807 972 συνέχειν.
820 937 860 972 Τῇ

73 979 101 1004 ίὲ
125 979 226 1015 πρώτῃ
254 981 302 1007 καὶ
317 980 486 1015 κυριωνὺμῳ
508 981 561 1007 τῶν
580 982 700 1016 ἡμερῶν,
718 982 786 1018 πρὸς
803 991 861 1009 κοι-

76 1026 177 1051 νωνίαν
191 1026 247 1051 τῶν
265 1025 345 1052 θείων
365 1027 522 1061 μυστηρίων
539 1028 639 1060 ἰόντας,
657 1027 730 1054 λύειν
750 1029 799 1062 μὲν
811 1029 861 1060 τὰς

76 1071 166 1103 ζώνας
190 1072 240 1097 καὶ
258 1072 307 1102 τὰς
333 1072 467 1108 διφθέρας
491 1073 689 1100 ἀποτίθεσθαι·
712 1074 862 1106 δωδεκάκις

73 1119 102 1144 δὲ
117 1119 166 1153 τῆς
185 1119 295 1155 ἡμέρας
314 1119 430 1146 ἕκαστον
445 1121 528 1155 εὐχὰς
544 1122 644 1147 ποιεῖν·
658 1121 758 1154 ὁμοίως
772 1122 800 1147 δὲ
814 1122 862 1147 καὶ

73 1165 143 1199 πρὸς
161 1164 302 1200 ἑσπέρχνο
325 1165 423 1200 ἐπίσης
438 1166 466 1192 δὲ
489 1169 537 1193 καὶ
560 1166 668 1197 νυκτός·
683 1168 716 1202 τῇ
733 1167 756 1193 δ’
780 1166 860 1202 ἐνάτῃ

74 1210 136 1244 ὥρᾳ.
149 1211 261 1244 τρίτον·
290 1211 339 1237 καὶ
366 1212 485 1246 ὁπηνίκα
504 1212 559 1238 δέοι
586 1213 688 1247 τροφῆς
706 1215 861 1248 μετασχεῖν,

74 1255 121 1289 ἐφ’
136 1256 255 1289 ἑκάστης
276 1257 360 1292 εὐχῆς
382 1258 429 1283 τὸν
442 1258 551 1292 ψαλμὸν
569 1258 763 1291 προηγεῖσθαι.
785 1259 862 1285 Κατὰ

73 1302 103 1327 δὲ
124 1302 243 1336 μίμησιν
261 1302 315 1329 τῶν
335 1303 502 1337 Ἑλληνικῶν
517 1304 670 1338 στοιχείων,
687 1305 728 1335 είς
745 1304 784 1330 κδ’
798 1304 864 1338 τάγ-

76 1356 152 1381 ματα
175 1348 288 1375 ἃπασαν
318 1349 416 1376 διελεῖν
444 1350 495 1384 τὴν
523 1350 671 1376 συνοικίαν.
693 1350 864 1385 Ἐφαρμόσαι

74 1395 100 1420 δ’
118 1394 230 1429 ἑκάστῳ
252 1396 409 1429 ἀνήκουσαν
432 1396 482 1430 τὴν
500 1395 698 1431 προσηγορίαν,
714 1396 751 1427 ὡς
765 1395 863 1432 γνώμη

76 1441 126 1467 καὶ
144 1441 202 1476 βίος
219 1443 267 1467 καὶ
279 1441 345 1476 ἦθος
358 1439 402 1477 ἦν·
419 1439 476 1470 οἷον
497 1443 562 1474 τοὺς
586 1443 639 1476 μὲν
661 1442 864 1478 ἁπλουστέρους

78 1487 147 1513 ἰῶτα
164 1487 270 1520 ἐκάλει,
298 1487 313 1519 ξ
338 1488 366 1514 δὲ
391 1489 438 1514 καὶ
457 1487 481 1520 ξ,
511 1488 570 1515 όσοι
598 1488 702 1516 σκολιοὶ
727 1486 798 1524 ἦσαν
817 1488 865 1515 καὶ

913 253 1006 281 faciles
1030 262 1119 289 operte
1146 254 1350 282 mandarentur.
1372 253 1513 281 Domicilia
1529 259 1620 280 autem
1637 254 1700 281 rcli‘

912 299 986 333 ιςῐυεει
998 299 1173 327 circumcirca
1187 300 1227 327 eis
1242 299 1343 327 exelrui
1354 299 1447 334 jussit,
1458 299 1485 326 in
1501 307 1617 334 quorum
1632 307 1700 326 uno.

913 354 1024 380 quoque
1044 350 1099 373 tres
1126 350 1279 373 manerent.
1300 345 1398 373 Cibum
1413 353 1495 380 porro
1517 345 1543 372 in
1561 345 1622 371 unis
1640 352 1699 371 am-

913 392 1046 427 plioribus
1062 392 1168 420 aedibus
1180 397 1210 419 ut
1223 397 1351 426 caperent
1367 391 1519 422 constituit.
1539 391 1620 424 idque
1637 397 1699 416 cum

912 438 966 464 alto
983 437 1093 465 silentio
1107 438 1298 465 considentes:
1313 437 1381 464 facie
1396 437 1432 463 ita
1445 441 1551 471 operta,
1569 441 1599 462 ut
1610 443 1699 470 nequc

912 483 984 511 alius
997 483 1091 515 alium,
1109 491 1198 517 neque
1212 488 1342 518 pmterea
1353 482 1427 510 aliud
1446 469 1606 516 quidquam,
1617 489 1699 516 quam
1711 469 1715 481 ’

913 536 1032 556 mensam
1048 534 1076 556 et
1092 529 1183 556 cibum
1200 529 1369 564 propositum
1382 537 1496 556 cernere
1513 534 1618 562 posset.
1629 527 1698 554 Cum

913 574 948 602 iis
966 582 1001 601 ne
1014 575 1084 602 alius
1099 575 1245 609 quisquam
1264 573 1358 601 hahitu
1373 574 1427 600 alio
1442 575 1468 600 in
1486 573 1583 600 eadem
1605 580 1699 599 mensa

912 621 1004 648 cibum
1018 624 1149 653 sumeret,
1168 626 1348 655 prmerquam
1364 620 1386 646 si
1400 620 1499 654 hospes
1512 626 1545 646 eo
1560 618 1700 645 diverteris

912 667 1093 701 acciperetur.
1108 665 1198 701 Signis
1211 671 1302 693 autem
1314 665 1487 700 quibusdam,
1505 672 1635 691 manuum
1649 664 1701 689 im-

912 711 1096 746 pulsione,vel
1110 712 1223 738 nutibus
1240 718 1296 738 rem
1308 710 1490 738 necessariam
1501 710 1536 736 ab
1546 709 1587 736 eis
1598 709 1699 743 quibus

913 763 996 791 sorte,
1014 762 1044 785 ut
1056 766 1157 785 mensa:
1170 762 1330 792 pratessenl.
1343 756 1512 785 obvenisset.
1528 753 1697 782 insinuando

914 806 1048 837 peterent.
1067 801 1144 834 Quod
1160 803 1183 828 si
1202 801 1265 836 quis
1285 808 1347 827 eum
1366 800 1419 826 illis
1444 800 1536 826 vivere
1554 798 1646 827 vellet.
1670 801 1699 824 ut

916 847 1002 874 tribus
1011 847 1086 881 prius
1100 845 1189 879 annis,
1213 849 1317 872 mutato
1330 845 1439 879 paulum
1457 843 1563 875 habitu,
1574 841 1704 869 duriores.

914 894 1046 928 perferret
1061 892 1169 920 labores
1188 900 1195 918 :
1211 895 1293 926 atque
1306 891 1342 918 ita
1362 890 1470 917 tandem
1485 889 1593 916 arcanis
1603 896 1700 915 eorum

912 937 997 966 sacris
1013 937 1166 969 institutus,
1182 936 1279 964 eodem
1293 942 1355 962 cum
1375 935 1427 962 illis
1443 935 1502 962 loco
1513 938 1594 962 esset.
1609 933 1698 961 Vesti-

913 988 1034 1011 mentum
1052 987 1142 1010 autem
1157 987 1186 1009 ut
1196 986 1269 1010 esset
1280 988 1374 1016 sagum
1391 980 1547 1015 pelliceum,
1561 984 1589 1006 et
1601 979 1699 1012 capitis
1736 990 1739 991 ν

913 1033 1018 1064 tegmen
1033 1029 1113 1056 mitra
1129 1028 1207 1055 lanea
1220 1036 1227 1054 :
1244 1034 1304 1062 qua:
1319 1027 1399 1054 mitra
1413 1026 1575 1060 quibusdam
1592 1032 1700 1059 purpu-

912 1076 966 1102 reis
975 1074 1104 1102 distincta
1114 1073 1175 1106 ﬁlis,
1185 1077 1286 1108 puncta
1294 1080 1342 1100 sua
1351 1072 1475 1103 haberet.
1485 1071 1575 1098 crucis
1586 1069 1700 1097 formam

912 1121 1069 1148 relerentia.
1087 1119 1199 1147 Tunica
1220 1122 1310 1146 autem
1331 1122 1358 1145 et
1371 1119 1445 1145 'zonzc
1462 1117 1555 1144 itidem
1576 1122 1604 1143 ut
1620 1116 1700 1143 lineas

911 1173 1004 1194 essent
1020 1175 1027 1193 :
1041 1166 1068 1193 in
1087 1166 1187 1201 quibus
1204 1164 1286 1193 simul
1307 1169 1335 1192 et
1359 1164 1386 1191 in
1418 1164 1489 1199 sagis
1515 1162 1700 1193 considentcs,

912 1220 994 1246 super
1001 1211 1147 1239 exstructis
1161 1210 1229 1238 toris
1242 1209 1407 1236 mediocrem
1417 1213 1547 1242 caperent
1560 1214 1698 1234 somnum.

914 1257 995 1292 706
1014 1256 1186 1284 Domicilium
1213 1262 1295 1289 porro
1311 1259 1339 1280 ut
1362 1255 1399 1280 ita
1415 1254 1568 1288 sepimento
1582 1254 1702 1280 circum-

913 1303 1062 1329 vallaretur
1079 1321 1086 1333 ,
1122 1305 1153 1328 ut
1175 1300 1202 1328 id
1230 1300 1331 1326 lectum
1353 1299 1487 1333 cujusque
1513 1298 1698 1325 concluderet.

914 1347 1047 1375 Primaria
1063 1350 1153 1374 autem
1169 1350 1196 1373 et
1211 1344 1353 1373 Duminiea
1366 1343 1410 1371 die
1434 1347 1462 1371 ut
1482 1343 1516 1370 ad
1529 1343 1699 1370 communio-

914 1401 977 1421 nem
991 1396 1019 1420 et
1036 1391 1241 1428 perceptionem
1269 1389 1426 1417 divinorum
1449 1389 1641 1425 mysteriorum
1659 1396 1701 1415 ac-

914 1441 1055 1472 cedentes.
1066 1439 1170 1467 solutas
1187 1445 1271 1466 zonas
1284 1441 1312 1465 et
1327 1436 1422 1471 sagula
1435 1436 1548 1471 pellieea
1575 1435 1699 1469 depono-

916 1491 987 1515 rent.
1005 1487 1095 1521 Atque
1106 1489 1136 1513 ut
1146 1484 1294 1512 duodecies
1309 1482 1429 1510 interdiu
1447 1488 1555 1516 semper
1568 1487 1678 1508 orarent
1693 1489 1701 1508 :

80 1532 119 1566 μὴ
134 1532 238 1563 ιὺθεῖςο
254 1534 303 1559 καὶ
327 1533 390 1564 τοὺς
406 1532 504 1564 ἀλλους
530 1532 620 1564 ἄλλως
630 1552 638 1565 ,
656 1533 728 1560 κατὰ
740 1532 790 1569 τὴν
806 1533 865 1560 ἑκά-

920 1533 1015 1560 itidem
1030 1539 1095 1559 vero
1118 1531 1151 1558 ad
1166 1537 1318 1564 vesperam,
1341 1532 1423 1556 noctu
1444 1528 1581 1560 similiter,
1593 1531 1621 1554 et
1637 1527 1703 1554 item

78 1585 143 1604 στου
163 1577 327 1612 προαίρεσιν
354 1579 403 1605 καὶ
430 1578 460 1604 τὸ
490 1579 582 1614 σχῆμα
608 1578 656 1604 τοῦ
686 1579 864 1614 γράμματος,

78 1622 211 1658 εὔστοχον
223 1625 272 1658 τὴν
300 1624 448 1658 ὀνομασίαν
472 1625 568 1655 τιθείς.
593 1625 734 1656 Τοιούτοις
757 1625 790 1659 δή
810 1633 866 1652 τισι

80 1667 174 1701 νόμοις
206 1667 353 1703 Παχώμιος
369 1670 433 1700 τοὺς
456 1668 503 1696 ὑπ’
521 1670 602 1696 αὺτὸν
622 1667 691 1704 ἦγε,
708 1669 866 1705 φιλάνθρω-

80 1722 131 1744 πος
148 1713 269 1749 μάλιστα
288 1714 337 1741 καὶ
348 1714 476 1750 θεοφιλὴς
493 1716 651 1751 γενόμενος·
668 1717 715 1742 καὶ
730 1715 778 1742 ἐπὶ
789 1716 867 1743 τόσον

80 1759 197 1792 ἐλάσαι,
223 1759 262 1790 ὡς
289 1759 356 1795 μηδι
387 1759 436 1795 τὴν
461 1760 515 1788 τῶν
548 1761 687 1795 ἐσομένων
713 1762 867 1797 πρόγνωσιν

81 1806 204 1837 ἀγνοεῖν·
221 1805 326 1840 ταύτην
348 1806 370 1832 δ’
384 1807 485 1834 ειδέναι
513 1807 696 1842 διαφερόντως
721 1808 765 1835 ἀεὶ
783 1808 867 1842 (ty-{d-

80 1851 137 1883 λαις
153 1851 376 1886 διομιλοὺμενον.
397 1852 442 1879 Ἐν
462 1853 577 1887 Θηῦαῐδι
592 1853 622 1880 δὲ
639 1854 671 1880 τὸ
685 1855 736 1890 τῆς
759 1854 868 1888 φιλοσο-

80 1897 144 1930 φίας
167 1898 352 1932 ἐργαστήριον
371 1895 445 1933 εἶχεν
471 1898 500 1925 ιν
526 1907 579 1926 τινι
601 1899 675 1934 νήσῳ
687 1921 694 1933 ,
711 1900 729 1935 ἢ
744 1900 866 1936 Ταὸιννη

80 1943 236 1978 ὠνόμασται
255 1943 286 1976 ἐξ
297 1941 330 1980 ἧς
345 1943 567 1979 Τασεννησιιῖγται
579 1945 608 1976 ἐς
623 1945 704 1979 δεῦρο
722 1945 754 1981 δὴ
769 1946 868 1981 ό-ιομάι-

81 1989 186 2021 ζονταν
205 1988 231 2015 οῖ
249 1989 282 2022 δὴ
306 1988 345 2023 τῷ
367 1989 456 2028 χρόνῳ
470 1990 518 2016 καὶ
535 1990 576 2021 είς
600 1989 703 2025 πολλήν
723 1999 783 2017 τινα
801 1999 868 2025 προ-

80 2035 165 2070 ἦλθον
193 2035 335 2068 ἐπίδοσιν,
355 2035 393 2066 ὡς
417 2035 465 2062 καὶ
488 2036 528 2067 εἰς
555 2036 800 2071 ἑπτακισχιλίους,
820 2037 868 2064 καὶ

81 2081 242 2116 περιδόξους
257 2081 331 2115 μάλα
345 2081 474 2115 γενέσθαι
489 2083 522 2117 τῇ
539 2081 593 2108 τῶν
608 2082 763 2117 εἰρημένων
777 2083 868 2117 νόμων

79 2127 191 2161 ἀκριϐεῖ
221 2127 357 2162 πολιτείᾳ.
382 2127 478 2153 Ἔνδον
504 2127 558 2162 γὰρ
583 2127 735 2162 Τασέννης,
756 2128 815 2163 μεθ’
830 2125 868 2155 ὦν

79 2170 115 2206 ἦν
130 2172 180 2198 καὶ
196 2170 356 2206 Παχώμιος,
376 2172 456 2205 λόγος
481 2173 551 2207 ἀμφὶ
579 2173 682 2208 χιλίους
697 2174 744 2200 καὶ
757 2182 869 2209 τριακο‹

81 2217 156 2249 eteo;
185 2214 271 2244 εῖναι.
301 2218 332 2244 Ol
356 2218 379 2244 δ’
403 2219 479 2246 ἄλλοι
507 2219 577 2246 κατὰ
594 2219 717 2254 Θηϐαΐδα
747 2220 792 2246 καὶ
817 2221 868 2254 τὴν
883 2208 905 2238 C

81 2264 166 2298 ἄλλην
191 2264 332 2298 Αἴγυπτον
360 2265 468 2300 ᾤκουν·
493 2263 532 2292 ὦν
558 2265 688 2292 ἁπάντων
713 2267 763 2301 μία
790 2265 824 2302 ἦν
850 2267 867 2302 ἡ

80 2309 179 2344 ἀγωγὴ
196 2310 245 2336 καὶ
265 2310 282 2344 ἡ
298 2309 400 2344 δίαιτα,
420 2311 469 2337 καὶ
493 2311 572 2338 κοινὰ.
586 2312 674 2338 πάντα
692 2312 774 2338 πᾶσιν
793 2312 871 2347 ἐτύγ-

81 2364 177 2390 χανον,
196 2353 243 2382 οἷά
263 2364 324 2382 τινα
350 2356 517 2391 μητρόπολιν
532 2357 584 2391 τὴν
604 2357 686 2392 νῆσον
708 2358 870 2393 ἡγούμενοι,

82 2403 130 2429 καὶ
151 2402 277 2437 πατέρας
305 2402 369 2434 τοὺς
393 2403 482 2430 ἐκεῖσε
513 2403 730 2438 ήγεμονεύοντας
743 2412 750 2419 ·
768 2405 814 2439 ἀφ’
833 2401 871 2432 ὧν

81 2449 131 2476 καὶ
157 2448 292 2484 ἄρχοντες
315 2449 359 2482 ἐφ’
383 2449 486 2485 ἑκάστῃ
514 2450 638 2484 συνοικίᾳ
667 2451 692 2476 οἳ
717 2450 771 2477 τῶν
800 2451 870 2478 ὲθῶν

84 2495 320 2528 καθειστήκεισαν
330 2494 449 2529 ζηλωταὶ
461 2495 652 2530 διεπέμποντο.
670 2497 724 2523 Καὶ
739 2497 804 2531 περὶ
822 2498 871 2532 μὲν

86 2540 240 2575 Παχωμίου
266 2540 396 2567 τοσαῦτα.
413 2540 458 2575 Τῷ
474 2541 496 2567 δ’
507 2541 582 2576 αὐτῷ
601 2542 690 2576 χρόνῳ
711 2543 759 2569 καὶ
775 2543 873 2569 ’Λπολ-

86 2585 185 2616 λώνιος
207 2586 254 2611 ἐπὶ
278 2587 312 2620 τῇ
338 2586 411 2612 κατὰ
444 2586 511 2612 Θεὸν
540 2587 687 2623 φι)οσοῳίᾳ
717 2588 803 2614 πολὺν
829 2589 875 2616 τὸν

87 2630 177 2665 ἔρωτα
196 2630 281 2665 σχὼν,
300 2631 460 2666 διαπρέπων
486 2629 531 2666 ἦν.
553 2633 602 2663 '0;
620 2632 675 2658 ἔτει
697 2633 874 2659 πεντεκαιδε-

89 2684 165 2710 κατῳ
179 2675 230 2710 τῆς
245 2675 358 2711 ἡλικίας
383 2677 574 2712 ἐπαρξάμενος
597 2677 627 2704 ὲν
644 2678 748 2713 ἐρημίᾳ
767 2678 875 2711 φιλοσο-

89 2723 169 2756 φεῖν,
197 2723 262 2749 ἐπεὶ
282 2723 506 2757 τεσσαρακοστοῦ
536 2724 622 2758 ὲπὲὁη
650 2723 775 2751 ἐνιαυτοῦ
791 2744 798 2757 ,
813 2724 874 2760 θείᾳ

916 1579 985 1606 hora
1007 1585 1080 1605 nona
1094 1577 1187 1604 tertio.
1204 1576 1238 1603 Et
1247 1582 1308 1602 cum
1320 1574 1398 1602 cibus
1411 1578 1485 1601 esset
1498 1567 1659 1608 capiendus,
1673 1577 1703 1599 ut

917 1625 1039 1659 singulas
1061 1623 1200 1651 orationes
1220 1623 1341 1657 psalmus
1365 1619 1539 1656 praecederet.
1567 1619 1703 1646 Praeterea

917 1678 948 1700 ut
965 1672 998 1699 ad
1012 1678 1157 1699 numerum
1169 1669 1324 1697 Graecarum
1344 1668 1497 1695 litterarum
1522 1671 1622 1693 coetum
1644 1672 1702 1693 mo-

918 1717 1068 1745 nachorum
1084 1715 1300 1743 cohabitantium
1323 1713 1351 1740 in
1366 1713 1462 1748 viginti
1483 1716 1601 1747 quatuor
1621 1710 1698 1738 erdi-

917 1770 966 1790 nes
982 1761 1127 1794 divideret,
1143 1765 1171 1788 et
1183 1760 1282 1795 cuique
1291 1759 1380 1786 ordini
1397 1763 1604 1792 congruentem.
1617 1755 1698 1784 sicuti

917 1808 1037 1839 animus,
1052 1806 1108 1834 vita
1119 1811 1148 1834 et
1165 1813 1254 1833 mores
1268 1805 1401 1839 cujusque
1419 1803 1532 1835 ferrent,
1548 1803 1701 1837 imponeret

917 1853 1126 1889 appellationem
1147 1861 1154 1879 :
1171 1852 1275 1880 scilicet
1298 1856 1328 1878 ut
1345 1850 1527 1884 simpliciores
1540 1859 1558 1880 ι,
1575 1849 1621 1883 qui
1640 1856 1706 1875 vero

918 1900 994 1936 pravi
1012 1904 1115 1930 essent,
1139 1903 1168 1925 et
1184 1897 1276 1924 minus
1299 1896 1377 1927 recti,
1394 1895 1410 1927 ζ
1434 1901 1462 1922 et
1485 1894 1499 1926 ξ
1518 1898 1702 1921 vocarentur:

917 1951 999 1980 atque
1013 1945 1092 1972 aliter
1111 1944 1168 1975 alii.
1181 1943 1258 1978 juxta
1288 1942 1421 1977 cujusque
1438 1940 1606 1971 institutum,
1621 1944 1647 1966 et
1659 1940 1704 1966 Iit-

919 1997 985 2019 terac
999 1991 1085 2026 ipsius
1098 1989 1233 2023 habitum,
1249 1993 1342 2024 aptum
1361 1986 1592 2014 aceommodando
1602 1994 1704 2021 Cogno-

919 2045 992 2065 men.
1005 2035 1142 2071 Ejusmodi
1158 2042 1224 2062 sane
1246 2034 1353 2069 legibus
1376 2032 1540 2060 Pachomius
1555 2031 1706 2059 monachos

918 2091 983 2110 suos
995 2083 1076 2110 rexit.
1102 2080 1153 2114 Qui
1172 2080 1281 2115 quidem
1301 2079 1437 2106 humanus
1465 2077 1584 2105 maxime
1601 2081 1628 2104 ct
1657 2076 1704 2104 Dei

919 2135 1014 2156 amans
1045 2127 1106 2159 fuit,
1135 2134 1168 2153 eo
1192 2125 1382 2160 amplitudinis
1407 2131 1578 2159 progressus.
1604 2127 1633 2150 ιιι
1660 2130 1707 2150 res

919 2182 1029 2210 quoque
1044 2173 1151 2200 futuras
1166 2180 1221 2199 non
1239 2171 1376 2207 ignoraret
1393 2179 1401 2198 :
1429 2170 1528 2205 quippe
1542 2177 1611 2204 quas
1634 2177 1706 2205 pra:-

921 2222 1002 2256 cipuc
1021 2227 1054 2248 ex
1067 2220 1200 2247 continuo
1224 2218 1382 2258 angelorum
1406 2218 1542 2252 colloquio
1561 2224 1707 2252 cognosce-

923 2265 979 2293 bat.
994 2266 1023 2293 lu
1039 2265 1179 2293 Thebaide
1195 2269 1286 2291 autem
1309 2263 1486 2299 philosophia:
1501 2271 1557 2290 sua:
1569 2263 1706 2290 ollicinam

923 2312 1030 2343 habuit,
1047 2311 1074 2338 in
1092 2310 1209 2345 quadam
1224 2310 1312 2337 insula
1328 2317 1388 2344 quae
1404 2309 1542 2336 .Tabeuna
1567 2308 1708 2336 nominata

925 2362 967 2386 est
985 2365 1019 2385 :a
1035 2364 1087 2391 qua
1107 2357 1249 2391 hucusque
1270 2355 1479 2383 Tabenuesiots:
1495 2354 1636 2382 dicuntur.
1654 2354 1707 2387 Qui

925 2411 989 2430 cum
1005 2408 1126 2437 tempore
1147 2409 1244 2436 magna
1261 2409 1358 2435 cepere
1385 2400 1565 2432 incrementa,
1580 2401 1649 2426 adeo
1678 2404 1708 2426 ut

925 2448 1026 2482 septies
1043 2448 1127 2480 mille,
1140 2453 1168 2475 et
1182 2449 1292 2482 quidem
1307 2446 1453 2474 admodum
1473 2445 1607 2477 celebres,
1624 2445 1707 2472 vitam

925 2493 967 2519 eis
980 2500 1048 2527 quas
1063 2492 1181 2519 diximus
1203 2492 1309 2527 legibus
1335 2491 1367 2518 ad
1388 2495 1510 2517 exactam
1532 2497 1646 2524 prorsus
1663 2496 1708 2516 ra-

927 2539 1028 2566 tionem
1043 2542 1156 2573 agentes
1175 2538 1342 2565 cXSIiterint.
1362 2537 1434 2564 Intra
1453 2535 1610 2563 Tahennam
1632 2543 1708 2562 nam-

925 2593 990 2620 que,
1018 2592 1080 2612 eum
1096 2583 1196 2619 quibus
1216 2585 1300 2611 etiam
1317 2583 1481 2611 Pachomius
1501 2587 1571 2614 erat,
1597 2581 1708 2608 circiter

927 2631 1001 2660 mille
1019 2635 1048 2658 et
1069 2629 1185 2658 trecenti
1212 2629 1297 2657 fuisse
1313 2630 1444 2657 dicuntur
1459 2638 1466 2656 :
1490 2629 1536 2656 alii
1553 2632 1644 2655 autem
1660 2635 1708 2662 per

925 2677 1106 2709 Thebaidem,
1120 2681 1147 2704 ct
1162 2675 1293 2710 reliquam
1308 2675 1453 2710 (Egyptqu
1468 2675 1590 2702 coluere.
1606 2673 1707 2701 Eorum

925 2724 1047 2752 omnium
1068 2730 1151 2750 unum
1168 2727 1227 2750 erat
1247 2722 1413 2753 institutum,
1436 2729 1507 2748 unus
1523 2720 1632 2748 vivendi
1651 2727 1709 2747 mo—

123 2815 161 2847 (1)
178 2814 284 2842 Αςεειιο
309 2813 452 2849 cujusdam
483 2814 549 2842 scite
578 2814 680 2842 dictum
711 2818 764 2848 est,
799 2813 974 2849 Monachum,
1009 2814 1061 2842 uisi
1087 2821 1157 2849 opus
1183 2813 1275 2848 iaciat,
1312 2820 1395 2840 avaro
1417 2810 1522 2839 homini
1541 2818 1602 2838 esse
1621 2809 1710 2845 persi-

87 2851 189 2878 milcm.
