1904 3070
189 170 243 201 275

801 169 1012 200 NICEPHORI
1032 169 1210 200 CALLISTI

1764 165 1822 202 ινιά

187 227 242 254 tlus
255 225 413 254 communia
429 223 520 251 omnia
533 223 608 252 inter
628 231 657 252 se
671 224 845 252 habentium.
859 225 978 253 Insulam

1055 225 1090 260 ρει
1112 225 1295 261 πειθόμενος,
1317 225 1368 260 τὴν
1385 223 1551 259 οίκουμένην
1566 223 1646 256 αὖθις
1662 225 1803 253 κατέλαϐε
1816 233 1822 239 ’

191 274 277 308 ipsam
291 271 368 306 quasi
385 270 558 305 metropolim
585 270 733 305 quamdam
748 279 808 299 esse
822 271 956 306 putabant
970 281 976 298 :

189 323 219 345 et
233 317 279 352 qui
297 317 333 344 ibi
350 316 432 343 rebus
451 321 595 351 praeerant,
619 321 719 351 patres.
737 317 776 344 Ex
797 317 896 352 quibus
912 325 980 352 quo-

191 370 255 398 que,
284 364 330 397 qui
356 363 474 389 instituti
501 363 562 397 ejus
586 363 762 391 aemulatores
788 364 978 396 crant,cmtui

190 409 292 444 cuique
319 413 347 435 et
373 408 514 436 domicilio
542 408 684 443 prazfectos
715 417 780 437 suos
806 415 980 437 accersentes

191 455 375 491 accipiebant.
391 455 454 483 llzcc
465 455 499 483 de
521 455 677 483 Pachomio.
700 456 802 483 Eadem
819 464 884 483 vero
900 461 980 484 tetatc

191 502 392 537 etApollouius
421 502 527 538 ingenti
541 509 605 537 erga
629 502 751 530 divinam
776 503 979 538 philosophiam

192 555 286 574 amore
308 547 425 582 ﬂagrans
455 547 596 585 ponebat:
623 548 670 583 qui
687 548 865 582 quindecimo
892 551 981 578 rotatis

192 601 265 621 anno
277 594 406 622 solitaria:
419 594 599 629 phil'os0phia:
613 594 739 622 initiatus
754 595 848 626 sacris.
862 596 981 630 quadra-

193 639 321 673 genarius
341 639 441 667 divina:
453 640 608 675 obsequens
623 640 720 668 visioni
741 641 769 668 in
788 641 930 675 publicum
946 641 980 668 ad

193 686 252 713 loca
282 685 440 713 hominibus
461 686 580 713 habitata
606 694 702 714 rursus
726 687 840 721 prodiit,
855 692 936 722 atque
953 688 980 714 in

193 730 333 758 Thebaide
349 731 516 766 tuguriolum
541 731 593 760 sibi
621 732 756 759 condidit.
775 733 855 768 707
871 732 903 759 Et
918 740 981 760 cum

193 778 220 804 in
246 777 344 812 primis
356 777 403 805 Dei
422 782 495 804 esset
509 778 728 808 amantissimus.
747 778 908 806 admiranda
924 778 983 806 edi.

193 822 232 849 dit
246 829 330 857 opera
347 830 354 848 :
382 821 508 856 nihilque
533 830 624 849 rerum
642 823 734 849 otnisit
751 823 887 855 omnium,
915 824 982 858 quin

194 867 222 894 'm
235 867 275 894 eis
291 866 429 901 praecipue
445 866 602 898 excelleret,
617 874 787 901 qusecunque
804 867 836 894 ad
853 868 879 894 id
897 875 983 903 genus

1032 273 1080 298 καὶ
1098 272 1169 299 κατὰ
1188 271 1309 308 Θηϐαΐδα
1324 272 1378 306 τὴν
1396 271 1520 306 μάνδραν
1535 271 1668 306 ἐπήξατο.
1684 271 1824 307 Θεοφιλὴς

1032 319 1061 344 δὲ
1086 319 1120 345 τὰ
1144 318 1263 354 μάλιστα
1279 317 1399 352 γεγονὼς
1425 317 1587 352 παραδόξων
1609 318 1762 353 αὐτουργὸς
1779 315 1822 353 ἦν.

1033 365 1162 400 Πράξεως
1187 365 1215 392 δὲ
1242 365 1320 391 οὐδὲν
1339 364 1492 396 ἐλλείπων,
1518 364 1569 390 ὅσα
1590 365 1630 395 εἰς
1649 364 1699 398 τὴν
1716 364 1824 390 τοιάνδε

1032 412 1193 446 φιλοσοφίαν
1210 411 1318 445 ἀνήκει,
1346 410 1530 445 διαφερόντως
1551 408 1626 445 εἶχεν
1639 417 1648 425 ·
1675 409 1780 443 ἀγαθὸς
1794 409 1823 436 εὖ

1035 458 1108 492 μάλα
1126 458 1156 484 τὺ
1176 456 1242 493 ἦθος
1259 457 1307 490 ὣν,
1330 459 1377 484 καὶ
1404 458 1453 483 σὺν
1476 451 1568 492 χάριτι
1592 456 1711 490 ἄφθονον
1727 455 1760 482 τὸ
1773 455 1824 489 τῆς

1032 503 1211 534 διδασκαλίας
1238 503 1314 537 νᾶμα
1341 503 1482 537 προχέων·
1503 501 1670 533 mret-ratos;
1697 501 1827 532 δὀὓτως

1033 549 1105 584 ἔχειν
1121 549 1179 581 τοῖς
1202 550 1377 584 αἰτουμένοις
1400 549 1431 575 τδ
1457 550 1545 581 Θεῖον,
1569 549 1607 581 ὡς
1635 549 1719 584 μηδὲν
1733 549 1827 575 αἰτου-

1035 595 1108 630 μένῳ
1123 596 1256 632 ἀνήνυτον
1269 593 1350 622 εἶναι.
1374 597 1485 627 Πάντως
1505 595 1528 622 δ’
1543 597 1636 622 ἐκεῖνα
1646 595 1720 631 ᾔτει,
1742 594 1827 628 σοφὸς

1032 640 1082 674 ὥν,
1107 638 1149 673 οἷς
1181 642 1289 677 χαίρειν
1310 641 1411 668 διδόναι
1437 643 1468 667 ὲκ
1494 640 1541 667 τοῦ
1565 641 1666 676 ῥᾴστου
1693 640 1726 666 τὸ
1745 640 1828 666 Θείον

1033 688 1170 724 ἔχειπρὸς
1189 687 1308 722 φύσεως.
1328 687 1459 722 Ἤκμαζε
1484 688 1512 714 δὲ
1537 687 1585 713 καὶ
1606 686 1703 713 Ἀνοὺό
1719 687 1828 717 ἐκεῖνος

1033 735 1095 762 κατ’
1107 736 1195 762 ἐκείνο
1213 735 1310 777 καιροῦ
1324 743 1331 751 ο
1353 735 1383 762 δι
1395 735 1474 769 λόγος
1494 735 1565 769 μετὰ
1580 734 1629 770 τὴν
1643 735 1672 761 ἐν
1686 734 1826 768 διωγμοῖς

1034 778 1181 813 ὁμολογίαν
1209 776 1282 814 ὑπὲρ
1301 779 1420 814 Χριστοῦ
1433 798 1440 809 ,
1459 780 1564 814 μήποτε
1581 777 1749 813 ψεύσασθαι·
1767 776 1830 803 ἀλλ’

1033 825 1095 852 οὗδὲ
1117 834 1191 857 τινος
1217 827 1272 852 τῶν
1298 825 1455 860 προσγείων
1483 826 1523 856 είς
1548 825 1700 860 ἐπιθυμίαν
1724 823 1828 850 ἐλθεῖν.

1035 867 1085 897 Ὧν
1104 871 1132 898 δὲ
1161 871 1228 906 πρὸς
1256 871 1326 898 Θεοῦ
1357 871 1490 906 δεηθείη,
1526 871 1640 907 μηδενὸς
1661 869 1831 904 ἀστοχῆσαι⁵

194 912 377 947 ριιίιοεοριιίω
393 912 542 947 pertinent.
558 912 682 940 Moribus
705 913 757 940 fuit
769 914 892 948 optimis,
906 919 934 942 ct
953 915 980 942 in

1055 917 1098 952 είῳ
1119 917 1143 943 δ’
1159 918 1268 952 ἀγγέλῳ
1301 918 1444 953 καθηγητῇ
1477 919 1672 953 χρησὰμενον,
1702 916 1767 942 ὅσον
1795 912 1833 950 ἦν

195 959 296 993 pietate
308 958 412 994 prolixe
428 958 551 985 docenda
577 967 672 993 magna
686 960 782 994 gratia.
799 959 829 987 lu
845 961 983 994 precatio-

195 1004 276 1031 nibus
298 1005 367 1031 adeo
395 1004 492 1031 habuit
507 1004 657 1040 benignam
673 1011 700 1032 ct
719 1006 868 1041 propitium
887 1007 982 1039 Deum,

1037 963 1140 998 ἀρετῆς
1158 965 1198 996 είς
1217 964 1303 999 ἄκρον
1323 965 1456 999 ἀσκῆσαι.
1484 964 1565 990 Ἀλλὰ
1580 964 1644 998 περὶ
1664 963 1715 997 μὲν
1728 960 1784 988 τῶν
1803 960 1835 986 ὲν

1037 1009 1168 1044 Αἰγύπτῳ
1188 1010 1315 1045 μοναχῶν
1333 1011 1442 1045 ἀπόχρη
1459 1010 1580 1037 τοσαῦτα
1606 1011 1706 1036 εἰπεῖν.

195 1058 226 1081 ιιι
238 1054 272 1081 ab
285 1061 318 1081 eo
327 1061 408 1082 orans
424 1054 490 1081 nihil
504 1061 557 1081 non
575 1059 713 1083 eromret.
752 1056 783 1082 Et
801 1063 849 1090 pro
886 1057 1021 1091 sapientia
1041 1066 1090 1085 sua
1111 1067 1143 1086 ea
1167 1066 1280 1093 prorsus
1294 1060 1417 1094 petebat,
1432 1067 1493 1094 qua:
1512 1059 1592 1087 facile
1615 1060 1688 1087 Deus
1707 1060 1836 1087 tribuere

195 1100 274 1127 solet.
304 1100 409 1127 Florult
428 1105 483 1127 tum
500 1108 609 1136 quoque
629 1101 709 1128 Anub
729 1101 792 1141 ille,
809 1110 889 1136 quem
918 1109 980 1138 post
999 1103 1201 1133 confessionem
1213 1113 1265 1140 pro
1287 1105 1399 1133 Christo
1420 1106 1448 1133 in
1484 1106 1678 1140 persecutione
1713 1106 1834 1138 obitam.

195 1152 435 1182 reruntnunquim
454 1153 548 1183 postea
562 1148 735 1176 mendacium
751 1149 873 1182 dixisse.
909 1158 998 1186 neque
1018 1151 1169 1187 quidquam
1197 1157 1314 1180 terrenae
1338 1153 1377 1180 rei
1402 1153 1614 1186 concupivisse:
1647 1159 1709 1187 qua:
1734 1159 1802 1179 vero
1819 1159 1835 1178 a

197 1193 252 1221 nco
269 1199 386 1225 orasset.
403 1195 494 1222 omnia
513 1195 667 1222 obtinuisse
683 1203 690 1221 :
706 1195 857 1231 angeloque
869 1196 963 1224 divino
987 1198 1055 1226 adeo
1075 1199 1233 1226 institutore
1262 1207 1353 1231 usum,
1383 1199 1491 1233 pietatis
1503 1199 1603 1226 virtute
1618 1198 1774 1226 exercenda
1797 1198 1836 1226 ad

196 1247 333 1268 summum
350 1248 436 1276 usque
453 1241 620 1275 pervenisse.
640 1241 693 1269 Sed
712 1243 785 1269 enim
801 1241 835 1269 de
854 1241 985 1277 (Egyptiis
1011 1244 1151 1272 monachis
1176 1244 1232 1271 haec
1248 1245 1315 1272 satis
1339 1249 1382 1271 est
1398 1244 1510 1271 dixisse.

496 1297 607 1326 CAPUT
629 1298 686 1326 XV.

339 1345 376 1372 De
393 1345 543 1372 Palestina:
556 1350 580 1371 ct
600 1344 685 1380 Syria
700 1345 844 1372 monac/iis.

233 1404 299 1432 Inde
328 1410 399 1431 vero
427 1402 510 1430 etiam
543 1402 685 1429 Pulmstina
720 1402 835 1435 educta,
863 1402 988 1429 eamdem

197 1449 412 1486 philosophandi
436 1452 572 1476 rationem
595 1448 743 1484 complecti
757 1449 852 1483 cmpit.
879 1448 907 1474 In
934 1456 987 1483 qua

1350 1299 1477 1327 ΚΕΦΛΛ.
1492 1300 1545 1327 ῐΕ’.
1557 1320 1562 1327 ι

1078 1346 1148 1381 Περὶ
1162 1347 1220 1374 τῶν
1236 1347 1271 1373 ἐν
1284 1346 1472 1380 Παλαιστίνῃ
1490 1345 1539 1372 καὶ
1549 1345 1642 1379 ΣιφΙᾳ
1649 1346 1807 1381 μοναχῶν.

1085 1405 1205 1432 Ἐκεῖθεν
1229 1405 1258 1431 δι
1282 1405 1329 1431 καὶ
1350 1403 1516 1438 [Ιαλαιοτίνη
1539 1403 1717 1439 ωηγηθείσα,
1735 1405 1772 1430 τὰ.
1790 1403 1838 1431 ἴσα

1043 1451 1200 1486 φιλοσοφεῖν
1213 1450 1317 1486 ἤρξατο
1330 1458 1337 1465 ·
1356 1450 1385 1476 ὲν
1429 1449 1539 1484 πρῶτος
1553 1451 1671 1486 ἤνθησεν
1691 1449 1836 1485 Ἰλαρίων’

198 1496 307 1531 primus
322 1495 414 1522 ﬂoruit
428 1493 551 1522 Hilarion:
569 1502 576 1521 :
596 1494 641 1521 cui
666 1496 753 1529 patria
777 1494 830 1521 fuit
847 1494 923 1521 vicus
938 1502 989 1522 no-

1055 1495 1065 1531 b
1084 1498 1183 1532 πατρὶς
1199 1498 1248 1532 μὲν
1262 1495 1297 1532 ἦν
1311 1495 1390 1531 κώμη
1411 1495 1525 1530 Θηϐασᾶ
1546 1495 1645 1531 ὖνομα,
1656 1496 1706 1522 οὐκ
1721 1496 1839 1523 ἔλαττον

199 1543 275 1570 mine
292 1541 414 1569 Thebasa
429 1541 479 1577 (Ι),
494 1539 540 1576 qui
556 1548 610 1568 non
633 1540 723 1568 minus
739 1548 819 1575 quam
832 1540 989 1576 quindecim

200 1589 298 1617 stadiis
312 1588 383 1616 Gaza
401 1588 497 1619 abest,
514 1592 638 1615 austrum
657 1595 754 1615 versus
777 1587 812 1614 ad
837 1591 990 1615 torrentem

201 1636 272 1664 situs
286 1656 293 1667 ,
309 1636 355 1671 qui
371 1642 445 1662 mare
457 1634 575 1662 inﬂuens
585 1634 761 1662 vernaculum
775 1641 789 1661 a
803 1634 865 1662 vico
877 1634 937 1669 ipso
948 1642 992 1662 ae-

201 1684 275 1719 eepit
289 1691 398 1711 nomen.
415 1683 484 1710 Cum
504 1687 595 1709 autem
614 1682 813 1709 Alexandrinas
828 1681 991 1716 frequenta-

202 1736 246 1758 ret
273 1730 392 1762 scholas,
418 1729 530 1756 Antonii
555 1728 625 1756 fama
649 1735 710 1763 qua:
734 1721 790 1755 tum
818 1727 993 1755 increbuerat

203 1777 308 1809 audita,
327 1776 438 1804 videndi
454 1776 514 1811 ejus
542 1775 629 1811 gratia
643 1775 821 1802 solitudinem
840 1774 942 1809 petiit:
965 1778 993 1801 et

204 1823 405 1859 aliquantulum
424 1829 485 1849 cum
504 1830 537 1849 eo
553 1826 686 1853 moratus,
713 1821 784 1848 idem
802 1820 863 1847 vita
880 1820 993 1848 institu-

204 1875 263 1897 tum
281 1869 358 1904 sequi
370 1868 524 1896 constituit.
537 1867 615 1900 Quod
628 1874 692 1894 vero
711 1867 745 1894 ad
761 1867 911 1894 Antonium
926 1873 996 1901 quo-

205 1916 273 1943 tidie
302 1915 379 1943 multi
395 1915 573 1946 vcntitarenl,
595 1913 648 1941 voti
666 1921 780 1948 compos
800 1913 859 1940 fieri
874 1920 929 1940 non
948 1921 996 1947 po-

205 1963 267 1990 tuit.
281 1963 376 1998 Itaque
407 1962 434 1988 in
459 1961 576 1996 patriam
603 1967 743 1992 reversus,
773 1967 837 1987 cum
865 1963 995 1994 parentes

204 2011 292 2046 ejuse
314 2009 367 2036 vita
387 2008 437 2035 hac
456 2009 639 2043 migrassent.
660 2007 744 2034 multa
770 2005 926 2033 substantia
947 2012 995 2032 sua

205 2057 281 2083 enini
310 2056 440 2082 fratribus
451 2060 479 2082 ct
497 2054 591 2089 egenis
602 2053 748 2080 distributa
762 2073 769 2084 ,
803 2052 871 2079 nihil
894 2052 946 2078 sibi
963 2059 997 2078 cx

207 2110 240 2129 ca
272 2102 408 2136 reliquum
433 2100 508 2127 fecit.
525 2099 608 2134 708
627 2098 659 2125 Et
679 2105 742 2125 mox
761 2097 860 2124 deinde
881 2096 908 2123 ln
937 2096 998 2123 loco

210 2147 329 2182 quodam
345 2145 493 2178 maritimo,
514 2145 610 2180 viginti
629 2144 724 2172 stadiis
741 2151 756 2170 a
780 2143 841 2170 vico
864 2142 996 2174 distante,

209 2181 349 2229 tugurium
363 2201 378 2220 e
398 2192 481 2219 latere
497 2191 550 2218 sibi
570 2191 716 2222 exstruxit,
741 2189 871 2224 congerie
899 2188 999 2215 fracta-
1012 2181 1038 2211 D

210 2247 272 2267 rum
292 2243 422 2266 testarum
449 2242 561 2265 tectum.
581 2237 666 2272 Cujus
693 2240 767 2263 tanta
793 2235 845 2262 fuit
867 2233 996 2265 latitudo.

207 2286 352 2322 longitudo
363 2290 391 2312 ct
408 2284 538 2318 altitudo,
561 2289 590 2311 ut
603 2290 721 2311 stantem
738 2290 801 2310 eum
818 2285 901 2316 caput
916 2280 998 2308 incli-

208 2341 286 2365 nare.
303 2332 464 2360 recumbere
476 2336 568 2359 autem
579 2331 716 2358 volentem
729 2329 811 2363 pedes
828 2328 860 2354 ad
877 2328 997 2362 scipsum

210 2376 373 2404 contrahere
389 2377 545 2404 necessario
560 2378 711 2410 oporteret.
738 2373 788 2400 “lC
805 2372 890 2399 rebus
905 2371 997 2398 muni-

210 2424 263 2451 bus
280 2431 329 2458 per
351 2423 560 2451 assuetudinem
572 2441 579 2453 ,
594 2425 747 2456 promptam
769 2419 823 2446 sibi
845 2424 874 2446 ct
890 2418 998 2446 facilem

210 2470 329 2497 lacieb..t
343 2477 502 2497 :crumnam.
527 2469 616 2502 Atque
637 2467 664 2493 in
682 2465 872 2493 moderatione
887 2469 916 2492 ct
930 2470 1000 2492 lem-

210 2515 334 2550 perantia
357 2516 466 2551 egregie
498 2515 664 2544 elaborans,
690 2511 795 2539 nullum
821 2519 935 2547 prorsus
966 2519 998 2539 ex

210 2563 291 2590 factis
309 2563 366 2590 suis
388 2561 516 2596 concepit
533 2560 631 2587 fastum
646 2580 653 2591 ,
671 2567 734 2586 cum
751 2559 863 2595 quidem
879 2568 911 2587 ea
926 2559 953 2586 in
971 2567 1000 2587 te

211 2610 382 2646 superiorem
416 2609 532 2636 haberet
562 2608 712 2635 neminem.
745 2608 876 2643 Corporis
907 2613 999 2635 autem

211 2659 365 2693 voluptates
394 2660 422 2684 et
451 2655 550 2682 anima:
583 2655 729 2683 blanditias
759 2655 910 2687 edomans,
938 2663 1000 2682 cum

212 2704 316 2735 inedia,
333 2703 389 2734 siti,
405 2702 515 2737 frigore,
528 2706 556 2729 et
567 2707 634 2729 :ESill
653 2707 764 2730 strenue
777 2702 1000 2729 conﬂictabatur.

213 2750 334 2778 Moribus
349 2748 464 2782 integris
477 2749 608 2783 praeditus
631 2749 694 2781 fuit,
716 2756 844 2776 sermone
865 2748 1002 2775 humanus

211 2801 239 2824 e'.
257 2793 400 2830 placidus:
423 2799 452 2822 ct
465 2803 636 2830 qnmcunquc
656 2802 797 2822 sacrorum
826 2793 1001 2820 oraculorum

213 2840 364 2874 didicisset,
387 2847 515 2870 accurate
539 2840 671 2870 mem-tria
693 2841 811 2869 tenebat.
841 2839 1001 2876 Tantopere

250 2898 289 2933 (ι)
308 2899 451 2933 Tlmbatlm,
465 2899 573 2928 Somn).

1043 1543 1060 1578 ἦ
1079 1542 1109 1569 ιε’
1125 1542 1248 1574 σταδίους
1261 1542 1400 1577 ἀπέχουσα
1417 1541 1518 1576 Γάζης,
1539 1543 1608 1576 πρὸς
1622 1542 1698 1569 νότον
1715 1543 1837 1577 κειμένη

1044 1590 1120 1625 παρὰ
1144 1590 1190 1617 τὸν
1216 1589 1379 1625 χείμαρρον,
1393 1590 1422 1621 ὃς
1443 1590 1490 1615 ἐπὶ
1514 1589 1655 1616 θάλασσαν
1675 1589 1760 1623 ῥέων,
1775 1590 1838 1615 επι-

1045 1637 1145 1672 χώριον
1169 1637 1223 1664 ἀπὸ
1245 1638 1294 1672 τῆς
1314 1636 1412 1671 κώμης
1429 1636 1540 1671 εἴληςεεν
1555 1636 1641 1667 ὄνομα
1655 1644 1664 1650 “
1681 1636 1740 1667 τοῖς
1762 1635 1789 1661 δ’
1808 1637 1839 1661 ὲν

1051 1681 1243 1716 Ἀλεξανδρείᾳ.
1266 1681 1398 1715 φοιτήσας
1424 1680 1634 1713 διδασκαλείοις,
1659 1680 1709 1715 τῆς
1737 1680 1841 1706 ’Δντω-

1044 1728 1100 1754 νίου
1117 1728 1202 1762 ἀκοῆς
1218 1728 1416 1762 διαδοωμένης,
1435 1729 1505 1754 κατὰ
1525 1727 1589 1754 θέαν
1612 1727 1717 1753 ἐκείνου
1733 1727 1776 1758 είς
1790 1726 1841 1762 τὴν

1045 1775 1150 1810 ἔρημον
1166 1772 1218 1811 ἧκε
1231 1778 1239 1785 ¹
1264 1775 1311 1801 καὶ
1329 1774 1373 1800 ἐπ’
1396 1774 1488 1808 ὀλίγον
1509 1774 1655 1809 διατρίψας
1679 1774 1792 1809 ἐκείνῳ,
1805 1775 1841 1800 τὰ

1046 1822 1092 1848 ῐσα
1116 1821 1273 1856 φιλοσοφεῖν
1303 1821 1433 1855 αίρεῑται.
1459 1820 1568 1847 Πολλῶν
1591 1820 1614 1846 δ’
1638 1821 1667 1851 ἐς
1693 1819 1840 1846 ’Λντώνιον

1047 1868 1109 1895 καθ’
1134 1867 1254 1903 ἑκάστην
1275 1867 1380 1899 ἰόντων,
1397 1867 1512 1902 ἠρεμεῖν
1526 1867 1576 1893 οὐκ
1600 1863 1658 1901 εἶχε
1683 1866 1756 1892 κατὰ
1777 1874 1841 1892 σκο-

1048 1914 1109 1941 πόν.
1121 1913 1177 1949 Τὴν
1193 1913 1313 1946 πατρίδα
1334 1913 1363 1940 δὲ
1380 1913 1555 1945 καταλαϐὼν,
1571 1913 1634 1939 ἐπεὶ
1649 1912 1698 1939 καὶ
1708 1912 1734 1938 οι
1749 1913 1841 1946 γονεῖς

1048 1958 1132 1986 αὐτοῦ
1159 1957 1205 1985 τὸν
1229 1958 1292 1994 τῇδε
1321 1957 1379 1992 βίον
1401 1957 1547 1989 ἀπέλιπον,
1565 1956 1623 1987 τοῖς
1639 1956 1767 1991 ἀδελφοῖς
1793 1957 1842 1983 καὶ

1047 2007 1104 2034 τοῖς
1116 2005 1219 2032 ὲνδὲέσι
1234 2005 1284 2040 τὴν
1308 2004 1408 2039 πολλὴν
1431 2003 1593 2039 περιουσίαν
1609 2003 1773 2038 ὲσκόρπισε,
1789 2012 1843 2038 μη-

1049 2052 1094 2078 δέν
1110 2061 1136 2078 τι
1157 2052 1187 2079 τὸ
1202 2051 1315 2078 σύνολον
1331 2051 1491 2078 καταλιπὼν
1506 2051 1607 2086 ἑαυτῷ.
1625 2050 1681 2076 Καὶ
1700 2050 1796 2076 λοιπὸν
1814 2049 1843 2076 ἐν

1049 2106 1103 2124 τινι
1117 2098 1192 2132 τόπῳ
1204 2098 1272 2133 πρὸς
1286 2096 1424 2123 Θάλασσαν
1438 2097 1524 2123 είκοσι
1541 2096 1663 2128 σταδίους
1678 2096 1728 2132 τῆς
1741 2096 1842 2131 κώμης

1050 2145 1166 2179 διέχοντι
1192 2144 1315 2179 καλὺῦην
1344 2144 1376 2169 ὲκ
1405 2143 1525 2170 πλίνθων
1548 2144 1697 2179 ἐπήγνυτο,
1730 2143 1843 2178 φορυτῴ

1053 2191 1185 2226 κεράμων
1208 2191 1384 2225 κατεαγότων
1408 2190 1635 2225 κεκαλυμμένην.
1654 2189 1742 2217 Τόσον
1761 2190 1785 2216 δ’
1807 2188 1843 2225 ἦν

1052 2238 1145 2273 ἐκείνη
1171 2237 1268 2271 εὔρους
1288 2238 1335 2264 καὶ
1366 2239 1470 2272 μήκους
1496 2237 1543 2263 καὶ
1570 2236 1665 2270 ὕψους,
1681 2235 1720 2266 ὡς
1741 2236 1844 2271 δεῆσαν

1054 2285 1300 2317 ἑστάναι,κὺπτειν
1313 2283 1363 2319 τὴν
1380 2283 1502 2318 κεφαλήν
1512 2291 1519 2298 ·
1537 2284 1632 2309 πεσείν
1644 2281 1667 2309 δ’
1684 2282 1844 2316 ἐπάναγκες

1052 2331 1092 2364 ὃν,
1114 2332 1177 2362 τοὺς
1203 2331 1285 2362 πόδας
1307 2330 1462 2362 συνιζάνειν
1486 2329 1554 2365 πρὸς
1571 2329 1678 2355 ἑαυτὸν.
1696 2328 1767 2354 llic:
1788 2329 1845 2363 γὰρ

1053 2379 1165 2414 τρόποις
1187 2377 1283 2412 ἔθιμον
1308 2377 1396 2403 ἐποίει
1409 2376 1547 2411 αὐτῷτὴν
1569 2375 1773 2409 ταλαιπωρίαν.
1793 2375 1846 2401 [Ιο-

1053 2426 1108 2452 νῶν
1135 2434 1165 2452 τι
1194 2426 1226 2460 τῇ
1255 2424 1406 2459 ἐγκρατείᾳ
1428 2423 1560 2457 δοκίμως,
1578 2423 1681 2456 ἄτυφον
1709 2419 1767 2456 εἶχε
1795 2422 1846 2455 τὴν

1056 2472 1166 2507 πρᾶξιν,
1182 2473 1229 2498 καὶ
1245 2470 1333 2498 ταῦτα.
1352 2470 1448 2506 μηδενὶ
1461 2469 1500 2504 τῷ
1517 2469 1591 2505 ἔργῳ
1610 2470 1700 2504 τούτῳ
1716 2469 1847 2495 καταλεί-

1056 2529 1115 2546 πων
1141 2519 1306 2555 ῡπερεολήν.
1329 2517 1447 2553 Κρατῶν
1470 2516 1493 2544 δ’
1517 2517 1579 2543 ὅσαι
1605 2516 1734 2551 σώματος
1751 2516 1847 2551 ἡδοναὶ

1055 2565 1102 2590 καὶ
1125 2564 1215 2598 ψυχῆς
1244 2563 1372 2594 θωπεῖαι,
1401 2562 1469 2597 πρδς
1489 2561 1599 2589 ἀσιτίαν
1625 2561 1673 2587 καὶ
1698 2561 1776 2595 δῖψος
1800 2566 1848 2586 και

1057 2612 1133 2646 ῥῖγος
1158 2610 1206 2636 καὶ
1227 2610 1323 2642 πνῖγος
1349 2607 1472 2644 στερρῶς
1492 2607 1654 2642 ἠγωνίζετο.
1670 2606 1706 2633 τὸ
1730 2606 1782 2640 μὲν
1799 2604 1848 2632 οὖν

1055 2655 1121 2692 ἦθος
1149 2656 1290 2686 σπουδαῖός
1318 2663 1359 2686 τις
1386 2653 1431 2690 ἦν,
1449 2656 1497 2681 καὶ
1521 2653 1568 2681 τδν
1595 2653 1674 2686 λόγον
1701 2653 1848 2686 ἐπιεικήςη

1056 2703 1170 2738 ἀκριϐὲς
1188 2701 1211 2728 δ’
1227 2699 1284 2736 εἶχε
1309 2701 1466 2736 μεμνῆσθαι
1489 2700 1540 2727 ὅσα
1567 2699 1622 2725 τῶν
1649 2699 1732 2734 ίερῶν
1748 2698 1849 2732 λογίων

1057 2749 1206 2784 ὲξήσκησε.
1223 2748 1308 2774 Τόσον
1334 2747 1362 2774 δὲ
1386 2747 1419 2774 δι’
1445 2747 1548 2782 ἀρετῆς
1569 2745 1692 2781 ᾠκείωτο
1716 2745 1757 2779 τῷ
1775 2744 1848 2778 θεῷ,

1057 2795 1094 2826 ὡς
1118 2794 1202 2821 εἰσέτι
1223 2795 1270 2821 καὶ
1295 2793 1342 2820 νῦν
1364 2793 1478 2824 πολλοὺς
1493 2792 1548 2819 τῶν
1572 2792 1670 2819 ἀνίατα
1691 2792 1849 2818 νοσούντων

1058 2841 1161 2877 limati,
1193 2839 1240 2867 καὶ
1264 2839 1396 2876 δαίμονας
1430 2839 1554 2866 ἐλαύνειν
1587 2837 1730 2872 εἰληφέναι
1765 2837 1851 2872 χάριν
