1904 3070
59 134 104 161 281

539 135 841 166 ECCLESIASTICM
861 136 1058 168 HISTORIA!
1080 140 1144 170 LIB
1177 140 1228 172 IX.

1633 138 1687 172 282

58 188 182 223 ληφθεὶς,
200 189 251 224 τῆς
267 190 297 217 ὲν
313 191 488 227 Ταρακηναῖς
502 193 653 228 ἐκκλησίας
669 194 718 228 τὴν
737 195 847 229 ἐπιτρο-

906 200 975 223 recte
993 196 1027 224 de
1042 196 1161 224 Nictenis
1176 196 1296 225 decretis
1311 197 1468 228 sentientis,
1484 196 1597 224 insidias
1613 198 1685 224 veri-

59 234 109 268 τιὴν
123 234 217 270 ἔσχεν.
242 236 307 263 Ἐπὶ
321 237 397 264 τόσον
411 237 440 264 δέ
456 240 514 270 τοῖς
534 239 617 270 θείοις
633 240 846 275 ἐναγλαῖσθῆναι

58 279 163 314 δώροις,
181 281 222 313 ὡς
236 282 285 308 καὶ
299 284 406 317 νεκροῖς
428 284 561 319 παρέχειν
575 284 606 312 τδ
617 285 678 321 ζῇν.
695 285 803 320 Τέρατα
818 286 847 313 δὲ

59 327 103 351 καὶ
119 327 227 360 σημεῖα
245 328 362 356 πλεῖστα
385 329 553 362 ἐπιτελέσαι,
569 331 600 358 οὐ
616 331 695 366 παρὰ
712 331 778 358 πολὺ
792 331 847 358 τῶν

60 371 248 399 ἁποστολικῶν
273 374 434 402 ἀποδέοντα.
455 376 533 404 Κατὰ
559 377 591 411 δὴ
619 377 664 404 τὸν
692 377 774 405 αὑτὸν
799 377 848 405 καὶ

59 418 151 450 γπρίνον
165 419 217 445 καὶ
242 419 327 447 τόπον
350 422 526 456 συνακμάσαι
553 423 599 449 καὶ
631 423 747 458 Ἱλάριον
768 423 852 457 λόγος

59 463 170 497 ἐκεῖνον,
188 465 265 491 θεῖόν
284 475 344 493 τινα
361 467 456 503 ἄνδρα,
472 468 500 499 ὃς
515 469 634 504 ὁπηνίκα
655 471 751 504 φεύγοι
769 471 848 504 Μαρ-

59 510 139 542 tivo;,
153 510 212 537 τῶν
227 511 297 538 ἰσων
311 514 358 540 καὶ
373 514 454 545 αὐτὸς
470 515 611 542 ἐκοινώνει
627 516 730 548 κακῶν,
749 516 796 543 an
815 515 848 551 δὴ

61 554 127 588 ὑπὲρ
151 556 206 590 τῆς
231 558 353 590 πίστεως
375 559 423 585 τοῦ
448 560 506 586 ι’σου
530 560 614 595 ζήλου
642 561 773 596 μετέχων.
792 561 848 595 Τῆς

62 599 224 628 Ποικτάϐων
248 602 270 628 δ’
292 603 442 639 ἐκκλησίας
463 605 511 632 καὶ
534 605 612 638 οὗτος
628 606 762 641 ἡγήσατο.
779 606 848 641 Παρ¹

66 645 177 678 Ἰταλοῖς
204 648 234 674 δὲ
260 650 378 681 καὶτοῖς
402 650 530 678 ἐπέκεινα
547 652 642 684 τόποις
656 652 786 683 Εὐσέϐιος
801 652 848 678 καὶ

60 690 201 727 Δουκίφερ
233 693 383 729 διέπρεπον
413 695 457 721 ἐπ’
483 697 568 732 ἀρετῇ
599 697 722 732 πατρίων
749 696 848 730 λόγων,

61 737 157 769 μηδενὶ
173 739 223 764 τὸν
239 739 297 766 τῖον
312 740 394 766 τόπον
413 741 521 774 ἐῶντες.
545 743 660 777 Ίλάριος
675 744 704 770 δὲ
722 744 768 770 καὶ
786 744 849 778 περὶ

60 783 178 816 πίστεως
194 785 245 811 καὶ
269 787 342 813 κατά
358 796 433 820 τινας
447 788 576 824 ἀλλότρια
591 789 638 816 τοῦ
662 789 755 823 ὑγιοῦς
775 789 852 821 δοξά-

60 826 155 859 ζοντας
179 830 319 864 δόγματος
343 831 439 865 λόγους
453 833 522 860 πολὺ
538 833 569 860 τὸ
588 834 734 868 ἐπαγωγὸν
750 834 850 869 προϐε-

60 873 217 920 stupeam;
242 876 357 908 ἐξέδοτο.
378 878 406 904 Ὀ
427 879 449 905 δ·
473 879 602 912 Εὐσέϐιος
619 881 666 907 καὶ
681 881 731 920 τῆς
751 867 850 914 ἐδικλη-
866 867 888 896 Β

62 919 119 950 σίας
141 920 308 955 Βρεκέλλων
325 924 457 958 προέστη.
475 925 615 961 Λουκίφερ
640 926 678 958 δὲ,
693 919 731 957 ὥς
754 926 851 960 μικρὸν

62 963 220 1000 ἔμπροσθεν
242 967 371 1002 ἐροῦμεν,
388 970 435 996 καὶ
460 970 605 1005 ἐπωνύμου
633 971 708 1006 αὐτῷ
731 971 850 1006 προέστη

62 1010 206 1044 αἱρέσεως.
230 1012 292 1038 Ἐπὶ
308 1012 339 1046 δὴ
364 1013 470 1046 τούτοις
484 1015 530 1041 καὶ
545 1016 694 1048 Φλαυῖανὸς
717 1015 764 1042 καὶ
781 1017 852 1043 Παυ-

62 1055 142 1088 λῖνος,
161 1058 187 1084 οἶ
211 1060 283 1092 μετὰ
308 1061 393 1087 ταῦτα
418 1061 464 1087 τδν
488 1062 538 1097 τῆς
567 1062 732 1097 Ἀντιοχείας
758 1063 852 1097 θρόνον

61 1102 130 1138 ἦσαν
157 1104 387 1140 διανειμάμενοι·
406 1106 455 1138 οὓς
477 1107 509 1142 δὴ
525 1108 573 1134 καὶ
595 1108 733 1140 Λεόντιος,
756 1108 794 1139 ὡς
814 1108 851 1143 μὴ

62 1151 259 1184 ὁμοδοξοῦντας
283 1153 392 1189 ἐκείνῳ,
414 1154 550 1181 καθεῖλεν.
578 1151 659 1181 Οὗτοι
686 1154 709 1181 δ’
734 1152 804 1190 ἦσαν
826 1156 852 1182 οἳ

63 1197 207 1233 Εὑσταθίῳ
222 1199 274 1233 τὴν
287 1199 413 1234 μεθόριον
427 1200 596 1234 ἀπσγομένῳ
617 1200 788 1226 συνείποντο.
803 1199 852 1231 ⁹¹Ος

62 1242 115 1268 τῖιν
134 1243 220 1276 ἱερῶν
244 1244 294 1277 τῆς
327 1244 494 1279 Ἀντιοχείας
518 1245 679 1280 φροντίδων,
698 1245 801 1279 μᾶλλον
825 1245 853 1271 δέ

63 1288 125 1323 ὅλης
145 1290 197 1324 τῆς
220 1288 375 1322 εὐσεϐείας,
403 1290 480 1317 οὐδὲν
507 1291 638 1325 ἠνέσχετο
667 1293 723 1322 τοῖς
746 1292 853 1326 καιροῖς

63 1333 179 1365 ἐκείνοις
193 1334 486 1369 συγκαπηλεύσασθιι.
502 1336 548 1371 Τῷ
567 1336 591 1362 δ’
607 1336 682 1370 αὐτῷ
701 1336 789 1371 χρόνῳ
805 1335 853 1362 καὶ

70 1380 194 1415 Ἐφραὶμ
217 1382 232 1407 ό
261 1380 346 1416 Σύρος
370 1381 461 1417 πολλῷ
484 1382 589 1414 πάντας
615 1382 795 1417 παρελαύνων
815 1381 853 1418 τῷ

66 1425 142 1460 μέσῳ
157 1426 361 1461 ἁνεγνωρίζετο
372 1435 379 1443 '
395 1427 425 1460 ὃς
444 1427 554 1454 Νίσιϐιν
572 1429 622 1463 μὲν
639 1426 695 1463 εἷχε
716 1428 851 1464 πατρίδα·

65 1470 113 1503 τὴν
136 1469 212 1495 κατὰ
228 1470 366 1504 μοναχοὺς
387 1469 409 1497 δ’
425 1471 555 1506 ἀσκηθεὶς
572 1470 743 1505 φιλοσοφίαν,
759 1471 854 1505 ἐξαπί-

899 245 961 273 tus,
987 242 1112 269 discessit
1128 251 1135 269 :
1152 246 1180 270 et
1195 250 1224 270 se
1243 243 1269 270 in
1289 243 1406 270 insulam
1429 243 1572 278 quamdam
1583 263 1590 275 ,
1603 243 1683 278 711

897 294 958 322 qua:
983 289 1131 316 vernaculo
1157 290 1268 316 nomine
1293 289 1435 316 Galinaria
1463 290 1500 323 (l)
1530 289 1699 320 dicebatur,_

897 333 1013 361 abdidit.
1031 334 1060 362 In
1078 335 1129 363 hac
1147 334 1277 362 alimento
1298 335 1420 362 radicum
1439 334 1587 361 herbarum
1606 334 1684 361 vixit.

899 380 989 407 Insula
1004 385 1095 409 autem
1110 381 1169 417 ipsa
1181 382 1278 417 exigua
1292 381 1441 409 admodum
1455 385 1508 413 est,
1523 385 1550 408 et
1562 381 1686 408 aediliciis

898 433 1006 458 carens,
1025 426 1200 462 Tyrrhenum
1221 427 1375 462 respiciens
1401 434 1486 454 mare.
1508 426 1599 460 Atque
1621 425 1686 453 Inde

898 472 1045 502 abducttts,
1059 471 1328 500 administrationem
1344 472 1468 500 ecclesiae
1487 471 1686 498 Taracenensis

898 518 942 544 vel
964 518 1056 552 potius
1080 517 1250 545 Turonensis
1273 518 1405 552 suscepit.
1433 519 1463 544 In
1492 521 1597 544 tantum
1620 524 1685 544 vero

899 562 999 590 divinis
1016 563 1187 598 resplenduit
1201 563 1299 595 donis,
1318 567 1348 589 ut
1363 567 1391 589 et
1410 568 1535 590 tnortuos
1557 563 1583 588 in
1600 562 1685 589 vitam

900 608 1065 640 restituerit,
1084 608 1266 643 prodigiaque
1283 613 1311 635 et
1329 609 1459 636 miracula
1477 608 1606 642 plurima,
1624 614 1686 641 quas

900 661 954 680 non
971 654 1085 681 multutn
1101 654 1135 681 ab
1149 654 1452 688 apostolicisabessent
1478 653 1575 686 signis,
1592 652 1688 679 edide-

900 700 946 728 rit.
964 700 1066 728 Eodem
1083 705 1111 727 et
1125 704 1249 735 tempere
1265 704 1292 727 et
1306 700 1367 726 loco
1384 699 1465 726 simul
1483 705 1593 733 quoque
1610 697 1686 724 llila-

900 746 957 773 rius
979 746 1024 774 ille
1056 746 1161 781 viguit,
1185 746 1228 772 vir
1243 745 1369 777 divinus,
1392 745 1438 778 qui
1464 752 1526 771 cum
1552 744 1687 770 Martinus

901 791 1077 826 profugeret,
1103 791 1228 819 eamdem
1254 791 1386 817 sustinuit
1405 790 1542 816 fortunam
1560 797 1566 815 :
1585 789 1691 823 quippe-

901 837 948 870 qui
964 836 1061 864 eodem
1079 843 1143 863 cum
1161 836 1208 863 illo
1227 836 1324 862 ardore
1343 836 1369 862 in
1390 835 1470 862 ﬁdem
1487 834 1616 861 ferretur.
1637 833 1688 860 Hic

903 881 1103 909 Pictaviensem
1126 881 1290 916 gubernavit
1309 880 1460 907 Eeclesiam
1476 879 1526 914 (2),
1552 884 1633 914 atque
1653 878 1695 906 de-

903 927 966 960 iide,
982 931 1010 954 et
1029 927 1162 954 adversus
1177 927 1309 962 quosdam
1330 926 1376 961 qul
1395 926 1498 952 alienas
1515 933 1529 951 a
1546 932 1612 952 sana
1622 923 1692 951 doc-

903 974 973 1000 trina
988 973 1119 1001 all'crrent
1134 972 1280 1007 opiniones
1291 992 1298 1004 ,
1316 971 1401 998 libros
1416 970 1449 997 ad
1466 969 1690 1004 persuadendum

901 1020 981 1047 valde
1002 1020 1154 1054 appositas,
1169 1018 1305 1046 condidit.
1322 1018 1407 1053 Apud,
1425 1017 1507 1044 [talos
1529 1013 1596 1043 Sane
1618 1019 1646 1042 et
1661 1015 1690 1042 iu

902 1064 971 1091 locis
997 1063 1176 1090 ulterioribus
1201 1063 1329 1090 enituere
1356 1061 1493 1089 Eusebius
1516 1065 1544 1087 et
1567 1058 1690 1091 Lucifer,

902 1110 996 1144 patriae
1022 1109 1187 1143 eloquentia:
1211 1109 1236 1134 vi
1262 1108 1333 1135 alios
1359 1115 1455 1134 omnes
1479 1105 1689 1133 antecellentes.

903 1155 1039 1182 Eusebius
1057 1155 1140 1182 etiam
1155 1154 1281 1181 ecclesia:
1298 1153 1465 1181 Vercellensi
1483 1151 1593 1186 praefuit
1607 1159 1614 1178 :
1636 1150 1693 1177 Lu-

903 1202 970 1229 cifer
990 1208 1065 1233 vero,
1089 1199 1168 1228 sicuti
1183 1200 1263 1234 paulo
1285 1204 1346 1234 post
1362 1198 1495 1229 dicemus,
1514 1197 1636 1224 nominis
1647 1196 1691 1224 sui

903 1248 1000 1276 hmresi
1029 1247 1118 1282 praciit
1144 1247 1192 1278 (3).
1223 1247 1358 1273 Praeterea
1388 1244 1533 1271 Flavianus
1565 1248 1593 1270 et
1619 1244 1691 1270 Pau-

903 1294 977 1320 linus
991 1293 1057 1320 clari
1071 1297 1127 1319 tum
1141 1291 1228 1323 fuere,
1241 1291 1289 1326 qui
1302 1295 1397 1325 postea
1410 1290 1588 1317 Antiocheam
1602 1289 1693 1316 eccle—

904 1339 952 1367 siae
974 1336 1017 1366 res
1039 1338 1266 1366 adtninistravere
1285 1345 1292 1364 :
1316 1336 1418 1371 quibus
1446 1337 1528 1363 etiam
1547 1335 1691 1367 Leontius,
1715 1363 1725 1367 δ

904 1385 977 1420 quod
995 1383 1140 1417 sententiis
1154 1383 1189 1410 ab
1209 1390 1242 1410 eo
1270 1382 1478 1414 discordarent,
1503 1381 1692 1415 episcopatum

904 1431 1057 1466 abrogavit.
1079 1431 1100 1458 li
1117 1435 1192 1462 sunt,
1207 1430 1253 1465 qui
1278 1428 1424 1457 Eustatbio
1447 1428 1474 1455 in
1496 1428 1624 1455 exsilium
1644 1427 1693 1454 de-

905 1482 1014 1514 portato
1026 1476 1140 1504 comites
1157 1475 1233 1503 fuere
1243 1483 1253 1508 ',
1265 1475 1312 1510 qui
1326 1481 1393 1501 sane
1408 1473 1477 1500 nihil
1491 1480 1606 1508 prorsus
1623 1476 1694 1499 tem-

66 1523 114 1562 »ης
127 1515 200 1541 κατά
217 1515 267 1551 τὴν
283 1515 378 1551 Σύρων
403 1517 495 1553 φωνὴν
517 1518 646 1557 τοσοῦτον
661 1518 791 1549 ἐπέδωκε,
809 1518 855 1545 καὶ

906 1523 1018 1559 poribus
1034 1522 1100 1555 illis,
1116 1521 1150 1549 de
1164 1521 1251 1549 sacris
1269 1520 1450 1548 Antiochense
1468 1518 1598 1546 Ecclesiae
1617 1518 1695 1546 curis

67 1561 154 1589 ταῦτα
171 1564 243 1598 μήτε
259 1563 459 1598 προδιδσχθεὶς,
480 1564 543 1599 μήτ’
568 1565 600 1591 ἐκ
615 1574 696 1591 τινων
711 1565 855 1599 συμϐόλων

69 1608 216 1644 ὑπόσχεσιν
244 1609 307 1640 δοὺς
334 1610 455 1641 τοιοῦτος
483 1610 646 1645 φανεῖσθαι,
672 1610 710 1642 ὡς
741 1611 774 1645 τῇ
806 1610 856 1645 μὲν

69 1656 185 1688 ἀσκήσει
199 1656 228 1685 ἐς
244 1655 329 1690 ἄκρον
349 1655 455 1682 ἱκέσθαι
469 1656 518 1690 τῆς
536 1655 664 1689 θεωρίας,
684 1656 722 1691 τῷ
737 1656 765 1682 δέ
788 1656 857 1690 λαμ-

71 1700 130 1735 πρῷ
147 1702 195 1726 καὶ
220 1701 362 1739 προχείρῳ
378 1702 426 1728 καὶ.
447 1702 508 1737 ἡδεῖ
530 1703 577 1729 τοῦ
594 1703 673 1736 λόγου
690 1703 737 1729 καὶ
751 1702 789 1737 τῷ
803 1702 858 1728 τῶν

72 1748 216 1781 νοημάτων
239 1748 335 1782 πυκνῷ
357 1756 388 1774 τε
405 1749 451 1775 καὶ
477 1749 594 1784 σώφρονι
616 1749 664 1776 καὶ
683 1749 748 1781 τοὺς
774 1749 858 1776 πάλαι

74 1795 134 1820 ππὲ
158 1795 226 1828 παρ’
246 1793 377 1829 Ἕλλησιν
402 1794 620 1830 εὐδοκιμηκότας
645 1795 857 1830 ὑπερϐαλέσθαι.

75 1841 124 1867 Καὶ
152 1842 209 1876 γάρ
234 1849 294 1872 πως
314 1842 429 1868 ἐκείνων
452 1841 479 1868 ετ
499 1850 542 1874 τις
563 1842 603 1874 είς
627 1842 721 1878 Σύρων
744 1842 859 1878 τυχόνῆ

74 1887 198 1920 γλῶσσαν
219 1887 317 1922 ἑτέραν
339 1887 519 1921 μεταϐάλλειν
533 1889 637 1923 αἱροίτο
663 1889 712 1919 τὰς
735 1896 861 1923 συγγρα-

75 1934 137 1966 φὰς,
161 1933 211 1959 καὶ
241 1933 291 1968 τὴν
318 1932 491 1960 ἐπανθοῦσαν
514 1934 594 1969 χάριν
616 1934 669 1961 τῶν
695 1934 860 1969 Ἑλληνικῶν

77 1978 295 2014 καρυκευμάτων
321 1978 468 2012 ἀφέλοιτο,
498 1979 546 2006 καὶ
573 1979 623 2014 τὴν
649 1979 861 2014 ἑπιχρώζουσαν

76 2025 221 2060 τερθρείαν
245 2025 291 2051 καὶ
317 2025 446 2060 γοητείαν
468 2025 524 2052 τῶν
544 2025 654 2057 λέξεων,
670 2025 770 2052 αὐτίκα
794 2026 863 2060 πρός

76 2071 150 2106 δηλον
163 2071 194 2097 τὸ
210 2071 266 2097 τῶν
283 2070 426 2105 νοημάτων
445 2071 495 2097 οὐκ
521 2071 642 2104 εὐγενὲς,
658 2071 708 2106 τῆς
722 2079 863 2106 κομμωτι-

77 2117 125 2151 κῆς
140 2117 224 2148 εὐθὺς
238 2117 351 2152 χάριτος
365 2117 567 2153 ἀπορρεούσης.
580 2118 643 2148 Τοῖς
654 2125 686 2151 γε
702 2117 756 2152 μὴν
772 2117 862 2150 λόγοις

82 2163 204 2198 Ἐφραὶμ
231 2163 319 2194 ἄλλως
349 2163 422 2198 ἔχει·
438 2164 484 2190 καὶ
506 2163 561 2197 γὰρ
585 2163 638 2194 ἕως
657 2162 687 2189 οὗ
703 2164 802 2197 περιῆν
818 2163 864 2190 καὶ

77 2209 146 2244 ἑξῆς,
161 2210 205 2240 είς
218 2210 269 2244 τὴν
287 2209 426 2244 Ἑλληνίδα
442 2208 567 2243 γλῶτταν
583 2209 636 2235 τῶν
651 2208 758 2235 ἐκείνου
773 2207 862 2242 λόγων
879 2200 900 2227 θ

76 2255 290 2289 ἁλλοιουμένων,
310 2254 341 2281 οὺ
364 2254 434 2281 πάνυ
463 2255 558 2291 πιρρω
576 2254 626 2287 τῆς
652 2253 862 2289 ἐνοικουρούσης

78 2304 241 2336 ἀφίστανται
270 2301 379 2336 ἀρετῆς.
399 2300 498 2334 Θαῦμα
521 2300 544 2327 δ’
566 2301 625 2328 ἐστὶ
649 2301 705 2331 τοῖς
721 2299 862 2332 ἀκούουσι,

77 2349 120 2375 καὶ
135 2348 240 2381 Ἕλλην
265 2347 313 2373 καὶ
339 2346 423 2380 Σύρος
448 2346 724 2380 ἀναγινωσκόμενος·
749 2345 795 2372 διὰ
822 2353 864 2372 τοι

77 2395 122 2420 καὶ
142 2395 157 2421 ό
177 2394 264 2424 πολὺς
289 2394 318 2419 ἐν
339 2393 409 2428 λόγῳ
437 2394 483 2419 καὶ
507 2392 592 2427 ἀρετῇ
618 2388 770 2424 Βασίλειος,
785 2392 800 2418 ό
815 2392 864 2424 τὴν

78 2440 273 2467 Καππαδοκῶν
287 2439 500 2474 κατακοσμήσας
522 2438 702 2474 μητρόπολιν,
717 2438 866 2472 ὑπερφυῶς

77 2486 121 2512 τὸν
143 2485 230 2520 ἀνδρα
256 2484 411 2518 ἐθαύμασε,
436 2484 483 2510 καὶ
505 2483 555 2518 τῆς
581 2484 707 2514 παιδείας
732 2483 867 2518 μακάριον

78 2532 191 2566 ἥγηται.
214 2530 260 2561 Ὠς
283 2529 363 2564 δῆλον
380 2527 451 2556 εἶναι
480 2531 513 2565 τῇ
533 2529 638 2556 ἐκείνου
663 2528 772 2562 ἀκριϐεῖ
797 2536 867 2563 μαρ-

79 2576 170 2611 τυρίᾳ,
185 2576 234 2602 καὶ
249 2576 325 2609 κοινῇ
342 2577 419 2610 παρὰ
431 2574 485 2601 τῶν
499 2575 528 2601 ὲν
545 2574 634 2608 λόγοις
650 2570 868 2609 θαυμαζομένων

86 2622 220 2657 Ἐλλήνων
258 2621 406 2655 τηνικάδε,
436 2621 546 2648 πάντων
577 2619 793 2655 έλλογιμώτερον
822 2619 868 2646 τὸν

98 2701 201 2742 _(l)ln
228 2700 298 2728 mari
326 2699 418 2727 Tusco
442 2704 536 2727 contra
567 2703 676 2726 montes
707 2697 868 2734 Lygusticos

85 2741 156 2806 mile.)
173 2772 259 2799 Divus
274 2769 395 2798 Hilarius
408 2770 508 2805 coniux
525 2770 575 2797 fuit
597 2779 603 2796 :

137 2815 199 2842 Non
216 2815 308 2843 nocuit
327 2815 375 2841 tibi
398 2815 543 2850 progenies,
563 2823 613 2840 nun
628 2813 817 2850 abstititrnxor,

137 2851 266 2884 chitimo
282 2851 425 2881 coniuncta
443 2849 527 2882 thoro,
539 2858 589 2877 non
606 2849 705 2876 horruit
720 2849 769 2876 illa

907 1577 939 1597 ac
950 1570 1041 1604 potius
1052 1569 1087 1596 de
1100 1572 1154 1596 tota
1167 1567 1318 1595 sinceriore
1329 1567 1431 1601 pietate
1442 1565 1534 1592 vitiari
1548 1565 1691 1592 sustinuit.

908 1615 1010 1643 Eadem
1025 1615 1077 1642 hac
1091 1618 1170 1641 aetate
1182 1617 1210 1640 et
1223 1612 1351 1648 Ephraim
1364 1611 1450 1648 Syrus
1464 1611 1611 1646 praeclarus
1627 1610 1689 1643 fuit,

908 1661 955 1695 qui
971 1660 1081 1695 quidem
1098 1659 1179 1693 longo
1195 1657 1342 1685 intervallo
1363 1664 1461 1685 omnes
1478 1656 1630 1691 prmeessit.
1646 1655 1696 1683 Hic

908 1705 1024 1734 Nisibim
1038 1704 1155 1739 patriam
1171 1703 1278 1735 habuit,
1294 1707 1324 1730 et
1339 1703 1367 1730 in
1384 1701 1585 1730 monachorum
1602 1701 1695 1736 philo-

909 1752 1005 1786 sophia
1029 1751 1204 1783 excrcitatns,
1221 1749 1296 1777 brevi
1322 1753 1427 1776 tantum
1450 1748 1478 1776 in
1495 1748 1587 1783 lingua
1611 1747 1697 1783 Syro-

909 1806 981 1831 rum,
993 1806 1056 1826 cum
1071 1797 1183 1832 quidem
1199 1804 1258 1824 eam
1274 1796 1352 1831 prius
1366 1798 1400 1822 ab
1411 1795 1473 1822 aliis
1487 1803 1542 1822 non
1555 1794 1698 1822 didicisset

911 1835 1000 1879 neque
1028 1844 1165 1878 specimen
1191 1842 1303 1876 aliquod
1328 1845 1376 1868 aut
1398 1848 1493 1874 spem,
1521 1840 1603 1866 talem
1630 1847 1695 1866 eum

912 1891 981 1921 fore.
998 1889 1169 1924 praebuisset,
1193 1887 1323 1922 profecit,
1344 1890 1374 1913 ut
1396 1892 1459 1912 cum
1485 1885 1595 1919 pietatis
1618 1892 1698 1912 exer-

912 1937 977 1964 citio
992 1936 1025 1963 ad
1040 1941 1177 1962 summum
1194 1931 1441 1967 contemplationis
1456 1931 1622 1966 pervenerit,
1639 1935 1698 1958 tum

913 1982 1069 2017 splendore,
1080 1980 1210 2007 facilitate
1224 1983 1252 2006 et
1264 1979 1402 2006 suavitate
1416 1977 1576 2009 verborum,
1590 1984 1698 2003 necnon

913 2028 1050 2056 densitate
1064 2030 1093 2053 et
1107 2025 1243 2060 gravitate
1259 2023 1471 2056 sententiarum,
1491 2022 1572 2049 etiam
1588 2021 1700 2056 prmcla-

913 2074 1036 2102 rissimos
1053 2078 1178 2107 quosque
1192 2069 1362 2102 Graecorum,
1377 2069 1425 2103 qui
1447 2068 1605 2103 eloquentia
1623 2067 1700 2094 anti-

914 2120 1007 2155 quitus
1027 2117 1232 2149 excelluissent,
1255 2115 1441 2150 superaverit.
1466 2114 1574 2142 Etenim
1598 2114 1620 2141 si
1637 2114 1700 2148 quis

916 2166 1024 2192 illorum
1040 2164 1134 2192 Graeca
1154 2162 1257 2197 scripta
1277 2162 1305 2188 in
1324 2161 1458 2196 Syrorum
1476 2160 1547 2187 forte
1564 2164 1612 2186 aut
1626 2159 1700 2186 alio-

915 2218 976 2238 rum
992 2209 1166 2245 peregrinam
1179 2208 1301 2243 linguam
1319 2206 1494 2238 transferret,
1512 2210 1540 2233 et
1556 2205 1705 2232 ﬂorentem

914 2257 987 2285 illam
1017 2256 1173 2284 Graecorum
1194 2258 1423 2282 ornamentorum
1436 2253 1572 2287 gratiam,
1599 2251 1701 2278 decen-

915 2308 1028 2337 temque
1044 2302 1165 2330 nitorem
1182 2305 1209 2328 et
1225 2307 1341 2328 succum
1362 2299 1510 2326 verborum
1531 2297 1702 2325 detraheret,

916 2348 996 2383 712
1021 2347 1094 2375 illico
1116 2353 1226 2381 quoque
1249 2344 1378 2372 ascititiis
1402 2342 1544 2371 coloribus
1569 2341 1702 2368 deiicien-

917 2394 1003 2424 tibus,
1029 2392 1230 2419 sententiarum
1247 2390 1405 2417 obscuritas
1429 2395 1489 2415 sese
1508 2387 1651 2422 prodebat.
1669 2389 1704 2412 At

916 2437 1045 2472 Epitraim
1063 2436 1154 2472 [longe
1179 2435 1234 2463 alia
1261 2439 1322 2463 erat
1351 2434 1452 2462 oratio.
1483 2433 1551 2460 Nam
1578 2439 1641 2458 cutn
1669 2438 1704 2458 eo

917 2483 1008 2511 adhuc
1032 2481 1200 2517 superstite,
1224 2485 1307 2515 atque
1330 2480 1414 2507 etiam
1435 2478 1579 2510 defuncto,
1607 2480 1702 2511 postea

916 2529 982 2557 libri
993 2528 1054 2563 ejus
1074 2527 1101 2554 in
1117 2526 1238 2554 Grecam
1252 2526 1372 2561 linguam
1386 2527 1626 2553 converterentur,
1643 2529 1698 2548 non

918 2574 1000 2609 longe
1023 2572 1174 2601 admodum
1192 2579 1208 2599 a
1232 2571 1344 2606 propria
1370 2575 1398 2597 et
1422 2569 1514 2596 nativa
1533 2567 1706 2595 decedebant

919 2622 1031 2647 virtute.
1061 2619 1161 2646 Mirum
1191 2617 1303 2653 quidem
1328 2616 1425 2643 auditu
1446 2619 1505 2648 est,
1528 2614 1655 2642 eumdem
1678 2617 1710 2640 et

972 2697 1133 2731 Tempestate
1148 2695 1217 2722 Deus
1230 2696 1370 2727 tltatamos,
1388 2693 1530 2731 cunabula,
1542 2693 1635 2731 twdas.

973 2729 1037 2760 Solo
1046 2735 1101 2758 erat
1112 2733 1138 2757 in
1149 2730 1307 2765 pretio,qtue
1323 2738 1391 2757 nunc
1408 2729 1541 2764 incognita
1554 2730 1639 2755 virtus

974 2768 1079 2798 Sordet,
1098 2771 1122 2792 et
1137 2766 1229 2792 attrito
1247 2766 1307 2792 vivit
1324 2774 1383 2792 cum
1397 2765 1469 2800 plebe
1486 2765 1598 2791 cucullo.

1342 2798 1431 2835 (Bapt.
1446 2798 1640 2832 Mantuanus}

956 2848 993 2882 (ὅ)
1008 2846 1072 2880 Qua:
1089 2849 1116 2873 et
1131 2844 1415 2879 llomonymianorum
1429 2847 1512 2871 dtCla.
