1904 3070
193 170 245 200 τέδι

800 169 821 196 Ν
830 167 1011 195 ιωςιιιιυιιι
1032 166 1076 195 CA
1082 164 1202 195 LLlSTI

1767 162 1818 192 284

195 228 289 255 (ἕτερου
310 230 338 253 et
355 223 468 260 Syriam:
484 223 548 258 legi.
563 223 651 256 Quam
675 222 711 250 ob
734 229 847 250 causam
866 230 981 257 magnus

1040 222 1160 258 Ἐφραὶμ
1185 221 1324 258 κριθῆναι,
1343 221 1411 256 μηδὲ
1432 220 1486 255 γὰρ
1502 220 1535 247 ἃν
1550 221 1588 251 ὥς
1603 220 1681 255 ἔτυχε
1701 220 1750 254 τὴν
1767 221 1819 246 Βι-

197 275 241 301 ille
253 277 280 300 et
295 273 419 299 oratione
433 275 462 298 et
475 270 575 297 virtute
588 270 716 302 Basilius,
730 270 777 305 qui
788 268 981 304 Cappadocum

198 318 372 353 tnetropolim
389 317 550 352 episcopatu
568 324 619 343 suo
634 317 789 348 exornavit,
808 323 983 350 summopere

197 367 286 392 virum
303 368 345 391 est
361 363 528 395 admiratus,
547 362 731 396 eumdemque
748 361 912 389 eruditionis
931 369 982 388 no-

199 411 274 437 mine
287 410 396 436 beatum
411 408 529 436 censuit.
545 408 582 436 Ut
593 408 660 435 tanti
679 408 730 434 viri
744 412 798 435 tam
814 412 890 434 certo
906 407 983 434 testi-

200 456 292 484 tnonio
306 455 483 482 manifestum
498 455 545 487 sit,
558 454 743 482 communiter
757 461 867 488 quoque
879 461 893 479 a
909 452 984 480 Gran-

199 502 256 534 cis,
286 501 333 536 qui
363 505 420 527 tum
453 500 558 528 clarum
590 500 618 526 in
646 498 806 533 eloquentia
837 498 984 525 obtinuere

202 554 320 579 nomen,
343 545 601 582 praestantissimum
624 545 745 572 omnium
762 544 892 579 Ephraim
908 544 984 579 judi-

201 597 292 619 catum
315 599 385 619 esse.
416 591 471 618 Vox
496 598 561 618 sane
584 590 677 617 Basilii
709 590 771 617 talis
805 597 858 617 non
881 594 984 617 temere

203 640 306 674 prolata
320 646 380 666 esse
392 636 574 665 existimanda
587 639 639 663 est.
655 635 763 663 Dicitur
772 639 863 662 atttem
876 635 986 663 divinus

202 684 331 718 Epliraim
364 686 501 710 trecentas
528 688 662 708 versuum
690 680 829 716 myriades
860 680 985 707 conscri-

201 729 297 762 psisse.
317 727 392 755 Multi
408 733 519 761 quoque
538 726 563 753 ei
580 725 659 753 fuere
679 725 822 760 discipuli,
841 725 888 759 qui
906 724 985 751 insti-

202 772 334 799 tutionetn
355 775 382 798 et
403 770 607 805 philosophiam
629 771 690 806 ejus
705 775 770 797 sunt
791 770 934 798 aemulati:
957 769 985 797 in

198 817 303 851 quibus
315 817 484 844 celebriores
514 819 580 842 sunt
595 815 687 843 Abbas
697 835 705 847 ,
721 815 861 843 Zenobius
872 836 879 848 ,
895 816 985 843 Abra-

202 863 277 895 ham,
287 863 393 895 Maran,
406 866 436 889 et
449 862 579 897 Symoon,
591 863 663 896 apud
678 862 760 897 Syros
778 862 880 897 ingenti
897 863 984 897 gloria

202 907 254 934 viri
269 916 276 934 :
289 912 316 934 et
329 907 374 933 alii
386 906 549 940 quibuscum
573 910 703 940 preterea
717 907 791 934 hunc
803 908 864 935 vitae
875 909 984 935 modum

203 953 241 980 illi
255 952 504 980 cennnuniearerc.
519 952 548 979 In
564 952 633 979 locis
648 959 714 980 vero
729 953 844 986 eisdem,
855 953 984 981 facundia

203 999 321 1025 maxime
332 1001 504 1032 praestantes,
516 998 655 1025 Paulonas
669 1003 696 1025 et
713 999 821 1026 Anarad
832 1000 963 1028 exstitere
975 1009 983 1027 :

203 1045 250 1079 qui
268 1043 367 1071 deinde
382 1043 461 1078 lapsi.
479 1051 545 1070 sana
560 1043 687 1071 excidere
704 1044 766 1071 ﬁdei
782 1045 919 1073 doctrina.
931 1046 986 1074 Alii

204 1090 317 1124 insuper
342 1088 413 1122 apud
442 1088 581 1116 Osroettos
611 1089 708 1122 luere,
731 1090 829 1118 eodem
860 1093 987 1126 prteelari

204 1135 297 1168 modo,
325 1134 512 1165 Bardesanes,
535 1139 562 1161 et
580 1135 652 1162 [ilius
674 1136 734 1170 ejus
761 1135 936 1165 Harmonius.
954 1138 988 1166 Et

205 1185 284 1215 pater
299 1181 410 1215 quidem
425 1180 547 1207 nominis
561 1181 602 1207 sui
617 1181 743 1208 haeresim
758 1182 898 1210 instituit:
915 1183 988 1211 ﬁlius

204 1231 296 1253 autent
323 1226 425 1253 Graecis
453 1225 606 1260 diseiplinis
633 1227 701 1254 satis
728 1228 874 1260 eruditus,
904 1229 987 1263 patris

205 1274 318 1301 vocibus
342 1273 473 1308 legitimis
496 1273 584 1300 modis
610 1274 778 1309 musicisque
797 1275 921 1303 numeris
942 1277 987 1304 in-

204 1320 288 1346 clusis
304 1319 400 1346 ordine
418 1319 548 1346 circulari
565 1318 592 1345 in
609 1319 695 1347 choro
710 1327 758 1347 eas
774 1321 836 1348 cani
855 1321 987 1354 instituit,

205 1372 276 1399 quos
289 1373 321 1392 ex
338 1372 370 1391 po
387 1370 512 1399 tempore
526 1364 668 1399 hucusque
679 1365 739 1400 Syri
754 1366 901 1401 psallentes
910 1375 991 1395 usur-

206 1416 292 1444 pant:
308 1417 361 1436 non
386 1410 425 1436 illi
446 1409 558 1445 quidem
579 1410 749 1438 carminibus
767 1410 836 1446 ipsis
854 1412 936 1439 sicuti
954 1413 989 1440 ab

206 1457 252 1483 illo
264 1461 326 1483 sunt
343 1456 462 1490 prodita,
479 1456 527 1483 sed
542 1456 616 1483 sonis
630 1461 737 1483 tantum
751 1463 847 1484 eorum
867 1462 987 1486 utentes.
1002 1478 1005 1479 ν

204 1503 272 1529 Nam
286 1503 331 1529 ille
343 1502 375 1528 ad
390 1506 532 1536 paternam
545 1502 675 1537 delapsus
687 1502 824 1535 hmresim,
837 1503 992 1539 eademque

1035 270 1136 295 σιλείου
1155 268 1246 304 φωνὴν
1263 268 1430 302 λογίζεσθαι.
1450 267 1536 300 Λόγος
1560 275 1590 300 γε
1618 267 1671 301 μὴν
1687 266 1731 292 τὸν
1748 265 1820 292 θεῖον

1040 315 1160 350 Ἐφραὶμ
1192 315 1352 350 τριακοσίας
1381 313 1515 349 μυριάδας
1542 312 1617 339 ἐπῶν
1648 312 1819 346 συγγράψαι.

1035 361 1131 387 Πολλοὶ
1155 361 1184 387 δὲ
1209 361 1257 387 καὶ
1287 360 1434 394 φοιτῶντες
1462 356 1535 394 ἦσαν
1557 358 1629 392 αὐτῷ
1645 358 1716 384 κατᾶ
1741 358 1822 390 ζῆλον

1035 405 1202 438 παιδεύσεως
1228 406 1275 431 καὶ
1304 405 1483 439 φιλοσοφὲαςυ
1510 400 1548 430 ὦν
1573 402 1704 437 ἐπίσημοι
1732 401 1822 436 τούτῳ

1035 452 1181 486 γεγόνασιν
1210 451 1309 482 ’Λῦϐᾶς
1336 451 1382 476 καὶ
1407 449 1548 485 Ζηνόὸιος,
1573 448 1701 482 Ἀϐραάμ
1723 456 1754 473 τε
1773 447 1824 473 καὶ

1035 497 1134 532 Μαρὰν
1148 497 1195 523 καὶ
1219 495 1342 531 Συμεὼν,
1361 495 1458 530 Σύροις
1479 495 1549 529 μέγα
1565 493 1643 524 κλέος
1657 493 1733 524 ὅντες
1746 511 1753 523 ,
1772 492 1822 518 καὶ

1035 544 1092 570 ὅσοι
1108 543 1152 569 ἐπ’
1168 542 1282 577 ἀκριϐὲς
1296 541 1346 576 τῆς
1362 541 1473 567 ἐκείνων
1488 540 1621 574 μετέσχον
1636 538 1804 568 παιδεύσεως
1817 545 1824 552 ·

1035 590 1064 616 ὲν
1087 589 1155 620 teat;
1179 589 1207 615 δὲ
1230 588 1323 619 τόποις
1339 588 1442 619 αὐτοῖς,
1459 586 1507 613 καὶ
1529 586 1576 612 ὲπὶ
1600 584 1754 618 εὖγλωττίᾳ
1771 584 1826 618 μά-

1036 635 1126 667 λιστα,
1153 635 1302 665 Παυλωνᾶς
1327 642 1357 659 τε
1381 633 1428 660 καὶ
1448 632 1574 666 Ἀναρὰδ,
1605 630 1651 662 οὒς
1679 630 1826 664 ὀλισθῆσαι

1035 682 1114 716 λόγος
1131 682 1159 712 ἐς
1184 681 1298 716 ὕστερον
1326 679 1374 706 καὶ
1398 680 1445 714 τῆς
1472 677 1566 712 ὑγιοῦς
1591 677 1710 708 πίστεως
1725 677 1828 710 ἐκτρα-

1036 730 1132 763 πῆναι.
1158 728 1210 760 Καὶ
1234 727 1309 754 ἄλλοι
1337 726 1360 752 δ’
1387 726 1414 751 ὲν
1442 725 1597 759 Ὀσροηνοῐς
1623 723 1758 757 ἐγένοντο,
1780 723 1828 748 τὸν

1037 776 1094 802 ἴσον
1108 774 1209 809 τρόπον
1231 773 1372 808 ἐλλόγιμοι
1386 780 1393 788 '
1409 770 1588 806 Βαρῖησάνης
1606 778 1637 796 τε
1656 769 1704 795 καὶ
1723 770 1738 795 ὀ
1761 769 1829 799 παῖς

1043 821 1197 856 Ἀρμόνιος,
1213 817 1249 846 ὧν
1275 820 1289 846 ὁ
1316 819 1365 854 μὲν
1388 818 1435 857 τὴν
1462 816 1607 850 ἐπώνυμον
1640 815 1829 849 συνεστήσατο

1038 867 1144 901 αἵρεσιν
1155 873 1162 881 ·
1180 866 1194 892 6
1210 866 1238 892 δὲ
1255 865 1317 895 παῖς
1333 862 1516 897 ἀποχρώντως
1531 861 1575 887 διὰ
1587 860 1640 886 τῶν
1657 859 1829 893 Ἑλληνικῶν

1038 910 1126 944 λόγων
1140 909 1243 943 ἀχθεὶς,
1258 908 1368 942 μέτροις
1382 907 1472 940 νόμων
1487 905 1533 931 καὶ
1551 905 1692 938 μουσικοῖς
1711 903 1829 938 ῥυθμοῖς

1038 956 1090 987 τὰς
1108 955 1241 990 πατρίους
1258 954 1346 988 ὑπῆγε
1362 952 1466 987 φωνὰς,
1480 952 1528 977 καὶ
1550 951 1622 978 and
1637 950 1739 977 κύκλον
1754 949 1830 984 ᾄδειν

1040 1001 1122 1037 χοροῦ
1151 999 1304 1036 παρεδίδου,
1318 999 1370 1024 ὅσα
1398 997 1447 1024 καὶ
1475 996 1524 1024 νῦν
1551 996 1581 1028 ἐξ
1611 995 1719 1021 ἐκείνου
1744 994 1829 1028 Σύροι

1040 1048 1147 1082 ἔχοντες
1174 1046 1326 1081 ψάλλουσι·
1349 1044 1419 1079 πλὴν
1447 1043 1498 1070 οὐκ
1524 1042 1593 1069 αὐτὰ
1616 1042 1707 1068 ὲκεῐνα
1732 1040 1829 1074 ὥσπερ

1041 1095 1142 1123 ἐκεῖνος
1170 1092 1289 1124 ἐξέθετο,
1305 1092 1397 1125 privet;
1420 1090 1447 1116 δὲ
1472 1090 1526 1120 τοῖς
1551 1089 1646 1124 μέλεσι
1674 1087 1827 1122 χρώμενοι.

1041 1139 1097 1174 Τῆς
1112 1139 1165 1174 γὰρ
1180 1137 1318 1173 πατρικῆς
1340 1137 1472 1171 αἱρέσεως
1492 1134 1647 1169 μετασχὼν,
1663 1133 1712 1159 καὶ
1727 1133 1829 1166 ἐπίσης

1041 1186 1155 1220 Ἕλλησι
1172 1185 1235 1218 περὶ
1249 1184 1382 1218 γενέσεως
1398 1182 1487 1217 ψυχῆς
1503 1181 1548 1206 καὶ
1565 1180 1670 1214 φθορᾶς
1685 1178 1827 1212 σώματος.

1040 1232 1087 1258 καὶ
1103 1232 1152 1265 τῆς
1172 1230 1306 1264 ἐσομένης
1321 1226 1530 1261 παλιγγενεσίας
1547 1225 1676 1258 δοξάζων.
1694 1225 1753 1254 τοῖς
1774 1224 1830 1250 ὑπὸ

1041 1278 1126 1310 λύραν
1144 1276 1237 1310 μέλεσι
1255 1275 1303 1305 τὰς
1328 1274 1455 1305 τοιαύτας
1476 1273 1555 1305 δόξας
1576 1272 1761 1305 ὑπέσπειρεν·
1788 1268 1830 1302 οἷς

1040 1323 1065 1349 οἱ
1082 1322 1172 1348 πολλοὶ
1194 1321 1249 1347 τῶν
1278 1320 1371 1356 Σύρων
1389 1319 1638 1353 κατακηλοῦμενοι,
1652 1317 1747 1352 ἡρέμα
1771 1325 1830 1347 πως

1041 1367 1244 1404 προσειθίζοντο
1267 1367 1316 1399 τὰς
1336 1366 1466 1397 τοιαύτας
1486 1365 1566 1398 δόξας
1589 1364 1751 1398 προσίεσθαι
1777 1363 1829 1388 ὑπὸ

1040 1413 1088 1441 τοῦ
1114 1413 1229 1443 κάλλους
1249 1412 1304 1439 τῶν
1328 1411 1470 1446 ὀνομάτων
1496 1411 1544 1437 καὶ
1561 1410 1607 1436 τοῦ
1625 1409 1674 1443 τῆς
1689 1409 1830 1444 μελῳδίας

1043 1459 1159 1495 ῥυθμοῦ.
1179 1458 1212 1485 ’0
1227 1458 1318 1485 τοίνυν
1345 1458 1416 1488 θεῖος
1436 1456 1557 1491 Ἐφραὶμ
1581 1455 1663 1481 τοῦτο
1690 1463 1829 1488 συνεγνω-

1042 1504 1108 1536 κὼς,
1124 1505 1226 1538 καίπερ
1247 1502 1406 1537 Ἑλληνικῆς
1422 1501 1549 1531 παιδείας
1573 1500 1688 1534 ἄμοιρος
1704 1499 1755 1531 ὥν,
1771 1500 1829 1530 τοῖς

205 1555 266 1575 cum
284 1547 384 1575 Graecis
399 1547 432 1574 de
444 1547 542 1574 animm
560 1548 742 1583 generatione
757 1553 785 1576 et
801 1551 928 1584 corporis
943 1551 988 1578 in-

1043 1549 1153 1584 μέτροις
1174 1547 1320 1583 ’Λρμονίου
1345 1547 1542 1579 ἐπιστατήσας,
1565 1545 1612 1571 καὶ
1636 1546 1692 1575 τοῖς
1718 1545 1829 1571 ἐκείνου

207 1593 290 1621 terim
302 1613 308 1624 ,
331 1601 437 1620 nct'non
453 1593 487 1621 de
502 1593 595 1621 futura
615 1595 825 1629 regeneratione
846 1595 988 1630 opinatus,

208 1638 299 1673 lyricis
312 1639 432 1666 modulis
441 1638 582 1667 doctrinas
594 1640 729 1675 ejusmodi
743 1641 873 1675 aspersit.
885 1641 991 1675 Quibus

207 1684 287 1711 multi
310 1692 341 1711 ex
363 1684 440 1720 Syris
462 1688 575 1719 propter
599 1685 747 1712 verborum
772 1691 944 1714 venustatem
962 1691 991 1715 et

209 1737 340 1757 sonorum
359 1737 489 1757 numeros
509 1730 644 1763 demulsi,
666 1731 796 1765 paulatim
813 1732 991 1767 opinionibus

211 1774 310 1802 talibus
326 1774 492 1809 recipiendis
507 1779 572 1802 sunt
586 1775 744 1804 assuefacti.
759 1776 894 1805 Caterum
910 1778 991 1806 divus

209 1820 339 1855 Ephraim
354 1828 386 1848 ea
401 1828 432 1848 re
446 1820 565 1856 cognita,
579 1823 705 1856 quamvis
717 1821 874 1850 Graecarum
888 1824 989 1852 artium

209 1874 317 1900 expers,
334 1867 474 1894 llarmonii
495 1875 626 1895 numeros
649 1867 808 1896 moderatus
825 1874 867 1897 est
882 1878 888 1897 :
908 1874 991 1906 atque

210 1912 333 1947 ejusdem
355 1912 487 1944 modulis,
510 1912 678 1940 carminibus
703 1914 895 1942 ecclesiastica:
928 1923 993 1943 sen-

210 1958 302 1985 tentia:
317 1959 459 1991 consonis,
472 1957 599 1994 adjectis,
616 1958 693 1994 Syris
706 1959 739 1986 ad
755 1959 807 1986 hoc
823 1967 910 1995 usque
924 1965 991 1988 tem-

209 2012 260 2039 pus
271 2012 303 2031 ca
317 2004 439 2032 cattenda
454 2004 539 2031 dedit.
556 2004 635 2039 713
652 2004 720 2032 Nam
737 2004 847 2032 divinos
875 2006 992 2041 hymnos

210 2050 355 2084 plurimos,
371 2049 472 2083 quibus
489 2049 574 2076 Deum
589 2049 615 2076 in
634 2049 731 2083 primis
746 2050 877 2081 celebrat.
893 2056 922 2078 et
935 2051 993 2078 lau-

210 2095 259 2122 des
280 2099 410 2129 praeterea
433 2095 555 2121 virorum
573 2095 619 2129 qui
642 2095 770 2122 instituto
785 2096 841 2123 Deo
854 2097 992 2131 ,placuere

209 2141 295 2171 canit,
312 2141 345 2167 ad
364 2139 506 2167 llarnzonii
525 2140 678 2167 carminum
695 2141 770 2176 leges
786 2143 959 2177 composuit:
977 2151 992 2170 a

209 2187 323 2220 quibus,
340 2190 370 2213 ut
394 2185 519 2220 equidem
536 2190 619 2220 puto,
643 2194 690 2220 per
707 2188 891 2215 aemulationis
913 2189 993 2216 ardo-

1041 1594 1134 1629 μέλεσι
1149 1592 1311 1628 συμφώνους
1337 1592 1409 1627 ᾠδὰς
1432 1592 1488 1623 τοῖς
1506 1591 1744 1626 ὲκκλησιαστιχοῑς
1764 1591 1827 1624 δόγ-

1041 1648 1106 1675 μασι
1142 1639 1348 1673 παραθέμενος.
1385 1637 1412 1669 ἐς
1439 1636 1519 1672 δεῦρο
1546 1637 1642 1672 Σύροις
1682 1637 1829 1671 παρέδωκε

1039 1685 1160 1720 ψάλλειν.
1188 1684 1283 1715 Θείους
1309 1683 1362 1718 γὰρ
1392 1681 1494 1717 ὕμνους
1520 1681 1666 1719 πλείστους
1696 1682 1830 1716 ὲπὸνησε,

1040 1729 1100 1765 Θεῷ
1125 1730 1172 1756 τὸν
1198 1726 1272 1755 αῖνον
1295 1727 1454 1759 ἀνατιθείς·
1483 1729 1531 1755 καὶ
1561 1728 1688 1762 ἐγκώμια
1720 1728 1829 1763 ἀνδρῶν

1039 1775 1135 1809 ἀγωγῇ
1152 1774 1212 1809 βίου
1234 1772 1479 1808 εὐαρεστησάντων
1494 1772 1566 1808 Θεῷ,
1581 1774 1651 1800 κατὰ
1671 1773 1755 1807 νόμον
1779 1774 1830 1807 τῆς

1047 1819 1189 1855 ’Λρμονιου
1204 1818 1276 1854 ᾠδῆς
1289 1826 1297 1834 ·
1311 1818 1358 1852 ἀφ’
1375 1817 1412 1845 ὧν
1438 1818 1506 1853 πρὸς
1530 1818 1611 1852 ζῆλον
1630 1815 1710 1853 οἶμαι
1734 1819 1785 1845 καὶ
1805 1819 1830 1845 οἱ

1042 1864 1190 1899 μετέπειτα
1206 1864 1255 1898 τῆς
1276 1863 1440 1897 Ἐκκλησίας
1468 1862 1609 1898 μελοποιοὶ
1627 1865 1676 1894 τὰς
1698 1864 1831 1898 ἀφορμὰς

1040 1911 1095 1937 τῶν
1113 1910 1202 1946 μελῶν
1221 1910 1410 1945 πορισάμενοι,
1425 1909 1473 1935 ἐπὶ
1486 1909 1589 1944 μᾶλλον
1604 1910 1722 1944 αὐξῆσαι
1740 1911 1831 1937 ταῦτα

1042 1956 1089 1982 καὶ
1104 1955 1244 1982 ἐπιδοῦναι
1261 1955 1514 1990 παρεσκευάσαντο.
1532 1955 1640 1986 ὐποῖος
1653 1956 1704 1990 μὲν
1719 1955 1768 1982 οὖν
1784 1957 1832 1982 τὸν

1041 2003 1120 2037 λόγον
1136 2003 1182 2029 καὶ
1198 2004 1229 2029 ὲκ
1247 2002 1344 2029 τούτου
1370 2002 1499 2036 συνάγειν
1521 2002 1596 2029 ἔστιν
1609 2011 1617 2019 ⁸
1630 2005 1644 2030 ό
1660 2003 1688 2030 δὲ
1707 2005 1765 2038 βίος
1779 2005 1833 2032 αὺ-

1042 2047 1088 2074 τοῦ
1102 2047 1161 2073 λίαν
1184 2047 1386 2082 ἠκρισωμένος,
1405 2049 1465 2078 ταῖς
1488 2048 1605 2081 ἀγαθαῖς
1622 2049 1677 2075 τῶν
1700 2051 1834 2084 πράξεων

1042 2093 1249 2127 καλλυνὸμενος.
1267 2094 1354 2124 Πολὺς
1376 2093 1398 2120 δ’
1415 2094 1521 2126 ὲπάγαν
1547 2092 1581 2129 ἦν
1608 2095 1682 2130 αὑτῷ
1703 2098 1752 2122 καὶ
1780 2098 1834 2131 τῆς

1043 2139 1156 2174 ἡσυχίας
1180 2139 1193 2165 6
1216 2139 1297 2173 ἔρως.
1327 2139 1430 2174 Σεμνὺς
1452 2139 1475 2166 δ’
1496 2140 1544 2175 οὐχ
1563 2138 1644 2176 ἧττον
1670 2141 1717 2173 ὦν,
1739 2143 1769 2174 ἐς
1786 2152 1835 2169 το-

1046 2184 1138 2210 σοῦτον
1156 2185 1205 2216 τὰς
1221 2184 1352 2220 διαφορὰς
1371 2185 1526 2220 ηύλαῦεῑτο,
1543 2187 1581 2218 ὡς
1604 2188 1698 2221 σχεδον
1713 2189 1761 2215 καὶ
1777 2191 1835 2216 πᾶ-

211 2239 268 2259 rem
283 2252 290 2263 ,
316 2231 488 2266 posteriOres
514 2232 638 2259 ecclesia:
663 2238 793 2260 cantores
816 2234 988 2261 modulorum

1043 2237 1093 2256 σαν
1117 2229 1178 2264 ὕψιν
1203 2229 1386 2264 ἐκτρέπεσθαι
1410 2231 1550 2263 γυναικός.
1576 2232 1692 2267 Φέρεται
1710 2231 1769 2265 οὖν,
1792 2235 1833 2267 ὡς

209 2278 343 2305 formulas
359 2278 487 2307 mutuati.
506 2277 591 2312 magis
602 2278 684 2306 etiam
698 2284 781 2315 atque
793 2281 878 2315 magis
890 2288 991 2315 augere

209 2330 291 2359 atque
310 2332 463 2359 propagare
480 2332 527 2352 eas
540 2330 604 2352 sunt
620 2327 751 2360 aggressi.
767 2326 861 2359 Qualis
874 2327 957 2362 igitur
969 2328 992 2355 is

209 2379 336 2398 sermone
361 2371 453 2403 fuerit,
469 2371 511 2397 vel
537 2378 569 2398 ex
594 2371 647 2398 hoc
673 2372 731 2405 ipso
754 2371 894 2406 conjicere
917 2372 991 2410 licet.

211 2416 270 2443 \‘ita
288 2424 352 2443 vero
370 2416 394 2443 ei
418 2416 496 2443 valde
518 2421 625 2449 exacta,
642 2421 670 2444 et
691 2417 769 2444 bonis
785 2416 916 2450 operibus
927 2424 992 2451 spe-

209 2465 280 2487 ctata
294 2461 356 2487 l'uit.
370 2460 496 2493 Quietem
510 2461 592 2488 etiam
604 2461 691 2488 multo
705 2460 796 2488 studio
807 2465 848 2488 est
859 2465 991 2489 sectatus.

208 2506 241 2532 Et
260 2511 374 2540 propter
389 2514 497 2533 morum
509 2506 663 2534 castitatem
680 2510 823 2540 tantopere
839 2506 992 2533 calumnias

208 2552 351 2582 devitavit,
375 2556 406 2578 ut
431 2551 488 2579 fere
512 2560 527 2579 a
551 2556 702 2586 conspectu
727 2551 853 2579 mulieris
877 2560 991 2586 prorsus

209 2598 395 2626 ablmrruerit.
424 2598 522 2626 Fertur
543 2606 625 2630 sane,
652 2605 713 2624 eum
741 2597 839 2625 mulier
865 2598 990 2633 quadam

209 2644 283 2670 nulla
303 2651 416 2678 prorsus
433 2645 494 2671 vita:
511 2643 669 2677 disciplina,
690 2647 719 2670 et
740 2643 846 2677 pudore
862 2644 946 2677 nullo,
963 2645 990 2671 in

209 2693 325 2723 angusto
340 2689 488 2715 admodum
508 2689 567 2715 loco
585 2688 610 2715 ci
631 2688 708 2715 obvia
727 2688 816 2721 facta,
840 2689 896 2717 sive
922 2697 991 2717 con-

210 2735 282 2760 sulto
306 2735 389 2761 veluti
411 2734 500 2760 virum
520 2738 672 2765 tentatura,
692 2741 740 2761 seu
756 2734 790 2761 ab
808 2734 870 2762 aliis
891 2741 921 2761 ιιι
938 2735 991 2763 hoc

210 2781 312 2808 lacent
333 2780 460 2808 mchch
482 2779 635 2810 conducta,
654 2781 750 2808 oculos
771 2781 830 2808 sine
850 2782 990 2808 intermis-

206 2826 284 2853 sione
297 2826 323 2853 in
342 2833 404 2853 eum
423 2825 585 2860 conjiceret.
602 2825 749 2860 increpans
765 2827 791 2853 in
809 2831 910 2854 terram
928 2836 987 2854 eam

209 2872 366 2906 prmpiccrc
392 2871 525 2906 juSsisse,
555 2871 682 2907 illamque
709 2873 906 2903 respoudise.
934 2873 987 2902 Sed

1041 2276 1110 2310 γυνὴ
1135 2275 1293 2303 παντάπασι
1313 2276 1360 2302 τοῦ
1383 2276 1441 2311 βίου
1457 2277 1612 2312 ἀνάγωγος,
1628 2279 1676 2305 καὶ
1695 2280 1834 2315 αίσχύνης

1041 2322 1078 2353 ὡς
1104 2322 1283 2357 πορρωτάτω,
1316 2323 1362 2348 ἐπι
1387 2332 1441 2350 τινι
1475 2324 1606 2359 στενωπῷ
1631 2325 1670 2359 τῷ
1705 2326 1834 2362 Ἐφραὶμ

1042 2367 1233 2402 ἀπαντήσασα,
1247 2368 1263 2403 ἢ
1279 2368 1359 2394 τοῦτο
1374 2368 1543 2404 προθεμένη,
1560 2370 1606 2396 au
1623 2370 1655 2404 δὴ
1667 2371 1716 2398 τοῦ
1731 2373 1833 2408 ἀνδρὸς

1043 2414 1177 2448 πειρῶσα,
1194 2414 1211 2448 ἢ
1231 2413 1326 2448 μισθοῦ
1341 2414 1433 2446 ἄλλοις
1450 2415 1530 2442 τοῦτο
1544 2417 1716 2452 πράττουσα,
1732 2420 1832 2451 ἀτενὲς

1042 2459 1193 2486 εἰσϐάλλειν
1217 2460 1266 2492 τὰς
1292 2460 1368 2495 ὂψεις
1392 2462 1477 2497 αὐτῷ.
1499 2463 1552 2490 Τὸν
1574 2463 1597 2490 δ’
1614 2465 1832 2500 ἐπιτιμήσαντα,

1042 2506 1081 2536 είς
1105 2505 1157 2539 γῆν
1176 2506 1240 2541 ὀρᾷν
1262 2506 1400 2534 κελεῦσαι.
1419 2508 1452 2534 'H
1465 2508 1498 2540 δ’,
1520 2509 1600 2535 Ἀλλὰ
1621 2510 1690 2542 πῶς,
1706 2511 1773 2546 ἔφη,
1790 2514 1833 2544 εἰς

1042 2551 1095 2585 γῆν
1110 2552 1166 2585 ἐγὼ
1183 2551 1290 2586 βλέψως
1307 2552 1397 2586 πολλῷ
1412 2554 1468 2588 γάρ
1485 2562 1514 2580 σε
1536 2554 1705 2590 δικαιότερον
1723 2557 1833 2592 ταύτην

1042 2598 1118 2632 ὀρᾷν,
1139 2598 1310 2634 πρόσλημμα
1324 2599 1426 2634 ταύτης
1451 2600 1525 2628 ὄντα.
1541 2601 1558 2635 ἤ
1571 2601 1631 2635 ἐμέ.
1659 2601 1738 2635 Ἐμοὶ
1759 2603 1782 2630 δ’
1799 2606 1834 2631 ἐκ

1043 2643 1090 2669 σοῦ
1116 2644 1165 2678 τὴν
1190 2644 1298 2677 γένεσιν
1322 2646 1466 2680 ὲσχηκυίᾳ,
1485 2646 1531 2671 καὶ
1564 2647 1631 2680 πρός
1656 2656 1685 2673 σε
1715 2648 1832 2682 βλέπειν

1042 2689 1162 2723 εὔλογον.
1185 2690 1304 2716 Ἐκεῖνον
1331 2690 1361 2717 δὲ
1385 2691 1524 2725 ἀγάμενον
1551 2692 1581 2718 τὸ
1602 2693 1696 2727 ῥηθὲν,
1716 2696 1837 2730 γραφῆς

1041 2735 1155 2768 ἀξιῶσαι
1169 2744 1176 2750 ·
1193 2735 1208 2761 ὅ
1223 2737 1268 2762 καὶ
1283 2736 1362 2770 Σύροι
1397 2737 1433 2768 ὡς
1447 2737 1476 2763 ’ἐν
1495 2746 1522 2764 τι
1545 2737 1599 2764 τῶν
1612 2738 1718 2765 ἐκείνου
1743 2749 1832 2767 σπου-

1040 2781 1122 2808 δαίων
1137 2780 1300 2815 λογεζονται.
1326 2782 1408 2818 Ὀργῇ
1427 2783 1454 2809 δὲ
1473 2785 1508 2809 τὰ
1533 2784 1631 2818 πρῶτα
1656 2785 1831 2820 ἡττώμενος,

1042 2829 1072 2861 ἐξ
1088 2825 1117 2855 οὗ
1139 2828 1294 2862 φιλοσοφεῖν
1316 2829 1428 2863 ἤρξατο,
1445 2831 1577 2864 μηδαμῶς
1594 2831 1725 2866 θεαθῆναι
1749 2833 1834 2868 θυμῷ

1041 2875 1208 2910 κηλεὺμῖνίξ.
1221 2875 1274 2900 Καὶ
1291 2874 1321 2910 δή
1339 2876 1397 2902 ποτ’
1410 2877 1454 2903 ἐπὶ
1467 2877 1576 2908 πολλαῖς
1589 2878 1718 2914 ἡμέραις,
1732 2880 1831 2914 εἰωθὸς
