1904 3070
43 135 89 164 28')

520 133 824 165 ECCLESIASTlC/E
841 132 1037 166 HISTORIA;
1051 136 1125 167 LIB.
1148 136 1198 167 IX.

1621 137 1672 168 2%

43 191 78 218 δν,
89 190 244 225 νηστεύων,
264 191 325 220 ἐπεὶ
348 192 362 218 ὁ
388 191 595 226 διακονούμενος
623 191 662 226 τῷ
690 191 779 227 καιρῷ
804 193 834 218 τδ

897 191 1026 227 [comedo
1039 193 1149 220 tandem
1165 198 1264 221 terram
1276 201 1326 229 ego
1342 193 1464 226 intuear,
1493 199 1556 220 eum
1567 193 1673 227 aequius

43 238 102 270 ἱᾷον
121 238 291 272 προσέφερε,
311 238 360 272 τὴν
384 238 488 273 χύτραν
504 238 614 265 ἔκλατε.
636 238 688 264 Τὸν
705 238 728 264 δ’
744 238 834 264 ἰδόντα

44 282 107 307 αζδοί
131 282 181 308 καὶ
204 282 261 308 δέει
283 283 497 317 συνεσχημένον,
522 283 635 317 Θάρσει,
660 283 748 316 ἔλεγε,
774 283 835 310 Κᾶν

45 328 94 362 γὰρ
107 329 137 354 τὸ
149 328 218 362 ὄψον
229 329 300 364 πρὸς
311 330 387 364 ἡμᾶς
404 329 492 355 ἐλθεῖν
505 330 671 364 ἀπηξίωσεν,
682 329 739 356 ἀλλ’
754 330 835 364 ἡμεῖς

47 375 108 409 πρὸς
132 375 233 409 ἐκείνῳ
260 375 415 410 γενοίμεθα.
434 376 490 402 Καὶ
517 377 580 410 περῖ
606 376 640 403 τὰ
653 378 703 412 τῆς
729 375 835 410 χύτρας

47 420 200 454 καθεσθεὶς,
217 421 332 455 ἔφαγεν.
349 421 419 448 Ἀλλ’
435 421 510 452 ὅπως
524 421 569 447 καὶ
588 422 638 455 τῆς
656 421 738 455 κενῆς
756 420 835 454 δόξης

47 468 89 501 οὔχ
106 467 221 502 ἥττητο,
240 466 367 493 ἐντεῦθεν
393 467 559 502 φανήσεται.
586 467 754 499 Ἐπίσκοπος
771 467 836 500 μιᾶς

47 511 95 536 τῶν
121 510 230 537 πόλεων
254 510 415 545 ἐψηφίζετο.
437 511 515 537 Ἐπεὶ
540 511 562 537 δ’
589 508 659 546 ἦκον
674 511 698 537 οί
716 511 782 545 πρὸς
806 511 839 538 τὸ

49 559 210 591 γειροτονεῖν
239 557 452 592 συλληψόμενοι,
479 558 584 588 ἐκεῖνος
613 558 711 584 αὐτίκα
742 557 836 591 γνοὺς,

48 603 94 628 ἀνα
117 602 170 636 τὴν
197 602 303 637 ἀγορὰν
326 602 384 634 ίὼν,
403 599 448 629 οἷά
464 611 506 633 τις
525 603 693 637 παραπαίων
709 602 836 637 ἀσὲμπιως

48 648 120 683 διῄει,
137 648 280 683 αἰσχύνων
295 649 345 684 τὴν
364 648 466 683 ἐσθῆτα
480 647 519 682 τῷ
535 648 676 683 σύρεσθαι,
688 649 837 683 παρσρπά-

49 695 96 727 ζων
113 703 142 722 τε
158 695 217 721 τῶν
232 695 331 727 ὠνίων,
346 695 488 731 παρρησία
507 694 595 729 ἤσθιε.
613 695 714 730 Πόρῥω
727 693 748 719 '3'
762 692 833 721 εἶναι

48 740 120 771 δόξεις
147 740 272 774 φρενῶν,
291 740 383 775 διέδρα
406 740 457 774 τὴν
484 740 628 774 σᾶλληψιν,
659 741 706 767 καὶ
728 740 781 771 ἓως
806 736 837 766 οὗ

49 786 137 820 ἕτερος
162 787 216 820 τὴν
240 785 393 821 ἱερωσύνην
408 786 528 819 ἐδέξατο
547 786 737 821 κρυπτόμενος
757 787 839 812 διεδί-

49 833 172 866 δρασκεν.
195 832 285 859 Πολλὰ
300 832 328 859 δὲ
343 833 390 859 καὶ
404 832 472 859 ἄλλα
484 832 599 860 πλεῖστα
608 832 655 859 καὶ
676 833 757 866 λόγου
775 832 838 865 ἀξια

48 865 67 913 ἦν
84 887 112 904 τε
133 878 201 913 περὶ
217 879 301 905 αὐτδν
318 878 476 914 συγγραφὴ,
499 879 546 905 καὶ
569 879 594 905 οί
618 865 763 914 ἐπιχώριοι
789 879 838 905 καὶ
853 865 876 895 Β

54 925 199 960 Ῥωμαίων
220 926 268 952 καὶ
284 926 377 960 Σύρων
401 926 538 960 ίστοροῦσι
559 926 623 961 περὶ
637 926 734 957 αὐτοῦ,
749 925 768 953 ἃ.
782 927 839 958 τοῖς

51 972 223 1007 βουλομένοις
247 973 393 1008 πρόκειται
421 973 552 1007 ἐντυχεῖν.
585 972 656 1006 Ἐγὼ
677 972 716 1005 δὲ,
749 971 762 998 ὃ
791 973 840 999 καὶ

51 1017 119 1049 ἄξιον
131 1018 249 1052 μνῇμης
270 1016 341 1045 εἶναι
358 1017 515 1053 λογίζομαι,
531 1019 563 1054 τῇ
583 1019 730 1054 συγγραφῇ
749 1027 840 1054 παρα-

50 1063 133 1096 δώσω,
149 1064 167 1090 ὃ
181 1064 214 1098 δὴ
234 1063 310 1099 αὖτῷ
339 1065 407 1098 πρὸς
435 1066 467 1098 τῇ
494 1064 607 1099 τελευτῇ
625 1064 764 1098 γενομένῳ
791 1073 842 1090 κα-

51 1107 189 1146 τῴρθωτο.
217 1108 336 1142 Σφοδρδς
363 1107 441 1143 λιμὸς
471 1108 564 1135 ἐπόνει
591 1109 641 1143 τὴν
673 1108 841 1140 Ἐδεσσηνῶν

53 1153 138 1180 ετελιν⁸
163 1155 177 1180 ὁ
194 1153 218 1178 δ’
235 1154 266 1179 ἐν
285 1153 394 1185 πολλοῖς
411 1154 483 1181 ἐτεσι
507 1154 557 1189 τῆς
572 1154 661 1186 οίκίας
683 1155 721 1190 μὴ
742 1155 840 1189 προελ-

51 1197 185 1229 Odi-1.16:2
203 1198 235 1224 τὸ
249 1197 406 1233 φιλοσοφεῖν
423 1199 451 1224 ἐν
468 1198 588 1234 δευτέρῳ
604 1199 842 1234 θέμενο;,προῖὼν

51 1243 131 1274 πολὺς
152 1241 188 1278 ἦν
207 1243 372 1277 ἐγκείμενος
394 1245 450 1274 τοῖς
476 1245 638 1279 περιουσίαν
658 1244 776 1279 ἔχουσιν,
795 1244 842 1271 ἅτε

51 1290 80 1325 δὴ
95 1290 281 1324 φθειράμενον
302 1289 332 1315 τὸ
350 1289 487 1324 ὁμόφυλον
508 1290 547 1320 είς
568 1289 645 1316 οὐδὲν
664 1290 725 1316 δέον
751 1297 842 1324 περιο-

53 1336 116 1370 ρῶσι
132 1335 235 1363 σπάνει
251 1335 306 1362 τῶν
316 1335 485 1369 ἀναγκαίων,
503 1335 576 1370 διήλε
585 1336 629 1370 γχέ
643 1344 674 1362 τε
689 1335 726 1367 ὡς
741 1336 770 1361 ἐν
784 1335 845 1361 δευ-

52 1383 121 1418 τέρῳ
146 1383 312 1417 τιθεμένους
341 1382 391 1413 τὰς
409 1382 484 1416 σφῶν
500 1382 600 1417 ψυχὰς,
622 1381 651 1408 τὺ
674 1381 703 1408 δὲ
731 1382 844 1416 σύμπαν

51 1431 104 1461 τοῖς
129 1429 306 1464 σωματικοῖς
323 1428 533 1459 ἀναλίσκοντας.
555 1429 586 1454 Οἱ
603 1428 631 1454 δὲ
644 1428 675 1453 τὸ
693 1427 842 1462 φιλόσοφον

53 1476 209 1510 αἰδούμενοι
225 1476 273 1502 καὶ
287 1475 435 1510 ἀπέριττον
446 1475 492 1502 τοῦ
508 1474 616 1510 ἀνδρὸς,
633 1474 671 1509 μὴ
686 1474 757 1501 τοῦτ’
774 1472 846 1500 εἶναι

886 238 923 266 sit
937 244 963 267 te
980 246 1040 266 eam
1056 239 1209 273 respicere,
1223 239 1269 274 qui
1287 247 1320 266 ex
1333 246 1364 266 ea
1379 238 1509 266 conditus
1523 238 1572 269 sis.
1592 245 1672 271 quam

886 293 931 314 me
953 290 1043 313 ortum
1066 293 1100 313 ex
1123 290 1152 312 te
1175 286 1343 317 habentem,
1360 285 1530 319 proindeque
1555 288 1628 310 recte
1649 288 1674 309 Ie

885 332 1107 368 respectantem?
1126 331 1204 365 Quod
1216 331 1342 358 mulieris
1357 330 1475 357 verbum
1496 329 1542 355 ille
1557 327 1675 355 admira-

888 383 941 410 tus.
967 378 1069 406 deinde
1093 378 1197 413 scripto
1223 376 1375 405 mandavit.
1395 376 1484 410 Atque
1510 374 1537 402 id
1561 373 1621 408 Syri
1647 372 1674 398 iu

887 424 985 460 primis
1013 429 1167 452 memoratu
1196 424 1308 459 dignum
1333 430 1367 449 ex
1391 422 1469 448 illius
1501 420 1586 447 rebus
1613 425 1674 446 esse

887 474 1012 498 censent.
1028 469 1060 496 Et
1077 470 1196 504 primum
1209 468 1319 503 quidem
1332 468 1356 495 is
1369 474 1441 501 smpe
1456 467 1496 493 ira
1509 466 1599 492 victus
1611 467 1652 491 est
1666 472 1674 496 ;

887 521 1065 551 posteaquam
1085 520 1176 542 autem
1192 515 1350 542 monasticae
1367 511 1551 548 philosophiae
1564 510 1675 537 incaut-

886 562 953 590 bere
974 562 1069 596 coepit,
1095 568 1237 596 numquam
1261 564 1418 587 commotus
1440 565 1502 585 esse
1527 557 1602 583 visus
1619 558 1672 582 est.

886 608 975 643 Atque
991 606 1157 642 aliquando,
1175 613 1237 634 cum
1258 605 1317 633 dies
1335 604 1436 632 multos
1459 610 1510 637 pro
1527 603 1676 629 consuetu-

887 652 952 679 dine
966 660 1025 683 sua.
1038 651 1144 686 jejunio
1161 651 1352 684 transegisset,
1367 652 1395 676 et
1412 647 1539 674 minister
1553 649 1676 678 tempore

887 698 979 725 cibum
1006 697 1031 724 ci
1057 696 1178 728 ail‘errnt.
1205 695 1306 723 accidit
1322 699 1352 722 ut
1377 694 1401 721 is
1424 693 1506 720 ollam
1525 691 1675 724 frangeret.

889 743 1020 778 Ephraim
1036 751 1102 770 vero
1119 742 1226 777 pudore
1245 741 1323 777 juxta
1343 745 1371 768 et
1395 739 1494 766 timore
1512 741 1672 770 correptum

889 789 964 816 illum
979 789 1078 816 videns
1093 796 1101 814 τ
1122 788 1206 820 Bono.
1231 786 1332 821 inquit,
1349 789 1408 813 esto
1425 785 1530 811 animo.
1546 782 1675 816 Quando~

889 835 1001 870 quidem
1022 834 1096 861 enim
1112 833 1259 860 obsonium
1275 831 1307 859 ad
1326 839 1376 859 uos
1391 830 1487 857 venire
1504 829 1607 859 renuit,
1626 833 1678 853 nos

890 889 940 917 age
955 881 988 908 ad
1003 879 1029 907 id
1047 879 1212 907 accedamus
1225 887 1231 904 :
1246 882 1274 905 et
1289 878 1321 904 ad
1338 877 1400 904 ollae
1415 876 1567 910 fragmenta
1581 880 1679 900 conse—

891 929 960 955 dens
979 926 1111 954 comedit.
1129 924 1277 952 Enimvero
1299 927 1330 951 ut
1346 929 1415 949 vana
1431 922 1513 948 etiam
1530 919 1615 955 gloria
1631 926 1678 946 su-

891 973 983 1008 perior
1005 971 1104 1002 fuerit,
1127 969 1191 997 inde
1211 967 1316 1003 liquido
1338 966 1454 1002 patebit.
1478 963 1680 998 Designabatur

892 1018 953 1046 urbi
968 1017 1078 1045 cuidam
1094 1015 1252 1050 cpiscopus.
1265 1013 1357 1048 etiam
1374 1011 1421 1047 qui
1435 1018 1464 1039 se
1480 1010 1514 1037 ad
1527 1008 1680 1036 ordinatio-

891 1072 954 1092 nem
967 1061 1113 1090 abducturi
1131 1065 1212 1089 erant
1222 1079 1229 1092 .
1246 1058 1441 1087 adveniebant.
1459 1057 1498 1084 Ac
1513 1056 1572 1090 ipse
1586 1054 1679 1082 statim

891 1117 926 1137 eo
953 1108 1076 1143 cognito,
1104 1106 1132 1133 iu
1156 1106 1246 1133 forum
1272 1111 1451 1140 progressus.
1474 1101 1560 1129 veluti
1586 1103 1680 1127 mente

893 1161 989 1191 captus
1015 1154 1145 1181 indecore
1168 1151 1364 1187 gradiebalur.
1388 1158 1443 1177 non
1468 1148 1535 1175 satis
1561 1147 1679 1174 honeste

893 1207 999 1230 vestem
1014 1205 1074 1235 post
1090 1207 1119 1227 se
1135 1200 1260 1228 trahens.
1277 1203 1304 1225 et
1321 1205 1382 1232 quae
1398 1195 1502 1222 venalia
1520 1198 1601 1220 erant
1618 1200 1681 1219 sur-

895 1248 1015 1283 ripiens,
1033 1246 1230 1281 propalamque
1253 1243 1413 1271 comedens.
1439 1242 1483 1268 Sic
1509 1241 1553 1267 ille
1580 1238 1682 1266 mentis

896 1294 984 1328 impos
1001 1292 1196 1324 existimatus.
1210 1288 1488 1324 comprehensionem
1513 1285 1622 1320 eil‘ugit.
1647 1285 1679 1311 Et

897 1337 1031 1372 tantisper
1047 1335 1112 1363 dum
1131 1335 1201 1362 alius
1218 1334 1408 1369 episcopatum
1423 1331 1569 1366 reciperet.
1585 1329 1681 1356 occul-

897 1388 958 1411 tans
978 1390 1039 1410 sese
1058 1381 1148 1409 Ιιιιιιίι.
1166 1380 1290 1408 Plurima
1310 1386 1376 1406 sane
1399 1382 1428 1405 et
1451 1377 1504 1404 alia
1527 1378 1681 1402 memoratu

896 1429 989 1464 digna.
1006 1432 1034 1455 et
1053 1427 1101 1463 qui
1117 1427 1151 1454 de
1167 1434 1201 1454 eo
1218 1425 1393 1458 conscriptus
1412 1427 1454 1450 est
1473 1421 1556 1453 liber,
1572 1423 1600 1446 et
1616 1426 1681 1453 pro-

898 1475 1028 1504 vinciales
1042 1475 1112 1508 ejus.
1131 1473 1244 1501 Romani
1265 1471 1347 1500 simul
1363 1476 1390 1497 et
1403 1469 1483 1504 Syri.
1503 1469 1538 1494 de
1554 1475 1588 1494 eo
1607 1466 1682 1492 τοίω

54 1522 179 1557 σφοδρῶς
195 1521 361 1547 διετείνοντο
374 1528 382 1535 ⁵
402 1521 551 1556 πρόχειρον
573 1521 629 1555 γὰρ
651 1519 719 1546 εἶναι
735 1520 785 1551 τὰς
801 1520 845 1546 οὐ-

897 1526 977 1553 runt,
994 1528 1054 1556 qua:
1076 1519 1164 1547 cuivis
1187 1522 1353 1552 cognoscere
1375 1519 1419 1543 est
1443 1513 1573 1548 proclive.
1600 1510 1683 1546 71]..

56 1569 112 1600 σίας
138 1570 234 1602 νέμειν
253 1568 310 1598 τοῖς
337 1567 456 1594 ἐνδεέσιν
469 1575 478 1584 ο
501 1567 530 1593 ἐν
545 1567 651 1602 ἀπορίᾳ
666 1566 690 1593 δ’
714 1564 784 1593 εἶναι
805 1566 844 1598 ὼς

56 1614 143 1647 χρεὼν
157 1614 206 1640 τοῦ
221 1614 258 1640 τὰ
271 1613 383 1640 τοιαῦτα
396 1613 630 1649 διακονησαμένον
640 1622 646 1629 -
659 1612 763 1644 πάντες
778 1613 844 1648 γὰρ,

59 1660 160 1694 ελεγον,
178 1660 249 1694 πρὸς
274 1659 370 1693 κέρδος
396 1659 543 1694 κεχηνότες
566 1659 641 1691 εἰσὶ,
668 1658 703 1685 τὰ.
731 1657 846 1684 τοιαῦτα

60 1707 178 1742 αἰσχρῶς
207 1706 423 1742 καπηλεύοντες.
444 1706 474 1734 ’0
498 1706 522 1732 δ’
553 1705 684 1741 Ἐφραὶμ,
718 1705 789 1740 Ἐγὼ
817 1706 847 1733 δὲ

61 1756 132 1785 ποῖος
148 1753 206 1789 ἄρα
219 1754 284 1787 ὑμῖν
297 1751 368 1780 εἶναι
384 1752 474 1785 δοκῶ;
490 1752 551 1779 Τῶν
564 1753 587 1780 δ’
599 1752 745 1786 εἰπόντων,
757 1752 848 1784 Καλός

62 1808 88 1825 τε
111 1801 158 1826 καὶ
186 1799 309 1832 ἀγαθὸς,
333 1799 380 1825 καὶ
403 1799 525 1829 τοιοῦτος
547 1799 640 1826 ὁποῖον
660 1799 794 1834 ἁρμόζειν
811 1799 845 1834 τῇ

63 1847 124 1881 περὶ
149 1846 237 1872 αἱ)τοῦ
263 1845 344 1881 δέξῃ·
360 1845 476 1878 Οὐκοῦν,
494 1845 558 1880 ἐφη,
576 1845 640 1880 ὑμῖν
666 1845 722 1879 ἐγὼ
737 1845 848 1881 ἐτοιμρς

65 1893 198 1923 πᾶσιτοῖς
227 1891 361 1922 τοιούτοις
390 1891 540 1924 διακονετῃ
569 1891 624 1917 Καὶ
651 1890 684 1926 δὴ
715 1890 847 1926 ἀποχρῶν

66 1940 193 1974 ἀργύριον
228 1939 258 1970 ἐξ
283 1938 396 1965 ἐκείνων
430 1937 537 1971 λαϐὼν,
564 1938 725 1974 τριακοσίας
754 1938 849 1969 κλίνας

67 1987 192 2021 ἐπρίατο·
211 1987 259 2012 καὶ
280 1986 309 2012 ἐν
330 1987 386 2018 τοῖς
403 1986 545 2021 δημοσίοις
565 1985 690 2021 ἐμϐόλοις
715 1985 778 2017 τοὺς
800 1985 849 2012 τοῦ

67 2033 141 2067 λιμοῦ
158 2034 336 2068 τραυματίας
356 2033 458 2066 λαϐὼν,
476 2034 567 2060 πᾶσαν
590 2033 739 2068 θεραπείαν
762 2040 850 2068 προσ-

66 2079 113 2113 ῆγε
123 2088 130 2094 ·
157 2079 251 2112 ξένους
269 2079 292 2106 δ’
308 2080 355 2105 ἐπὶ
369 2079 472 2110 τούτοις
489 2079 535 2105 καὶ
550 2078 639 2110 ἄλλως
653 2077 743 2113 ἐνδείᾳ
758 2077 852 2108 mato—

69 2127 160 2160 μένους
183 2126 280 2158 δεξιῶς
306 2125 466 2159 ἐπεμέλετο.
482 2125 535 2151 Καὶ
560 2124 632 2150 τοῦτ’
648 2124 784 2159 ἔπραττεν
799 2123 851 2153 ἕως

67 2174 110 2198 καὶ
134 2172 173 2206 τῷ
200 2170 277 2206 λιμῷ
303 2171 504 2206 ἐμιριλοχωρεῖν
530 2168 574 2206 ἦν.
595 2170 673 2197 Ἐπεὶ
698 2170 721 2196 δ’
747 2170 852 2200 ἐκεῖνος

67 2219 169 2253 ἔληγεν,
187 2219 229 2249 εἰς
249 2217 281 2243 τὸ
295 2217 344 2251 τῆς
361 2216 523 2251 φιλοσοφίας
536 2216 720 2252 ἐργαστήριον
734 2215 854 2250 ἐπανῆλ-

68 2265 110 2290 ϐεν
123 2273 128 2279 ·
143 2264 209 2291 ἔνθα
228 2263 324 2296 ὀλίγας
338 2263 445 2298 ἡμέρας
459 2262 583 2291 ἐπιϐιοὺς
601 2261 741 2292 ἐτελεύτα,
758 2261 856 2296 κληρι-

68 2310 112 2336 κοῦ
126 2309 269 2340 διακονίας
290 2310 320 2334 ἐν
343 2309 376 2343 τῇ
394 2308 529 2343 ἐκκλησίᾳ
547 2307 686 2339 ἀξιωθείς.
709 2307 754 2332 Ἐν
773 2306 801 2333 δὲ
820 2307 853 2341 τῇ

68 2357 135 2383 κατὰ
152 2354 292 2390 μοναχοὺς
317 2354 414 2389 ἀγωγῇ
436 2353 580 2388 διαϐόητος
606 2352 742 2387 γεγονὼς,
757 2353 856 2386 ἐπίσης

68 2403 119 2428 τῶν
146 2403 175 2429 ἐν
203 2400 340 2435 ἱερωσύνῃ
366 2400 413 2426 καὶ
440 2399 592 2431 παιδεύσει,
609 2397 715 2432 ἀγαθοῦ
742 2406 773 2424 τε
796 2397 855 2432 βίου

68 2445 305 2481 διατεθρύλληται.
337 2442 420 2469 Ταῦτ’
447 2443 525 2476 ὀλίγα
547 2443 579 2469 ἐκ
601 2441 708 2468 πολλῶν
737 2442 791 2468 τῶν
816 2441 856 2475 τῷ

75 2493 193 2527 Ἐφραὶμ
219 2490 447 2526 κατωρθωμένων
472 2489 590 2524 ἐρρήθη.
614 2489 708 2515 Πάντα
736 2488 791 2523 γὰρ
822 2488 856 2514 τὰ

72 2539 176 2564 ἐκείνου
203 2538 274 2572 πρὸς
302 2536 382 2569 ἀξίαν
403 2535 531 2568 διελθεῖν,
551 2535 583 2561 οὐ
607 2536 661 2570 μὴν
681 2535 710 2561 δέ
725 2534 793 2560 ἀλλὰ
809 2534 857 2560 καὶ

72 2585 122 2611 τῶν
136 2586 227 2612 ἄλλων
243 2583 298 2609 τῶν
313 2582 441 2617 τηνικάδε
457 2581 712 2617 φιλοσοφησάντων,
730 2581 805 2610 ὅπως
825 2589 855 2606 τε

72 2629 134 2655 ἐϐίω
158 2629 206 2655 καὶ
227 2628 274 2663 οτι.
299 2627 424 2663 πολιτείᾳ
451 2627 589 2662 ἐχρήσατο
612 2626 738 2657 ἕκαστος,
762 2625 855 2658 δεήσει

74 2676 254 2711 συγγραφέως
270 2671 325 2705 οἷος
339 2671 373 2709 ἦν
387 2673 467 2704 αὑτός
480 2680 487 2688 ·
507 2673 574 2707 ἡμῖν
587 2672 616 2699 δέ
632 2673 808 2699 παντάπασιν
826 2672 855 2697 ἐν

73 2721 204 2756 ἀμηχάνῳ
233 2719 295 2746 ἐστὶ
323 2719 362 2754 τῷ
387 2718 525 2754 ἀνισχύρῳ
546 2718 601 2745 τῶν
626 2717 723 2751 λόγων,
750 2717 797 2744 καὶ
821 2719 854 2752 τῇ

74 2767 168 2803 ἀγνοίᾳ
192 2767 249 2793 τῶν
276 2765 399 2801 ἀκριϐῶς
426 2765 540 2795 ἐκείνοις
564 2763 778 2798 πεπραγμένων.
801 2763 856 2789 Καὶ

73 2815 123 2849 γὰρ
148 2814 177 2840 ἐν
196 2814 330 2849 ἐρημίαις
354 2813 440 2845 ὄντες,
470 2811 505 2838 τὰ
530 2811 643 2837 πλεῖστα
668 2809 814 2836 ἐλάνθανον
830 2810 855 2836 οἱ

76 2859 172 2888 πολλοί.
191 2860 223 2888 El
247 2859 276 2887 δέ
303 2867 377 2891 τινες
404 2858 451 2886 καὶ
475 2858 504 2885 ἐν
523 2857 618 2885 πόλεσι
642 2857 690 2889 τὰς
716 2855 856 2890 διατριϐὰς

898 1568 989 1596 Unum
1005 1566 1072 1594 illud
1088 1573 1154 1593 sane
1167 1572 1250 1600 quam
1267 1561 1459 1592 memorabile.
1478 1559 1603 1586 historiae
1619 1557 1684 1584 huic

900 1614 1022 1641 inserere
1035 1612 1122 1639 visum
1136 1617 1189 1643 est,
1207 1609 1279 1645 quod
1296 1608 1330 1635 ab
1343 1615 1377 1635 eo
1391 1607 1473 1642 paulo
1488 1610 1552 1632 ante
1565 1609 1682 1630 mortem

899 1665 941 1688 est
962 1662 1080 1694 gestum.
1110 1657 1207 1684 Fames
1233 1656 1329 1690 ingens
1355 1654 1557 1681 Edessenorum
1586 1649 1682 1675 urbem

902 1706 1068 1741 premebat:
1094 1708 1176 1738 atque
1203 1702 1280 1736 ipse.
1310 1700 1358 1735 qui
1385 1699 1488 1726 multos
1518 1701 1604 1722 annos
1629 1700 1685 1720 non

901 1739 993 1780 fuerat
1004 1751 1085 1779 domo
1101 1756 1272 1785 progressus.
1292 1752 1348 1774 tum
1365 1741 1580 1780 philosophandi
1593 1739 1685 1768 studio

901 1797 1072 1832 aliquantqu
1095 1794 1274 1825 intermisso,
1301 1791 1424 1827 prodiit:
1451 1794 1478 1816 οι
1503 1789 1530 1815 in
1559 1786 1687 1814 homines

902 1842 1055 1877 locupletes
1066 1861 1073 1874 ,
1096 1841 1142 1875 qui
1165 1840 1205 1867 sic
1222 1839 1341 1872 turpiter
1356 1843 1448 1863 rerum
1465 1832 1686 1860 necessariarum

903 1876 1011 1923 inopia.
1034 1887 1108 1914 cives
1124 1892 1190 1913 suos
1207 1885 1356 1918 pereuntes
1375 1879 1564 1914 despicerent,
1584 1876 1687 1902 acriter

903 1938 946 1962 est
966 1934 1103 1964 invectus.
1127 1936 1246 1964 arguens
1267 1935 1333 1958 eos,
1354 1925 1427 1960 quod
1451 1923 1605 1949 animarum
1621 1927 1686 1946 cura

902 1979 1038 2014 neglecta.
1054 1976 1176 2005 studium
1192 1981 1274 2001 omne
1289 1973 1318 1999 in
1335 1977 1450 2005 corpore
1466 1967 1584 1995 fovendo
1599 1964 1687 1991 collo-

904 2009 1009 2054 carent.
1024 2009 1064 2051 Illi
1077 2027 1170 2050 autem
1185 2019 1371 2054 integritatem
1385 2020 1414 2043 et
1427 2016 1617 2050 paupertatem
1634 2009 1687 2036 viri

904 2073 1083 2100 observanter
1098 2067 1189 2099 veriti.
1204 2066 1317 2093 minime
1332 2063 1359 2090 id
1373 2064 1414 2091 sic
1427 2069 1488 2089 esse
1505 2058 1687 2086 allirmaruut;

905 2118 985 2146 facile
1003 2115 1077 2144 enim
1101 2119 1128 2142 ct
1150 2116 1307 2149 promptum
1331 2111 1372 2138 eis
1394 2115 1476 2139 esse,
1500 2103 1688 2140 indigentibus

906 2164 1050 2192 facultates
1069 2160 1258 2188 distribuere:
1281 2156 1385 2183 deesse-
1401 2154 1497 2181 saltem
1509 2171 1516 2183 ,
1542 2149 1588 2184 qui
1606 2149 1633 2175 in
1654 2155 1687 2174 co

870 2218 892 2245 ο
908 2208 1075 2240 ministerio,
1093 2213 1142 2241 pro
1155 2213 1188 2232 co
1204 2209 1286 2238 atque
1304 2202 1428 2232 deceret.
1445 2199 1553 2225 lichem
1572 2203 1601 2222 se
1618 2202 1689 2229 pra:-

908 2256 1003 2285 heret.
1020 2240 1172 2287 omnesque
1194 2251 1272 2277 lucro
1294 2247 1418 2278 inhiare.
1442 2250 1469 2272 et
1488 2243 1552 2270 talia
1573 2241 1645 2268 foede
1662 2240 1690 2266 in

907 2304 1042 2336 quaestum
1066 2286 1147 2325 suum
1170 2300 1297 2325 vertere,
1314 2293 1419 2320 dixere.
1442 2289 1511 2316 Tum
1538 2286 1689 2320 Epitra‘m:

908 2349 963 2384 Ego
977 2354 1055 2379 vero,
1069 2345 1171 2380 inquit,
1187 2343 1277 2378 qualis
1292 2340 1369 2367 vobis
1380 2344 1440 2364 esse
1452 2333 1568 2362 videor?
1585 2332 1617 2358 lit
1632 2332 1689 2357 illi:

907 2394 1044 2422 llonestus
1059 2397 1142 2426 atque
1167 2391 1266 2420 bonus.
1285 2383 1453 2420 respondere
1468 2389 1475 2407 :
1492 2385 1521 2406 et
1536 2378 1596 2404 talis
1613 2384 1691 2411 pror-

907 2446 970 2471 sus.
991 2437 1038 2472 qui
1052 2423 1176 2470 opinioni
1193 2441 1254 2468 quae
1272 2431 1307 2460 de
1325 2437 1357 2458 eo
1373 2427 1479 2457 fertur,
1500 2425 1553 2450 vita
1572 2423 1630 2456 ipsa
1647 2429 1692 2446 rc-

907 2467 1050 2519 spoudeat.
1065 2467 1172 2515 itaque.
1185 2467 1231 2506 ille
1246 2478 1293 2508 ait.
1309 2478 1419 2510 paratus
1434 2478 1494 2498 sum
1510 2470 1537 2496 iu
1554 2467 1690 2503 ejusmodi

907 2515 1036 2558 omnibus
1050 2527 1167 2563 negotiis
1178 2523 1322 2553 inservire.
1337 2520 1370 2547 Et
1381 2518 1467 2545 multo
1480 2516 1513 2542 ab
1525 2515 1566 2542 eis
1578 2517 1689 2546 sumptu

906 2580 1021 2612 argento
1041 2560 1180 2602 trecentos
1206 2569 1313 2606 paravit
1335 2567 1444 2594 lectos:
1467 2567 1495 2591 et
1520 2562 1548 2589 in
1570 2560 1690 2595 publicis

908 2622 1063 2658 porticibus
1079 2627 1127 2647 eos
1141 2619 1187 2654 qui
1206 2618 1278 2644 fame
1299 2612 1416 2642 confecti
1440 2613 1531 2641 erant,
1550 2612 1692 2640 acceptos,

908 2657 1056 2703 diligenter
1073 2670 1101 2693 et
1126 2666 1245 2699 benigne
1270 2660 1359 2689 fovit:
1382 2658 1502 2685 advenas
1523 2659 1645 2689 quoque.
1664 2657 1692 2678 et

909 2714 978 2741 alios
996 2713 1043 2747 qui
1066 2713 1158 2746 inopia
1183 2709 1379 2744 adligerenlur.
1399 2703 1555 2731 humaniter
1572 2699 1689 2727 curavit.

909 2760 993 2795 quue
1013 2759 1146 2793 tantisper
1162 2756 1227 2783 fecit
1239 2774 1246 2788 .
1262 2755 1326 2782 dum
1344 2752 1429 2779 fames
1443 2749 1480 2777 ibi
1498 2753 1541 2776 est
1554 2749 1688 2782 grassata.

907 2791 1022 2834 Ea-vero
1036 2791 1160 2839 depulsa.
1175 2803 1233 2837 ipse
1245 2800 1279 2827 ad
1292 2796 1472 2834 philosophiae
1486 2801 1542 2821 sua:
1554 2791 1690 2820 ollicinam

909 2860 1046 2885 reversus,
1068 2838 1105 2878 ibi
1122 2855 1223 2894 patruos
1240 2850 1299 2883 post
1315 2845 1373 2872 "ics
1394 2843 1448 2870 vita
1470 2845 1510 2868 cst
1529 2838 1689 2867 defunctus.
