1904 3070
214 136 266 167 287

822 133 1035 164 NlCEPHOllI
1056 132 1231 163 CALLIS’I‘I

1791 129 1846 160 9.88

215 190 245 216 in
282 187 402 216 Ecclesia
439 187 533 214 clerici
571 185 756 214 ministerium
786 186 917 219 sumpsit.
944 185 1003 213 Vita

1075 185 1210 216 ποιοῦντο,
1230 184 1299 211 ἀλλά
1317 193 1348 218 γε
1363 184 1402 220 τῷ
1419 182 1467 210 τοῦ
1483 182 1648 218 φαινομένου
1664 181 1781 212 εὐτελεῖ,
1800 182 1846 207 καὶ

214 237 306 260 autem
323 233 474 260 monastiea
491 232 668 266 percelcbris,
684 239 717 259 ex
732 238 813 266 aequo
825 239 888 258 cum
906 232 940 258 iis
954 231 1003 265 qui

214 279 385 312 episcopatu.
402 278 543 310 doctrina,
561 282 589 304 et
605 277 665 304 vita:
681 277 830 304 sanctitate
846 277 912 304 clari
929 282 1003 310 sunt,

215 323 353 350 laudatur.
371 323 432 352 llaec
453 330 539 356 pauca
560 330 593 350 ex
616 322 725 354 multis,
741 329 802 357 quas
816 322 850 349 ab
873 322 1003 357 Ephraim

216 373 291 396 recte
306 369 406 403 pieque
422 369 494 396 facta
507 373 584 399 sunt.
598 368 728 396 diximus.
746 368 799 395 Res
812 375 929 402 namque
942 368 1002 403 ejus

214 422 309 442 onntcs
323 415 345 442 si
365 423 414 449 pro
429 415 566 450 dignitate
583 423 678 443 earum
698 422 836 449 exponere
854 422 904 440 nos
919 421 1002 448 opor-

216 465 297 493 teret,
313 465 361 488 aut
376 461 460 489 etiam
480 462 600 489 aliorum
616 462 663 496 qui
680 466 738 488 tum
755 460 782 487 in
798 460 895 487 eodem
911 460 1002 494 philo-

214 506 348 541 sophandi
374 515 477 542 genere
504 507 704 539 elaborarunt.
729 506 870 541 quomodo
896 505 1001 532 scilicet

213 559 309 580 eorum
325 554 444 587 quisque
462 554 573 585 vixerit,
596 558 624 580 et
639 552 713 587 quali
741 559 850 579 morum
874 551 1001 578 instituto

1054 232 1094 266 τῷ
1109 232 1191 267 μηδὲν
1206 232 1349 265 διαφέρειν
1363 231 1418 257 τῶν
1433 230 1540 257 πολλῶν
1555 229 1646 256 δοκεῖν
1656 249 1663 260 ,
1678 229 1845 259 κλέπτοντες

1053 277 1123 312 ἦσαν
1142 280 1191 311 τὴν
1212 278 1355 312 ἐργασίαν,
1374 277 1419 304 τὸν
1433 277 1462 310 ἐξ
1481 276 1637 311 ἀνθρώπων
1657 275 1770 301 ἔπαινον
1783 274 1847 300 διω-

1054 323 1194 359 θούμενοι.
1222 325 1276 351 Τὸν
1296 323 1350 358 γὰρ
1371 323 1438 350 Θεὸν
1465 323 1545 357 μόνον
1569 321 1696 357 μάρτυρα
1720 320 1777 346 τῶν
1799 328 1848 345 πε-

1054 370 1223 404 πραγμένων
1252 369 1429 405 ποιούμενοι,
1459 369 1560 400 ἥκιστα
1586 368 1635 402 τῆς
1667 365 1846 401 ἀνθρωπίνης

1054 415 1134 448 δόξης
1157 415 1360 442 ἀντεποιοῦντο.
1378 414 1446 449 Περὶ
1475 414 1526 448 μιν
1553 411 1602 439 οὖν
1625 411 1731 447 ἀνδρῶν
1750 411 1775 436 οἳ
1799 410 1848 436 επὶ

1054 461 1105 495 τῆς
1125 461 1267 496 παρούσης
1294 460 1444 496 ἡγεμονίας
1468 458 1679 494 φιλοσοφοῦντες
1700 455 1783 493 ἦσαν,
1799 456 1848 483 καὶ

1055 507 1125 533 κατὰ
1141 507 1241 541 νόμους
1262 506 1428 540 Ἐκκλησίας
1446 505 1647 540 ἠκριϐωμένως
1670 504 1723 531 ἁνά
1746 504 1802 530 πᾶν
1816 502 1848 528 τὸ

1054 552 1176 586 ὑπήκοον
1189 552 1389 582 ἐπολιτεύοντο,
1407 551 1470 578 τάδε
1485 551 1583 584 ἔγνων.

215 606 282 625 usus
301 600 354 630 sit.
376 600 465 634 qualis
489 600 546 635 ipse
570 599 638 631 fuit,
661 599 798 633 scriptore
821 603 896 626 esset
919 605 1000 632 opus.
1021 597 1044 625 Δ
1078 598 1158 626 nobis
1172 603 1247 626 certe
1264 598 1376 632 quidem
1410 597 1437 625 id
1454 597 1576 633 praestari
1593 597 1706 624 omnino
1720 603 1775 622 non
1791 602 1841 628 po-

216 651 278 679 test,
293 654 355 674 cum
371 651 484 681 propter
494 646 627 673 orationis
638 650 665 672 et
677 645 738 680 styli
756 646 928 676 tenuitatem.
943 649 1000 672 tum
1021 644 1095 679 quod
1111 652 1158 672 res
1190 652 1287 671 eorum
1301 644 1454 672 rectissime
1464 648 1555 678 gestas
1570 643 1739 677 ignoramus.
1775 639 1844 667 Nam

214 695 326 721 illorum
342 693 421 720 multi
437 692 465 720 in
479 692 546 720 solis
561 692 694 727 degentes
709 693 789 724 locis,
807 696 837 719 ut
853 691 1003 726 plurimum
1023 691 1139 718 latuere.
1171 691 1249 723 Quod
1265 691 1287 718 si
1305 689 1429 717 nonnulli
1445 690 1472 716 in
1503 689 1620 716 urbibus
1634 687 1775 714 domicilia
1790 695 1840 714 sua

214 740 353 771 habuere,
371 739 444 773 quod
463 739 532 765 vilcs
554 745 615 765 esse
631 741 813 772 apparerent.
834 741 863 764 et
899 736 968 763 nihil
1002 735 1037 763 ab
1057 736 1118 763 aliis
1144 735 1256 762 ditierre
1280 734 1452 766 viderentur,
1476 733 1604 761 consulto
1626 733 1750 760 actiones
1774 738 1839 758 snas

212 785 353 812 celarunt.
373 783 454 819 715
470 784 537 811 Nam
555 783 673 810 humana
691 783 772 810 laude
805 783 961 817 repudiata,
995 782 1110 816 soloque
1143 782 1196 808 Deo
1208 786 1331 808 actorum
1353 788 1466 808 suorum
1483 784 1551 807 teste
1565 778 1709 810 advocato,
1726 778 1842 804 minime

213 832 249 858 ab
269 830 430 856 hominibus
445 831 563 864 gloriam
583 835 647 856 sunt
665 828 806 864 aucupati.
824 829 913 863 Atque
929 828 1059 862 equidem
1092 828 1126 855 dc
1161 828 1228 855 viris
1259 828 1306 863 qui
1322 826 1432 862 imperii
1450 827 1510 861 ejus
1522 830 1646 859 tempore
1661 825 1843 852 monasticam

217 876 428 910 philoswhiam
449 880 515 902 sunt
540 875 649 907 sectati,
666 880 695 902 ct
716 875 867 901 secundum
892 874 1022 907 Ecclesia:
1043 874 1117 909 leges
1152 874 1273 908 perfecte
1293 878 1321 901 et
1339 875 1435 900 exacte
1450 871 1478 898 itt
1495 871 1635 906 plerisque
1657 870 1774 898 Romani
1793 870 1845 897 im-

215 921 283 954 perii
301 920 368 947 locis
385 924 442 947 tum
460 921 544 947 vitam
561 927 689 954 exegere,
706 919 765 947 hate
781 919 849 947 mihi
864 925 1006 954 comperta
1023 923 1099 946 sunt.

503 986 617 1014 CAPUT
639 986 723 1014 XVII.

267 1044 307 1071 De
333 1044 466 1079 Didymo;
489 1043 550 1070 item
581 1044 612 1070 de
638 1044 712 1070 Aetia
739 1048 762 1071 et
788 1043 950 1078 Apollinari,

543 1079 685 1106 luereticis.

251 1137 436 1170 Tetnporibus
457 1140 548 1162 autem
566 1136 607 1162 cis
627 1135 719 1163 clarus
738 1135 821 1162 etiam
843 1135 896 1162 fuit
914 1135 1002 1162 ecule-

214 1183 343 1211 siasticus
355 1183 477 1216 scriptor
492 1182 633 1222 Didymus,
646 1182 747 1209 scholze
762 1189 906 1209 sacrarum
922 1182 1003 1209 disci-

215 1230 351 1265 plinarum
368 1228 542 1255 Alexandriae
564 1227 723 1263 prmioctus.
741 1228 837 1263 Neque
860 1235 927 1255 vero
942 1228 1003 1254 lau-

214 1277 276 1303 dem
288 1276 315 1303 in
327 1283 358 1303 ea
371 1275 530 1302 eruditione
546 1279 651 1301 tantum
664 1274 782 1301 meritus
797 1275 897 1305 fuerat.
907 1281 1002 1301 verum

212 1324 295 1350 etiam
311 1330 393 1350 omne
409 1330 496 1357 genus
509 1322 625 1349 alterius
640 1322 782 1357 sapientiae
797 1329 906 1349 summo
920 1328 1004 1348 exco-

215 1371 303 1396 lucrat
331 1369 436 1396 studio.
468 1368 608 1395 Poeticam
642 1375 762 1401 namque
795 1372 824 1394 et
853 1367 1003 1394 oratoriam

214 1412 413 1447 perfectiSsime
435 1412 593 1444 didicerat;
616 1412 650 1439 de
672 1412 841 1439 astronomia
864 1417 956 1438 autem
976 1416 1004 1439 et

214 1459 377 1494 geometria,
397 1465 635 1492 numerorumque
652 1457 879 1492 proportionibus
895 1463 924 1484 et
938 1465 1005 1485 con-

214 1503 363 1531 vcnientiis
386 1503 455 1530 nihil
472 1511 535 1531 eum
560 1503 676 1530 latebat.
697 1503 725 1530 ln
745 1503 867 1530 diversas
881 1503 1003 1538 philoso-

215 1551 334 1584 phorum
352 1549 499 1584 opiniones
520 1554 595 1577 tanta
615 1549 790 1582 incubuerat,
805 1553 835 1576 ut
848 1557 895 1577 eas
909 1555 1004 1578 exacte

216 1594 399 1630 perdisceret,
423 1602 502 1627 cura,
529 1600 559 1622 ut
583 1599 715 1629 pra-terea
738 1595 813 1622 aliud
838 1595 908 1622 nihil
933 1595 1005 1624 scire

213 1641 357 1669 videretur
383 1650 390 1668 :
413 1649 476 1676 quae
498 1648 564 1668 sane
590 1641 682 1668 omnia
700 1641 828 1668 acumine
851 1641 952 1670 mentis
977 1646 1005 1669 et

213 1687 368 1714 auditionis
388 1690 562 1722 perceperat.
582 1685 609 1712 lu
628 1687 746 1720 pueritia
771 1694 890 1722 namque
913 1686 1002 1714 visum

215 1741 330 1769 prorsus
353 1733 457 1766 amisit,
476 1740 538 1760 cum
560 1733 697 1759 elementa
720 1734 808 1767 prima
831 1733 961 1760 discenda
977 1734 1003 1761 ei

214 1784 319 1807 essent.
340 1779 471 1814 Ephebus
490 1786 555 1805 vero
574 1779 675 1805 artium
697 1778 852 1806 liberalium
870 1779 1005 1806 eruditio-

215 1833 279 1852 ncnt
296 1825 444 1856 adamavit,
469 1829 551 1859 atque
573 1824 601 1851 in
630 1824 734 1852 scholis
753 1829 938 1859 praeceptores
957 1832 1006 1852 au-

214 1871 307 1898 diebat
327 1875 444 1897 tantum.
465 1870 504 1897 Eo
521 1877 587 1897 vero
603 1871 745 1905 sapientia:
771 1870 849 1898 brevi
879 1870 1006 1906 pervenit

213 1917 395 1952 amplitudine
416 1922 444 1943 et
458 1916 600 1944 Celeritate
616 1917 732 1951 ingenii,
746 1921 776 1944 ut
795 1916 1006 1945 mathematica-

215 1973 276 1992 rnm
293 1965 392 1992 artium
413 1964 544 1996 obscura,
570 1969 598 1991 et
624 1963 824 1991 theorematum
841 1964 1006 1998 speculatio-

214 2019 334 2046 numque
342 2018 439 2038 arcana
448 2011 621 2039 exactissime
629 2010 839 2038 addidicerit.Et
846 2018 909 2038 cum
917 2017 1005 2038 caecus

214 2062 298 2090 esset,
318 2058 470 2084 litterarum
491 2058 616 2085 notitiam
636 2065 767 2085 manuum
786 2059 1005 2086 contrectatione

215 2109 357 2131 assecutus
365 2111 425 2130 esse
437 2103 540 2131 dicitur
551 2112 560 2129 :
571 2111 634 2130 nam
641 2111 736 2130 earum
753 2104 856 2130 formas
867 2103 895 2130 in
913 2104 1004 2131 tabula

216 2151 301 2176 altius
316 2149 487 2182 exsculptas.
503 2149 606 2184 sepius
629 2149 767 2184 tangendo
791 2151 929 2185 cognovit.
945 2151 1005 2178 Alia

218 2202 313 2228 porro,
331 2198 360 2220 ut
381 2194 512 2229 syllabas,
532 2195 744 2230 litterarumque
759 2195 960 2227 connexiones,
977 2200 1006 2224 et

217 2249 278 2275 quae
297 2240 394 2268 ordine
415 2245 625 2275 consequuntur
640 2246 752 2274 uetera,
770 2245 883 2277 propter
899 2247 1006 2270 natura:

218 2295 346 2320 acumen,
375 2286 468 2314 animo
489 2290 517 2313 et
542 2286 637 2313 auditu
662 2287 842 2323 pervestigata
869 2289 1001 2324 percepit.

1357 986 1480 1014 ΚΕΦΑΛ.
1502 987 1552 1013 ην.

1053 1042 1123 1076 Περὶ
1141 1042 1282 1077 Διδὺμου,
1315 1042 1424 1069 Ἀετίου
1453 1043 1503 1077 κᾳὶ
1538 1035 1766 1075 Ἁπολλιναρίοι·
1790 1041 1850 1069 τῶν

1361 1076 1527 1110 αΙρετικῶν.

1090 1135 1202 1168 Καιροῖς
1217 1133 1239 1159 δ’
1251 1133 1365 1164 ἐκείνοις
1379 1132 1426 1160 καὶ
1440 1134 1454 1159 ὁ
1472 1132 1702 1168 ὲκκλησιπστικὸς
1720 1142 1848 1168 συγγρα-

1054 1180 1121 1214 φεὺς
1138 1180 1253 1214 Δίδυμος
1269 1179 1443 1214 ὲγνωρίζετο,
1462 1179 1512 1212 τῆς
1533 1180 1561 1206 ἐν
1585 1179 1777 1215 ’Λλεξανδρειᾳ
1791 1181 1850 1208 διας

1053 1226 1148 1261 τριϐῆς
1168 1227 1368 1260 προϊστάμενος
1380 1225 1434 1252 τῶν
1451 1226 1532 1261 ἱερῶν
1552 1226 1736 1262 μαθημάτων.
1753 1224 1809 1253 Ἦν
1820 1227 1849 1254 δὲ

1053 1272 1083 1298 οὺ
1098 1271 1177 1306 μόνον
1188 1272 1217 1297 ἐν
1231 1272 1321 1306 τούτῳ
1334 1271 1483 1305 τὸδόκιμος
1492 1269 1564 1298 εἶναι
1575 1272 1768 1307 κτησάμενος,
1781 1273 1850 1300 ἀλλὰ

1054 1319 1101 1344 καὶ
1116 1317 1167 1348 τῆς
1180 1317 1265 1353 ἄλλης
1276 1317 1453 1352 παντοδαπῆς
1469 1318 1566 1352 σοφίας
1583 1319 1627 1346 ἐπ’
1637 1319 1753 1354 ἀκρισὲς
1767 1319 1849 1355 ἔχων.

1055 1365 1124 1398 Τοῦς
1136 1374 1165 1392 τε
1182 1366 1233 1400 γὰρ
1250 1366 1366 1401 ποιητὰς
1379 1367 1426 1392 καὶ
1443 1367 1561 1402 ῥήτορας
1578 1367 1619 1398 είς
1633 1367 1718 1402 ἄκρον
1732 1368 1851 1402 ἤσκητο·

1055 1413 1238 1447 ἀστρονομίας
1245 1413 1280 1443 ,δὲ
1295 1413 1343 1439 καὶ
1358 1414 1530 1448 γεωμετρίας
1548 1413 1596 1440 καὶ
1609 1413 1738 1448 ἀριθμῶν
1752 1413 1852 1441 ἀναλο-

1056 1459 1118 1494 γίας
1129 1459 1206 1486 οὐδὲν
1223 1459 1320 1495 ἐκείνῳ
1341 1461 1456 1495 παρεῖτο
1470 1459 1562 1486 λαοόν.
1589 1460 1651 1486 Ἐπὶ
1663 1460 1743 1487 τόσον
1760 1461 1789 1487 δὲ
1800 1461 1851 1493 τὰς

1056 1505 1201 1541 διαφόρους
1217 1505 1295 1538 δόξας
1312 1505 1367 1532 τῶν
1381 1506 1534 1540 φιλοσόφων
1546 1505 1715 1540 ἠκρίϐωσεν,
1729 1505 1767 1536 ὡς
1785 1506 1852 1534 ἄλλο

1057 1550 1140 1586 μηδὲν
1161 1550 1262 1577 ειδέναι
1282 1551 1389 1577 δοκεῐνυ
1412 1550 1430 1577 ἃ
1444 1550 1476 1585 δὴ
1492 1551 1581 1577 πάντα
1606 1550 1644 1584 νῷ
1670 1559 1700 1576 τε
1715 1551 1764 1578 καὶ
1779 1551 1850 1586 ἀκοῇ

1056 1597 1274 1632 προσεκτήσατο.
1291 1597 1396 1631 Νήπιος
1412 1597 1467 1632 γὰρ
1486 1597 1601 1630 πάμπαν
1617 1596 1718 1630 τυφλὸς
1733 1597 1854 1632 γενόμε-

1056 1651 1116 1674 νος,
1132 1643 1172 1673 εις
1197 1643 1296 1677 πεῖραν
1325 1642 1411 1676 μόνην
1437 1642 1492 1668 τῶν
1516 1641 1660 1676 στοιχείων
1681 1641 1783 1669 ἐλθεῖν.
1804 1642 1852 1673 Εἰς

1055 1687 1176 1722 ἐφήϐους
1194 1687 1223 1714 δὲ
1249 1688 1418 1724 παρελάσας,
1436 1688 1487 1722 τῆς
1511 1687 1566 1714 τῶν
1585 1687 1673 1722 λόγων
1695 1687 1852 1723 ἐρασθῆναι

1055 1733 1191 1765 παιδείας,
1207 1734 1261 1760 Καὶ
1273 1733 1304 1768 δὴ
1316 1734 1372 1765 τοῖς
1387 1733 1585 1765 διδασκαλείοις
1599 1735 1853 1770 φοιτων,ὴκροᾶτο

1056 1779 1149 1814 μόνον.
1176 1780 1222 1810 Εἰς
1239 1779 1316 1806 τόσον
1341 1779 1365 1806 δ’
1379 1777 1429 1816 ἧκε
1449 1779 1547 1814 σοφίας
1563 1779 1597 1806 δι’
1613 1779 1718 1814 ὀλίγον,
1737 1781 1853 1815 μεγέθει

1056 1826 1102 1852 καὶ
1118 1825 1196 1860 τάχει
1215 1825 1331 1859 φύσεως,
1349 1825 1386 1857 ὡς
1400 1826 1447 1852 καὶ
1467 1825 1503 1852 τὰ
1519 1825 1573 1851 τῶν
1589 1825 1764 1861 μαθημάτων
1783 1835 1852 1853 σχο-

1056 1871 1111 1905 λιὲι,
1125 1873 1172 1899 καὶ
1187 1872 1332 1908 ἀπόρρητα
1348 1874 1401 1899 τῶν
1418 1872 1618 1908 θεωρημάτων,
1633 1873 1673 1902 είς
1692 1872 1780 1907 ἄκρον
1797 1882 1854 1908 μει-

1056 1918 1124 1945 Θεῖν.
1141 1918 1247 1952 Τυφλὸν
1263 1919 1285 1944 δ’
1308 1918 1373 1945 ὄντα
1390 1919 1500 1953 λέγεται
1523 1919 1621 1954 μαθεῖν
1638 1920 1672 1945 τὰ
1691 1919 1852 1955 γράμματα

1054 1966 1088 2000 τῇ
1105 1965 1161 2001 ἁφῇ
1184 1966 1232 2000 τῆς
1248 1966 1351 2001 χειρός.
1367 1965 1437 1997 Τοὺς
1454 1966 1509 2001 γὲρ
1525 1965 1579 1992 τῶν
1601 1967 1777 2001 γραμμάτων
1801 1969 1852 1994 τύ-

1056 2020 1137 2044 πους,
1154 2011 1242 2038 σανίδι
1261 2012 1301 2042 είς
1319 2009 1402 2046 βάθος
1417 2012 1651 2046 ὲνσημανθὲντας,
1665 2013 1853 2047 ὲπαφώμενον

1055 2058 1172 2093 γνῶναι·
1190 2057 1224 2084 τὰ
1246 2057 1268 2083 δ’
1285 2057 1363 2089 ἄλλα,
1390 2057 1526 2089 συλλαϐὰς
1550 2057 1599 2083 καὶ
1623 2057 1712 2092 μίξεις
1741 2059 1790 2085 καὶ
1817 2060 1854 2086 τὰ

1055 2104 1130 2140 ἑξῆς,
1149 2103 1269 2135 διανοίας
1296 2103 1407 2138 ὀξύτητι
1421 2104 1460 2139 τῷ
1484 2103 1523 2137 νῷ
1549 2103 1668 2138 θηρᾶσαι
1691 2105 1742 2132 καὶ
1767 2106 1852 2141 ἀκοῇ.

1056 2151 1154 2186 Θαῦμα
1169 2151 1192 2177 δ’
1209 2149 1242 2186 ἦν
1259 2150 1379 2183 ἐξαίσιον
1392 2152 1439 2177 καὶ
1453 2151 1621 2185 ἁκουόμενος
1632 2151 1681 2177 καὶ
1695 2151 1851 2187 ὁρώμενος.

1057 2196 1153 2223 Πολλοὶ
1171 2196 1221 2231 μὲν
1238 2194 1284 2223 οὖν
1301 2197 1350 2224 καὶ
1365 2197 1406 2228 είς
1432 2196 1638 2232 ’Δλεξάνδρειαν
1655 2194 1736 2232 ἧκον,
1755 2199 1780 2224 oi
1801 2199 1853 2232 μὲν

1056 2242 1127 2269 κατὰ
1137 2242 1200 2269 θέαν
1219 2243 1305 2278 μόνην
1319 2243 1443 2278 τάνδρὸς,
1456 2243 1482 2270 οἱ
1493 2243 1521 2269 δὲ
1539 2244 1584 2270 καὶ
1602 2244 1651 2278 τῆς
1666 2243 1780 2279 ἐνούσης
1793 2248 1852 2277 τοῖς

1058 2290 1149 2323 λόγοις
1164 2290 1275 2325 χάριτος,
1292 2291 1482 2326 ἀκουσόμενοι.
1498 2282 1553 2324 Τῆς
1569 2291 1590 2317 δ’
1606 2292 1635 2317 ὲν
1649 2290 1753 2327 Νικαία
1769 2292 1853 2327 δᾶξης

218 2333 447 2368 Prwcipuumque
463 2334 521 2367 ipse
544 2333 709 2361 miraculum
730 2334 794 2366 fuit,
817 2341 881 2362 cum
897 2334 1003 2362 audire-

1075 2336 1285 2371 περιστάμενος,
1319 2336 1467 2371 ’Δρειξινοῖς
1489 2337 1680 2365 ἀντετάσσετο.
1703 2335 1801 2374 Ἥγχε
1823 2339 1852 2366 δὲ

218 2385 263 2406 tur
278 2383 306 2407 et
320 2379 544 2414 conspiceretur.
566 2379 646 2408 Multi
661 2380 775 2415 quidem
791 2380 834 2408 vel
860 2385 891 2408 ut
911 2380 1003 2408 virum

217 2433 281 2453 cum
307 2430 412 2453 tanturn
434 2425 571 2458 viderent,
595 2426 639 2454 vel
663 2431 693 2454 ut
713 2433 826 2454 suavem
843 2430 1005 2461 gratamque

218 2474 277 2505 rius
293 2473 445 2500 orationem
458 2472 595 2507 audirent,
613 2473 808 2501 Alexandriam
820 2479 932 2499 venere.
951 2471 1004 2500 Pro

217 2518 336 2546 Nicaenis
362 2525 431 2546 vero
453 2518 572 2546 decretis
594 2527 730 2554 pugnans,
757 2517 867 2545 Arianis
891 2518 1004 2549 restitit.

218 2572 320 2599 eosque
331 2564 466 2592 orationis
481 2572 538 2592 suae
554 2565 678 2595 suadela.
697 2564 780 2599 716
791 2571 872 2598 quam
887 2562 912 2589 vi
930 2562 1004 2590 nulla

219 2611 352 2638 adhibere
368 2607 525 2644 videbatur,
542 2611 652 2646 pressit.
670 2611 704 2637 Et
720 2611 754 2637 ad
775 2617 825 2637 eos
839 2609 887 2644 qui
908 2616 1003 2636 secum

219 2657 408 2691 disputabant,
422 2657 504 2685 verba
524 2656 639 2688 faciens,
657 2663 748 2683 rerum
765 2659 1004 2683 controversarum

218 2703 354 2737 judicium
373 2704 483 2731 detulit.
498 2704 533 2730 Et
550 2711 612 2730 eum
631 2702 664 2730 ad
687 2710 792 2730 morem
814 2701 964 2737 gerendum
979 2706 1007 2730 et

221 2750 374 2778 cedendum
390 2749 489 2780 facilis.
508 2753 565 2776 tum
581 2749 745 2777 orthodoxis
758 2756 792 2776 eo
810 2748 922 2776 nomine
940 2748 1006 2776 cita-

223 2803 268 2822 rus
285 2796 402 2822 maxime
420 2794 482 2821 fuit.
499 2794 554 2821 Nec
571 2794 606 2821 ab
625 2795 668 2822 ltis
685 2800 808 2826 tantum.
825 2795 871 2822 sed
889 2795 972 2822 etiam
991 2802 1005 2821 a

223 2841 364 2871 ιιιριιίιρίιὶε
380 2839 515 2876 .Egyptiis
529 2848 627 2877 magno
644 2841 747 2870 honore
761 2841 852 2870 cultus
865 2845 916 2869 cst.
933 2841 1006 2869 Prae-

1054 2382 1153 2411 αὐτοὺς
1170 2382 1202 2416 τῇ
1225 2382 1314 2408 πειθοί
1329 2381 1384 2408 τῶν
1405 2383 1503 2416 λόγων,
1519 2383 1552 2418 ἢν
1573 2384 1604 2409 οὐ
1619 2383 1666 2418 βίᾳ
1683 2385 1772 2410 ποιεῖν
1791 2385 1851 2411 ἐδό-

1053 2435 1107 2453 κει.
1135 2426 1197 2458 Τοῖς
1212 2427 1234 2454 δ’
1259 2427 1511 2464 ἀμφιὸαλλομ-ένοις
1539 2428 1691 2463 προτείνων
1711 2430 1777 2461 τοὺς
1805 2430 1851 2457 λό.

1053 2481 1129 2508 γους,
1148 2474 1203 2500 τῶν
1220 2474 1432 2509 διαμαχομένων
1450 2474 1500 2509 τὴν
1517 2476 1610 2510 κρίσιν
1627 2475 1791 2509 ἐπέτραπεν.
1821 2476 1850 2503 Ὀ

1053 2519 1082 2546 δὲ
1100 2514 1330 2554 μάλαλπειθήνιος
1346 2517 1380 2554 ἦν
1394 2527 1401 2533 ·
1420 2520 1475 2550 τοῖς
1490 2519 1518 2545 δὲ
1539 2519 1619 2553 ὀρθὸν
1635 2518 1780 2552 δοξάζουσι
1803 2521 1849 2547 διὰ

1057 2565 1136 2592 τοῦτο
1151 2564 1282 2600 ἐράσμιος
1299 2565 1430 2600 μάλιστα.
1444 2565 1482 2591 Οὐ
1499 2565 1604 2596 τούτοις
1620 2566 1648 2592 δὲ
1664 2565 1850 2600 μόνοις,ἁλλὲ

1058 2610 1107 2636 καὶ
1121 2611 1177 2641 τοῖς
1191 2611 1220 2636 ἐν
1237 2610 1370 2644 Αἰγύπτῳ
1387 2611 1514 2645 μοναχοῖς
1529 2610 1575 2637 διὰ
1588 2610 1671 2644 τιμῆς
1683 2611 1778 2645 inero.
1795 2610 1851 2637 Καὶ

1060 2655 1163 2690 μᾶλλον
1178 2656 1191 2681 ὁ
1203 2655 1369 2690 περιϐόητος
1379 2656 1407 2682 ὲν
1422 2655 1538 2691 ἀσκήσει
1560 2655 1703 2687 ’Δντώνιος
1719 2655 1765 2682 διὰ
1785 2656 1852 2683 θαύ-

1060 2710 1143 2736 ματος
1167 2702 1251 2729 αὐτὺν
1270 2703 1408 2728 ἐποιεῖτο·
1425 2702 1455 2729 ὃν
1477 2711 1544 2736 φασι
1567 2702 1618 2737 τὴν
1643 2702 1851 2738 Ἀλεξάνδρειαν

1059 2747 1254 2782 κατειληφότα,
1276 2747 1307 2774 τὸ
1333 2748 1443 2782 βὲὸαιον
1468 2749 1516 2782 τῆς
1540 2748 1702 2775 ’Λοανασίου
1728 2749 1852 2780 πίστεως

1060 2792 1295 2828 μαρτυρούμενον.
1327 2792 1441 2821 τοιαῦτα
1469 2793 1509 2828 τῷ
1536 2793 1645 2828 Διδύμῳ
1672 2793 1781 2820 εἰπεῖν’
1810 2794 1850 2820 Οὐ

1058 2840 1156 2875 χρ;ὼν,
1175 2837 1197 2865 ὦ
1212 2839 1322 2874 Δίδυμε,
1337 2838 1437 2872 λύπαις
1455 2839 1556 2867 σαυτὸν
1574 2840 1714 2875 ὲκτήκειν,
1735 2840 1851 2877 στερού-
