1904 3070
232 115 283 147 291

840 109 1051 142 NICEPHORI
1071 106 1245 140 CALLISTI

1805 111 1866 144 ΞΜ

230 171 375 200 excutiens
389 169 465 205 legit.
484 167 586 196 Deinde
602 167 717 195 Tarsum
732 165 766 194 ad
779 166 943 197 Antonium.
958 164 1014 192 Lu-

1069 165 1160 200 ζεκιὴλ
1177 164 1324 199 διδαχθεὶς,
1351 163 1475 199 ἀκρασίᾳ
1492 163 1625 200 γλώττης,
1643 164 1692 192 καὶ
1708 165 1749 201 τῷ
1764 166 1865 194 δυσσε-

230 221 312 247 ciauo
327 217 442 251 martyri
463 221 569 246 notum.
586 215 674 243 venit.
692 214 715 241 A
732 220 787 249 quo
802 212 961 248 Apostolum
977 211 1018 238 di-

231 271 322 294 scens.
343 263 409 289 satis
427 262 472 288 diu
491 269 552 288 cum
574 268 619 292 eo,
643 267 705 287 cum
722 259 813 286 adhuc
834 259 861 285 in
876 257 1017 293 presbyte-

233 316 326 335 rorum
351 307 448 334 ordine
469 309 551 337 esset,
581 305 692 333 mansit.
716 304 768 332 Ubi
793 311 858 331 vero
881 302 1018 330 Antonius

231 354 353 389 episcopi
371 353 539 380 iunctionem
552 352 685 386 suscepit.
701 358 791 385 neqtte
804 350 858 385 jam
873 349 1016 379 doctrinze,

232 408 285 434 qua
306 399 415 426 Aetium
438 398 595 430 erudiebat,
612 404 710 424 vacare
733 399 839 430 posset,
857 394 902 421 ille
924 393 1019 421 Antio-

235 446 325 471 thiam
349 449 393 471 cst
413 451 551 471 reversus.
574 442 607 469 Ει
628 442 665 469 ibi
686 450 747 469 cum
767 450 781 468 a
796 441 911 468 Leontio
928 441 1018 468 adhuc

233 491 395 526 presbytero
413 490 536 523 (Luciaui
557 489 684 524 martyris
698 493 725 514 et
748 487 794 514 hic
808 487 919 514 habitus
931 491 1019 513 secta-

233 537 287 571 tor)
307 537 465 571 prophetas.
483 541 565 569 atque
584 534 610 561 in
634 533 729 568 primis
745 533 919 560 Ezechielem
937 532 1020 560 doce-

234 586 318 614 retur,
351 585 463 615 propter
486 581 584 615 lingute
600 579 851 614 intemperantiam,
868 583 894 606 et
909 583 1019 606 senten-

235 629 278 655 tiae
302 628 481 662 impietatem,
505 627 569 654 inde
585 634 681 654 rursus
698 631 742 653 est
758 626 901 661 expulsus.
925 625 1018 660 itaque

235 674 412 709 sophisticam
433 681 576 705 exercens,
600 677 628 700 et
645 673 797 700 certamine
818 679 881 699 cum
905 671 946 699 eis
971 671 1018 706 qui

230 719 299 745 clari
315 726 348 745 eo
370 718 461 745 studio
479 723 559 745 erant
575 718 768 752 congrediens,
787 716 846 744 loca
863 717 947 743 multa
966 717 1019 743 cir-
1035 748 1040 753 '

230 765 337 792 (-umiit.
362 765 459 791 Postea
482 772 548 790 vero
573 768 600 790 et
622 763 756 790 medicam
779 767 866 790 artem
883 765 1019 790 accurate

230 811 335 838 didicit.
362 810 472 844 Sopolis
499 809 525 836 iu
555 808 602 837 tali
623 809 769 842 disciplina
787 808 886 835 doctor
903 809 928 836 ei
954 809 1015 841 fuit,

230 858 272 884 vir
297 857 324 883 iu
351 864 384 884 eo
417 855 510 883 studio
545 855 649 882 nemini
673 855 821 883 secundus.
846 855 906 890 Ipse
931 855 1013 882 etiam

230 903 326 931 Actius
348 903 469 937 optimus
487 902 513 929 in
533 909 567 929 eo
589 902 710 934 habitus,
734 902 855 937 gratuito
880 908 1015 936 pauperes

229 950 346 977 curavit.
362 949 440 982 Quod
459 949 480 976 si
496 949 645 980 aliquando
656 953 757 983 egeret.
772 953 856 976 noctu
868 948 902 976 ad
919 956 1016 984 quem-

229 996 302 1030 piam
328 996 393 1023 artis
417 1003 473 1022 suae
498 995 640 1030 peritum,
665 1002 699 1022 ne
727 994 848 1022 interdiu
876 1002 892 1022 a
916 995 1016 1022 studiis

230 1042 385 1077 potioribus
401 1041 597 1074 abduceretur,
621 1041 714 1069 adibat
730 1050 738 1068 :
754 1047 782 1069 et
801 1049 920 1074 aurum,
942 1041 1014 1076 quod

229 1089 402 1116 accuratiore
430 1092 488 1115 arte
521 1087 720 1114 elaborandum
747 1091 838 1119 esset,
871 1087 982 1122 petebat
1006 1095 1014 1115 ί

230 1140 313 1169 atque
333 1142 417 1169 opere
433 1134 560 1161 celeriter
572 1134 705 1168 perfecto,
721 1137 749 1161 et
761 1134 795 1160 ab
811 1133 934 1168 ejusdem
948 1134 1015 1161 artis

229 1180 327 1215 opilice
351 1179 476 1207 mercede
492 1184 614 1214 accepta,
631 1179 715 1206 vitam
739 1179 877 1206 tolerarit.
898 1179 1015 1206 Leontio

229 1233 296 1254 vero
310 1225 344 1253 ad
364 1226 552 1260 episcopatum
570 1225 773 1253 Antiocltenum
790 1231 898 1259 cvecto,
917 1227 1014 1254 Aetius

229 1274 264 1300 ab
274 1281 307 1300 eo
320 1273 453 1299 diaconus
465 1271 633 1306 designatus,
649 1277 676 1299 et
689 1271 722 1299 ad
735 1280 835 1299 munus
850 1273 877 1299 in
897 1273 1014 1300 ecclesia
1024 1265 1031 1270 ’

228 1318 343 1345 docendi
357 1318 480 1345 delectus
492 1322 544 1345 est.
561 1317 596 1344 At
610 1318 669 1352 ipse
682 1317 857 1344 diaconatum
872 1318 1014 1353 suscipere

227 1364 344 1395 veritus,
359 1363 476 1391 docendi
492 1363 663 1391 iunctionem
677 1371 730 1390 non
750 1364 856 1398 rejeeit.
872 1363 960 1399 Atque
974 1364 1013 1391 ibi

227 1410 295 1437 satis
309 1410 354 1437 diu
371 1414 505 1441 versatus,
524 1409 717 1436 Alexandriam
732 1409 817 1441 venit,
833 1410 1012 1437 Athanasium

227 1459 450 1490 oppugnaturus,
472 1454 656 1482 Vehementer
683 1461 800 1489 namque
831 1453 865 1480 de
894 1455 1013 1482 consub-

1069 211 1111 237 ὁεί
1126 210 1174 237 τοῦ
1196 211 1382 246 φρονήματος,
1408 210 1514 236 ἐκεῖθεν
1532 210 1597 237 ὲλαύ
1616 219 1687 238 stat.
1707 212 1763 238 Καὶ
1787 221 1867 247 σοφι-

1070 256 1173 282 στεύων
1187 256 1268 291 διῄει,
1282 257 1322 287 εἰς
1337 256 1455 291 ἅμιλλαν
1468 256 1556 290 λόγων
1567 258 1623 288 τοῖς
1635 258 1700 291 περὶ
1713 258 1793 284 τοῦτο
1807 259 1848 284 δει

1069 303 1124 334 νοῖς
1134 303 1372 337 συμπλεκόμενος.
1390 304 1437 335 Ei;
1451 303 1537 338 ἄκρον
1552 303 1576 329 δ’
1593 303 1691 330 ἔπειτα
1706 304 1756 339 τὴν
1777 306 1865 339 ἰατρε-

1069 348 1120 383 κὴν
1139 348 1253 383 ἤσκητο.
1269 347 1391 379 Σώπολις
1416 348 1439 375 δ’
1455 346 1489 383 ἦν
1507 348 1583 384 αὐτῷ
1600 349 1648 375 τοῦ
1667 349 1832 384 μαθήματος
1850 352 1865 376 ὁ

1069 393 1242 425 διδάσκαλος,
1260 395 1329 430 ἀνὴρ
1347 395 1375 421 ἐν
1393 395 1425 429 τῇ
1438 395 1520 429 τέχνῃ
1537 395 1651 429 μηδενδς
1667 395 1737 430 ἔχων
1749 397 1784 422 τὰ
1799 396 1863 422 δεύ-

1069 441 1279 475 τερα.”Ᾱριστος
1294 440 1317 466 δ’
1333 441 1362 467 ὲν
1377 440 1466 475 ταύτῃ
1485 441 1580 474 φανεὶς
1593 441 1641 466 καὶ
1662 440 1779 473 Ἀέτιος,
1797 442 1865 475 άμιο

1070 487 1132 513 σθον
1157 488 1272 522 παρεῖχε
1296 488 1351 518 τοῖς
1373 487 1513 521 δεομένοις
1530 487 1581 520 τὴν
1601 487 1762 522 Θεραπείαν.
1779 488 1812 514 Εἰ
1833 488 1862 514 δέ

1069 539 1121 557 που
1137 530 1183 557 καί
1196 540 1268 563 τινος
1284 531 1338 558 τῶν
1352 531 1511 565 ἀναγκαίων
1526 531 1636 565 έῖέησιν
1650 532 1734 567 αὐτῷ,
1750 532 1862 567 νύκτωρ

1069 579 1146 612 παρά
1165 587 1217 605 τινι
1234 578 1289 605 τῶν
1309 578 1466 613 ὁμοτέχνων
1491 579 1603 613 φοιτῶν,
1627 579 1672 605 ἶνα
1689 580 1726 614 μὴ
1749 580 1859 614 ἡμέρας

1069 625 1123 651 τῶν
1144 625 1361 660 σπουδαιοτέρων
1383 626 1527 659 ἀπάγοιτο,
1543 626 1605 651 ὅσον
1625 625 1672 652 τοῦ
1687 626 1801 661 χρυσίου
1815 635 1862 653 τε-

1069 671 1238 706 χνικωτέρας
1254 671 1338 697 ἐδεῖτο
1350 671 1452 706 χειρός.
1466 671 1552 697 Τοῦτο
1567 671 1595 697 δὲ
1608 672 1662 706 ἄρα
1675 672 1859 707 ἐξεργαζόμε-

1069 725 1115 748 νος
1131 716 1239 749 θᾶττον,
1257 717 1332 751 παρὰ
1351 717 1398 743 τοῦ
1416 718 1563 753 ὁμοτέχνου
1584 718 1630 744 τὸν
1652 719 1864 753 μισθὸν-ἐκομί-

1070 763 1143 796 ζετο,
1161 763 1210 790 καὶ
1227 763 1273 790 τὸν
1292 763 1388 790 ἑαυτοῦ
1407 763 1464 798 βίον
1477 766 1596 799 συνεῖχε.
1614 765 1742 791 Λεοντίου
1760 765 1790 791 δὲ
1815 766 1864 791 τὸν

1070 811 1120 844 τῆς
1136 810 1305 845 Ἀντιοχείας
1320 810 1414 846 θρῆνον
1430 811 1655 846 κληρωσαμένου.
1671 813 1684 838 ό
1696 812 1803 843 ’Λέτιος
1821 814 1863 845 εἰς

1068 857 1208 883 διακονίαν
1228 857 1327 892 ἐκείνῳ
1351 857 1555 893 προχειρίζεται
1567 866 1573 872 ·
1591 859 1637 884 καὶ
1651 859 1696 884 ἐπ’
1712 859 1862 893 ἐκκλησίας

1066 900 1203 928 διδάσκειν
1220 901 1418 936 προύτρέπετο.
1438 902 1468 928 '0
1483 902 1511 928 δὲ
1526 902 1594 937 πρδς
1610 902 1659 936 μὲν
1674 903 1704 928 τὸ
1721 902 1863 930 διακονεῖν

1067 947 1227 982 ὑπεστᾶλη·
1253 948 1283 974 τὸ
1307 948 1336 974 δὲ
1362 948 1498 975 διδάσκειν
1526 948 1676 983 ἀνεδέχετο.
1700 949 1805 976 Ἱκανὸν
1832 951 1862 976 δὲ

1067 993 1211 1028 διατρίψας
1222 993 1319 1029 χρόνον
1330 995 1419 1020 ἐκεῖσε
1427 995 1472 1021 ἐπὶ
1489 995 1538 1029 τὴν
1551 994 1759 1029 Ἀλεξάνδρειαν
1771 1005 1864 1032 παρα-

1066 1038 1172 1072 γίνεται
1191 1040 1378 1066 ἁντιπνεύσων
1396 1039 1477 1075 δῆθεν
1500 1041 1656 1075 Ἀθανασίῳ
1669 1049 1675 1056 ·
1697 1041 1784 1073 πολὺς
1806 1044 1863 1077 γὰρ

1065 1083 1099 1121 ἦν
1111 1085 1181 1120 ὑπὲρ
1197 1086 1243 1113 τοῦ
1256 1087 1399 1121 ὀμοουσίου
1412 1088 1492 1122 ῥέων.
1513 1087 1591 1122 [Ιαρά
1604 1097 1685 1114 τινων
1703 1088 1743 1120 δὲ,
1761 1089 1808 1115 καὶ
1819 1090 1863 1120 είς

1065 1133 1218 1168 ἐπισκοπὴν
1242 1133 1472 1168 προϐαλλομένων
1494 1134 1588 1166 αὑτὸν,
1614 1134 1746 1169 ἀπηξίου.
1773 1135 1862 1171 Πρινὴ

1067 1180 1118 1214 μὲν
1138 1177 1184 1206 οὖν
1208 1179 1307 1206 Ἀέτιον
1334 1180 1390 1210 τοῖς
1419 1179 1447 1212 ἐξ
1469 1180 1575 1215 Ἀρείου
1598 1181 1744 1215 συμμίξαι,
1765 1182 1789 1208 εί
1813 1182 1863 1208 καὶ

1065 1227 1121 1257 τοῖς
1136 1226 1164 1252 τὸ
1186 1225 1330 1259 δμοοῦσιον
1346 1226 1529 1261 πρεσὸεύουσι
1543 1226 1713 1261 διεᾳέροντο,
1730 1227 1792 1253 ἀλλ’
1809 1226 1858 1254 οὖν

1065 1271 1153 1306 εὐχῶν
1164 1272 1211 1298 καὶ
1226 1270 1318 1305 ὓμνων
1330 1273 1376 1297 καὶ
1393 1271 1597 1306 βουλευμάτων,
1612 1273 1658 1301 καὶ
1675 1273 1772 1307 σχεδὸν
1791 1275 1859 1300 πάν-

1066 1324 1132 1347 των,
1157 1315 1316 1341 ἐκοινώνουν
1346 1316 1482 1351 ἀλλήλοις,
1498 1317 1569 1351 πλὴν
1593 1319 1644 1353 τῆς
1660 1319 1799 1353 μυστικῆς
1815 1319 1862 1345 θν-

1066 1362 1137 1393 σίας.
1158 1362 1279 1388 Ἐκείνου
1296 1362 1324 1388 δὲ
1340 1362 1450 1398 πρώτου
1465 1363 1514 1398 τῆς
1530 1363 1697 1396 διαστάσεως
1712 1365 1860 1400 ἄρξαντος,

1064 1408 1143 1441 λόγος
1166 1408 1215 1443 τὴν
1230 1409 1370 1444 ὁμόφρονα
1390 1410 1552 1444 συναγωγὴν
1573 1411 1676 1442 πάντας
1691 1412 1754 1442 τοὺς
1770 1413 1861 1438 τοιού.

1067 1463 1133 1486 τους
1149 1455 1244 1489 φιλίας
1255 1456 1305 1482 καὶ
1314 1455 1460 1490 συνηθείας
1474 1456 1590 1492 δεσμοὶς
1598 1457 1811 1492 διαῤῥήξαντας,
1823 1460 1862 1490 είς

228 1500 350 1528 stanti-ali
374 1496 571 1534 propugnando
597 1499 679 1534 718
704 1499 869 1526 Athanasius
894 1500 960 1534 egit.
982 1501 1014 1527 Et

1069 1500 1214 1527 ἀντίπαλον
1223 1503 1277 1532 τοῖς
1292 1501 1378 1532 ἄλλως
1390 1501 1534 1535 δοξάζουσι
1548 1502 1667 1537 μάλιστα
1681 1505 1862 1537 παρασκευά-

229 1554 291 1573 cum
306 1554 321 1572 a
333 1546 497 1581 quihusdam
516 1545 549 1573 ad
560 1545 748 1580 episcopatum
767 1546 862 1573 Aetius
877 1546 1013 1581 recipien-

230 1593 295 1620 dum
320 1592 442 1620 delectus
464 1596 549 1624 esset,
572 1591 732 1627 dignitatem
757 1599 816 1618 eam
837 1592 1012 1626 contempsit.

230 1639 301 1666 Sane
332 1644 478 1673 antequam
505 1637 601 1665 Aetius
631 1636 664 1664 ad
699 1636 814 1664 Arianos
845 1637 1011 1670 defecisset.

231 1685 338 1712 tametsi
355 1685 393 1711 illi
414 1685 449 1712 ab
469 1684 613 1719 ἁμοούσιον
635 1684 862 1711 consubstantiale
884 1685 1013 1720 proﬁten-

231 1732 304 1758 tibus
319 1731 500 1764 dissidebant,
516 1730 695 1758 nihilominus
711 1736 801 1758 tamen
818 1738 922 1765 preces,
937 1731 1013 1766 Itym-

230 1784 290 1807 nos,
307 1776 420 1803 consilia
437 1780 464 1802 et
479 1783 524 1803 res
537 1783 622 1810 prope
642 1782 738 1803 omnes
754 1783 816 1802 cum
832 1776 873 1803 eis
888 1783 1012 1802 commu-

228 1821 370 1852 nicabant,
389 1822 505 1857 mystico
525 1821 661 1849 duntaxat
677 1821 812 1848 sacriﬁcio
830 1826 956 1856 ext-epto.
972 1821 1011 1849 Ex

227 1876 282 1902 quo
299 1872 391 1895 autent
416 1868 461 1895 ille
478 1868 583 1902 primus
605 1867 792 1895 secessionem
810 1867 901 1894 facere
917 1868 1010 1902 erepit,

227 1915 358 1943 omnibus
383 1915 585 1943 consentientis
610 1920 784 1948 conventus,
812 1916 959 1948 amicitiai,
983 1921 1011 1943 et

227 1961 439 1989 consuetudinis
454 1962 574 1989 vinculis
591 1962 691 1996 ruptis,
707 1962 735 1989 in
759 1962 888 1989 adversas
907 1962 948 1989 eis
963 1963 1010 1996 qui

227 2010 254 2035 in
270 2009 321 2035 alia
342 2013 434 2035 essent
457 2008 589 2042 opinione
606 2008 725 2034 maxime
740 2012 832 2042 partes
851 2015 900 2043 per
918 2008 1013 2036 factio-

227 2060 289 2080 nem
304 2053 454 2086 transiere.
480 2052 548 2079 Tum
570 2060 636 2079 vero
659 2056 688 2079 et
706 2052 858 2080 Eunomius
875 2053 944 2080 Aetii
970 2061 1012 2080 sa-

226 2098 338 2133 pientiae
352 2098 422 2125 fama
440 2098 587 2130 adductus,
602 2105 634 2125 ex
651 2097 823 2132 Cappadocia
837 2098 1010 2126 Antiochiam

226 2144 367 2179 proiectus
383 2148 435 2175 est,
462 2147 489 2170 ct
517 2143 646 2170 Secundo
670 2151 700 2170 se
718 2143 756 2171 ibi
771 2144 915 2179 conjunxit
932 2153 939 2172 :
962 2145 1009 2180 qui

1069 1554 1115 1572 σαι
1131 1547 1302 1581 καταστῆναι
1318 1548 1416 1582 μοῖραν
1428 1556 1435 1564 ·
1453 1548 1513 1575 τότε
1527 1548 1556 1575 δὲ
1571 1550 1619 1576 καὶ
1638 1549 1773 1584 Εὕνόμιος
1790 1552 1862 1578 κατὰ

1068 1593 1158 1620 πίστιν
1172 1594 1221 1628 τῆς
1240 1594 1345 1621 ’Δετίου
1368 1595 1463 1629 σοφίας
1492 1595 1534 1626 εἰς
1552 1595 1719 1631 Ἀντιόχειαν
1734 1598 1766 1623 ὲκ
1783 1597 1864 1624 Καπ-

1068 1639 1200 1670 παδοκίας
1220 1639 1361 1674 Σεκούνδῳ
1388 1641 1542 1675 συνέμιξεν.
1567 1641 1598 1667 '0
1613 1641 1641 1667 δὲ
1662 1641 1745 1668 αὑτὸν
1764 1642 1864 1677 ’Δετίῳ

1069 1686 1246 1721 συνέστησεν,
1269 1687 1298 1712 ὲν
1318 1686 1510 1722 Ἀλεξανδρείᾳ
1536 1688 1704 1723 διατρίΰοντι
1725 1689 1779 1717 ἔτι.
1809 1691 1866 1716 Καὶ

1068 1732 1204 1767 συνήστην
1228 1732 1330 1767 ᾶμφω’
1346 1733 1360 1759 ὸ
1376 1733 1426 1767 μὲν
1450 1734 1597 1766 διδάσκων,
1616 1735 1631 1761 ὁ
1655 1735 1683 1761 δὲ
1701 1736 1758 1766 τοῖς
1778 1736 1866 1771 ἱεροῖς

1068 1777 1229 1813 μαθήμασιν
1258 1778 1469 1813 ἐνασκούιλενος.
1499 1780 1642 1815 Γνώριμος
1669 1781 1698 1807 δὲ
1728 1783 1866 1815 ὁἍέτιος

1066 1825 1112 1850 καὶ
1128 1825 1223 1858 Γάλλῳ
1233 1825 1354 1859 ἐγεγόνει
1367 1825 1404 1860 τῷ
1415 1826 1545 1861 Καίσαρι,
1559 1828 1643 1854 πολὺν
1652 1829 1700 1863 τῆς
1711 1829 1866 1864 θρησκείας

1065 1869 1144 1903 λόγον
1162 1870 1329 1905 ποιουμένῳ,
1352 1871 1401 1898 καὶ
1425 1873 1481 1903 τοῖς
1506 1874 1570 1909 περὶ
1587 1873 1684 1907 λόγους
1708 1875 1801 1909 ἱεροὺς
1815 1880 1866 1904 καὶ

1066 1917 1214 1951 ἐκκλησίας
1240 1918 1399 1953 ὲσχολακόσι
1425 1920 1560 1955 χαίροντι.
1582 1921 1635 1948 Καὶ
1659 1923 1692 1957 τῇ
1722 1923 1865 1958 τιροφάσέι

1065 1962 1121 1990 τῶν
1140 1962 1270 1990 τοιούτων
1293 1964 1440 1996 διαλέξεων
1460 1965 1539 1992 τοῦτο
1555 1966 1584 1993 τὺ
1614 1965 1683 1998 εἶδος
1707 1969 1866 2004 ἁσκηθῆνσι

1065 2009 1121 2035 τῶν
1144 2009 1243 2043 λόγων,
1270 2010 1314 2037 ἵνα
1339 2010 1439 2044 μᾶλλον
1460 2011 1563 2048 ἀρέσκῃ
1576 2020 1583 2027 ·
1612 2012 1723 2047 ἐλέγετο
1744 2016 1799 2051 γὰρ
1816 2018 1866 2042 καὶ

1064 2055 1109 2082 διὰ
1125 2056 1180 2082 τῶν
1203 2057 1408 2090 Ἀριστοτέλους
1430 2058 1602 2094 μαθημάτων
1617 2060 1706 2086 ἐλθεῖν
1717 2069 1724 2076 ·
1745 2063 1866 2094 καὶτοῖς

1065 2102 1152 2129 ταῦτα
1177 2102 1336 2130 διδάσκουσι
1383 2105 1510 2139 φοιτῆσαι
1538 2106 1600 2132 κατ’
1635 2105 1863 2142 Ἀλεξάνδρειαν·

1065 2147 1123 2173 ἀλλ’
1136 2149 1173 2180 si;
1189 2148 1289 2184 ἔχθραν
1305 2149 1400 2186 Γάλλῳ
1414 2151 1556 2184 καταστὰς
1573 2152 1610 2183 ὡς
1626 2153 1662 2188 μὴ
1678 2154 1771 2185 καλῶς
1785 2155 1865 2187 δοξά-

227 2189 303 2216 illum
322 2188 402 2216 Aetio
424 2189 597 2216 Alexandria:
617 2190 708 2218 adhuc
730 2191 849 2226 degenti.
874 2201 1012 2220 commen-

1069 2194 1130 2226 ζων,
1163 2195 1288 2223 κελεύσει
1316 2197 1423 2224 ἐκείνου
1444 2199 1567 2235 κατεάγη
1595 2200 1627 2226 ἂν
1649 2201 1680 2227 ὲκ
1703 2201 1778 2228 δυεῖν
1803 2205 1864 2229 τοῖν

227 2234 314 2262 dat-it.
330 2236 419 2269 Atque
435 2235 479 2262 ltic
490 2235 560 2262 alter
573 2236 651 2263 alteri
668 2236 827 2270 obstrictus.
844 2238 888 2266 illo
903 2239 1015 2274 quidctn

228 2280 340 2312 docens,
360 2281 405 2308 hic
419 2287 511 2308 atttetn
533 2281 700 2314 discens,-iu
725 2285 812 2311 sacris
833 2291 948 2320 uterque
966 2286 1015 2312 de-

226 2327 344 2354 sudabat
369 2327 514 2355 doctrinis.
544 2329 639 2356 Aetius
666 2329 743 2357 Gallo
772 2339 882 2366 quoque
915 2333 1015 2360 (Rus-ari

227 2378 308 2400 notus
323 2374 374 2400 fuit
390 2382 397 2401 :
417 2374 461 2401 cui
486 2382 548 2401 cum
566 2375 661 2410 religio
677 2383 841 2412 magnopere
856 2386 939 2410 curae,
957 2384 1014 2406 tum

227 2420 278 2447 viri
296 2421 342 2455 qui
364 2422 449 2447 sacris
465 2420 580 2449 Litteris
597 2427 624 2449 ct
640 2423 764 2450 ecclesiis
780 2429 921 2458 navareut,
939 2425 1015 2453 cbari

229 2466 316 2492 fuere.
334 2465 508 2501 Quapropter
526 2467 619 2494 taliunt
636 2468 864 2496 dissertationum
880 2477 972 2502 causa,
987 2467 1015 2497 in

229 2515 280 2541 hoc
293 2522 401 2549 quoque
419 2522 521 2548 genere
545 2514 777 2549 disputationum,
795 2520 824 2542 ut
847 2516 885 2542 illi
909 2518 1016 2551 gratior

227 2564 318 2593 esset,
342 2568 371 2587 se
397 2561 533 2588 exercuit.
563 2561 657 2588 Dittus
676 2561 748 2588 enim
775 2568 814 2588 est
841 2562 1013 2590 Aristotelioa

226 2614 336 2641 quoque
351 2614 433 2641 opera
453 2607 612 2642 perlegisse,
629 2611 657 2632 ct
671 2607 703 2633 ad
719 2614 767 2633 eos
783 2607 829 2641 qui
863 2608 926 2634 tal'a
953 2609 1016 2636 Ale-

227 2652 350 2678 xandrite
365 2652 496 2680 docerent
514 2653 716 2687 ireque-litasse.
736 2654 873 2681 Ca-terum
896 2656 968 2689 quod
987 2656 1014 2684 in

225 2697 293 2724 Galli
312 2699 404 2725 odium
427 2705 548 2734 propter
562 2706 719 2733 perversam
746 2707 824 2727 suam
853 2701 1012 2736 opiniouetn

227 2742 370 2775 inciderat,
383 2743 460 2778 jussu
478 2743 551 2770 illius
566 2748 715 2778 utrtttnquc
726 2746 751 2772 ci
767 2753 830 2773 crus
845 2747 1013 2781 perfractum

225 2788 334 2820 luisset.
352 2788 404 2815 nisi
429 2788 563 2816 Leontius
580 2789 769 2819 Antiocbcnus
781 2791 953 2820 dissuasione
966 2801 1014 2821 sua

224 2835 463 2862 cetulcmmuionis
482 2835 618 2863 calculum
634 2837 793 2866 amovisset.
812 2838 911 2867 Verum
926 2842 1014 2867 enitu-

1069 2240 1186 2272 σκελοῖν,
1208 2242 1231 2268 εί
1252 2242 1289 2277 μὴ
1307 2243 1320 2268 ό
1334 2243 1385 2277 τῆς
1404 2243 1570 2278 Ἀντιοχείας
1583 2245 1711 2277 Λεόντιος
1730 2250 1865 2281 μεταπεί-

1068 2294 1130 2318 σας,
1140 2286 1189 2322 τὴν
1200 2288 1437 2321 καταδικάζουσαν
1452 2290 1543 2316 ἀνεῖλε
1555 2291 1656 2325 ψῆφον.
1673 2293 1731 2320 Καὶ
1746 2295 1784 2324 εἰς
1798 2295 1864 2320 θέαν

1067 2332 1105 2367 τῷ
1122 2332 1215 2368 Γάλλῳ
1232 2334 1390 2368 γενόμενος,
1407 2335 1484 2370 φίλος
1501 2337 1530 2364 ἐν
1546 2339 1602 2369 τοῖς
1619 2338 1739 2371 μάλιστα
1764 2341 1861 2374 ἐγεγό-

1067 2387 1116 2410 νει,
1142 2380 1188 2406 καὶ
1208 2381 1275 2415 τυρὸς
1300 2381 1445 2409 Ὶουλιανὸν
1473 2383 1574 2419 ἐστάλη
1612 2385 1756 2420 πολλάκις,
1779 2388 1860 2422 ἡνίκα

1069 2425 1136 2459 πρὸς
1145 2425 1323 2462 Ἐλληνισμδν
1332 2429 1488 2456 ἀποκλίνειν
1499 2431 1603 2457 ἐκεῖνον
1612 2432 1778 2466 ἐμάνθανεν,
1790 2434 1859 2461 ὧσῖε

1067 2472 1114 2498 τοῦ
1141 2473 1190 2508 τῆς
1216 2474 1344 2506 ἀσεόείας
1361 2476 1509 2504 ἁνελκῦσαι
1526 2477 1675 2513 βαράθρου.
1699 2481 1737 2506 υὺ
1762 2482 1818 2516 μὴν
1834 2483 1859 2508 ae

1067 2517 1135 2544 ἀλλὰ
1151 2519 1197 2545 καὶ
1213 2520 1267 2546 τῶν
1287 2521 1368 2547 θείων
1390 2522 1560 2558 μαθημάτων
1583 2526 1596 2550 ὁ
1613 2525 1710 2556 Γάλλος
1728 2527 1859 2554 διδάσκα-

1066 2563 1110 2589 λον
1130 2565 1175 2590 τὸν
1193 2564 1296 2592 Ἀέτιον
1315 2567 1444 2595 ἐποιεῖτο.
1463 2569 1529 2603 Περὶ
1547 2569 1598 2604 μὲν
1625 2568 1673 2597 οὖν
1687 2571 1796 2599 Ἀετίου
1818 2583 1860 2600 το-

1067 2610 1155 2637 σαῦτα
1168 2619 1175 2626 ·
1195 2612 1270 2644 ὅπως
1300 2613 1392 2647 μέντοι
1412 2615 1565 2650 ἱερωσύνης
1588 2617 1687 2651 τυχὼν,
1712 2619 1744 2644 οὐ
1763 2621 1861 2654 μικρῖιν

1069 2657 1151 2692 μέρος
1169 2658 1224 2689 τοῖς
1246 2658 1386 2693 ἀνομοίοις
1402 2662 1449 2686 καὶ
1465 2661 1644 2696 ὲτεροουσῐοις
1664 2664 1777 2696 ἐγένετο
1791 2673 1798 2680 ·
1816 2666 1860 2692 καὶ

1065 2703 1103 2734 ὠς
1124 2704 1276 2740 καθῃρέθη,
1293 2709 1340 2733 καὶ
1354 2707 1393 2737 εἰς
1409 2707 1516 2742 ὲξορίαν
1531 2709 1655 2744 ἀπήχθη,
1683 2711 1815 2746 Εὖνόμιοε
1833 2714 1859 2738 δὲ

1066 2749 1124 2774 ἀντ’
1137 2749 1242 2775 ἐκείνου
1257 2751 1347 2786 πολλῷ
1360 2753 1459 2787 χείρων
1473 2754 1602 2789 κατέστη,
1616 2755 1665 2790 τὴν
1679 2757 1766 2784 αὐτοῦ
1783 2767 1861 2784 συκα-

1066 2795 1175 2828 φαντῶν
1191 2796 1309 2831 φατρίαν
1330 2798 1378 2823 καὶ
1397 2799 1461 2833 περὶ
1479 2800 1562 2827 αὐτοῦ
1588 2801 1735 2837 Εὐνομίαν,
1761 2805 1858 2838 μικρὸν

1065 2841 1179 2877 ὕστερον
1203 2842 1282 2875 λέξω.
1300 2843 1460 2879 Τηνικαῦτα
1485 2847 1511 2874 δὲ
1528 2848 1574 2875 καὶ
1590 2849 1658 2876 κατὰ
1676 2850 1726 2878 τὴν
1743 2851 1794 2880 τῆς
1808 2851 1856 2877 Συ-
