1904 3070
76 70 121 100 293

541 69 845 100 ECCLESIASTICE
866 70 1063 102 HISTORIA!
1082 72 1156 104 LIB.
1178 74 1231 103 IX.

1642 75 1698 108 294

78 131 131 165 ρίας
151 129 309 156 Λαοδίκειαν
324 127 370 155 δύο
384 127 482 162 ἄνδρες
500 125 571 162 ἦσαν
588 128 771 163 ἀκμάζοντες,
785 129 858 164 ὁμώ-

917 137 976 157 vcro
999 130 1093 158 Gallus
1120 131 1147 158 in
1174 136 1354 166 conspectum
1384 139 1463 160 suum
1487 140 1549 160 cum
1578 133 1697 168 primum

77 183 146 206 νυμοι
167 174 260 208 ἄμφω,
287 173 389 206 πατὴρ,
416 174 463 199 καὶ
481 173 557 204 υἱός·
581 173 790 208 Ἂπολλινάριος
801 175 854 208 γὰρ

76 222 191 255 ἑκάτερος
206 220 340 246 ἐκαλεῖτο.
358 219 550 254 Πρεσὸύτερος
564 218 589 245 δ’
602 217 637 254 ἦν
651 220 666 246 δ
681 221 791 255 πατήρ·
806 221 855 247 όδὲ

77 268 130 298 παῖς
144 266 191 300 τὴν
204 266 251 292 τοῦ
267 265 442 299 ἀναγνώστου
459 266 535 297 τάξιν
548 266 679 301 ἐπλήρου.
689 266 854 301 Ἑλληνικῶν

76 314 100 339 δὲ
113 314 155 339 καὶ
169 313 253 347 ἄμφω
269 312 463 347 παιδευμάτων
478 310 549 348 ἦσαν
563 312 721 340 διδάσκαλοι
735 321 742 328 ·
761 321 854 348 γραμ-

79 358 189 394 ματικῶν
203 359 252 393 μὲν
263 359 277 384 ὀ
288 359 391 394 πατὴρ.
405 359 551 394 ῥητορείας
566 359 589 386 δ’
604 359 733 392 ἐξηγεῖτο
752 360 766 386 ὁ
777 360 852 390 παῖς.

81 405 106 431 'U
117 405 143 431 δὲ
157 405 248 439 γέρων
276 404 484 439 Ἀλεξανδρείας
500 404 623 438 ὡρμᾶτο.
638 405 776 440 Σχολάσας
787 405 811 432 δ’
824 407 853 432 ὲν

78 450 186 485 Βηρυτῷ,
205 451 246 482 εἰς
263 451 425 478 Λαοδίκειαν
438 452 542 486 γήμας,
562 451 644 486 γεννᾷ
657 452 703 477 τὸν
728 451 854 478 Ἂπολλι-

79 496 168 531 νάρινιν.
199 496 353 531 Ἐπιφανιῳ
369 497 398 523 δι
417 496 456 532 τῷ
477 498 591 532 σοφιστῇ
618 497 854 530 συνακμάζοντες,

78 543 245 577 συνεκρότουν
261 543 344 569 αὐτὸν
360 543 408 569 an
424 543 531 578 γνήσιοι
546 543 630 576 φίλοι.
648 543 776 573 Θεόδοτος
790 543 854 578 μέν·

77 599 110 617 τοι
123 590 136 616 ὸ
152 590 280 625 τηνικάδε
299 591 349 626 τὴν
362 590 518 617 Λαοδικέων
539 590 647 622 ίθύνων,
662 590 754 620 δείσας
769 589 806 625 μὴ
819 587 854 625 τῇ

78 637 172 671 συνεχεῖ
189 636 284 672 ὁμιλίᾳ
313 636 382 672 πρὸς
400 636 447 663 τὸν
469 635 647 670 Ἑλληνισμὸν
671 635 852 667 ἀποκλίνωσι,

77 683 158 718 φοιτᾷν
172 682 240 716 παρ’
250 682 326 717 αὺτῷ
341 681 499 709 διεκώλυεν.
520 681 614 717 Ἀλλ“ή
633 682 793 715 Ἐπιφανίου
808 690 854 715 φι-

75 729 112 755 iis
138 728 360 763 ὲπικρατεστὲρα
383 725 428 763 ἦν.
443 727 540 754 Ἔνθεν
556 736 597 754 τοι
621 729 669 756 καὶ
691 729 705 754 ὁ
727 728 854 754 Θεοδότου

76 774 184 809 διάδοχος
204 774 345 810 Γεώργιος
362 774 448 801 πολλὰ
464 774 559 801 παθὼν
580 774 726 809 διαστῆσαι
745 774 856 815 αὐτοὺς,

76 820 126 846 ἐπεὶ
139 820 273 853 ἀνήνυτον
284 820 359 855 ἑώρα
370 820 400 846 τὸ
414 820 588 854 σπούδασμα,
601 819 651 853 τῆς
664 819 859 854 ἐκκλησιαστι-

76 867 118 901 xi};
131 866 274 898 κοινωνίας
290 867 404 900 deis-ta.
413 866 442 893 '0
456 867 523 898 παῖς
540 866 568 893 δὲ
581 865 661 898 ὕϐριν
677 865 857 900 λογισάμενος

75 913 100 938 τὸ
116 912 254 947 πραχθὲν,
274 913 337 944 ταῖς
354 913 526 946 σοφιστικαῖς
548 912 716 944 πλεκτάναις
735 911 856 946 θαρρὦ,

77 959 162 993 καινῆς
174 967 249 990 τινος
268 958 403 992 αἱρέσεως
420 958 585 985 καθίσταται
601 958 733 993 ἀρχηγὸς,
752 957 857 984 ὲπὼνυ-

77 1012 119 1037 μον
142 1005 186 1030 τὸν
205 1004 326 1040 εὑρόντα
344 1003 468 1039 ἐχούσης.
485 1004 571 1037 Λάγος
584 1005 606 1031 δ’
627 1003 695 1039 ἔχει,
713 1003 750 1039 μὴ
763 1003 808 1030 διὰ
829 1003 859 1030 τὸ

78 1048 269 1083 προειρημένον
285 1048 353 1083 πρὸς
361 1049 500 1083 Γεώργιον
514 1048 686 1083 διενεχθῆναι
700 1056 707 1062 ·
723 1047 859 1082 ἀλλ-’ὅπερ

78 1094 168 1125 ἐκεῖνος
183 1094 329 1127 ἀλλότριον
345 1094 518 1127 ὲδογμάτιξε,
539 1094 587 1120 νῦν
612 1095 660 1128 μὲν
683 1094 732 1128 τὴν
751 1093 859 1129 Ἀρείου

78 1137 199 1164 συνιστῶν
221 1138 314 1170 δόξαν,
339 1138 384 1164 νῦν
399 1138 427 1164 δὲ
451 1139 545 1173 ὅμοιον
564 1138 610 1164 τὸν
633 1139 696 1165 Υἰον
719 1137 758 1172 τῷ
775 1139 860 1173 Haupt

77 1182 215 1217 ὁμολογῶν,
229 1184 304 1210 καθᾶ
319 1185 347 1210 ὲν
358 1185 390 1219 τῇ
405 1183 478 1211 κατὰ
495 1184 658 1211 Σελεύκειαν
674 1185 777 1220 συνόδῳ
798 1193 861 1212 συν-

77 1228 143 1256 έθετο
155 1237 162 1245 ·
180 1230 323 1264 πρόφασιν
344 1230 367 1256 δ’
384 1229 509 1256 ἐντεῦθεν
527 1230 668 1263 λαϐόντες,
684 1230 792 1257 ἐκείνου
809 1231 861 1257 διί-

77 1282 177 1302 σταντο·
192 1275 311 1310 μηδενὸς
323 1275 346 1301 δ’
362 1277 475 1305 ἐκείνοις
488 1276 679 1310 προσέχοντες.
696 1276 855 1308 ξενίζουσαν

77 1321 219 1356 θρησκείαν
247 1322 401 1357 ἐπειρῶντο
420 1322 542 1355 εἰσάγειν
555 1330 562 1338 ·
589 1323 636 1348 καὶ
651 1322 862 1357 δογματίζοντες

77 1368 172 1402 ἔλεγον,
194 1369 232 1404 μὴ
253 1370 346 1404 ψυχὴν
360 1368 537 1404 ἀνειληφέναι
555 1369 600 1395 τὸν
622 1368 725 1404 Κύριον
743 1369 793 1404 τὴν
812 1369 862 1403 τῆς

78 1416 170 1449 eam;
183 1416 345 1449 οίκονομίαν
359 1415 559 1450 διενεργοῦντα.
577 1413 661 1446 Αὖθις
675 1415 703 1441 δὲ
718 1416 748 1440 τὸ
763 1415 863 1441 ἄτοπον

77 1460 109 1491 ὠς
125 1461 152 1486 ἐν
165 1461 315 1496 μεταμέλῳ
329 1459 574 1495 ἑπιδιορθούμενοι,
588 1458 679 1494 ψυχὴν
693 1458 743 1493 μὲν
755 1458 864 1493 εἰληφέ-

77 1515 115 1532 ut
126 1507 310 1542 προσέθεντο·
326 1505 364 1541 μὴ
379 1506 453 1540 ἔχειν
467 1506 489 1532 δ’
500 1505 610 1539 ἐκείνην
624 1505 670 1531 τὸν
685 1503 860 1540 ἀνθρώπινον

79 1553 151 1579 νοῦν·
174 1554 272 1587 ἀρκεῖν
293 1552 348 1586 γὰρ
372 1552 434 1578 ἀντὶ
457 1551 504 1578 νοῦ
527 1551 577 1586 τὴν
594 1550 709 1585 θεότητα
735 1550 797 1585 ἥτις
817 1549 862 1576 τὸν

79 1598 212 1633 ἂνθρωπον
224 1597 422 1633 προσελάϐετο.
439 1598 494 1624 Καὶ
506 1597 570 1632 περὶ
584 1596 680 1623 τούτου
698 1596 781 1631 μόνου
794 1596 864 1631 πρὸς

79 1646 133 1675 τοὺς
149 1644 176 1676 ἐξ
198 1645 309 1680 ’Δρείου
332 1644 379 1670 καὶ
404 1643 573 1670 Μακεδονίου
588 1642 754 1678 διεφέροντο.
780 1643 821 1670 Τὰ
838 1643 862 1669 δ’

80 1689 139 1715 ἄλλα
154 1691 210 1721 τοῖς
237 1690 268 1715 ὲν
295 1688 397 1723 Νικαίᾳ
415 1688 449 1714 τὰ
479 1688 525 1714 ἶσα
552 1687 766 1722 δογματίζοντες
781 1685 863 1723 ἦσαν.

81 1735 155 1762 Ἀλλὰ
174 1737 240 1771 περὶ
257 1737 308 1772 μὲν
332 1734 540 1769 Ἀπολλιναρίου
556 1733 605 1761 καὶ
623 1733 702 1766 αὖθις
722 1734 793 1761 κατὰ
811 1734 864 1769 χώ-

83 1790 125 1814 ραν
134 1782 264 1817 ἐροῦμεν.

909 176 1073 208 admissum,
1091 177 1207 204 charum
1235 178 1353 205 maxime
1369 179 1467 206 habuit
1487 187 1496 206 :
1513 184 1540 206 et
1563 181 1596 207 ad
1615 182 1699 210 Iulia-

911 230 975 248 num
1000 223 1098 250 crebro
1125 224 1211 254 misit,
1231 231 1293 250 cum
1316 225 1391 251 illum
1412 225 1445 251 ad
1470 225 1647 254 Grmcismum
1670 231 1699 254 et

911 268 1046 295 idolorum
1063 270 1167 296 cultum
1193 270 1310 297 deﬁcere
1335 268 1524 300 intellexisset.
1550 277 1577 298 ιιι
1595 273 1700 300 scilicet

912 314 1051 341 hominem
1069 323 1100 341 ex
1121 315 1271 350 impietatis
1293 316 1421 343 barathro
1443 319 1609 345 extraheret.
1628 318 1699 351 Quin

910 365 938 388 et
965 360 1122 388 divinarum
1142 361 1308 389 Litterarum
1338 362 1477 390 doctorem
1504 363 1580 390 ἱΙΙιιιιι
1606 364 1700 391 Gallus

909 407 1041 434 instituit.
1060 407 1123 436 Haec
1145 408 1179 435 de
1196 409 1288 436 Aetio.
1314 409 1456 442 Quomodo
1473 415 1563 436 autem
1586 411 1619 437 ad
1642 411 1702 444 epi-

910 457 1053 488 scopatum
1075 458 1198 486 evectus,
1210 459 1269 481 ‘non
1292 455 1389 490 exigua
1414 463 1478 490 pars
1492 463 1588 483 eorum
1605 456 1699 488 fuerit.

909 499 956 534 qui
974 500 1004 525 τὸ
1018 500 1146 530 ἀνόμοιον
1163 501 1211 526 καὶ
1225 500 1409 535 ἐτεροούσιον,
1427 500 1478 527 hoc
1494 506 1545 532 est,
1570 501 1701 529 dissimile

911 548 937 571 et
968 544 1080 571 alterius
1109 544 1269 572 substantia:
1299 545 1472 576 docuerunt.
1506 550 1587 580 atque
1618 546 1700 573 etiam

910 595 1107 618 exauctoratus
1129 591 1219 618 solum
1240 592 1328 618 exsilii
1346 599 1428 619 causa
1447 593 1560 620 vorterit
1583 602 1589 619 ι
1609 593 1702 620 Euno-

912 636 983 663 mius
1003 640 1093 663 autem
1115 637 1202 664 Inulto
1217 645 1251 664 eo
1265 637 1399 668 deterior,
1419 638 1536 664 factione
1551 639 1610 673 ejus
1623 647 1700 674 syco-

912 682 1024 716 phantia
1038 682 1237 715 circumventa,
1276 684 1302 710 in
1321 684 1411 711 locum
1429 687 1489 718 ejus
1504 685 1636 712 suII'cctus
1653 686 1699 717 sit,

911 733 938 755 et
955 729 987 755 de
1003 729 1062 763 ipso
1077 729 1159 755 etiam
1172 729 1318 761 Eunomio,
1337 735 1430 764 postea
1446 731 1578 758 dicemus.
1597 731 1698 758 lfodem

912 779 1036 810 tempore
1051 774 1192 801 Laodiceae
1210 775 1238 801 in
1253 775 1330 810 Syria
1346 776 1397 802 viri
1415 777 1498 803 etiam
1514 776 1569 803 duo
1581 776 1700 804 ﬂoruere

875 817 895 844 Β
911 820 1097 855 cognomines,
1116 827 1194 856 paler
1208 821 1338 849 videlicet
1350 826 1377 849 et
1393 821 1466 849 ﬁlius
1483 823 1612 857 :utrique
1626 823 1699 850 enim

910 867 1078 901 Apollinaris
1095 875 1195 894 nomen
1213 872 1284 895 erat.
1302 868 1335 895 Et
1353 872 1431 902 pater
1446 868 1609 904 presbyteri,
1628 869 1699 896 [ilius

909 913 1023 940 lectoris
1034 913 1160 940 ordinem
1175 913 1326 940 obtinebat.
1339 914 1429 941 Ambo
1442 914 1598 942 Grzecarum
1615 915 1700 942 disci-

911 959 1068 994 plinarum,
1096 959 1278 994 grammatica:
1305 964 1401 993 pater,
1433 959 1579 987 rhetoricae
1604 959 1699 993 ﬁlius,

912 1005 1033 1041 magistri
1061 1009 1150 1032 erant.
1183 1005 1265 1040 719
1293 1005 1382 1032 Senex
1413 1006 1584 1034 Alexandriae
1610 1012 1700 1040 ortus,

912 1051 1002 1082 Beryti
1025 1050 1122 1077 docuit
1139 1060 1145 1076 :
1164 1055 1191 1077 et
1204 1051 1285 1078 ducta
1305 1050 1446 1078 Laodireze
1465 1052 1591 1086 conjuge.
1615 1051 1700 1086 Apol-

911 1098 1018 1125 Iioarim
1035 1097 1121 1124 [ilium
1136 1097 1290 1132 progenuit.
1309 1097 1339 1124 Et
1355 1103 1417 1124 cum
1431 1097 1586 1132 Epiphanio
1606 1097 1701 1132 sophi-

911 1143 1006 1170 sticam
1024 1143 1182 1178 profitente.
1199 1143 1236 1170 illi
1257 1143 1338 1169 simul
1356 1142 1496 1172 ﬂorentes.
1514 1150 1576 1169 eum
1597 1147 1625 1169 ut
1640 1142 1700 1169 veri

911 1187 992 1214 amici
1020 1193 1085 1215 sunt
1109 1187 1255 1222 complexi.
1283 1187 1318 1213 At
1336 1187 1497 1214 Theodotus
1522 1186 1700 1215 Laodicensis

913 1240 969 1261 tum
988 1234 1146 1268 cpiscopus,
1170 1232 1244 1267 quod
1268 1236 1405 1259 metueret
1423 1240 1457 1259 ne
1473 1233 1603 1259 continua
1627 1233 1701 1260 illius

912 1277 1116 1304 consuetudine
1135 1276 1168 1303 ad
1186 1277 1310 1303 Grmcam
1329 1277 1499 1311 impietatem
1516 1277 1699 1309 declinarent,

913 1324 1102 1352 familiaritate
1115 1322 1189 1350 illius
1199 1323 1240 1350 eis
1255 1323 1409 1350 interdixit.
1423 1323 1475 1350 Sed
1488 1323 1544 1350 illis
1554 1323 1700 1357 Epiphanii

913 1370 1034 1398 amicitia
1060 1369 1181 1404 episcopi
1205 1368 1304 1396 edictis
1338 1370 1428 1404 potior
1452 1369 1514 1396 fuit.
1542 1369 1658 1396 Proinde
1674 1375 1702 1396 ct

914 1415 1051 1444 Theodoti
1064 1422 1207 1442 successor
1220 1414 1365 1449 Georgius,
1378 1423 1439 1441 cum
1458 1415 1541 1441 multa
1557 1420 1699 1447 tentasset,

916 1467 946 1490 ut
974 1463 1085 1490 illorum
1115 1461 1259 1488 dirimeret
1284 1461 1525 1496 conjum-tionem,
1558 1468 1701 1495 postquam

916 1516 1028 1543 operam
1045 1515 1122 1534 suam
1144 1507 1245 1534 frustra
1270 1514 1331 1534 esse
1347 1507 1417 1534 vidit
1429 1528 1435 1539 ,
1452 1507 1638 1534 ecclesiastica
1654 1515 1702 1534 eos

917 1553 1059 1589 prohibuit
1073 1552 1278 1579 communione.
1292 1552 1352 1585 Quo
1369 1553 1439 1579 facto
1455 1559 1506 1587 pro
1522 1552 1620 1587 insigni
1637 1560 1703 1579 cou-

917 1598 1028 1626 tumelia
1048 1603 1172 1632 accepto,
1198 1597 1271 1625 [ilius
1295 1597 1455 1632 sepliisticis
1472 1597 1560 1624 fretus
1579 1597 1702 1632 capturis

915 1648 943 1671 et
966 1643 1093 1678 argutiis,
1121 1650 1217 1670 novam
1243 1643 1390 1678 quamdam
1419 1642 1545 1669 haeresim
1571 1642 1701 1673 instituit,

916 1697 1015 1717 nomen
1029 1689 1152 1717 auctoris
1169 1688 1257 1724 ipsius
1274 1689 1451 1716 referentem.
1468 1690 1513 1716 Est
1533 1692 1560 1715 et
1576 1688 1628 1715 alia
1648 1688 1704 1722 opi-

917 1735 974 1767 nio,
992 1742 1047 1761 non
1072 1734 1108 1762 ob
1129 1741 1190 1761 eam
1208 1742 1291 1769 quam
1307 1734 1414 1762 scilicet
1436 1735 1557 1762 diximus
1580 1742 1701 1763 causam.

916 1780 995 1808 illum
1013 1787 1028 1807 a
1052 1780 1170 1815 Georgio
1194 1780 1346 1808 descivisse
1369 1789 1376 1808 :
1401 1781 1448 1808 sed
1474 1781 1546 1815 quod
1571 1780 1706 1816 Georgius

82 1827 159 1854 aliena
176 1835 293 1863 prorsus
307 1831 336 1855 et
356 1827 477 1855 absurda
503 1826 634 1862 opinione
667 1833 741 1853 nunc
777 1825 837 1853 Arii
875 1825 1029 1853 defendens
1050 1826 1228 1858 sententiam,
1253 1834 1326 1854 nunc
1343 1826 1475 1860 aequalem
1497 1825 1569 1853 Patri
1604 1825 1703 1853 Filium

84 1874 218 1907 proﬁtcns,
233 1873 386 1901 conventui
402 1873 538 1901 Seleucia:
554 1877 616 1900 acto
634 1872 798 1900 assensisset
813 1880 821 1899 :
853 1880 886 1900 ea
905 1872 1078 1908 Apollinares
1114 1877 1223 1907 arrepta
1242 1873 1396 1905 occasione,
1411 1873 1606 1899 discessionem
1622 1873 1656 1899 ab
1670 1880 1704 1899 eo

83 1919 171 1948 iecisse
189 1931 196 1946 :
214 1925 243 1947 et
264 1927 326 1947 cum
345 1920 371 1947 id
393 1927 474 1947 nemo
490 1925 621 1953 curaret,
639 1918 796 1954 opinionem
833 1927 932 1946 novam
967 1918 1101 1946 inducere
1114 1925 1230 1946 conatos
1261 1927 1330 1946 esse.
1345 1919 1467 1946 Docuerc
1481 1923 1584 1948 autem.
1611 1918 1706 1945 Domi-

83 1974 141 1993 num
157 1967 250 1994 carnis
271 1966 498 1994 ceconomiamet
516 1966 686 1993 Iunctionem
720 1966 801 1994 Iactis
837 1966 906 2000 ipsis
924 1966 1087 1997 obeuntem,
1111 1965 1230 1992 animam
1262 1973 1314 1992 non
1344 1965 1492 2000 recepisse.
1523 1966 1562 1992 Ac
1594 1973 1704 1992 rursum

85 2012 159 2040 rcluti
183 2013 363 2040 absurditate
389 2020 421 2040 ea
446 2020 493 2047 per
518 2012 710 2047 paenitentiam
736 2017 869 2046 correcta,
906 2012 1025 2039 animant
1051 2011 1161 2046 quidem
1185 2012 1323 2046 recepisse
1349 2011 1489 2044 addidere,
1516 2019 1576 2039 eam
1614 2016 1705 2039 autem

84 2060 223 2088 humanam
241 2068 298 2087 non
321 2058 421 2087 habere
451 2065 580 2087 mentem.
606 2059 678 2086 Satis
700 2067 819 2094 namque
840 2059 864 2087 ei
885 2067 936 2094 pro
973 2061 1063 2085 mente
1084 2058 1255 2085 divinitatem
1282 2058 1379 2090 fuisse,
1412 2066 1473 2093 quze
1497 2058 1637 2086 hominem
1662 2066 1707 2086 as-

84 2111 236 2143 sumpserit.
266 2109 356 2142 Atque
381 2115 412 2134 ea
430 2115 459 2134 re
483 2116 536 2134 una
552 2107 586 2135 ab
602 2107 765 2135 orthodoxis
795 2107 973 2139 dissidentes,
1010 2107 1037 2134 in
1050 2106 1112 2133 aliis
1141 2106 1237 2133 eadem
1256 2114 1316 2141 qum
1332 2107 1505 2134 Nicmnorum
1534 2107 1706 2135 decretorum

84 2157 203 2188 studiosi,
227 2155 398 2184 sentiebant.
422 2155 522 2183 Verum
547 2155 582 2183 de
600 2155 752 2190 Apollinari
773 2161 867 2190 postea
886 2163 996 2191 quoque
1011 2155 1072 2183 loco
1085 2162 1136 2182 suo
1153 2154 1271 2181 dicetur.

375 2214 503 2242 ΚΕΦᾹΛ.
521 2215 578 2242 IH'.

1200 2215 1314 2244 CAPUT
1335 2215 1430 2242 XVIII.

258 2261 330 2295 Περὶ
345 2261 495 2295 Θεοφίλου
508 2261 562 2287 τοῦ
580 2259 692 2288 Ἰνδοῦ.

118 2316 170 2345 Ἦν
192 2319 223 2345 δὲ
237 2318 279 2352 τῷ
297 2318 358 2344 τότε
375 2317 458 2349 πολύς
475 2325 518 2349 τις
543 2316 586 2343 ἐπ’
611 2318 696 2353 ἀρετῇ
718 2317 766 2344 καὶ
782 2317 873 2351 λόγοις

87 2365 251 2399 ὑμνούμενος
271 2365 320 2390 καὶ
340 2364 471 2398 Θεόφιλος
488 2364 593 2395 ἐκεῖνος
618 2363 648 2395 ὃς
662 2363 801 2398 ἐπεκλήθη
825 2363 875 2390 'Iv-

86 2411 126 2442 δὸς
136 2419 142 2425 λ
156 2411 186 2438 οὖ
200 2418 278 2442 τινος
292 2410 342 2446 μὲν
359 2410 481 2444 ὲπάρξας
497 2410 640 2445 αἱρέσεως,
657 2410 696 2445 τῷ
713 2409 876 2445 Ἀρειανικῷ

87 2457 113 2484 δὲ
130 2458 201 2492 μάλα
216 2457 418 2492 προσκείμενος
433 2457 616 2491 δόγματι.¹¹ος
633 2456 680 2484 ἐπὶ
698 2456 875 2483 Κωνσταντί-

87 2512 128 2530 νου
141 2504 204 2531 καθ’
214 2503 337 2539 ὁμηρίαν
347 2504 378 2529 ὲκ
390 2502 529 2538 Διαῦηνῶν
544 2503 583 2534 εἰς
600 2502 752 2536 Ῥωμαίους
764 2501 873 2536 ἐστάλη,

89 2552 142 2582 νέος
161 2553 234 2578 πάνυ
251 2551 301 2586 τὴν
317 2550 426 2585 ἡλικίαν
441 2549 488 2576 ὧν.
514 2547 546 2575 ἸΙ
560 2549 588 2576 δὲ
600 2549 716 2580 Διαϐοῦς
727 2549 807 2584 νῆσός
818 2549 875 2574 ὲστι

91 2597 192 2632 μεγάλη
205 2617 214 2630 ,
234 2595 314 2631 χώρα
329 2595 357 2622 δὲ
378 2595 475 2629 Ἰνδικὴ
492 2594 644 2630 διαϐόητος.
660 2594 788 2628 Θεόφιλος
802 2594 830 2620 δὲ
843 2595 875 2629 τῇ

90 2645 179 2679 μακρᾷ
194 2643 326 2678 διατριϐῇ
344 2645 380 2669 τά
393 2650 421 2668 τε
435 2641 489 2677 ἢθη
506 2641 574 2677 πρὸς
593 2641 623 2667 τὸ
639 2640 795 2675 Ῥωμαϊκὸν
812 2648 877 2676 μετ-

89 2690 238 2724 ερῥύῦμισε
268 2689 375 2724 σχῆμα,
402 2689 439 2719 ὡς
464 2688 573 2714 καὶτὸν
603 2687 747 2722 μοναύλιον
767 2686 877 2712 ἑλέσθαι

91 2734 154 2769 βίον,
169 2736 217 2762 καὶ
230 2736 271 2767 εἰς
285 2735 413 2762 διακόνου
430 2733 612 2769 παραγγεῖλαι
630 2732 745 2767 βαθμὸν,
764 2731 812 2758 τοῦ
829 2731 878 2757 Νι-

1169 2262 1207 2289 De
1224 2262 1361 2296 Theophila
1383 2263 1462 2289 ludo.

958 2320 1021 2347 Fuit
1046 2324 1103 2346 tum
1129 2319 1212 2346 etiam
1230 2324 1342 2353 propter
1361 2320 1492 2346 virtutem
1516 2324 1544 2347 et
1559 2319 1711 2348 doctrinam

925 2373 1090 2400 magnopere
1105 2365 1233 2392 laudatus
1252 2364 1423 2399 Theophilus
1438 2364 1492 2395 ille.
1509 2364 1555 2399 qui
1569 2366 1712 2399 cognomi-

925 2415 1007 2438 natas
1019 2415 1061 2437 est
1076 2410 1161 2437 Indus
1177 2418 1184 2436 :
1204 2418 1257 2437 non
1274 2410 1319 2437 ille
1339 2410 1450 2444 quidem
1466 2410 1580 2437 lizeresis
1595 2410 1713 2444 alicujus

926 2461 1034 2487 auctor,
1059 2456 1106 2483 sed
1135 2456 1291 2483 Arianismo
1323 2456 1472 2490 plurimum
1496 2455 1632 2482 addictus.
1661 2456 1713 2489 Qui

929 2502 980 2528 sub
1004 2501 1186 2529 Constantino
1211 2501 1247 2528 ab
1274 2501 1423 2528 Adiabenis
1449 2501 1598 2528 admodum
1624 2502 1714 2528 adhuc

927 2547 1053 2583 juvenis,
1078 2547 1159 2574 obses
1190 2547 1217 2574 in
1242 2547 1427 2574 Romanarum
1469 2547 1601 2574 ditionem
1627 2548 1717 2574 fuerat

928 2593 1041 2626 missus.
1070 2592 1211 2620 Adiabeno
1236 2592 1275 2627 (I)
1295 2600 1359 2620 vero
1381 2599 1478 2628 magna
1499 2597 1542 2620 est
1566 2593 1665 2624 insula.
1689 2599 1717 2621 et

931 2639 1006 2673 regio
1024 2638 1133 2670 Indica,
1161 2638 1290 2666 celebris.
1316 2638 1355 2666 Ac
1375 2638 1545 2673 Theophilus
1568 2645 1716 2667 consuetu-

931 2686 994 2712 dine
1017 2685 1149 2711 diuturna
1171 2684 1242 2711 adeo
1268 2691 1359 2711 mores
1379 2683 1412 2711 ad
1437 2684 1624 2712 Romanorum
1642 2686 1719 2713 insti-

932 2735 990 2758 tuta
1007 2729 1198 2764 conformavit,
1217 2729 1299 2765 720
1311 2734 1339 2758 ut
1353 2735 1380 2758 et
1395 2731 1575 2758 monasticam
1588 2732 1720 2766 (Icit‘gl‘ril

125 2792 162 2828 (i)
179 2793 259 2828 Apud
273 2793 345 2820 Plin.
360 2791 499 2836 Adiabeno
510 2790 684 2827 Assyriorum
697 2794 738 2817 cst
755 2789 873 2824 initium,
894 2789 942 2817 lib.
959 2798 996 2823 γι,
1013 2796 1072 2824 cap.
1093 2789 1132 2816 I3.
