1904 3070
52 97 97 129 3M
510 93 816 126 ECCLESIASTlC/E
837 91 1030 122 HISTOHL‘E
1052 91 1126 120 ΜΒ.
1149 90 1198 120 ΙΧ.

1615 88 1668 120 ἶ)οὲ

52 159 81 183 τὰ
95 154 303 190 χθαμαλώτερα
318 154 399 180 τόπον
410 153 443 187 τῇ
463 153 532 187 ῥοπῇ
553 152 599 178 τοῦ
619 151 759 186 βρίθοντος
775 149 837 175 ὕδα-

899 149 914 174 d
931 147 1070 174 amittens.
1095 147 1157 174 lltec
1174 145 1274 180 quippe
1297 149 1339 171 est
1363 143 1408 171 illa
1425 151 1482 177 qua:
1502 144 1590 171 media
1603 154 1669 173 zuna

52 210 92 232 τῆς
111 199 278 235 παρασχών.
304 198 336 226 '0
348 198 371 225 δ’
388 197 468 227 αὐτὸς
481 197 591 232 είκασίᾳ
611 195 763 233 χρώμενος,
779 195 836 220 κεῖ-

54 247 112 274 σθαί
125 255 195 280 φησι
211 246 262 272 καὶ
287 244 334 272 τὸν
350 244 516 279 παράδεισον
533 243 603 269 κατὰ
617 243 667 274 τὰς
691 240 836 276 ἰσημερίας

53 293 97 326 τῆς
109 292 196 326 ὴοῦςσ
221 292 334 325 πρῶτον
349 290 410 324 μὲν,
426 290 455 321 ἑξ
471 287 508 316 ὧν
522 289 556 316 τὰ
571 289 639 323 πρὸς
661 287 836 322 μεσημϐρίαν

53 339 114 373 ὂῆλά
129 340 191 365 ἐστι
211 338 303 364 πάντα
329 337 478 370 οἰκούμενα
496 335 591 370 σχεδὸν
616 335 696 369 μέχρι
710 334 760 367 τῆς
786 332 837 364 EE'o

54 385 197 419 θαλάττης,
225 384 262 418 ἢν
288 383 425 409 θάλατταν
450 383 463 408 ὁ
493 382 570 416 ἥλιος
596 381 646 416 ἠδη
674 379 836 414 ξυμφλέγει,

54 432 183 462 κατ’ἑτος
201 431 248 457 ἐπ’
261 431 331 464 αὐτῇ
348 430 397 460 τὰς
414 430 525 460 ἀκτῖνας
547 428 659 464 ἐρείδων
673 436 681 444 ·
697 428 745 453 καὶ
761 428 776 461 ἡ
794 427 838 453 διὰ

55 479 133 511 μέσου
150 477 292 511 λεγομένη
308 476 380 510 ζώνη
395 475 475 502 τοῦτό
497 475 570 501 ἐστιν
585 481 593 489 ⁸
607 473 646 500 ἔτι
666 473 693 499 δὲ
709 473 756 500 καὶ
769 473 838 499 διότι

54 526 66 550 ὁ
83 524 128 549 νῦν
148 523 275 557 ’Υιροισις
300 522 467 555 καλούμενος
493 511 626 554 ποταμὸς,
649 519 679 545 ὃν
699 520 716 554 ὴ
742 519 838 553 Γραφὴ

55 567 151 594 Ιίιεισὼν
167 566 314 600 ὀνομάζει,
328 567 376 592 καὶ
390 565 472 596 αὐτὸς
485 565 530 591 τοῦ
543 563 707 599 παραδείσου
724 562 840 589 ὀιναῦλὺ-

55 615 112 645 ζων,
124 614 157 639 ἐκ
177 612 235 639 τῶν
252 612 388 646 ἀρκτῴων
406 611 508 646 μᾶλλον
531 610 582 644 τῆς
596 609 730 642 ἀνατολῆς
748 609 840 643 μερῶν

55 661 96 685 ἐπὶ
121 659 172 694 τὴν
192 658 370 693 μεσημϐρίαν
398 657 524 691 φαίνεται
551 656 631 691 ῥέων,
660 656 707 681 καὶ
732 656 771 686 εἰς
796 655 840 680 τδν

55 706 132 740 ταύτῃ
154 704 287 732 Ὠκεανὸν
303 703 334 729 τὸ
348 703 454 738 ῥεῖθρον
473 701 709 736 είσερευγὸμενος,
725 700 840 734 ἀντικρὺ

55 754 98 786 τῆς
116 753 203 786 νήσου
230 749 415 785 Ταπροὸάνης
429 757 436 765 ·
460 745 490 775 οὗ
512 748 587 784 παρὰ.
611 747 660 779 τὰς
685 746 770 781 ὄχθας
794 744 840 772 τοῦ

56 799 171 833 ποταμοῦ
189 798 352 832 εὑρίσκεται
364 797 394 823 τὸ
408 795 558 830 λεγόμενον
571 793 772 830 καρυόφυλλον,
786 792 841 819 εἴτι

56 846 164 881 καρπὸς,
184 846 244 872 εῐτε
263 844 292 870 δὲ
309 844 355 870 καὶ
369 843 451 878 ἄνθος
467 843 607 877 τυγχάνει.
622 841 678 868 Καὶ
693 839 841 866 πεπιστεύ-

57 902 127 918 κασιν
152 892 179 918 οἱ
195 891 292 926 ἐκείνῃ
316 890 455 921 οἰκοῦντες
480 889 534 915 τῶν
551 889 583 915 ὲκ
601 887 648 914 τοῦ
674 886 840 921 παραδείσου

57 937 128 964 τοῦτο
144 937 260 970 δένδρον
274 933 356 962 εἶναι.
379 935 434 961 Καὶ
447 933 501 969 γὰρ
515 934 562 959 καὶ
572 935 594 968 χή
610 933 680 967 ὑπὲρ
693 933 791 962 αὐτοὺς
805 931 840 964 γῆ

58 983 152 1017 ἔρημός
166 983 198 1008 τέ
219 984 280 1008 ἐστι
299 980 394 1011 δεινῶς
414 979 509 1007 ἅπασα
525 979 571 1005 καὶ
585 978 776 1012 ἀκαρποτάτη.
795 976 843 1002 Ἐκ

58 1027 81 1053 δὲ
96 1036 140 1052 τνἿ
158 1026 258 1060 φέρειν
271 1025 319 1051 τὸν
337 1024 459 1057 ποταμὸν
472 1024 503 1050 τδ
516 1022 596 1053 ἄνθος
612 1021 738 1056 ἐπίδηλον
751 1020 784 1047 ἂν
798 1020 840 1054 εἴη

59 1083 89 1099 uJ.’
104 1071 182 1103 οὗτος
195 1074 212 1099 ό
232 1071 357 1105 ποταμὸς
371 1072 440 1105 ὑπὲρ
456 1069 508 1104 γῆς
529 1070 602 1100 ἄπας
619 1069 686 1102 ῥέει,
705 1067 842 1102 μηδαμόθι

58 1120 260 1153 καταδυόμενος
274 1126 280 1133 ·
295 1118 326 1144 οὐ
347 1117 401 1151 γὰρ
416 1118 449 1143 ἂν
468 1117 497 1142 τὸ
509 1115 617 1142 ἐκεῖθεν
633 1114 768 1148 φυόμενον
780 1112 844 1147 ἡδύ-

61 1174 117 1191 nm
147 1165 259 1199 φέρειν.
283 1164 361 1198 Ἔχει
381 1163 409 1188 δέ
435 1171 461 1188 τι
483 1162 530 1188 καὶ
546 1161 610 1188 ἄλλο
636 1160 771 1195 σύμϐολον
793 1159 843 1193 τῆς

59 1214 119 1248 περὶ
139 1213 187 1239 τὸν
213 1211 384 1246 παράδεισον
397 1209 502 1243 γεηρᾶς
524 1208 678 1242 ἐπιμιξίας.
706 1207 775 1232 Φασὶ
788 1205 843 1239 γὰρ

59 1260 91 1290 ὡς
104 1260 151 1285 ἐάν
167 1266 214 1289 τις
227 1258 305 1291 τύχοι
321 1255 430 1290 πυρετῷ
445 1254 538 1289 λάϐρῳ
553 1253 729 1287 φλεγόμενος,
744 1253 784 1283 είς
799 1252 844 1279 τὸν

59 1306 178 1340 ποταμὸν
205 1303 423 1338 βαπισὰμενος,
439 1300 600 1336 παραυτίκα
620 1299 668 1325 τοῦ
692 1299 845 1333 νοσήματος

59 1351 276 1377 ἀπαλλάττεται.
302 1347 332 1374 '0
351 1347 379 1373 δὲ
402 1345 498 1379 Τίγρις
525 1344 572 1370 καὶ
594 1343 754 1378 Εὐφράτης.
776 1341 845 1368 διότι

59 1396 228 1422 καταδύουσι
246 1395 294 1420 καὶ
310 1391 392 1419 πάλιν
404 1390 572 1425 ἀνίσχουσιν,
589 1388 665 1414 οὐδὲν
683 1387 787 1413 ἐκεῖθεν
800 1385 846 1412 δύ-

59 1453 150 1471 νανται
166 1441 308 1475 κομίζειν,
316 1439 408 1474 ὥσπερ
421 1439 435 1464 ὁ
450 1437 577 1471 Ὕφασις.
591 1435 658 1462 Οὺδέ
670 1443 702 1468 γε
715 1436 728 1461 ὁ
739 1434 845 1464 Νεῖλος⁸

887 192 997 219 dicitur.
1018 192 1119 219 Deinde
1141 190 1214 226 quod
1230 191 1253 217 is
1270 190 1316 224 qui
1329 197 1401 216 nunc
1417 188 1550 225 Hyphasis
1568 190 1670 218 dicitur

885 237 997 270 ﬂuvius,
1015 238 1041 265 in
1063 237 1213 272 Scripturis
1228 236 1313 263 sacris
1331 236 1434 263 Phison
1460 236 1625 268 nominatus.
1643 240 1671 263 et

888 284 945 318 ipse
966 291 980 310 c
1000 283 1126 318 paradiso
1149 287 1239 309 ortum
1262 282 1383 314 ducens,
1410 289 1441 307 ex
1462 281 1563 308 arctois
1586 280 1672 315 magis

887 329 1008 357 Orientis
1033 329 1157 363 partibus
1178 328 1320 355 meridiem
1338 334 1433 354 versus
1448 327 1584 361 proﬂuere
1598 327 1673 353 ridev

889 382 944 407 tur.
960 380 988 403 ct
1001 376 1028 403 in
1040 376 1099 410 ejus
1111 375 1196 409 ipsius
1210 382 1265 401 ora:
1280 374 1418 402 Oceanum
1431 381 1516 408 aquas
1532 381 1596 400 suas
1607 381 1674 399 con—

887 423 974 457 jirere
996 429 1030 449 ex
1059 420 1176 447 adverso
1202 419 1373 454 Taprobante
1395 419 1501 446 insulae.
1528 419 1569 446 Ad
1593 419 1673 454 cujus

889 467 1013 494 ﬂuminis
1029 467 1103 501 ripas
1117 465 1258 493 invenitur
1274 466 1347 500 quod
1371 465 1576 500 caryophyllum
1591 472 1674 491 voca-

891 519 945 543 tur.
963 513 1021 540 sive
1046 512 1073 539 id
1096 513 1214 542 fructus,
1229 519 1276 538 seu
1303 510 1353 538 ﬂos
1378 516 1430 538 est.
1455 511 1489 538 Et
1511 518 1672 544 persuasum

892 559 994 586 habent
1018 558 1065 592 qui
1083 557 1118 584 ibi
1144 556 1272 584 habitant
1294 556 1431 587 homines,
1448 556 1575 582 arborem
1601 555 1671 589 ejus.

891 614 924 632 ex
948 605 989 632 eis
1016 612 1077 639 quae
1102 603 1130 631 in
1154 603 1281 638 paradiso
1304 608 1380 634 sunt,
1397 610 1478 629 unum
1502 610 1573 629 esse.
1593 601 1674 636 724.

892 651 999 678 Etenim
1027 658 1060 677 ea
1083 657 1143 683 quae
1171 657 1254 683 supra
1281 656 1329 675 eos
1352 653 1394 676 est
1421 653 1506 680 terra,
1524 648 1673 675 admodum

893 697 1002 724 deserta
1018 700 1061 723 est
1081 700 1137 722 tota
1153 701 1180 722 et
1203 695 1318 722 sterilis.
1334 694 1411 726 Quod
1428 700 1519 720 autem
1539 694 1561 721 is
1576 693 1675 720 ﬂuvius

892 743 987 770 ﬂorem
1005 749 1067 768 eum
1080 741 1168 772 aﬂ‘ert,
1182 741 1249 767 satis
1265 744 1372 767 constat
1387 741 1464 767 illum
1478 747 1560 774 super
1573 743 1673 766 terram

894 792 982 815 totum
1004 786 1082 818 ferri,
1101 794 1189 820 neque
1209 786 1316 820 uspiam
1344 786 1396 813 sub
1420 792 1521 812 terrain
1547 785 1574 812 in
1595 785 1674 812 cuni-

893 835 970 862 culos
986 834 1093 862 demitti
1113 843 1119 861 :
1139 834 1219 860 aliter
1235 833 1320 864 enim,
1337 833 1408 867 quod
1425 833 1462 859 ibi
1480 837 1573 860 natum
1589 836 1674 864 esset,

892 881 1015 917 perferre
1036 889 1090 908 non
1107 885 1208 915 posset.
1227 880 1317 908 Habet
1335 884 1362 907 et
1385 880 1465 906 aliam
1492 879 1594 906 ﬂumen
1623 879 1676 906 hoc

893 932 985 954 notam
1007 931 1123 953 terrente
1144 933 1206 952 cum
1222 925 1352 960 paradiso
1378 925 1590 952 conimistionis.
1610 924 1677 951 Fer-

894 976 940 999 tur
954 973 1039 1004 enim,
1066 973 1088 999 si
1108 972 1172 1006 quis
1189 972 1260 998 febri
1278 971 1387 999 laboret
1400 971 1521 1002 ardenti,
1538 977 1566 998 et
1583 971 1609 998 in
1625 970 1677 997 flu-

894 1019 969 1045 mine
984 1026 1018 1045 eo
1029 1023 1179 1053 mergatur.
1195 1018 1345 1052 derepente
1361 1025 1424 1044 eum
1442 1017 1537 1044 morbo
1550 1016 1674 1044 liberari.

894 1064 984 1099 Tigris
1008 1072 1075 1092 vero
1099 1070 1127 1091 et
1145 1064 1310 1098 Euphrates,
1335 1064 1409 1098 quod
1426 1069 1527 1091 terram
1545 1064 1675 1096 subeant,

894 1113 922 1136 et
938 1117 1036 1136 rursus
1051 1114 1203 1144 emergant,
1221 1116 1275 1136 non
1292 1109 1397 1143 aliquid
1422 1109 1496 1140 inde.
1514 1113 1545 1136 ut
1567 1107 1678 1144 Hypha-

895 1157 933 1184 sis
948 1156 1001 1191 (Ι),
1031 1155 1130 1182 efferre
1157 1159 1283 1190 possunt.
1309 1155 1363 1182 Sed
1390 1163 1425 1182 ne
1448 1155 1525 1182 Nilus
1541 1154 1676 1189 quidem:

894 1211 958 1230 nam
971 1208 999 1230 et
1012 1203 1086 1229 hunc
1100 1202 1188 1236 ipsum
1203 1202 1266 1229 inde
1276 1201 1424 1236 proﬂuere,
1442 1201 1583 1235 inspirata:
1596 1200 1678 1228 Mosa:

896 1249 996 1276 litterae
1013 1252 1160 1276 testantur.
1177 1248 1259 1275 Gteon
1285 1247 1320 1273 ab
1345 1247 1415 1281 ipso,
1433 1255 1446 1273 a
1464 1247 1565 1275 Gnecis
1584 1251 1676 1273 autem

896 1296 1041 1330 [Egyptius
1058 1295 1220 1329 appellatur.
1248 1293 1297 1320 Hic
1318 1300 1446 1327 namque,
1461 1297 1595 1327 quantum
1610 1299 1677 1318 con-

895 1342 982 1376 jicere
1001 1341 1074 1372 licet,
1095 1347 1110 1366 e
1138 1340 1266 1375 paradiso
1283 1346 1428 1373 proruens,
1448 1338 1609 1372 priusquam
1631 1338 1679 1364 lia-

896 1386 1040 1414 bitabilem
1057 1385 1133 1412 orbis
1151 1390 1256 1418 partem
1282 1384 1383 1418 attigit,
1407 1384 1458 1410 sub
1483 1388 1583 1410 terram
1600 1383 1679 1409 cuni-

898 1433 967 1460 culis
984 1432 1135 1462 immissus,
1153 1431 1216 1458 inde
1232 1431 1356 1457 Indicum
1371 1437 1445 1456 mare
1460 1429 1545 1460 subit,
1559 1429 1610 1456 sub
1623 1437 1679 1464 quo

60 1491 105 1516 ml.
119 1489 177 1523 γὰρ
204 1487 254 1513 καὶ
281 1485 376 1511 τοῦτον
394 1482 499 1510 ἐκεῖθεν
525 1482 594 1516 ρεἰν,
610 1481 626 1514 ὴ
647 1479 771 1509 Μωσέως
788 1477 846 1504 ἐπί-

899 1479 925 1506 in
943 1479 1037 1506 orbem
1065 1478 1284 1505 circumvolutus
1301 1476 1342 1510 (ut
1365 1477 1526 1512 conjectura
1551 1480 1603 1508 est,
1618 1475 1682 1509 quis

60 1544 138 1562 πνοια
153 1535 246 1568 λέγει,
264 1531 354 1558 Γαιὼν
377 1529 459 1556 αὑτὸν
483 1527 671 1562 ὀνομάζουσα·
688 1525 718 1551 ὃν
733 1526 758 1551 οἱ
782 1523 850 1558 παρ’

61 1582 190 1616 Ἕλλησιν
216 1578 369 1612 Αἰγύπτιον
390 1574 516 1602 ἐκάλουν.
532 1569 616 1602 Οὗτος
641 1572 706 1606 γὰρ,
732 1571 770 1602 ὡς
790 1569 849 1596 ἐστι

62 1628 226 1662 συμϐαλεῖν,
246 1624 373 1659 ἐξορμῶν
400 1621 448 1647 τοῦ
464 1619 643 1655 παραδείσου,
669 1618 734 1652 πρὶν
758 1617 804 1642 ἐπὶ
819 1616 850 1642 τὺ

63 1674 222 1706 οἰκούμενον
238 1669 346 1704 φθάσαι
361 1667 574 1701 καταδυόμενος,
592 1665 689 1690 ἔπειτα
705 1664 755 1697 τὴν
776 1663 851 1688 Ἰνδι-

64 1721 110 1754 κὴν
126 1719 273 1745 θάλασσαν
297 1714 423 1742 ὑπελθὼν
446 1713 496 1744 ἔτι,
521 1713 569 1738 καὶ
592 1711 685 1744 κύκλῳ
713 1718 745 1744 γε
766 1708 851 1743 αὐτὴν

65 1763 250 1799 περιελαθεὶς
266 1762 305 1792 ὡς
324 1760 434 1787 εἰκάσαι
445 1767 452 1774 ·
470 1759 511 1789 τίς
527 1759 581 1793 γὰρ
606 1756 759 1791 ἀνθρώπων
773 1757 852 1790 ἀκρι-

66 1812 159 1837 6ώοειε
181 1809 288 1840 τοῦτο;
309 1807 358 1833 καὶ
380 1806 432 1832 ὑπὸ
460 1805 550 1831 πᾶσαν
575 1804 626 1839 τὴν
643 1804 672 1828 ἐν
698 1802 774 1836 μέσῳ
800 1801 852 1834 γῆν

67 1857 181 1893 ἐνεχθεὶς
200 1855 284 1890 μέχρι
300 1853 351 1887 τῆς
371 1851 506 1886 Ἐρυθρᾶς
519 1850 657 1883 θαλάσσης
668 1857 675 1865 ·
689 1849 737 1874 καὶ
750 1848 852 1881 ταύτην

67 1901 244 1938 ὑποδραμὼν,
259 1899 308 1926 ἐπὶ
322 1899 437 1933 θάτερον
453 1897 537 1931 αὐτῆς
552 1896 688 1922 ἐκδίδοται
703 1896 786 1929 μέρος
800 1893 852 1920 ὑπὸ

67 1951 93 1975 τι
105 1950 155 1984 τῆς
172 1948 294 1982 σελήνης
323 1945 492 1978 καλούμενον
512 1942 572 1977 ὅρος
596 1942 634 1975 (ἐν
650 1938 671 1974 ᾧ
689 1940 736 1966 δύο
760 1940 853 1974 πηγὰς

67 1996 173 2030 λέγεται
192 1995 296 2024 ποιεῖν,
331 1991 456 2025 ἀλλήλων
477 1990 528 2016 οὐκ
550 1988 640 2022 ὀλίγον
665 1987 853 2021 διεστηκυίας,

68 2043 185 2069 κάτωθεν
207 2040 307 2076 βιαίως
334 2035 631 2072 ἀναῤῥοιϐδουμέναςΓ
661 2034 708 2060 καὶ
734 2032 779 2059 διὰ
802 2032 853 2065 τῆς

67 2088 210 2118 Αἰθιοπίας
235 2084 372 2119 ἐνεχθεὶς,
397 2083 443 2108 ἐπὶ
467 2082 516 2116 τὴν
541 2080 680 2114 Αιγυπτον
700 2078 794 2113 χωρεῖ,
809 2077 854 2103 διὰ

70 2134 171 2169 πετρῶν
199 2130 383 2166 ὑψηλοτάτων
408 2126 657 2162 καταραττόμενος.
676 2125 738 2151 Ἔτι
757 2123 785 2150 δὲ
806 2123 854 2149 καὶ

69 2181 141 2207 τοῦτο
170 2178 357 2214 προστίθησιν
387 2176 423 2206 ὡς
451 2175 524 2201 ᾶπαν
555 2173 584 2199 τὸ
608 2171 677 2207 πρὸς
705 2170 852 2204 ἀνίσχοντα

68 2227 148 2260 ἥλιον,
166 2226 217 2252 καὶ
234 2224 301 2257 περὶ
312 2222 361 2257 τὴν
375 2219 549 2255 μεσημϐρίαν
565 2218 664 2252 κλίμα,
680 2217 769 2242 καίτοι
782 2216 854 2249 πέρα

70 2273 112 2299 τοῦ
139 2273 244 2307 μέτρου
276 2268 456 2303 θαλπόμενον,
477 2267 551 2300 ὅμως
583 2268 619 2291 τὰ
643 2265 780 2299 κράτιστα
806 2263 854 2290 καὶ

72 2319 186 2353 μέγιστα
204 2317 285 2351 φέρει
300 2314 364 2344 τῶν,
380 2314 430 2340 ὅσα
455 2313 488 2347 γῆ
504 2320 534 2338 τε
553 2312 600 2337 καὶ
616 2310 737 2337 θάλαττα
754 2308 854 2343 δυνατὴ

71 2367 185 2400 τρὲςειν.
200 2363 245 2389 Τά
258 2370 289 2388 τε
308 2361 361 2395 γὰρ
374 2360 444 2395 κήτη
457 2359 491 2385 τὰ
507 2356 684 2392 ὑπερμεγέθη
702 2357 770 2390 αὐτῇ
788 2355 855 2380 ὲνεῖ-

73 2420 109 2437 ναι
125 2413 158 2446 τῇ
175 2409 298 2443 θαλάττῃ
310 2415 318 2422 ·
339 2407 387 2433 καὶ
404 2406 456 2441 ήδη
472 2404 550 2439 ὤφθη
570 2403 699 2432 πολλάκις
721 2400 854 2427 ἐπιπολά-

74 2466 150 2483 σαντι
170 2457 229 2487 τοῖς
257 2455 306 2480 τὸν
336 2452 463 2478 Ὠκεανὸν
490 2452 595 2476 ἐκεῖνον
622 2446 854 2481 ναυτιλλομένοις.

73 2503 106 2529 Ἦ
122 2511 151 2529 τε
167 2504 224 2536 γὰρ
250 2500 289 2533 γῆ
308 2499 372 2528 τοὺς
388 2497 538 2530 ἐλέφαντας
560 2494 616 2529 ἔχει
632 2494 694 2524 τοὺς
711 2492 855 2527 μεγίστους

75 2551 117 2575 καὶ
131 2545 378 2583 ὑπερφυεστάτους
388 2551 395 2559 ·
413 2543 460 2569 καὶ
470 2542 502 2576 δὴ
513 2542 561 2568 καὶ
573 2541 634 2570 τοὺς
649 2539 856 2574 παρελέφαντας

74 2595 250 2629 λεγομένους,
267 2588 307 2617 ὧν
331 2590 360 2615 τὺ
377 2589 458 2623 γένος
475 2587 510 2614 τὰ
529 2586 577 2621 μὲν
600 2585 666 2612 ἄλλα
688 2584 777 2610 πάντα
794 2582 857 2617 βοῦς

75 2641 130 2666 ἐστι
150 2640 297 2675 μέγιστος,
311 2635 361 2670 τὴν
371 2635 400 2661 δὲ
414 2634 515 2669 βύρσαν
529 2633 576 2659 καὶ
593 2632 623 2658 τὸ
638 2631 737 2666 χρῶμα
745 2629 856 2663 ἐλέφας,

76 2711 184 2739 (novum
207 2707 308 2733 orbem
332 2705 441 2738 vocant)
473 2700 625 2739 abundare,
639 2707 708 2739 quas
730 2697 857 2739 homines

76 2733 218 2773 ipsum}:
235 2741 398 2766 universum
414 2733 579 2773 orbem‘qui
600 2733 701 2773 ubique
717 2734 759 2773 sit
767 2733 857 2773 vitalis

77 2767 313 2811 5{.Eé",'.a}iiceps.
330 2781 381 2799 non
404 2780 464 2811 esse
487 2767 694 2811 inhabitabilern
711 2778 717 2795 :
734 2768 761 2811 id
775 2767 856 2811 'quod

76 2803 225 2848 anttqtiitus
261 2803 347 2836 titiam
379 2809 493 2842 primum
526 2805 699 2832 Posidonium
735 2803 857 2838 philoso-

898 1527 972 1554 enim
1000 1526 1142 1553 hominum
1163 1526 1220 1552 hazc
1247 1530 1324 1551 certo
1355 1528 1493 1552 asseveret
1520 1529 1546 1551 et
1567 1523 1682 1551 demon-

898 1572 1000 1603 stret?)
1026 1576 1054 1599 et
1078 1576 1210 1605 prteterea
1233 1572 1283 1598 sub
1303 1571 1376 1597 omni
1396 1578 1427 1597 ea
1447 1578 1508 1605 qua:
1534 1570 1560 1596 in
1590 1570 1682 1597 medio

901 1618 1073 1654 protenditur
1101 1623 1184 1648 terra,
1209 1617 1243 1643 ad
1271 1625 1344 1644 mare
1363 1616 1485 1643 Rubrum
1503 1624 1681 1651 procurrens,

900 1673 933 1693 ac
946 1666 997 1692 sub
1013 1673 1046 1692 eo
1061 1672 1170 1699 quoque
1196 1664 1348 1698 prolapsus,
1364 1663 1391 1689 in
1409 1664 1525 1690 alterum
1542 1663 1603 1697 ejus
1633 1662 1682 1689 de-

900 1713 989 1739 fertur
1003 1711 1092 1740 littus.
1111 1711 1162 1737 sub
1176 1710 1203 1737 id
1219 1710 1292 1744 quod
1309 1710 1414 1736 dicitur
1432 1710 1503 1736 luna
1523 1712 1683 1743 promonto-

903 1759 974 1785 rium
993 1758 1050 1792 (ubi
1069 1757 1139 1784 duos
1161 1758 1248 1784 fertur
1265 1756 1373 1784 eﬂicere
1388 1756 1490 1787 fontes.
1512 1763 1566 1782 non
1585 1763 1681 1790 parum

903 1806 975 1832 inter
989 1813 1017 1832 se
1035 1804 1183 1836 distantes,
1199 1808 1227 1830 et
1243 1811 1352 1830 sursum
1369 1810 1477 1829 versum
1496 1809 1592 1837 magna
1606 1802 1632 1828 vi
1656 1807 1684 1829 et

903 1852 1011 1884 fragore
1035 1853 1270 1885 prorumpentes).
1296 1854 1325 1876 et
1348 1848 1411 1875 inde
1438 1855 1487 1882 per
1515 1847 1683 1881 [Ethiopiam

905 1896 1077 1930 provolutus.
1097 1895 1124 1920 in
1141 1894 1287 1928 ASgyptum
1303 1893 1452 1927 procurrit,
1469 1899 1518 1925 per
1537 1890 1685 1918 altissimas

904 1950 989 1977 rupes
1005 1942 1121 1976 strepitu
1139 1941 1273 1967 immenso
1301 1939 1485 1973 praecipitans.
1507 1937 1591 1964 Addit
1607 1937 1684 1964 insu-

903 1997 952 2024 per
969 1993 996 2015 et
1011 1988 1090 2019 illud,
1107 1992 1224 2013 tractum
1249 1986 1326 2019 illum
1345 1984 1420 2010 orbis
1443 1984 1477 2010 ad
1498 1983 1638 2010 Orientem
1656 1987 1685 2010 et

905 2034 1049 2061 meridiem
1067 2039 1186 2062 omnem,
1200 2030 1378 2065 quantumvis
1391 2030 1418 2056 in
1432 2029 1565 2055 immenso
1573 2028 1683 2059 ardore,

905 2080 1022 2107 maxima
1048 2083 1139 2105 tamen
1156 2082 1183 2105 et
1201 2076 1392 2104 robustissima
1412 2075 1484 2102 ferre
1504 2077 1607 2106 omnia,
1625 2082 1685 2110 quae.

906 2125 949 2151 vel
966 2129 1041 2150 terra
1056 2123 1099 2149 vel
1115 2129 1184 2156 aqua
1199 2122 1360 2156 gignuntur.
1376 2120 1406 2147 In
1420 2127 1454 2147 co
1465 2120 1538 2146 enim
1558 2120 1626 2146 mari
1640 2120 1687 2146 ad-

908 2169 1039 2197 miranda:
1055 2167 1254 2203 magnitudinis
1271 2166 1402 2194 immania
1422 2170 1482 2193 cete
1498 2166 1687 2200 reperiuntur,

907 2224 968 2251 quae
984 2222 1173 2249 saepenumero
1196 2214 1334 2241 Oceanum
1351 2219 1414 2240 eum
1430 2211 1624 2247 navigantibus
1642 2218 1689 2245 pe-

907 2263 968 2297 lago
983 2261 1136 2288 innatantia
1148 2265 1177 2287 et
1186 2259 1354 2293 emergentia
1365 2262 1563 2292 apparuerunt,
1573 2261 1601 2283 et
1617 2263 1689 2283 terra

909 2309 967 2343 ipsa
984 2307 1147 2341 elephantos
1163 2305 1246 2332 habet
1260 2305 1340 2338 longe
1361 2304 1494 2330 maximos
1518 2306 1546 2328 et
1562 2301 1689 2329 vastissi-

909 2361 968 2381 mos
985 2362 992 2379 :
1010 2357 1142 2386 pra-terea
1158 2358 1206 2377 eos
1222 2350 1269 2384 qui
1286 2349 1373 2383 spurii
1389 2347 1527 2382 elephanti
1546 2347 1688 2377 dicuntur,

909 2406 1028 2433 quorum
1044 2404 1131 2432 genus
1143 2401 1243 2423 caetera
1259 2395 1370 2430 quidem
1386 2394 1470 2420 boves
1488 2398 1552 2420 sunt
1567 2393 1689 2423 maximi,

910 2445 981 2479 pelle
997 2448 1089 2470 autem
1113 2447 1141 2468 et
1157 2442 1261 2474 colore,
1280 2442 1393 2475 ipsaque
1409 2438 1478 2465 adeo
1502 2437 1690 2470 innagnitudine

909 2488 1060 2522 elephanti.
1079 2486 1149 2513 Sunt
1170 2486 1206 2512 ibi
1229 2492 1338 2519 quoque
1356 2484 1491 2510 dracones
1503 2482 1561 2508 sive
1577 2488 1691 2515 serpen-

912 2534 1159 2568 tes,crassitudine
1175 2532 1298 2558 trabibus
1306 2537 1360 2557 non
1376 2528 1508 2560 minores,
1521 2526 1691 2562 longitudine

911 2582 942 2608 ad
961 2580 1118 2614 quindecim
1136 2577 1258 2612 protensi
1274 2582 1371 2609 orgyas
1386 2581 1434 2601 seu
1450 2580 1556 2608 passus,
1572 2575 1689 2606 quat-um

911 2628 1016 2655 exuviae
1029 2626 1110 2653 etiam
1129 2625 1243 2651 Romam
1260 2622 1325 2648 visa
1349 2624 1414 2648 sunt
1430 2618 1556 2653 perferri.
1570 2618 1603 2645 Et
1617 2618 1688 2652 apud

912 2696 1008 2731 phum.
1033 2691 1145 2731 Panaetii
1172 2689 1357 2731 discipulum“
1375 2686 1481 2731 deinde,
1495 2685 1693 2731 quoqueﬁérif

912 2720 1157 2758 (rteiinainiArabcm
1176 2720 1312 2753 medicum
1329 2723 1490 2750 observasse
1510 2720 1692 2755 quorumdam

913 2770 954 2793 est
969 2765 1073 2798 opinio.

949 2789 1078 2834 "(mum
1097 2799 1166 2826 Plin.
1182 2796 1294 2832 Hypasis
1308 2799 1361 2829 est,
1379 2793 1429 2821 lib.
1448 2800 1477 2823 ιι,
1497 2797 1557 2825 cap.
1579 2789 1623 2816 75-
