1904 3070
53 151 95 182 3ίῖ
479 162 480 165 ‘
501 150 801 181 ECCLESIASTICJE
828 149 1020 179 HISTORIE
1041 149 1112 179 LIB.
1137 149 1189 178 IX.

1603 147 1654 178 318

52 207 172 243 κράτορος
192 207 275 240 Θεοῦ,
299 208 344 234 καὶ
363 207 409 233 τοῦ
432 209 534 243 Κυρίου
555 208 634 243 ἡμῶν
649 207 738 239 Ἰησοῦ
760 208 819 242 Χρι-

880 207 1031 240 perieulum
1046 206 1178 234 insidiose
1188 205 1337 241 conjectus,
1346 208 1460 232 mortem
1472 206 1636 240 contempsit
1648 213 1655 232 ε

52 253 116 285 ατοῦ,
129 253 246 285 ἐλπίζων
260 253 318 286 ἅμα
333 254 379 280 καὶ
393 255 441 285 τὰς
455 254 600 284 ἑπιὸουλὰς
616 254 760 282 ὲκκὶινεῖν,
778 255 824 278 καὶ

50 298 350 331 ἁποκατασταῦήσεσθαι
376 299 444 332 πρὸς
472 298 608 333 ὑμετέραν
633 299 823 333 παράκλησιν,

51 344 129 378 φέρων
144 344 208 378 ὑμῖν
225 344 285 378 ἃμα
302 345 333 370 ἐκ
348 345 396 379 τῆς
416 345 551 379 ὑμετέρας
568 344 746 380 συνειδήσεως
764 345 824 376 μείς

51 389 104 420 ζονα
118 389 150 415 τὰ
167 390 290 423 τρόπαια
303 397 310 403 ³
327 390 356 415 ὲν
372 387 412 420 οἷς
429 390 477 416 καὶ
494 389 557 425 ἄχρι
574 391 717 425 τερμάτων
733 391 823 425 πάσης

51 434 91 468 τῆς
106 434 155 469 γῆς
174 435 282 467 ἔνδοξος
299 435 421 470 ἐγνώσθη
439 436 616 470 δοκιμασθεὶς
633 438 664 463 ὲκ
679 437 726 463 τοῦ
744 436 822 472 βίου,

51 481 296 516 παρρησιαζόμενος
319 483 367 516 μὲν
383 484 415 517 τῇ
439 482 567 518 προθέσει
588 484 635 509 καὶ
650 485 683 518 τῇ
705 484 822 518 οὐρανίῳ

51 525 214 560 διδασκαλίᾳ,
240 527 413 561 ἀποδειχθεὶς
436 528 465 554 δὲ
490 528 617 564 ἀθανάτῳ
642 529 731 562 κρίσει
756 530 821 564 παρ’

51 571 112 604 ὑμῶν
123 571 318 605 ἀγαπώμενος.
335 573 529 608 Ἑπανέρχεται
541 575 687 609 τοιγαροῦν
700 575 823 610 λαμπρό-

50 624 112 650 τερος
127 617 196 650 πρὸς
211 618 284 651 (qui;
300 618 358 649 νῦν,
374 618 390 653 ἦ
405 619 450 644 ὅτε
465 619 530 654 παρ’
542 619 619 653 ὑμῶν
634 620 819 654 ἀπεδήμησεν.

51 660 74 686 Et
86 661 135 694 γὰρ
149 661 199 687 καὶ
214 662 262 693 τὰς
275 663 367 697 τιμίας
383 663 461 695 ὕλας,
475 663 574 698 χρυσὸν
589 664 661 698 λέγω
675 664 721 690 καὶ
736 665 822 699 ἄργυ-

52 715 94 740 ρον,
108 707 146 738 είς
160 708 338 743 καθαρότητα
351 708 381 735 τὸ
397 708 452 744 πῦρ
466 709 607 743 δοκιμάζει
619 718 626 725 '
642 710 668 736 τί
684 710 715 736 ἄν
728 720 770 741 τις
785 711 822 737 εῐ-

51 759 86 776 τοι
106 752 255 784 κατ’ἀξίαν
275 754 403 780 τοσούτου
426 754 536 789 ἀνδρόςς
557 755 585 786 ὃς
607 755 742 782 τοσούτων
766 755 821 782 θλί-

50 797 110 830 ψεων
125 799 215 833 πυρὰν
231 800 278 826 καὶ
295 800 436 830 κινδύνους
451 802 565 836 νικήσας
575 821 583 833 ,
599 803 755 829 ἀποδίδοται
772 803 820 830 νῦν

51 842 104 875 ὑμῖν
123 843 221 875 ἀθῶος,
241 845 272 870 οὑ
297 846 361 880 παρ’
375 846 452 879 ὑμῶν
474 847 565 880 μόνον,
586 847 653 873 ἀλλὰ
674 847 721 873 καὶ
743 849 819 882 παρὰ

51 889 127 923 πάσης
139 889 189 924 τῆς
205 890 317 917 συνόδου
331 891 501 926 ἀποδεχὛείς.
518 892 703 925 ’Υποδέξασθε
719 894 818 926 τοίνυν,

50 935 171 970 ἀγαπητοὶ
185 937 309 970 ἀδελφοὶ,
324 937 393 971 μετὰ
408 938 498 973 πάσης
510 937 560 973 τῆς
575 939 645 965 κατὰ
661 939 728 966 Θεὸν
741 939 820 975 δόξης

50 989 74 1006 τε
89 982 130 1007 καὶ
147 984 235 1018 χαρᾶς
250 983 297 1008 τὴν
312 983 463 1010 ἐπίσκοπον
479 984 556 1017 ὑμῶν
573 984 733 1011 Ἀθανάσιον
746 987 820 1020 ’μετὰ

49 1028 139 1053 τούτων
151 1029 251 1060 οἵτινες
265 1028 340 1063 αὐτῷ
355 1029 478 1055 κοινωνοὶ
492 1029 628 1063 γεγόνασι.
644 1029 696 1056 Καὶ
712 1030 821 1064 χαίρετε

49 1072 95 1097 τῶν
106 1073 189 1107 εὐχῶν
205 1073 390 1105 ἀπολαύοντες
402 1083 409 1090 ·
426 1074 466 1100 ὅτι
484 1076 602 1109 ποιμένα
618 1075 663 1101 τὸν
677 1076 818 1110 ὑμέτερον,

49 1117 77 1143 ἰν·
87 1118 166 1150 οὕτως
181 1120 262 1152 εἴπω,
276 1120 412 1147 ποθοῦντα
427 1124 472 1148 καὶ
486 1122 605 1157 διψῶντα
618 1123 668 1158 τὴν
682 1124 821 1159 ὑμετέραν

49 1164 207 1197 Θεοσέδειαν,
225 1167 373 1202 σωτηρίοις
388 1169 506 1203 γραφαῖς
521 1169 653 1204 ἐθρέψατε
668 1170 714 1196 καὶ
728 1170 820 1196 ἐποτί-

49 1215 113 1235 σατε.
129 1209 184 1236 Καὶ
203 1211 258 1245 γὰρ
280 1212 326 1236 καὶ
341 1212 390 1245 τῆς
411 1213 455 1238 ἐπὶ
477 1212 556 1247 ξένης
576 1213 658 1239 αὑτοῦ
677 1213 820 1249 διατριϐῆς

48 1253 118 1287 ὑμεῖς
141 1257 303 1290 παραμυθία
326 1258 477 1292 γεγόνατε·
502 1259 549 1285 καὶ
574 1259 750 1294 διωκόμενον,
773 1260 820 1286 καὶ

46 1300 290 1335 ἐπιϐουλευόμενον,
304 1303 438 1337 ὲΘάλψατε
451 1306 511 1336 ταῖς
525 1306 701 1336 πιστοτάταις
714 1306 819 1333 ἑαυτῶν

45 1344 135 1379 ψυχαῖς
151 1350 196 1373 καὶ
212 1348 358 1380 διανοίαις.
377 1350 442 1384 Ἐμὲ
454 1350 482 1376 δὲ
496 1351 545 1385 ἤδη
561 1351 702 1385 εὐφραίνει
717 1352 820 1379 ἐννοού-

47 1399 134 1423 μενον,
149 1394 196 1418 καὶ
213 1395 379 1428 προνοοῦντα
393 1396 443 1429 τὴν
456 1397 502 1422 ἐπὶ
517 1397 548 1431 τῇ
565 1397 686 1430 ὲτιανόδῳ
702 1398 818 1424 ἑκάστου

45 1436 113 1469 ὑμῶν
121 1438 207 1473 χαρὰν
216 1459 223 1469 ,
233 1439 281 1465 καὶ
289 1439 337 1465 τοῦ
347 1440 464 1475 πλήθους
472 1441 521 1472 τὰς
530 1441 725 1474 σεὸαστοτάτας
735 1443 819 1470 ἀπαν-

44 1484 136 1515 τήσεις,
156 1484 205 1510 καὶ
222 1485 273 1519 τὴν
292 1485 396 1518 ἔνδοξον
415 1487 469 1513 τῶν
489 1488 691 1522 συντρεχόντων
710 1489 816 1523 ἑορτήν.

32 556 39 575 l

876 253 1003 287 praesidio
1015 253 1120 280 scilicet
1132 252 1330 286 omnipotentis
1348 251 1394 278 Dei
1407 255 1434 278 et
1447 251 1552 277 Domini
1568 251 1653 278 nostri

874 298 938 326 Jesu
962 299 1064 326 Christi
1088 302 1184 330 lectus,
1201 298 1245 325 ille
1263 298 1384 332 speravit
1397 297 1476 324 simul
1495 301 1522 323 et
1540 296 1655 322 insidias

874 343 1093 370 adversariorum
1113 351 1142 371 se
1157 351 1301 370 evasurum
1314 362 1322 373 .
1339 347 1366 370 et
1380 342 1413 368 ad
1432 350 1479 368 vos
1493 340 1656 368 consolatio-

874 391 916 417 nis
939 395 1036 417 vestrae
1059 391 1144 425 gratia
1172 390 1335 417 rediturum.
1364 390 1395 415 Et
1423 389 1505 415 simul
1532 388 1608 414 vobis
1623 396 1657 414 cx

873 436 1041 464 conscientia
1064 442 1153 463 vestra
1169 436 1296 470 pmclara
1319 435 1381 462 tulit
1398 439 1511 468 tropaea,
1530 441 1579 467 per
1595 441 1655 466 qua:

873 482 906 508 ad
924 483 999 509 orbis
1018 489 1105 516 usque
1131 482 1262 508 terminos
1274 481 1413 514 explorata
1435 480 1496 507 vitae
1512 480 1655 507 sanctitate

872 528 1020 562 praeclarus
1030 528 1154 561 cognitus
1169 532 1226 553 est:
1239 527 1322 553 multa
1341 526 1386 552 ille
1403 525 1512 560 quidem
1528 525 1654 551 libertate

873 571 1011 606 propalam
1024 571 1108 598 animi
1136 571 1261 598 instituto
1276 575 1302 598 et
1319 571 1421 597 caelesti
1437 569 1560 597 doctrina
1577 577 1654 599 usus.

872 617 982 644 abunde
1011 622 1101 644 autem
1126 622 1256 651 perpetuo
1278 620 1306 642 et
1322 616 1458 643 constanti
1485 615 1523 642 sl
1541 623 1556 642 a
1575 615 1653 641 vobis

870 662 974 696 judicio
993 670 1052 689 esse
1066 655 1185 689 amatum
1213 666 1337 689 testatus.
1355 661 1436 687 Redit
1453 661 1535 695 igitur
1555 660 1588 686 ad
1604 667 1653 686 vos

872 709 958 736 multo
975 709 1056 735 etiam
1067 708 1246 742 splendidior,
1260 714 1341 741 quam
1357 714 1371 733 a
1389 706 1466 733 vobis
1476 705 1614 733 discessit.
1625 705 1651 731 Si

872 753 971 780 etenim
991 753 1178 787 pretiosiorem
1196 753 1337 779 materiam
1351 771 1359 782 .
1380 759 1476 778 aurum
1491 751 1551 778 dico
1566 754 1593 778 et
1607 758 1652 777 ar-

872 803 993 833 gentum,
1008 799 1041 826 ad
1066 799 1214 833 puritatem
1245 798 1315 833 ignis
1343 798 1465 831 explorat
1487 806 1494 823 :
1522 797 1651 831 quidnam

873 845 1016 879 quisquam
1033 852 1080 879 pro
1092 845 1131 872 rei
1147 845 1279 879 dignitate
1294 844 1327 871 de
1345 845 1403 871 viro
1416 845 1468 870 isto
1481 843 1596 870 dixerit?
1606 843 1653 877 qui

874 896 913 918 tot
929 896 955 918 et
970 892 1053 919 tantis
1067 899 1252 918 aerumnarum
1267 891 1402 917 incendiis
1416 895 1443 917 et
1458 890 1587 924 periculis
1606 889 1655 916 de-

872 937 960 969 victis,
977 938 1054 965 vobis
1072 937 1194 965 redditur
1209 945 1297 972 purus
1311 942 1337 963 et
1359 937 1463 967 insons,
1482 943 1535 962 non
1549 942 1563 962 α
1579 935 1654 961 vobis

872 988 988 1015 tantum,
1014 984 1061 1011 sed
1087 991 1102 1010 a
1132 989 1228 1010 cuncta
1254 984 1336 1010 etiam
1364 982 1467 1017 synodo
1503 981 1654 1015 receptus?

872 1028 1006 1063 Suscipite
1018 1037 1092 1064 ergo,
1112 1029 1203 1056 dilecti
1224 1028 1335 1059 fratres,
1353 1035 1414 1055 cum
1435 1028 1508 1054 omni
1523 1035 1583 1061 quae
1600 1026 1655 1053 Deo

871 1080 982 1109 accepta
1009 1079 1051 1102 est
1065 1075 1151 1110 gloria
1179 1079 1206 1102 et
1225 1074 1330 1105 laetitia,
1350 1074 1509 1108 episcopum
1532 1076 1653 1099 vestrum

871 1121 1062 1153 Athanasium,
1080 1128 1133 1148 una
1161 1128 1223 1147 cum
1249 1121 1290 1147 eis
1303 1120 1350 1154 qui
1365 1120 1543 1146 adversarum
1563 1125 1654 1145 rerum

870 1166 931 1200 ejus
959 1167 1104 1201 participes
1130 1166 1217 1194 fuere.
1233 1166 1267 1193 Et
1294 1166 1420 1201 gaudete.
1449 1165 1522 1200 quod
1555 1164 1656 1197 optatis

870 1212 968 1239 vestris
983 1212 1105 1239 fruimiui
1124 1220 1131 1238 :
1149 1211 1257 1246 etquod
1274 1216 1410 1246 pastorem
1425 1215 1556 1242 vestrum,
1573 1215 1604 1237 ut
1618 1211 1654 1236 ita

870 1258 969 1289 dicam,
986 1258 1186 1286 desiderantem
1198 1261 1227 1284 et
1238 1257 1376 1284 sitientem
1388 1257 1514 1290 pietatem
1524 1260 1654 1286 vestram.

869 1304 1035 1330 salutaribus
1047 1303 1154 1337 scriptis
1166 1302 1273 1330 aluistis
1295 1306 1322 1329 et
1333 1303 1456 1336 potastis.
1472 1301 1612 1335 Siquidem
1629 1302 1654 1328 ei

870 1356 982 1384 peregre
993 1356 1103 1383 quoque
1116 1348 1248 1380 versanti,
1266 1355 1315 1374 vos
1337 1347 1434 1374 solatio
1450 1347 1549 1378 fuistis,
1574 1355 1654 1374 eum-

869 1405 922 1430 que
946 1397 972 1423 in
990 1397 1087 1424 mediis
1116 1395 1365 1431 persecutionibus,
1400 1394 1546 1429 procellis,
1571 1399 1655 1428 atque

870 1442 1042 1470 initnicorum
1059 1442 1175 1475 insidiis,
1195 1441 1360 1468 fidelissimis
1381 1441 1481 1468 animis
1501 1445 1528 1467 et
1552 1440 1652 1467 menti.

869 1487 920 1515 bus
936 1487 1034 1514 vestris
1056 1487 1172 1514 fovistis.
1193 1486 1272 1521 735
1296 1486 1337 1513 Me
1355 1493 1420 1513 vero
1431 1487 1485 1520 jam
1507 1486 1651 1519 exhilarat,

45 1530 93 1556 Καὶ
105 1531 144 1562 τίς
159 1531 252 1567 ἐκείνη
267 1532 284 1566 ἡ
300 1532 390 1566 ἡμέρα
406 1533 481 1567 ὑμῖν,
504 1534 551 1559 καὶ
581 1535 644 1560 ποία
661 1535 751 1567 Enati;
767 1536 817 1561 ὲπ-

872 1533 942 1567 quod
976 1540 1082 1560 mecum
1111 1532 1138 1559 in
1165 1533 1257 1559 animo
1285 1531 1430 1559 considero
1457 1537 1485 1558 et
1515 1532 1652 1565 przevideo

45 1577 216 1610 αηερχομένου
239 1577 291 1611 μὲν
310 1577 357 1603 τοῦ
379 1577 493 1611 ἀδελφοῦ
517 1586 578 1612 μου,
590 1578 773 1613 παυσαμένων
792 1579 820 1605 δὲ

46 1622 90 1647 τῶν
103 1623 323 1657 προγενομένων,
338 1624 383 1649 καὶ
397 1624 445 1658 τῆς
461 1624 646 1659 πολυτιμήτου
663 1624 725 1650 κατ’
737 1624 819 1659 εὐχὴν

47 1669 163 1696 iuvi/Seu
186 1670 228 1701 είς
250 1669 421 1705 εὐφροσύνην
440 1670 500 1697 τινὰ
522 1670 711 1705 πληρεστάτην
731 1672 828 1706 χαρᾶς

48 1716 225 1751 συναπτούσης
239 1717 303 1747 τοὺς
319 1716 433 1747 πάντας.
448 1716 480 1742 Ἦ
492 1716 604 1752 τοιαύτη
620 1717 692 1751 χαρὰ
707 1717 777 1743 κατὰ
789 1716 820 1742 τὸ

49 1760 164 1794 μέγιστον
179 1762 279 1797 μέχρις
293 1763 373 1798 ἡμῶν
389 1763 483 1796 φθάνει
496 1771 503 1778 ο
519 1759 558 1794 οἷς
573 1762 666 1789 θεόθεν
679 1763 726 1789 καὶ
739 1762 820 1789 τοῦτο

48 1808 237 1843 συγχωρεῖσθαι
254 1809 438 1842 συνέστηκεν,
452 1809 525 1840 ὅπως
541 1809 579 1840 εις
594 1809 696 1842 γνῶσιν
710 1808 758 1835 τοῦ
772 1816 819 1843 τη-

48 1854 159 1882 λικούτου
181 1855 281 1890 ἀνδρὸς
304 1856 391 1882 ἐλθεῖν
411 1855 582 1891 δυνηθῶμεν.
600 1856 647 1887 Et;
669 1855 753 1891 εὐχὴν
772 1853 819 1882 οὖν

47 1901 88 1934 τὴν
102 1901 247 1937 ἐπιστολὴν
263 1902 405 1928 τελειῶσαι
427 1902 518 1928 καλόν.
537 1902 566 1929 ’0
586 1901 666 1933 Θεὸς,
685 1902 699 1926 ὁ
719 1908 819 1928 παντο.

48 1947 162 1982 πρά-τωρ,
186 1948 236 1974 καὶ
256 1947 271 1972 ὸ
290 1947 386 1974 τούτου
409 1947 474 1978 Υίὺς
495 1949 509 1974 ό
529 1947 632 1982 Κύριος
654 1947 702 1973 καὶ
723 1947 819 1981 Σωτὴρ

48 1993 116 2026 ἡμῶν
131 1993 239 2027 Ἰησοῦς
264 1993 381 2028 Χριστὸς
405 1993 514 2028 διηνεκῆ
537 1994 587 2027 τὴν
609 1992 693 2028 χάριν
715 1993 819 2027 ταύτην

49 2038 102 2072 ὑμῖν
116 2041 272 2075 παράσχοι.
289 2039 378 2071 διδοὺς
394 2039 509 2066 ἔπαθλον
525 2041 559 2074 τῇ
578 2039 723 2074 θαυμαστῇ
742 2039 818 2074 ὑμῶν

49 2086 179 2122 πίττει,ἢν
195 2086 263 2121 περὶ
276 2086 323 2112 τὸν
353 2086 501 2113 ἐπίσκοπον
516 2086 593 2121 ὑμῶν
601 2085 700 2120 ἐνδόξῳ
717 2093 819 2120 μαρτυ-

50 2130 87 2164 ρίᾳ
99 2130 280 2162 ἐνεδείξασθε,
297 2130 342 2156 ἵνα
356 2130 421 2164 ὑμῖν
435 2139 464 2156 τε
479 2130 527 2156 καὶ
542 2131 597 2161 τοῖς
613 2129 673 2164 μεθ’
686 2130 758 2164 ὑμᾶς
774 2131 818 2156 ἐν-

47 2175 121 2202 ταῦθα
137 2177 184 2203 καὶ
201 2177 231 2202 ἐν
260 2175 300 2209 τῷ
319 2176 441 2209 μέλλοντι
471 2176 504 2202 τὰ
537 2175 661 2211 βελτίονα
697 2175 784 2212 μένῃ,
802 2175 819 2202 ἃ.

47 2220 170 2256 egeam;
188 2221 240 2248 οὑκ
251 2219 307 2248 οἶδε
318 2243 325 2252 ,
338 2222 384 2248 καὶ
395 2220 440 2252 οὖς
452 2221 502 2247 οὐκ
516 2221 626 2257 ἤκουσε,
637 2222 684 2247 καὶ
695 2221 741 2248 ἐπὶ
754 2230 821 2255 καρ-

47 2265 95 2291 δίαν
111 2266 257 2300 ἀνθρώπου
283 2267 333 2292 οὐκ
347 2266 429 2301 ἀνέϐη
441 2286 448 2296 ,
463 2266 481 2293 ἃ
493 2267 642 2301 ἡτοίμασεν
657 2267 671 2293 ὸ
686 2267 751 2298 θεὸς
763 2268 820 2298 τοῖς

48 2313 177 2344 ἀγαπῶσιν
186 2313 271 2339 αὑτὸν
280 2312 324 2338 διὰ
334 2312 380 2338 τοῦ
393 2312 494 2347 Κυρίου
503 2312 581 2347 ἡμῶν
589 2312 676 2347 Ἰησοῦ
687 2313 818 2348 Χριστοῦ,

48 2358 74 2382 δι’
84 2358 110 2385 οὗ
123 2360 161 2394 τῷ
177 2359 383 2393 παντοκράτορι
398 2358 458 2392 Θεῷ
473 2359 489 2392 ἡ
504 2358 569 2390 δόξα
583 2359 623 2390 είς
637 2358 701 2389 τοὺς
716 2359 819 2390 αἰῶνας

47 2405 91 2430 τῶν
106 2407 222 2433 αίώνων.
238 2406 337 2440 Ἀμήν.
356 2405 497 2440 Ερρὦσθαι
515 2404 587 2439 ὑμᾶς
603 2404 731 2440 εὔχομαι,
748 2406 818 2438 ἀγα-

48 2452 115 2485 πητοὶ
128 2452 252 2485 ἀδελφοί.
270 2460 280 2476 ι

870 1579 1088 1613 uniuscujusque
1105 1584 1225 1605 vestrum
1245 1578 1271 1604 in
1291 1577 1380 1604 reditu
1397 1578 1471 1604 illius
1481 1578 1609 1612 gaudium
1625 1582 1654 1604 ct

871 1625 1054 1652 multitudinis
1075 1624 1254 1652 sanctiSsitna:
1277 1624 1499 1655 occursationes,
1520 1631 1569 1651 nec
1598 1632 1652 1650 non

869 1671 1014 1705 praeclaros
1028 1675 1056 1697 et
1076 1670 1160 1697 festos
1185 1672 1410 1698 concurrentium
1428 1668 1569 1696 hominum
1585 1677 1653 1696 con-

869 1722 978 1743 ventus.
1005 1716 1038 1742 Et
1063 1723 1122 1750 quae
1144 1716 1254 1743 tandem
1278 1721 1306 1743 et
1333 1716 1419 1750 qualis
1439 1724 1469 1742 ea
1499 1716 1590 1742 futura
1611 1720 1654 1743 est

870 1762 948 1789 dies?
962 1770 1023 1789 cum
1053 1762 1137 1790 frater
1158 1763 1267 1798 quidem
1294 1770 1373 1789 meus
1392 1762 1556 1790 restituetur
1574 1770 1581 1789 :
1605 1762 1653 1796 qui

869 1816 935 1836 vero
945 1814 1009 1836 ante
1018 1816 1082 1836 eum
1101 1809 1187 1839 fuere,
1201 1809 1387 1836 destituentur
1404 1817 1411 1834 :
1429 1813 1457 1835 et
1472 1808 1653 1835 honoratissi-

870 1863 930 1883 mus
957 1855 1199 1889 optatissimusque
1227 1855 1332 1881 reditus
1358 1855 1384 1880 in
1411 1854 1532 1880 Izetitiam
1552 1855 1654 1888 gaudio

869 1902 1054 1937 plenissimam
1066 1908 1113 1928 vos
1127 1900 1223 1928 etferet
1236 1899 1433 1932 omnes?Quod
1447 1907 1513 1926 sane
1523 1900 1652 1934 gaudium

870 1949 987 1975 maxima
1003 1955 1037 1974 ex
1052 1952 1129 1982 parte
1144 1945 1177 1972 ad
1198 1953 1248 1972 nos
1263 1945 1346 1971 etiam
1364 1945 1503 1979 pertingit.
1518 1945 1617 1979 quibus
1637 1954 1650 1971 ιι

870 1995 926 2021 Deo
939 1999 967 2021 et
986 1994 1037 2020 hoc
1050 2000 1212 2020 concessum
1225 1997 1278 2021 est,
1289 1995 1318 2017 ut
1335 1992 1361 2017 in
1377 1991 1444 2018 tanti
1463 1991 1512 2016 viri
1527 1991 1651 2017 notitiam

870 2040 1013 2074 pervenire
1038 2039 1218 2073 potuerimus.
1247 2037 1374 2065 Sedenim
1399 2037 1543 2072 pulchrum
1559 2037 1653 2070 fuerit,

868 2085 1009 2120 epistolam
1024 2085 1182 2119 precatione
1206 2083 1347 2110 claudere.
1365 2082 1546 2116 Omnipotens
1570 2083 1652 2115 Deus,

869 2138 950 2168 atque
959 2133 1041 2168 hujus
1053 2131 1149 2161 Filius.
1163 2131 1293 2158 Dominus
1305 2135 1332 2157 et
1344 2131 1466 2157 Salvator
1477 2131 1655 2158 nosterJesns

835 2195 858 2224 υ
871 2179 1008 2209 Christus,
1024 2178 1139 2212 gratiam
1156 2178 1226 2205 hanc
1235 2178 1313 2204 vobis
1329 2183 1488 2212 perpetuam
1503 2185 1564 2205 esse
1577 2178 1652 2209 velit,

874 2226 918 2260 qui
934 2225 1074 2260 praemium
1091 2224 1260 2251 admirandae
1274 2223 1335 2250 fidei
1352 2228 1449 2251 vestra:
1466 2224 1552 2253 dedit.
1569 2232 1651 2258 quam

873 2272 900 2298 in
915 2271 1041 2306 episcopo
1055 2275 1145 2297 vestro
1156 2270 1287 2305 praeclaro
1303 2269 1460 2296 testimonio
1469 2270 1634 2296 exhibuistis
1647 2279 1653 2296 :

873 2321 900 2344 et
916 2321 944 2343 ut
958 2317 1035 2343 vobis
1051 2321 1077 2342 et
1091 2316 1209 2350 posteris
1221 2315 1320 2342 vestris
1331 2335 1338 2347 ,
1354 2319 1381 2342 et
1401 2315 1445 2341 hic
1463 2319 1490 2341 et
1507 2316 1533 2341 in
1550 2316 1652 2346 futuro,

872 2362 943 2389 bona
956 2369 987 2389 ea
1005 2366 1143 2393 maneant,
1157 2369 1217 2396 quae
1238 2368 1289 2388 nec
1305 2361 1402 2387 oculus
1417 2361 1495 2392 vidit,
1513 2369 1562 2387 nec
1577 2361 1654 2387 auris

873 2408 986 2439 audivit,
1004 2416 1054 2436 nec
1070 2408 1096 2434 in
1114 2415 1162 2435 cor
1173 2407 1291 2434 hominis
1308 2406 1504 2438 conscendere,
1521 2414 1582 2440 quae
1600 2407 1654 2433 sci-

874 2454 938 2481 licet
953 2453 1114 2488 praaparavit
1131 2453 1202 2480 Deus
1215 2452 1393 2486 diligentibus
1402 2458 1442 2484 se,
1451 2459 1499 2486 per
1509 2451 1655 2478 Dominum

47 2505 155 2527 nostrum
171 2500 268 2528 Jesum
284 2499 440 2533 Christum,
463 2508 511 2535 per
537 2508 619 2536 quem
643 2501 825 2537 omnipotenti
850 2503 903 2530 Deo
928 2503 1014 2538 gloria
1031 2503 1069 2531 sit
1097 2503 1124 2529 in
1142 2502 1240 2529 saecula
1261 2501 1435 2529 saeculorum.
1447 2501 1544 2526 Amen.
1559 2497 1655 2525 Valere

47 2553 86 2572 vo:
99 2552 161 2581 opto
171 2567 179 2579 ,
194 2547 299 2574 fratres
311 2545 416 2573 dilecti.
435 2553 438 2556 ”

324 2616 449 2645 ΚΕΦΑΛ.
467 2618 531 2645 Kl".

48 2673 105 2707 Περὶ
132 2683 191 2700 των
210 2673 267 2706 τῆς
295 2673 479 2706 Ἀντιοχείας
505 2673 683 2707 ἀρχιερέων·
697 2674 746 2701 καί
763 2674 819 2708 τῆς

75 2710 250 2742 κακοηθείας
267 2708 433 2742 Στεφάνου,
447 2707 483 2734 ὃν
500 2711 641 2741 Λεόντιος
654 2709 817 2741 διεδέξατο.

75 2764 179 2796 Τούτοις
193 2765 274 2799 ὼχυρ
285 2763 382 2797 ιιμένος
394 2765 450 2794 τοῖς
465 2765 629 2798 γράμμασιν
648 2764 818 2796 Ἀθανάσιος,

49 2809 78 2839 εις
87 2810 132 2844 τὴν
146 2811 184 2836 Em
198 2810 320 2836 διέϐαινε
333 2809 399 2842 πρὸς
414 2809 463 2843 τὴν
473 2808 522 2842 τῆς
533 2809 632 2843 Συρίας
641 2810 818 2844 “Λντιόχειαν,

48 2856 102 2882 ὃπου
129 2857 281 2891 τηνικαῦτα
312 2856 446 2891 διέτριϐεν
472 2857 485 2882 ὁ
502 2857 702 2888 Κωνστάντιος.
718 2858 772 2891 Τῆς
797 2859 818 2884 if

1150 2613 1261 2642 CAPUT
1282 2613 1374 2641 XXIII.

926 2673 965 2700 De
989 2673 1157 2700 Antiochenis
1170 2672 1296 2706 episcopis
1311 2679 1320 2697 :
1331 2676 1354 2697 et
1369 2671 1399 2697 de
1421 2670 1602 2697 malet-olentia
1627 2676 1630 2678 '

1028 2707 1164 2742 Stephani,
1181 2708 1222 2734 cui
1236 2707 1357 2733 Leontius
1371 2707 1503 2733 successit.

909 2764 987 2792 Iliscc
1007 2765 1159 2791 instructus
1171 2763 1269 2790 litteris
1286 2763 1498 2796 Athanasius,in
1514 2763 1655 2790 Orientem

875 2811 1046 2840 Antiochiam
1074 2810 1168 2846 Syriae,
1185 2811 1230 2837 ubi
1259 2815 1314 2837 tum
1341 2809 1519 2837 Constantius
1546 2808 1654 2844 agebat,

875 2858 1012 2894 profectus
1026 2861 1078 2884 est.
1097 2857 1247 2889 Ecclﬁiam
1264 2861 1353 2884 autem
1369 2856 1405 2884 ibi
1421 2855 1532 2891 regebat
1543 2861 1578 2883 eo
1588 2859 1652 2884 ιυιιι·
