1904 3070
240 74 288 104 323

822 71 1030 102 NiCEl‘llORl
1053 73 1223 104 CALLISTI

1804 75 1855 108 32$

239 130 361 165 quamvis
381 129 414 157 ad
443 129 525 156 breve
540 132 647 163 tempus
673 129 800 156 humanm
825 129 948 164 ohjcctus
976 134 1018 157 est

1082 130 1129 156 ιλλ*
1145 130 1168 155 εἰ
1184 138 1231 156 και
1248 129 1345 164 βραχεῖ
1357 128 1445 164 χρόνῳ
1467 129 1499 164 τῇ
1517 129 1577 155 κατ’
1604 128 1764 164 ἀνθρώπους
1785 130 1857 156 δοκι-

239 176 433 210 εειιρΙοι-ιιιῐυιιί.
464 181 554 202 tamen
573 175 694 202 debitum
730 175 765 201 ab
791 183 822 202 ea
848 183 908 209 qua:
931 175 1022 201 omnia

240 222 353 256 respicit
384 221 559 248 Providentia
592 220 654 246 tulit
686 219 834 250 calculum.
882 219 1023 247 voluntate

241 269 286 294 Dei
309 268 347 301 (ί)
364 273 392 294 et
405 267 507 301 judicio
522 271 617 293 nostro
634 266 720 300 patria
739 266 820 293 simul
837 269 866 292 et
883 266 1000 292 ecclesia
1014 285 1021 296 ,

243 315 322 347 cujus
343 313 504 347 pra-rectura
519 313 613 339 divino
627 313 652 339 ei
671 317 740 339 nutu
758 312 883 344 contigit,
900 317 1021 346 recepla.

242 360 327 392 Quem
338 367 445 393 {Pqullm
458 359 520 389 fuit.
540 363 570 385 ut
585 359 718 386 sententia
733 364 916 385 consentanea
930 363 1023 385 nOstra

244 413 353 440 quoque
372 405 528 431 imitaretur
556 404 738 431 mansuetudo
753 413 759 430 :
778 404 905 431 videlicet
921 408 949 430 ut
965 412 1025 430 om-

244 453 288 478 nia
305 460 365 485 (jus:
378 452 496 477 antehac
512 456 606 478 contra
621 458 668 477 cos
680 451 726 485 qui
744 458 806 477 cum
826 450 889 482 ipso
898 457 1024 476 commu-

244 498 326 523 nionc
355 498 395 522 usi
413 502 514 527 easent,
546 498 654 523 decreta
678 501 752 528 sunt,
780 503 853 523 nunc
887 496 1026 524 oblivione

245 545 452 575 oblitterentur,
483 544 659 577 suspicioque
685 536 817 570 adversus
843 551 906 569 eum
937 543 1027 570 omnis

246 591 376 624 deinceps
394 590 558 617 intercidat:
575 595 602 616 et
627 590 793 622 immunitas,
811 597 892 623 quam
923 590 1025 616 dudutn

243 638 367 671 quicum
393 644 426 663 eo
439 637 515 663 fuere
531 636 624 663 clerici
653 636 784 668 habuere,
813 644 862 670 pro
888 644 921 663 eo
946 640 1027 670 atque

245 683 334 713 decet,
349 682 448 708 litteris
463 682 538 709 hisce
551 682 741 709 conﬁrmetur.
758 681 828 714 Quin
843 687 871 708 et
887 681 954 708 illml
978 689 1028 708 no—

245 733 310 755 stra:
340 735 403 761 erga
433 735 495 754 eum
528 728 691 762 benignitati
720 728 818 754 merito
847 727 1027 759 adiiciendum

1077 175 1163 210 μασίᾳ
1177 175 1328 209 ὑπεδλήθη,
1349 175 1425 209 ὅμως
1447 174 1498 210 τὴν
1517 174 1700 209 ὀφειλομένην
1722 177 1795 210 παρὰ
1807 177 1858 210 τῆς

1076 221 1246 255 παντεςρόρου
1265 220 1396 255 Προνοίας
1412 220 1588 254 ἀπηνέγκατο
1598 220 1701 254 ψῆφον,
1715 221 1858 247 ἀπολαϐὼν

1076 266 1202 301 βουλήσει
1230 266 1277 292 τοῦ
1309 267 1464 300 κρείττονος
1479 267 1526 292 καὶ
1552 266 1643 301 κρίσει
1671 267 1792 301 ἡμετέρα
1807 268 1858 300 τὴν

1076 311 1194 345 πατρίδα
1209 311 1276 346 ὁμοῦ
1294 312 1340 337 καὶ
1357 311 1406 345 τὴν
1423 310 1597 346 Ἐκκλησίαν,
1620 309 1653 347 ἧς
1668 311 1734 346 θείῳ
1746 312 1858 345 νεύματι

1078 358 1235 392 προστάτης
1251 357 1396 391 ἐτύγχανε.
1413 356 1506 390 Τούτῳ
1518 357 1552 383 τὰ
1569 357 1704 383 ἀκόλουθα
1721 357 1774 383 ἔδει
1785 360 1859 392 παρα

1076 403 1126 436 τῆς
1141 403 1278 437 ἡμετέρας
1298 403 1419 437 ὑπάρξαι
1446 403 1614 437 πραότητος·
1633 403 1705 429 ὥστε
1723 404 1809 430 πάντα
1826 405 1860 430 τὰ

1079 447 1133 480 πρὸ
1147 446 1242 473 τούτου
1260 447 1331 472 κατὰ
1349 447 1404 472 τῶν
1429 446 1504 481 αὐτῷ
1526 448 1767 481 κεκοινωνηκότων
1797 448 1861 482 ὡρι-

1079 493 1165 527 σμένα
1185 492 1232 518 νῦν
1246 492 1382 526 ἀμνηστίᾳ
1392 491 1629 527 παραδοθήσεσθαι
1638 501 1646 509 ”
1658 494 1749 520 πᾶσάν
1757 502 1786 520 τε
1799 494 1861 520 ὕπο-

1077 539 1144 572 ψίαν
1159 539 1208 573 τὴν
1227 539 1288 565 κατ’
1315 538 1396 564 αὑτοῦ
1427 538 1558 573 σχολάσαι
1583 539 1630 565 τοῦ
1646 539 1757 566 λοιποῦο
1770 543 1816 574 τήν
1831 549 1859 566 τε

1080 584 1204 610 ἀτέλειαν
1227 582 1261 620 ἦς
1277 583 1375 618 ἔτυχον
1398 584 1483 610 πάλαι
1512 585 1537 611 ot
1561 585 1618 619 ἅμα
1638 585 1712 619 αὐτῷ
1738 586 1861 621 κληρικοὶ

1080 629 1186 661 τούτοις
1202 629 1385 664 βεὸαιωθῆναι
1402 630 1606 665 προσηκόντως.
1628 630 1710 658 Ἀλλὰ
1740 632 1792 666 μὴν
1813 634 1861 658 καὶ

1079 675 1159 702 τοῦτο
1175 677 1208 710 τῇ
1222 677 1261 706 εἰς
1281 676 1362 702 αὑτὸν
1377 676 1469 710 χάριτι
1489 676 1675 711 προστεθῆναι
1703 677 1863 703 ὲδικαιώσα-

1083 726 1153 752 μεν
1168 717 1238 744 ὥστε
1261 719 1365 750 πάντας
1389 721 1451 750 τοὺς
1469 720 1517 746 τοῦ
1545 720 1619 755 ίεροῦ
1644 721 1796 755 καταλόγου
1820 730 1863 755 γι-

245 782 306 801 esse
318 774 513 809 judicavimus.
530 778 559 799 ut
573 774 708 805 universi,
729 774 777 807 qui
790 774 816 800 in
837 773 905 800 sacri
923 773 1026 800 ordinis

1082 765 1216 794 νώςκειν.
1245 765 1397 792 ἐνδεδύσθαι
1421 766 1451 792 τὸ
1477 767 1578 801 ἄφοϐον
1605 768 1673 794 πᾶσι
1702 769 1760 799 τοῖς
1788 769 1862 802 αὐτῷ

243 820 305 846 albo
316 823 390 850 sunt,
407 823 573 853 cognoscant
588 818 763 846 securitatem
795 818 936 844 adauctam
963 825 1024 845 csse

244 864 383 896 onmihus,
401 866 447 899 qui
465 866 490 892 ei
521 865 597 892 fuere
617 865 769 899 conjuncti.
794 865 930 899 episcoliis
945 865 1024 891 simul

244 916 271 938 et
285 911 403 938 clericis.
421 910 534 938 Certum
554 918 620 937 vero
635 911 851 945 uniuscujusque
867 916 948 937 rectae
961 918 1023 937 sen-
1038 943 1042 947 .

245 958 338 984 lenlltP.
360 957 492 984 indicium
509 957 571 988 crit.
585 956 607 984 si
623 964 684 984 cum
710 957 763 984 hoc
791 958 883 983 unitus
912 957 1027 991 conjun-

248 1010 366 1038 Ctusque
387 1003 480 1030 fuerit.
498 1003 661 1038 Quicunque
678 1003 748 1030 cnim
762 1003 866 1030 meliori
879 1003 984 1038 judicio
1001 1007 1027 1030 et

246 1049 371 1084 opinioni
386 1049 489 1076 addicti
513 1049 734 1076 communionem
755 1049 840 1083 ipsius
858 1048 1025 1083 sequendam

247 1096 298 1124 sibi
315 1096 475 1131 delegerint.
492 1104 540 1123 eos
559 1104 654 1123 omnes
669 1097 701 1123 ad
720 1095 941 1128 similitudinem,
966 1104 1026 1129 qua-

247 1147 299 1167 nos
317 1140 460 1174 prmvenit,
474 1140 665 1174 providentize,
682 1141 733 1167 hac
746 1145 850 1170 nostra.
864 1141 911 1167 Dei
929 1141 1026 1167 volun-

248 1189 303 1211 tate
316 1185 438 1211 exhibita
455 1185 540 1219 gratia
556 1189 582 1210 et
607 1185 777 1219 benignitate
808 1185 913 1219 perfrui
941 1185 1024 1219 jussi-

246 1238 316 1256 mus.
329 1230 421 1256 Victor
438 1229 635 1255 Constantinus
648 1228 782 1255 Maximus
813 1228 914 1263 populo
930 1228 1026 1254 catho-

246 1276 306 1303 licm
325 1275 452 1303 Ecclesiae
468 1275 671 1301 Alexandrinae.
687 1273 775 1307 Quum
789 1275 815 1300 in
838 1274 920 1301 rebus
937 1274 1026 1301 omni-

244 1323 297 1350 bus
308 1322 451 1357 proposita
469 1321 550 1348 nobis
569 1321 605 1347 sit
619 1325 719 1350 vestra,
739 1327 799 1354 quae
821 1327 852 1346 ex
868 1325 940 1346 recta
956 1319 1026 1354 juris

245 1368 392 1403 lvgumque
407 1360 607 1394 constitutione
624 1366 759 1399 provenit,
780 1365 895 1392 fclicitas
908 1385 915 1395 .
928 1371 955 1391 et
972 1373 1025 1391 non

247 1415 416 1448 ignoremus,
434 1413 500 1439 satis
516 1413 560 1439 diu
592 1412 712 1446 episcopi
729 1419 778 1437 vos
790 1411 910 1438 caruisse
937 1412 1028 1445 provi—

1085 811 1344 846 προστεθειμένοις,
1372 811 1427 837 είτε
1452 812 1613 844 ἐπισκόποις
1633 813 1690 840 εἴτε
1712 815 1862 849 κληρικοῖς.

1087 855 1190 884 Ἱκανὸν
1202 857 1229 883 δὲ
1242 858 1385 893 γνώρισμα
1397 859 1444 892 τῆς
1455 859 1570 885 ἑκάστου
1582 859 1666 895 ὀρθῆς
1678 861 1864 896 προαιρέσεως

1083 903 1160 930 ἔσται
1171 905 1188 939 ἡ
1201 904 1268 938 πρὸς
1285 905 1380 930 τοῦτον
1393 905 1581 936 ἕνωσις.”οσοι
1593 905 1647 940 γὰρ
1656 907 1689 933 ἂν
1699 907 1748 941 τῆς
1759 907 1865 934 καλλίο-

1086 957 1130 980 νος
1140 949 1207 983 ὸμοῡ
1221 949 1338 984 κρίσεώς
1349 959 1378 976 τε
1391 950 1436 976 καὶ
1448 951 1544 984 μοίρας
1553 951 1695 985 γενόμενοι
1709 953 1759 987 τὴν
1771 953 1864 979 τούτου

1082 994 1197 1020 ἕλωνται
1210 995 1360 1026 κοινωνίαν,
1370 995 1480 1026 τούτους
1492 996 1594 1028 πάντας
1605 997 1791 1032 ἐκελεύσαμεν
1804 999 1865 1025 καθ’

1084 1041 1234 1075 ὁμοιότητα
1249 1042 1299 1076 τῆς
1316 1041 1459 1076 φθασάσης
1475 1043 1616 1078 προνοίας,
1629 1044 1676 1070 καὶ
1691 1044 1742 1079 τῆς
1759 1045 1807 1071 νῦν
1823 1045 1866 1078 ὑφ’

1084 1086 1164 1121 ἡμῶν
1174 1087 1298 1121 βουλήσει
1308 1087 1354 1113 τοῦ
1363 1088 1516 1123 κρείττονος
1526 1090 1750 1125 παρασχεθείσης
1757 1091 1866 1126 χάριτος

1084 1133 1240 1158 ἀπολαύειν.
1249 1133 1374 1168 ηΝικητὴς
1387 1134 1574 1165 Κωνστάντιος
1584 1131 1720 1169 Μέῖιστος
1731 1137 1866 1168 Σεϐαστὸς

1083 1177 1121 1211 τῷ
1133 1177 1191 1212 λαῷ
1211 1178 1259 1212 τῆς
1277 1178 1338 1204 κατ’
1356 1179 1562 1214 Ἀλεξάνδρειαν
1580 1181 1730 1216 καθολικῆς
1750 1183 1867 1216 Ἐκκλη-

1085 1223 1156 1254 σίας.
1171 1224 1275 1250 Σκοπὸν
1299 1224 1454 1259 ποιούμενοι
1474 1226 1523 1260 τὴν
1550 1226 1686 1262 ὑμετέραν
1714 1228 1744 1253 ἐν
1762 1228 1868 1254 ἅπασιν

1084 1269 1223 1304 εὐνομίαν,
1241 1270 1339 1305 ειδότες
1358 1279 1387 1296 τε
1411 1270 1449 1302 ὡς
1471 1272 1517 1297 ἐπὶ
1541 1273 1609 1299 πολὺ
1626 1273 1675 1306 τῆς
1690 1274 1739 1300 τοῦ
1757 1275 1866 1300 ἐπισκο-

1087 1315 1199 1346 ποῦντος
1223 1316 1351 1350 προνοίας
1376 1317 1534 1352 ὲστέρησθε,
1556 1318 1715 1346 Ἀθανάσιον
1745 1320 1791 1347 τὸν
1809 1321 1867 1347 ἐπί-

1085 1369 1196 1394 σκοπον,
1211 1361 1294 1396 ἄνδρα
1307 1363 1363 1393 τοῖς
1375 1363 1441 1391 πᾶσι
1454 1363 1500 1390 διά
1515 1372 1545 1389 τε
1560 1364 1608 1397 τὴν
1618 1365 1775 1399 προσοῦσαν
1792 1367 1864 1402 690'}-

1083 1415 1153 1441 τητα
1165 1408 1213 1433 καὶ
1224 1407 1268 1434 διὰ
1283 1409 1332 1443 τὴν
1347 1408 1449 1434 οίκείαν
1463 1409 1608 1445 εὐτροπίαν
1620 1411 1772 1446 γνώριμον,
1789 1414 1868 1439 πὰὶιν

247 1460 360 1487 dentia:
392 1458 573 1485 Athanasium
599 1457 761 1489 antistitem,
801 1457 890 1483 virum
921 1462 1026 1492 proptct

1086 1452 1154 1485 πρὸς
1171 1453 1243 1487 ὑμᾶς
1268 1454 1428 1480 ἀποστεῖλαι
1445 1455 1654 1490 ἐδικαιώσαμιν.
1667 1457 1772 1484 Τοῦτον
1789 1461 1868 1494 συνή-

248 1505 357 1532 insitam
376 1504 428 1530 sibi
444 1503 506 1530 ﬁdei
523 1503 708 1529 sinceritatem
728 1510 891 1536 morumque
910 1503 1027 1529 nativam

249 1549 414 1583 probitatem
424 1547 584 1575 hominibus
600 1547 727 1574 Omnibus
743 1551 907 1581 spectatum.
920 1555 1028 1581 (equum

248 1602 309 1621 esse
326 1594 463 1625 duximus,
478 1598 506 1620 ut
518 1593 551 1620 ad
561 1601 610 1619 vos
633 1594 847 1620 remitteremus.
866 1593 947 1628 739
962 1593 1028 1620 Eum

250 1641 288 1667 ita
304 1646 334 1667 ut
350 1640 524 1667 consuetudo
541 1639 594 1666 fert
610 1647 637 1666 et
650 1639 740 1670 decet,
755 1639 948 1674 suscipientes.
969 1647 1030 1674 prc-

250 1694 370 1720 cumque
378 1686 411 1713 ad
428 1686 512 1713 Deum
524 1690 676 1722 vestrarum
693 1686 844 1721 adjutorem
860 1687 1030 1713 constituen-

251 1737 302 1762 tes.
320 1740 382 1766 qua:
401 1736 428 1759 et
444 1733 520 1759 vohls
533 1732 670 1766 congruit.
701 1736 728 1758 et
742 1732 821 1758 nobis
849 1737 960 1765 accepta
978 1737 1029 1764 εει,

252 1777 428 1804 concordiam
446 1781 474 1804 et
493 1785 599 1812 pacem.
611 1777 688 1812 juxta
708 1777 838 1804 Ecclesia:
851 1779 1029 1806 sanctionem.

251 1824 358 1857 prolixe
373 1831 484 1850 servare
517 1824 636 1850 studete.
668 1823 778 1850 Minime
808 1824 880 1850 enim
906 1825 1029 1851 omniuut

250 1869 389 1900 convenit,
402 1868 566 1896 di5cordiam
582 1869 701 1903 aliquam
718 1872 764 1895 aut
780 1869 943 1896 seditionem
958 1869 1030 1895 inter

250 1923 299 1942 vos
314 1915 459 1947 concitari,
474 1915 501 1941 in
518 1916 571 1942 ista
597 1921 752 1949 temporum
773 1920 929 1942 nostrorum
959 1920 1031 1941 tran-

248 1961 395 1995 quillitate.
423 1960 512 1995 Atque
540 1968 600 1987 eam
626 1961 736 1995 quidem
775 1960 1029 1988 incomtnoditatem

251 2007 349 2034 abesse
367 2014 382 2033 a
401 2007 479 2034 vobis
495 2007 609 2034 omnino
627 2007 764 2034 volumus.
782 2007 810 2033 ln
826 2008 1031 2041 precationibus

248 2060 327 2084 vero,
343 2057 374 2078 ut
391 2060 424 2080 eo
435 2061 517 2087 quem
533 2054 653 2080 diximus
668 2059 780 2080 auctore
800 2058 828 2080 et
842 2053 969 2088 adjutore
985 2062 1030 2080 se‘

249 2098 315 2124 dulo
331 2102 449 2129 utentes,
463 2099 563 2125 divinis
576 2099 658 2125 rebus
673 2107 749 2126 more
764 2103 873 2132 recepto
886 2100 1029 2131 insistatis,

248 2151 298 2170 vos
325 2143 527 2170 admonemus:
561 2149 591 2170 ut
611 2145 658 2170 tali
694 2145 849 2171 animorum
871 2151 1028 2172 vestrorum

248 2190 390 2223 proposito
402 2189 436 2215 ad
451 2189 642 2216 universorum
670 2195 735 2217 vota
751 2195 909 2217 transeunte
923 2199 954 2218 ex
967 2200 1032 2226 gcu-

248 2233 324 2260 tibus
341 2234 424 2260 etiam
442 2235 487 2268 qui
505 2234 596 2261 adhuc
620 2235 753 2262 idolorum
781 2237 869 2262 errori
899 2242 964 2264 sunt
983 2238 1033 2264 int-

248 2279 355 2315 plicati,
373 2280 405 2307 ad
432 2281 599 2307 sacrosancti
617 2281 744 2309 sacriﬁcii
764 2283 949 2318 cognitionem
969 2292 1031 2318 per-

248 2326 353 2358 venire,
371 2327 549 2353 Alexandrini
566 2327 734 2360 cltarissimi,
764 2334 912 2356 maturent.
940 2330 1029 2362 Quare

247 2380 296 2399 vos
319 2373 419 2399 iterum
444 2373 632 2407 admonemus,
648 2379 674 2402 ut
702 2375 728 2401 in
761 2375 794 2402 iis
820 2384 879 2409 qua:
910 2377 1028 2403 diximus

247 2418 411 2452 persistatis,
429 2419 586 2453 episcopum
603 2428 668 2447 vero
682 2440 688 2452 ,
707 2420 754 2448 Dei
784 2421 870 2455 ipsius
899 2427 967 2448 nutu
1000 2426 1028 2448 ct

246 2465 382 2491 sententia
401 2471 494 2491 nostra
508 2465 540 2492 ad
553 2473 601 2492 vos
620 2466 745 2495 missum.
775 2466 893 2492 libenter
910 2467 1027 2500 recipia-

247 2512 292 2540 tis.
318 2516 401 2544 atque
418 2518 481 2537 eum
501 2519 533 2537 ex
564 2512 655 2538 animo
681 2513 918 2546 complcctcndum
949 2513 1027 2539 vobis

246 2562 307 2581 esse
321 2556 497 2583 existimetis.
515 2557 542 2583 Id
558 2557 629 2591 quod
647 2562 676 2584 et
687 2565 735 2584 vos
750 2557 840 2588 decet,
853 2562 881 2584 et
896 2565 1027 2584 mansue-

248 2601 336 2627 tudini
354 2607 455 2629 nostra:
468 2603 649 2631 convenit.Ut
664 2604 737 2630 enim
756 2605 890 2630 tumultus
907 2608 935 2630 et
953 2604 1028 2631 sedi-

248 2644 331 2672 tionis
347 2647 516 2673 occasionem
530 2655 639 2673 omnem
655 2655 750 2674 eorum
779 2648 824 2682 qui
840 2649 965 2675 consulto
980 2649 1027 2675 de-

248 2690 349 2718 teriora
365 2696 453 2726 coepta
467 2697 671 2725 consectantur,
687 2693 1021 2729 prwcidereuuts,judici-

282 2781 319 2814 (1)
334 2780 434 2808 Christi
452 2781 544 2814 gratia.
564 2781 639 2809 Socr.

1084 1497 1138 1528 θως
1156 1499 1204 1524 καὶ
1217 1499 1411 1533 προσηκόντως
1428 1500 1634 1535 ὑποδεξάμενοι.
1657 1503 1704 1529 καὶ
1720 1505 1783 1535 ταῖς
1803 1507 1869 1539 arpi;

1083 1543 1130 1569 τὸν
1145 1543 1211 1570 Θεὸν
1227 1545 1319 1585 εὐχαῖς
1338 1545 1435 1580 βοηθὸν
1450 1548 1685 1582 προστησάμενοι,
1697 1549 1747 1584 τὴν
1761 1551 1828 1585 ὑμῖν
1843 1561 1870 1577 τε

1084 1589 1240 1622 πρέπουσαν
1265 1581 1311 1616 καὶ
1335 1592 1401 1626 ἡμῖν
1417 1592 1530 1626 ἀρετὴν,
1546 1581 1673 1628 δμδνοιαν
1689 1581 1738 1621 καλ
1757 1581 1870 1632 εἰρήνη-ι

1083 1635 1155 1660 κατὰ
1169 1636 1216 1661 τὸν
1232 1636 1281 1670 τῆς
1300 1637 1467 1672 Ἐκκλησίας
1486 1638 1586 1674 θεσμὸν
1603 1639 1703 1675 διαρκῆ
1722 1643 1871 1675 φυλάττει-ι

1084 1681 1271 1709 σπουδάσατε·
1285 1683 1345 1709 οὐδὲ
1362 1684 1415 1719 γὰρ
1439 1684 1551 1718 εὒλογόν
1575 1687 1634 1712 ἐστι
1658 1686 1798 1722 διχόνοιάν
1816 1699 1871 1715 τινα

1082 1728 1098 1762 ἢ
1116 1728 1210 1755 στάσιν
1227 1730 1256 1754 ὲν
1281 1730 1345 1763 ὑμῖν
1362 1731 1518 1765 κινηθῆναι,
1549 1732 1717 1760 ὑπεναντίαν
1743 1735 1797 1768 τῆς
1819 1737 1871 1762 τῶν

1083 1775 1225 1809 ἡμετέρων
1239 1776 1343 1810 καιρῶν
1359 1777 1515 1812 εὐμοιρίας.
1529 1779 1582 1804 Καὶ
1600 1779 1679 1806 τοῦτο
1696 1780 1748 1815 μὲν
1763 1783 1872 1809 ἁπεῖνςι

1082 1821 1129 1855 ἀφ’
1147 1821 1224 1855 ὑμῶν
1239 1822 1379 1854 παντελῶς
1391 1823 1544 1858 βουλόμεθα
1556 1832 1564 1840 ·
1578 1825 1609 1851 τὸ
1619 1826 1646 1852 δέ
1657 1834 1688 1859 γε
1703 1829 1766 1858 ταῖς
1778 1829 1872 1864 ablati;

1084 1867 1156 1901 ὑμᾶς
1176 1868 1293 1903 διαρκῶς
1315 1869 1399 1904 αὐτῷ,
1414 1869 1451 1901 ὡς
1471 1871 1645 1906 προείρηται,
1665 1875 1812 1910 προστάτῃ
1829 1877 1871 1901 καὶ

1083 1913 1222 1949 ὲπικούρῳ
1233 1915 1404 1949 χρωμένους,
1413 1915 1480 1950 πρὸς
1490 1916 1520 1942 τὸ
1528 1916 1599 1944 θεῖον
1608 1918 1739 1952 ἐμμένειν
1749 1921 1872 1956 συνήθως

1085 1960 1279 1994 παραινοῦμεν
1290 1969 1297 1977 ·
1313 1960 1351 1992 ὼς
1367 1961 1401 1988 ἂν
1412 1962 1462 1996 τῆς
1477 1962 1605 1997 τοιαύτης
1619 1964 1697 1998 ὑμῶν
1713 1967 1871 2001 προθέσεως

1083 2007 1122 2036 εἰς
1140 2007 1189 2038 τὰς
1218 2007 1345 2034 ἁπάντων
1365 2009 1446 2043 εὐχὰς
1463 2009 1668 2046 διαϐαινούσης,
1689 2014 1739 2038 καὶ
1765 2015 1799 2040 lx
1820 2016 1871 2041 τῶν

1084 2052 1169 2079 ὲθνῶν
1182 2053 1207 2078 οι
1227 2054 1260 2088 τῇ
1273 2054 1329 2080 τῶν
1353 2055 1470 2081 εἰδώλων
1497 2056 1586 2093 πλάνῃ
1602 2057 1641 2084 ἔτι
1655 2059 1704 2085 καὶ
1721 2060 1773 2087 νῦν
1789 2070 1870 2096 προσ-

1085 2099 1247 2133 ανέχοντες,
1265 2099 1312 2126 ἐπὶ
1335 2099 1385 2135 τὴν
1412 2101 1460 2136 τῆς
1489 2102 1564 2136 ἱερᾶς
1591 2102 1686 2136 θυσίας
1718 2106 1870 2141 ἐπίγνωσιν

1084 2144 1236 2176 σπεύδοιεν,
1261 2144 1446 2180 Ἀλεξανδρεῖς
1458 2147 1699 2182 προσφιλέστατοι.
1721 2151 1782 2178 Καὶ
1797 2152 1870 2183 αὖθις

1081 2189 1128 2216 οὖν
1154 2190 1342 2226 παραινοῦμεν
1358 2193 1413 2223 τοῖς
1430 2195 1639 2228 προειρημένοις
1661 2197 1811 2230 ἐμμένειν.
1825 2200 1870 2225 Tia

1080 2235 1109 2261 δὲ
1121 2236 1270 2262 ἐπίσκοπον
1285 2236 1368 2272 ψήφῳ
1384 2238 1431 2264 τοῦ
1454 2239 1608 2272 κρείττονος
1625 2242 1671 2267 καὶ
1695 2243 1728 2278 τῇ
1748 2244 1870 2280 ἡμετέρα

1081 2281 1179 2317 γνώμῃ
1201 2282 1425 2318 ἀπεσταλμένον,
1448 2285 1533 2319 ἡδέως
1559 2285 1689 2318 δέξασθε-ε’
1717 2291 1770 2315 καὶ
1799 2293 1871 2326 πάσῃ

1080 2325 1183 2361 ψυχικῇ
1196 2327 1292 2363 γνώμῃ
1311 2329 1452 2356 ἀσπαστὸν
1477 2331 1627 2366 ἡγήσασθε.
1647 2333 1735 2360 Τοῦτο
1754 2338 1813 2371 γὰρ
1829 2325 1870 2364 καὶ

1084 2373 1148 2407 ὑμῖν
1169 2374 1279 2409 πρέπει,
1301 2376 1349 2401 καὶ
1368 2377 1400 2411 τῇ
1427 2377 1551 2413 ἡμετέρᾳ
1569 2379 1702 2415 πραότητι
1719 2385 1871 2419 προσήκειν

1059 2453 1070 2463 ς
1084 2420 1264 2455 συνέστηκεν.
1286 2421 1372 2457 ’Υπὲρ
1397 2423 1452 2458 γὰρ
1475 2424 1522 2450 τοῦ
1548 2425 1640 2452 πᾶσαν
1656 2427 1802 2464 ἀνασοδὴν
1829 2434 1869 2457 καὶ

1085 2465 1205 2497 στάσεως
1223 2466 1361 2502 πρόφασιν
1389 2470 1601 2505 περιαιρεθῆναι
1629 2472 1684 2498 τῶν
1703 2473 1871 2510 ὲθελοκακίᾳ

1082 2513 1234 2547 χρωμένων
1251 2514 1305 2545 τοῖς
1319 2513 1384 2549 παρ’
1403 2515 1468 2549 ὑμῖν
1479 2517 1618 2549 δικασταῖς
1630 2518 1674 2545 διὰ
1693 2523 1872 2556 γραμμάτων

1083 2560 1303 2594 προσετάξαμεν,
1319 2561 1442 2593 ἅπαντας
1456 2562 1502 2593 οὓς
1520 2563 1553 2590 ἂν
1569 2564 1730 2597 στασιώδεις
1741 2572 1871 2604 καταμα-

1082 2605 1164 2638 οοιεν,
1177 2608 1210 2641 τῇ
1224 2607 1278 2632 τῶν
1291 2607 1381 2641 νόμων
1393 2608 1557 2635 ὑποδάλλειν
1572 2610 1689 2647 ἐκδικίᾳ.
1711 2613 1855 2648 ’Δμφότέρ
1866 2627 1870 2632 ν

1082 2651 1172 2677 τοίνυν
1202 2653 1380 2687 συνορῶντες,
1413 2655 1461 2681 καὶ
1486 2656 1537 2689 τὴν
1569 2657 1710 2692 ἡμετέραν
1727 2663 1805 2694 μετὰ
1826 2662 1871 2687 τεῦ

1084 2697 1240 2732 κρείττονος
1259 2699 1386 2735 γνώμην,
1403 2702 1450 2728 καὶ
1474 2703 1520 2729 τὸν
1542 2703 1612 2739 ὑπὲρ
1638 2705 1716 2740 ὑμῶν
1746 2709 1801 2735 καὶ
1824 2707 1870 2742 τῆς
