1904 3070
239 155 292 186 33)

848 150 1061 182 NICEPHORI
1083 151 1125 180 CA
1131 151 1177 180 LL
1184 151 1190 180 I
1197 151 1256 181 STl

1811 146 1863 176 340

241 210 314 245 quod
336 210 427 238 fuerat
450 217 465 236 a
490 208 611 245 tyrannis
629 208 791 235 excitatum.
809 207 843 235 Et
859 207 1024 242 imperatore

1078 206 1138 232 κατ’
1156 207 1232 233 οὐδὲν
1256 206 1419 242 λειπόμενον
1432 205 1488 232 τῶν
1505 204 1557 231 ὑπὸ
1577 205 1634 236 τοῖς
1658 204 1801 239 τυράννοις
1817 212 1863 236 γε·

241 261 301 284 arte
326 256 527 287 circumvento,
551 255 750 282 constitutione
775 254 845 289 ejus,
868 253 977 288 rapinas
997 257 1026 280 et

242 302 413 337 direptiones
428 308 503 332 suas,
515 308 583 335 quas
597 300 625 326 in
640 299 767 327 ecclesiis
783 306 914 334 peragere
929 298 1026 326 decre-

242 353 331 380 verat.
352 347 537 375 conﬁrmavit.
565 345 840 374 Circunifcrebanlur
868 353 917 379 per
945 344 1026 372 urbes

243 393 417 427 imperatoris
436 393 544 420 litterae.
572 392 696 419 Militaris
717 400 813 418 manus
836 391 1026 418 sanctionibus

243 438 436 466 subserviebat
449 447 455 465 :
470 443 498 465 et
511 445 564 465 non
580 437 667 465 solum
682 437 817 467 ecclesiis.
832 444 927 463 verum
942 436 1025 464 etiam

244 483 360 511 urbibus
377 483 446 518 ipsis
465 483 647 518 pellebantur,
665 483 712 517 qui
735 482 820 511 Paulo
842 482 980 514 favebant,
998 486 1026 508 et

241 530 272 556 τὸ
301 529 463 564 όμοούσιον,
480 529 727 562 eonsubstantiale,
745 528 958 564 profitebantur.
987 529 1026 556 Ac

243 577 362 609 primum
379 576 490 611 quidem
506 576 727 611 persecutionem
744 579 849 602 tantum
872 575 1004 609 urgebant
1018 583 1024 601 :

243 623 344 650 deinde
363 630 428 650 vero
452 622 644 650 necessitatem
665 629 776 657 quoque
796 621 976 656 ejuscemodi,
997 627 1027 648 ut

243 676 305 695 cum
324 668 377 695 illis
398 668 646 699 communicarent,
667 668 707 695 eis
725 667 912 702 irnponebant.
931 666 974 694 cui
993 667 1025 693 ad

242 711 375 738 saevitiam
395 719 455 738 eam
482 712 550 738 nihil
572 712 692 744 deesset,
705 719 766 747 qua:
788 711 853 740 olim
874 711 913 739 eis
931 712 977 746 qui
993 712 1026 738 ad

244 756 379 784 idolorum
401 757 537 786 sacriﬁcia
557 758 647 784 adacti
663 762 737 788 sunt.
759 757 834 784 illata
852 757 953 784 fuerat.
967 757 1027 785 Non

242 803 316 828 enim
342 803 544 837 proscriptione
571 808 676 830 tantum
702 811 748 830 res
771 803 918 837 agebatur,
935 803 983 830 sed
1000 807 1027 830 et

242 848 431 881 publicatione
451 854 533 882 atque
554 849 710 883 direptione
729 849 877 882 bonorum,
894 854 1027 884 przeterea

243 893 346 927 ﬂagris,
371 894 545 926 verberibus,
566 895 690 928 variique
720 894 827 929 generis
859 894 1027 922 cruciatibus

243 944 271 965 et
284 939 397 966 exsiliis.
413 939 490 966 Multi
508 939 593 974 plagis
608 939 726 967 confecti
743 940 883 967 interiere.
901 940 969 967 Aliis
983 940 1028 975 jus

243 984 367 1012 civitatis
386 985 556 1020 ademptum.
576 986 692 1019 Quidam
712 986 738 1013 in
755 987 844 1014 l'rontc
860 986 933 1013 notis
953 994 1027 1015 com-

245 1030 348 1063 puncli,
371 1034 400 1057 ut
423 1031 547 1065 dignosci
575 1037 704 1066 tanquam
731 1031 877 1067 stigmatici
903 1038 1026 1066 possent.

242 1075 341 1103 Clades
354 1084 386 1103 ea
403 1077 436 1104 ad
453 1077 541 1105 c:cdes
555 1078 637 1105 etiam
655 1079 802 1113 processit.
822 1078 946 1113 Namque
963 1086 1026 1106 cum

244 1121 339 1148 multis
370 1121 432 1149 aliis
444 1126 472 1150 et
487 1122 642 1150 Marcianus
660 1123 842 1158 etMartyrius
853 1132 914 1150 cum
931 1131 1027 1158 magna

244 1165 416 1194 fortitudinis
436 1167 518 1197 laude
541 1173 605 1195 sunt
631 1170 745 1201 mortui,
761 1169 808 1204 qui
826 1169 976 1196 familiares
998 1173 1026 1195 et

243 1212 343 1240 scriba
365 1212 442 1240 Pauli
465 1213 586 1241 fuerant.
616 1214 670 1242 Eos
697 1215 873 1242 Macedonius
897 1215 1026 1249 przcl'ecto

242 1257 371 1289 tradidit.
393 1258 499 1285 crimen
524 1259 591 1286 illud
619 1259 778 1294 objectans,
802 1259 875 1294 quod
902 1259 1025 1287 seditiosi

241 1307 343 1335 essent,
363 1308 391 1331 et
413 1304 562 1343 plurimum
587 1305 648 1340 opis
669 1305 702 1332 ad
726 1305 905 1341 Hermogenis
924 1306 1025 1333 caedem

241 1350 436 1379 contulissent.
454 1351 557 1378 Horum
575 1351 730 1379 Marcianus
747 1352 935 1379 subdiaconus
953 1351 1006 1380 luit

240 1395 390 1431 Martyrius
404 1401 496 1424 autem
512 1398 614 1432 psaltes
629 1405 676 1425 seu
690 1402 797 1430 cantor,
814 1398 1026 1433 divinarumque

243 1440 451 1477 Scripturarum
465 1443 562 1470 lecton
572 1443 735 1478 Sepulcrum
749 1451 846 1472 eorum
859 1451 935 1472 extra
949 1445 1026 1472 urbis

242 1494 352 1513 murum
378 1491 421 1514 est
446 1487 549 1514 celebri
574 1488 638 1515 fano
665 1489 807 1522 clausum,
831 1490 905 1523 quod
930 1489 1024 1517 fanum

1040 874 1064 904 B

1078 261 1142 286 γενη
1149 253 1247 287 μένων.
1264 252 1354 288 Τέχνῃ
1366 252 1396 279 δὲ
1414 252 1615 287 μετερχόμενος
1631 251 1676 278 τὸν
1698 250 1862 285 κρατοῦντα,

1076 296 1115 331 τῷ
1129 297 1234 323 ἐκείνου
1251 297 1326 332 νόμῳ
1339 296 1451 331 ἐκύρου,
1467 296 1518 322 ὅσα
1533 296 1634 331 ληίζων
1650 296 1700 327 τὰς
1714 295 1862 330 ἐκκλησίας

1077 344 1124 370 καὶ
1147 343 1409 378 ἀνδραποδιζόμενος
1434 343 1566 378 πράττειν
1583 343 1686 378 ᾑρεῖτο.
1716 342 1773 368 Καὶ
1794 341 1863 368 κατὰ

1078 390 1170 422 πόλεις
1200 390 1330 424 βασιλικὰ
1357 390 1493 423 ἐφίπτατο
1520 389 1675 423 γράμματα
1691 396 1698 403 ·
1729 387 1775 414 καὶ
1804 387 1863 422 χεῖρ

1078 436 1262 471 στρατιωτικὴ
1273 436 1330 467 τοῖς
1342 435 1549 469 θεσπιζομένοις
1563 434 1802 468 καθυπουργείτο·
1816 434 1863 460 καὶ

1076 483 1106 509 οὐ
1122 483 1204 518 μόνον
1219 482 1273 509 τῶν
1290 482 1457 516 ἐκκλησιῶν,
1474 481 1542 507 ἀλλὰ
1555 482 1602 507 καὶ
1617 480 1670 506 τῶν
1684 480 1791 506 πόλεων
1803 478 1863 512 ἐξη-

1077 528 1215 560 λαύνοντο,
1231 528 1288 555 ὅσοι
1310 528 1343 563 δὴ
1359 528 1394 554 τὰ
1411 527 1519 554 Παύλου
1538 526 1700 562 φρονοῦντες
1716 524 1800 562 ἦσαν.
1816 526 1862 552 καὶ

1077 575 1112 600 τὰ
1132 574 1178 600 τοῦ
1193 574 1337 607 ὁμοουσίου
1361 573 1538 608 ὲπρέσδευον.
1558 573 1611 598 Καὶ
1635 572 1669 598 τὰ
1697 572 1748 606 μὲν
1768 572 1860 607 πρῶτα

1077 619 1184 646 διώκειν
1201 619 1282 654 μόνον
1305 618 1470 650 ἐσπούδαζον
1483 625 1490 633 ⁸
1509 618 1604 644 ἔπειτα
1621 618 1649 644 δὲ
1673 619 1720 644 καὶ
1739 619 1860 652 ἀνάγκην

1078 665 1217 700 προσῆγον
1237 664 1308 691 ὥστε
1325 665 1465 691 κοινωνεῖν
1480 665 1574 695 αὐτοῖς
1586 672 1593 678 ·
1611 664 1658 690 καὶ
1671 663 1813 699 τοιαύτην,
1825 664 1862 695 ὠς

1079 713 1163 747 μηδὲν
1178 712 1343 739 ἀποδέουσαν
1358 710 1429 738 εἶναι
1449 712 1505 742 τοῖς
1518 711 1602 738 πάλαι
1620 710 1728 742 ξοάνοις
1743 710 1864 737 ἐπιθύει-θ

1077 759 1308 793 ἠναγκασμένοις.
1325 759 1363 785 Οὐ
1380 758 1434 793 γὰρ
1446 758 1556 792 ὲξορίας
1571 758 1661 792 μόνον,
1673 757 1741 784 ἀλλὰ
1755 757 1804 783 καὶ
1817 757 1863 791 6r;-

1078 803 1190 838 μεύσεις
1207 803 1255 829 καὶ
1283 803 1392 830 οἰκείων
1409 802 1573 836 ἀπαγωγὰς,
1603 802 1742 836 μάστιγάς
1762 811 1793 828 τε
1817 803 1863 827 ἐπὶ

1078 849 1194 881 τούτοις,
1220 849 1312 880 αἰκίας
1326 857 1355 875 τε
1381 849 1429 876 καὶ
1445 848 1572 879 ποικίλας
1600 848 1703 881 ὲπῆγον
1727 847 1862 882 βασάνους

1079 896 1126 922 καὶ
1141 895 1260 930 ὲεοριας.
1285 895 1329 927 Ὠς
1345 895 1391 922 καὶ
1415 894 1532 925 πολλοὺς
1549 895 1601 920 ὑπὸ
1618 894 1730 928 πληγῶν
1751 894 1865 928 διαφθα-

1079 942 1160 976 ρῆναι
1172 950 1180 960 '
1196 942 1287 972 ἄλλοις
1303 941 1331 967 δὲ
1344 940 1527 975 ἀφαιρεθῆναι
1540 940 1571 966 τὸ
1594 939 1788 966 πολιτεύεσθαι
1799 948 1806 954 ·
1823 948 1864 965 τι-

1077 988 1127 1019 νὰς
1142 987 1170 1014 δὲ
1186 987 1234 1014 καὶ
1254 988 1325 1014 κατὰ
1338 986 1392 1013 τῶν
1409 984 1543 1021 μετώπων
1564 985 1711 1020 μαστιγίας
1724 985 1865 1019 γενέσθαι,

1077 1033 1112 1060 ἵν’
1129 1033 1261 1068 ἐπίσημοι
1288 1030 1344 1059 εἷεν
1359 1032 1436 1064 ὄντες
1457 1032 1585 1059 τοιοῦτοι.
1610 1032 1647 1058 Τὸ
1661 1031 1689 1058 δὲ
1706 1031 1793 1057 κακδν
1815 1032 1864 1057 καὶ

1079 1079 1160 1113 μέχρι
1175 1079 1263 1112 φόνων
1276 1078 1384 1113 προῄει.
1397 1078 1449 1104 Σὺν
1464 1078 1572 1109 πολλοῖς
1587 1077 1640 1112 γὰρ
1649 1077 1696 1104 καὶ
1711 1077 1804 1108 ἄλλοις
1817 1077 1865 1103 καὶ

1077 1124 1238 1159 Μαρκιανὸς
1259 1125 1307 1151 καὶ
1333 1124 1492 1158 Μαρτύριος
1516 1123 1647 1157 ἀνδρείως
1673 1123 1821 1154 ἀπέθανον,
1839 1123 1864 1148 οἳ

1078 1169 1196 1196 σύνοικοι
1213 1170 1260 1196 καὶ
1275 1170 1504 1204 ὑπογραμματεῖς
1520 1168 1738 1204 χρηματίζοντες
1752 1168 1864 1203 Παύλῳ.

1078 1215 1131 1242 ὑπὸ
1152 1215 1321 1242 Μακεδονίου
1351 1214 1390 1249 τῷ
1420 1214 1537 1249 ὑπάρχῳ
1560 1215 1748 1248 προὺδὸθησαν
1772 1214 1865 1240 αἰτίαν

1078 1262 1199 1296 σχόντες,
1223 1261 1260 1292 ὡς
1275 1261 1373 1295 εἴησαν
1398 1260 1568 1291 στασιώδεις,
1592 1260 1638 1286 καὶ
1664 1261 1695 1294 τῇ
1723 1260 1865 1293 ἀναιρέσει

1081 1307 1264 1343 Ἑρμογένους
1294 1306 1344 1332 οὐκ
1369 1306 1499 1340 ἐλάχιστα
1526 1305 1740 1339 συμϐαλόμενοι.
1757 1303 1814 1330 ἿΙν
1842 1304 1864 1330 δ’

1076 1355 1092 1381 6
1104 1353 1199 1387 ἕτερος
1224 1353 1274 1387 μὲν
1291 1352 1478 1383 ὑποδιάκονος,
1491 1351 1597 1387 ψάλτης
1617 1351 1645 1377 δὲ
1662 1351 1676 1375 ὁ
1691 1349 1862 1384 Μειρτύριος,

1076 1400 1125 1426 καὶ
1152 1400 1201 1430 τὰς
1218 1398 1293 1429 θείας
1320 1397 1519 1432 ἀναγινώσκειν
1544 1396 1713 1430 τεταγμένος
1738 1396 1862 1430 Γραφᾶς.

1076 1443 1126 1472 Ὧν
1138 1445 1152 1472 δ
1165 1445 1250 1479 τάφος
1273 1444 1327 1480 πρὸ
1339 1444 1388 1471 τοῦ
1402 1444 1509 1478 τείχους
1526 1444 1585 1470 ἐστὶ
1606 1443 1653 1476 τῆς
1672 1442 1789 1473 πόλεως,
1803 1442 1863 1467 ἐπί-

1078 1499 1166 1526 σημον
1179 1490 1414 1526 περιϐεϐλημένος
1426 1488 1511 1522 οἷκον,
1526 1489 1574 1517 ἅτε
1589 1489 1621 1524 δὴ
1634 1488 1784 1523 μαρτύρων
1797 1487 1866 1522 μνῆ-

241 1536 393 1567 inartyrum
414 1538 622 1560 monumentum
645 1540 727 1561 esset.
750 1534 779 1561 ld
801 1534 922 1562 Joannes
937 1534 1024 1570 Chry-

1080 1544 1117 1570 μα
1133 1534 1333 1569 καθεστηκότα.
1353 1535 1401 1561 ’ον
1413 1533 1488 1561 οἷκον
1504 1534 1630 1568 Ἰωάννης
1645 1534 1659 1559 ό
1673 1533 1723 1567 τὴν
1739 1533 1866 1566 γλῶτταν

240 1582 380 1606 sostomus
394 1579 500 1612 primus
511 1584 672 1607 construere
686 1580 779 1614 coepit,
792 1580 910 1608 Sisinius
925 1580 1024 1609 deinde

1077 1579 1194 1615 χρυσοῦς
1217 1580 1371 1615 οἰκοδομεῖν
1402 1580 1511 1615 πρῶτος
1536 1579 1655 1605 ὲπέὃαλε
1672 1586 1679 1594 ·
1698 1578 1817 1608 Σισίνιος
1842 1577 1867 1603 δ’

240 1622 358 1650 absolvit
376 1632 382 1650 :
402 1623 448 1658 qui
467 1629 562 1658 postea
579 1626 659 1651 ambo
682 1624 810 1653 Ecclesia:
831 1625 1026 1653 Constantino-

240 1669 372 1703 politanae
396 1669 542 1704 praefuere.
568 1671 649 1706 749
677 1671 760 1699 Recte
783 1672 857 1699 enim
881 1677 1025 1706 putarunt,

241 1715 341 1749 dignos
357 1714 417 1743 esse
440 1715 543 1743 honore
565 1722 726 1752 martyrum,
743 1720 790 1752 qui
810 1718 925 1753 gloriam
940 1726 955 1746 a
972 1718 1026 1746 Deo

241 1763 385 1789 consecuti
413 1768 517 1795 essent,
537 1771 600 1791 eum
627 1764 784 1792 daemonum
812 1766 1025 1800 ejiciendorum,

241 1812 302 1835 tum
323 1808 462 1836 variorum
487 1809 603 1837 aliorum
631 1811 790 1838 morborum
815 1817 944 1840 contactu
969 1821 1027 1840 mo-

240 1854 368 1881 numenti
393 1855 589 1882 sanandorum.
615 1855 708 1890 Itaque
733 1856 810 1884 locus
836 1856 860 1884 is
881 1858 1026 1886 damnatus

241 1903 341 1930 antea,
366 1900 643 1936 apparitionibusque
670 1902 883 1930 simulacrorum
910 1904 1026 1932 horren-

240 1944 303 1979 dus,
319 1946 445 1981 expiatus
463 1948 497 1974 ab
519 1947 560 1974 eis
583 1953 625 1975 est
649 1953 677 1975 et
693 1954 836 1984 purgatus.
854 1949 888 1976 Et
903 1949 1027 1977 Macedo-

239 1991 305 2019 nius
322 1992 434 2027 quidem
459 1994 518 2021 hzec
534 1994 574 2021 sic
591 1994 618 2021 in
635 1993 757 2022 Orientis
774 1995 889 2023 urbibus
903 1997 1024 2031 gerebat.

242 2037 333 2066 Urbes
357 2047 423 2066 vero
449 2039 608 2067 Occidentis
637 2045 665 2067 et
690 2041 802 2068 Graeciae
830 2041 864 2069 ad
887 2041 1025 2077 Illyricum

242 2091 331 2118 usque
365 2084 434 2111 nihil
452 2085 587 2119 ejusmodi
604 2086 743 2120 pertulere
760 2096 767 2114 :
785 2087 858 2121 quod
876 2089 1027 2117 concordes

241 2135 343 2162 essent,
364 2136 392 2157 et
408 2131 465 2165 jam
490 2131 553 2158 inde
569 2131 603 2158 ah
618 2131 698 2158 initio
715 2132 832 2160 Nic-ama:
857 2134 952 2168 synodi
977 2135 1025 2162 de-

242 2180 317 2202 creta
331 2180 488 2203 constanter
499 2176 660 2202 retinerent.
670 2175 806 2204 Caeterum
819 2177 930 2211 Paulus,
943 2180 1024 2207 siculi

242 2225 323 2248 antea
341 2228 450 2255 quoque
467 2221 569 2249 dictum
579 2226 632 2254 est,
648 2221 747 2250 Cucusi
767 2224 907 2256 exsulans,
928 2225 1025 2260 impio-

242 2273 304 2292 rum
335 2265 478 2294 hominum
509 2267 672 2296 crudelitate
701 2276 750 2303 per
781 2271 1025 2304 strangulatinnem

241 2313 325 2340 vitam
351 2313 422 2341 ﬁniit
445 2313 495 2349 (1).
515 2314 613 2342 Obitus
639 2316 699 2350 ejus
723 2317 890 2344 Athanasius
914 2326 1025 2353 quoque

240 2359 269 2386 in
294 2359 453 2388 defensione
478 2360 548 2395 luga:
572 2368 627 2388 sua:
653 2363 780 2389 meminit
804 2363 880 2390 hisce
904 2363 996 2390 verbis
1017 2372 1023 2390 :

243 2415 253 2430 ι
273 2404 529 2441 Constantinopolis
543 2407 616 2439 enim
639 2409 801 2443 episcopum
819 2409 943 2443 paulum,
961 2417 1023 2436 cum

239 2451 380 2484 prosecuti
405 2458 498 2479 essent
524 2458 552 2480 et
578 2454 761 2487 invenissent,
779 2455 921 2489 propalam
940 2455 1024 2482 suﬁc-

239 2498 358 2525 nandum
382 2503 516 2526 curarunt
539 2499 565 2526 in
586 2500 686 2535 oppido
704 2499 826 2531 Cucuso,
844 2499 972 2527 carniﬁce
990 2501 1024 2528 ad

241 2544 344 2571 caedem
378 2552 438 2572 eam
463 2546 504 2573 usi
528 2545 656 2581 Philippo
679 2545 726 2580 qui
750 2545 840 2572 fuerat
861 2545 1023 2580 praefectus;

242 2595 303 2617 crat
318 2598 437 2625 namque
453 2591 565 2619 haeresis
582 2599 678 2618 eorum
696 2591 902 2626 antesignanus,
918 2596 946 2619 et
961 2600 1024 2626 pra-

240 2643 337 2662 vorum
363 2636 542 2665 consiliorum
566 2636 738 2663 administer.
760 2645 770 2662 ι
799 2635 861 2664 Haec
886 2637 925 2664 sic
952 2638 1022 2665 fere-

240 2680 351 2710 bantur.

277 2786 314 2819 (1)
329 2786 367 2813 De
381 2783 455 2812 caede
468 2784 543 2811 Pauli
564 2784 612 2811 lib.
633 2793 668 2815 iv,
683 2792 744 2819 cap.
756 2785 784 2817 ‘2,
801 2784 909 2813 Sozom.
925 2794 931 2811 :
949 2785 1020 2811 Pau-

242 2820 281 2848 lus
298 2821 332 2846 ad
344 2819 464 2846 exsilium
478 2824 632 2854 perpetuum
645 2820 876 2850 condemnatus.”
890 2820 1019 2847 Cucusum

241 2855 374 2884 Armenia:
399 2856 549 2889 deportatus
579 2860 615 2882 est
634 2863 642 2882 :
662 2854 704 2881 ubi
731 2856 811 2882 otium
834 2856 914 2882 vitam
939 2854 1018 2887 ﬁniit,

1076 1626 1171 1653 ἔπειτα
1188 1625 1338 1657 ἐξετέλεσε.
1356 1626 1411 1652 Καὶ
1428 1626 1511 1660 ἄμφω
1526 1625 1555 1651 δὲ
1573 1625 1621 1658 τῆς
1640 1625 1868 1650 Κωνσταντινοψ

1077 1672 1182 1704 πόλεως
1201 1672 1368 1707 Ἐκκλησίας
1382 1672 1452 1707 μετὰ
1467 1671 1554 1698 ταῦτα
1567 1672 1715 1705 ἡγήσαντο.
1731 1671 1794 1696 Δεῖν
1809 1670 1866 1703 γὰρ

1077 1719 1169 1750 αὐτοῖς
1183 1718 1255 1749 ἔδοξε
1267 1719 1314 1746 καὶ
1328 1718 1412 1752 τιμῆς
1424 1716 1568 1749 ἀξιοῦσθαι
1582 1716 1768 1751 μαρτυρικῆς,
1785 1715 1867 1747 δόξαν

1077 1763 1301 1797 κληρωσαμένοις
1317 1762 1371 1789 ἀπὸ
1382 1762 1461 1792 Θεοῦ,
1478 1761 1608 1796 δαίμονάς
1624 1769 1653 1786 τε
1667 1760 1804 1791 ἐλαύνειν,
1817 1761 1867 1786 καὶ

1077 1809 1160 1840 ἄλλας
1178 1808 1274 1839 νόσους
1290 1808 1416 1839 ποικίλας
1440 1807 1533 1834 ἰᾶσθαι
1547 1809 1580 1842 τῇ
1598 1806 1665 1838 θίξει
1684 1806 1732 1833 τοῦ
1753 1808 1869 1842 μνήμα-

1077 1863 1121 1884 τος
1133 1862 1141 1869 ·
1155 1854 1306 1888 καταδίκης
1327 1854 1350 1880 δ’
1367 1854 1432 1880 ὄντα
1447 1854 1535 1888 χῶρον
1561 1853 1589 1879 τὸ
1611 1854 1757 1887 προτερον,
1775 1852 1868 1878 δεινὸν

1077 1900 1106 1926 δὲ
1121 1901 1168 1928 καὶ
1185 1900 1312 1934 φάσμασι
1329 1900 1516 1932 κατειδὼλοις,
1535 1900 1604 1935 πρὸς
1622 1900 1713 1926 αὒτῶν
1725 1900 1867 1934 κεκαθάρ-

1078 1946 1134 1974 θαι.
1151 1945 1272 1973 Τοιαῦτα
1292 1947 1342 1981 μὲν
1365 1947 1434 1973 κατὰ
1451 1947 1501 1978 τὰς
1520 1945 1591 1980 ἑῴας
1613 1946 1705 1976 πόλεις
1723 1946 1776 1972 ὑπὸ
1804 1947 1867 1972 Μα-

1078 1993 1200 2019 κεδονίου
1225 1993 1395 2027 ἐπράττετο·
1410 1993 1437 2019 al.
1463 1993 1485 2019 δ’
1511 1993 1562 2019 ἀνὰ
1592 1993 1642 2027 τὴν
1665 1992 1805 2028 Ἑσπέραν
1816 1993 1866 2018 καὶ

1083 2037 1198 2064 Ἐλλάδα
1227 2038 1276 2064 καὶ
1302 2037 1367 2072 ἄχρι
1395 2037 1492 2072 δήκαὶ
1522 2037 1606 2064 αὑτοῦ
1632 2038 1679 2063 τοῦ
1711 2037 1866 2072 Ἰλλυρικοῦ

1076 2083 1222 2119 ἀπείρατοι
1252 2084 1456 2118 μεμενὴκεσαν,
1480 2083 1622 2118 σύμφωνοι
1640 2084 1707 2118 πρὸς
1730 2084 1866 2119 ἀλλήλους

1077 2129 1164 2160 οὖσαι,
1182 2130 1288 2159 καὶτὸν
1306 2129 1425 2156 ἔκπαλαι
1442 2130 1504 2165 ὅρον
1517 2130 1566 2164 τῆς
1582 2130 1610 2155 ὲν
1628 2130 1731 2164 Νικαίᾳ
1753 2130 1865 2156 συνόδου

1078 2175 1271 2210 κρατύνουσαι.
1295 2175 1323 2201 '0
1338 2175 1366 2202 δὲ
1389 2174 1504 2206 Παῦλος,
1520 2175 1556 2205 ὡς
1572 2175 1619 2201 καὶ
1634 2175 1771 2210 πρότερον
1788 2176 1867 2210 εἴρη-

1077 2231 1133 2254 ται,
1156 2223 1185 2247 ὲν
1206 2222 1239 2256 τῇ
1259 2220 1407 2255 Κουκουσῷ
1430 2221 1575 2255 ὑπερόριος
1598 2220 1731 2253 γεγονὼς,
1759 2222 1867 2257 ἀγχόνῃ

1076 2266 1115 2300 τῷ
1131 2266 1254 2301 σφετέρῳ
1270 2266 1408 2300 ὡμοφόρῳ
1432 2267 1615 2301 χρησαμένων
1630 2266 1685 2293 τῶν
1711 2267 1866 2299 δυσσεὸῶν,

1077 2312 1193 2340 ἁπεὸίω.
1210 2313 1266 2347 Τῆς
1282 2312 1305 2339 δ’
1328 2312 1410 2339 αὑτοῦ
1426 2312 1554 2346 τελευτῆς
1578 2313 1625 2339 καὶ
1653 2313 1818 2344 Ἀοανάσιος
1833 2314 1865 2339 ἐν

1076 2358 1115 2392 τῷ
1129 2358 1204 2393 αὐτῷ
1213 2360 1262 2392 τῆς
1272 2358 1361 2392 φυγῆς
1373 2358 1564 2393 ἁπολογητικῷ
1575 2358 1783 2393 ἐμνημόνευσεν
1793 2359 1867 2386 οὕτω

1077 2404 1190 2438 φάσκων
1201 2410 1207 2418 ·
1232 2412 1241 2429 ι
1265 2403 1318 2429 Τὸν
1333 2403 1386 2437 γὰρ
1400 2404 1450 2438 τῆς
1466 2403 1782 2435 Κωνσταντινουπόλεως
1806 2403 1867 2430 ὲπί-

1077 2458 1178 2479 σκοπον
1202 2448 1308 2483 Παῦλον
1329 2450 1474 2483 διώξαντες
1494 2451 1542 2476 καὶ
1560 2450 1695 2484 εὑρόντες,
1714 2451 1867 2484 προφανῶς

1076 2495 1261 2530 ἀποπνιγῆναι
1291 2496 1458 2530 πεποιήκασι
1484 2496 1515 2530 τῇ
1538 2495 1671 2530 λεγομένῃ
1699 2495 1866 2530 Κουκουσῷ,

1075 2542 1173 2577 δήμιον
1188 2542 1334 2577 ἐσχηκότες
1350 2542 1389 2572 είς
1404 2541 1484 2568 τοῦτο
1497 2541 1631 2567 Φίλιππον
1653 2540 1699 2567 τὸν
1715 2542 1866 2575 γενόμενον

1077 2588 1207 2623 ἔπαρχον.
1223 2586 1278 2615 Ἦν
1291 2587 1345 2622 γὰρ
1362 2587 1409 2614 καὶ
1419 2587 1468 2621 τῆς
1486 2587 1618 2622 αἱρέσεως
1635 2587 1726 2612 αὐτῶν
1742 2587 1867 2622 προστά-

1075 2642 1135 2667 της,
1150 2633 1197 2659 καὶ
1207 2632 1260 2658 τῶν
1268 2631 1396 2666 πονηρῶν
1414 2630 1606 2666 βουλευμάτων
1615 2629 1766 2665 ὑπηρέτης.
1780 2639 1790 2656 ι
1807 2629 1866 2656 Καὶ

1074 2680 1107 2707 τὰ
1124 2679 1174 2714 μὲν
1187 2675 1237 2704 ὧδε
1251 2676 1375 2711 ἐφέρετο.

1074 2786 1196 2811 marbone
1224 2785 1321 2815 dicam.
1334 2794 1368 2812 an
1393 2785 1418 2812 vi
1446 2785 1469 2811 ei
1492 2783 1620 2814 adhibita,
1635 2789 1686 2808 non
1711 2782 1777 2808 satis
1797 2781 1864 2808 scio.

1075 2819 1161 2855 Fama
1181 2824 1249 2846 certe
1274 2820 1349 2847 [indie
1372 2827 1472 2855 quoque
1495 2819 1602 2850 obtinet,
1625 2826 1642 2844 ιι
1663 2815 1866 2844 Macedoniani:

1075 2854 1166 2889 laqueo
1181 2854 1381 2891 strangulatum
1390 2863 1454 2883 esse.
