1904 3070
73 139 140 172 345

554 145 858 179 ECCLESIASTIC/E
878 151 1075 183 l-IlSTORlAE
1095 155 1169 185 LIB.
1195 156 1246 186 IX.

1665 165 1717 196 3-l6

68 205 145 250 esse
162 197 274 250 Piliam,
290 205 382 250 autea
397 200 449 227 alia
468 201 624 230 substantia
640 211 721 238 quam
737 213 770 232 ex
796 207 851 234 Deo
870 227 877 239 ,
901 213 928 235 ct
942 210 1015 243 quod
1032 210 1115 238 fuerit
1131 216 1238 246 tempus
1255 219 1303 240 aut
1317 215 1460 247 saeuiunt,
1492 225 1553 244 cum
1571 227 1623 246 non
1658 222 1716 250 lue-

69 245 125 276 rit.
146 245 250 273 alienos
266 253 330 274 esse
346 247 396 274 scit
411 252 506 274 sancta
518 249 653 277 catholica
673 251 806 279 Ecclesia.

117 293 205 319 Πάλιν
227 290 278 319 οὗν
299 292 428 327 ἐροῦμεν,
451 294 477 320 ετ
502 304 544 326 τις
567 296 612 321 τὸν
628 297 738 332 Πατέρα
764 299 811 325 καὶ

913 326 915 330 ,
964 303 1004 330 Ac
1032 297 1141 331 rursum
1165 304 1293 335 dicimus.
1313 306 1335 332 si
1357 307 1419 340 quis
1443 307 1551 335 Patrem
1571 315 1600 336 et
1617 311 1715 340 Filium

66 341 148 367 Tl’m
166 340 211 366 δύο
235 339 312 372 λέγει
334 339 428 372 Θεοὺς.
453 341 579 376 ἀνάθεμα
600 342 681 370 ἔστω.
703 344 758 371 Καὶ
783 345 809 372 εἴ
831 354 875 377 τις

66 388 168 421 λέγων
184 386 252 413 Θεὸν
278 386 325 413 τὸν
341 387 461 420 Χριστὸν
477 389 642 422 προαιώνιον
658 389 723 416 Υίὸν
744 391 789 417 τοῦ
806 392 874 419 Θεοῦ

66 435 277 468 ὺπουργηκότα
293 433 333 467 τῷ
356 435 445 469 Πατρὶ
459 435 499 466 εἰς
519 435 568 470 τὴν
589 436 643 463 τῶν
661 437 730 464 ὅλων
743 439 874 473 δημιουρ-

66 481 141 513 γειν
156 481 193 514 μὴ
213 481 374 515 ὁμολογοίη,
387 480 512 514 ἀνάθεμα
533 481 615 510 ἔστω.
632 483 665 509 Et
678 492 718 514 τις
734 484 779 510 τὸν
792 485 873 518 ἀγέν-

66 535 160 558 νητον
175 526 192 560 ἢ
212 525 300 560 μέρος
313 525 396 552 αὐτοῦ
421 527 452 552 ὲκ
468 527 579 561 Μαρίας
588 527 678 561 λέγειν
692 530 872 564 γεγεννῆσθαι

65 573 176 605 τολμᾷ.
193 572 322 606 ἀνάθεμα
340 572 420 599 ἔστω.
440 572 476 598 Εἴ
491 581 534 604 τις
557 574 629 600 κατὰ
647 575 803 609 πρόγνωσιν
827 577 872 604 τὸν

65 621 100 644 ἐκ
117 620 232 654 Μαρίας
247 619 322 652 λέγει
337 620 395 646 υἰὸν
410 618 495 651 εἶναι,
513 621 560 647 καὶ
582 621 619 657 μὴ
642 622 696 656 πρὸ
713 623 820 650 αἰώνων
839 625 872 651 ὲκ

64 666 119 691 τοῦ
149 665 257 700 Πατρὸς
275 666 478 700 γεγεννημένον
497 668 566 701 πρὸς
591 668 637 694 τὸν
654 669 722 695 Θεὸν
739 669 808 696 εἶναι
823 671 871 697 xtl.

63 711 101 736 δι’
126 711 210 737 αὐτοῦ
237 711 405 746 γεγενῆσθαι
435 713 470 738 τὰ
497 713 597 745 πάντα,
628 714 752 749 ἀνάθεμα
788 716 869 744 ἔστω.

66 757 103 782 F1
128 765 170 787 τις
186 756 398 791 πλατυνομένην
419 759 469 792 τὴν
485 759 579 786 οὐσίαν
595 759 643 786 τοῦ
660 760 728 787 Θεοῦ
742 762 788 787 τὸν
805 763 869 789 Υἰὸν

64 801 150 833 λέγοι
178 802 279 832 ποιεῖν,
306 801 321 836 ἢ
346 802 392 828 τὸν
412 803 571 838 πλατυσμὸν
592 806 642 838 τῆς
664 807 758 838 οὐσίας
785 809 867 835 αὑτοῦ

65 845 137 871 Υἰὶν
150 846 296 879 ὀνομάζοι,
314 847 437 881 ἀνάθεμα
452 849 530 875 ἔστω.
548 850 580 875 Εἴ
591 859 632 882 τις
643 851 693 886 τὴν
710 853 805 880 οὐσίαν
820 854 867 880 τοῦ

63 891 141 918 θεοῦ
158 893 348 919 πλατύνεσθαι
364 894 379 928 ἢ
401 895 595 922 συστέλλεσθαι
610 897 723 931 φάσκοι,
741 900 867 935 ἀνάθεμα

63 937 152 964 ἔστω.
172 938 206 964 El
233 947 277 969 τις
293 939 446 966 ἐνδιάθετον
472 941 487 974 ῆ
504 944 674 977 προφορικὸν
690 944 768 979 λόγον
791 946 865 979 λέγοι

61 983 112 1009 τὸν
126 984 191 1010 Υίὸν
207 984 257 1010 τοῦ
278 985 356 1017 Θεοῦ,
377 987 501 1020 ἀνάθεμα
517 987 599 1014 ἔστω.
619 989 652 1016 Εἰ
667 999 709 1020 τις
723 991 865 1026 ἄνθρωπον

65 1031 153 1062 μονον
169 1030 245 1064 λέγοι
261 1031 309 1057 τὸν
324 1032 388 1058 Υἰὸν
402 1033 447 1059 τὸν
463 1034 493 1059 ἐκ
508 1035 628 1069 Μαρίας,
645 1036 769 1071 ἀνάθεμα
782 1039 864 1066 ἔστω.

63 1075 99 1101 Εἴ
107 1085 150 1107 τις
160 1077 227 1102 Θεὸν
239 1078 286 1103 καὶ
302 1077 447 1112 ἄνθρωπον
459 1080 505 1106 τὸν
520 1081 552 1106 ὲκ
567 1082 678 1115 Μαρίας
691 1083 786 1117 λέγων,
797 1085 864 1112 Θεὸν

60 1121 111 1146 τὸν
131 1122 282 1157 ἀγέννητον
297 1123 379 1149 αὑτὸν
395 1125 462 1156 νοεῖ,
481 1125 605 1159 ἀνάθεμα
620 1126 701 1154 ἔστω.
719 1129 752 1154 Εἴ
765 1135 805 1160 τις
821 1129 862 1161 τὸ,

61 1165 142 1201 Ἐγὼ
166 1167 241 1200 θεὸς
266 1168 394 1202 πρῶτος,
427 1170 478 1196 καί
499 1170 558 1205 ἐγὼ
576 1172 653 1205 μετὰ
677 1174 787 1207 ταῦτα,
813 1176 863 1202 καί

59 1212 153 1245 πλὴν
168 1213 245 1247 ἐμοῦ
259 1215 317 1241 οὐκ
331 1215 397 1241 ἔστι
412 1217 496 1249 Θεὸς,
511 1217 590 1243 τοῦτο
605 1219 672 1245 αὐτὸ
687 1220 717 1245 τὸ
729 1221 772 1246 ἐπ’
783 1222 861 1248 ἀναι-

61 1260 144 1294 ρέσει
167 1260 290 1288 εἰδώλων
313 1262 362 1288 καὶ
377 1263 430 1290 τῶν
451 1264 489 1298 μὴ
509 1264 596 1291 ὀντων
619 1266 687 1291 θεῶν
703 1267 858 1302 εἰρημένον,

60 1306 109 1332 ἐπ’
122 1307 267 1342 ἀναιρέσει
282 1307 330 1334 τοῦ
345 1309 516 1342 Μονογενοῦς
530 1311 584 1345 πρὸ
600 1312 654 1338 τῶν
666 1313 773 1339 αἰώνων
792 1314 860 1341 Θεοῦ

58 1351 237 1385 ἐκλαμϐάνοι
258 1352 425 1386 Ἰουδαϊκῶς,
453 1355 578 1390 ἀνάθεμα
596 1357 677 1385 ἔστω.
704 1358 738 1384 Et
762 1367 804 1390 τις
819 1360 860 1391 τὸ,

63 1395 98 1422 ὀ
128 1397 225 1430 Λόγος
249 1397 332 1431 σὰρξ
350 1398 482 1432 ἐγένετο,
509 1400 633 1434 ἁκούων,
650 1402 694 1428 τὸν
718 1403 805 1437 Λόγον
819 1406 861 1436 εἰς

59 1441 156 1475 σάρκα
181 1443 406 1478 μεταϐεϐλῆσθαι
423 1445 543 1480 νομίζοι,
561 1447 578 1482 ἢ
595 1448 700 1482 τροπὴν
716 1449 860 1485 ὑπομεμε-

57 1488 168 1522 νηκότα
195 1489 374 1524 ἀνειληφέναι
395 1491 445 1526 τὴν
461 1492 562 1527 σάρκα,
580 1494 707 1529 ἀνάθεμα
729 1495 810 1523 ἔστω.
829 1497 863 1525 El

57 1542 103 1565 τις
141 1535 187 1560 τὸν
218 1537 354 1570 μονογενῆ
384 1537 448 1563 Υἱὸν
479 1538 527 1564 τοῦ
559 1540 628 1565 Θεοῦ
653 1542 860 1575 ἐσταυρωμένον

59 1579 184 1611 ἀκούων,
199 1580 306 1614 φθορὰν
320 1581 336 1616 ἢ
348 1582 433 1614 πάθος
446 1583 463 1617 ἢ
473 1584 579 1619 τροπὴν
592 1585 662 1612 κατὰ
674 1585 722 1621 τὴν
734 1587 857 1621 θεότητα,

933 347 1001 375 duos
1027 350 1191 383 prollteatur
1206 350 1285 383 Deos,
1311 352 1456 379 anathema
1481 354 1527 381 sit.
1554 355 1586 382 Et
1609 357 1631 382 si
1652 358 1715 391 quis

927 394 1013 420 Deum
1030 395 1126 425 dicens
1139 395 1279 423 Christum
1297 399 1519 426 autesaecularcm
1547 401 1644 428 Filium
1666 404 1713 431 Dei

925 439 1131 468 administrasse
1157 442 1230 469 Patri
1254 443 1282 469 in
1306 451 1398 470 rerum
1422 445 1610 473 universarum
1635 456 1713 475 crea-

926 484 1000 512 tione
1016 493 1069 512 non
1088 487 1263 520 proliteatnr,
1279 489 1425 516 anathema
1441 491 1486 517 sit.
1509 491 1537 518 Si
1553 493 1615 526 quis
1634 495 1711 528 inge-

924 531 1024 563 nitum,
1054 537 1100 559 aut
1135 539 1238 567 partem
1272 535 1332 568 ejus
1365 543 1397 562 ex
1430 536 1512 563 Maria
1543 540 1709 573 progenitam

924 585 984 604 esse
1006 578 1099 605 dicere
1125 579 1233 610 audeat,
1252 581 1398 608 anathema
1423 582 1468 608 sit.
1493 582 1521 608 Si
1550 584 1612 617 quis
1631 584 1709 617 juxta

923 623 1134 657 praescicutiam.
1152 632 1213 651 eum
1229 626 1275 659 qui
1301 634 1334 652 cx
1356 626 1440 652 Maria
1469 629 1576 661 {gn-uitus
1590 634 1641 659 est.
1666 629 1710 656 Fi-

921 668 989 695 lium
1011 676 1071 696 esse
1094 669 1178 702 dicat,
1195 674 1223 696 et
1244 677 1299 696 non
1317 676 1381 698 ante
1396 672 1493 698 saecula
1515 680 1547 698 ex
1567 673 1646 700 Patre
1663 682 1710 700 na-

921 719 978 742 tum
1003 715 1074 750 apud
1097 715 1183 742 Deum
1209 723 1281 748 esse,
1298 722 1326 743 et
1343 724 1391 751 per
1407 725 1470 743 eum
1491 717 1561 744 facta
1577 726 1635 744 esse
1651 727 1708 746 om-

920 762 976 792 nia.
1000 762 1145 788 anathema
1163 762 1209 788 sit.
1229 762 1257 788 Si
1281 763 1344 796 quis
1363 763 1502 790 dilatatam
1527 764 1706 792 substantiam

921 807 966 833 Dei
989 806 1086 833 Filium
1106 807 1196 834 facere
1214 807 1296 837 dicat,
1314 812 1362 834 aut
1377 808 1564 836 dilatationem
1581 810 1708 836 substant-

919 853 963 879 tia:
984 853 1043 886 ejus
1069 852 1168 879 Filium
1197 853 1332 884 nominet.
1353 854 1496 880 anathema
1524 855 1569 881 sit.
1596 855 1623 881 Si
1645 856 1707 889 quis

918 896 1098 924 substantiam
1128 896 1176 924 Dei
1198 897 1241 924 vel
1272 897 1382 925 dilatari
1408 898 1450 925 vel
1474 899 1599 925 contrahi
1622 899 1705 930 dicat.

917 943 1061 969 anathema
1084 943 1130 970 sit.
1155 943 1184 969 Si
1203 943 1265 977 quis
1287 944 1329 970 vel
1357 949 1448 970 mente
1471 950 1645 977 conceptum,
1663 945 1704 971 vel

882 975 902 1001 Β
918 995 965 1014 ore
983 988 1117 1022 prolatum
1132 975 1246 1015 verbum
1270 988 1344 1015 dicat
1362 989 1459 1015 Filium
1484 990 1544 1021 Dei,
1559 975 1704 1017 anathema

917 1034 961 1061 sit.
980 1033 1009 1060 Si
1027 1035 1089 1068 quis
1113 1034 1252 1060 hominem
1275 1035 1363 1061 solum
1383 1035 1456 1062 dicat
1476 1035 1630 1066 Filium,ex
1652 1036 1707 1062 Ma-

917 1079 956 1106 ria
977 1085 1158 1114 prognatum,
1186 1080 1330 1107 anathema
1356 1080 1401 1107 sit.
1429 1080 1457 1106 Si
1483 1081 1546 1114 quis
1570 1082 1654 1108 Dento
1677 1086 1706 1108 et

917 1126 1055 1152 hominem
1069 1133 1102 1151 ex
1116 1125 1197 1152 Maria
1215 1125 1340 1159 genitum
1363 1126 1508 1159 proliteus,
1528 1127 1612 1154 Deum
1629 1127 1704 1162 inge-

916 1176 1002 1197 nitum
1018 1171 1107 1205 ipsqu
1125 1171 1268 1204 intelligat,
1283 1171 1429 1199 anathema
1444 1172 1489 1199 sit.
1506 1172 1533 1199 Si
1548 1173 1610 1206 quis
1625 1173 1703 1201 illud.

915 1217 969 1252 Ego
991 1218 1058 1244 Deus
1075 1218 1200 1249 primum,
1217 1223 1241 1244 et
1265 1226 1311 1252 ego
1325 1222 1426 1249 postea.
1444 1223 1468 1243 et
1485 1223 1581 1250 prwter
1595 1227 1636 1245 me
1651 1227 1703 1245 non

914 1267 951 1289 est
973 1263 1041 1289 Deus
1055 1263 1083 1289 ιε
1102 1263 1174 1297 (ιυοί
1187 1263 1221 1289 dc
1233 1263 1382 1290 abolitione
1396 1263 1544 1292 idolorum.
1562 1268 1590 1290 et
1604 1271 1698 1290 eorum

913 1309 960 1342 qui
995 1309 1031 1334 dii
1067 1316 1120 1334 non
1146 1313 1220 1340 sunt,
1238 1307 1340 1334 dit-tum
1359 1314 1417 1339 cst;
1433 1307 1466 1334 ad
1497 1308 1702 1342 abragationem

913 1354 1046 1388 unigeniti
1069 1354 1274 1380 autesrccularis
1295 1353 1355 1380 Filii
1379 1353 1426 1379 Dei
1447 1352 1561 1380 Judaicc
1574 1353 1701 1387 accipiat.

912 1400 1058 1426 anathema
1082 1400 1128 1426 sit.
1150 1399 1176 1426 Si
1197 1399 1258 1432 quis
1279 1399 1355 1429 illud,
1385 1398 1498 1424 Verbum
1518 1406 1581 1424 caro
1599 1399 1701 1433 factum

912 1450 960 1478 est,
985 1445 1111 1476 audiens.
1139 1445 1256 1473 Verbum
1283 1445 1310 1472 in
1338 1453 1450 1473 carnem
1479 1449 1625 1478 mutatum,
1653 1451 1702 1472 aut

912 1491 1119 1519 conversionem
1143 1491 1272 1521 subiisse,
1290 1497 1318 1516 et
1334 1491 1374 1516 sic
1390 1498 1500 1517 carnem
1519 1491 1700 1524 assumpsisse

910 1536 1061 1567 existimet,
1079 1536 1225 1562 anathema
1247 1537 1294 1562 sit.
1319 1536 1347 1563 Si
1373 1536 1436 1570 quis
1460 1536 1631 1570 unigenitum
1658 1537 1702 1563 ιη-

912 1582 980 1610 lium
1006 1582 1054 1609 Dei
1082 1582 1244 1609 crucilixunt
1271 1581 1398 1612 audiens,
1419 1581 1637 1615 corruptionem,
1658 1583 1700 1609 vel

58 1624 75 1659 ἢ
92 1625 222 1659 μείωσιν,
240 1626 256 1660 ἢ
276 1626 418 1661 ἀναίρεσιν
432 1629 680 1664 ὑπομεμενηκέναι
691 1631 775 1665 λέγοι,
794 1633 825 1658 ὰν

914 1628 1130 1663 perpessionem.
1148 1627 1189 1654 vel
1207 1628 1399 1658 mutationem,
1414 1628 1455 1654 vel
1474 1627 1698 1657 diminution-mi.

59 1670 136 1705 θεμα
161 1671 247 1698 εστω.
265 1672 299 1698 El
320 1681 363 1703 τις
379 1674 409 1700 τὸ
430 1674 609 1709 Ποιήσωμεν
630 1677 800 1711 ἄνθρωπον,
821 1679 859 1714 μὴ

58 1717 106 1743 τὸν
121 1718 232 1752 Πατέρα
251 1719 321 1753 πρὸς
338 1720 384 1747 τὸν
403 1720 468 1747 Υἰὸν
485 1721 585 1754 λέγειν,
603 1723 672 1750 ἀλλὰ
687 1724 770 1750 αὑτὸν
790 1726 859 1759 πρὸς

61 1765 159 1791 ἑαυτὸν
177 1766 256 1799 λέγοι
270 1766 317 1792 τὸν
334 1766 402 1792 Θεὸν
417 1769 569 1802 εἰρηκέναι,
586 1770 713 1805 ἀνάθεμα
728 1771 808 1799 ἔστω.
828 1772 861 1799 Εἰ

60 1820 104 1843 τις
118 1811 157 1845 τῷ
171 1811 276 1838 Ἰακὼὸ
289 1812 326 1847 μὴ
340 1813 386 1839 τὸν
402 1813 468 1839 Υἰὸν
479 1814 517 1846 ὡς
529 1815 676 1850 ἄνθρωπον
691 1818 860 1844 πεπαλαικέ-

59 1866 117 1886 ναι.
131 1858 203 1884 ἀλλὰ
217 1858 265 1884 τὸν
278 1859 428 1894 ἀγέννητον
443 1859 509 1886 Θεὸν
527 1861 542 1894 ἦ
573 1861 655 1895 μέρος
672 1863 756 1889 αὑτοῦ
770 1863 856 1897 λέγοι,

60 1903 188 1938 ἀνάθεμα
203 1904 285 1930 ἔστω.
300 1905 332 1930 Εἰ
344 1913 388 1936 τις
402 1905 432 1931 τὸ
448 1905 573 1940 Ἕσρεξε
585 1908 693 1941 Κύριος
708 1909 787 1943 παρὰ
802 1910 857 1936 τοῦ

61 1951 185 1984 Κυρίου,
202 1951 240 1985 μὴ
268 1951 314 1977 ἐπὶ
333 1951 381 1977 τοῦ
397 1952 502 1987 Ila-.96;
516 1953 564 1979 καὶ
577 1953 625 1979 τοῦ
641 1954 706 1980 Υἱοῦ
717 1956 857 1990 ἐκλαμϐά-

60 2004 112 2028 νοι,
130 1995 191 2022 ἀλλ’
204 1996 303 2022 ἑαυτὸν
319 1997 386 2031 παρ’
406 1997 503 2023 ἑαυτοῦ
519 1998 593 2032 λέγει
610 1998 781 2034 βεϐρεχέναι,
793 2001 858 2027 ἀνά·

59 2042 130 2074 θεμα
159 2041 245 2069 ἔστω.
264 2043 381 2077 Ἕὸρεξε
403 2044 457 2078 γὰρ
475 2044 576 2079 Κύριος
596 2047 610 2072 ὁ
623 2046 687 2078 Υἱὸς
706 2047 782 2082 παρὰ
798 2048 856 2073 Κυ-

60 2089 116 2123 ρίου
131 2089 182 2115 τοῦ
200 2089 320 2122 Πατρός.
335 2090 418 2121 Εἴτις
431 2091 540 2117 ἀκούων
555 2091 660 2126 Κύριον
677 2092 723 2119 τὸν
736 2094 856 2128 Πατέρα,

58 2135 163 2170 Κύριον
184 2135 232 2162 τὸν
251 2135 328 2166 Υἰὸν,
349 2135 452 2170 Κύριον
477 2137 525 2163 καὶ
545 2137 651 2172 Κύριον
675 2138 722 2164 τὸν
749 2139 858 2173 Πατέρα

57 2180 167 2206 καὶτὸν
191 2179 259 2206 Υίὸν
274 2180 357 2213 simu,
384 2180 433 2207 καὶ
458 2181 561 2215 Κύριος
588 2182 620 2207 ἑκ
644 2182 748 2216 Κυρίου
770 2183 858 2216 λέγων

55 2226 99 2252 δύο
123 2226 202 2259 λέγοι
230 2225 327 2257 Θεοὺς,
344 2225 468 2260 ἀνάθεμα
501 2225 581 2254 ἔστω.
598 2226 636 2253 Οὐ
661 2228 716 2261 γὰρ
742 2228 858 2254 συντάσ-

58 2280 140 2306 σημεν
165 2272 215 2297 τὸν
251 2271 316 2297 Υἰὸν
349 2271 388 2306 τῷ
417 2271 514 2305 Πατρὶ,
541 2271 600 2298 ἀλλ’
633 2271 856 2306 ὑποτεταγμένον

913 1674 953 1701 vel
972 1674 1152 1701 abolitionem
1171 1673 1324 1701 secundum
1346 1673 1514 1700 divinitatem
1533 1674 1699 1700 sustinuisae

911 1720 995 1751 dicat,
1011 1719 1159 1746 anathema
1175 1718 1221 1745 sit.
1241 1719 1268 1744 Si
1282 1718 1344 1751 quis
1363 1718 1442 1748 illud,
1460 1717 1600 1744 Faciamus
1615 1719 1699 1744 homi-

911 1774 979 1796 nem,
1002 1772 1057 1791 non
1087 1765 1195 1792 Patrem
1224 1763 1257 1790 ad
1288 1763 1398 1793 Filium.
1417 1764 1465 1791 sed
1494 1765 1582 1798 ἱρδιιιιι
1609 1764 1642 1790 ad
1669 1772 1699 1790 se

910 1812 1000 1846 ipsum
1024 1811 1110 1838 Deum
1127 1810 1230 1837 dixisse
1246 1812 1419 1843 proﬁteatur.
1437 1811 1583 1836 anathema
1605 1811 1650 1837 sit.
1669 1810 1698 1837 Si

909 1859 973 1892 quis
994 1864 1057 1884 cum
1072 1857 1167 1888 Jacob,
1185 1863 1239 1882 non
1257 1855 1357 1883 Filium
1374 1860 1404 1882 ut
1422 1855 1573 1887 hominem,
1589 1855 1636 1882 sed
1658 1856 1700 1881 in-

909 1903 1030 1938 genitum
1049 1902 1134 1929 Deum
1157 1906 1206 1928 aut
1225 1906 1331 1936 partem
1354 1901 1413 1936 ejus
1433 1901 1608 1927 colluctatam
1634 1909 1698 1927 esse

909 1950 995 1981 dicat,
1013 1950 1159 1975 anathema
1180 1949 1227 1975 sit.
1253 1948 1282 1974 Si
1304 1947 1366 1981 quis
1387 1947 1464 1979 illud,
1481 1946 1552 1973 Plnt't
1571 1946 1697 1974 Dominus

910 2005 925 2022 α
945 1995 1076 2025 Domino,
1104 2001 1158 2020 non
1184 1994 1218 2020 de
1243 1992 1324 2019 Patre
1348 1997 1376 2019 et
1401 1992 1468 2019 Filio
1490 1991 1623 2026 accipiant,
1648 1992 1695 2018 sed

908 2040 1031 2074 scipsutn
1059 2047 1074 2065 a
1103 2038 1195 2071 seipse
1224 2039 1326 2070 pluisse
1353 2037 1444 2069 dicat,
1474 2037 1620 2063 anathema
1637 2038 1696 2065 sit:

909 2085 989 2120 153
1002 2084 1151 2118 pluitenim
1162 2083 1293 2110 Dominus
1305 2083 1389 2110 Filius
1398 2091 1413 2109 a
1425 2083 1539 2109 Domino
1549 2083 1631 2110 Patre
1645 2082 1696 2116 (Ι).

909 2131 937 2157 Si
959 2130 1021 2165 quis
1043 2129 1159 2157 audiens
1183 2129 1330 2156 Dominum
1354 2129 1474 2160 Patrem.
1490 2129 1636 2155 Dominum
1654 2129 1699 2155 [δία

910 2178 988 2209 lium,
1011 2177 1158 2207 Dominum
1182 2181 1210 2202 et
1237 2176 1385 2203 Dominum
1408 2176 1516 2203 Patrem
1541 2181 1570 2202 et
1594 2176 1695 2203 Filium

909 2224 994 2255 dicat,
1008 2227 1035 2250 et
1052 2223 1185 2250 Dominus
1205 2230 1238 2249 ex
1259 2222 1378 2249 Domino
1392 2222 1488 2249 dicens
1502 2221 1573 2248 duos
1593 2225 1696 2249 statuat

911 2269 991 2300 Deos,
1009 2268 1156 2295 anathema
1185 2267 1221 2294 sit
1239 2276 1245 2294 :
1266 2274 1322 2296 non
1339 2267 1413 2294 enim
1440 2267 1466 2294 in
1490 2267 1586 2294 eodem
1608 2267 1695 2300 gradu

56 2305 94 2352 τῷ
119 2317 227 2352 Πατρί’
252 2316 315 2342 οὔτε
345 2317 482 2351 κατῆλθεν
517 2319 558 2348 εἰς
586 2319 665 2351 σῶμα
692 2318 757 2344 ἀνευ
777 2305 823 2352 νβο

913 2322 971 2341 sum
993 2314 1073 2341 Patre
1099 2313 1196 2340 Filium
1217 2313 1351 2344 locamus,
1370 2313 1417 2339 sed
1443 2312 1516 2339 Patri
1538 2313 1695 2346 subjectum

56 2363 104 2396 λῆς
126 2362 176 2389 τοῦ
204 2362 332 2397 Πατρός’
355 2363 417 2389 οὐδὲ
443 2363 555 2397 ἔϐρεξεν
577 2363 624 2397 ἀφ’
654 2363 765 2396 ἑαυτοῦ,
788 2364 856 2391 ἀλλὰ

58 2410 133 2443 παρᾶ
147 2409 253 2443 Κυρίου
268 2409 462 2441 αὑθεντοῦντος
483 2409 530 2436 τοῦ
550 2409 656 2445 Πατρός
667 2418 674 2426 ·
690 2410 754 2436 οὕτε
770 2411 857 2444 κάθη-

56 2465 98 2482 ται
119 2457 152 2482 ἐκ
165 2455 265 2486 δεξιῶν
280 2455 327 2489 ἀφ’
345 2455 444 2482 ἑαυτοῦ
457 2475 466 2487 ,
485 2456 542 2482 ἀλλ’
565 2456 660 2483 ἀκούει
675 2457 723 2483 τοῦ
749 2457 856 2491 Πατρὸς

56 2502 195 2536 λέγοντος,
214 2502 314 2529 Κάθου
327 2503 361 2529 ὲιι
375 2502 483 2535 δεξιῶν
495 2512 566 2537 μου.
587 2503 621 2529 Εἴ
629 2512 672 2534 τις
683 2503 730 2530 τὸν
745 2503 855 2538 Πατέρα

57 2550 102 2575 καὶ
114 2551 160 2575 τὸν
177 2549 245 2575 Υἰδν
264 2549 312 2575 καὶ
326 2549 355 2575 τὸ
370 2549 448 2582 ἅγιον
471 2550 584 2583 Πνεῦμα
599 2549 628 2577 ἓν
646 2550 793 2585 πρόσωπον
805 2549 852 2575 λέ-

57 2603 108 2626 γοι.
126 2594 258 2628 ἀνάθεμα
287 2593 366 2621 ἔστω.
384 2595 417 2621 Et
441 2603 484 2626 τις
509 2596 538 2621 τὸ
559 2595 672 2630 Πνεῦμα
701 2595 747 2621 τὸν
773 2594 852 2629 ἅγιον

58 2639 240 2675 Παράκλητον
260 2639 349 2674 λέγων
362 2640 408 2667 τὸν
423 2641 572 2676 ἀγέννητον
589 2641 663 2675 λέγοι
688 2641 766 2673 Θεὸν,
782 2641 851 2668 ἀνά-ι

57 2685 126 2718 ea,”
153 2686 236 2712 ἔστω.
257 2686 290 2712 ET
303 2694 353 2719 τις,
370 2686 407 2717 ὡς
425 2686 544 2719 ἐδίδαξεν
558 2688 630 2722 ἡμᾶς
649 2688 664 2723 ἡ
683 2687 790 2722 Γραφὴ,
815 2688 852 2722 μὴ

56 2730 132 2757 ἄλλον
147 2732 223 2765 λέγοι
237 2731 282 2758 τὸν
308 2732 484 2768 Παράκλητον
502 2733 578 2768 παρὶι
593 2733 638 2760 τὸν
657 2733 732 2764 Υἰὸν,
747 2735 845 2769 εἴρηκε

89 2788 98 2805 ¹
117 2790 170 2815 lsa.
185 2796 263 2821 xuii,
281 2788 326 2816 44.
370 2791 379 2806 ³
397 2790 471 2817 Psal.
484 2798 527 2817 cn:
556 2791 580 2818 l.

905 2368 967 2388 esse
990 2360 1118 2392 dicimus,
1145 2366 1233 2393 neque
1253 2358 1397 2385 de5cendit
1421 2365 1449 2384 Ill
1473 2365 1575 2391 corpus
1591 2358 1694 2391 absque

905 2407 1024 2434 consilio
1049 2407 1138 2433 Patris
1155 2414 1161 2431 :
1184 2413 1275 2440 neque
1292 2405 1362 2439 pluit
1375 2412 1390 2430 a
1411 2404 1515 2438 seipse,
1539 2403 1586 2430 sed
1608 2412 1622 2430 a
1639 2404 1695 2430 υος

907 2455 993 2485 mino,
1019 2458 1134 2479 auctore
1159 2451 1240 2478 Patre
1265 2459 1271 2477 :
1296 2457 1386 2483 neque
1411 2449 1488 2476 sedet
1512 2457 1526 2475 a
1552 2448 1656 2474 dextris
1677 2456 1695 2477 a

906 2500 998 2534 scipso
1012 2520 1020 2531 ,
1037 2499 1085 2526 sed
1101 2498 1179 2526 audit
1191 2497 1298 2524 Patrem
1313 2495 1450 2522 dicentem
1465 2504 1471 2521 :
1486 2493 1553 2520 Sed:
1565 2503 1580 2520 ιι
1594 2494 1695 2520 dentis

905 2546 969 2572 meis
984 2545 1005 2572 ¹.
1023 2545 1051 2572 Si
1069 2544 1132 2579 quis
1147 2544 1255 2570 Patrem
1271 2546 1299 2568 et
1317 2540 1415 2567 Filium
1434 2546 1463 2567 et
1477 2540 1610 2574 Spiritum
1630 2547 1695 2566 san<

905 2597 979 2620 ctum
996 2598 1079 2618 unam
1097 2596 1242 2625 personam
1255 2587 1339 2617 dicat,
1353 2587 1497 2613 anathema
1513 2586 1558 2612 sit.
1577 2585 1605 2612 Si
1620 2586 1693 2619 quisI

906 2638 1041 2673 Spiritum
1053 2641 1177 2663 sanctum
1194 2635 1366 2662 Paracletnm
1383 2632 1524 2667 proﬁteris.
1543 2632 1693 2666 ingenitum

906 2684 992 2710 Deum
1022 2682 1177 2716 intelligat.
1206 2681 1351 2708 anathema
1374 2680 1421 2707 sit.
1450 2679 1479 2705 Si
1509 2678 1581 2712 quis.
1611 2676 1694 2704 sicuti

908 2731 1050 2765 Scriptura
1079 2736 1130 2756 nos
1160 2729 1273 2760 docuit,
1299 2735 1354 2755 non
1378 2727 1462 2754 alium
1487 2734 1502 2755 ει
1527 2725 1596 2752 Filio
1618 2727 1680 2753 dlca

91 2869 131 2904 (ι)
149 2869 212 2897 Haec
229 2868 312 2903 paulo
333 2868 412 2896 aliter
428 2868 586 2896 referuntur
602 2869 674 2903 apud
692 2869 843 2900 Socratem,
863 2867 910 2896 lib.
927 2875 955 2900 ιι,
969 2875 1031 2902 cap.
1045 2865 1095 2893 50.
