1904 3070
171 158 222 189 347

783 144 999 178 NICEPIIORI‘
1014 143 1191 174 CALLIS’I‘I‘

1753 137 1817 169 318':

173 215 365 245 Paraclctum;
391 211 460 238 dixit
487 211 562 237 enim
585 217 593 236 ς
618 208 650 236 Et
678 207 762 236 alium
793 206 963 235 Paraclelum

1035 211 1079 244 ὰρ,
1098 210 1153 237 Καὶ
1170 210 1269 236 ἄλλον
1285 207 1485 242 Παράκλητον
1498 205 1610 240 πέμψει
1624 205 1692 239 ὑμῖν
1710 208 1727 233 ό
1746 209 1810 234 Ila-

174 263 260 289 miuet
285 259 354 286 vobis
375 258 467 289 Pater,
489 263 564 291 quem
583 263 630 290 ego
654 254 751 289 rogabo
769 254 789 286 ί,
814 252 959 280 anathema

174 307 221 335 sit.
238 306 267 333 Si
284 305 346 339 quis
362 303 494 337 Spiritum
517 308 620 332 partem
653 300 726 328 dicat
742 300 832 326 Patris
853 302 900 325 aut
914 296 959 324 Fi-

175 352 224 382 lii,
248 350 393 378 anathema
416 349 463 376 sit.
482 348 510 375 Si
535 348 597 382 quis
622 347 731 374 Patrem
755 350 783 373 et
808 345 908 372 Filium
932 346 961 370 et

176 398 312 432 Spiritum
331 400 457 423 sanctum
482 399 537 421 tres
558 393 633 420 dicat
651 394 730 425 Deos,
750 391 895 418 anathetna
913 389 959 417 sit.

178 444 206 471 Si
222 444 282 478 quis
298 442 438 477 proposito
452 440 499 468 Dei
522 439 620 467 Filium
640 438 687 465 Dei
704 443 732 464 nt
754 444 836 465 unam
853 440 962 463 creatu-

176 496 270 516 rarum
298 488 399 514 factum
422 494 482 513 esse
506 485 590 517 dicat,
608 484 753 511 anathema
779 483 824 510 sit.
847 482 875 509 Si
899 481 962 517 quis

176 541 231 560 non
246 532 358 558 volente
372 531 453 557 Patre
468 529 590 563 genitum
602 527 799 557 Filiumdicat,
816 527 962 554 anathema

177 579 235 611 sit;
252 586 307 604 non
325 577 427 604 etenim
442 575 529 602 invito
549 574 640 604 Patre,
657 572 774 599 naturali
795 572 962 600 necessitate

176 629 290 652 coactus
306 623 361 654 ille,
379 622 473 649 volens
489 620 583 655 genuit
597 619 710 651 Filium,
722 626 817 646 verum
830 626 882 645 una
899 626 961 646 cum

178 670 238 704 ipsa
254 669 405 698 voluntate,
423 671 451 694 et
466 666 570 700 absque
586 669 722 699 tempore,
739 669 768 691 et
782 664 963 699 absque-pcr-

177 715 315 750 pessione,
331 722 365 740 ex
382 721 411 740 se
428 713 552 748 genitum
573 711 663 746 ipsutn
687 710 825 738 exhibuit.
851 710 879 738 Si
901 710 964 744 quis

177 761 330 796 ingenitum
342 764 371 786 et
384 758 512 794 principii
529 761 670 793 expertem
686 757 761 784 dicat
776 757 887 789 Filium,
905 761 965 783 tan-

178 813 260 841 quam
282 805 338 832 duo
354 805 475 840 ingenita
499 809 526 831 et
543 803 598 830 duo
616 802 753 838 principio
776 802 896 829 carentia
920 802 964 829 di-

179 860 256 884 cens,
271 857 299 878 et
317 851 386 877 duos
407 850 473 877 deos
486 854 622 881 statuens,
640 848 788 875 anathema
809 848 846 875 sit
860 857 868 875 :
882 851 965 882 caput

179 904 300 931 namque
315 901 357 923 est
383 902 409 922 et
436 895 601 930 principium
624 893 747 921 omnium
765 894 860 925 Filius.
884 898 967 928 caput

181 947 273 968 autem
289 940 391 968 Christi
413 939 492 966 Deus.
512 939 549 966 Ita
568 939 640 965 enim
660 939 693 965 ad
716 946 801 965 unum
826 937 905 965 initio
920 945 967 965 ca-

182 994 248 1014 rens
273 993 366 1013 rerum
391 985 515 1012 omnium
534 984 712 1019 principium,
729 991 777 1018 per
798 983 899 1010 Filium
923 983 968 1018 pie

183 1032 275 1059 omnia
296 1030 452 1058 referimus.
471 1031 509 1056 Ac
527 1030 618 1058 denuo
641 1029 846 1057 Christianismi
862 1028 970 1056 certius

183 1077 393 1110 accuratiusque
418 1076 582 1103 sententiam
609 1076 798 1111 inquirentes,
826 1074 967 1102 dicimus:

185 1123 213 1151 Si
226 1123 287 1157 quis
303 1123 441 1150 Christum
453 1122 546 1150 Jesum
564 1121 662 1149 Filium
683 1121 730 1148 Dei
746 1121 969 1148 antesaacularem

186 1167 347 1195 inserviisse
370 1168 443 1195 Patri
463 1168 489 1194 in
506 1175 599 1195 rerum
615 1166 807 1194 universarum
830 1166 970 1193 creatione

184 1221 241 1240 non
257 1214 340 1244 dicat.
359 1213 406 1240 sed
427 1221 459 1240 ex
482 1220 537 1248 quo
560 1212 643 1239 Maria
658 1212 768 1247 genitus
782 1217 834 1242 est.
855 1216 910 1238 tum
928 1210 972 1238 Fi-

185 1259 253 1286 lium
273 1264 300 1286 et
314 1259 455 1287 Christum
476 1264 604 1286 vocatum
627 1268 698 1292 esse,
714 1262 742 1284 et
757 1258 924 1292 principium
940 1261 972 1284 ut

186 1305 259 1333 Deus
281 1310 354 1332 esset
383 1305 433 1340 (l),
461 1306 577 1340 cmpihe
600 1311 724 1338 asserat.
751 1306 797 1333 ille
823 1304 971 1332 anathema

186 1356 247 1378 esto
268 1360 275 1378 :
299 1352 380 1379 siculi
408 1351 605 1379 Samosatcnus
624 1353 734 1380 Paulus.
753 1353 829 1380 Fidei
855 1351 972 1379 formula

187 1398 268 1425 aliter
283 1398 355 1432 apud
369 1397 498 1425 Sirmium
513 1398 610 1425 Latine
620 1398 707 1429 edita,
718 1404 746 1425 et
757 1397 851 1425 Graece
865 1404 944 1425 versa
963 1405 971 1424 :

187 1444 415 1478 Quandoquidem
434 1444 523 1471 visum
541 1450 594 1475 est,
614 1448 644 1470 ut
659 1444 694 1471 de
709 1444 762 1470 ﬂde
780 1443 974 1471 considerare-

189 1495 245 1521 tur,
263 1490 356 1516 omnia
371 1494 448 1515 certo
462 1489 598 1523 exquisita
616 1494 643 1516 ct
655 1489 781 1523 exposita
795 1494 860 1516 sunt
879 1489 973 1516 Sirmii

1011 254 1067 289 τὴρ
1077 254 1113 281 ὃν
1122 254 1180 288 ἐγὼ
1188 251 1424 287 ἐρωτήσω,ἀνάοε
1430 259 1468 285 μα
1476 249 1595 276 Eneti}!
1602 259 1644 281 τις
1655 251 1686 277 τὸ
1694 251 1811 287 Πνεῦμα

1013 300 1096 334 μέρος
1107 299 1182 332 λέγοι
1191 298 1249 334 τοῦ.
1261 297 1366 332 Πατρος
1379 297 1396 330 ἢ
1411 296 1458 322 τοῦ
1474 296 1551 328 Υιοῦ,
1574 295 1702 330 ἀνάθεμα
1722 296 1807 323 Extat.

1012 345 1047 372 Εἴ
1059 354 1101 376 τις
1111 346 1157 372 τὸν
1175 344 1285 379 Πατέρα
1295 343 1342 370 καὶ
1355 343 1402 369 τὸν
1414 342 1478 368 Υίδν
1496 343 1543 368 καὶ
1555 341 1585 367 τδ
1598 341 1678 375 ἆγιον
1690 341 1817 377 Πνεῦμα»

1014 393 1090 427 τρεῖς
1116 391 1192 424 λέγοι
1206 391 1300 422 Θεοὺς,
1323 389 1448 424 ἀνάθεμα
1463 388 1543 415 ἔστω.
1558 388 1592 414 El
1604 397 1648 420 τις
1678 388 1811 423 βουλήσει

1011 437 1081 464 Θεοῦ
1097 437 1134 468 ὡς
1149 437 1177 464 ἐν
1193 437 1247 463 τῶν
1258 435 1416 470 κτισμάτων
1427 434 1571 468 γεγονέναι
1583 434 1658 467 λέγοι
1675 434 1722 461 τὸν
1744 435 1821 462 mw.

1014 483 1062 510 τοῦ
1082 484 1160 516 Θεοῦ,
1178 483 1302 517 ἀνάθεμα
1316 482 1396 508 ἔστω.
1416 480 1449 507 El
1462 489 1504 511 ⁵ἐις
1522 480 1561 516 μὴ
1576 479 1743 514 θελήσαντος
1757 480 1808 507 τοῦ

1013 530 1122 565 Πατρὺς
1134 529 1317 564 γεγεννῆσθαι
1333 528 1379 554 τὸν
1394 527 1458 554 Υῑδν
1473 526 1558 560 λέγοι,
1577 526 1704 561 ἀνάθεμα
1720 526 1809 553 ἔσται.

1013 576 1051 602 Οὐ
1059 575 1114 611 γὰρ
1125 575 1162 611 μὴ
1177 575 1341 610 βουλομένου
1349 573 1398 599 τοῦ
1411 572 1530 607 Πατρὺς,
1552 571 1674 606 βιασθεὶς
1684 573 1699 598 ὁ
1714 571 1811 606 Πατὴρ

1014 623 1067 649 ὑπὸ
1081 622 1205 656 ἀνάγκης
1217 622 1347 656 φυσικῆς,
1361 618 1441 650 αὖθις
1453 618 1491 650 ὡς
1505 619 1556 645 οὐκ
1571 617 1666 653 ἢθελεν
1678 618 1810 652 ἐγέννησε

1013 669 1060 695 τὸν
1075 668 1140 695 Υἰόν
1151 676 1158 683 ·
1173 667 1231 694 ἀλλ’
1247 667 1306 701 ἅμα
1328 674 1358 692 τε
1374 665 1510 700 ὲὸουλήθη
1523 685 1530 696 ,
1550 665 1599 691 καὶ
1623 664 1750 698 ἁχρόνως
1765 664 1812 690 καὶ

1013 713 1127 744 ἀπαθῶς
1148 713 1178 746 ἐξ
1194 712 1278 740 αὑτοῦ
1296 711 1379 738 αὑτὸν
1401 711 1539 745 γεννήσας
1554 709 1704 741 ἐπέδειξεν.
1721 709 1756 736 Εἰ
1769 718 1812 740 τις

1014 758 1162 792 ἀγέννητον
1173 758 1220 784 καὶ
1228 757 1348 791 ἄναρχον
1358 755 1434 790 λέγοι
1444 755 1489 781 τὸν
1503 754 1578 785 Υἰδν,
1592 753 1629 786 ὥς
1639 754 1687 780 δύο
1702 755 1812 788 ἄναρχα

1014 806 1063 832 καὶ
1077 804 1124 831 δύο
1143 804 1279 839 ἀγιννητα
1298 803 1398 836 λέγων⁹
1418 801 1526 828 καὶδύο
1539 800 1624 827 ποιῶν
1642 800 1732 832 Θεοὺς,
1748 801 1815 827 ἀνά.

981 865 1003 895 Β
1017 851 1089 884 Θεμα
1111 850 1193 877 ἔστω.
1217 848 1332 884 Κεφαλὴ
1351 848 1406 883 γάρ
1431 848 1491 873 ἐστι
1507 847 1554 873 καὶ
1568 846 1641 881 ἀρχὴ
1667 845 1780 872 πάντων
1799 847 1823 872 ὁ,

1017 896 1101 928 Θεός·
1118 895 1223 930 κεφαλὴ
1244 895 1271 922 δέ
1290 896 1350 921 ἐστι
1366 894 1414 921 τοῦ
1441 893 1562 929 Χριστοῦ
1583 894 1597 919 ὁ
1622 892 1699 923 Θεός.
1717 892 1814 923 Οὕτως

1018 943 1072 978 γὰρ
1085 944 1125 973 εἰς
1143 942 1208 977 μίαν
1220 942 1338 976 ἄναρχον
1349 940 1404 967 τῶν
1418 940 1487 967 ὅλων
1503 939 1593 974 ἀρχὴν
1606 939 1641 965 δι’
1655 939 1721 965 Υἱοῦ
1736 939 1815 964 εὐσε-

1018 988 1074 1020 ϐῶς
1090 988 1125 1014 τὰ
1139 988 1227 1015 πάντα
1242 988 1390 1022 ἀνάγομεν.
1405 986 1460 1012 Καὶ
1474 985 1557 1012 πάλιν
1574 985 1622 1011 οὖν
1638 985 1799 1019 διακρισοῦν

1018 1041 1065 1063 τες
1079 1031 1126 1058 τοῦ
1142 1031 1357 1066 Χριστιανισμοῦ
1381 1030 1431 1065 τὴν
1451 1030 1557 1056 ἔννοιαν
1568 1049 1576 1061 ,
1589 1029 1716 1064 λέγομεν,
1733 1030 1776 1055 ὅτι
1790 1029 1819 1054 εἰ

1019 1086 1061 1110 τις
1073 1077 1191 1112 Χριστὸν
1204 1076 1307 1111 Ἰησοῦν
1321 1076 1385 1102 Υίδν
1400 1075 1447 1102 τοῦ
1459 1075 1527 1102 Θεοῦ
1547 1075 1600 1110 πρὸ
1615 1075 1723 1101 αἰώνων
1739 1075 1829 1106 ovem”

1021 1123 1217 1159 ὑπουργηκὸτα
1236 1122 1274 1156 τῷ
1290 1122 1377 1157 [lupi
1400 1121 1440 1152 είς
1458 1121 1508 1156 τὴν
1524 1121 1578 1147 τῶν
1594 1120 1664 1148 ὂλων
1680 1121 1818 1155 δημιουρ-

1020 1170 1084 1205 γίαν
1100 1170 1138 1205 μὴ
1155 1169 1239 1204 λέγοι,
1254 1167 1312 1195 ἀλλ’
1330 1169 1359 1200 ἐξ
1378 1164 1409 1194 οὖ
1430 1167 1562 1202 ἐγεννήθη
1578 1168 1610 1193 ὲκ
1627 1167 1750 1200 Μαρίας,
1768 1166 1816 1193 Εκ-

1021 1224 1082 1242 τοτι
1098 1217 1144 1243 καὶ
1157 1215 1222 1242 Υῑὸν
1240 1215 1288 1241 καὶ.
1300 1214 1420 1249 Χριστὸν
1436 1213 1598 1247 κεκλῆσθαι,
1612 1212 1659 1239 καὶ
1673 1212 1762 1247 ἀρχὴν
1778 1214 1819 1238 ει-

1021 1261 1196 1297 ληφέναιτοῦ
1208 1261 1275 1287 Θεὸν
1288 1258 1370 1292 εἶναι,
1386 1260 1513 1294 ἀνάθεμα
1533 1258 1615 1291 ἔστω,
1633 1259 1670 1290 ὡς
1695 1259 1709 1285 ὁ
1728 1259 1818 1292 Σαμο-

1023 1308 1132 1337 σατεύς.
1155 1305 1266 1341 Ἐπειδὴ
1281 1306 1345 1340 περὶ⁸
1370 1299 1488 1336 πίστεώς
1507 1304 1582 1336 ἔδοξέ
1599 1313 1661 1331 τινα
1672 1304 1819 1338 διάσκεψιν

1023 1352 1200 1387 γεγενῆσθαι,
1215 1353 1262 1379 καὶ
1290 1352 1379 1379 πάντα
1395 1350 1527 1385 ἀσφαλῶς
1542 1349 1662 1384 ὲζητήθη
1676 1349 1726 1376 καὶ
1741 1349 1833 1384 διηρον

1026 1399 1150 1435 μηνεὺθη
1169 1400 1198 1426 ὲν
1223 1398 1389 1433 τῷΣιρμίῳ
1415 1398 1462 1424 ἐπὶ
1479 1396 1618 1432 παρουσίᾳ
1646 1396 1818 1429 Οὐάλεντος,

1025 1445 1192 1480 Οὑρσακίου,
1217 1445 1265 1471 καὶ
1280 1443 1445 1479 Γερμηνίου,
1461 1443 1510 1469 καὶ
1525 1442 1581 1468 τῶν
1602 1441 1717 1468 λοιπῶν.
1736 1442 1818 1468 Συνέ-

1026 1499 1126 1526 στηκιν
1136 1490 1184 1517 ἕνα
1197 1490 1265 1516 Θεὸν
1283 1488 1353 1516 εἶναι
1372 1489 1481 1524 Πατέρα
1491 1488 1714 1523 παντοκράτορα,
1727 1487 1821 1518 καθὼς

190 1533 272 1570 754
294 1534 321 1560 in
341 1534 486 1568 praesentia
499 1534 631 1565 Valentis.
653 1533 768 1565 Ursacii.
783 1533 917 1562 Germinii
946 1538 973 1561 et

1035 1536 1074 1562 ιαὶ
1090 1537 1120 1562 ἐν
1137 1535 1211 1570 πάσῃ
1232 1535 1264 1569 τῇ
1278 1533 1425 1569 οἰκουμένῃ
1450 1533 1688 1567 καταγγέλλεται-
1706 1533 1755 1558 καὶ
1772 1532 1819 1559 ἕνα

191 1580 362 1613 reliquorum
389 1589 396 1606 :
423 1579 547 1606 constitit
573 1579 664 1614 itaque
694 1587 777 1606 unum
801 1587 862 1607 csse
889 1580 974 1607 Deum

192 1625 301 1651 Patrem
323 1624 550 1659 omnipotentem.
565 1624 798 1658 quemadmodum
816 1629 845 1652 et
860 1625 887 1652 in
912 1625 976 1653 uni?

191 1678 272 1697 verso
288 1670 355 1697 orbe
370 1670 561 1696 aununtiatur.
580 1669 615 1696 Et
629 1677 714 1696 unum
731 1670 903 1704 unigenitum
917 1671 977 1706 ejus

192 1716 292 1743 Filium
319 1715 412 1742 Jesum
432 1715 584 1745 Christum.
614 1715 759 1742 Dominum
787 1719 816 1742 et
839 1716 925 1743 Deum
949 1719 978 1742 et

195 1761 373 1788 Servatorem
392 1764 528 1791 nostrum,
546 1768 579 1787 ex
600 1768 633 1787 eo
649 1765 713 1787 ante
728 1760 827 1787 saecula
843 1761 976 1795 genitum.

195 1805 256 1832 Non
272 1810 362 1831 autem
385 1803 455 1830 duos
473 1809 601 1839 oportere
625 1804 715 1832 dicere
731 1805 801 1832 Deos
820 1813 827 1832 :
843 1806 978 1840 siquidem

198 1856 224 1877 et
242 1851 300 1884 ipse
316 1850 446 1877 Servator
460 1850 530 1877 dixit
548 1859 555 1877 :
581 1850 655 1877 Vada
674 1850 709 1877 ad
724 1850 832 1878 Patrem
852 1859 940 1879 meum
954 1855 979 1879 ιι

201 1895 309 1922 l'atrem
320 1899 445 1926 vestrum,
459 1900 483 1921 et
492 1895 575 1922 Deum
588 1904 675 1922 meum
689 1901 714 1922 el
729 1896 814 1924 Deum
828 1901 943 1925 uestrum
956 1899 978 1925 ‘.

197 1942 314 1975 Propter
327 1942 399 1976 quod
419 1946 448 1967 et
467 1942 590 1968 omnium
607 1941 678 1969 Deus
692 1948 747 1974 est,
767 1944 848 1970 sicuti
863 1943 980 1978 Aposto-

197 1987 240 2014 lus
260 1995 369 2022 quoque
398 1987 512 2014 docuit:
531 1987 573 2013 Au
596 1987 749 2014 Judteorum
767 1988 835 2016 Deus
854 1990 981 2016 tantum?

197 2041 250 2058 non
271 2037 360 2059 autem
383 2036 407 2058 et
426 2032 567 2066 gentium?
593 2033 709 2068 profecto
726 2035 844 2069 gentium
867 2043 980 2070 quoque.

198 2077 332 2112 Siquidem
346 2086 413 2104 unus
431 2078 511 2111 Deus,
523 2079 568 2113 qui
584 2079 742 2113 justiﬁeabit
756 2081 982 2109 circumcisiouem

199 2130 231 2149 eo:
244 2122 295 2156 [ide
309 2122 330 2148 ⁸.
348 2122 380 2149 Et
396 2123 500 2156 reliqua
521 2123 634 2157 quidem
650 2124 742 2152 omnia
762 2132 883 2152 consona
905 2130 981 2159 sunt,

199 2172 228 2194 et
249 2167 314 2194 nihil
338 2168 440 2196 habent
462 2169 550 2195 dubii.
574 2168 710 2201 Quoniam
735 2177 800 2197 vero
828 2172 981 2204 permultos

201 2219 292 2240 movet
308 2215 469 2241 substantiae
481 2214 610 2248 verbum,
627 2215 680 2242 hoc
702 2219 745 2243 est
761 2219 803 2251 (ut
820 2217 924 2246 certius
939 2218 981 2246 in-

202 2259 350 2294 telligatur)
367 2260 397 2286 τὺ
414 2260 594 2293 όμοιοούσιον,
612 2260 696 2288 simili
714 2262 907 2297 substantiale,
924 2264 983 2292 sive

200 2305 231 2330 τὸ
249 2304 406 2338 ὁμοούσιον,
434 2304 680 2338 consubstantiale,
705 2307 842 2335 neminem
869 2316 983 2343 prorsus

202 2352 371 2378 mentionem
388 2352 539 2379 dictionum
556 2359 651 2379 earum
666 2352 767 2385 facere,
787 2361 876 2389 neque
890 2362 937 2381 eas
954 2355 983 2382 in

203 2395 323 2423 Ecclesia
342 2395 442 2423 docere
462 2401 585 2430 oportet,
601 2401 714 2431 propter
737 2399 806 2426 hanc
829 2406 939 2426 causam
956 2404 985 2427 et

203 2442 345 2475 rationem,
363 2441 435 2476 quod
458 2442 485 2469 in
509 2442 609 2470 divinis
631 2442 782 2478 Scripturis
801 2445 836 2472 de
861 2446 894 2473 iis
917 2446 986 2473 scri-

204 2492 280 2521 ptum
307 2495 360 2514 non
381 2487 426 2520 sit,
443 2492 471 2515 et
492 2493 601 2523 captum
627 2489 754 2517 humana:
779 2491 878 2517 mentis
893 2495 921 2517 ct
941 2498 987 2518 co-

203 2533 335 2567 gnitionis
352 2534 487 2561 excedant
507 2544 513 2561 :
535 2535 665 2570 quodque
683 2543 764 2562 nemo
776 2536 982 2569 generationem

205 2577 268 2604 Filii
294 2578 433 2612 explicare
459 2580 566 2613 possit,
591 2580 823 2614 quemadmodum
851 2581 985 2614 scriptum

205 2626 257 2652 cst.
269 2622 472 2650 Generalionem
487 2625 542 2659 ejus
553 2626 610 2659 quia
627 2625 762 2652 cuarrabit
774 2626 806 2651 δί)
821 2625 878 2652 Soli
894 2631 985 2653 autem

206 2665 280 2694 Patri
299 2668 474 2696 manifestum
488 2675 541 2702 est,
557 2670 695 2704 quomodo
712 2670 810 2696 Filium
825 2671 920 2704 genuit
936 2680 943 2698 :
959 2676 987 2698 et

207 2711 271 2738 item
296 2712 374 2746 Filio,
392 2715 531 2749 quomodo
550 2716 608 2749 ipse
623 2715 732 2749 genitus
747 2715 782 2741 sit
798 2724 812 2742 a
829 2716 918 2743 Patre.
936 2716 988 2744 Ne-

1028 1579 1161 1615 μονογενῆ
1180 1578 1263 1605 αὐτοῦ
1290 1578 1353 1604 Υῑὸν
1377 1578 1481 1612 Ὶησοῦν
1494 1577 1626 1612 Χριστὸν,
1641 1577 1688 1604 τὸν
1713 1577 1820 1611 Κύριον

1027 1625 1075 1652 καὶ
1097 1624 1164 1651 Θεὸν
1184 1625 1232 1650 καὶ
1247 1624 1363 1658 Σωτῆρα
1378 1623 1469 1658 ἡμῶν,
1486 1622 1518 1655 ἐξ
1539 1622 1624 1649 αὑτοῦ
1645 1622 1699 1658 πρὸ
1712 1623 1835 1650 αἰώνων.

1027 1671 1203 1705 γεννηθέντα.
1215 1670 1267 1696 Δύο
1276 1669 1304 1696 δὲ
1321 1669 1406 1700 Θεοὺς
1423 1668 1461 1703 μὴ
1477 1669 1577 1704 χρῆναι
1593 1668 1686 1702 λέγειν
1696 1676 1705 1685 ⁸
1722 1669 1822 1699 ἐπειδὴ

1028 1717 1076 1744 καὶ
1094 1716 1176 1747 αὐτὸς
1199 1715 1311 1750 εἴρηκεν
1326 1715 1340 1740 ὁ
1356 1714 1462 1749 Σωτὴρ,
1482 1714 1649 1748 Πορεύομαι
1669 1714 1747 1748 πρὸς
1769 1715 1825 1741 τὸν

1029 1762 1146 1796 Πατέρα
1165 1770 1237 1796 μου,
1262 1760 1310 1788 καὶ
1333 1760 1451 1794 Πατέρα
1472 1759 1567 1794 ὑμῶν,
1591 1760 1639 1788 καὶ
1657 1761 1734 1787 Θεόν
1750 1769 1826 1794 μου,

1029 1805 1079 1832 καὶ
1096 1806 1171 1832 Θεὸν
1192 1803 1286 1838 ὑμῶν.
1304 1804 1354 1830 Διὰ
1371 1803 1451 1830 τοῦτο
1468 1804 1516 1831 καὶ
1536 1804 1645 1831 πάντων
1661 1805 1730 1836 Θεός
1749 1806 1824 1836 ἐστι.

1030 1851 1123 1882 καθὼς
1140 1852 1213 1878 καὶὸ
1238 1850 1402 1882 Ἀπόστολος
1429 1850 1567 1883 ἐδίδαξεν·
1596 1851 1635 1877 ’Ἡ
1668 1851 1828 1878 Ἰουδαίων

1029 1897 1136 1932 μόνον,
1152 1895 1221 1930 οὐχι
1235 1896 1269 1922 δὲ
1284 1895 1334 1922 καὶ
1353 1895 1449 1923 ἐθνῶν
1457 1904 1467 1928 ;
1481 1895 1531 1922 ναι
1546 1895 1597 1922 καὶ
1616 1896 1727 1923 ἐθνῶν·
1740 1897 1828 1930 ειπερ

1031 1941 1075 1976 εἷς
1106 1942 1188 1976 Θεὸς,
1204 1942 1238 1975 ὃς
1259 1941 1410 1968 δικαιώσει
1435 1941 1599 1976 περιτομὴν
1621 1941 1655 1968 ἐκ
1678 1943 1823 1974 πίστεως.

1032 1990 1088 2016 Καὶ
1099 1989 1134 2015 τὰ
1151 1989 1200 2023 μὲν
1220 1988 1301 2014 λοιπὰ
1325 1987 1416 2014 πάντα
1446 1989 1600 2021 συμφωνεῖ,
1617 1988 1666 2014 καὶ
1691 1989 1825 2023 οὐδεμίαν

1032 2034 1199 2070 ἀμφιῆολίαν
1214 2034 1271 2068 ἔχει
1284 2040 1293 2050 ο
1308 2033 1370 2059 ἐπεὶ
1389 2033 1419 2059 δὲ
1436 2032 1552 2065 πολλούς
1567 2041 1644 2065 τινας
1659 2034 1732 2060 κινεῖ
1761 2035 1827 2069 περὶ

1032 2082 1082 2116 τῆς
1101 2081 1250 2115 λεγομένης
1278 2079 1429 2114 Ῥωμαϊστὶ
1451 2079 1659 2112 σουνσταντίας,
1686 2080 1828 2114 ἑλληνιστὶ

1032 2127 1061 2153 δὲ
1087 2125 1238 2161 λεγομένης
1265 2125 1368 2157 οὐσίας,
1390 2125 1534 2152 τουτέστιν
1558 2125 1602 2152 ῐνα
1627 2126 1828 2161 ἁκριῦἐστερον

1034 2171 1142 2206 γνωσθῇ
1159 2171 1189 2198 τὸ
1199 2171 1381 2205 ὀμοιοούοιον,
1390 2171 1451 2205 ἢτοι
1464 2170 1495 2196 τδ
1510 2171 1657 2206 λεγόμενον
1670 2171 1826 2205 ὁμοούσιον·

1034 2217 1065 2244 οὐ
1094 2217 1147 2252 χρή
1170 2225 1232 2243 τινα
1255 2216 1396 2248 παντελῶς
1415 2216 1519 2242 τούτων
1548 2216 1659 2251 μνήμην
1686 2216 1826 2250 γενέσθαι,

1034 2263 1094 2290 οὐδὲ
1105 2264 1170 2298 περὶ
1185 2263 1287 2289 τούτων
1301 2262 1461 2296 ἐξηγεῖσθαι
1475 2263 1509 2298 τῇ
1529 2261 1692 2298 Ἐκκλησία·
1704 2262 1750 2290 διὰ
1760 2263 1828 2289 ταύ-

1034 2318 1085 2344 την
1100 2309 1158 2344 ετὴν
1177 2309 1271 2345 αἰτίαν
1291 2308 1338 2334 καὶ
1351 2307 1396 2334 διὰ
1415 2308 1511 2334 τοῦτον
1527 2309 1573 2335 τὸν
1587 2307 1779 2342 λογισμὸνιδτι
1799 2311 1828 2335 έν

1035 2357 1095 2387 ταῖς
1111 2355 1197 2386 θείαις
1211 2355 1332 2389 Γραφαῖς
1346 2354 1376 2380 οὑ
1390 2354 1546 2389 γέγραπται
1565 2354 1629 2389 περὶ
1641 2354 1746 2381 τούτων
1761 2363 1770 2371 ·
1782 2356 1829 2381 καὶ

1036 2403 1077 2428 ὃτι
1093 2401 1181 2428 ταῦτα
1195 2401 1265 2434 ὑπὲρ
1284 2401 1334 2434 τὴν
1351 2399 1406 2426 τῶν
1422 2400 1576 2433 ἀνθρώπων
1589 2399 1692 2433 γνῶσιν
1715 2402 1766 2426 καὶ
1783 2401 1829 2427 τὸν

1040 2445 1211 2480 ἀνθρώπινον
1236 2443 1299 2470 νοῦν
1322 2444 1399 2470 ἐστι·
1419 2444 1468 2470 καὶ
1487 2444 1528 2470 ὃτι
1541 2444 1629 2474 οὐδεὶς
1650 2442 1764 2469 δύναται
1779 2445 1829 2479 τὴν

1039 2493 1136 2525 γενεὰν
1151 2489 1345 2524 διηγήσασθαι,
1361 2490 1453 2521 καθὼς
1468 2490 1636 2524 γέγραπται·
1651 2489 1711 2523 Thr
1720 2491 1830 2524 γενεὰν

1036 2536 1129 2565 αὑτοῦ
1154 2536 1200 2568 τίς
1219 2535 1394 2569 διηγήσεται
1408 2544 1418 2567 ;
1433 2535 1522 2562 Μόνον
1540 2535 1569 2561 δὲ
1589 2535 1688 2562 εἰδέναι
1707 2535 1755 2561 τὸν
1772 2536 1827 2562 Πα-

1035 2584 1103 2618 τέρα
1118 2582 1233 2617 φανερόν
1250 2582 1306 2607 ἐστι
1321 2581 1380 2612 πῶς
1396 2582 1440 2607 τδν
1459 2582 1520 2607 Υίὸν
1537 2581 1666 2616 ἐγέννησε
1679 2588 1686 2596 ·
1702 2582 1751 2608 καὶ
1772 2582 1826 2608 πά-

1038 2629 1079 2655 λιν
1094 2628 1140 2654 τὸν
1155 2627 1229 2658 Υίὺν,
1245 2627 1303 2658 τιῶς
1317 2627 1399 2658 αὐτὸς
1410 2627 1572 2662 γεγέννηται
1585 2626 1639 2652 ἀπὸ
1652 2626 1826 2662 τοῦίΠατρός.

1040 2673 1133 2701 υὺόενὶ
1147 2673 1175 2699 δὲ
1189 2671 1341 2707 ἀμφίὸολόν
1354 2673 1413 2698 ἐστι
1430 2671 1545 2706 μείζονα
1571 2668 1641 2697 εἶναι
1655 2670 1701 2696 τὸν
1718 2670 1828 2705 Πατέρα

1039 2721 1105 2753 τιμῇ
1130 2719 1178 2745 καὶ
1199 2719 1262 2753 ἀξίᾳ
1279 2719 1326 2744 καὶ
1347 2718 1454 2753 Οεότητι
1468 2725 1474 2733 ·
1502 2718 1548 2744 καὶ
1569 2716 1643 2752 αὺτῷ
1658 2717 1697 2752 τῷ
1713 2718 1826 2753 ὀνόματι

244 2773 251 2788 ¹
266 2773 344 2801 Joan.
355 2782 408 2807 xiv,
422 2774 464 2802 16,
503 2775 512 2790 ¹
528 2773 644 2800 ibid.‘28.
685 2773 694 2788 ³
709 2773 785 2800 Rom.
807 2782 847 2803 Ill.
864 2773 908 2801 ‘29.
948 2776 958 2790 ⁵

1049 2784 1107 2810 Litt,
1126 2776 1152 2803 8.

244 2854 281 2889 (I)
300 2853 353 2880 Τοῦ
371 2852 439 2879 Θεοῦ
458 2849 538 2883 εῖναι,
552 2855 578 2877 ut
594 2851 640 2877 Dei
656 2856 731 2878 esset.
750 2852 855 2880 Socrat.
