1901 3047
48 82 98 119 357

529 81 834 116 ‘ECCIES‘IASTICFE
854 78 1046 115 HISTORLE
1067 87 1138 118 LIB.
1162 87 1211 118 Ix.

1623 87 1676 118 353

48 143 152 173 νωνεῖν,
185 141 257 176 μήτε
296 141 349 176 μὴν
376 144 515 175 γράφειν·
545 140 613 166 ἀλλὰ
645 139 782 172 Γεώργιον
811 139 841 164 ὲν

899 138 926 165 id
947 139 1021 165 illum
1039 140 1208 166 scriberent:
1222 139 1267 166 sed
1281 139 1429 174 Georgium
1449 139 1552 167 honore
1582 148 1678 174 prose-

47 190 141 224 τιμαῖς
172 188 258 222 ἔχειν,
283 187 313 213 ὃν
337 185 415 212 αὐτοὶ
437 185 654 220 κατεστήσαντο.
682 183 840 214 Ἀθανάσιος

48 237 74 262 δὲ
89 235 144 262 οὖδ⁹
170 233 341 268 ἐπιστροφὴν
367 231 456 259 αὐτῶν
482 231 610 258 ἐποιεῖτο.
636 231 692 256 Καὶ
711 229 790 256 τοῦτο
807 227 841 264 ἦν

47 283 98 312 ἕως
113 281 143 307 οὖ
162 281 352 310 Κωνστάντιος
368 279 432 310 τοὺς
447 277 599 312 τυράννους
611 276 744 309 καθελὼν,
761 276 841 310 μόνος

51 329 99 362 τῆς
114 328 173 354 ’Ἐω
187 327 239 353 καὶ
252 326 388 361 Ἐσπέρας
404 325 538 360 κατῆρξεν
550 331 557 339 ·
566 324 622 353 τοῖς
630 324 683 358 γὰρ
695 325 722 348 ὲν
738 322 842 357 ἑσπέρᾳ

49 375 194 409 γενόμενος
222 375 237 400 ὁ
264 372 466 403 Κωνστάντιος,
481 372 537 401 τοῖς
557 370 646 397 ἐκεῖσε
667 369 722 396 τῶν
743 369 841 404 ἱερέων

49 423 81 455 τῇ
103 421 256 455 όμοουσίου
284 417 424 453 στοιχοῦσι
444 417 549 447 πίστει,
566 416 756 451 προσεποιεῖτο
781 414 842 440 κολ-

51 465 148 492 ἰᾶσθαι
158 465 214 491 ’καὶ
237 464 424 498 συμφρονεῖν·
444 463 491 488 καὶ
508 462 596 488 διόλου
624 461 746 487 συνεῖναι
771 459 842 494 τάχα

50 512 152 546 ᾑρεῖτο.
169 511 258 544 Τέχνῃ
285 509 313 535 δὲ
330 509 483 543 μετήρχετο
506 507 540 534 τὰ
565 506 661 541 πρῶτα
683 504 720 539 μὴ
748 504 843 539 [3-356-

53 565 144 590 μενος,
168 556 222 588 ἕως
252 551 283 581 οὗ
313 554 459 585 κάκείνους
488 551 707 587 ἐπιψηφίσασθαι
738 550 842 576 πείσειε

53 603 107 633 τοῖς
121 602 186 628 κατ’
207 600 369 627 ’ΔΘανασίου
389 599 585 633 γεγενημένοις
599 597 698 631 ἐπίσης
714 597 772 627 τοῖς
791 595 843 622 ἀνά

51 646 101 680 τὴν
117 646 178 672 Ἕω
197 644 368 674 ἐπισκόποις.
385 643 439 670 Καὶ
460 642 515 676 γάρ
534 651 592 672 πως
610 639 802 674 ἑλογίζετο,ὡς
820 640 844 665 εἱ

52 693 135 727 ψήφῳ
162 691 273 717 πάντων
287 690 342 716 τῶν
362 689 453 724 Ἑῲων
469 689 517 715 καὶ
542 682 696 722 Ἐσπερίων
723 685 845 712 ἐκποδὼν

58 737 219 768 ’Δθανὰσιος
235 737 351 770 γένοιτο,
374 737 404 761 ὲκ
419 734 466 761 τοῦ
488 735 590 770 ῥᾴστου
612 735 713 760 ἐνεῖναι
728 733 762 759 τὰ
780 732 845 767 περὶ

53 787 100 818 τὴν
114 783 269 818 θρησκείαν
288 782 325 813 ὡς
344 781 466 816 βούλοιτο
482 780 644 815 κατορθοῦν.
662 780 716 806 Καὶ
733 779 765 813 δὴ
781 778 843 813 περὶ

54 830 208 856 Μεδιόλανα
233 829 283 863 τῆς
304 827 418 854 Ἰταλίας
440 827 489 862 τὴν
508 827 616 853 σύνοδον
638 825 775 861 ἥθροιζεν.
797 825 843 850 Ἐκ

55 875 104 909 μὲν
116 873 164 901 οὖν
173 875 224 908 τῆς
234 874 292 900 Ἐω
303 873 389 904 ὀλίγοι
399 873 430 904 δή
445 880 517 903 τινες
532 871 716 906 παρεγένοντο
727 878 735 885 ·
747 870 778 896 τὸ
792 870 845 904 γὰρ

53 920 104 956 τῆς
124 919 286 954 ὁδοιπορίας
312 919 418 954 μακρὸν
447 919 495 946 καὶ
513 917 590 949 νόσος
614 916 661 943 καὶ
685 916 774 950 γῆρας
791 915 846 941 τῶν

55 967 161 994 πολλῶν
177 967 274 1001 ἐπεῖχε
294 965 345 1000 τὴν
359 964 452 999 ἄφιξιν
464 971 472 978 ·
493 963 630 998 Ἐσπέριοι
649 962 679 988 δὲ
702 961 811 991 πλείους
828 961 844 995 ἢ

54 1014 210 1048 τριακόσιοι
235 1012 430 1046 συνελέγησαν.
450 1010 487 1036 Τὸ
511 1010 540 1036 δὲ
565 1008 784 1042 σπουδαζόμενον
812 1006 845 1043 ἦν

56 1062 112 1092 τοῖς
136 1061 166 1093 ἐξ
183 1060 243 1085 Ἰ-ῖω
256 1058 450 1089 καταδικάζειν
470 1056 640 1085 Ἀθανασέου,
654 1055 724 1080 ὥστε
746 1054 847 1080 ἆὸατον

56 1107 155 1140 ἐκείνῳ
181 1103 253 1132 εἷναι
280 1104 330 1139 τὴν
360 1102 577 1137 Ἀλεξάνδρειαν.
594 1101 649 1128 Καὶ
665 1101 681 1134 ἡ
711 1100 761 1135 μὲν
779 1100 846 1134 ἄλλη

56 1154 176 1185 σύιοδσς,
188 1154 206 1188 ἦ
223 1152 328 1188 ἀπάτῃ,
344 1152 360 1186 ἢ
381 1151 448 1182 δέει,
463 1151 480 1185 ἢ
494 1150 542 1176 καὶ
561 1148 668 1184 ἀγνοίᾳ,
686 1147 847 1181 συνέτρεχον

54 1198 95 1232 τῷ
112 1198 289 1232 ψηφίσματι·
310 1196 386 1229 μόνοι
410 1195 434 1221 δ’
460 1193 490 1225 ἐξ
510 1193 642 1220 ἁπάντων
667 1191 805 1221 Διονύσιος
832 1192 847 1217 ὁ

56 1245 162 1275 ’Δλὸας
182 1244 346 1274 ἐπίσκοπος,
366 1241 516 1272 Ὶταλιῶτις
533 1239 562 1266 δὲ
577 1239 647 1273 αὕτη
666 1237 846 1273 μητρόπολις,

52 1292 103 1317 καὶ
131 1289 265 1318 Εὐσέϐιος
290 1288 344 1314 τῶν
368 1289 399 1314 ὲν
429 1285 564 1320 Λιγουρὶςι
600 1284 770 1319 Βρεκέλλων,
799 1285 847 1310 καὶ

53 1337 214 1371 Τριὸέρεως
233 1336 248 1360 ὁ
264 1334 406 1365 Παυλῖνος,
427 1334 456 1359 ἐν
482 1331 608 1363 Γαλλίαις
623 1331 644 1357 δ’
660 1331 733 1357 ἐστὶν
748 1331 765 1366 ὴ
782 1330 848 1366 Τρί-

52 1384 142 1417 6ερις,
157 1383 206 1408 καὶ
232 1380 354 1411 Ῥοδανὸς
381 1380 430 1406 καὶ
455 1378 607 1413 Λουκίφερ,
627 1379 673 1404 τειν
690 1378 766 1404 δόλον
791 1386 846 1411 φω-

54 1431 202 1465 ράσαντες,
232 1428 271 1459 ὡς
300 1428 346 1454 ἐπὶ
374 1427 407 1460 τῇ
441 1426 583 1460 ἀνατροπῇ
609 1424 656 1451 τοῦ
689 1425 718 1450 ὲν
745 1425 847 1459 Νικαίᾳ

892 189 1055 218 querentur.
1085 193 1165 219 quem
1198 185 1249 220 ipsi
1275 187 1435 220 episcopum
1466 186 1675 213 constituerant.

892 230 1057 258 Athanasius
1072 236 1162 257 autem
1191 231 1259 258 nihil
1275 239 1387 265 prorsus
1414 231 1473 258 bare
1495 232 1617 258 curabat.
1650 233 1675 258 Id

894 276 929 302 ita
947 276 1060 307 factum,
1078 277 1165 304 donec
1197 277 1387 310 Constantius,
1405 277 1528 312 tyrannis
1551 278 1676 307 sublatis,

894 330 966 348 unus
979 322 1035 356 ipse
1053 322 1176 349 Orientis
1192 323 1273 349 simul
1285 328 1313 349 et
1329 323 1488 350 Occidentis
1506 323 1622 355 imperio
1635 328 1678 349 est

893 368 1006 401 potitus.
1025 368 1106 402 760
1129 367 1160 394 Et
1180 368 1381 395 Constantinus
1406 376 1468 395 Clllll
1494 369 1520 395 in
1532 369 1679 394 Occidente

893 417 975 443 esset.
990 421 1050 439 cutn
1060 413 1196 447 episcopis
1204 414 1249 440 τοῦ
1259 414 1415 447 ὀμοουσίου,
1424 413 1676 444 consubstantialis,

894 458 956 485 fidei
980 459 1195 486 assentientibus
1221 468 1250 486 se
1266 460 1442 494 conjunetum
1460 467 1532 491 esse,
1561 465 1589 486 et
1615 467 1677 486 cum

894 504 934 530 eis
946 504 1001 531 sibi
1018 506 1165 531 convenire
1178 506 1337 532 simulavit:
1351 511 1380 532 et
1394 507 1510 533 fortasse
1537 506 1563 532 in
1594 504 1680 539 parti-

896 549 950 577 bus
964 557 1058 576 eorum
1074 558 1134 577 esse
1149 552 1261 578 omnino
1272 553 1426 579 constituit.
1442 554 1508 579 Arte
1517 557 1593 579 certe
1603 558 1678 581 usus,

895 604 957 623 cum
970 597 1023 623 vim
1040 598 1141 624 nullam
1158 598 1198 625 eis
1221 598 1336 632 primunt
1364 599 1524 632 adhiberet,
1553 600 1599 626 sed
1621 604 1680 626 tan-

896 646 951 668 tum
966 643 1153 677 persuaderet,
1169 648 1199 670 ut
1212 644 1337 671 eamdem
1364 651 1459 671 contra
1485 646 1683 678 Athanasium,

895 693 975 721 quatn
993 687 1146 715 Orientales
1158 688 1278 723 episcopi
1297 689 1436 720 tulissent,
1457 690 1507 724 ipsi
1525 692 1606 717 etiam
1619 699 1682 717 sett-

895 731 1007 758 teutiam
1018 731 1134 758 ferrent.
1157 731 1201 758 Sic
1221 733 1323 760 etenim
1340 735 1544 767 quodammodo
1561 735 1680 774 putavit.

896 778 918 804 si
935 779 1057 806 omnium
1073 779 1254 808 Orientalium
1265 776 1342 816 jukta
1357 782 1607 810 etOccidentalittm
1624 783 1682 810 cal-

897 823 966 851 culis
979 825 1146 853 Athanasius
1161 827 1350 860 damnaretur,
1368 829 1526 856 facillimum
1543 829 1594 856 sibi
1610 830 1680 862 fore,

897 875 925 896 ut
941 870 1101 905 religionem
1121 880 1167 905 pro
1183 873 1299 900 arbitrio
1316 882 1366 900 suo
1386 875 1569 902 constitueret
1598 881 1681 910 atque

897 915 1046 943 ordinaret.
1077 917 1173 952 Itaque
1207 918 1233 945 in
1256 919 1329 946 Italia
1353 919 1498 947 Mediolani
1530 925 1683 948 conventus

897 969 1008 990 coaetus
1019 967 1072 990 est.
1087 964 1119 990 Et
1136 972 1169 991 ex
1186 964 1298 992 Oriente
1312 966 1422 1000 quidem
1438 967 1515 1001 pauci
1532 967 1681 994 adtnodnm

898 1008 933 1035 ibi
946 1014 1044 1042 pra-sto
1059 1010 1144 1037 fuere.
1166 1011 1274 1039 Itineris
1287 1013 1360 1039 enim
1378 1013 1546 1047 magnitudo.
1565 1018 1594 1040 et
1609 1021 1683 1040 mor-

898 1055 960 1087 bus,
977 1061 1005 1082 et
1029 1060 1094 1083 aitas
1118 1057 1259 1091 grandior,
1273 1058 1422 1085 multorum
1441 1059 1566 1093 impediit
1582 1059 1684 1086 adven-

897 1106 966 1128 tum.
992 1102 1192 1130 Occidentalcs-
1215 1108 1306 1130 autem
1333 1104 1424 1137 plures
1460 1112 1542 1139 quant
1566 1105 1682 1132 trecenti

897 1153 1061 1173 convenere.
1088 1147 1236 1174 Enimvero
1253 1148 1433 1175 Orientalium
1459 1150 1603 1176 consilium
1621 1150 1682 1182 fuit.

899 1197 929 1218 ut
943 1192 1107 1219 Athanasius
1124 1193 1310 1226 damnaretur,
1322 1194 1402 1228 eique
1419 1195 1600 1222 Alexandrina
1616 1197 1683 1224 urbe

899 1237 1123 1265 intercideretur.
1140 1239 1173 1266 Et.
1190 1240 1295 1273 reliqua
1313 1241 1434 1275 synodus
1458 1242 1516 1269 sive
1527 1251 1622 1270 errore
1636 1247 1685 1271 aut

898 1290 984 1317 metu,
1002 1293 1049 1312 seu
1071 1286 1152 1312 etiam
1169 1287 1322 1320 ignorantia
1341 1288 1458 1322 pedibus
1481 1289 1508 1316 in
1525 1297 1584 1316 eam
1614 1290 1681 1318 ibat.

900 1332 956 1359 Soli
970 1339 1035 1359 vero
1051 1340 1083 1359 ex
1099 1333 1229 1359 omnibus
1244 1333 1390 1368 Dionysius
1402 1334 1485 1366 Albae.
1501 1343 1563 1369 qtta‘
1581 1344 1633 1362 una
1650 1344 1683 1363 ex

900 1379 1120 1412 metropolitanis
1136 1380 1162 1406 in
1186 1380 1260 1407 Italia
1276 1381 1342 1407 urbs
1359 1378 1410 1413 est,
1424 1386 1451 1408 et
1468 1381 1603 1409 Eusebius
1617 1383 1684 1411 Ver-

898 1425 1027 1452 cellarum
1043 1419 1169 1460 Ligurian
1186 1431 1214 1454 et
1237 1427 1368 1454 Paulinus
1383 1427 1560 1456 Trevirorum
1579 1430 1605 1457 in
1622 1431 1685 1458 Gal-

53 1475 192 1508 ὀᾶγματος
221 1473 247 1499 οἱ
268 1472 346 1506 Ἐᾠοι
360 1472 408 1506 τὴν
427 1471 587 1497 ’ΔΟανασίου
615 1470 776 1504 καθαίρεσιν
791 1472 846 1496 ἔπιη

902 1472 948 1502 lia,
966 1473 1098 1506 episcopi,
1116 1477 1143 1499 et
1157 1478 1289 1507 praeterea
1309 1473 1456 1502 Rhodanus
1473 1475 1618 1503 etLucifer
1634 1477 1685 1511 (l),

55 1520 245 1549 σπεύδουσιν,
274 1518 440 1547 ἀναστάντες
469 1516 571 1549 ἐϐόων,
603 1517 677 1543 δόλον
704 1515 774 1542 εἶναι
800 1518 848 1543 καὶ

54 1568 166 1600 ἀπάτην
190 1565 240 1591 τοῦ
255 1562 492 1600 Χριστιανισμοῦι
515 1564 561 1589 καὶ
579 1564 615 1597 μὴ
632 1562 666 1589 δι’
687 1563 849 1589 Ἀθανάσιον

55 1611 168 1639 εἶναιτὸ
184 1612 343 1646 είρημὲνον,
359 1609 416 1637 ἀλλ’
442 1609 588 1644 ἐπιξουλὴν
611 1609 664 1636 τῶν
687 1610 759 1636 κατὰ
780 1608 848 1635 Θεοῦ

54 1658 144 1694 όρῠῶς
169 1658 257 1684 πάλαι
273 1656 443 1690 δεδογμένων
461 1656 506 1681 τόν
533 1664 562 1682 τε
588 1655 702 1689 βασιλέα
719 1655 767 1681 καὶ
786 1657 850 1686 τοὺς

58 1706 92 1732 τὰ
115 1705 222 1739 Ἀρείου
240 1703 410 1738 φρονοῦντας
425 1704 554 1730 ἐπινοεῖν.
573 1703 656 1729 Ταῦτ’
672 1702 816 1735 είπόντων,

63 1751 113 1784 μὲν
137 1749 251 1779 σύνοδος
271 1748 392 1774 διελύετο
416 1748 557 1782 ἄπρακτος
572 1755 578 1761 ·
603 1748 661 1774 ὅσοι
684 1747 707 1773 δ’
727 1748 850 1782 ὲπαρρη-

61 1799 191 1824 σιάσαντο
207 1796 343 1832 ὑπερορίᾳ
359 1795 597 1830 κατεδικάσθησαν
613 1795 754 1829 γενόμενοι
767 1796 850 1822 ἐκπο-

59 1843 131 1869 δών·
153 1843 215 1877 μεθ’
241 1839 280 1869 ὧν
305 1840 339 1876 ἦν
357 1842 403 1868 καὶ
433 1840 549 1874 ἰλάριος
571 1842 585 1867 ὁ
609 1841 769 1868 Ποικτάεων
787 1841 849 1868 ἐπί-

61 1898 175 1920 σκοπος.
194 1890 259 1915 Ὀτι
281 1888 303 1914 δ’
321 1887 424 1922 ἀληθὴς
449 1888 523 1914 αἰτία
538 1885 573 1921 ἦν
587 1887 624 1918 ὡς
651 1887 698 1914 ἐπὶ
714 1888 850 1921 προφάσει

67 1937 234 1963 ’Δθανασίου
265 1935 335 1962 κατὰ
363 1935 414 1969 τῆς
444 1936 561 1965 πίστεως
592 1935 609 1969 ή
635 1935 664 1960 ὲν
692 1934 851 1968 Μεδιολάνῳ

61 1982 194 2017 ἤθροιστο
209 1981 332 2013 σύνοδος,
349 1980 521 2006 πιστώσεται
536 1981 570 2006 τὰ
587 1980 662 2013 ἑξῆς.
687 1980 717 2006 Ἥ
733 1980 787 2013 γὰρ
800 1981 851 2006 οὐκ

60 2031 102 2060 εις
120 2028 234 2063 μακρὰν
257 2027 380 2053 συστᾶσα
407 2026 477 2052 κατὰ
493 2025 592 2052 ταυτδν
612 2025 640 2051 ἐν
658 2033 687 2051 τε
716 2025 851 2060 ’Δριμίνῳ

61 2076 111 2110 τῆς
142 2074 274 2104 Ἰταλίας,
300 2074 346 2098 καὶ
379 2073 408 2098 ὲν
437 2071 584 2106 Σελευκείᾳ
616 2071 666 2103 τῆς
699 2071 849 2106 Ἱσαυρίας,

61 2120 236 2156 νεωτερίζειν
250 2120 321 2146 κατὰ
338 2118 391 2145 τῶν
405 2119 433 2144 ὲν
446 2118 550 2152 Νικαίᾳ
561 2117 730 2152 δεδογμένων
744 2117 850 2152 ἐπεχεί-

62 2177 161 2204 ρησαν,
172 2168 211 2198 ὡς
224 2166 326 2193 αὐτίκα
342 2166 414 2200 μάλα
427 2164 596 2200 δηλώσομεν.
611 2163 642 2190 Ὅ
655 2163 709 2198 γὰρ
724 2163 851 2197 βασιλεὺς

62 2215 234 2249 χαλεπήνας,
245 2213 438 2246 οἱκουμενικὴν
452 2211 613 2244 συγκροτεῖν
629 2210 758 2236 ἐϐούλετο
774 2210 852 2236 σύνο-

60 2262 117 2292 δον,
134 2259 251 2286 ἑλκύσαι
272 2266 302 2283 τε
315 2257 376 2288 τοὺς
391 2257 440 2290 τῆς
457 2255 544 2290 Ἑῲας
559 2255 725 2285 ἐπισκόπους
748 2254 852 2286 πάντας

61 2310 102 2339 εἰς
126 2308 176 2342 τὴν
206 2305 341 2338 ἑσπέραν,
362 2303 450 2328 πάντα
477 2310 506 2328 τε
536 2301 626 2328 κάλων
655 2301 775 2335 κινῆσαι,
793 2301 851 2334 εἴγε

60 2352 184 2382 δύναιτο,
204 2350 243 2378 ὡς
276 2349 309 2375 ἄν
331 2347 434 2377 πάντας
458 2346 614 2381 ὁμόφρονας
640 2346 850 2377 καταστήσειεν.

67 2397 146 2423 Ἐπεὶ
163 2396 178 2422 δ
205 2396 246 2425 εἰς
261 2393 359 2427 σκέψιν
380 2393 410 2418 τὸ
428 2392 547 2427 πρᾶγμα
569 2391 642 2422 δοὺς,
658 2390 778 2425 ιργῶδες
794 2390 852 2416 ἐδό-

61 2451 117 2475 κει,
132 2443 179 2468 καὶ
199 2441 256 2475 γὰρ
284 2439 451 2473 προσίστατό
475 2439 499 2464 oi.
521 2439 552 2464 τὸ
566 2437 614 2472 τῆς
627 2436 784 2470 ὁδοιπορίας
800 2445 853 2469 μα-

61 2490 130 2523 κῴν
142 2497 148 2504 ·
165 2489 231 2522 μίαν
253 2485 303 2520 μὲν
317 2484 387 2512 εῐναι
402 2485 450 2516 τὴν
466 2483 575 2510 σύνοδον
594 2483 733 2514 ἐκέλευεν,
749 2483 778 2507 ἐν
791 2482 853 2508 δυσὶ

60 2537 86 2562 δ’
109 2535 292 2569 ἀθροισθῆναι
316 2533 372 2563 τοῖς
397 2532 502 2562 τόποις.
528 2529 591 2561 Τοῖς
619 2530 668 2563 μὲν
687 2528 733 2554 οὖν
751 2526 850 2554 Ἑσπε-

62 2582 131 2616 plot;
155 2582 184 2607 ἐν
205 2578 343 2614 Ἀριμίνῳ
367 2577 416 2612 τῆς
442 2576 559 2607 Ἰταλίας
585 2575 753 2609 συνάγεσθαι
769 2575 855 2609 προῦ-

60 2635 166 2662 τρεπε*
192 2628 258 2657 τοὺς
291 2625 320 2651 δέ
349 2632 380 2658 γε
402 2622 504 2658 Ἐῴους
523 2623 670 2658 γράμμασι
698 2622 769 2648 κατὰ
802 2622 850 2656 τὴν

62 2674 250 2709 Νικομήδειαν
274 2671 448 2706 ἀφικνεῖσθαι
470 2670 665 2704 προσέταττεν.
686 2668 714 2694 '0
740 2668 789 2703 μὲν
804 2667 851 2694 οὖν

900 1515 964 1542 dolo
1000 1517 1183 1550 deprehenso,
1221 1516 1374 1545 Orientales
1409 1521 1552 1547 evertendi
1582 1521 1686 1548 Nicatui

899 1561 1033 1596 dogmatis
1045 1562 1131 1596 gratia
1148 1565 1401 1591 exauctorationem
1418 1566 1557 1593 Athanasii
1577 1575 1684 1602 urgere,

899 1613 1083 1640 assurgentes,
1103 1607 1244 1635 vociferati
1271 1614 1355 1640 sunt,
1377 1610 1474 1638 fraude
1505 1611 1686 1641 Christianis-

900 1661 973 1679 mum
990 1654 1196 1686 cireumveniri,
1206 1662 1294 1688 neque
1303 1656 1395 1682 verbis
1406 1658 1541 1692 ejusmodi
1551 1659 1584 1686 de
1599 1660 1685 1686 Atha-

901 1702 980 1728 naslo
992 1702 1034 1736 agi
1048 1711 1056 1727 :
1074 1701 1121 1729 sed
1140 1701 1254 1729 insidias
1270 1703 1392 1730 decretis
1401 1705 1454 1732 rite
1470 1710 1553 1740 atque
1585 1707 1684 1735 ordine

900 1747 934 1774 de
944 1747 998 1774 Deo
1008 1747 1072 1774 olim
1084 1747 1173 1777 factis.
1187 1748 1381 1783 ituperatorem
1391 1755 1419 1777 et
1431 1751 1548 1779 Arianos
1558 1753 1684 1780 tendere.

900 1791 963 1818 Haec
978 1792 1025 1818 ubi
1050 1791 1134 1823 dicta.
1155 1797 1307 1820 conventus
1335 1794 1417 1821 rebus
1443 1795 1555 1823 infectis
1579 1798 1685 1825 solutus

901 1844 954 1865 est.
971 1837 1022 1870 Qui
1038 1843 1128 1864 autem
1144 1839 1259 1866 liberius
1273 1843 1438 1867 sententiam
1463 1841 1591 1868 dixerant
1617 1852 1687 1870 cou-

902 1883 1034 1915 demnati,
1046 1885 1134 1911 solum
1146 1885 1235 1912 exsilii
1255 1893 1336 1912 causa
1355 1890 1508 1914 verterunt.
1522 1887 1595 1914 Inter
1615 1897 1683 1922 quos

901 1929 1023 1956 Hilarius
1034 1930 1116 1957 etiam
1130 1930 1342 1959 Pictaviensinm
1358 1934 1504 1968 episcopus
1515 1933 1577 1961 fuit.
1596 1936 1682 1962 Porro

902 1982 998 2002 verum
1013 1975 1107 2007 fuisse,
1123 1977 1197 2010 quod
1216 1977 1268 2004 sub
1284 1978 1400 2005 obtentu
1412 1980 1532 2006 nominis
1543 1980 1685 2008 Athanasii

901 2022 1046 2049 adversum
1074 2021 1154 2049 [idem
1176 2021 1313 2050 Nicmnam
1340 2025 1551 2052 Mediolanensis
1564 2028 1688 2062 synodus

903 2069 938 2095 si't
952 2073 1126 2102 congregata,
1149 2075 1180 2094 ea
1204 2075 1265 2102 qua:
1293 2074 1449 2103 sequuntur
1476 2072 1687 2100 confirmabant.

903 2115 971 2142 Nam
998 2123 1058 2149 qua:
1077 2115 1157 2149 paulo
1177 2119 1240 2148 post
1261 2115 1358 2142 eodem
1377 2121 1499 2151 tempore
1517 2123 1543 2146 et
1571 2120 1687 2147 Arimini

906 2163 932 2189 in
947 2163 1035 2192 Italia.
1052 2166 1080 2188 et
1095 2162 1263 2190 Seleucizein
1280 2162 1392 2194 Isauria,
1407 2169 1465 2191 acta
1483 2166 1687 2200 snntconcilia,

906 2216 949 2235 res
975 2215 1060 2235 novas
1084 2213 1180 2235 contra
1211 2208 1334 2236 Nicmnas
1361 2211 1572 2240 constitutiones
1594 2213 1688 2240 molita

904 2256 981 2284 sunt;
995 2252 1227 2287 quetnadmodutu
1256 2261 1317 2280 mox
1333 2254 1545 2283 deelarabimus.
1568 2258 1689 2292 Impera-

907 2304 949 2326 tor
974 2299 1047 2325 enim
1074 2299 1328 2326 smlnachabundus
1358 2302 1511 2328 universale
1539 2305 1687 2332 concilium

905 2353 1014 2380 cogere,
1030 2350 1058 2372 et
1071 2347 1214 2379 episcopos
1234 2345 1387 2373 Orientales
1401 2355 1497 2374 omnes
1515 2348 1541 2375 in
1552 2351 1687 2378 Occiden-

909 2398 961 2420 tem
979 2391 1137 2426 pertrahere
1154 2392 1271 2423 volebat,
1288 2393 1366 2428 761
1382 2401 1490 2420 omnem
1519 2402 1632 2422 movens
1648 2396 1691 2423 l‘u-

907 2446 980 2471 nem,
991 2438 1012 2464 si
1028 2445 1083 2472 quo
1095 2437 1176 2464 modo
1191 2437 1280 2464 facere
1296 2444 1397 2471 posset,
1416 2443 1445 2465 ut
1462 2438 1494 2465 ad
1513 2440 1688 2467 concordiam

906 2491 1002 2511 omnes
1018 2483 1177 2510 adduceret.
1193 2484 1226 2509 At
1241 2482 1286 2509 ubi
1300 2491 1328 2509 re
1354 2484 1513 2517 deliberata,
1533 2484 1642 2512 dillicile
1660 2486 1688 2513 id

906 2532 995 2556 visum
1011 2534 1063 2560 est,
1079 2529 1152 2563 quod
1177 2529 1202 2555 ei
1219 2529 1326 2555 itineris
1342 2529 1528 2565 longinquitas
1553 2531 1688 2564 obstaret,

906 2585 987 2603 unam
1006 2577 1130 2611 quidem,
1145 2575 1191 2602 sed
1208 2576 1317 2602 duobus
1339 2576 1365 2601 in
1383 2576 1449 2602 locis
1471 2577 1690 2611 congregandam

903 2629 964 2649 esse
981 2622 1129 2657 synodum.
1152 2622 1255 2647 statuit.
1277 2620 1309 2647 Et
1335 2619 1535 2653 Oceideutales,
1563 2622 1691 2654 Arimini,

904 2668 1058 2695 Orientales
1080 2674 1145 2692 vero
1159 2665 1322 2693 Nicomedize
1336 2666 1494 2697 convenire.
1512 2667 1614 2695 litteris
1630 2668 1688 2694 Sitis

100 2768 136 2799 (Ι)
155 2768 270 2795 Lucifer
288 2765 423 2794 Sardinim
448 2765 545 2792 insulae
562 2763 794 2799 metropolitauus
814 2762 915 2790 dicitur
933 2763 1004 2798 apud
1039 2760 1178 2787 Theudor.
1196 2760 1244 2788 lib.
1276 2770 1306 2794 ιι,
1336 2768 1396 2795 cap.
1414 2760 1456 2793 I5,
1471 2759 1517 2787 tibi
1535 2759 1586 2787 ista
1599 2759 1688 2787 fusius

65 2804 235 2830 referuntur.
