1901 3047
44 143 81 175 flii
486 141 785 172 ECCl.ESlASTICrE
806 139 1001 170 HISTORIA}
1023 139 1097 169 LlB-
1121 139 1172 170 IX.

1599 142 1652 173 3'")!

42 201 121 228 5.501:
135 200 206 236 πρδς
217 201 267 235 τῆς
284 201 409 227 διακόνου
421 201 562 236 χρήμασιν
572 202 678 228 ἐκεῖθεν
691 201 816 234 ὑποφθα-

877 203 970 226 erter
996 197 1123 225 ancillam
1140 197 1271 225 conscio:
1289 204 1350 232 quze
1369 197 1442 232 quod
1473 197 1560 225 ﬁdelis
1592 205 1652 225 esse

43 248 142 282 ρείσης·
162 247 273 281 φθάσαν
297 247 327 273 τὺ
346 247 435 279 Θεῖον,
449 247 499 281 τὴν
523 247 670 282 ἑπιῦουλὴν
694 248 817 282 κατεμή-

41 302 101 320 νυεν.
119 293 148 320 '0
162 294 185 319 δ’
200 293 321 328 ἀλλαχοῦ
335 293 498 329 μετεχώρει.
518 294 625 329 Ἐκείνη
641 294 665 320 δ’
680 294 718 326 ὡς
732 293 817 330 ψευδῆ

43 340 87 365 τῶν
96 340 236 366 δεσποτῶν
254 340 436 372 κατειποῦσα,
455 340 565 375 πληγὰς
579 340 716 375 ἐλάμϐανε
727 348 734 355 ·
751 340 818 367 πολὺ

42 386 85 419 γὰρ
97 382 128 419 ἦν
141 385 170 410 τὺ
185 385 274 412 δεινὸν
288 387 343 418 τοῖς
358 386 510 421 φωραθεῖσι
528 386 660 421 κρύπτειν
675 387 720 412 τὸν
737 385 818 412 Ἀθα-

43 430 134 461 νὲσιον,
152 429 190 461 ὠς
211 431 273 461 ταῖς
299 430 454 464 βασιλικαῖς
475 432 644 465 προσταγαῐς
669 430 820 465 ἀντιπράτ-

42 485 116 507 τουσι,
134 477 182 502 καὶ
197 476 228 502 τὺ
249 476 442 503 πολιτεύεσθαι
466 477 557 509 καλῶς
571 477 746 511 ἀφανίζουσι.
765 477 820 504 Καὶ

43 522 122 548 πολλοὶ
132 522 178 548 διὰ
194 522 288 549 τοῦτον
302 522 397 549 δεινῶν
412 523 609 558 ἐπειράθησαν.
624 523 820 559 Παραπλήσιον

42 568 64 594 δέ
86 576 109 594 τι
135 569 184 594 καὶ
209 568 273 595 ἄλλο
296 569 384 603 τούτῳ
412 569 562 603 ἐπισυνέϐη
577 576 584 584 ·
611 570 644 604 τῇ
668 569 723 604 γὰρ
750 570 819 605 αὐτῇ

43 614 106 648 αἰτίᾳ
119 614 170 640 ἐπὶ
184 614 325 648 Αἴγυπτον
340 614 421 649 δῆθεν
434 614 555 649 φεύγων,
578 616 624 642 τὸν
644 615 741 642 Νεῖλον
760 616 823 643 ἀνέ-

44 659 121 686 πλεεν.
138 659 218 685 Ἐπεὶ
224 660 265 692 δὲ,
273 659 318 686 τὸν
326 659 448 695 δρασμὸν
463 660 715 696 καταμηνυσάντων
728 662 821 694 τινῶν,

43 706 171 736 ἐδιώκετο,
188 704 295 732 ἄνωθεν
315 707 345 732 τδ
369 706 514 739 γινόμενον
536 707 666 741 ὲμυεῖτο⁶
689 707 737 733 καὶ
759 707 823 739 τοὺς

44 753 181 787 πλωτῆρας
199 752 247 778 ἐπὶ
262 752 311 785 τὴν
336 752 543 787 Ἀλεξάνδρειαν
567 754 670 788 μᾶλλον
685 753 823 789 ἀναστρέ-

44 807 94 832 φειν
112 798 251 825 ἐκέλευεν.
270 798 452 833 Παραμείψας
479 798 507 825 δὲ
531 800 596 831 τοὺς
622 799 770 831 διώκοντας
785 799 823 834 τῷ

44 844 214 877 κατάγεσθαι,
234 843 274 879 τῷ
298 844 350 878 τῆς
377 845 481 876 πόλεως
503 845 591 880 ὁμίλῳ
607 846 751 881 συμμιγὴς
767 846 823 872 διε-

44 889 148 915 λάιιοεινε
173 889 225 915 καὶ
245 889 373 921 ἐσώζετο.
397 889 444 916 Ἐκ
467 891 558 916 τοίνυν
574 890 627 917 τῶν
649 891 779 918 τοιούτων
792 892 822 918 οὺ

45 934 102 968 προς
120 934 177 961 τῶν
205 935 369 969 ἑτεροδόξων
396 935 486 969 μόνον,
505 936 572 963 ἀλλὰ
598 937 646 964 καὶ
669 938 746 972 παρὰ
769 937 824 964 τῶν

48 979 237 1014 Ἑλληνιστῶν,
265 981 303 1012 ὼς
324 982 463 1015 γοητείαις
493 983 636 1017 χρώμενος
652 984 822 1011 διεϐάλλετο·

45 1026 83 1052 ιι).
98 1027 152 1061 γὰρ
171 1028 234 1053 ποτ’
252 1027 300 1054 ἐπὶ
324 1027 373 1062 τὴν
398 1029 477 1055 πόλιν
501 1030 643 1064 προϊόντος
671 1031 766 1063 αὑτοῦ,
780 1040 825 1058 κο-

46 1072 108 1107 ρώνη
131 1074 180 1100 τὸν
206 1074 277 1108 ἀέρα
304 1074 487 1110 διανηχομένη
510 1076 654 1112 ἀνέκραξε.
673 1077 780 1112 Πλῆθος
796 1077 825 1104 δὲ

46 1119 175 1152 συνεστὼς
194 1119 342 1155 Ἑλλήνων,
357 1122 588 1155 ἀποσκώπτοντες
603 1121 705 1159 οἷάπερ
728 1124 825 1159 γόητα,

44 1164 177 1199 ὃιηρὼτων
202 1165 231 1192 τί
258 1166 292 1192 ἆν
319 1168 336 1202 ἡ
365 1168 474 1203 κορώνη
495 1168 600 1204 λαλοίη.
618 1170 671 1196 Τὸν
690 1170 714 1196 δ’
733 1171 826 1206 ἡρέμα

44 1211 142 1238 ἀστεῖον
168 1213 217 1239 καὶ
246 1213 321 1246 μάλα
351 1213 400 1248 ἡδὺ
431 1214 594 1248 γελάσαντα,
625 1216 714 1251 Κρᾶς,
744 1218 825 1252 φησι,

44 1257 122 1291 λέγει·
147 1258 164 1284 ὃ
185 1260 220 1293 τῇ
242 1259 388 1293 Ῥωμαίων
410 1261 486 1296 φωνῇ
509 1261 637 1296 σημαίνει
658 1262 690 1288 τὸ
717 1261 824 1297 αὔριον.

44 1304 196 1330 Alcinum
213 1304 236 1331 δ’
255 1304 295 1336 ὡς
318 1306 334 1341 ἡ
353 1305 449 1340 αὔριον
464 1306 528 1341 ὑμῖν
549 1307 578 1333 οὐ
595 1307 686 1339 καλῶς
702 1308 826 1342 ἀπαντή-

46 1358 96 1376 σει⁸
112 1351 257 1386 κέλευσμα
284 1352 339 1386 γὰρ
358 1353 391 1379 ἐκ
409 1353 542 1388 βασιλέως
562 1351 640 1389 ἧκον,
658 1355 708 1390 τὴν
729 1355 827 1390 ἑορτὴν
855 1352 857 1355 ⁴

45 1396 114 1429 ὑμῶν
128 1397 240 1431 {ipsiu-
256 1397 303 1423 καὶ
317 1397 385 1432 ἀηδῆ
408 1398 442 1425 τὰ
462 1400 512 1434 τῆς
533 1399 729 1435 λαμπρότητος
749 1400 827 1427 ἔσται

44 1443 112 1474 ὑμῖν.
129 1444 167 1470 Τὸ
183 1444 206 1471 δ’
224 1445 332 1471 ἀστεῖον
355 1445 514 1472 Ἀθανασίου
536 1447 624 1481 πέρας
638 1445 711 1482 εἶχεν
725 1447 824 1479 εὐθύς·

45 1489 171 1521 βισιλέως
185 1489 240 1524 γὰρ
257 1491 497 1525 καταφοιτήσαντα
509 1492 662 1526 γράμματα
676 1492 827 1527 παρηγγύα

869 243 1022 276 videretur,
1053 243 1087 271 ad
1115 251 1180 271 usus
1220 244 1389 272 necessarios
1415 244 1440 272 ei
1471 244 1649 272 inserviebat.

869 288 1017 324 Postquam
1033 293 1127 316 autem
1146 289 1172 316 in
1201 289 1255 316 huc
1268 297 1368 324 magno
1388 290 1481 317 studio
1499 289 1650 317 adversarii

868 335 1032 366 incubuere.
1048 340 1079 363 ut
1091 337 1180 363 virum
1191 336 1282 363 vivum
1295 343 1435 371 caperent,
1459 341 1488 364 et
1500 336 1600 364 ancilla
1610 344 1654 369 ea,

869 383 986 419 pecunia
1000 383 1035 410 ab
1051 382 1105 409 illis
1121 387 1261 417 corrupta,
1283 382 1410 410 mercede
1429 390 1493 410 eum
1510 382 1655 417 proditura

870 435 948 458 erat:
967 429 1139 465 praeveniens
1167 429 1237 456 Deus
1254 429 1369 456 insidias
1386 430 1412 457 ei
1447 430 1594 457 indicavit.
1618 429 1656 456 lta

871 476 930 510 ipse
941 476 996 503 alio
1011 476 1163 503 concessit:
1177 481 1202 503 at
1215 476 1260 514 illa
1274 481 1302 502 ut
1312 484 1372 511 quae
1388 481 1483 504 contra
1497 477 1580 504 heros
1591 485 1657 504 suos

871 521 939 549 falsa
956 521 1081 553 dixisset.
1097 522 1191 556 plagas
1215 522 1377 556 reportavit.
1396 523 1492 550 Gravis
1520 523 1657 558 siquidem

871 569 913 596 eis
931 567 1179 607 constitutafuerat
1192 575 1282 603 poma,
1299 568 1345 603 qui
1363 568 1546 595 Athanasium
1566 569 1658 596 celare

872 613 1008 648 comperti
1024 613 1151 647 fuissent,
1168 619 1198 641 ut
1213 615 1260 649 qui
1280 619 1377 641 contra
1390 614 1572 649 imperatoria
1583 615 1659 650 jussa

874 660 1040 691 niterentur,
1052 663 1080 686 et
1092 663 1195 687 rectam
1213 660 1373 694 reipublicae
1387 660 1657 688 administrationem

875 705 1013 733 tollerent.
1037 705 1112 732 Multi
1140 713 1206 732 sane
1230 713 1264 733 eo
1280 706 1391 734 nomine
1422 714 1465 733 res
1484 707 1568 734 duras
1597 711 1661 734 sunt

874 752 992 786 experti.
1003 751 1146 779 Persimile
1162 752 1292 786 quiddam
1308 752 1363 778 alio
1373 760 1483 787 quoque
1498 753 1524 780 ei
1538 757 1660 787 tempore

875 798 977 824 evenit.
996 796 1128 825 Eamdem
1144 806 1262 832 namque
1276 799 1312 826 ob
1327 806 1438 826 causam
1455 799 1483 825 in
1512 799 1659 833 [Egyptum

876 843 1046 879 profugiens,
1071 844 1189 871 adverso
1209 845 1354 879 navigabat
1375 844 1448 872 Nilo.
1474 844 1542 872 Cum
1569 849 1661 871 autem

874 890 936 925 fuga
953 890 1012 925 ejus
1026 890 1159 922 indicata,
1182 891 1293 925 quidam
1319 898 1382 918 enim
1411 896 1659 926 persequerentur,

875 935 984 963 caelitus
997 935 1023 963 id
1040 937 1180 971 cogn0vit,
1192 941 1219 963 et
1230 941 1328 964 nautas
1341 942 1423 971 atque
1438 942 1564 964 vectores
1580 937 1661 964 Alex-

875 983 998 1010 andriam
1012 983 1196 1018 redirejussit
1210 991 1216 1009 :
1234 988 1261 1010 et
1285 979 1313 1010 i'n
1328 983 1463 1010 descensu
1479 983 1662 1017 persecutori-

876 1030 926 1057 bus
942 1030 1000 1057 suis
1020 1031 1177 1063 prretcrilis,
1195 1030 1288 1064 populi
1314 1029 1414 1057 deinde
1428 1030 1514 1057 turb-ie
1535 1030 1563 1056 in
1592 1029 1662 1057 urbe

876 1076 1107 1111 frequentissima
1136 1075 1247 1108 mistus,
1277 1076 1359 1103 latuit
1377 1076 1584 1112 incolumisque
1598 1084 1661 1112 per—

876 1122 1168 1157 mansit.Quaproptcr
1177 1130 1231 1150 non
1242 1122 1331 1149 solun:
1345 1123 1451 1154 Ariani,
1467 1123 1514 1150 sed
1527 1127 1556 1150 et
1573 1123 1660 1151 Graeci

875 1173 959 1203 atque
976 1169 1094 1204 gentiles
1107 1176 1182 1201 eum,
1197 1172 1227 1195 ut
1250 1176 1360 1203 magum
1377 1173 1405 1196 et
1422 1168 1661 1203 pmstigiatorem,

878 1215 947 1242 tales
972 1215 1007 1242 ob
1023 1221 1069 1241 res
1085 1213 1224 1241 criminati
1255 1218 1330 1240 sunt.
1358 1214 1514 1248 Aliquando
1542 1222 1662 1250 namque

878 1261 975 1288 urbem
989 1267 1022 1287 co
1034 1260 1214 1295 ingrediente,
1231 1260 1325 1287 cornix
1350 1260 1377 1287 in
1391 1267 1455 1287 aere
1469 1260 1562 1287 volans
1575 1261 1663 1288 croci-

879 1307 970 1334 labat:
987 1310 1015 1333 et
1029 1305 1186 1333 Graecorum
1202 1313 1262 1340 quae
1283 1305 1340 1332 illic
1355 1305 1437 1341 763
1458 1305 1551 1333 stabat
1569 1306 1661 1336 turba,

877 1357 1028 1380 scommate
1058 1359 1121 1378 eum
1156 1351 1241 1378 veluti
1269 1351 1449 1386 impostorem
1479 1358 1662 1386 persequens.

877 1397 1010 1433 quidnam
1025 1397 1122 1424 cornix
1137 1397 1251 1428 diceret.
1271 1396 1460 1432 interrogavit.
1477 1396 1510 1424 Et
1527 1397 1574 1424 ille
1599 1404 1663 1432 per-

877 1453 960 1482 quam
974 1445 1077 1472 urbane
1089 1448 1117 1471 et
1128 1445 1250 1471 suaviter
1262 1443 1368 1474 ridens,
1386 1443 1462 1475 Cras,
1476 1443 1575 1478 inquit.
1585 1442 1663 1475 Quod

879 1492 977 1520 Latino
993 1497 1121 1519 sermone
1138 1490 1210 1518 diem
1225 1491 1378 1518 crastinum
1393 1491 1540 1525 signiﬁcat.
1550 1491 1651 1518 Portet)

45 1535 93 1566 τοῖς
118 1537 247 1571 ἄρχουσι,
277 1536 324 1563 τοῦ
347 1536 441 1563 λοιποῦ
464 1537 578 1564 κωλύειν
603 1538 665 1569 τοὺς
690 1538 825 1574 Ἕλληνας

878 1538 919 1565 dit
934 1535 1037 1569 autem,
1058 1537 1210 1564 crastinum
1231 1537 1304 1564 diem
1319 1537 1398 1564 vobis
1415 1544 1470 1564 non
1488 1537 1556 1564 bene
1571 1545 1666 1564 cessu—

45 1581 110 1610 ναοξς
134 1579 336 1613 παραὸάλλειν,
349 1581 396 1607 καὶ
414 1580 451 1612 ὡς
465 1581 525 1612 ἓθος
538 1582 571 1616 τῇ
597 1582 672 1616 σφῶν
691 1582 828 1618 θρησκείᾳ

45 1624 88 1655 τᾶς
100 1625 201 1660 ἑορτὰς
215 1625 351 1653 ἐκτελεῖν.
366 1627 421 1653 Καὶ
436 1627 452 1662 ὴ
471 1626 518 1653 ἐπὶ
535 1627 632 1661 θύραις
654 1628 744 1655 αὐτῶν
761 1629 828 1664 περὶ

47 1671 166 1699 πλείστου
185 1671 255 1699 οὖσα
269 1673 327 1704 τοῖς
341 1672 455 1708 Ἕλλησι
474 1675 521 1701 καὶ
536 1674 686 1708 σεϐάσμιος
708 1675 827 1710 μάλιστα

47 1717 120 1752 ἑορτὴ
153 1718 308 1751 τηνικαῦτα
343 1718 455 1745 ἐλύετο·
491 1720 538 1746 καὶ
569 1719 663 1746 ἔκτοτε
700 1720 828 1754 οὐδαμῶς

47 1763 174 1798 ἐπράχθη.
196 1764 280 1791 Ἀλλὰ
307 1764 394 1791 ταῦτα
424 1765 473 1799 μὲν
498 1765 651 1800 ἀποχρήσει
675 1765 771 1798 δεῖξαι,
790 1765 827 1798 ὠς

47 1809 111 1842 θεῖος
123 1811 247 1844 μάλιστα
263 1809 297 1846 ἦν
311 1812 325 1838 ὁ
338 1811 473 1847 ἀνὴρ,καὶ
491 1811 661 1847 προφητικοῦ
675 1812 828 1847 ἠξιωμένος

48 1858 212 1892 χαρίσματος
224 1865 232 1872 ·
248 1858 382 1892 φυγόντος
406 1857 430 1883 δ’
451 1858 488 1890 ὥς
510 1858 629 1894 εἴρηται,
645 1859 659 1885 ὁ
675 1858 722 1884 ὑπ’
747 1859 828 1885 αὑτὸν

47 1902 141 1937 κλῆρος
154 1904 206 1934 τὰς
222 1904 373 1938 ἐκκλησίας
395 1905 521 1938 κατεῖχεν
533 1913 540 1919 ·
558 1904 610 1935 ἕως
625 1904 656 1930 οὗ
670 1906 726 1936 τοῖς
739 1904 829 1939 Γεώρ-

47 1956 99 1980 γιον
123 1949 315 1983 προσδοκῶσιν
339 1951 353 1976 ό
376 1949 498 1984 ὕπαρχος
524 1949 601 1985 ἥκων
626 1950 696 1984 μετὰ
716 1950 830 1984 στίφους

47 1995 212 2029 παρέδωκεν.
242 1995 285 2026 Ἐς
301 1994 415 2030 ὕστερον
430 1995 458 2022 δὲ
478 1996 526 2023 καὶ
544 1997 625 2028 αὐτὸς
640 1997 736 2028 ἐλθὼν,
751 1997 830 2024 κατέ-

48 2048 104 2073 σιεν
119 2040 219 2072 αὐτάς.
236 2041 283 2075 Μὴ
307 2041 377 2067 κατὰ
401 2041 494 2076 σχῆμα
520 2041 549 2068 δὲ
575 2042 623 2068 καὶ
648 2039 714 2077 ἦθος
734 2042 830 2077 ἱερέως

46 2086 266 2121 πολιτευόμενος,
287 2087 403 2122 φοΰερός
417 2096 460 2119 τις
482 2088 645 2123 ἐπετήδευεν
671 2086 750 2114 εἶναι.
767 2088 830 2119 Τοῖς

46 2131 66 2156 δ’
88 2132 252 2159 Ἀϐανάσιον
272 2133 417 2159 ἐπαινοῦσι
445 2134 492 2160 καὶ
521 2134 593 2168 μάλα
624 2133 760 2169 θηριώδης
783 2131 829 2169 ἦν,

46 2176 138 2211 ἄνδρας
165 2186 197 2205 τε
223 2179 271 2204 καὶ
295 2179 425 2212 γυναῖκας
452 2179 552 2213 σύρων,
573 2176 617 2205 οἶά
636 2187 679 2208 τις
692 2179 767 2214 ὠμὸς
784 2178 830 2205 τύ-

47 2230 135 2255 pawo;
151 2224 265 2258 δεσμοῖς
283 2223 459 2258 περιέϐαλεν·
476 2225 522 2258 ὑφ’
535 2221 573 2251 ὧν
591 2224 632 2255 είς
647 2225 737 2250 κοινὸν
750 2225 828 2258 μῖσος

48 2268 170 2301 ἐμπεσὼν
185 2269 226 2303 τῷ
242 2269 323 2304 δήμῳ
342 2270 442 2304 μικροῦ
469 2270 502 2297 ἃν
521 2270 661 2301 διώλλυτο,
676 2270 701 2296 εί
727 2270 764 2305 μὴ
785 2270 830 2297 τὸν

47 2315 163 2343 κίνδυνον
190 2316 316 2351 διαδρὰς,
336 2317 364 2347 ἐς
387 2316 500 2351 βασιλέα
524 2317 680 2352 ἀνέτρεχεν.
699 2318 730 2344 Οἱ
746 2318 774 2344 δὲ
795 2317 831 2343 τὰ

52 2361 207 2388 Ἀθανασίου
236 2362 399 2396 φρονοῦντες
428 2363 479 2394 τὰς
506 2363 656 2398 ἐκκλησίας
683 2363 829 2398 κατέσχον,

46 2407 93 2433 κᾶν
112 2408 162 2434 οὐκ
186 2408 234 2434 ἐπὶ
256 2407 348 2443 πολλῴ
369 2409 458 2444 χρόνῳ
472 2417 479 2425 ·
500 2409 514 2435 ὁ
533 2408 588 2442 γὰρ
615 2408 666 2444 τῆς
689 2408 829 2443 Αἰγύπτου

47 2455 199 2488 στρατηγὸς
224 2453 403 2489 ἀφελόμενος,
418 2454 496 2486 αὖθις
518 2455 574 2486 τοίς
599 2455 740 2490 Γεωργίου
763 2454 831 2481 ἀπέ-

46 2496 110 2524 δοτο.
126 2498 197 2525 Μετ’
216 2499 247 2525 οὐ
264 2498 334 2524 πολὺ
351 2498 379 2524 δὲ
399 2498 447 2525 καὶ
462 2499 542 2530 αὐτὸς
558 2497 622 2535 ἧκε,
639 2499 830 2535 φοϐερώτερος

48 2542 91 2575 μὲν
112 2543 312 2578 γεγενημένος,
329 2543 492 2578 μισούμενος
506 2544 534 2571 δὲ
561 2545 654 2578 πλέον,
669 2545 716 2572 ᾶτε
732 2545 764 2580 δὴ
783 2545 829 2571 τὸν

47 2588 154 2621 βασιλέα
168 2589 325 2625 κεκίνηκὼς
343 2591 382 2621 είς
394 2590 480 2624 θυμὸν
491 2591 553 2617 κατ’
564 2591 665 2618 αὐτῶν.
677 2591 830 2622 Δύσπιστος

47 2633 71 2659 δὲ
93 2636 141 2662 καὶ
165 2635 253 2669 τύφου
281 2635 380 2669 μεστδς
409 2635 579 2662 διεϐάλλετο·
596 2636 644 2662 καὶ
670 2636 746 2672 παρὰ
774 2636 830 2662 τῶν

46 2681 200 2714 Αἰγυπτίων
229 2683 350 2716 μάλιστα
372 2683 508 2718 μοναχῶν,
529 2681 569 2716 οἷς
592 2683 700 2710 εἵποντο
729 2684 830 2718 μᾶλλον

46 2728 75 2752 τὰ
102 2729 205 2764 πλήθη,
221 2729 270 2756 καὶ
299 2728 317 2756 ἃ
340 2729 431 2762 λέγειν
457 2729 588 2765 ἀλήθειαν
615 2729 717 2765 ᾤοντο·
733 2731 830 2766 ὅτιπερ

48 2774 141 2810 ἀρετὴν
165 2775 328 2806 ἀσκοῦντες,
347 2776 501 2809 φιλοσόφως
520 2777 638 2812 διήνυον.
654 2777 707 2803 Καὶ
730 2777 764 2804 τὰ
781 2777 831 2812 μὲν

52 2818 209 2848 Ἀθανασὶου
227 2820 383 2855 συλλήϐδην
401 2822 488 2847 εἰπεῖν
505 2823 550 2848 ὲττὶ
566 2823 758 2850 Κωνσταντίου
773 2822 829 2850 δια-

199 2883 340 2912 ΡΑτιιοι..
362 2883 419 2911 Gn.
438 2881 555 2912 CXLVI

879 1592 951 1612 rum.
963 1583 1121 1611 Mandatum
1130 1583 1206 1610 enim
1219 1583 1253 1609 ab
1264 1583 1429 1618 imperatore
1440 1583 1553 1610 veniens
1564 1584 1663 1611 festum

879 1631 951 1659 diem
969 1634 1091 1657 vestrum
1117 1628 1264 1662 inhibehit,
1289 1633 1317 1656 et
1345 1629 1548 1664 magniﬁcentia
1572 1635 1664 1657 vestra

880 1675 1030 1710 injucunda
1048 1675 1127 1702 vobis
1147 1675 1211 1702 erit.
1229 1676 1316 1702 Porro
1344 1675 1371 1702 id
1387 1675 1529 1702 Athanasii
1559 1675 1664 1703 dictum

879 1722 983 1749 exitum
1018 1728 1097 1749 suum
1125 1721 1272 1748 confestim
1300 1721 1407 1749 habuit.
1432 1721 1474 1748 Ab
1498 1722 1666 1756 imperatore

878 1769 952 1796 enim
969 1768 1068 1795 litterae
1081 1775 1191 1797 venere.
1210 1767 1310 1802 quibus
1328 1767 1504 1802 magistratus
1528 1767 1666 1801 jubeban-

882 1819 939 1845 tur.
965 1815 999 1841 de
1015 1819 1115 1841 cancro
1141 1812 1250 1840 Gracos
1273 1813 1430 1847 prohibere,
1450 1820 1484 1839 ne
1512 1813 1545 1839 ad
1565 1815 1665 1847 templa

881 1861 1056 1892 accederent,
1074 1864 1102 1886 et
1117 1867 1190 1888 more
1203 1859 1411 1894 superstitionis
1427 1866 1484 1886 suae
1498 1860 1557 1885 dics
1582 1859 1667 1886 festos

880 1912 1052 1942 peragerent.
1064 1906 1097 1932 Et
1113 1906 1261 1933 celebritas
1276 1913 1306 1932 ea
1316 1913 1377 1940 qua:
1387 1906 1442 1941 jam
1469 1905 1574 1936 aderat,
1590 1908 1617 1931 et
1631 1905 1666 1931 ah

880 1953 935 1980 illis
949 1952 1060 1988 plurimi
1076 1951 1167 1984 ﬁebat,
1184 1951 1420 1985 venerationeque
1446 1950 1564 1977 maxima
1592 1950 1665 1976 cole-

881 1999 972 2031 batur,
992 2002 1048 2024 tum
1066 1998 1156 2024 soluta
1175 2002 1228 2029 est,
1256 2005 1347 2033 neque
1367 2001 1463 2032 postea
1481 1997 1667 2032 peracta.De-

881 2044 987 2072 clarare
1002 2044 1060 2071 lucc
1085 2043 1153 2070 satis
1166 2047 1292 2078 possunt,
1320 2043 1444 2071 divinum
1472 2050 1537 2071 eum
1562 2044 1665 2075 virum,

881 2095 909 2117 ct
921 2088 1074 2125 prophetici
1085 2089 1213 2116 doninon
1223 2094 1360 2125 expertem
1379 2090 1473 2117 fuisse.
1486 2090 1547 2125 Ipso
1563 2095 1666 2123 autem,

882 2141 911 2163 ut
926 2136 1028 2163 dictum
1040 2139 1092 2167 est,
1100 2135 1225 2170 profugo,
1242 2136 1332 2163 clerus
1343 2136 1402 2171 ejus
1409 2136 1542 2164 ecclesias
1558 2137 1664 2164 lenuit:

882 2180 971 2207 donec
987 2180 1136 2207 adveniens
1153 2179 1209 2207 dux
1221 2188 1283 2207 cum
1306 2182 1430 2214 armatis,
1458 2181 1605 2217 Georgium
1620 2190 1668 2210 cx-

882 2225 1073 2260 spectantibus
1088 2233 1136 2253 eas
1156 2226 1279 2259 tradidit,
1296 2231 1324 2253 et
1335 2227 1393 2261 ipse
1413 2233 1508 2262 postea
1533 2227 1668 2264 Georgius

882 2271 1031 2298 adveniens
1044 2272 1198 2306 occupavit.
1226 2271 1251 2298 ls
1272 2273 1346 2306 quod
1374 2279 1428 2299 non
1460 2279 1594 2307 apparatu
1622 2278 1669 2300 aut

883 2325 958 2344 more
975 2317 1095 2351 episcopi
1112 2317 1379 2345 administrationem
1398 2325 1475 2344 suam
1495 2318 1666 2350 institueret,

883 2363 1036 2391 terribilem
1052 2371 1081 2390 se
1093 2363 1229 2390 exhibuit.
1247 2364 1274 2390 In
1290 2364 1433 2391 Athanasii
1452 2369 1545 2390 autem
1568 2364 1667 2391 lauda-

885 2415 958 2437 tores
977 2410 1051 2437 l'erus
1066 2409 1212 2436 admodum
1228 2409 1290 2442 fuit,
1302 2417 1333 2436 ac
1345 2409 1419 2437 viros
1429 2409 1511 2436 simul
1526 2414 1554 2436 et
1568 2410 1668 2436 mulie-

882 2463 928 2483 res
942 2455 1088 2490 arripiens,
1109 2459 1237 2490 tanquam
1255 2462 1344 2482 saevus
1371 2459 1517 2490 tyrannus,
1548 2454 1576 2480 in
1608 2455 1668 2481 vin—

882 2501 943 2528 cula
963 2501 1092 2537 conjecit.
1110 2500 1296 2534 Quamobrem
1308 2500 1447 2535 publicum
1466 2500 1559 2535 populi
1572 2500 1666 2528 odium

882 2548 910 2574 in
942 2555 971 2574 se
997 2547 1156 2574 concitavit.
1190 2545 1320 2573 Periisset
1347 2551 1423 2573 certe
1452 2546 1576 2581 quidem,
1611 2546 1666 2574 nisi

881 2593 1004 2628 periculo
1038 2593 1124 2620 vitato
1160 2592 1194 2619 ad
1234 2591 1428 2626 imperatorem
1472 2591 1667 2625 procurrisset.

883 2638 922 2665 lbi
959 2641 1017 2665 tum
1056 2642 1207 2665 sectatores
1246 2636 1387 2664 Athanasii
1434 2637 1557 2665 ccclesiis
1598 2644 1668 2672 pra:-

884 2686 970 2717 luere,
1013 2685 1138 2720 quamvis
1177 2684 1211 2711 ad
1241 2685 1323 2712 breve
1358 2689 1478 2718 tempus.
1520 2683 1668 2711 l’razl'ectus

884 2739 1002 2765 namque
1034 2729 1156 2765 Egypti.
1177 2730 1232 2757 illis
1257 2730 1364 2765 ejectis,
1379 2737 1426 2757 eas
1453 2729 1565 2757 factioni
1580 2729 1667 2756 Geor-

884 2778 921 2813 gii
969 2776 1099 2805 restituit.
1133 2775 1189 2802 Nec
1221 2775 1302 2810 longe
1333 2780 1394 2810 post
1418 2779 1447 2803 et
1476 2775 1534 2810 ipse
1571 2773 1666 2804 rediit,

885 2822 1036 2850 terribilior
1053 2821 1165 2857 quidem
1184 2829 1266 2856 quam
1284 2826 1376 2854 antea,
1392 2830 1446 2849 non
1463 2822 1553 2849 minus
1575 2824 1667 2847 auten:

1445 2882 1481 2911 12
