1901 3047
212 99 262 132 371
539 143 543 145 ἓ
823 109 1034 141 NICEPHORI
1054 111 1225 144 CALLISTI
1793 113 1844 145 372

213 155 357 184 hominum
373 165 464 187 mores
483 159 621 196 fugientes
633 162 739 192 dudum
774 170 847 193 metu
871 175 932 195 sese
965 168 1140 196 continuere.
1165 169 1285 197 Istorum
1319 177 1436 206 namque
1452 169 1593 206 sapienter
1617 169 1744 198 instituta
1778 177 1844 197 con-

213 202 273 252 silia
290 203 318 252 in
332 204 453 232 medium
475 207 608 241 producta
623 210 678 244 jam
697 216 834 246 apparent
851 222 858 239 :
894 221 946 240 nec
983 214 1037 241 ulla
1059 222 1131 242 nova
1159 216 1371 244 machinationis
1393 202 1468 244 ratio
1485 202 1644 252 excogitari
1663 221 1767 251 potest,
1785 224 1844 250 qua

213 247 276 275 illos
292 248 327 276 ab
344 249 485 285 impietate
510 259 593 287 queat
614 255 745 289 eximere.
771 258 909 286 Bonorum
932 260 1055 287 virorum
1088 261 1181 294 fuerit,
1220 263 1353 297 majorum
1388 262 1441 291 ﬁde
1467 263 1569 295 vivere,
1599 271 1716 298 eamque
1743 271 1840 293 unam,

258 294 363 323 diem")
384 304 436 331 es"
455 300 602 335 adaugere,
617 310 707 338 neque
724 304 840 332 ulterius
855 306 1005 340 quidquam
1022 307 1102 335 anxie
1117 308 1201 336 nimis
1236 314 1264 337 et
1278 311 1388 337 curiose
1406 310 1583 345 investigare.
1608 310 1690 346 769
1710 310 1783 343 Quin
1815 317 1842 338 ct

213 340 277 368 illos
303 343 506 379 admonuerim,
535 351 565 373 ut
591 348 740 383 aliquando
760 351 870 379 tandem
892 360 926 380 ex
965 353 1097 381 barathro
1116 360 1339 390 prorumpentes,
1372 357 1473 384 animis
1507 359 1630 389 mutatis,
1657 358 1690 385 ad
1729 364 1843 385 sentcn-

214 390 282 417 tiam
293 390 372 417 istam
383 392 525 425 accedant,
539 402 621 429 quam
633 397 726 424 divina
739 398 846 432 prmditi
860 391 997 433 Sapientia
1017 400 1051 427 de
1083 401 1137 428 Deo
1155 402 1207 429 rite
1242 408 1324 438 atque
1345 403 1446 431 ordine
1464 405 1588 440 episcopi
1605 405 1705 433 tulere.
1720 404 1842 432 Tantum

213 438 320 465 scilicet
335 446 576 485 parvomomento
593 444 747 479 periculum
770 445 832 478 fuit,
859 452 888 474 ut
914 447 1092 476 dissimilium
1122 450 1272 484 obtineret,
1303 452 1355 479 nisi
1391 453 1542 488 imperator
1559 453 1616 488 ipse
1646 453 1843 488 episcoporum

212 493 295 519 opera
312 491 339 514 et
353 483 495 522 diligentia
512 490 721 520 intercessisset.

472 560 585 589 CAPUT
606 563 736 592 XXXVII.

213 613 253 640 De
268 616 343 642 rebus
371 618 399 643 in
426 618 525 645 Sirm‘o
541 620 630 647 aclis:
654 627 678 648 et
700 626 727 648 ut
749 622 869 650 Liberius
891 624 1001 652 Romam

248 658 377 694 repertas,
405 661 464 694 cum
487 652 575 694 [felice
594 664 739 694 successore
749 666 798 684 suo
822 660 1001 694 episcopatum

248 685 459 747 admini’strarit,
490 688 571 716 donec
598 691 679 726 paulo
714 697 772 726 post
798 701 812 720 ε
835 685 1001 722 ὗίυἱέΓῗείῖξτ

248 727 346 747 excessi
363 741 369 747 .

247 727 369 748 ηεεεδιι.

247 786 330 813 Brevi
341 786 443 815 deinde
457 796 520 816 cum
533 790 619 818 Roma
636 792 662 818 in
678 792 810 820 Sirmium
823 793 1001 823 Constantius

212 831 352 866 rediisset,
378 833 605 864 Occidentalibus
635 838 774 874 episcopis
803 841 999 875 precantibus,

212 877 342 905 Liberius
365 886 398 906 ex
423 879 537 909 Berrma
563 883 696 911 reductus
722 891 774 913 est.
795 887 885 921 Atque
909 888 945 915 ibi
972 889 999 916 in

212 925 359 958 przesentia
375 933 470 954 eorum
487 935 558 963 quos
569 929 702 963 diximus,
719 931 892 968 aliorumque
912 934 1000 969 pluri-

213 980 322 1000 morum
340 973 523 1003 Orientalium
538 978 742 1013 episcoporum,
770 980 921 1015 imperator
938 990 1000 1010 sua-

214 1019 281 1046 dere
307 1019 427 1054 Liberio,
454 1026 485 1049 ut
509 1023 607 1051 Filium
627 1032 681 1052 non
699 1033 758 1053 esse
780 1027 854 1055 Patri
878 1029 995 1056 consub-

213 1068 370 1095 stantialem
400 1070 573 1104 opinaretur,
596 1073 723 1101 tentavit.
750 1074 812 1110 Egit
836 1076 862 1103 id
888 1085 999 1112 quoque

215 1113 343 1146 Basilius,
366 1119 394 1142 et
418 1116 465 1150 qui
486 1124 548 1144 cum
570 1125 604 1145 eo
626 1125 729 1148 erant:
751 1128 868 1156 eamque
885 1130 942 1150 rem
960 1123 998 1150 illi

214 1160 387 1194 imperatori,
411 1162 482 1196 apud
509 1171 591 1197 quem
618 1164 644 1191 in
670 1171 769 1201 magno
793 1171 874 1194 erant
897 1168 998 1202 pretio,

213 1213 385 1242 suggesscre.
402 1210 436 1237 Et
451 1210 611 1245 aﬁ'ercnles,
630 1220 692 1247 quae
718 1213 760 1239 vel
787 1213 822 1241 de
847 1213 931 1240 Paulo
948 1213 998 1241 Sa-

215 1259 368 1288 mosateno,
382 1256 423 1282 vel
441 1256 475 1283 dc
486 1257 606 1285 Pbotino
620 1259 692 1294 apud
705 1259 837 1287 Sirmium
850 1259 999 1287 constituta

214 1297 323 1326 fuerant
339 1301 443 1334 omnia,
468 1306 495 1328 et
508 1307 643 1336 praeterea
658 1303 804 1330 formulam
821 1303 885 1330 ﬁdei
900 1303 998 1330 Antio-

214 1342 283 1370 chia:
300 1344 326 1370 in
344 1344 480 1373 Encarniis
497 1346 555 1374 sive
573 1347 697 1374 ecclesia:
723 1348 944 1380 consecratione,
963 1348 999 1375 ob

214 1390 370 1424 όμοουσίου,
379 1392 633 1426 consubstantialis,
645 1401 755 1433 causam
769 1394 999 1430 cditam'allegan-

213 1441 266 1467 tes,
278 1437 361 1464 veluti
376 1439 577 1466 contenderent
589 1439 699 1473 quidam
718 1441 844 1468 heresim
860 1442 999 1476 propriam

213 1489 264 1517 per
294 1487 458 1516 praetextum
489 1488 518 1511 et
548 1485 722 1513 occasionem
755 1487 1000 1515 consubstantialis

215 1528 374 1561 instituere,
401 1529 429 1556 in
443 1530 607 1558 sententiam
622 1539 699 1559 suam
714 1532 851 1560 adducere
866 1534 1000 1562 studuere

215 1574 369 1606 Liberium,
387 1579 414 1602 et
430 1576 623 1611 Athanasium,
639 1582 668 1605 et
680 1578 880 1611 Alexandrum,
905 1585 933 1607 et
948 1580 998 1608 Se-

213 1622 377 1654 verianum,
409 1627 437 1649 et
460 1623 650 1657 Crescentem,
672 1625 819 1661 Africanos
842 1627 996 1661 episcopos.

214 1669 275 1696 Non
302 1669 394 1696 minus
421 1669 447 1696 id
475 1677 586 1705 quoque
617 1671 789 1698 conabantur
813 1672 944 1700 Ursacius
971 1677 999 1700 et

215 1715 316 1742 Valens
338 1715 504 1749 Mursorum,
527 1721 555 1744 et
570 1716 728 1745 Gcrminius
746 1718 907 1746 Sirmiensis
940 1719 998 1754 epi-

215 1768 326 1794 scopus,
351 1766 379 1788 et
401 1761 446 1795 qni
469 1766 601 1796 praeterea
623 1770 657 1790 ex
672 1763 784 1791 Oriente
809 1765 847 1792 ibi
869 1765 993 1793 aderant.

218 1806 344 1833 Liberius
367 1812 459 1835 autem
476 1807 557 1835 aliam
581 1816 692 1844 quoque
709 1810 824 1837 seorsim
848 1811 909 1838 ﬁdei
929 1820 998 1839 con-

215 1851 326 1885 scripsit
357 1851 576 1886 professionem,
603 1861 664 1888 quae
694 1862 792 1882 omnes
813 1855 847 1883 ab
874 1857 998 1884 ecclesia:

1332 573 1459 610 ΚΕΦΔᾼ.
1486 574 1550 601 KZ’.

1051 628 1121 662 Περὶ
1134 627 1193 655 τῶν
1205 629 1240 655 ἐν
1251 629 1360 663 Σιρμῑῳ
1383 630 1555 663 Τενομένων
1565 636 1573 645 ·
1587 628 1635 656 καὶ
1651 628 1691 661 ὡς
1707 628 1843 663 ιίιϐέριος

1087 663 1182 690 ,πάλιν
1196 665 1239 696 εἰς
1249 662 1309 698 τὴνί
1322 662 1441 698 Ῥώμην
1452 664 1618 693 ἐπανῆλθε.
1640 663 1688 690 καὶ
1707 662 1770 692 σὺν
1781 663 1840 698 ibi):

1086 700 1149 725 λικι
1159 698 1199 731 τῷ
1212 696 1284 731 ast"
1295 696 1389 726 αὑτὸᾶ·
1403 696 1498 726 διεῖπε
1515 699 1568 726 τὸν
1591 699 1712 733 θρόνον,
1728 698 1788 731 ἓως
1805 696 1842 726 οὗ

1084 733 1160 768 μετὰ
1171 734 1274 768 βραχὺ
1292 734 1435 761 ἐτελεύτα
1446 734 1554 769 Φῆλιξ.

1087 798 1145 825 Οὐκ
1159 799 1200 833 είς
1223 799 1333 834 μακρὰν
1357 799 1380 826 δ’
1396 800 1428 826 ἐκ
1449 799 1563 835 Ῥώμης
1578 800 1619 831 είς
1633 800 1748 834 Σίρμιον
1761 799 1844 826 Κων-

1052 845 1179 871 στανι-ίου
1196 847 1350 879 γεγονότος,
1374 846 1430 872 τῶν
1454 846 1592 880 ἑσπερίων
1616 846 1714 880 ἱερέων
1728 845 1844 880 διαπρε-

1052 891 1260 926 σϐευσαμένων,
1273 892 1401 927 Λιὸέριος
1421 892 1454 919 ἐκ
1473 892 1605 927 Βεῤῥοίας
1626 891 1771 925 ἀνάγεται·
1795 891 1844 917 καὶ

1050 938 1082 973 δὴ
1111 938 1165 964 τῶν
1192 938 1347 973 εἰρημένων
1370 939 1402 964 ὲκ
1419 938 1468 972 τῆς
1482 938 1541 965 Ἕω
1558 937 1718 964 ἐπισκόπων
1730 937 1780 964 καὶ
1794 937 1844 964 ἄλ-

1050 982 1105 1009 λων
1130 983 1330 1018 συμπαρόντων
1356 983 1514 1016 πλείστων,
1543 983 1603 1018 βίαν
1631 983 1738 1017 ἐπῆγεν
1766 983 1843 1018 αὐτῷ

1052 1028 1193 1063 βασιλεὺς,
1215 1030 1252 1065 μὴ
1276 1027 1347 1056 εἶναι
1362 1029 1505 1065 όμοούσιον
1517 1029 1641 1061 δοξάζειν
1656 1029 1704 1056 τὸν
1722 1029 1785 1056 Υἱδν
1803 1028 1844 1063 τῷ

1051 1076 1150 1111 Πατρί.
1177 1075 1328 1102 Ἐνέκειντο
1344 1075 1373 1102 δὲ
1398 1076 1445 1102 καὶ
1469 1076 1494 1102 οἱ
1522 1075 1595 1110 ἀμφὶ
1615 1074 1769 1107 Βασίλειον,
1794 1075 1844 1101 καὶ

1050 1121 1095 1148 τὸν
1120 1121 1276 1156 κρατοῦντα
1303 1121 1349 1147 ἐπὶ
1378 1121 1459 1147 τοῦτο
1485 1121 1625 1156 ἠρέθιζον,
1643 1121 1687 1147 διὰ
1708 1121 1844 1155 πλείστης

1050 1169 1117 1203 παρ’
1130 1167 1205 1202 αὺτῷ
1230 1168 1314 1202 τιμῆς
1332 1167 1479 1202 ἀγόμενοι·
1495 1168 1520 1194 οἳ
1535 1169 1568 1202 δὴ
1590 1168 1679 1195 πάντα
1693 1167 1844 1203 συνηθροι-

1050 1215 1130 1245 κότες
1149 1214 1199 1241 ὅσα
1226 1222 1255 1239 τε
1281 1214 1328 1240 ἐπὶ
1346 1213 1445 1249 Παύλῳ
1469 1214 1508 1249 τῷ
1532 1215 1564 1240 ὲκ
1594 1214 1776 1248 Σαμοσάτων,
1794 1214 1845 1242 καὶ

1051 1259 1176 1294 Φωτεινῷ
1189 1259 1228 1295 τῷ
1243 1261 1274 1286 ἑκ
1289 1260 1418 1295 Σιρμίου·
1436 1259 1477 1286 ἔτι
1501 1259 1530 1286 δὲ
1554 1260 1603 1286 καὶ
1618 1260 1667 1295 τὴν
1686 1260 1715 1286 ἑν
1737 1259 1845 1286 Ἀντιο-

1051 1307 1114 1342 xei;
1139 1306 1299 1333 ἔκτεθεῖσαν
1331 1306 1423 1333 πίστιν
1454 1307 1484 1333 ἐν
1516 1307 1574 1338 τοῖς
1610 1306 1762 1340 ὲγκαινίοις
1791 1307 1844 1342 τῆς

1051 1353 1202 1388 ἐκκλησίας
1218 1353 1265 1379 ἐπὶ
1278 1352 1417 1387 προφάσει
1436 1352 1484 1378 τοῦ
1498 1351 1653 1386 ὀμοουσίου·
1668 1352 1712 1379 ἆτ’
1732 1353 1844 1387 ἐπιχει-

1054 1399 1173 1433 ρούντων
1187 1399 1270 1425 τινῶν
1297 1399 1352 1434 ἰδίᾳ
1377 1399 1505 1434 συνιστᾷν
1530 1398 1580 1434 τὴν
1599 1399 1722 1433 αἰρεσιν,
1749 1407 1845 1434 παρα-

1053 1445 1216 1477 σκευάζουσι
1233 1444 1548 1480 συναινέσαιΛιὸέριον,
1568 1444 1728 1472 Ἀθανάσιόν
1743 1453 1773 1471 τε
1795 1447 1846 1472 καὶ

1058 1491 1244 1526 Ἀλέξανδρον,
1259 1491 1308 1518 καὶ
1331 1491 1497 1525 Σεϐηριανὸν
1521 1492 1569 1518 καὶ
1583 1492 1759 1526 Κρήσκεντα,
1777 1491 1845 1523 τοὺς

1051 1539 1080 1566 ὲν
1100 1539 1218 1573 Ἀφρικῇ
1249 1538 1280 1564 τδ
1300 1538 1426 1572 ἱερᾶσθαι
1440 1537 1581 1573 λαχόντας.
1606 1537 1719 1572 Ἐπίσης
1740 1537 1770 1563 δὲ
1796 1538 1847 1564 αὐ-

1050 1586 1106 1616 τοῖς
1123 1585 1258 1620 ἔπραττον
1283 1584 1438 1620 Οὖρσάκιός
1464 1593 1493 1610 τε
1521 1585 1569 1611 καὶ
1585 1583 1694 1618 Οὐάλης
1717 1584 1732 1609 ὁ
1748 1585 1847 1619 Μουρ-

1051 1631 1116 1662 σῶν,
1143 1631 1192 1657 καὶ
1213 1630 1363 1665 Γερμήνιος
1386 1630 1400 1656 ὁ
1426 1630 1559 1665 Σιρμίου,
1584 1630 1630 1656 καὶ.
1657 1630 1716 1656 ὅσοι
1736 1630 1766 1663 ἐξ
1784 1631 1847 1657 Ἕω

1050 1677 1246 1712 ἐπιδημοῦντες
1262 1674 1344 1711 ἦσαν.
1361 1676 1489 1711 Λιὸἐριος
1511 1676 1539 1703 δὲ
1554 1677 1602 1703 καὶ
1616 1676 1700 1710 ἄλλην
1721 1677 1846 1712 μερικὴν

1050 1724 1137 1751 ἐποίει
1161 1723 1318 1758 ὁμολογίαν·
1335 1723 1352 1758 ἢ
1368 1723 1400 1758 δὴ
1421 1723 1624 1757 ἀπεκήρυττεν,
1641 1722 1699 1748 ὅσοι
1719 1722 1759 1757 μὴ
1775 1723 1843 1749 κατ’

1049 1768 1143 1795 οὐσίαν
1156 1768 1204 1794 καὶ
1219 1767 1291 1793 κατὰ
1316 1768 1405 1793 πάντα
1418 1766 1512 1800 ὅμοιον
1533 1766 1572 1801 τῷ
1598 1765 1686 1800 Πατρὶ
1702 1767 1758 1792 τὸν.
1770 1766 1842 1793 Υεὸν

1050 1812 1120 1841 εἶναι
1135 1815 1237 1848 ἔλεγον.
1254 1813 1340 1840 Τοῦτο
1353 1813 1376 1839 δ’
1390 1812 1476 1839 ἐποίει
1488 1832 1495 1844 ,
1511 1811 1574 1839 ἐπεὶ
1589 1811 1716 1844 Εὐδόξιός
1743 1821 1774 1838 τε
1792 1813 1846 1839 καὶ

1048 1862 1074 1889 οἱ
1088 1863 1137 1888 σὺν
1151 1860 1225 1895 αὐτῷ
1239 1859 1291 1894 πρὸ
1308 1859 1423 1894 βραχέος
1438 1859 1466 1885 ὲν
1487 1857 1640 1893 Ἀντιοχείᾳ
1660 1857 1845 1890 συνελθόντες

215 1898 409 1925 communione
437 1898 558 1932 arcebat,
591 1900 639 1934 qui
667 1900 766 1928 Filium
780 1901 851 1929 Patri
878 1910 931 1929 non
957 1910 998 1930 sc-

1079 1905 1122 1940 τὲρ
1149 1905 1200 1939 τῆς
1221 1905 1326 1931 ’Δετίου
1340 1904 1484 1939 αἱρέσεως,
1501 1903 1584 1938 ἡνίκα
1606 1904 1656 1936 τὴν
1670 1902 1718 1929 τοῦ
1742 1903 1844 1930 Ὅσιοι)

214 1943 335 1971 cundum
361 1945 544 1972 substantiam
569 1951 597 1973 et
621 1953 670 1980 per
696 1948 786 1974 omnia
815 1948 933 1975 similem
955 1949 997 1976 di-

213 1995 317 2017 cerent.
345 1990 374 2017 ld
402 1996 548 2025 propterea
573 1991 654 2024 fecit,
686 1992 759 2026 quod
782 1992 935 2024 Eudoxius.
970 1998 998 2020 et

214 2035 260 2070 qui
279 2035 408 2063 factionis
420 2037 481 2070 ejus
492 2036 580 2069 fuere,
597 2044 652 2064 non
668 2038 704 2064 ita
721 2038 827 2072 pridem
843 2039 997 2067 Antiochia’.

213 2085 329 2116 propter
345 2081 418 2108 Aetii
434 2081 560 2108 haeresim
580 2083 750 2117 congregati,
767 2091 829 2110 cum
844 2083 920 2112 Hosii
938 2086 997 2120 epi-

214 2127 315 2154 stolam
328 2128 354 2153 in
372 2128 501 2155 manibus
517 2127 665 2161 haberent,
683 2130 834 2164 plurimum
848 2131 997 2158 verborum

215 2174 349 2205 fecerant,
371 2173 474 2208 quibus
493 2174 634 2202 Liberium
653 2183 703 2209 per
719 2175 885 2203 calumniam
902 2176 998 2203 tradu-

215 2223 330 2246 xerant:
348 2219 462 2254 perinde
480 2225 563 2255 atque
581 2220 611 2247 τὸ
625 2221 768 2256 ὁμοούσιον
782 2241 789 2253 ,
808 2222 995 2249 consubstan-

217 2266 292 2298 tiale,
311 2265 496 2300 repudiasset,
521 2270 549 2294 et
560 2267 634 2294 Patri
655 2266 754 2295 Filium
776 2267 891 2295 omnino
917 2268 998 2295 dissi-

215 2312 309 2338 milem
325 2312 452 2339 dixisset.
469 2312 661 2340 Occidentales
673 2314 755 2348 legati
774 2313 858 2340 rebus
870 2313 907 2340 ita
927 2313 997 2341 bene

214 2358 311 2392 gestis,
334 2363 475 2393 assumpto
492 2367 585 2387 secum
600 2360 723 2391 Liberio,
739 2360 855 2386 Romam
871 2363 996 2386 reverte-

216 2409 294 2436 runt,
313 2404 421 2431 litteras
440 2405 473 2432 ab
497 2406 635 2440 episcopis
661 2405 754 2432 Sirmii
771 2405 943 2439 congregatis
962 2405 995 2432 ad

216 2450 335 2477 Felicem
358 2450 486 2478 Romana:
510 2456 565 2478 tum
581 2451 711 2478 Ecclesiae
726 2450 897 2485 praefectum,
917 2451 998 2486 770

1049 1951 1196 1986 ἐπιστολὴν
1222 1950 1302 1985 ἔσχον
1326 1950 1366 1980 είς
1392 1951 1498 1984 χεῖρας,
1514 1949 1595 1983 λόγον
1619 1949 1669 1975 οὐκ
1690 1949 1845 1984 ἐλάχιστον

1050 1996 1199 2029 ἐποιοῦντο,
1217 1995 1427 2026 διαϐάλλοντες,
1452 1995 1489 2026 ὡς
1516 1995 1558 2029 εἴη
1581 1994 1628 2021 καὶ
1655 1994 1788 2030 Λιῧέριος
1809 1996 1842 2021 τὸ

1048 2042 1192 2078 ὁμοούσιον
1216 2041 1440 2075 ἀποδοκιμάσας,
1458 2042 1505 2068 καὶ
1532 2040 1572 2076 τῷ
1598 2041 1687 2075 Πατρὶ
1707 2041 1755 2068 τὸν
1774 2040 1844 2068 Υιδν

1048 2090 1174 2124 ἀνόμοιον
1191 2088 1228 2119 ὡς
1248 2087 1350 2114 ἐπίπαν
1374 2087 1502 2120 δοξάζων.
1523 2088 1579 2113 Καὶ
1597 2088 1622 2113 οι
1643 2086 1695 2121 μὲν
1716 2087 1749 2113 ἐκ
1769 2087 1843 2114 Ῥώ-

1050 2144 1104 2170 μης
1119 2135 1248 2170 πρέσϐεις
1267 2133 1379 2160 τοιαῦτα
1401 2134 1628 2168 κατωρθωκότες,
1643 2134 1689 2159 τὸν
1706 2134 1843 2169 Λιὸέριον

1050 2183 1110 2215 μεθ’
1144 2181 1248 2208 ἑαυτῶν
1281 2180 1434 2212 λαϐόντες,
1463 2179 1617 2214 ἐπανῆλθον
1641 2180 1682 2211 εις
1712 2180 1842 2215 Ῥώμην,

1050 2229 1202 2264 γράμματα
1223 2227 1277 2254 τῶν
1300 2227 1328 2254 ὲν
1344 2227 1452 2263 Σιρμίῳ
1468 2226 1635 2261 ἐπαγόμενοι
1648 2226 1776 2261 ἀσμένως
1791 2228 1842 2254 τὸν

1048 2276 1148 2302 οἰκεῖον
1162 2274 1279 2309 ποιμένα
1299 2273 1517 2308 προσδέξασθαι.
1541 2273 1559 2299 ἃ
1583 2272 1651 2306 πρός
1675 2280 1706 2298 τε
1728 2273 1842 2307 Φήλικα

1047 2321 1093 2348 τὸν
1107 2320 1235 2355 τηνικάδε
1252 2320 1406 2354 ἡγούμενον
1421 2319 1471 2353 τῆς
1485 2318 1631 2354 Ῥωμαίων
1651 2317 1840 2353 Ἐκκλησίας,

1049 2367 1097 2393 καὶ
1112 2366 1180 2399 πρὸς
1202 2365 1248 2391 τὸν
1274 2365 1366 2391 ἐκεῖσε
1387 2364 1487 2399 κλῆρόν
1507 2372 1536 2389 τε
1554 2363 1601 2390 καὶ
1618 2363 1682 2389 λαὸν
1697 2363 1841 2389 ἑπεστέλ-

1048 2414 1136 2439 λοντο.
1155 2411 1337 2446 Παρεχώρουν
1356 2418 1385 2436 τε
1401 2411 1448 2436 καὶ
1467 2409 1552 2443 ἄμφω
1565 2408 1670 2443 Φήλικα
1687 2409 1736 2434 καὶ
1752 2408 1841 2434 Λιϐἐ-

1052 2466 1120 2493 ρων,
1135 2458 1211 2492 κοινῇ
1222 2465 1252 2483 τε
1268 2456 1404 2490 ἱερᾶσθαι,
1421 2455 1527 2482 καὶτὸν
1538 2453 1721 2481 ἀποστολικδν
1736 2455 1841 2489 θρόνον

217 2501 244 2523 et
257 2496 290 2523 ad
309 2496 410 2523 clerum
438 2498 623 2532 populumque
639 2496 769 2523 Ecclesize
786 2497 910 2532 ejusdem
928 2498 997 2525 atl‘e—

1079 2501 1254 2537 ;ιτροπεύειν.
1277 2502 1440 2536 ὁμοφρονεῖν
1464 2509 1494 2526 τε
1523 2500 1569 2527 καὶ
1587 2499 1743 2534 ἀμνηστίαν
1759 2500 1840 2535 ἔχειν

217 2547 311 2569 rentes
328 2552 335 2570 :
354 2544 467 2578 quibus,
481 2548 511 2570 ut
526 2548 663 2577 pastorem
679 2549 760 2570 suum
777 2543 896 2571 libenter
910 2545 997 2572 susci-

1079 2549 1103 2575 iv
1132 2548 1341 2582 ὲπισυμὸάντων
1370 2547 1409 2582 τῷ
1444 2548 1519 2582 μέσῳ
1544 2547 1675 2582 ἀνιαρῶν.
1711 2546 1840 2579 Ἀγαθὸν

219 2592 326 2622 perent,
345 2576 575 2615 admonebantur.
600 2587 742 2615 Ambobus
767 2596 848 2623 porro
863 2594 892 2617 et
911 2590 996 2618 Felici

1079 2603 1103 2630 ιρ
1118 2595 1146 2620 ὲν
1163 2576 1222 2624 τοῖξ
1243 2593 1361 2627 μάλιστα
1385 2576 1450 2619 liveat
1472 2576 1621 2627 Atbéptov',
1638 2592 1686 2618 καὶ
1707 2576 1839 2627 ατέρῤὦς

219 2639 246 2661 et
257 2633 370 2661 Liberio
389 2633 554 2668 permissum
570 2638 613 2660 est
627 2634 811 2661 communiter
831 2642 909 2662 sacra
920 2642 998 2662 cura-

1079 2640 1086 2666 }
1113 2639 1218 2674 βασιλεῖ
1247 2639 1485 2666 ἀντικαταστάντα
1511 2638 1585 2673 ὑπὲρ
1607 2638 1660 2664 τῶν
1676 2637 1768 2672 ὀρθῶν
1786 2639 1841 2672 τῆς

218 2685 257 2711 re,
275 2683 348 2706 etut
368 2677 451 2705 ambo
473 2677 575 2712 pariter
597 2678 691 2706 sedem
717 2680 896 2714 apostolicam
912 2680 998 2707 admi-

1079 2685 1217 2719 ἰκκλησίας
1230 2684 1385 2719 δογμάτων,
1401 2683 1446 2710 διὰ
1462 2684 1564 2718 πολλῆς
1581 2681 1632 2718 ἦγε
1649 2682 1770 2716 στοργῆς
1786 2682 1840 2708 καὶ

218 2725 380 2756 nistrareut,
404 2725 588 2752 communiter
607 2732 743 2753 consensu
763 2733 842 2754 sacra
855 2732 998 2759 curarent,

1081 2729 1249 2764 λοφροσύνης
1267 2729 1281 2755 ὁ
1302 2729 1353 2763 τῆς
1380 2728 1487 2763 Ῥώμης
1504 2727 1578 2759 λαὸς,
1606 2727 1644 2758 ὡς
1665 2728 1698 2760 τῇ
1730 2725 1838 2761 ἐκῆολῇ

219 2776 302 2803 atque
330 2774 388 2797 tum
413 2776 506 2797 casum
534 2771 665 2798 acerbum
695 2772 742 2806 qui
769 2772 796 2799 in
822 2772 998 2800 ordinatione

1079 2771 1134 2800 ιτοῦ
1159 2773 1207 2800 καὶ
1235 2773 1316 2808 μέχρι
1335 2773 1424 2808 φόνων
1443 2773 1493 2807 τὴν
1528 2773 1598 2807 ὑπὲρ
1625 2771 1708 2798 αὐτοῦ
1733 2771 1839 2814 στᾴσιν

220 2816 320 2845 Felicis
339 2817 495 2850 accidisset,
517 2821 574 2844 tum
592 2818 717 2846 exsilium
744 2819 846 2848 Libcrii
859 2820 998 2848 oblivione

1079 2820 1182 2854 ιρῆσαι.
1206 2819 1286 2846 Ἀλλὰ
1313 2819 1382 2855 μετὰ.
1406 2819 1492 2855 βραχὺ
1517 2819 1598 2853 Φῆλιξ
1625 2818 1674 2853 μὲν
1699 2816 1814 2845 ἀπεσίω
1830 2824 1839 2833 ⁸
