1901 3047
81 112 135 143 373
435 115 442 122 “
572 117 869 150 ΕσςιιῑδΙΑεΤιείΕ
890 122 1082 153 HISTORIA!
1101 126 1172 159 LIB,
1196 126 1245 158 IX.
1619 112 1630 117 ῃ
1653 133 1712 163 374⁸

85 172 166 206 μόνος
191 172 221 199 δδ
240 172 371 208 Λιδέριος
397 175 431 201 τὰ
446 175 494 209 τῆς
512 175 663 211 ἱερωσύνης
680 177 767 204 διεῖπε
782 180 872 213 κρεῖτ-

926 180 1061 209 delerent.
1082 183 1160 216 Quod
1182 193 1301 220 namque
1321 186 1348 214 in
1366 187 1428 214 aliis
1452 188 1534 215 rebus
1557 189 1704 216 admodum

81 218 128 244 τόν
142 226 170 245 τι
186 219 417 254 προϐλεψαμένου
441 220 519 254 Θεοῦ,
535 223 583 248 καὶ
598 222 635 253 ὡς
651 222 737 258 χρεὼν
760 225 794 250 τὰ
822 225 871 259 τῆς

927 228 1016 256 bonus
1028 232 1070 257 vir
1088 237 1163 260 esset
1185 233 1323 267 Liberius,
1340 235 1470 270 quodque
1493 243 1542 270 pro
1565 243 1638 263 recta
1656 237 1708 264 Ee-

89 264 261 298 Ἑχκλησὶας
276 266 520 301 προμηθουμένου,
539 267 582 294 ἶνα
599 268 637 303 μὴ
657 269 670 295 6
695 269 804 304 πρῶτος
820 271 872 297 τιὶν

926 273 1016 302 elesia:
1041 276 1167 304 doctrina
1192 278 1351 312 imperatori
1371 284 1531 307 constanter
1548 281 1705 311 restitisset.

84 310 249 337 ἀποστόλων
265 311 361 343 θρόνος
376 313 408 338 τὸ
435 312 529 345 ἄδοξόν
553 321 582 339 τε
604 315 652 340 καὶ
676 315 800 349 ἀπρεπές
815 317 872 342 ὲ-ιτι⁴

927 319 1012 346 multa
1028 320 1130 354 pietate
1148 327 1176 349 et
1197 310 1367 359 benignitate
1384 326 1502 360 populus
1520 325 1659 352 Romanus
1679 310 1707 353 in

86 356 208 390 σῦροιτο,
234 356 313 383 δυσὶν
340 358 474 392 ἡγεμόσιν
501 358 709 393 οἰακιζόμενος·
736 360 751 386 ὃ
781 361 872 396 νόμοις

926 371 987 391 eum
1015 365 1078 398 fuit,
1107 375 1196 403 usque
1211 370 1279 396 adeo
1298 376 1384 402 certe,
1403 376 1434 397 ut
1453 371 1480 398 in
1496 371 1555 406 cjus
1570 372 1708 406 ejcctionc

91 401 261 435 Ἐκκλησιας
287 404 377 438 πάντη
396 403 547 439 ἀλλότριον,
563 405 612 431 καὶ
637 405 773 440 διχονοίας
787 407 824 439 ὡς
841 409 872 435 τὰ

927 418 978 446 per
1001 412 1166 440 seditionem
1190 415 1251 450 ejus
1275 424 1357 443 causa
1375 422 1474 444 motam
1494 425 1538 445 res
1556 418 1589 444 ad
1606 418 1708 445 caedem

86 447 173 474 mm
194 449 360 476 καθίσταται
379 451 520 484 πρόξενον.

927 458 1106 490 processerit.
1125 459 1178 487 Sed
1192 447 1274 494 paulo
1290 466 1352 496 post
1365 463 1439 490 Felix
1457 467 1584 490 mortuus
1605 468 1658 495 est,
1681 469 1709 490 et

85 496 161 523 solus
190 496 322 525 Liberius
343 499 535 534 episcopatum
560 501 773 530 administravit.
791 502 868 535 Quod
889 503 931 531 sic
966 505 1038 532 Deus
1073 511 1150 534 recte
1174 509 1304 541 providit.
1322 509 1459 542 Ecclesiae,
1482 510 1518 537 ita
1536 515 1565 537 ut
1582 511 1708 540 decebat.

87 543 169 570 rebus
185 545 340 572 consulens
354 565 362 578 ,
377 553 411 573 ne
436 547 566 580 primaria
583 548 772 583 apostolorum
793 548 874 576 sedes
894 550 995 577 {cedam
1029 552 1102 579 illam
1134 558 1162 580 et
1179 554 1381 582 incommodam
1398 563 1412 582 a
1428 556 1537 583 duobus
1555 557 1708 591 gubernant

86 589 206 616 ducibus
229 591 409 619 contraheret
423 597 516 620 notam
534 602 542 621 :
559 602 620 629 qua:
636 603 680 623 res
695 595 729 623 ab
747 595 877 623 Ecclesiae
897 597 1142 628 constitutionibus
1167 608 1301 636 perquam
1335 607 1379 629 est
1401 602 1502 636 aliena,
1525 589 1708 631 discordiam-

85 645 140 671 que
159 642 190 664 ut
203 638 356 673 plurimum
372 641 523 669 conciliare
539 642 620 670 solet.

370 701 392 727 K
398 700 485 728 ΕΦΑΛ
491 720 498 727 .
527 701 593 728 ΛΗ’.

93 744 141 774 Ὠς
155 744 215 777 τὴν
227 747 441 780 μελετωμένην
465 746 499 772 ἐν
526 747 707 780 Νικομηδείᾳ
721 747 770 774 διὰ
784 747 876 774 Εὐδό-

1180 705 1294 732 CAPUT
1313 705 1462 733 XXXVIII.

932 748 973 787 Ut
990 749 1141 787 institutam
1162 750 1332 787 ‘Nimmedia:
1365 757 1472 787 propter
1500 752 1649 780 Eudowinm
1683 758 1708 779 et

121 779 190 808 ξιον
197 780 263 821 ﬁxa).
277 780 397 821 ,Ἀέτιονς
411 779 544 821 {erodere
567 779 693 821 σεισμὸς
702 782 872 821 earn-erepte-

957 784 1062 810 Aetium
1084 785 1211 821 synodum
1227 791 1312 812 motus
1327 779 1404 813 terra:
1415 779 1519 813 'coortua
1539 787 1642 814 solverit
1658 797 1666 814 :
1682 793 1705 814 et

122 822 174 851 ξος
191 814 332 851 ductem}
350 816 398 843 καὶ
417 816 482 842 δεῖν
492 816 588 843 ἐδόκει
602 814 639 842 ἐν
648 816 745 849 tauri)
757 814 801 850 εἰς
816 814 873 851 τὴν·

120 849 158 875 ἔω
171 850 223 876 καὶ
242 849 380 883 ἑσπέραν
393 850 577 885 διαιρεθῆναι
591 851 649 886 τὴν
662 849 807 879 σύνοδον.

119 907 214 932 Ταῦτα
233 907 284 941 μὲν
305 909 333 934 ἐν
349 908 457 944 Σιρμίῳ
481 909 601 942 ἐγένετο,
626 909 676 935 καὶ
697 909 785 941 ἔδοξεν
811 909 828 943 ἧ
844 917 874 935 τε

87 952 138 983 ἕως
153 953 202 979 καὶ
218 953 328 987 ἑσπέρα
345 955 509 988 ὁμοφρονεῖν
523 962 531 970 ·
550 955 580 982 τδ
603 955 625 981 δ’
641 955 729 986 ἄλλως
739 953 823 990 εἶχεν.
844 955 874 982 ⁸0

87 998 140 1032 γὰρ
155 999 188 1024 ἐκ
209 999 346 1033 βασιλέως
364 1000 446 1034 φόϐος
460 1000 535 1026 ταῦτ’
551 1001 681 1036 ἔπραττε.
698 1001 767 1035 Περὶ
781 1001 875 1035 μέντοι

88 1046 136 1078 τῆς
156 1046 267 1072 ’Λετὶου
291 1047 337 1072 καὶ
354 1047 482 1079 Εὺδοξίου
496 1049 710 1082 νεωτεροποιίας
728 1048 757 1074 ὲν
776 1048 875 1074 Ἀντισ-

87 1093 148 1126 lat;
161 1092 252 1119 ἐδόκει
268 1093 308 1127 τῷ
324 1093 432 1128 βασιλεῖ
446 1094 556 1121 σύνοδον
571 1095 641 1121 κατὰ
659 1094 778 1121 Νίκαιαν
794 1095 875 1122 πάλιν

88 1138 240 1174 ἀθροίζειν.
265 1140 327 1166 Τῶν
355 1140 382 1166 δὲ
408 1142 475 1176 περὶ
495 1141 541 1166 τὸν
572 1140 709 1175 ’Δγκύρις
736 1141 874 1168 Βασίλειον

87 1183 282 1217 ἀπολεγόντων
307 1183 351 1209 διὰ
379 1184 408 1210 τὸ
424 1184 540 1217 πρώτως
565 1186 655 1211 ἐκεῖσε
681 1185 808 1219 γενέσθαι
824 1186 874 1220 τὴν

86 1231 134 1263 τῆς
151 1230 273 1260 πίστεως
300 1229 424 1264 ἔρευναν,
442 1231 470 1256 ὲν
489 1230 663 1266 Νικομηδείᾳ
692 1231 792 1266 μᾶλλον
819 1232 874 1259 δεῖν

88 1275 214 1307 ἐκρίνετο
242 1275 381 1309 γενέσθαι.
403 1276 456 1302 Καὶ
483 1276 515 1310 δὴ
542 1277 594 1303 ἀνὰ
623 1276 653 1302 τὸ
681 1278 734 1303 πᾶν
749 1277 825 1308 ἔθνος
850 1278 874 1303 οἱ

88 1320 236 1347 ἐπίσκοποι
265 1321 314 1348 καὶ
340 1323 411 1348 νοεῖν
434 1322 481 1348 καὶ
506 1321 596 1356 λέγειν
617 1322 695 1354 ὀντες
717 1323 801 1349 δεινοὶ
817 1323 876 1349 ὲ.κεῖ

89 1368 276 1401 συνελέγοντο.
300 1367 345 1394 Ἑν
365 1367 452 1403 τούτῳ
475 1369 504 1394 δὲ
531 1369 645 1402 σεισμὸς
668 1368 757 1403 μέγας
774 1369 874 1404 ἐνσκή-

88 1416 139 1448 ψις
156 1414 209 1449 τήν
234 1423 264 1441 τε
293 1414 372 1441 πόλιν
391 1415 438 1441 καὶ
453 1415 499 1441 τὸν
522 1415 621 1441 νεωστὶ
639 1415 787 1450 ἐγερθέντα
800 1413 874 1441 οἷκον

962 823 990 844 ut
1008 823 1062 844 tum
1075 819 1202 853 synodum
1219 820 1246 846 in
1264 820 1398 848 Orientem
1408 827 1433 848 et
1448 822 1611 849 Occidentem
1624 823 1708 849 scindi

961 857 1041 887 atque
1061 853 1142 881 dividi
1158 854 1296 888 placuerit.

962 908 1025 936 llaec
1043 909 1069 936 in
1087 909 1189 937 Sirmio
1204 915 1276 938 acta.
1291 910 1325 937 Et
1342 911 1457 945 pulchre
1481 912 1629 939 convenire
1649 916 1706 938 tum

926 953 1112 982 Orientalibus
1137 963 1198 983 cum
1220 955 1446 984 Occidentalibus
1467 962 1509 985 est
1533 958 1633 984 visum.
1653 957 1709 984 Res

925 1007 991 1027 vero
1007 1001 1087 1028 aliter
1100 1009 1129 1029 se
1145 1002 1275 1030 habebat.
1293 1002 1472 1037 Imperatoris
1486 1003 1559 1030 enim
1574 1008 1663 1030 metus
1679 1004 1706 1030 id

927 1044 1070 1074 faciebat:
1091 1047 1136 1074 cui
1162 1052 1276 1082 propter
1300 1048 1370 1075 Aetii
1395 1053 1422 1076 et
1447 1048 1564 1076 Eudoxii
1587 1049 1613 1075 in
1639 1049 1708 1076 urbe

926 1093 1100 1121 Antiochena
1126 1094 1259 1121 excitatas
1280 1102 1324 1121 res
1358 1102 1443 1122 novas
1473 1103 1582 1122 rursum
1610 1095 1709 1122 Nicatc

926 1140 1061 1175 synodum
1077 1148 1176 1175 cogere
1193 1141 1306 1176 placuit.
1322 1142 1390 1168 Cum
1407 1145 1498 1169 autem
1518 1141 1636 1168 Basilius
1655 1142 1707 1168 An-

926 1193 1044 1219 cyranus
1067 1190 1164 1213 contra
1191 1189 1339 1219 nileretur,
1365 1186 1436 1221 quod
1460 1187 1578 1221 primum
1608 1187 1644 1213 ibi
1674 1186 1708 1213 de

927 1231 979 1258 (ide
1004 1231 1183 1266 disquisitum
1211 1237 1296 1263 esset,
1327 1231 1414 1266 magis
1437 1233 1598 1263 convenire,
1626 1236 1655 1259 ut
1681 1232 1707 1258 id

926 1277 1094 1304 Nicomediae
1111 1277 1199 1308 ﬁeret,
1216 1282 1259 1305 est
1271 1277 1372 1304 visum.
1389 1278 1466 1305 Etex
1484 1278 1708 1313 nationibusjam

926 1323 1065 1355 omnibus,
1081 1324 1128 1357 qui
1151 1324 1194 1351 vel
1214 1333 1228 1350 a
1246 1324 1404 1358 prudentia,
1420 1324 1462 1350 vel
1488 1324 1522 1351 ab
1548 1323 1708 1357 eloquentia

926 1369 1030 1404 aliquid
1046 1373 1181 1402 Valercnt,
1204 1370 1325 1404 episcopi
1349 1377 1382 1397 eo
1405 1370 1617 1397 contendebant.
1638 1369 1707 1397 Cum

928 1419 1100 1442 terraemotus
1121 1416 1217 1450 ingens
1234 1421 1348 1443 exortus
1367 1416 1475 1448 urbem,
1491 1423 1519 1443 et
1538 1416 1618 1443 simul
1637 1420 1707 1443 tem—

91 1445 121 1486 ἐκ
137 1445 249 1495 βάάρων
277 1460 421 1487 κατέσεισε
450 1461 498 1487 καὶ
523 1445 746 1495 κατήρειψε-’καὶ
760 1461 872 1492 πολλοὺς

928 1461 1002 1495 plum
1016 1468 1105 1495 nuper
1118 1445 1266 1488 adiendum
1280 1465 1482 1494 constructum,
1497 1469 1530 1488 ex
1543 1461 1708 1488 fundamen—

88 1508 140 1542 ὅπη
158 1507 256 1542 ἔτυχεν
272 1507 430 1541 ’ἑκαστον-μῆ
447 1507 550 1534 ἔσωσεν
568 1508 584 1542 ἢ
603 1507 751 1540 διέφθειρε·
770 1508 875 1542 Κεκρο-

90 1553 151 1578 πίου
170 1552 220 1578 τοῦ
243 1552 431 1587 Νικομηδείας
456 1553 504 1578 καὶ
519 1552 601 1580 ἄλλου
622 1552 654 1587 δή
677 1559 748 1583 τινος
763 1552 875 1578 ἐπισκό-

89 1608 140 1625 που
167 1600 304 1635 exaptat;
327 1601 397 1634 ῥοπῇ
421 1600 601 1633 διαφυγόντος
617 1600 664 1626 τὸν
688 1599 822 1626 κίνδυνον.
842 1600 874 1626 Ὂ

90 1647 248 1681 ἁπανταχοῦ
272 1648 305 1681 τῇ
336 1647 413 1682 φήμῃ
440 1646 534 1679 δοθὲν,
561 1646 610 1680 τὴν
636 1647 692 1672 τῶν
717 1647 874 1673 ἐπισκόπων

91 1693 182 1727 ἄφιξιν
209 1694 368 1727 ἀνεχαίτισε
381 1701 388 1708 ⁸
407 1693 454 1719 καὶ
479 1693 533 1728 γὰρ
547 1693 594 1719 καὶ
618 1693 747 1722 Νικαιαν,
761 1693 809 1719 καὶ
824 1692 874 1727 τὴν

91 1737 310 1768 Κωνσταντῖνου,
329 1737 377 1763 καὶ
394 1737 547 1772 Πείρινθον,
566 1737 613 1763 καὶ
634 1736 717 1767 ἄλλας
739 1736 874 1772 Θρᾳκῴας

92 1785 182 1815 πόλεις
199 1783 385 1818 διαφθαρῆναι
405 1784 421 1818 ἡ
440 1783 520 1818 φήμη
532 1782 727 1818 κατήγγελλεν,
747 1782 874 1816 Ἐλέγετο

90 1832 126 1863 δὲ.
150 1831 299 1868 Ἀρσάκιόν
316 1839 378 1857 τινα
396 1829 566 1864 ὀμολογητὴν
581 1829 627 1855 ἐπὶ
649 1829 774 1855 Λικινίου
794 1828 873 1862 γενόε

91 1887 180 1912 μενον,
202 1878 232 1908 ὃς
253 1877 309 1903 ἀπ’)
324 1876 481 1910 θηροκόμου
497 1874 668 1909 στρατιώτης
679 1873 729 1906 ὢν,
745 1874 873 1909 τηνικάδε

89 1925 116 1949 ἐν
142 1925 176 1958 τῇ
206 1923 281 1958 ἄκρᾳ
305 1921 491 1957 Νικομηδείας
513 1919 680 1954 ἐφιλοσόφει,
704 1920 765 1954 ὄψιν
797 1919 873 1946 θείαν

89 1969 174 2004 τούτῳ
194 1969 367 2002 ἀπαγγεῖλαι
390 1967 426 1994 τὰ
439 1966 622 2001 γενησόμενον
641 1965 687 1992 τδν
700 1966 729 1992 δὲ
744 1966 873 1993 κατιόντα

88 2017 131 2042 καὶ
157 2017 216 2046 τοῖς
247 2016 276 2041 ὲν
306 2014 418 2048 κλήροις
445 2013 493 2039 καὶ
524 2012 600 2043 λαοῖς
635 2012 811 2042 κατειπόντα,
833 2012 871 2046 μὴ

90 2063 191 2088 πεῖσαι.
208 2059 320 2087 Γελοῖον
344 2059 372 2085 δέ
399 2067 460 2085 τινα
475 2058 562 2090 δόξαι,
587 2058 778 2093 ἀπροσδόκητα
799 2059 872 2085 κακὰ

927 1506 961 1533 tis
980 1506 1047 1541 ipsis
1061 1507 1201 1534 concussit
1217 1510 1300 1541 atque
1312 1506 1423 1542 dejecit,
1441 1506 1598 1541 multosque
1613 1513 1662 1540 pro
1672 1513 1706 1532 eu

926 1558 1008 1588 atque
1024 1552 1077 1580 hoc
1091 1553 1134 1580 vel
1155 1553 1201 1580 illo
1218 1561 1357 1588 quemque
1375 1553 1437 1580 loco
1452 1551 1645 1587 deprehendit.
1664 1551 1710 1577 vel

925 1599 1057 1631 servavit,
1077 1598 1119 1626 vel
1143 1598 1295 1626 interemit.
1320 1598 1471 1633 Cecropius
1496 1598 1608 1633 quidem
1626 1597 1707 1624 Nico-

926 1644 1085 1675 mediensis,
1111 1649 1139 1671 et
1161 1644 1232 1672 alius
1253 1643 1366 1679 quidam
1385 1644 1533 1678 episcopus
1559 1643 1596 1677 (l)
1621 1650 1706 1677 parvo

926 1694 1064 1717 momento
1076 1689 1228 1725 periculum
1241 1698 1368 1718 evasere.
1378 1691 1444 1724 Qme
1457 1697 1500 1717 res
1515 1690 1584 1717 fama
1601 1689 1706 1724 ubique

926 1735 1032 1770 vulgata
1043 1736 1235 1770 episcoporum
1252 1736 1401 1763 adventum
1414 1735 1565 1770 prohibuit.
1582 1735 1705 1769 Namque

926 1782 970 1808 illa
989 1781 1107 1809 Nicaeam
1126 1790 1246 1816 quoque,
1273 1786 1302 1809 et
1325 1781 1591 1816 Constantinopolim
1624 1780 1702 1815 771

923 1832 951 1854 et
968 1828 1139 1859 Perinthum,
1156 1829 1279 1863 aliasque
1297 1827 1420 1854 Thracia:
1437 1827 1563 1854 civitates
1579 1827 1625 1854 tali
1639 1834 1705 1853 casu

923 1881 1035 1901 eversas
1057 1881 1118 1901 esse
1134 1874 1365 1908 promulgaverat.
1384 1872 1491 1899 Dictum
1511 1876 1569 1898 tum
1586 1875 1639 1903 est,
1655 1872 1693 1897 Ar

924 1919 999 1947 sacio
1016 1919 1137 1950 cuidam,
1161 1919 1209 1953 qui
1228 1920 1279 1945 sub
1296 1918 1403 1946 Licinio
1417 1917 1620 1944 confessionem
1642 1916 1705 1944 lidei

923 1966 1040 1998 obierat,
1070 1965 1205 1998 milesque
1230 1968 1311 1991 antea
1340 1967 1369 1990 et
1394 1963 1504 1989 leonum
1527 1961 1705 1997 ferarumque

923 2012 1038 2039 aliarum
1063 2011 1183 2038 domitor
1206 2015 1234 2038 et
1259 2014 1352 2036 custos
1374 2009 1400 2035 iu
1417 2007 1553 2042 imperiali
1570 2007 1704 2034 comitatu

922 2059 1032 2092 fuerat,
1063 2063 1121 2086 tum
1148 2062 1240 2085 autem
1266 2055 1433 2084 Nicomedia:
1460 2055 1486 2082 in
1518 2062 1581 2082 arce
1607 2055 1703 2089 pietati

89 2107 292 2142 προμηνύοντα,
318 2105 440 2131 ’Δνιὸντα
461 2105 484 2130 δ’
498 2103 588 2134 αὖθις,
615 2104 707 2138 πρηνῆ
723 2104 794 2130 κατὰ
818 2103 871 2137 γῆς

926 2105 1038 2133 studens
1055 2103 1315 2143 philosophabatur,
1332 2102 1436 2129 cladem
1457 2109 1518 2129 eam
1543 2100 1636 2128 divina
1661 2101 1704 2127 vi-

88 2154 195 2179 κεῖσοαι
223 2151 351 2186 δεόμενον
379 2149 425 2176 τοῦ
449 2149 530 2176 Θεοῦ.
560 2149 644 2174 Ἔνθα
680 2149 750 2175 κατά
778 2149 871 2183 σχῆμα

87 2202 167 2235 εὐχῆς
195 2200 268 2234 μετά
294 2198 346 2230 τὴν
361 2197 495 2231 ἐπιφορὰν
515 2195 562 2222 τοῦ
593 2194 689 2227 κακοῦ,
709 2195 737 2220 ἐν
753 2195 872 2230 ἀσείστῳ

88 2247 183 2280 πύργῳ
200 2243 299 2278 νεκρὸς
328 2244 343 2269 ὁ
374 2243 480 2277 μάρτυς
498 2241 610 2276 εὐρέοη,
629 2240 737 2266 πολλῶν
752 2240 870 2283 ἀναδρα-

88 2293 193 2326 μόντων
217 2291 309 2316 ἐκεῖσε
333 2289 372 2323 τῷ
396 2289 443 2315 τὸν
463 2288 576 2322 σεισμὸν
588 2287 776 2322 κατασκῆψαι.
797 2287 869 2313 Ἐλέ-

87 2346 147 2370 γετο
170 2337 200 2363 δὲ
220 2336 289 2362 Θεὸν
309 2335 456 2367 δυσωπεῖν,
474 2334 566 2360 Θανεῖν
582 2333 708 2368 ἑλόμενος
727 2333 838 2366 μᾶλλον,
853 2332 870 2367 ἢ

88 2384 230 2418 συμφορὰν
253 2381 358 2416 ταύτην
388 2379 610 2406 καταθεάσασθαι
635 2378 740 2410 πόλεως
750 2379 779 2405 ἐν
825 2379 872 2405 τὸν

86 2429 204 2464 Χριστὸν
219 2427 304 2461 ἔγνω,
320 2426 368 2453 καὶ
383 2426 433 2459 τῆς
459 2425 691 2458 ἑκκλησιαστικῆς
710 2424 871 2458 φιλοσοφίας

85 2474 255 2510 κατήρξατο.
276 2472 366 2499 Πολλά
389 2472 418 2498 δὲ
445 2470 521 2506 αὑτῷ
535 2470 605 2504 ὑπὲρ
630 2469 803 2505 ἀνθρωπίνην
819 2479 870 2498 me

85 2523 179 2556 πιίητο
203 2519 333 2553 δύναμιν.
355 2518 457 2548 Ἱκανὸς
483 2517 513 2543 δὲ
528 2516 577 2543 καὶ
598 2516 730 2551 δαίμονας
746 2515 870 2542 ἐλαύνειν

84 2565 126 2601 ἦν,
139 2567 189 2594 καὶ
204 2566 294 2596 ἄλλως
310 2564 491 2600 ὀχλουμένους
503 2562 645 2598 καθαίρειν
663 2563 711 2589 καὶ
727 2562 870 2597 σώφρονας

85 2612 229 2647 καθιστᾷν.
256 2602 312 2637 Kal.
337 2610 474 2644 δράκοντα
491 2609 532 2641 δὲ,
558 2608 588 2640 ὃς
617 2607 712 2643 ἕτερον
739 2608 818 2641 γένος
834 2605 869 2642 ἦν

86 2658 219 2692 ἑρπετῶν,
244 2657 294 2683 καὶ
317 2656 459 2691 φυσήματι
479 2655 552 2690 μόνῳ
570 2655 633 2685 τοὺς
651 2654 740 2686 ὸδίτας
752 2653 869 2687 διέφθει-

86 2713 139 2737 ρεν,
154 2705 201 2731 ἐπὶ
220 2703 363 2737 λεωφόρου
378 2703 432 2737 γὰρ
450 2701 528 2737 ᾤκει,
545 2701 694 2735 εὐξάμενος
716 2701 869 2734 αὐτόματον

88 2751 191 2784 ἐξεῖλκε
218 2748 269 2775 τοῦ
304 2747 409 2782 φωλιοῦ
422 2756 428 2762 ³
451 2747 498 2774 καὶ
518 2746 616 2773 ἑκόντα
628 2746 678 2781 τὴν
693 2745 814 2780 κεφαλὴν
827 2746 868 2776 δὶς

922 2151 1001 2178 sione
1019 2149 1171 2177 revelatam
1184 2169 1191 2181 ,
1205 2136 1322 2188 (iamque
1333 2147 1368 2174 ab
1382 2155 1425 2180 eo,
1444 2155 1476 2174 ex
1489 2154 1553 2174 arce
1568 2147 1702 2181 digresso,

922 2199 999 2225 clero
1034 2197 1190 2232 populoque
1218 2195 1378 2230 praedictam
1408 2201 1480 2221 esse.
1513 2193 1567 2220 Sed
1597 2197 1703 2219 tantum

921 2244 998 2271 abest
1016 2247 1045 2269 ut
1061 2242 1127 2269 lides
1144 2243 1170 2269 ci
1188 2241 1282 2268 habita
1302 2240 1348 2272 sit,
1368 2245 1398 2266 ut
1417 2239 1526 2267 derisus
1541 2239 1624 2266 etiam
1643 2238 1704 2266 fue-

924 2290 969 2320 rit,
986 2289 1033 2323 qui
1049 2295 1143 2315 casum
1160 2291 1215 2314 tam
1234 2287 1453 2320 inexspectatum
1478 2285 1651 2320 praediceret.
1670 2284 1703 2313 ll-

921 2335 978 2362 lum
992 2339 1084 2361 autem
1110 2341 1220 2360 rursum
1236 2333 1264 2359 in
1287 2331 1378 2358 locum
1393 2338 1472 2357 suum
1498 2329 1702 2359 conscendisse,

922 2381 1109 2415 supinumque
1132 2379 1160 2406 in
1183 2377 1243 2405 solo
1261 2377 1399 2411 iacentem
1417 2375 1504 2402 Deum
1524 2374 1720 2408 deprecatum.

921 2427 1017 2454 fuisse.
1034 2425 1086 2453 Ubi
1103 2425 1187 2453 etiam
1203 2425 1231 2451 in
1247 2424 1307 2458 ipso
1327 2423 1414 2450 cladis
1429 2421 1489 2456 ejus
1503 2421 1619 2453 itnpetu,
1633 2420 1702 2446 turri

921 2472 977 2507 ipsa
997 2472 1110 2498 immota
1123 2475 1151 2497 et
1163 2469 1255 2497 stabili
1274 2472 1465 2503 permanente,
1485 2465 1593 2492 orantis
1606 2464 1701 2492 habitu
1719 2486 1722 2489 .

922 2522 1025 2552 martyr
1041 2521 1167 2544 mortuus
1177 2520 1221 2543 est
1236 2520 1363 2549 repertus
1377 2521 1397 2540 ο
1408 2512 1512 2543 multis,
1527 2511 1574 2545 qui
1586 2519 1620 2538 eo
1635 2518 1703 2538 con-

920 2567 1076 2595 currerant,
1099 2567 1128 2589 ut
1145 2564 1330 2589 terrmmotum
1349 2567 1385 2586 es
1404 2565 1465 2587 loco
1479 2557 1624 2592 superiore
1639 2564 1702 2590 spe-

920 2613 1038 2637 ctarent.
1061 2607 1161 2635 Orasse
1178 2611 1276 2633 autem.
1292 2612 1367 2636 eum,
1393 2608 1591 2638 precatumque
1614 2602 1701 2629 Deum

919 2662 980 2682 esse
1007 2654 1109 2686 ferunt,
1135 2656 1166 2679 ut
1187 2651 1271 2678 vitam
1298 2651 1374 2685 prius
1397 2650 1499 2682 ﬁniret,
1528 2656 1610 2684 quam
1638 2656 1698 2675 eam

920 2700 997 2727 urbis
1013 2698 1194 2726 calamitatem
1211 2697 1325 2728 videret,
1339 2697 1365 2722 in
1375 2703 1429 2730 qua
1439 2695 1579 2723 Christum
1595 2702 1696 2729 cogat»

919 2745 1014 2778 vissct,
1027 2748 1055 2772 ct
1070 2743 1264 2772 ecclesiastica,
1281 2741 1455 2778 philosophia
1476 2741 1599 2770 initiatus
1615 2745 1697 2769 esset.

117 2822 154 2855 (l)
172 2822 364 2856 Bosporanum
381 2821 452 2848 hunc
465 2819 617 2847 antistitem
642 2818 737 2853 fuisse,
760 2819 868 2846 Sozam.
891 2819 938 2846 ait.
