1901 3047
57 116 101 149 377
505 119 808 156 ECCLESIASTICE

875 128 1023 160 δΤΟΒΙᾸΞ
1044 132 1116 163 LIB.
1140 133 1193 164 IX.

1613 139 1669 174 378

58 178 136 211 ἔλεγε,
149 176 257 211 πρῶτον
274 178 326 214 μὲν
344 178 378 206 τὰ
399 179 463 214 περὶ
476 180 528 214 τῆς
552 181 672 214 πίστεως
690 182 821 219 ἅμφισὸηι

885 186 949 213 tiam
978 196 1055 216 suam
1079 197 1109 217 se
1125 195 1316 225 pertracturos
1331 200 1392 220 esse
1416 194 1601 229 confidebant,
1621 197 1666 225 illo

56 223 164 257 τούμενα
176 223 308 250 διαλύειν·
325 224 352 256 ές
368 224 481 259 ὕστερον
493 226 521 252 δὲ
534 226 688 262 σκέψασθαι
704 229 752 255 καὶ
767 230 832 265 περὶ

56 268 86 296 ἐν
97 270 179 296 ἄλλων
196 272 267 298 κατὰ
285 271 403 304 θεσμοὺς
424 272 589 308 Ἐκκλησξας
603 275 652 301 δεῖ·
669 275 710 302 ἔτι
727 276 756 302 δὲ
780 277 830 304 καὶ

58 317 114 351 περὶ
143 317 198 343 τῶν
224 317 327 348 ἀδίκως
350 319 550 354 καθαιρεθῆναι
578 320 750 355 δοκούντων,
783 324 831 350 καὶ

57 362 204 395 ὑπερορίαις
232 363 475 398 κατακριθέντων,
493 363 530 391 ὧν
551 362 592 397 εἷς
619 367 767 403 ἐτύγχανεν
792 368 831 396 ὢν

57 408 97 432 ut
119 408 250 442 Κύριλλος
277 409 292 435 ὁ
319 409 517 445 Ἱεροσολύμων
545 412 712 444 ἐπίσκοπος·
741 414 781 441 ἔτι
806 415 829 442 δ’

57 453 188 487 ἐρευνῆσαι
213 454 262 480 καὶ
288 455 353 486 τοὺς
370 455 417 481 νῦν
438 456 490 482 ὑπὸ
505 456 632 494 ἔγκλημα
648 460 828 494 ποιουμένους

56 499 218 531 ἐπισκόπους.
246 500 355 527 Πολλῶν
374 501 429 536 γὰρ
453 505 619 538 κατηγορίαι
631 504 766 538 ἐλέγοντο,
783 506 829 533 καὶ

55 544 80 578 δὴ
99 545 141 571 καὶ
154 545 294 580 Γεωργίου
314 547 383 582 παρ’
399 549 568 583 Αἰγυπτίων,
581 550 617 581 ῶς
633 551 676 586 εἴη
690 552 829 586 ἁρπαγαῖς

55 592 145 624 χαίρων
160 592 214 618 τῶν
230 593 392 628 ἀλλοτρίων,
406 595 453 621 καί
466 603 548 621 τινων
562 595 677 631 ὕϐρεων.
694 598 828 634 Ὕστερον

54 635 76 662 δὲ
95 637 156 663 δέκα
174 638 351 673 ἑκατέρωθεν
370 640 565 675 ὲπιλεγέντας,
582 642 616 669 τὰ
645 644 828 678 πεπραγμένα

54 682 147 714 βασιλεῖ
166 684 303 720 καθιστᾷν
321 685 401 718 δῆλα.

883 233 1009 268 proviso.
1037 239 1067 262 ut
1095 243 1130 263 ne
1149 237 1265 264 calculis
1287 239 1411 266 omnium
1431 239 1542 267 bmresis
1568 249 1666 271 eorum

883 279 1076 308 damnaretur.
1103 282 1166 311 Haec
1192 285 1308 319 agebam
1326 293 1375 320 per
1396 287 1557 315 eunuchum
1581 289 1667 317 Euse-

881 325 972 360 bium,
992 326 1177 362 imperatoria:
1192 334 1250 357 tum
1266 331 1336 358 aula:
1354 332 1524 366 pra-fectum,
1541 334 1666 361 Eudoxio

882 379 963 406 quam
979 374 1096 402 maxime
1109 376 1317 410 assentientem,
1341 383 1369 406 et
1379 379 1448 406 alios
1460 380 1606 413 quosdam,
1618 381 1665 415 qui

880 417 1057 452 magistratus
1074 424 1102 446 et
1117 420 1237 449 honores
1253 428 1393 456 gerentes,
1410 429 1438 450 et
1454 425 1542 458 gratia
1560 425 1666 460 pollen-

883 467 933 496 tes,
957 471 990 491 ex
1017 467 1156 494 sententia
1180 469 1274 495 omnia
1298 470 1489 504 perficiebant.
1516 472 1537 498 Α
1563 472 1665 506 quibus

881 515 1030 542 persuasus
1052 511 1242 545 Constantius,
1263 516 1380 549 perinde
1402 521 1486 550 atque
1510 517 1664 544 incommo-

880 554 946 583 dum
963 556 1045 584 simul
1060 562 1088 585 ct
1103 559 1262 593 reipublicae
1277 566 1391 595 propter
1406 570 1502 596 graves
1515 563 1663 597 impensas,

879 605 907 628 et
931 602 999 636 ipsis
1017 603 1155 639 episcopis
1183 612 1297 640 propter
1313 606 1421 634 itineris
1446 607 1662 642 magnitudinem

878 652 962 680 eswt,
991 649 1013 675 si
1043 649 1070 676 in
1097 651 1193 678 eodem
1218 652 1280 679 loco
1306 654 1499 686 convenirent,
1527 655 1664 690 synodum

877 691 983 727 divisit,
1014 702 1132 731 eantque
1161 697 1278 726 Arimini
1307 706 1335 726 et
1363 699 1496 726 Seleucia:
1522 700 1663 727 celebrare
1704 712 1706 714 -

52 730 129 782 iussit.
145 731 236 767 Atque
252 733 280 759 in
296 733 399 761 litteris
412 735 470 762 suis
484 735 642 768 constituit.
673 741 704 764 ut
741 738 860 772 primum
882 744 1071 771 controversia
1102 745 1136 772 de
1173 746 1235 773 lidei
1271 747 1439 782 professione
1474 747 1660 780 decideretur,

54 775 139 805 deinde
162 780 195 806 de
219 780 285 807 aliis
300 781 498 809 ecclesiasticis
530 783 723 812 sanctionibus
756 784 918 814 deliberatio
953 789 1041 817 fieret.
1063 790 1132 818 Tum
1156 798 1248 819 autem
1271 775 1316 819 .de
1342 793 1383 820 eis
1398 794 1444 828 qui
1465 801 1515 828 per
1532 775 1661 829 injuriani

52 827 208 874 exauctorati
238 831 268 854 et
291 827 318 853 in
336 827 463 855 exsilium
483 829 538 856 acti
558 829 608 857 visi
631 834 736 862 essent,
755 831 834 866 773
855 832 883 859 in
905 834 1006 868 quibus
1039 836 1122 864 etiam
1138 837 1257 873 Cyrillus
1280 827 1532 873 Hierosolymorum
1555 827 1663 874 episco-

52 875 93 902 pus
117 870 175 904 fuit,
202 872 433 902 consultaretur:
463 880 559 909 postea
586 875 621 902 de
647 876 689 903 eis
713 885 823 913 quoque
842 879 1000 915 episcopis.
1037 883 1084 917 qui
1121 870 1168 912 rei.
1187 892 1346 920 agerentur,
1373 870 1582 920 inquireretur:
1598 886 1662 913 Per-

51 916 115 943 multi
128 917 199 945 enim
216 920 439 953 accusabantur,
456 925 483 948 et
502 921 538 948 ab
570 921 706 957 Egyptiis
740 925 859 952 maxime
879 925 1013 962 Georgius
1031 916 1127 963 :unod
1150 916 1258 959 scilicet
1280 932 1433 959 alienorum
1460 933 1595 960 bonorum
1620 941 1663 961 ra-

51 962 119 1015 pinis
146 965 305 998 gauderet,
339 971 368 993 et
400 967 610 995 contumeliosis
643 968 813 1003 quibusdam
836 971 997 1002 hominibus
1029 962 1226 1006 delectaretur.
1250 979 1403 1013 Postremo,
1430 984 1460 1007 ut
1486 987 1536 1015 per
1563 980 1659 1009 decem

51 1005 154 1037 delectos
170 1011 280 1046 legatos
304 1019 334 1039 se
358 1012 392 1040 de
407 1013 477 1041 actis
497 1013 556 1041 suis
579 1014 728 1043 certiorem
743 1015 879 1046 facerent.

320 1081 446 1109 ΚΕΦΑΛ.
474 1083 539 1110 AB’.

49 1133 106 1168 Περὶ
116 1133 165 1168 τῆς
175 1136 375 1179 ῥνξΑριμήνῳ
389 1140 608 1179 ςυῂιξδουιέὴῇ
624 1144 651 1170 οι
664 1144 699 1171 ἐν
707 1144 823 1179 ἑσπέρᾳ

124 1181 133 1189 -
165 1171 345 1206 ἀσύμφωνοι
360 1174 422 1207 τοῖς
435 1175 518 1209 ἐῴοις
530 1171 682 1211 arsi-.0770.

78 1225 126 1253 Καὶ
147 1228 170 1254 οἱ
189 1229 242 1262 μὲν
261 1228 407 1257 ἐπίσκοποι
422 1232 602 1267 συνελέγοντο
620 1234 694 1262 καθὰ
718 1235 751 1272 δὴ
775 1238 822 1264 καὶ

48 1271 159 1306 ἐθέσπιζε
169 1273 300 1308 βασιλεύς
312 1281 319 1290 ·
336 1276 529 1312 προὺλάμδανε
540 1279 568 1306 δὲ
584 1280 632 1307 καὶ
644 1271 791 1309 συνίστατο
805 1283 821 1318 ἠ

47 1318 70 1344 ἰν
86 1319 226 1355 ’Δριμὶνῳ’
240 1321 273 1347 τὸ
287 1322 316 1349 δὲ
341 1322 481 1358 πλήρωμα
494 1325 598 1352 τούτων
623 1324 697 1362 ἦσαν
722 1336 822 1363 τετρα-

47 1365 121 1392 κόσιοι
137 1368 185 1394 καὶ
201 1368 303 1402 μικρόν
316 1376 342 1395 τι
364 1370 443 1404 πρός.
461 1371 524 1396 Δεῖν
543 1371 566 1398 δ’
589 1372 676 1398 ἐδόκει
698 1374 754 1405 τοῖς
774 1373 822 1409 βα-

46 1412 104 1444 ρέως
122 1414 189 1450 πρὸς
206 1415 372 1444 Ἀϐανάσιον
392 1416 487 1452 ἔχουσι
504 1418 588 1453 μηδέν
601 1427 628 1446 τι
646 1420 710 1455 περὶ
724 1421 819 1449 τούτου

45 1460 136 1485 κινεῖν·
149 1460 223 1487 οὕτω
237 1461 293 1496 γὰρ
309 1462 423 1497 ἄμεινον
439 1463 611 1500 ἐδοκίμαζον.
635 1465 714 1493 Ἐπεὶ
729 1467 757 1494 δὲ
774 1469 820 1495 καὶ

45 1503 144 1539 ζήτησις
159 1506 290 1541 εἰσήγετο
302 1508 367 1544 περὶ
397 1509 518 1542 πίστεως
546 1510 576 1538 ὃν
603 1512 657 1547 χρὴ
680 1514 820 1542 πιστεύειν

45 1550 152 1584 τρίπον,
177 1553 290 1588 Οὐάλης
315 1554 434 1582 ἐνταῦθα
453 1556 500 1582 καὶ
525 1557 690 1592 Οὐρσάκιος,
708 1558 733 1585 οἳ
759 1560 820 1587 κατ’

46 1596 119 1630 ἀρχὰς
134 1598 184 1631 μὲν
198 1599 375 1627 ὑπασπισταὶ
386 1601 436 1636 τῆς
457 1602 564 1637 Ἀρείου
579 1603 659 1639 δόξης
683 1604 819 1640 ἐγένοντο,

46 1641 69 1667 ὲν
95 1644 166 1679 μέσῳ
194 1644 224 1672 δὲ
251 1644 290 1680 τῷ
311 1647 448 1683 ὁμοουσίῳ
468 1648 623 1681 συνέθεντο,
652 1649 757 1684 βιὸλίον
781 1651 820 1686 τῷ

46 1688 172 1726 tame-itm
201 1691 317 1727 Ῥώμης
348 1693 450 1729 Ἰουλίῳ
478 1695 673 1727 ἑπιδεδωκότες
690 1717 698 1729 ,
723 1696 819 1732 ὥσπερ

46 1734 200 1769 εἰρήκαμεν,
221 1738 270 1764 ἀεὶ
300 1739 358 1769 τοῖς
382 1741 488 1774 καιροῖς
512 1741 560 1767 καὶ
583 1742 640 1774 τοῖς
671 1742 819 1777 κρατοῦσιν

46 1779 248 1817 ὗποκλινόμενοι,
266 1783 339 1810 οὗτοι
354 1786 409 1811 δεῖν
431 1785 524 1819 ἔλεγον
538 1786 626 1814 ἄλλων
641 1787 710 1815 ἄλλα
725 1789 816 1815 εἰπόν-

45 1833 97 1859 των,
111 1824 153 1854 οἷα
167 1828 261 1863 φιλεῖ,
279 1830 367 1864 ἀργὰς
384 1831 507 1864 νομίζειν
529 1831 580 1864 τὰς
607 1834 671 1868 περὶ
697 1833 819 1865 πίστεως

46 1874 166 1907 τρι-τέρας
183 1875 309 1909 γραφάςι
327 1876 412 1910 μόνην
429 1877 452 1903 δ’
469 1877 579 1913 ἐκείνην
593 1880 715 1914 κρατεῖν,
738 1880 772 1915 ἢν
783 1879 814 1906 οὺ

46 1918 88 1951 πρὸ
98 1919 191 1946 πολλοῦ
208 1922 238 1948 ὲν
254 1921 364 1957 Σιρμίῳ
380 1923 525 1957 Ῥωμαίων
540 1924 650 1961 γλώττῃ
661 1925 818 1959 συνέθεντο,

45 1963 71 1996 ἦν
88 1965 149 2000 δῆτα
172 1967 222 1993 καὶ
241 1966 372 2001 βασιλεὺς
395 1967 440 1994 διὰ
471 1968 557 2004 τιμῆς
585 1970 666 2004 ἄγει·
685 1970 774 2006 χρεὼν
796 1971 819 1998 δ’

45 2007 102 2037 εἷνιι
115 2013 163 2038 καὶ
179 2013 256 2047 ὑμᾶς
271 2014 318 2040 νῦν
335 2014 497 2048 προσίεσθαι
513 2015 559 2042 καὶ
582 2017 742 2052 παραιτέρω
766 2027 819 2053 μη-

46 2055 81 2081 ξοὲν
94 2057 348 2094 πολυπραγμονεῖν·
361 2058 395 2086 ἶν’
408 2059 535 2087 ἐντεῦθεν
549 2061 597 2087 καὶ
612 2061 730 2096 διχόνοια
743 2064 819 2090 πᾶσα

45 2106 234 2140 περιαιρεθείη,
251 2107 290 2142 μὴ
310 2106 365 2134 τῶν
388 2106 531 2141 ὀνομάτων
547 2107 707 2141 ἀμφιϐόλων
721 2107 817 2142 ὄντων,

45 2150 138 2186 ἀχριΰεῐ
167 2153 284 2188 βασάνῳ
320 2153 556 2188 παραδιδομένων.
585 2153 640 2181 Καὶ
671 2154 726 2188 γάρ
760 2163 819 2186 πως

44 2198 153 2229 κρεῖττον
166 2197 240 2226 εἶναι
267 2198 399 2232 ἐτίθεντο,
417 2199 487 2234 μετὰ
504 2200 553 2234 τῆς
577 2201 720 2236 ἀγροικίας
735 2200 819 2236 ὀρθὴν

45 2242 104 2276 ἔχειν
117 2244 195 2277 δόξαν
211 2245 282 2279 περὶ
295 2244 376 2278 Θεοῦ,
391 2245 407 2280 ἢ
425 2245 559 2278 ξενίζοντι
573 2245 663 2280 λόγοις
676 2245 705 2278 ἐξ
724 2246 819 2282 Ἐλλη-

45 2289 109 2323 νικῆς
130 2291 299 2326 τερθρείας,
324 2290 522 2326 ἁνεπινοήτους
547 2291 703 2325 ἂπεισάγειν
720 2291 817 2323 λέξεις.

50 2335 189 2370 ᾙνίττοντο
221 2337 254 2364 δὲ
273 2336 318 2364 διὰ
341 2337 457 2370 τούτων,
475 2337 577 2372 μᾶλλον
597 2339 644 2364 καὶ
671 2337 818 2372 προφανῶς

45 2380 168 2410 ἰιέεαλὶον
191 2384 245 2418 τὴν
261 2383 310 2410 τοῦ
336 2384 481 2418 ὀμοουσίου
497 2383 580 2416 λέξιν,
593 2383 642 2410 ἅτε
659 2382 692 2418 δὴ
710 2383 748 2418 μὴ
759 2383 818 2414 ταῖς

45 2427 117 2462 ἱεραῖς
141 2431 252 2464 iugum
256 2430 342 2465 μένην
371 2430 391 2456 Γ
393 2431 505 2465 ραψαῖς.

44 2474 131 2509 χάρτην
153 2477 282 2511 προῆγον
295 2477 344 2502 καὶ
358 2475 599 2510 ἀναγινώσκεσθαι
619 2475 700 2511 ᾔτουν
713 2483 720 2490 ·
746 2476 775 2501 ἐν
803 2472 820 2512 ᾖ

43 2518 120 2551 iustos
147 2521 197 2554 μὲν
221 2520 265 2556 τῷ
287 2520 378 2553 Πατρὶ
396 2521 443 2547 τὸν
466 2520 532 2547 Υίδν
548 2520 619 2547 κατὰ
634 2520 684 2551 τὰς
709 2520 819 2555 Γραφὰς

44 2566 199 2601 εἰσηγοῦντο,
218 2568 333 2603 μνήμην
345 2568 373 2594 δὲ
388 2567 484 2599 οὐσίας
498 2568 543 2594 ἐπὶ
560 2567 628 2594 Θεοῦ
643 2563 819 2594 παντάπασιν

43 2612 209 2648 ἀπηγόρευον.
225 2614 304 2648 Αὕτη
320 2614 348 2641 δὲ
371 2611 406 2649 ἧν
419 2613 522 2649 ἐκείνη,
547 2614 580 2650 ἢν
597 2615 657 2640 τότε
681 2613 733 2648 μὲν
755 2615 819 2640 ἐτα-

44 2658 142 2692 μίευον,
155 2660 205 2688 νῦν
224 2660 256 2688 δὲ
283 2661 323 2690 εις
348 2661 406 2694 φῶς
433 2660 565 2695 προῆγον,
582 2656 621 2696 ᾞ
641 2659 815 2694 συνελαμϐά-

43 2712 106 2731 νοντο
122 2707 246 2740 μάλιστα
263 2706 418 2740 Γερμάνιος
431 2707 479 2733 καὶ
497 2706 652 2739 Λὺξέντιος,
675 2707 723 2733 καὶ
737 2706 817 2738 Γάϊος

43 2751 80 2776 καὶ
105 2752 284 2788 Δημόφιλος·
319 2752 367 2778 καὶ
398 2752 489 2778 τοίνυν
516 2752 738 2787 ἀναγνωσθείσης
755 2773 761 2785 ,
792 2753 816 2778 οἱ

43 2797 149 2825 πλεῖστοι
179 2799 253 2834 μηδὲ
271 2799 408 2833 νεωτέρας
432 2798 535 2825 δεῖσθαι
561 2799 680 2829 πίστεως
710 2799 743 2825 τὶι
769 2798 817 2825 νῦν

44 2842 188 2873 tumvana
203 2855 210 2861 -
249 2845 398 2874 ἀρκιῖςιθαι
426 2845 453 2871 δὲ
477 2846 508 2874 τῆ
529 2846 557 2872 ἐν
579 2845 682 2875 Nmis
703 2854 816 2874 γεγενη-

1144 1092 1257 1121 CAPUT
1277 1093 1398 1122 XXXIX.
1420 1112 1426 1117 ι

911 1146 950 1174 De
967 1147 1126 1186 Arimlnepai
1147 1151 1257 1185 synodo,
1276 1151 1303 1178 in
1320 1159 1372 1186 qua
1388 1151 1566 1180 Occidentales
1590 1153 1623 1180 ab

1073 1183 1252 1212 Orientalibus
1274 1183 1463 1214 dissenserunt.

911 1238 1049 1274 Episcopi,
1068 1240 1150 1268 sicuti
1168 1241 1320 1276 imperator
1334 1242 1466 1277 iusserat,
1482 1251 1658 1274 convenere:

874 1289 903 1312 et
921 1285 1037 1319 primum
1054 1286 1165 1320 quidem
1182 1287 1299 1314 Arimini
1316 1288 1506 1317 Occidentales
1522 1290 1658 1324 quadrin-

874 1330 948 1366 genti
977 1335 1004 1358 et
1019 1331 1124 1366 aliquot
1140 1337 1271 1368 praeterea
1285 1341 1411 1361 numero.
1427 1334 1461 1362 Et
1475 1335 1521 1369 qui
1536 1337 1661 1370 graviter

875 1375 903 1403 in
922 1375 1103 1404 Athanasium
1118 1378 1231 1405 animati
1249 1383 1338 1411 erant,
1354 1380 1467 1407 minime
1481 1382 1604 1408 omnium
1623 1381 1658 1408 de

874 1429 908 1449 eo
920 1422 1070 1458 quidquam
1086 1425 1250 1451 movendum
1263 1432 1325 1452 esse
1338 1425 1453 1457 duxere,
1465 1426 1537 1460 quod
1552 1426 1604 1454 hoc
1617 1427 1658 1454 sic

874 1467 1046 1495 commodius
1061 1475 1122 1496 esse
1143 1473 1284 1503 putarent.
1307 1469 1443 1497 Caeterum
1461 1475 1605 1506 postquam
1622 1472 1657 1499 de

875 1512 944 1546 fide,
967 1513 1106 1548 quomodo
1126 1521 1187 1541 eam
1208 1514 1329 1549 proﬁteri
1351 1516 1523 1547 conveniret,
1542 1519 1657 1551 quaestio

873 1558 1013 1593 proposita
1027 1562 1080 1589 est.
1096 1559 1133 1587 ibi
1151 1559 1252 1587 Valens
1268 1564 1296 1588 et
1313 1559 1456 1593 Ursaeius.
1473 1561 1521 1595 qui
1535 1562 1656 1596 primum

872 1603 930 1631 Arii
942 1604 1100 1638 opinionem
1108 1603 1300 1637 defenderant,
1310 1605 1400 1633 medio
1410 1609 1503 1633 autem
1517 1611 1654 1641 tempore,

873 1648 966 1676 libello
991 1649 1109 1685 supplici
1131 1649 1204 1678 Julio
1229 1649 1352 1678 Romano
1375 1651 1494 1678 antistiti
1518 1653 1602 1682 dato,
1617 1651 1657 1687 τῷ

873 1693 1021 1729 ὁμοουσίῳ.
1029 1693 1272 1728 consubstantiali,
1281 1700 1467 1728 assenserant,
1476 1695 1656 1730 quemadmo-

873 1738 938 1766 dum
956 1739 1097 1771 diximus,
1115 1741 1287 1776 temporibus
1301 1748 1362 1769 sese
1377 1746 1403 1769 et
1421 1742 1504 1769 rebus
1525 1742 1656 1770 obtinen-

872 1784 947 1813 tibus
963 1793 1073 1820 semper
1090 1787 1329 1816 accommodantes
1350 1788 1410 1815 aliis
1426 1788 1480 1815 alia
1496 1788 1576 1816 sicuti
1595 1788 1655 1816 ﬁeri

871 1831 942 1858 solet
961 1832 1140 1859 censentibus
1152 1852 1160 1863 ,
1179 1833 1274 1860 dixere
1287 1853 1294 1866 ,
1313 1834 1420 1868 priores
1440 1834 1503 1861 lidei
1523 1834 1656 1864 formulas

872 1877 1021 1904 abolendas
1035 1885 1108 1908 esse.
1136 1885 1274 1912 unamque
1291 1886 1351 1906 eam
1370 1879 1497 1905 obtinere
1513 1884 1655 1913 oportere,

871 1930 932 1957 quae
947 1930 1002 1950 non
1020 1923 1056 1950 ita
1072 1923 1177 1957 pridem
1198 1923 1292 1951 Sirmii
1314 1924 1407 1958 lingua
1429 1925 1556 1952 Romana
1578 1932 1656 1952 com-

871 1969 980 2003 posita,
1003 1969 1037 1995 ab
1060 1969 1120 2003 ipso
1142 1970 1226 1995 etiam
1242 1969 1415 2004 imperatore
1435 1970 1547 2005 plurimi
1563 1970 1653 1998 fleret.

873 2014 978 2042 Debere
990 2015 1091 2049 quippe
1106 2015 1242 2050 synodum
1255 2023 1365 2050 quoque
1379 2015 1413 2043 de
1427 2016 1564 2044 sententia
1581 2016 1657 2044 illius

871 2060 1072 2096 professionem
1086 2069 1146 2088 eam
1159 2061 1321 2096 approbare,
1339 2069 1428 2097 neque
1445 2063 1562 2090 ulterius
1574 2063 1656 2098 quid-

869 2115 951 2142 quam
967 2107 1103 2136 curiosius
1122 2108 1251 2143 indagare
1265 2117 1273 2136 :
1290 2113 1320 2136 ut
1332 2117 1366 2136 eo
1380 2109 1463 2137 modo
1479 2110 1570 2138 omnis
1593 2110 1654 2139 dis-

869 2153 971 2182 cordiae
988 2154 1106 2187 occasio,
1137 2155 1229 2182 verbis
1248 2155 1316 2182 nihil
1332 2155 1453 2191 ambigui
1475 2156 1653 2189 habentibus,

870 2209 932 2236 qure
955 2201 1050 2229 subtili
1081 2206 1109 2230 ct
1137 2206 1264 2229 accurata
1299 2202 1490 2237 exploratione
1516 2210 1654 2238 perpensa

870 2252 982 2281 essent,
1003 2247 1031 2275 in
1050 2247 1167 2276 formula
1185 2249 1310 2282 insertis,
1333 2249 1542 2284 praecideretur,
1571 2250 1653 2285 longe

869 2294 1045 2329 prwstantius
1065 2302 1126 2322 csse
1141 2300 1296 2322 asserentes
1308 2315 1315 2328 ,
1332 2303 1395 2323 cum
1412 2296 1567 2324 rusticitate
1586 2304 1655 2331 qua-

870 2340 932 2366 dam
956 2344 1057 2367 rectam
1081 2339 1116 2367 de
1138 2340 1195 2367 Deo
1212 2344 1307 2368 tenere
1325 2341 1485 2375 opinionem
1498 2360 1505 2372 ,
1521 2348 1603 2375 quam
1620 2348 1655 2368 ex

870 2384 1029 2411 Grzecorum
1054 2384 1228 2419 nugamentis
1248 2384 1327 2412 novis
1350 2384 1444 2419 petitis
1465 2383 1574 2416 verbis,
1595 2391 1655 2418 quae

544 2430 637 2456 Ταῦτα
672 2429 798 2463 λέγοντες
808 2449 816 2462 ,

875 2438 928 2459 non
946 2430 1166 2466 intelligercnlur
1182 2430 1314 2458 inducere
1329 2430 1473 2457 vocabula.
1491 2428 1597 2462 Quibus
1615 2429 1655 2456 illi

873 2477 956 2505 dictis
969 2477 1085 2504 obscure
1101 2477 1261 2508 innuebant,
1278 2484 1327 2504 seu
1342 2476 1433 2511 potius
1450 2474 1589 2509 propalam
1606 2474 1656 2501 τοῦ

871 2525 1032 2559 ὁμοουσίου,
1042 2523 1295 2551 consubstantialis.
1305 2523 1418 2549 verbum
1431 2529 1478 2556 per
1488 2520 1655 2548 calumniam

871 2570 1128 2605 reprehenderunt,
1150 2569 1236 2597 veluti
1260 2569 1286 2595 in
1303 2568 1390 2596 sacris
1404 2566 1515 2595 Litteris
1532 2574 1588 2594 non
1607 2574 1655 2594 ex-

870 2623 1008 2651 pressum.
1026 2615 1084 2643 Sub
1101 2615 1159 2642 haec
1178 2613 1263 2641 verba
1279 2613 1374 2640 charta
1392 2611 1508 2647 prolata,
1522 2611 1574 2646 legi
1592 2618 1655 2639 eam

871 2662 1064 2697 postularunt,
1089 2661 1115 2687 in
1140 2667 1192 2695 qua
1209 2659 1327 2686 similem
1347 2659 1420 2686 Patri
1437 2657 1536 2685 Filium
1555 2665 1656 2685 secun-

870 2709 935 2736 dum
953 2708 1110 2743 Scripturas
1127 2705 1275 2733 dicebant:
1291 2703 1373 2739 774¹
1395 2703 1563 2731 mentionem
1584 2710 1654 2731 vero

870 2753 1032 2781 substantia:
1051 2753 1078 2780 in
1096 2752 1152 2779 Deo
1172 2751 1285 2778 omnino
1304 2749 1362 2777 lleri
1385 2748 1605 2781 intcrdicebant,
1623 2752 1653 2775 et

871 2807 921 2835 pro
945 2806 978 2826 eo
1001 2798 1117 2826 similem
1144 2805 1193 2832 per
1215 2795 1307 2823 omnia
1333 2795 1432 2824 Filium
1458 2793 1533 2822 Patri
1558 2793 1655 2826 reponi

870 2844 1008 2873 volebant.
1027 2842 1088 2870 llatc
1109 2849 1191 2873 porro
1205 2841 1320 2869 formula
1335 2841 1380 2868 illa
1396 2842 1466 2868 erat.
1481 2846 1562 2868 uuam
1574 2843 1657 2865 antea
