1901 3047
56 117 102 150 381
532 122 834 154 ΕΟΕΙΑΕΞΙΑΞΤΙΟΑΕ

895 126 1049 157 ,STORUE
1070 129 1146 160 LIB.
1168 129 1222 159 IX.
1630 134 1684 166 38?.

58 177 123 210 οδος,
141 177 230 205 εἴκοσι
252 179 306 205 τῶν
323 179 486 207 ἐπισκόπων
501 180 739 217 διαπεμψάμενοι,
754 183 842 219 γράμ-

898 192 947 212 scu
964 190 1098 213 aeternum
1116 187 1278 222 nominare,
1296 189 1394 216 Filium
1412 194 1502 218 autent
1519 191 1565 218 Dei
1581 193 1680 227 sempi-

58 231 140 271 μασιν
156 224 270 256 οίκείοις
282 226 317 252 τὰ
333 226 478 260 ωμῦἀντα
492 226 530 263 τῷ
541 227 649 262 βασιλεί
658 229 841 264 κατεμήνυον·

899 236 1005 258 ternum
1023 239 1121 259 vocare
1136 233 1228 260 nolle:
1245 239 1409 269 certumque
1425 240 1532 271 tempus
1547 237 1610 264 huic
1626 224 1681 264 for—

56 267 72 294 ἃ
90 269 166 296 τόνδε
181 272 323 306 περιεῖχον
342 273 388 298 τὸν
403 273 489 300 τόπον
500 282 507 289 ³

899 276 978 303 mula1
1002 277 1063 304 ﬁdei
1084 279 1236 314 prmﬁgere,
1253 280 1397 307 manifesta
1415 289 1525 316 quoque
1545 283 1680 310 calumnia

55 322 85 341 ea
98 316 223 350 judicata
244 324 288 346 est
307 319 443 347 adversus
461 320 594 355 majorum
616 321 708 349 ﬁdem.
743 321 946 358 Maximefvero
981 331 1040 350 eam
1059 323 1225 353 Athanasius
1237 327 1399 362 criminatus
1414 333 1466 358 est,
1487 333 1516 354 ut
1532 328 1631 355 alicubi
1648 329 1680 355 ad

58 370 120 409 suos
133 364 259 392 scribens
272 365 403 393 ostendit.
418 367 452 393 Et
468 367 642 395 inseruissem
659 368 705 395 hic
717 369 929 396 confutatoriam
963 370 1023 403 ejus
1055 370 1198 404 epistolam
1210 391 1217 402 ,
1255 373 1307 400 nisi
1332 375 1465 402 orationis
1496 374 1680 409 prolixitatem

59 407 184 444 fugiens,
199 412 331 440 studiosis
345 421 406 440 eam
444 413 654 448 inquirendam,
679 420 761 450 atque
782 423 815 443 ex
844 423 875 443 ea
895 423 952 442 rem
975 423 1084 443 omnem
1105 418 1341 451 cognoscendam,
1365 407 1559 456 relinquerem.
1590 421 1678 447 Exau-

56 456 152 483 ctorati
171 456 228 490 illi,
247 457 326 485 sicuti
344 459 416 490 dixi.
436 459 582 486 formulam
616 467 709 487 secum
736 460 866 493 ferentes,
887 461 921 488 ad
938 461 1127 494 imperatorem
1144 464 1300 498 confugere.
1318 465 1470 494 Conclium
1491 475 1565 498 vero,
1581 466 1674 494 decem

54 503 86 548 ad
118 509 183 529 eum
216 503 314 539 legatis
335 506 493 542 episcopis,
518 506 617 534 litteris
645 514 754 542 quoque
781 515 838 535 rein
860 512 949 534 actam
974 508 1140 542 declaravit,
1166 518 1226 544 quae
1269 511 1295 538 in
1318 511 1389 539 hanc
1432 512 1545 540 formam
1571 514 1678 548 scripim

54 546 162 575 fuerant
180 556 187 564 °

359 612 484 639 ΚΕΦΑΛ.
504 613 548 640 Μ’.

61 665 228 700 Ἐπιστολὴ
241 667 298 702 τῆς
313 668 348 695 ἐν
361 669 509 704 Ἀριμήνῳ
536 673 672 700 συνόδου
685 675 844 701 Κωνσταν-

231 704 284 736 τίῳ
296 706 465 739 πεμφθεῖσα
476 707 516 740 τῷ
524 708 662 739 βασιλεῖ.

90 767 99 784 ι
123 759 177 786 Ἐκ
193 768 225 786 τε
241 761 291 796 τῆς
318 761 364 788 τοῦ
382 762 458 796 εΘεοῦ
481 763 631 796 κελεύσεως
660 765 708 792 καὶ
733 766 780 792 τοῦ
794 765 843 800 τῆς

54 804 195 837 εὐσεϐείας
215 807 433 841 προστάγματος
461 808 495 835 τὰ
524 809 610 836 πάλαι
623 810 842 844 δογματισθέντα

55 851 222 885 γεγενῆσθαι
242 854 421 888 πιστεύομεν.
454 856 500 887 Εἰς
514 855 569 890 γὰρ
586 855 728 891 Ἀρίμινον
741 857 773 883 ὲκ
788 865 841 883 πα-
859 845 880 872 Β

55 898 105 924 σῶν
118 899 175 925 τῶν
193 899 266 934 πρὸς
279 900 357 927 δύσιν
367 901 475 927 πόλεων
494 902 535 933 είς
560 902 644 929 ταυτὺ
666 903 766 934 πάντες
783 901 843 929 επί-

55 950 148 968 ακοποι
165 943 355 978 συνήλθομεν,
370 945 414 972 ἶνα
428 946 474 972 καὶ
489 946 505 981 ἠ
521 947 615 978 πίστις
632 949 681 983 τῆς
694 947 842 982 καθολικῆς

60 987 226 1023 Ἐκκλησῖας
242 990 395 1025 γνωρισθῇ,
412 991 460 1017 καὶ
474 991 499 1017 οι
528 991 654 1019 τάναντία
679 993 843 1027 φρονοῦντες

54 1034 159 1067 ἔκδηλοι
174 1035 325 1069 γένωνται.
349 1035 393 1067 Ὠς
407 1037 461 1072 γὰρ
475 1038 649 1065 ὲπιπλεῖστον
664 1038 843 1066 διασκοποῦν-

54 1089 96 1111 τες
111 1081 289 1117 εὑρήκαμεν,
305 1083 422 1117 ἀρεστὸν
447 1084 535 1118 ἐφάνη
548 1084 596 1119 τὴν
615 1084 707 1112 πίστιν
724 1085 774 1120 τὴν
795 1086 842 1112 εκ-

55 1126 133 1153 παλαι
164 1127 366 1162 διαμένουσαν,
394 1129 427 1163 ἣν
451 1129 499 1156 καὶ
521 1130 546 1156 οἱ
568 1131 709 1165 προφῆται
730 1131 777 1157 καὶ
808 1131 842 1158 τὰ

54 1171 210 1206 Εὗαγγέλια
235 1174 285 1200 καὶ
311 1175 336 1201 oi
354 1175 498 1202 ἀπόστολοι
521 1175 565 1202 διὰ
580 1175 628 1202 τοῦ
643 1176 747 1209 Κυρίου
763 1176 842 1212 ἡμῶν

59 1215 144 1250 Ἰησοῦ
159 1217 287 1252 Χριστοῦ
297 1219 445 1254 ἐκήρυξαν,
457 1220 503 1247 τοῦ
515 1220 564 1247 καὶ
578 1220 627 1255 τῆς
641 1221 691 1252 σῆς
702 1221 843 1256 βασιλείας

54 1262 186 1297 φρίιυροῦ,
209 1263 322 1297 καὶτῆς
341 1264 390 1299 σῆς
408 1265 520 1299 ῥώσεως
540 1265 707 1300 προστάτου,
721 1266 764 1292 ἵνα
777 1265 842 1292 ταύ-

52 1314 98 1342 την
111 1308 306 1342 κατασχόντες
321 1309 497 1345 φυλάξωμεν,
519 1311 566 1337 καὶ
589 1311 781 1345 φυλάττοντες,
797 1312 844 1345 μέ-

53 1361 95 1386 χρι
112 1354 217 1386 τέλους
231 1355 420 1391 διατηρῶμεν.
438 1358 556 1385 Ἄτοπον
571 1358 626 1393 γὰρ
649 1359 697 1384 καὶ
712 1357 843 1393 ἀθέμιτον

52 1398 147 1434 ἐφάνη,
161 1399 220 1426 τῶν
235 1400 325 1435 ὀρθῶς
337 1401 384 1428 καὶ
399 1402 510 1434 δικαίως
521 1402 683 1437 ὡρισμένων
696 1411 722 1429 τι
742 1403 843 1437 μεταλ-

51 1445 170 1479 λάττειν,
185 1447 237 1473 καὶ
253 1447 308 1473 τῶν
324 1447 354 1474 ὲν
366 1447 470 1484 Νικαίᾳ
491 1449 570 1484 κοινῇ
592 1449 662 1483 μετὰ
677 1448 724 1475 τοῦ
740 1448 843 1481 ὲνδοεο-

52 1492 130 1519 τάτου
163 1501 216 1520 σου
252 1493 355 1527 πατρδς
385 1495 434 1520 καὶ
463 1493 599 1528 βασιλέως
633 1494 878 1542 Κωνσταντίνου(ἒ

51 1538 250 1574 ὲσκεμμένωνς
266 1537 304 1565 ὧν
316 1539 332 1574 ὴ
344 1539 504 1566 διδασκαλία
513 1541 560 1566 καὶ
571 1540 601 1566 τὸ
614 1540 743 1575 φρόνημα
751 1540 843 1575 διῆλθέ

52 1593 79 1611 τε
92 1586 139 1612 καὶ
155 1585 305 1621 ἐκηρύχθη
320 1586 359 1617 είς
372 1586 462 1617 πάσας
478 1585 631 1622 ἀνθρώπων
652 1587 737 1617 ἀκοάς
751 1595 780 1612 τε
795 1587 842 1613 καὶ

53 1632 182 1665 διανοίας,
214 1633 278 1668 ἥτις
309 1633 458 1661 ἀντίπαλος
488 1633 556 1668 μόνη
592 1633 639 1659 καὶ
665 1633 765 1668 όλετὴρ
794 1634 843 1668 τῆς

60 1679 164 1714 ’Δρεεου
196 1680 335 1715 αἱρέσεως
362 1680 468 1715 ὑπῆρξε
482 1687 489 1694 ·
508 1680 543 1707 δι’
560 1677 592 1716 ἦς
609 1680 640 1707 οὐ
664 1679 744 1715 μόνον
761 1679 842 1714 αὑτὴ,

55 1725 117 1752 ἀλλὰ
135 1726 186 1752 καὶ
219 1726 248 1752 αἱ
278 1726 373 1753 λοιπαὶ
402 1726 524 1761 αἱρέσεις
539 1726 753 1761 καθῃρέθησαν·
780 1721 842 1761 ὲνῇ

53 1771 134 1803 batur;
148 1772 195 1799 καὶ
207 1771 240 1798 τὸ
256 1772 415 1806 προσθεῖναί
428 1781 464 1804 τι,
481 1771 630 1806 σφαλερὸν,
643 1773 691 1798 καὶ
702 1771 732 1797 τὸ
745 1771 843 1805 ἀφελέ-

55 1817 124 1850 σθαι,
140 1817 320 1844 ἐπικίνδυνον
350 1817 479 1852 ὑπάρχει.
503 1817 548 1848 Ὠς
562 1817 642 1851 εἴπερ
654 1817 701 1843 καὶ
727 1816 843 1850 θάτερον

54 1863 166 1894 γένοιτο,
186 1861 271 1888 ἔσται
284 1862 340 1893 τοῖς
356 1861 463 1896 ἐχθροῖς
478 1861 557 1889 ἄδεια
582 1864 672 1888 ποιεῖν
685 1862 758 1896 ἆπερ
784 1861 843 1896 βού-

54 1908 147 1935 λοιντο.
167 1907 256 1935 Ὀοεν
274 1908 429 1944 υὺρσάκιός
445 1917 476 1934 τε
496 1908 540 1934 καὶ
556 1908 675 1942 Οὐάλης,
688 1908 781 1942 ἐπειδὴ
795 1909 844 1934 καὶ

54 1955 165 1983 ἔκπαλαι
182 1957 298 1992 μέτοχοι
312 1964 342 1982 τε
366 1958 414 1982 καὶ
441 1956 596 1991 σύμφρονες
614 1955 662 1982 τοῦ
675 1955 841 1990 ’Δρειανείου

52 2003 183 2038 δόγματος
220 2001 294 2038 ἦσαν
324 2002 601 2036 καθεστηκότες,καὶ
626 2001 677 2036 τῆς
704 2001 842 2036 ἡμετέρας

53 2051 194 2081 κοινωνίας
211 2048 395 2084 χωρισθέντες
407 2047 614 2082 ἀπεφάνθησαν.
631 2044 684 2078 Ἧς
696 2047 740 2073 ἵνα
757 2046 839 2081 μετά-

57 2104 162 2130 σχωσιν,
179 2095 226 2130 ἐφ’
241 2092 283 2126 οἷς
296 2094 412 2125 ἑαυτοὺς
435 2093 656 2128 συνεγνώκεισαν
679 2092 842 2128 πλημμελή-

55 2150 160 2175 σαντας,
176 2141 326 2177 μετανοίας
341 2148 372 2166 τε
384 2141 431 2166 καὶ
444 2138 612 2174 συγγνώμης
624 2139 718 2172 ἠξίουν
731 2140 823 2174 τυχεῖν
833 2147 840 2155 ⁸

53 2187 87 2219 ὡς
113 2188 160 2214 καὶ
186 2186 225 2212 τὰ
245 2185 373 2220 ἐγγραφα
389 2183 423 2210 τὰ
448 2183 518 2218 ὑπὲρ
537 2183 650 2210 ἐκείνων
669 2183 841 2218 γεγενημένα

55 2234 196 2268 μαρτυρεῖ.
220 2232 262 2257 Δι’
273 2227 311 2257 ὧν
326 2230 454 2256 ἁπάντων
466 2230 551 2264 φειδὼ
566 2230 714 2264 γεγένηται
729 2230 841 2257 καὶτῶν

55 2279 235 2314 ἐγκλημάτων
248 2274 468 2311 συγγνώμη.*Ην
477 2276 505 2303 δὲ
515 2277 530 2302 ὁ
539 2276 634 2310 καιρὸς
646 2276 707 2302 καθ’
717 2275 747 2302 ὃν
755 2276 842 2302 ταῦτα

55 2328 214 2362 ἐπράττετο,
227 2326 274 2352 ὅτε
290 2326 318 2351 ὲν
330 2322 488 2358 Μεδιολάνῳ
507 2323 538 2349 τδ
553 2323 692 2357 συνέδριον
713 2323 764 2357 τῆς
781 2331 843 2349 συν-

54 2372 108 2398 ὁδου
126 2371 343 2406 συνεκροτεῖτο·
363 2368 566 2404 συμπαρόντων
584 2368 613 2395 δὲ
631 2368 677 2397 καὶ
703 2368 758 2395 τῶν
775 2376 842 2402 πρε-

55 2417 189 2453 σσυτέρων
207 2415 262 2450 τῆς
278 2414 421 2448 Ῥωμαίων
431 2413 610 2448 Ἑκκλησίας,
621 2413 771 2447 ἐγνωκότες
783 2413 842 2448 ἅμα

54 2464 94 2489 καὶ
108 2464 153 2490 τὸν
172 2462 249 2497 μετὰ
260 2461 392 2495 τελευτὴν
416 2460 490 2492 ἄξιον
509 2460 621 2494 μνήμης
635 2460 842 2486 Κωνσταντῖνον

57 2511 119 2544 μετὰ
134 2510 232 2544 πάσης
256 2506 403 2541 ἀκριϐείας
417 2507 465 2533 καὶ
481 2505 634 2538 ἐξετάσεως
656 2505 706 2541 τὴν
722 2514 842 2541 συγγρα-

56 2557 146 2590 φεῑσαν
160 2557 260 2582 πίστιν
275 2553 462 2580 ἐκτεθεικότα.
477 2552 590 2587 Ἐπειδὴ
603 2551 632 2578 δὲ
645 2552 683 2583 ὡς
693 2551 723 2585 ἐξ
737 2551 843 2586 ἀνθρώ-

56 2610 108 2628 πων
126 2603 242 2636 ἐγένετο
258 2599 430 2635 βαπτισθεὶς,
445 2599 493 2624 καὶ
521 2598 589 2632 πρὸς
602 2598 651 2632 τὴν
663 2597 842 2632 ὀφειλομένην

57 2648 161 2684 εἰρήνην
190 2645 390 2680 ἀνεχώρησεν·
404 2644 504 2671 ἄτοπον
523 2641 593 2669 εἶναι
612 2643 671 2677 μετ’
692 2643 797 2670 ἐκεῖνόν
815 2651 841 2668 τι

56 2690 240 2729 καινοτομεῖν,
269 2691 318 2718 καὶ
330 2690 476 2728 τοσούτους
494 2690 587 2723 ἁγίους
610 2688 781 2724 ὸμολογητὰς
795 2689 843 2715 καὶ

59 2740 210 2776 μάρτυρας,
240 2737 307 2769 τοὺς
332 2737 379 2764 καὶ
395 2736 443 2763 τοῦ
467 2736 603 2771 δόγματος
619 2735 797 2770 συγγραφέας
812 2744 842 2762 τε

57 2787 100 2813 καὶ
116 2786 237 2822 εὑρετὰς
250 2784 411 2820 ὑπεριδεῖν·
432 2784 544 2815 οἵτινες
571 2783 643 2810 κατὰ
661 2783 706 2809 τὸν
727 2783 842 2810 παλαι⁵ν

57 2831 281 2868 τῆςῈκκλησίσς
296 2829 398 2864 θεσμὸν
409 2829 456 2864 τῆς
472 2828 619 2862 καθολικῆς
635 2826 756 2858 ἅπαντες
777 2835 841 2863 φρτ-

1192 613 1305 642 CAPUT
1330 614 1387 641 XL.

896 670 1016 706 Epistofa
1037 671 1209 699 Ariminensis
1227 671 1332 712 concilii
1347 671 1504 698 Constantio
1525 673 1681 707 imperatori

1248 715 1336 733 missa.

935 772 945 789 ι
967 762 1000 790 Ει
1014 763 1061 791 Dei
1077 764 1176 800 jussu,
1198 768 1226 791 et
1249 763 1361 798 pietatis
1383 768 1436 791 tute
1457 765 1597 796 mandato,
1618 773 1681 800 qua;

897 809 1051 844 antiquitus
1078 810 1230 837 constituta
1254 814 1333 842 sunt,
1356 810 1505 837 credimus.
1524 810 1679 838 Ariminum

894 861 1012 889 namque
1032 861 1065 882 ex
1090 855 1220 882 omnibus
1242 854 1401 882 Occidentis
1425 855 1540 882 urbibus
1559 855 1680 890 episcopi

893 907 992 927 omnes
1010 901 1038 927 in
1053 900 1144 927 locum
1161 900 1289 927 eumdem
1305 900 1497 933 convenimus,
1513 906 1544 928 ut
1557 901 1639 928 simul
1653 906 1681 928 et

894 945 963 973 ﬁdes
986 946 1118 974 Ecclesiae
1145 947 1289 974 catholicae
1317 952 1548 981 cognosceretur,
1578 952 1606 974 et
1632 947 1679 981 qui

894 991 975 1018 aliter
996 991 1119 1019 sentiunt
1138 992 1275 1019 manifesti
1300 991 1409 1019 ﬁerent.
1433 992 1523 1026 Atque
1548 991 1596 1018 ubi
1620 999 1679 1018 rem

895 1045 1004 1064 omnem
1030 1037 1077 1065 diu
1102 1038 1275 1072 multumque
1299 1038 1550 1070 consideravimus,
1577 1037 1681 1065 facien-

894 1082 959 1109 dum
974 1090 1035 1110 esse
1049 1083 1245 1117 comperimus,
1260 1087 1291 1110 ut
1303 1090 1363 1116 quae
1378 1082 1446 1110 ﬁdes
1462 1082 1616 1117 antiquitus
1629 1082 1680 1110 ob-

895 1127 979 1159 tinet,
1000 1131 1027 1155 et
1044 1135 1125 1162 quam
1144 1127 1286 1162 prophetae
1299 1127 1325 1154 et
1341 1128 1490 1162 Evangelia
1514 1132 1542 1155 et
1564 1129 1679 1162 apostoli

895 1181 945 1208 per
967 1174 1113 1201 Dominum
1137 1178 1261 1201 nostrum
1286 1173 1380 1201 Jesum
1405 1173 1544 1201 Christum
1570 1174 1679 1209 imperii

894 1219 933 1246 tul
949 1219 1091 1246 custodem
1102 1238 1110 1250 ,
1126 1219 1346 1253 valetudinisque
1361 1218 1443 1246 etiam
1463 1224 1593 1251 tutorem,
1609 1227 1674 1254 pro-

895 1265 1070 1300 mulgarunt,
1086 1273 1146 1293 eam
1163 1273 1178 1292 a
1194 1265 1346 1300 majoribus
1361 1269 1501 1299 acceptam
1524 1272 1679 1295 servemus.

894 1315 922 1338 et
944 1315 1080 1338 servatam
1102 1310 1136 1338 ad
1162 1310 1245 1338 ﬁnem
1272 1317 1360 1345 usque
1382 1310 1582 1337 custodiamus.
1599 1311 1682 1345 776

895 1357 930 1384 Et
950 1356 1100 1384 absurdum
1123 1355 1316 1390 nefariumquc
1337 1363 1398 1383 esse
1420 1356 1595 1390 putavimus,
1619 1363 1681 1390 qua:

895 1408 971 1431 recte
985 1408 1014 1431 et
1028 1404 1151 1438 legitime
1167 1403 1328 1434 constituta,
1343 1407 1372 1430 et
1384 1402 1481 1430 Nicaeae
1496 1402 1680 1429 communiter

896 1457 948 1476 una
978 1457 1041 1477 cum
1067 1449 1267 1484 gloriosissimo
1296 1453 1410 1483 parente
1439 1452 1486 1476 tuo
1512 1447 1680 1482 imperatore

894 1496 1077 1524 Constantino
1090 1496 1243 1523 deliberata
1264 1501 1346 1528 sunt,
1362 1503 1394 1522 ex
1419 1494 1459 1522 eis
1476 1498 1584 1521 mutare
1601 1494 1681 1528 quid-

896 1549 1132 1577 quamzquomm
1158 1541 1284 1569 doctrina
1311 1544 1340 1568 et
1364 1540 1499 1568 sententia
1526 1539 1561 1566 ad
1585 1547 1681 1567 omnes

895 1587 1018 1614 omnium
1035 1587 1178 1614 hominum
1196 1593 1278 1613 aures
1291 1590 1320 1612 et
1334 1585 1441 1612 animos
1458 1585 1567 1619 vulgata
1585 1591 1682 1618 perve-

895 1633 953 1665 nit,
980 1640 1041 1667 quae
1069 1640 1123 1659 una
1153 1631 1211 1658 Arii
1242 1631 1367 1658 haeresim
1403 1629 1568 1664 expugnavit
1598 1633 1680 1663 atque

895 1679 1050 1705 exstinxit:
1075 1686 1124 1713 per
1147 1685 1230 1713 quam
1256 1685 1311 1704 non
1330 1676 1418 1703 solum
1438 1683 1471 1703 ea
1494 1675 1568 1710 ipsa.
1591 1673 1638 1701 sed
1652 1679 1681 1701 ct

894 1725 1008 1759 reliquie
1034 1725 1154 1752 haereses
1180 1729 1245 1751 sunt
1269 1730 1392 1750 eversae:
1419 1722 1463 1749 cui
1493 1721 1605 1749 omnino
1631 1720 1674 1747 vel

895 1771 996 1798 addere
1015 1770 1166 1805 quidquam
1183 1777 1240 1802 non
1262 1773 1350 1795 tutum
1364 1787 1371 1800 ,
1391 1767 1435 1794 vel
1457 1767 1578 1793 adimere
1597 1765 1680 1793 etiam

894 1817 1078 1852 periculosum
1103 1820 1153 1843 est.
1181 1815 1271 1849 Atque
1292 1813 1314 1841 si
1338 1813 1503 1840 alterutrum
1521 1812 1548 1838 in
1563 1819 1594 1838 ea
1613 1810 1680 1837 ﬁat:

894 1863 1005 1890 licentia
1027 1862 1194 1889 adversariis
1217 1861 1314 1892 detur,
1338 1865 1368 1886 ut
1382 1857 1455 1892 quod
1475 1858 1568 1887 libeat.
1590 1857 1681 1883 facere

893 1908 935 1936 eis
955 1908 1048 1935 liceat.
1076 1907 1193 1934 Proinde
1211 1905 1343 1932 Ursacius
1367 1909 1450 1938 atque
1473 1903 1587 1934 Valens,
1607 1902 1680 1936 quod

891 1953 1052 1990 jamdudum
1069 1952 1267 1987 suﬁ‘ragatores
1288 1955 1317 1976 et
1340 1949 1491 1984 participes
1513 1948 1606 1975 Ariani
1629 1948 1680 1974 do-

894 2000 993 2035 gmatis
1003 1999 1114 2029 fuerint,
1132 2006 1147 2025 a
1162 1998 1356 2025 communione
1371 2000 1466 2023 nostra
1482 1995 1587 2022 exclusi
1602 1999 1679 2021 sunt.

893 2046 934 2073 Ad
964 2053 1045 2080 quam
1072 2048 1163 2072 tamen
1189 2043 1303 2071 admissi
1335 2047 1416 2076 sunt,
1444 2046 1623 2077 posteaquam
1650 2049 1680 2068 se

893 2099 1002 2120 errasse
1025 2095 1236 2125 cognoverunt,
1261 2094 1345 2124 atque
1370 2093 1400 2116 ut
1426 2089 1461 2116 ad
1488 2089 1679 2122 paenitentiam

893 2137 1115 2169 admitterentur,
1139 2144 1168 2164 et
1191 2144 1270 2164 noxae
1294 2137 1412 2171 gratiam
1428 2139 1679 2170 consequerentur,

894 2187 1067 2211 oraverunt:
1092 2182 1119 2210 id
1144 2182 1216 2218 quod
1241 2182 1376 2217 scriptum
1401 2189 1499 2210 eorum
1521 2185 1678 2210 attestatur.

895 2229 1069 2264 Quapropter
1085 2233 1117 2255 ut
1138 2229 1166 2256 iu
1188 2229 1305 2263 gratiam
1329 2229 1530 2263 reciperentur,
1552 2232 1580 2255 et
1600 2227 1679 2254 venia

894 2277 935 2303 eis
948 2275 1111 2303 delictorum
1129 2275 1251 2306 daretur,
1266 2274 1458 2301 obtinuerunt.
1477 2274 1588 2300 Factum
1607 2272 1634 2299 id
1648 2280 1680 2299 eo

895 2326 1030 2356 tempore,
1049 2329 1111 2348 cum
1129 2320 1275 2348 Mediolani
1292 2319 1414 2355 synodus
1432 2323 1474 2345 est
1490 2321 1596 2349 coacta,
1614 2325 1675 2351 pre-

894 2368 1014 2403 sbyteris
1036 2374 1148 2402 quoque
1175 2367 1305 2393 Romanas
1328 2364 1458 2392 Ecclesiae
1485 2363 1679 2398 pl‘tEsenlibus.

894 2413 1002 2441 Norunt
1017 2413 1068 2445 illi,
1084 2420 1148 2440 eum
1171 2412 1219 2447 qui
1235 2411 1318 2439 etiam
1340 2414 1401 2445 post
1418 2409 1523 2436 obitum
1546 2408 1680 2435 memoria

895 2460 995 2494 dignus
1012 2463 1074 2493 est,
1094 2458 1305 2486 Constantinum
1325 2456 1400 2484 omni
1416 2455 1470 2483 adh
1483 2455 1539 2481 bita
1554 2454 1680 2487 exquisi-

894 2507 965 2534 tiore
977 2514 1044 2534 cura
1063 2511 1092 2533 et
1106 2505 1281 2541 diligentiore
1302 2503 1525 2537 investigatione,
1540 2500 1602 2528 ﬁdei
1618 2508 1680 2534 pru-

895 2554 1054 2586 fcssioncm,
1074 2560 1135 2587 quae
1149 2551 1223 2589 edita
1238 2555 1292 2581 est.
1315 2549 1481 2584 publicasse.
1498 2547 1679 2581 Posteaquam

894 2605 986 2627 autem
1006 2599 1163 2634 baptizatus
1186 2597 1242 2628 ille,
1262 2597 1335 2623 inter
1358 2595 1483 2622 homines
1503 2601 1564 2621 esse
1586 2594 1678 2625 desiit,

893 2651 921 2673 et
934 2646 967 2672 ad
985 2646 1105 2673 debitam
1122 2644 1175 2672 sibi
1188 2643 1307 2678 quietem
1323 2641 1473 2668 translatus
1489 2645 1541 2673 est,
1556 2640 1679 2674 ineptum

894 2699 954 2719 esse
977 2691 1083 2723 sciunt,
1102 2698 1179 2718 novae
1195 2689 1345 2725 quidquam
1364 2687 1403 2714 rei
1423 2687 1574 2719 invehere,
1596 2691 1623 2713 ct
1641 2690 1679 2712 [οι
1718 2682 1721 2684 ⁷

894 2741 1003 2765 sanctos
1026 2737 1120 2763 Patres
1143 2736 1316 2763 confessores
1339 2737 1367 2761 et
1392 2737 1527 2768 martyres
1543 2731 1679 2766 dogmatis

895 2783 981 2818 ipsius
998 2787 1124 2810 auctores
1143 2786 1225 2815 atque
1250 2782 1413 2808 inventores
1437 2778 1580 2813 despicere
1597 2785 1604 2804 :
1630 2776 1678 2810 qui

894 2829 1004 2865 quidem
1026 2827 1132 2861 Patres,
1148 2827 1225 2862 juxta
1244 2831 1364 2855 veterem
1386 2824 1514 2853 Ecclesia:
1535 2822 1677 2850 catholica:
