1901 3047
224 114 277 144 ἷ83
836 113 1047 144 NlCEPllORl
1068 113 1243 145 CALLlSTl

1807 116 1855 146 33l

225 169 408 201 Sanctionem,
427 176 523 210 omnes
542 168 569 195 in
587 169 683 196 eadem
700 170 836 197 sententia
856 177 1015 204 persevera-

1068 169 1177 200 νοῦντες
1191 171 1427 207 διαμεμενήκασιν
1438 180 1445 188 ·
1471 168 1510 199 ὧν
1520 172 1533 198 ὁ
1547 171 1613 202 θεὸς
1633 171 1684 206 τὴν
1699 172 1794 199 πίστιν
1811 174 1855 201 καὶ

228 221 312 245 runt:
328 223 481 250 eorumque
501 215 583 242 etiam
603 215 683 242 iidem
701 216 774 243 Deus
795 216 828 243 ad
847 215 955 250 imperii
977 215 1015 243 tui

228 267 282 288 tcm
288 268 354 296 pora
367 261 537 290 transmisit.
563 268 611 295 per
625 261 772 288 Dominum
785 266 910 289 nostrum
923 261 1015 289 Jesum

227 308 366 335 Christum
381 327 388 339 ,
409 308 488 341 cujus
507 307 642 334 benelicio
659 308 806 342 imperium
824 308 951 340 obtines,
973 315 1016 335 re-

229 360 346 387 rumque
372 353 397 379 in
417 353 483 380 orbe
507 353 590 380 etiam
613 357 709 380 nostro
735 354 844 388 potiris.
869 355 903 380 At
922 361 1016 380 rursus

229 399 377 426 miserandi
389 405 416 426 et
429 402 578 428 mrumuosi
593 400 634 428 illi
648 400 731 436 impia
747 406 839 428 mente
854 401 1016 436 nefarioque

228 453 296 472 ausu
317 452 459 480 praecones
477 445 584 480 seipaos
602 445 692 480 impia:
708 446 847 480 opinionis
872 447 1016 474 renuntia-

230 495 312 524 runt,
336 495 362 518 et
380 491 504 518 veritatis
525 492 751 519 constitutionem
773 497 898 520 evertere
923 494 1014 521 conati

229 542 302 565 sunt.
336 538 483 572 Postquam
511 538 597 570 enim,
619 539 696 573 juxta
731 539 892 566 mandatum
923 544 1013 571 tuum.

229 585 328 620 synodi
353 585 501 612 concilium
527 590 650 612 coactum
671 590 730 617 est,
755 585 924 614 seductionis
939 587 1015 614 frau-

230 631 328 666 disque
346 639 401 658 suzc
418 631 456 658 illi
476 631 622 658 consilium
640 631 804 659 detexerunt
820 641 826 659 :
846 633 928 668 777
950 640 1016 660 con-

229 676 380 704 tenderunt
405 683 524 711 namque
551 676 674 704 versutia
700 677 817 711 quadam
846 679 1015 705 tumultuose

229 728 291 748 sese
311 721 487 756 ingerentes,
502 729 605 749 novare
623 723 773 758 quiddam,
790 723 837 751 ubi
860 724 1015 752 sodalitatis

229 766 433 802 impietatisque
459 768 583 803 ejusdem
613 777 670 797 sua:
699 775 860 804 compertos
889 771 1015 799 homines

230 812 415 844 invenissent.
445 813 634 846 Germinium.
660 815 826 844 Auxentium
851 821 879 845 et
902 817 1013 850 Caium,

229 859 335 897 dissidii
352 863 379 886 ct
396 860 541 887 seditionis
558 866 685 888 auctores
699 871 705 888 :
719 870 838 896 quorum
857 862 1016 890 inconstans

230 904 356 931 doctrina
376 905 606 939 blasphemiarum
623 908 746 933 omnium
765 915 896 935 acervum
917 909 1016 943 impie-

230 954 286 978 tate
304 958 355 978 sua
381 951 461 985 longe
483 951 601 978 excedit.
626 952 676 980 Ubi
699 960 766 980 vero
793 953 1015 983 animadvertere

230 1003 281 1023 nos
301 1004 353 1023 non
371 996 495 1030 ejusdem
513 997 624 1024 limresis
646 1005 723 1030 esse,
741 1006 831 1034 neque
846 1000 937 1034 pravis
957 1000 1016 1035 opi-

229 1041 361 1068 nionibus
373 1049 469 1068 eorum
486 1043 625 1073 assentiri.
640 1043 668 1070 in
683 1044 830 1070 concilium
846 1052 874 1072 se
891 1049 1015 1072 nostrum

231 1086 425 1118 insinuat-unt,
443 1087 557 1121 perinde
583 1093 665 1119 atque
691 1089 766 1116 aliud
792 1089 942 1125 quidquam
966 1091 1015 1117 de-

230 1132 344 1158 creturi.
371 1132 506 1160 Perbreve
521 1137 611 1160 autem
630 1135 788 1161 intercessit
805 1140 922 1170 tempus,
941 1136 1015 1171 quod

230 1185 326 1205 eorum
351 1179 501 1206 sententias
525 1180 552 1207 in
583 1181 674 1208 lucem
702 1188 856 1216 eoarguens
887 1183 1014 1217 protulit.

231 1226 330 1254 Vl-rum
353 1228 494 1254 enimvero
516 1235 549 1255 nc
576 1236 618 1256 res
635 1228 764 1256 Ecclesiae
786 1237 895 1264 semper
917 1230 1014 1257 eodem

231 1273 396 1308 ailligeretur
410 1280 485 1305 casu,
503 1274 639 1309 turbaque
653 1279 682 1302 et
699 1275 833 1303 tumultus
852 1275 1015 1310 provolutus

231 1327 328 1346 omnes
343 1319 601 1354 comprehenderet,
620 1321 790 1348 tutissimum
812 1322 902 1349 visum
915 1328 969 1354 est,
985 1326 1016 1348 ut

231 1372 292 1398 quae
311 1365 465 1398 antiquitus
485 1364 596 1392 deoreta
612 1370 691 1397 sunt.
708 1365 814 1401 integra
831 1373 913 1397 atque
929 1366 1017 1393 invio-

231 1410 285 1437 lata
299 1416 500 1438 servarentur:
519 1416 601 1446 atque
618 1412 657 1439 illi
675 1419 743 1445 quos
761 1412 892 1445 diximus,
910 1419 924 1439 a
940 1419 1016 1439 com-

231 1458 335 1484 mercio
368 1457 620 1492 communioneque
659 1463 753 1485 nostra
789 1463 1013 1492 segregarentur.

1067 216 1108 247 sl;
1122 216 1186 248 τοὺς
1210 216 1273 248 σοὺς
1290 218 1405 252 χρόνους
1422 218 1474 252 τῆς
1489 217 1630 252 βασιλείας
1658 219 1801 252 μετέδωκε
1813 219 1855 246 διὰ

1068 262 1115 289 τοῦ
1128 263 1266 290 Δεσπότου
1279 264 1360 298 ἡμῶν
1383 264 1472 299 Ἰησοῦ
1488 263 1609 299 Χριστοῦ
1621 272 1628 279 ·
1646 263 1680 290 δι’
1695 264 1726 291 οὗ
1749 273 1791 291 σοι
1811 265 1855 291 καὶ

1067 307 1098 334 τὸ
1113 307 1267 342 βασιλεύειν
1280 308 1415 344 ὑπῆρξεν,
1429 308 1467 341 ὡς
1478 309 1526 335 καὶ
1539 309 1589 342 τῆς
1600 308 1661 335 καθ’
1673 309 1749 344 ἡμᾶς
1766 309 1855 336 οἰκου-

1069 353 1153 388 μένης
1169 355 1293 390 κρατεῖν.
1311 355 1396 381 Πάλιν
1411 355 1477 388 γοῦν
1494 355 1608 381 ἑλεεινοὶ
1627 355 1674 382 καὶ
1688 356 1797 390 clx-spot
1820 355 1855 389 τῷ

1069 401 1237 435 φρονήματι,
1256 401 1378 436 ἀθεμίτῳ
1390 401 1546 436 τολμήματι
1565 402 1614 436 τῆς
1629 401 1780 433 δυσσεὸοὖς
1791 410 1855 436 φρο-

1067 445 1181 479 νήσεως,
1203 446 1328 481 κήρυκάς
1345 455 1374 473 τι
1387 446 1500 478 ἑαυτοὺς
1516 446 1685 481 ἀνήγγειλαν
1696 468 1704 479 ,
1727 447 1776 473 καὶ
1801 448 1856 473 tm-

1067 491 1207 527 χειροῦσιν
1221 492 1386 526 ἀνατρέπειν
1407 492 1460 519 πᾶν
1477 492 1605 527 ἀληθείας
1632 492 1790 527 σύνταγμα.
1813 492 1854 524 Ὣς

1067 537 1122 572 γὰρ
1136 537 1207 564 κατά
1224 538 1254 564 τὸ
1273 538 1319 564 σὺν
1333 539 1502 573 πρόσταγμα
1526 537 1556 564 τὸ
1573 539 1713 573 συνέδριον
1728 539 1779 572 τῆς
1794 546 1854 564 συν-

1067 583 1127 609 όδου
1146 584 1347 617 συνεκροτεῖτο,
1363 584 1483 610 κάκεῖνοι
1502 584 1552 618 τῆς
1577 583 1643 614 ἰδίας
1660 584 1772 618 ἀπάτης
1794 583 1855 617 ἐγύ-

1069 637 1152 664 μνουν
1171 628 1220 664 τὴν
1236 629 1343 663 σκέψιν.
1371 629 1539 664 Ἐπειρῶντο
1555 629 1610 664 γὰρ
1631 629 1791 664 πανουργίᾳ
1806 630 1856 654 τινὶ

1067 676 1115 703 καὶ
1129 675 1236 712 ταραχῇ
1251 676 1452 711 προσφέροντές
1465 685 1492 702 τι
1504 677 1689 711 καινοτομεῖν,
1700 678 1752 711 τῆς
1768 676 1858 702 τοιαύ-

1066 731 1116 757 της
1128 723 1251 758 ἑταιρίας
1260 723 1325 754 τοὺς
1340 722 1592 757 συναλισκομένους
1604 723 1745 757 εὑρόντες,
1757 723 1857 757 Γερμί-

1066 778 1134 801 νιον,
1159 769 1303 801 Δὺξὲντιον
1332 768 1381 795 καὶ
1404 769 1495 800 Γάϊον,
1509 769 1573 800 τοὺς
1586 769 1635 804 τὴν
1649 769 1708 804 ἔριν
1725 769 1772 795 καὶ
1787 769 1858 804 διχο-

1068 814 1180 841 στασίαν
1195 813 1380 847 ἐμποιοῦντας
1390 821 1397 829 ·
1412 810 1478 848 ὧνή
1499 813 1662 840 διδασκαλία
1679 813 1717 847 μὴ
1737 815 1858 848 μένουσα

1067 861 1121 887 πᾶν
1143 860 1245 894 πλῆθος
1259 860 1439 895 βλασφημιῶν
1454 859 1641 895 ὑπερϐέϐηκε.
1663 860 1709 891 Ὠς
1724 860 1752 886 δὲ
1770 862 1859 886 συνεῖ-

1066 906 1110 933 δον
1127 906 1189 940 οὐχ).
1202 905 1254 939 τῆς
1272 905 1357 938 αὐτῆς
1373 905 1509 939 αἱρέσεως
1529 904 1621 936 ὂντας,
1649 904 1706 931 οὗθ’
1735 906 1858 938 ὁμογνω-

1069 951 1217 986 μονοῦντας
1235 951 1278 985 ἐφ’
1295 947 1336 982 οἷς
1357 950 1451 981 κακῶς
1473 951 1618 985 ἐφρόνουν,
1635 950 1675 982 είς
1690 950 1722 976 τὸ
1737 951 1859 985 συμῦοὐ-

1066 997 1122 1024 λιον
1136 997 1215 1032 ἡμῶν
1236 998 1395 1032 μετήγαγον
1405 997 1532 1030 ἑαυτοὺς,
1556 997 1593 1029 ὡς
1609 997 1699 1024 δοκεῖν
1716 998 1814 1033 ἕτερόν
1833 1007 1858 1025 τι

1066 1044 1194 1078 γράφειν.
1213 1041 1267 1070 Ἦν
1281 1043 1310 1070 δὲ
1326 1044 1340 1069 ό
1350 1043 1448 1078 καιρδς
1461 1043 1566 1078 βραχὺς
1579 1044 1594 1070 ὁ
1612 1044 1660 1070 καὶ
1679 1043 1732 1075 τὰς
1744 1044 1858 1078 γνώμας

1066 1088 1157 1114 αὐτῶν
1182 1087 1342 1123 ἐξελέγχων,
1373 1087 1423 1114 'lv‘
1446 1087 1492 1114 οὖν
1510 1087 1548 1122 μὴ
1573 1089 1630 1120 τοῖς
1645 1088 1739 1119 αὐτοῖς
1754 1089 1792 1114 τὰ
1809 1090 1858 1123 τῆς

1073 1134 1238 1169 Ἐκκλησίας
1266 1134 1433 1169 περιπίπτῃ,
1467 1134 1514 1160 καὶ
1541 1134 1650 1169 ταραχὴ
1676 1135 1725 1160 καὶ
1742 1135 1858 1169 θόρυσος

1067 1180 1279 1215 καλινδούμενος
1304 1180 1430 1212 ἅπαντας
1457 1180 1570 1215 συνέχῃ,
1596 1180 1705 1215 βέϐαιον
1720 1181 1810 1215 ἐφάνη
1826 1182 1857 1206 τε

1067 1227 1152 1253 πάλαι
1171 1226 1313 1262 ὡρισμένα
1330 1227 1377 1253 καὶ
1395 1227 1590 1262 ἀμετακίνητα
1606 1226 1755 1261 φυλάττειν
1770 1235 1777 1241 ·
1796 1229 1857 1258 τοὺς

1066 1273 1093 1300 δὲ
1110 1272 1330 1308 προειρημένους
1342 1272 1391 1307 τῆς
1407 1272 1546 1308 ἡμετέρας
1557 1273 1698 1303 κοινωνίας
1711 1273 1856 1307 ἀποκεχω-

1067 1318 1170 1352 ρίσοαι.
1185 1318 1225 1344 Δι’
1243 1319 1276 1353 ἢν
1296 1318 1386 1344 αἰτίαν
1403 1319 1467 1349 τοὺς
1490 1319 1703 1351 ἁναδιδάξοντας
1725 1319 1857 1352 Ιιτρέσῦεις

1067 1367 1137 1400 πρὸς
1150 1365 1199 1400 τὴν
1214 1365 1262 1400 σὴν
1274 1365 1425 1392 ιπιείκειαν
1440 1365 1665 1399 ἀπεστάλκαμεν,
1680 1365 1731 1399 τὴν
1741 1366 1858 1400 γνώμην

1066 1410 1113 1436 τοῦ
1131 1410 1271 1446 συνεδρίου
1285 1411 1330 1438 διὰ
1346 1411 1396 1446 τῆς
1411 1411 1559 1446 ἐπιστολῆς
1589 1414 1778 1447 μηνύσοντας.
1796 1413 1857 1444 τοῖς

1066 1455 1095 1481 δὲ
1110 1454 1254 1490 πρέσσεσι,
1268 1455 1322 1489 πρό
1333 1463 1365 1489 γι
1381 1456 1493 1482 πάντων
1507 1456 1588 1483 τοῦτο
1611 1457 1858 1492 παρεκελευσάμε-

231 1503 318 1536 Quam
335 1503 370 1530 ob
384 1510 496 1530 causam
516 1507 642 1531 oratores
657 1508 767 1531 nostros
781 1504 815 1531 ad
840 1505 1014 1532 clementiam

1068 1500 1114 1534 θα,
1129 1502 1159 1527 τὸ
1177 1501 1226 1536 τὴν
1250 1502 1382 1537 ἀλήθειαν
1405 1503 1596 1529 πιστώσασολι
1627 1503 1660 1529 ὲκ
1686 1503 1743 1529 τῶν
1771 1504 1859 1530 πάλαι

232 1553 306 1576 tuam
328 1548 471 1582 misimus,
494 1550 540 1584 qui
558 1549 647 1576 eidem
666 1550 778 1577 concilii
796 1550 886 1578 nostri
903 1554 1016 1577 senten-

231 1595 297 1622 tiam
317 1602 367 1630 per
390 1595 524 1629 scriptum
550 1602 659 1630 quoque
675 1595 798 1623 indicent
821 1600 904 1631 atque
921 1596 1015 1623 decla-

231 1646 302 1669 rent.
320 1641 427 1674 Quibus
442 1641 509 1668 illud
528 1649 638 1676 quoque
655 1642 792 1677 praecipue
811 1642 1014 1676 mandavitnus,

230 1694 262 1716 ut
289 1695 323 1716 ex
351 1687 473 1722 antiquis
500 1687 685 1723 legitimisque
717 1688 860 1721 decretis,
887 1689 1015 1716 veritatis

231 1734 313 1762 ﬁdem
341 1733 463 1766 faciant,
489 1741 604 1769 eamque
631 1734 805 1762 conﬁrment.
832 1735 1015 1764 Declarabunt

232 1779 272 1807 illi
293 1779 376 1807 etiam
400 1779 540 1807 sanctitati
563 1783 631 1812 tum,
647 1779 760 1808 minime
777 1779 897 1808 futuram
909 1801 917 1814 ,
933 1781 1015 1809 sicuti

232 1825 362 1853 Ursacius
377 1830 404 1852 et
422 1825 522 1853 Valens
536 1825 642 1859 dixere,
663 1833 768 1861 pacem,
786 1826 809 1854 si
824 1826 890 1862 quid
905 1827 933 1854 in
949 1827 1015 1862 legi-

232 1871 307 1898 timis
317 1871 560 1899 constitutonibus
573 1871 748 1899 immutatum
763 1871 858 1900 fuerit.
871 1872 1015 1906 Quomodo

231 1923 350 1950 namque
366 1923 459 1950 pacem
477 1921 599 1949 servent,
620 1917 666 1952 qui
683 1925 776 1952 pacem
795 1917 880 1953 ipsam
897 1918 1015 1946 tollunt?

230 1962 300 1995 Quin
316 1963 457 1990 contentio
473 1963 564 1996 potius
577 1967 604 1990 et
619 1964 697 1990 turba
712 1971 760 1997 per
774 1968 865 1998 coepta
877 1964 1013 1999 ejusmodi

230 2017 294 2036 cum
320 2009 402 2042 alibi,
429 2013 487 2036 tum
512 2009 540 2036 in
567 2009 690 2037 Romana
715 2009 835 2037 Ecclesia
859 2011 1012 2039 exorietur.

231 2055 325 2089 Itaque
340 2055 491 2082 clementia:
502 2062 554 2081 tua:
565 2055 761 2089 supplicamus,
776 2060 806 2083 ut
820 2063 920 2084 sereno
935 2057 1013 2084 vultu

232 2101 381 2135 respicias,
402 2100 586 2136 benignisque
611 2101 727 2129 auribus
751 2107 877 2130 oratores
904 2107 1015 2131 nastros

232 2148 345 2179 audias,
371 2155 461 2182 neque
484 2155 546 2175 cum
569 2148 763 2177 defunctorum
787 2150 887 2185 injuria
912 2158 1015 2178 novare

1065 1547 1189 1581 ἀρχαίων
1200 1547 1313 1579 δικαίως
1324 1547 1487 1582 ὡρισμένων
1499 1555 1508 1566 ι
1533 1547 1558 1574 οἶ
1573 1548 1622 1574 καὶ
1634 1548 1684 1583 τὴν
1697 1549 1748 1583 σὴν
1763 1549 1858 1575 ἀναδι-

1065 1593 1194 1625 δάξουαιν
1207 1594 1350 1628 ὁσιότητα,
1361 1594 1401 1620 ὅτι
1413 1595 1462 1629 οὐχ
1474 1593 1570 1630 ὥσπερ
1584 1594 1691 1629 ἔφησαν
1703 1595 1858 1629 Οὑρσὰκιος

1067 1642 1113 1667 καὶ
1128 1640 1245 1676 Οὐάλης,
1272 1640 1349 1668 ἔσται
1369 1642 1479 1676 εἰρήνη.
1503 1642 1583 1677 εἴπερ
1607 1651 1634 1669 τι
1663 1642 1719 1669 τῶν
1741 1642 1858 1669 δικαίων

1064 1687 1248 1723 ἀνατραπείη.
1275 1688 1338 1720 Πῶς
1366 1689 1421 1723 γὰρ
1435 1688 1549 1722 εἰρήνην
1565 1686 1622 1715 οἷόν
1635 1697 1664 1715 τε
1680 1689 1760 1722 ἄγειν
1792 1690 1857 1720 τοὺς

1065 1733 1115 1769 τὴν
1125 1735 1238 1769 είρήνην
1252 1734 1437 1765 καταλύοντας
1450 1743 1457 1767 ;
1477 1725 1580 1769 μᾶλλοῦ
1593 1734 1648 1769 γὰρ
1665 1734 1724 1769 ἔρις
1740 1735 1790 1761 καὶ
1809 1743 1859 1762 τα-

1066 1779 1138 1816 ραχὴ
1151 1782 1182 1807 ὲκ
1193 1780 1297 1807 τούτων
1308 1781 1356 1808 σὺν
1367 1781 1427 1811 ταῖς
1438 1781 1548 1813 λοιπαῖς
1561 1782 1657 1808 πόλεσι
1671 1782 1721 1808 καὶ
1734 1783 1766 1817 τῇ
1788 1782 1859 1809 Ῥω-

1067 1826 1155 1862 μαίων
1167 1825 1316 1861 Ἑκιιλησίςι⁵
1331 1827 1488 1861 γενήσεται.
1518 1826 1565 1853 Διδ
1581 1826 1613 1862 δὴ
1626 1826 1791 1861 ἱκετεύομεν
1807 1827 1859 1863 τὴν

1065 1872 1116 1908 σὴν
1126 1872 1289 1905 ἐπιείκειαν,
1302 1872 1346 1898 ἴνα
1356 1871 1522 1908 προσηνέσιν
1533 1873 1630 1904 ἀκοαῖς
1642 1873 1691 1900 καὶ
1701 1873 1858 1909 γαληνιαίῳ

1066 1918 1204 1954 βλέμματι
1219 1918 1282 1949 τοὺς
1297 1918 1450 1953 ἡμετέρους
1467 1918 1598 1954 πράσσεις
1610 1919 1775 1954 ἁθρήσειας,
1788 1920 1859 1954 μηδὲ

1065 1966 1135 1998 προς
1152 1964 1231 2000 ὕϐριν
1257 1964 1312 1990 τῶν
1332 1964 1570 1999 τετελευτηκότων
1590 1966 1685 1992 καινόν
1705 1973 1733 1991 τι
1755 1967 1858 2000 μεταλ-

1065 2010 1172 2037 λάττειν
1200 2010 1395 2045 ἔπιτρὲψειαςο
1425 2010 1495 2038 ἀλλὰ
1519 2010 1604 2046 ἐάσῃς
1624 2011 1756 2045 ἐμμένειν
1782 2012 1858 2047 ἡμᾶς

1065 2058 1121 2088 τοῖς
1141 2057 1217 2090 παρὰ
1231 2057 1285 2082 τῶν
1299 2057 1441 2092 προγόνων
1456 2056 1591 2093 ὁρισθεϊσί
1602 2065 1630 2083 τε
1648 2058 1696 2084 καὶ
1709 2059 1858 2093 νενομοθε-

1064 2103 1206 2137 τημένοις,
1226 2102 1274 2134 οὓς
1286 2103 1393 2130 ἃπαντα
1411 2103 1481 2137 μετὰ
1492 2104 1633 2138 ἀγχινοίας
1648 2112 1678 2129 τε
1692 2105 1741 2130 καὶ
1751 2106 1857 2139 φρονὴ-

1066 2156 1137 2179 σεως
1154 2149 1202 2174 καὶ⁸
1219 2148 1379 2181 Πνεύματος
1397 2148 1476 2181 ἁγίου
1505 2149 1689 2183 πεποιηκέναι
1715 2150 1858 2185 φήσαιμεν

233 2193 382 2228 quidquam
396 2198 424 2221 et
439 2198 543 2222 mutare
559 2195 702 2230 permittas
715 2216 722 2229 ,
738 2197 785 2224 sed
797 2204 848 2224 nos
862 2197 890 2224 in
905 2197 938 2225 ils
952 2204 1014 2232 quae

1068 2194 1109 2221 ἄν.
1124 2194 1166 2220 Τὰ
1180 2194 1234 2228 γὰρ
1249 2193 1297 2220 νῦν
1312 2193 1378 2229 παρ’
1404 2194 1517 2220 ἐκείνων
1543 2195 1787 2230 καινοτομούμενα
1798 2196 1856 2227 τοῖς

233 2248 247 2266 a
264 2240 414 2274 majorith
428 2241 529 2268 nostris
544 2240 656 2269 definita
673 2242 850 2278 legitimeque
866 2244 1014 2271 constituta

233 2291 307 2319 sunt,
329 2287 527 2322 conquiescere
548 2288 641 2315 sinas:
666 2297 735 2324 quos
754 2289 878 2324 profecto
899 2290 1017 2318 solerter

233 2337 260 2359 et
274 2332 423 2367 prudenter
445 2333 537 2361 omnia
556 2333 676 2368 Spiritus
695 2336 784 2362 sancti
807 2335 899 2362 alliam
925 2335 1016 2370 egisse

233 2377 392 2405 dixerimus.
407 2378 472 2411 Quae
487 2387 551 2406 νιιτο
568 2388 643 2408 nunc
655 2381 689 2409 ab
705 2381 765 2409 istis
782 2386 932 2412 n0vantur.
950 2382 1017 2409 iide-

233 2424 305 2450 Ii‘bus
333 2424 442 2458 quidem
471 2425 711 2460 incredulitatem,
739 2427 898 2454 inﬁdelibus
922 2432 1015 2455 autem

234 2470 402 2498 l‘crocilatcm
427 2471 555 2500 aderunt.
586 2473 780 2508 Supplicamus
806 2478 958 2507 prattcrea,
987 2478 1017 2501 ut

234 2516 379 2550 episcopos
397 2518 442 2551 qui
466 2517 493 2544 in
509 2518 669 2553 longinquis
688 2518 842 2552 alienisque
857 2518 1016 2553 regionibus

234 2562 353 2596 degunt,
370 2567 396 2590 et
413 2563 453 2591 vel
468 2563 556 2591 aetatis
571 2563 726 2598 grandioris
750 2564 936 2592 imbecillitate
949 2584 956 2596 ,
973 2565 1015 2592 vel

236 2609 404 2642 paupertatis
423 2609 557 2644 gravioris
582 2608 742 2637 diﬁicultatc
761 2615 936 2644 premuntur,
952 2618 1015 2638 cum

235 2653 305 2680 bona
321 2655 400 2682 venia
418 2655 508 2682 redire
517 2655 550 2682 ad
561 2661 625 2682 suos
637 2655 744 2690 iubeas,
760 2664 792 2683 ne
806 2657 940 2688 ecclesias.
952 2657 1011 2691 epi-

235 2701 324 2734 scopis
336 2708 432 2728 carum
447 2700 482 2727 ab
498 2701 539 2728 eis
553 2700 709 2737 disjuuctis,
723 2702 829 2730 diutius
846 2703 874 2730 in
889 2704 935 2730 tali
951 2703 1017 2730 soli-

237 2746 331 2773 tudine
348 2752 536 2780 permaneant.
556 2747 639 2782 778
657 2747 758 2776 Adhzcc
779 2751 891 2783 inauper
910 2748 1013 2780 omnia,

238 2791 303 2818 tilud
328 2799 438 2826 quoque
463 2797 488 2819 te
512 2800 640 2826 oramus,
667 2799 695 2821 ut
724 2802 756 2822 ne
778 2795 844 2829 quid
868 2794 1016 2823 adimatur,

241 2845 307 2865 nqu
326 2837 442 2866 addatur
461 2838 494 2866 ad
518 2848 548 2866 ca
574 2847 632 2874 qua:
654 2840 728 2874 prius
752 2841 913 2872 tentabant,
937 2840 1017 2875 quid-

1068 2240 1117 2275 μὲν
1130 2240 1307 2267 πιστεύουσιν
1323 2241 1456 2267 ἀπιστίαν
1467 2241 1566 2274 ἐποίει,
1579 2242 1637 2272 τοῖς
1651 2241 1679 2268 δὲ
1688 2241 1856 2268 ἀπιστοῦσιν

1065 2285 1208 2321 ὠμότητα.
1240 2285 1412 2321 Ὶκετεύομεν
1439 2286 1467 2312 δὲ
1494 2286 1546 2318 ἔτι,
1567 2287 1612 2314 ἴνα
1640 2286 1775 2323 κελεύσῃς
1791 2289 1858 2318 τοὺς

1067 2332 1235 2364 ἐπισκόπους
1258 2332 1321 2363 τοὺς
1336 2332 1365 2358 ὲν
1385 2331 1554 2363 ἀλλοδαπαίς
1570 2332 1776 2367 διατρίόοντας,
1807 2334 1857 2365 οὓς

1066 2379 1114 2405 καὶ
1130 2379 1160 2405 τὺ
1172 2379 1221 2412 τῆς
1237 2377 1345 2413 ἡλικίας
1358 2378 1500 2410 ἐπίπονον,
1523 2378 1572 2405 καὶ
1585 2379 1616 2405 τὸ
1629 2379 1679 2414 τῆς
1697 2379 1797 2412 πενίας
1812 2382 1857 2406 ιν-

1066 2425 1124 2458 δεές
1149 2425 1256 2460 τρύχει.
1284 2426 1334 2460 τὴν
1351 2427 1392 2457 εις
1414 2426 1449 2452 τὰ
1463 2426 1553 2452 οίκεῐα
1571 2427 1741 2462 ἀνακομιδὴν
1759 2428 1856 2463 ῥᾳδίαν

1067 2472 1246 2505 ποιήσασθαι,
1266 2471 1309 2498 ἵνα
1327 2471 1364 2507 μὴ
1381 2471 1481 2507 ἔρημοι
1495 2472 1551 2498 τῶν
1565 2472 1726 2499 ἐπισκόπων
1748 2474 1858 2508 ἀφωρι-

1068 2517 1174 2552 σμένων
1185 2519 1213 2544 αι
1223 2517 1368 2551 ἐκκλησίαι
1381 2517 1560 2552 διαμένωσιν.
1573 2518 1634 2545 Ἔτι
1645 2519 1675 2545 δὲ
1684 2519 1757 2552 πρὸς
1767 2519 1824 2546 ᾶπα
1830 2528 1856 2545 σι

1067 2562 1113 2588 καὶ
1128 2561 1207 2587 τοῦτο
1220 2561 1348 2596 δεόμεθα,
1366 2561 1410 2587 ἴνα
1439 2561 1523 2596 μηδὲν
1537 2561 1650 2597 ἐλλείπῃ
1663 2570 1690 2588 τι
1708 2562 1766 2588 τῶν
1783 2570 1856 2596 προ-

1067 2607 1259 2642 ϋπαρξάντων,
1281 2607 1352 2642 μήτε
1368 2607 1515 2643 πλεονάζῃ,
1532 2607 1602 2633 ἀλλὰ
1617 2607 1709 2634 πάντα
1724 2608 1855 2642 apsum

1067 2653 1195 2688 διαμένῃ,
1210 2654 1241 2678 ἐκ
1258 2652 1308 2685 τῆς
1333 2652 1382 2678 τοῦ
1398 2652 1444 2678 σοῦ
1458 2653 1562 2688 πατρὸς
1577 2653 1721 2684 εὐσεϐείας
1745 2654 1795 2680 καὶ
1813 2654 1855 2684 είς

1068 2699 1114 2726 τὺν
1133 2698 1180 2725 νῦν
1197 2698 1292 2733 χρόνον
1308 2698 1545 2732 διαφυλαττόμενα
1556 2707 1563 2714 ·
1578 2699 1648 2733 μήτε
1669 2699 1765 2726 λοιπὸν
1779 2700 1854 2734 ἡμᾶς

1071 2744 1198 2780 μοχθεῖν·
1215 2744 1262 2770 καὶ
1287 2743 1342 2770 τῶν
1357 2743 1467 2770 οἶκείων
1483 2745 1676 2780 παροικήσεων
1692 2743 1854 2779 ἀλλοτρίους

1069 2790 1246 2826 ἐπιτρέψειας
1259 2789 1388 2823 γενέσθαι
1402 2799 1408 2804 ·
1422 2789 1479 2816 ἀλλ’
1496 2790 1539 2817 ἵνα
1553 2792 1577 2817 οἱ
1591 2791 1736 2817 ἐπίσκοποι
1754 2791 1803 2817 νῦν
1812 2791 1853 2824 τῷ

1069 2839 1125 2873 ἰδίῳ
1142 2837 1198 2871 λαῷ
1218 2837 1275 2871 μετ’
1295 2835 1406 2870 εἰρήνης
1419 2837 1458 2868 εἰς
1478 2837 1596 2872 εὐωχίας
1609 2845 1637 2862 τε
1654 2837 1702 2863 καὶ
1716 2836 1849 2870 λατρείας
