1901 3047
233 146 285 177 387

824 141 1034 174 NICEPHORI
1051 141 1223 172 CALLISTI

1805 144 1856 176 38

234 200 419 229 sectatoribus
435 199 592 228 facultatem
605 198 777 233 permisisse.
793 204 822 226 ut
834 207 904 234 quas
917 199 1018 226 vellent

1070 199 1292 233 ἀναγνωσθεῖσαν
1323 199 1414 226 πίστιν
1431 199 1516 225 πᾶσιν
1543 198 1713 226 ὲκδῖἓοσθαι’
1735 199 1784 226 καὶ
1799 201 1855 227 ὅσοι

234 249 261 274 in
278 246 426 275 Occidente
442 246 574 273 ecclesias
585 245 820 278 administrarent,
833 245 1016 279 omnibusyue

233 294 333 321 lectam
350 293 384 319 ab
400 292 440 320 eis
457 292 537 319 tiJem
555 291 715 318 traderent:
733 296 760 318 et
774 291 932 326 quicunque
949 290 1015 318 sub-

233 339 355 366 scribere
372 338 411 365 illi
428 339 533 369 nolent,
550 337 662 364 sedibus
680 336 736 364 suis
754 336 917 382 dejicerent,
935 342 1016 371 atque

233 384 302 412 alios
318 383 445 410 {actionis
461 391 517 411 sua:
531 383 585 410 illis
599 384 792 417 subrogarent.
809 383 866 416 Qua
882 387 1016 417 potestate

233 433 358 464 accepta,
375 429 435 456 illos
454 429 480 456 vi
499 437 606 461 omnes,
626 433 656 455 nt
672 436 753 463 quam
775 428 894 455 diximus
912 427 1016 455 formu-

233 476 286 502 lam
301 476 526 509 comprobarent,
543 475 656 502 adortos
671 482 731 502 esse
745 484 752 501 :
771 481 797 501 et
812 474 859 509 qui
877 474 903 501 id
924 474 1016 501 facere

234 521 402 553 noluissent,
420 521 624 556 quampritnum
644 520 769 547 ecrlesiis
784 520 934 554 expulisse.
955 519 1016 546 Pri-

234 575 364 601 mumque
378 566 527 596 Liberium.
541 566 614 600 quod
628 566 701 593 dicto
713 565 828 593 audiens
841 573 895 592 non
908 565 1015 597 fuisset,

234 612 259 638 vi
273 618 398 638 exactum
414 620 484 638 esse.
497 611 614 643 Quidam
626 619 691 638 sane
704 611 853 638 secundam
868 612 938 639 hattc
951 619 1017 646 pro-

233 659 412 692 script‘onem
425 658 484 692 ejus
496 657 579 684 fuisse
592 657 699 691 dicunt,
726 658 771 684 alii
784 661 874 684 autem
888 659 1015 693 primam,

231 712 293 732 cum
313 711 344 731 ca
363 704 445 731 etiam
462 711 522 738 qua:
542 711 626 738 supra
642 703 676 731 de
699 703 781 731 Felici
797 704 916 731 diximus
929 725 936 734 .
956 708 1016 731 acta

231 754 305 776 sunt.
333 749 421 783 Atque
441 749 512 780 illos,
543 748 626 775 rebus
639 749 686 775 'ita
715 755 764 783 per
789 748 892 775 ltaliam
921 748 1016 782 gestis,

231 795 327 823 eadem
349 803 397 829 per
416 794 564 822 Orientem-
577 802 688 829 qttoque
708 794 799 822 facere
827 794 1015 822 constituisse.

231 841 265 869 Et
282 849 331 876 per
346 841 490 868 Thraciam
504 845 612 873 euntes,
625 840 671 867 ubi
687 841 715 867 in
730 840 861 875 oppidum
876 840 1016 876 quoddam

1069 247 1106 281 μὴ
1122 246 1293 280 ὑπογράφειν
1307 246 1432 279 οιίροῐντο⁴
1441 245 1554 279 ταύτην,
1579 245 1633 271 τῶν
1653 245 1759 279 θρόνων
1776 245 1855 272 ἐλαύ-

1068 299 1134 323 νειν,
1149 291 1196 317 καὶ
1209 291 1304 322 ἄλλους
1320 289 1442 324 εἰσάγειν
1458 289 1507 320 οὓς
1532 289 1565 316 ἂν
1581 289 1744 324 όμοφρονεῖν
1754 289 1854 324 γνοῖεν.

1068 336 1202 371 Τοιαύτης
1216 337 1238 363 δ’
1263 336 1391 369 ἐξουσίας
1413 335 1644 370 ὲπειὶημμένους.
1663 335 1771 366 πάντας
1789 335 1855 370 πρὸς

1069 381 1130 416 βίαν
1143 382 1220 415 ἄγειν
1234 382 1267 416 τῇ
1283 381 1418 415 εἰρημένῃ
1431 380 1520 406 πίστει
1533 379 1765 414 καθυπογράφειν
1775 387 1782 395 ·
1807 379 1852 405 καὶ

1068 429 1130 460 τοὺς
1144 429 1182 464 μὴ
1206 429 1386 463 βουλομένους
1402 427 1473 454 οὕτω
1495 428 1594 458 ποιεῖν,
1612 427 1649 458 ὡς
1667 426 1747 461 τάχος
1764 426 1854 453 ὠθεῖν.

1067 471 1117 501 Ὧν
1130 475 1240 509 πρῶτον
1263 474 1402 508 Λιόέριον,
1436 473 1473 508 μὴ
1500 473 1672 507 πειθόμενον,
1700 473 1770 507 πρὸς
1797 472 1856 507 βίαν

1067 520 1226 554 ἐξήλαυνον.
1239 521 1294 547 Καὶ
1307 521 1331 547 οἰ
1345 520 1395 553 μέν
1408 529 1474 553 φασι
1489 519 1619 554 δευτέραν
1628 519 1739 554 ἔξορίαν
1752 519 1856 553 ταύτην

1068 567 1143 600 αὐτῷ
1163 567 1302 600 γενέσθαι,
1315 567 1338 593 οἰ
1357 566 1384 592 δὲ
1402 565 1515 601 πρώτην
1527 574 1534 580 ·
1556 566 1600 592 ὅτε
1615 566 1662 591 καὶ
1677 566 1710 591 τὰ
1721 565 1793 591 κατὰ
1812 565 1855 590 τὸν

1067 612 1172 647 Φήλικα
1189 613 1311 646 γέγονεν,
1331 612 1368 644 ὡς
1383 612 1436 647 πρὸ
1451 611 1564 646 βραχέος
1581 611 1746 646 εἰρήκαμεν.
1765 610 1857 636 Ταῦτα

1067 658 1095 684 δὲ
1111 658 1183 684 κατὰ
1197 658 1247 693 τὴν
1271 658 1389 684 Ἰταλίαν
1407 657 1626 692 διαπραξάμενοι
1652 656 1677 683 οἰ
1706 657 1772 691 περὶ
1787 656 1858 682 Obd-

1068 704 1161 737 λεντα,
1178 706 1211 731 τὰ
1229 705 1273 731 ῐσα
1292 705 1339 731 καὶ
1353 705 1427 731 κατὰ
1443 704 1492 739 τὴν
1511 704 1548 730 ἓω
1563 704 1695 738 πράττειν
1707 704 1856 729 ἐσκόπουν.

1068 751 1123 777 Καὶ
1136 751 1168 785 δὴ
1179 751 1222 777 διὰ
1237 750 1349 786 Θρᾴκης
1365 751 1461 782 ἰόντες,
1476 750 1538 776 ἐπεὶ
1549 749 1621 776 κατά
1633 757 1694 775 τινα
1703 748 1749 775 τοῦ
1760 747 1857 778 ἔθνους

1069 792 1181 831 πόλιν,ᾖ
1195 795 1269 830 Νίκη
1279 795 1366 829 όνομα
1375 792 1418 830 ἢν,
1432 794 1630 829 παρεγέκοντο,
1642 793 1752 819 σύνοδον
1766 792 1859 827 ἀθροί-

1070 849 1175 873 σαντες,
1193 841 1242 876 τὴν
1256 841 1285 867 ἐν
1307 840 1441 876 Ἀριμίνῳ
1469 841 1563 867 πίστιν
1588 840 1620 866 ὲκ
1641 839 1802 874 Ῥωμαῖκῆς
1821 840 1859 870 εἰς

233 888 354 923 regionis
379 889 439 924 ejus
470 887 581 915 nomine
612 886 678 914 Nica
707 887 918 922 pervenissent,
950 895 1017 915 con-

1073 887 1188 914 Ἒλλάὀα
1203 874 1295 922 φωνὴν
1313 874 1525 922 μεταὸαλόντες,
1548 885 1673 921 βεὸιιιοῦν
1691 885 1857 919 ἐπειρῶντο·

232 939 345 962 ventum
369 935 505 969 coegisse,
534 934 670 968 tidemque
690 933 806 960 Arimini
827 941 842 960 a
858 941 887 961 se
907 933 1017 967 lectam,

231 988 266 1007 ex
282 980 377 1008 Latina
394 980 420 1007 in
439 979 559 1007 Graecam
578 979 699 1014 linguam
717 987 877 1007 conversam
893 979 1017 1007 stabilire

232 1031 347 1053 conatos
360 1033 433 1058 esse,
463 1029 544 1060 atque
559 1025 669 1060 publice
683 1024 857 1052 sermonibus
872 1025 1017 1059 sparsisse,

232 1072 378 1100 formulam
398 1079 458 1099 eam
473 1071 547 1099 Nico:
560 1080 574 1098 a
589 1071 693 1106 synodo
708 1071 858 1098 universali
874 1071 924 1099 rite
936 1075 1018 1106 atque

233 1119 331 1145 ordine
348 1119 452 1159 e_ditam
480 1117 726 1152 contirmatamque
743 1125 826 1145 esse:
845 1123 874 1144 ut
892 1118 1019 1145 videlicet

234 1166 379 1193 nominum
393 1165 531 1192 vicinitate
546 1173 594 1200 per
611 1165 736 1192 fraudem
753 1164 937 1199 simpliciores
950 1165 1018 1192 scri-

235 1218 312 1248 ptum
332 1211 369 1245 id,
385 1211 497 1246 perinde
512 1216 594 1246 atque
606 1211 704 1238 Nicaaae
720 1211 748 1238 in
764 1210 888 1246 Bithynia
905 1218 1017 1245 compo-

233 1259 316 1286 situtn
335 1262 419 1289 esset,
437 1257 613 1292 accipientes,
631 1256 759 1291 decipere
777 1260 899 1291 possent.
916 1255 1018 1283 Verum

233 1303 409 1330 calliditatem
433 1302 695 1337 eavillationemque
719 1309 780 1329 eam
805 1301 1018 1336 deprehensam,

234 1349 259 1376 in
278 1349 361 1376 risum
381 1353 465 1383 atque
487 1348 638 1375 ludibrium
664 1347 775 1375 abiisse.
797 1347 885 1382 Atque
910 1348 961 1374 hoc
980 1347 1020 1375 sic

235 1395 362 1422 nonnulli
396 1393 545 1422 tradidere.
579 1393 671 1420 Altera
704 1397 797 1419 autem
830 1392 924 1426 opinio
957 1392 1018 1419 fuit.

234 1441 317 1475 780
331 1439 399 1467 Cum
417 1439 541 1474 episcopi
557 1439 677 1465 Aritnini
694 1438 864 1473 congregati,
882 1438 954 1472 quod
971 1438 1021 1464 im-

234 1490 348 1520 ρετ-πίον
365 1491 528 1519 responsum
546 1484 672 1510 dill‘erret
684 1503 691 1515 ,
708 1483 837 1518 quodque
860 1483 914 1510 illis
931 1483 1020 1510 redire

1069 934 1116 960 καὶ
1143 934 1281 969 ἐκήρυξαν
1307 934 1343 966 ὡς
1361 933 1414 960 ὐπδ
1443 931 1641 968 οἰκουμενικῆς
1659 931 1771 958 συνόδου
1794 931 1811 965 ἡ
1832 932 1860 956 ὲν

1069 981 1141 1016 Νίκῃ
1159 981 1249 1012 πίστις
1264 980 1294 1007 τὸ
1320 980 1428 1016 βέϐαιον
1458 979 1537 1014 ἔσχεν
1553 978 1590 1010 ὡς
1615 977 1705 1013 χρεὼν
1725 977 1859 1011 ἐπιψηφι-

1071 1027 1164 1052 σθείοα
1177 1033 1183 1041 ’
1202 1026 1238 1058 ὡς
1265 1026 1297 1053 ἄν
1327 1034 1359 1060 γε
1375 1025 1415 1061 τῷ
1442 1024 1626 1060 παραπλησίῳ
1646 1024 1701 1053 τῶν
1714 1023 1861 1058 ὀνομάτων

1070 1072 1223 1104 ἐπιϐούλως
1243 1073 1353 1108 ἀπατᾷν
1367 1073 1450 1108 ἔχωσι
1464 1073 1528 1103 τοὺς
1552 1071 1758 1105 ἁπλουστέρους
1770 1079 1776 1084 ·
1791 1069 1859 1096 ὥστ’

1070 1120 1154 1154 αὐτὴν
1179 1117 1250 1146 εῖναι
1281 1119 1386 1146 οἴεσθαι
1411 1120 1461 1154 τὴν
1487 1121 1515 1145 ἐν
1531 1119 1635 1153 Νικαίᾳ
1662 1119 1711 1152 τῆς
1728 1117 1860 1148 Βιθυνίας

1070 1165 1260 1201 ἑξενεχθεῐσαν
1269 1166 1391 1201 γραφήν.
1404 1165 1486 1192 Ἀλλὰ
1502 1165 1531 1192 τὸ
1546 1165 1668 1200 σόφισμα
1682 1162 1860 1198 ἐξηλέγχετο.

1070 1212 1118 1237 καὶ
1144 1213 1173 1238 ἐν
1197 1211 1370 1245 καταγέλωτι
1386 1209 1457 1246 ἦσαν
1472 1210 1506 1237 τὰ
1530 1211 1667 1246 δρώμενα,
1693 1210 1723 1236 Οἱ
1744 1209 1795 1244 μὲν
1811 1207 1859 1236 οὖν

1071 1257 1141 1284 οὕτω
1157 1258 1238 1291 φασιν
1251 1262 1260 1274 ’
1273 1258 1367 1293 ἕτερος
1382 1258 1410 1285 δὲ
1423 1258 1501 1292 λόγος
1516 1257 1583 1292 ἔχει,
1608 1257 1645 1288 ὡς
1661 1256 1715 1283 τῶν
1739 1257 1770 1283 ὲν
1784 1255 1861 1291 ’Δρι-

1072 1302 1142 1337 μίνῳ
1158 1303 1191 1338 τῇ
1210 1302 1359 1337 βραδυτῆτι
1377 1302 1428 1337 τῆς
1447 1301 1589 1336 βασιλικῆς
1605 1302 1784 1337 ἀποκρίσεως
1801 1312 1862 1328 πιε-

1071 1348 1204 1383 ζομένων,
1221 1349 1260 1383 τῷ
1278 1348 1315 1383 μὴ
1340 1348 1436 1374 ἐᾶσθαι
1449 1349 1614 1384 ἀναχωρεῖν,
1637 1349 1662 1374 oi
1677 1348 1782 1384 θατέρᾳ
1795 1349 1861 1383 δόξῃ

1071 1393 1268 1429 προσκείμενοι
1287 1394 1473 1421 ὑποϐάλλουσι
1489 1403 1565 1425 τινας
1581 1395 1810 1430 εἰσηγουμένους,
1824 1397 1862 1431 μὴ

1071 1439 1126 1466 δεῖν
1137 1437 1216 1471 εἶναι,
1236 1441 1300 1474 μιᾶς
1314 1439 1413 1473 λέξεως
1429 1441 1628 1475 ἀντεχομένους
1643 1441 1690 1468 τοῦ
1702 1443 1752 1476 τῆς
1767 1443 1863 1474 οὐσίας

1071 1485 1213 1520 ὀνόματος,
1241 1486 1275 1513 δι’
1304 1487 1390 1521 αὐτῆς
1421 1486 1579 1519 στασιάζειν
1609 1488 1672 1520 τοὺς
1702 1487 1863 1524 ἁπανταχοῦ

235 1531 268 1558 ad
284 1539 333 1558 sua
350 1538 404 1557 non
422 1531 529 1564 liceret,
547 1535 754 1558 macerarentur
769 1538 775 1556 :
793 1529 839 1564 qui
858 1529 937 1556 alteri
958 1537 1016 1557 sen-

1074 1531 1164 1566 ἰερέας
1176 1539 1183 1547 ·
1215 1532 1302 1559 ἔνεστι
1329 1533 1384 1568 γὰρ
1404 1533 1496 1568 ὅμοιον
1519 1533 1558 1568 τῷ
1575 1534 1662 1570 Πατρὶ
1677 1534 1724 1560 τὸν
1740 1535 1804 1562 Υἰὺν
1819 1538 1865 1562 λε-

237 1577 328 1604 ιοιιιὶιιι
351 1577 452 1605 addicti
478 1580 574 1609 erant,
599 1576 784 1603 subornarunt
809 1575 942 1610 quosdam
971 1575 1018 1610 qui

234 1623 371 1655 dicerent,
388 1629 442 1649 non
459 1621 619 1654 convenire,
635 1621 708 1656 quod
727 1620 837 1656 quidam
857 1628 940 1648 unum
955 1622 1020 1648 sub-

234 1669 344 1696 stantia:
360 1668 479 1695 Verbum
503 1671 645 1701 tantopere
666 1670 888 1701 propugnarent.
913 1671 942 1694 ut
955 1674 1020 1702 pro-

236 1718 329 1748 ptcrca
344 1720 443 1739 omnes
459 1712 558 1747 ubique
575 1712 697 1746 episcopi
718 1719 766 1746 per
782 1712 948 1739 seditionem
964 1712 1021 1739 dis-

236 1757 355 1784 sidcant.
379 1757 476 1784 Licere
498 1757 616 1784 similetn
638 1756 711 1783 Patri
739 1756 836 1783 Filium
859 1757 970 1790 dicere,
993 1761 1021 1784 et

236 1804 422 1831 nniversalem
437 1803 512 1831 orbis
528 1804 734 1831 contentionem
750 1803 852 1838 sopire.
871 1803 1021 1838 EpiScopos

236 1849 400 1882 Orientales,
416 1849 468 1876 nisi
483 1848 647 1876 substantia:
662 1855 763 1874 nomen
780 1849 936 1880 tolleretur,
953 1856 1022 1876 con-

236 1896 379 1931 quit-turos
402 1903 457 1922 non
477 1902 549 1922 esse.
569 1893 632 1921 Haec
653 1902 714 1921 cum
737 1895 771 1921 ab
796 1895 856 1930 ejus
877 1895 1022 1922 sententiae

236 1942 367 1969 studiosis
380 1949 442 1969 cum
458 1946 569 1968 versuta
582 1941 700 1975 quadam
715 1942 850 1976 gravitate
864 1946 891 1968 et
908 1942 932 1967 vi
949 1941 1022 1968 dicta

234 1993 343 2020 essent,
360 1995 431 2022 aegre
448 1987 557 2014 tandem
576 1987 710 2022 synodum
732 1988 876 2014 adductain
892 1994 970 2018 esse,
992 1993 1022 2015 ut

236 2036 341 2064 Ursacii
357 2041 386 2064 et
400 2037 521 2064 Valentis
539 2036 664 2063 formulas
687 2036 919 2063 subscribendum
940 2039 1022 2071 puta-

236 2086 288 2108 ret.
308 2082 418 2109 Veritos
440 2083 542 2116 quippe
568 2083 689 2109 artitices
712 2081 768 2108 doli
791 2082 871 2108 istius
891 2089 963 2113 esse,
986 2089 1021 2109 ne

236 2127 317 2162 legati
336 2127 408 2162 apud
427 2127 620 2162 imperatorem
640 2127 855 2155 Occidentalium
876 2128 1021 2162 episcopo-

236 2181 298 2198 rum
313 2177 485 2200 constantem
506 2181 587 2208 quam
603 2173 667 2200 inde
683 2173 717 2199 ab
731 2172 811 2199 initio
825 2173 1019 2207 praestitissent

1072 1586 1141 1611 γει-ν,
1151 1577 1205 1604 ’καὶ
1222 1578 1272 1613 τὴν
1286 1579 1482 1614 οἰκουμενικὴν
1499 1579 1619 1607 διαλύειν
1632 1580 1707 1615 ἔριν·
1725 1582 1795 1616 μηδὲ
1808 1582 1864 1618 γὰρ

1072 1623 1104 1650 ἂν
1118 1625 1180 1656 τοὺς
1193 1624 1244 1650 ἀνὰ
1256 1624 1306 1659 τὴν
1316 1624 1354 1651 ’ἐω
1370 1625 1451 1660 ἱερεῖς
1460 1627 1585 1661 ἠρεμεῖν,
1598 1626 1636 1662 μὴ
1649 1626 1695 1653 τοῦ
1707 1628 1757 1661 τῆς
1766 1629 1866 1660 οὐσίας

1072 1670 1287 1705 περιαιρομένου
1302 1670 1445 1705 ὀνόματος.
1464 1671 1543 1698 Οὕτω
1558 1672 1585 1698 δὲ
1610 1672 1726 1707 κομψῶς
1756 1675 1864 1701 ἐπικει-

1074 1716 1162 1750 μέιων
1177 1716 1231 1743 τῶν
1246 1717 1433 1750 σπουδαστῶν,
1453 1717 1532 1752 μόλις
1559 1719 1654 1744 πεῖσαι
1668 1718 1717 1753 σὴν
1740 1713 1871 1747 σύνοδονθ

1072 1762 1118 1788 καὶ
1133 1762 1305 1798 ὑπογράφειν
1320 1763 1468 1798 αἱρεῖσθαι,
1486 1763 1520 1799 ἢν
1532 1764 1556 1790 οἰ
1571 1764 1634 1798 περὶ
1647 1765 1804 1800 Οὺρσάκιον
1816 1768 1868 1794 καὶ

1073 1807 1212 1834 Οὐάλεντα
1243 1807 1364 1844 ἔγραφον
1394 1809 1514 1836 ἔκθεσιν.
1534 1809 1578 1836 Ἐν
1593 1811 1648 1837 δέει
1673 1811 1702 1838 δὲ
1716 1814 1867 1847 γεγονότες

1074 1854 1170 1888 μήπως
1187 1854 1211 1880 οἱ
1228 1855 1359 1888 πρέσϐεις
1375 1854 1458 1889 δήλην
1470 1857 1664 1891 καταστήσωσι
1683 1858 1792 1891 βασιλεί
1808 1862 1867 1887 τάν

1074 1899 1209 1934 ἐσπερίων
1219 1899 1316 1935 ἱερέων
1327 1900 1375 1936 τὴν
1386 1900 1415 1932 εξ
1425 1901 1512 1936 ἀρχῆς
1523 1901 1660 1934 ἔνστασιν,
1672 1903 1718 1929 καὶ
1734 1904 1765 1930 τὸ
1775 1906 1868 1932 αἴτιον

1072 1943 1120 1978 τῆς
1130 1943 1177 1970 τοῦ
1188 1944 1332 1979 ὸμοουσίου
1344 1946 1510 1980 ἀναιρέσεως
1522 1948 1647 1982 ἐπιςχῖν
1657 1949 1720 1980 τοὺς
1733 1951 1868 1985 πρέσϐεις

1072 1989 1144 2016 κατὰ
1159 1989 1209 2025 τὴν
1220 1991 1372 2026 εἰρημένην
1389 1992 1468 2018 πόλιν
1483 1992 1532 2027 τῆς
1548 1994 1660 2028 Θρᾴκης
1683 1995 1787 2030 Νίκην,
1802 1997 1868 2032 βου-

1071 2035 1120 2072 λὴν
1150 2035 1253 2068 ἔθεντο,
1287 2039 1426 2072 πρόφασιν
1454 2040 1583 2072 εἰπόντας
1613 2041 1644 2066 τὸ
1662 2041 1710 2068 τοῦ
1727 2045 1868 2079 χειμῶνος

1071 2080 1170 2115 τραχὺ,
1196 2081 1244 2107 καὶ
1262 2080 1292 2107 τὺ
1312 2081 1349 2116 μὴ
1370 2082 1438 2114 πρὸς
1465 2083 1623 2119 ὁδοιπορίαν
1640 2086 1793 2122 πρόχειρον
1808 2091 1867 2120 τοῖς

1071 2125 1247 2159 ὑποζυγίοις³
1279 2128 1328 2154 καὶ
1354 2129 1384 2153 ἐν
1413 2129 1452 2162 τῷ
1472 2130 1574 2163 μεταξὺ
1602 2131 1651 2165 τῆς
1680 2132 1866 2168 βραδυτῆτος,

1072 2172 1270 2207 βουλεύσασθαι
1282 2173 1329 2209 τὴν
1339 2175 1499 2202 ἐκτεθεῖσαν
1512 2177 1602 2203 πίστιν
1614 2178 1731 2210 ἐκείνοις
1742 2180 1775 2206 ὲκ
1798 2180 1867 2206 Ῥω-

237 2219 459 2252 alacritatem,et
474 2219 520 2246 τοῦ
533 2218 954 2254 ὀμοουσίου,(ευηςιιὺδῐειηῑὶιιίἰε,
971 2220 1022 2247 ιοΙ‹
1040 2216 1059 2242 1)
1075 2219 1176 2253 μαῖκῆ;
1204 2219 1244 2250 εἰς
1265 2218 1406 2254 Ἑλληνίδα
1424 2221 1524 2255 φράσιν
1550 2222 1726 2256 μεταϐαλεῖν,
1744 2227 1794 2252 καὶ
1811 2228 1867 2256 τοῖς

238 2265 311 2292 lcndi
332 2273 442 2292 causam
464 2269 646 2301 exponerent.
673 2264 764 2296 Quare
786 2264 852 2291 illud
876 2272 923 2292 eos
946 2261 1023 2293 inve-

238 2310 311 2337 nisse
338 2310 497 2343 consilium,
523 2314 554 2336 ut
580 2313 705 2336 oratores
727 2308 754 2334 in
777 2307 878 2342 oppido
898 2308 1024 2336 Thracize

237 2356 310 2390 quod
331 2356 434 2383 dictum
461 2360 503 2383 est
527 2355 594 2382 Nica
619 2353 835 2387 distinerentur,
862 2362 910 2389 per
934 2362 1024 2382 causa:

238 2402 372 2436 ejusmodi
398 2402 561 2431 obtentum,
587 2406 698 2434 propter
719 2400 825 2434 hycmis
847 2402 1023 2436 asperitatem

235 2452 262 2473 ct
277 2448 406 2474 itinerum
425 2446 614 2474 difﬁcultatem
645 2446 770 2481 jnmenta
790 2448 915 2482 progredi
932 2452 959 2474 et
974 2447 1023 2474 vim

236 2493 356 2520 laborem
384 2493 458 2520 ferre
487 2500 542 2519 non
568 2499 659 2527 posse.
684 2493 773 2528 Atque
800 2493 826 2520 in
851 2501 882 2520 ea
910 2493 1021 2520 interim

237 2546 313 2566 mora
327 2539 505 2566 constituisse
517 2558 524 2569 ,
548 2539 630 2566 ﬁdem
653 2540 687 2567 ab
705 2539 772 2574 ipsis
787 2539 967 2573 compositam
989 2548 1021 2567 cx

237 2584 334 2611 Latino
347 2584 373 2611 in
385 2584 508 2612 Graecum
523 2592 677 2613 sermonem
692 2585 864 2617 translatam,
878 2585 910 2611 ad
926 2585 1023 2612 Orien-

237 2631 303 2657 tales
322 2631 430 2657 mittere
446 2631 601 2667 episcopos.
620 2631 665 2659 Sic
682 2637 801 2665 namque
816 2629 886 2663 fore,
901 2638 964 2658 cum
981 2631 1019 2658 illi

235 2676 268 2703 ad
291 2676 458 2703 sententiam
484 2685 580 2705 eorum
606 2676 731 2704 inclinati
755 2679 868 2706 essent.
894 2681 924 2703 ut
945 2678 1018 2712 quod

235 2726 365 2755 ageretur
378 2722 556 2756 perlicerent;
571 2721 706 2749 fallaciam
721 2728 787 2749 vero
803 2720 883 2747 talem
900 2730 954 2749 non
969 2723 1016 2751 de-

1074 2264 1126 2290 ἀνὰ
1140 2265 1191 2299 τὴν
1219 2265 1256 2291 ἓω
1283 2265 1489 2299 διαπέμπεσθαι
1522 2267 1658 2303 ἱερεῦσιν
1691 2270 1797 2297 ἐκεῖναι
1814 2274 1867 2307 γὰρ

1075 2309 1163 2340 οὕτως
1177 2311 1206 2336 τὸ
1220 2310 1442 2345 σπουδαζόμενον
1461 2313 1624 2348 κατορθοῦν,
1647 2316 1718 2342 κατὰ
1735 2316 1868 2351 βούλησιν

1077 2355 1267 2390 συγκειμένων
1283 2357 1409 2384 ἐκείνων.
1425 2357 1481 2392 Τὴν
1496 2358 1524 2384 δὲ
1539 2359 1718 2396 ῥᾳδιουργίαν
1731 2362 1771 2397 μὴ
1783 2364 1871 2389 κατα-

1077 2409 1169 2436 φωρον
1185 2398 1257 2427 εἰναι
1275 2401 1319 2427 διὰ
1338 2402 1393 2428 τῶν
1411 2404 1590 2438 ἐλεγχόντων,
1611 2405 1648 2437 ὡς
1666 2407 1780 2439 ἄκοντες
1795 2410 1820 2435 οἰ
1841 2411 1870 2435 ἐν

1084 2446 1224 2482 Ἀριμήνῳ
1234 2446 1283 2482 τῆς
1297 2447 1396 2480 λέξεως
1406 2449 1452 2475 τοῦ
1468 2451 1613 2484 ὁμοουσίου
1630 2452 1793 2487 ἀπέστησαν
1804 2461 1812 2469 ⁸
1825 2455 1870 2480 δια

1076 2491 1104 2518 δὲ
1117 2493 1178 2523 τοὺς
1194 2493 1264 2519 κατὰ
1279 2494 1329 2528 τὴν
1344 2494 1381 2520 ἕω
1405 2495 1575 2528 ἐπισκόπους
1603 2498 1804 2533 σκηπτόμενοι,
1831 2500 1870 2532 ὡς

1076 2538 1251 2565 παντάπασιν
1279 2540 1494 2576 ἀποσειομένους
1520 2542 1551 2568 τὸ
1577 2543 1683 2578 ὄνομα⁸
1708 2544 1780 2580 ὅπερ
1808 2548 1870 2577 ταῖς

1076 2584 1216 2619 ἀληθείαις
1231 2585 1327 2620 ψευδὲς
1340 2585 1383 2621 ἦν.
1398 2587 1495 2622 Σχεδὸν
1521 2589 1575 2624 γὰρ
1596 2590 1716 2622 ἅπαντες
1742 2593 1792 2619 καὶ
1808 2593 1870 2619 κη’

1075 2631 1171 2658 ιύσίαν
1182 2633 1275 2667 ὅμοιον
1290 2631 1359 2660 εἶναι
1374 2633 1413 2669 τῷ
1431 2635 1519 2670 Πατρὶ
1530 2636 1575 2661 τὸν
1592 2636 1654 2663 Υἰὺν
1672 2637 1813 2669 ἐδόξαζον.
1836 2639 1868 2665 ἸΙ

1075 2677 1192 2714 διαφορὰ
1212 2680 1241 2706 δὲ
1260 2678 1295 2716 ἦν
1314 2681 1406 2715 μόνον,
1427 2683 1525 2718 ὅτιπερ
1549 2683 1573 2708 οἰ
1592 2684 1641 2717 μὲν
1660 2685 1819 2718 ὁμοούσιον,
1844 2686 1870 2711 οἱ

1073 2724 1100 2751 δὲ
1116 2725 1287 2760 ὁμοιοούσιον
1305 2727 1481 2762 ὠνομάζοντο
1497 2731 1542 2756 τὸν
1557 2729 1632 2757 Υἰόν.

235 2767 403 2801 prehensum
421 2769 453 2796 iri
471 2770 504 2796 ab
524 2769 575 2800 cis,
593 2768 640 2802 qui
656 2776 711 2795 rem
733 2769 804 2796 lianc
836 2769 1040 2798 consideraturi
1061 2777 1166 2804 essent,
1199 2780 1368 2802 convcnttttn
1386 2777 1514 2803 videlicet
1529 2778 1731 2805 Ariminensem
1748 2781 1868 2807 invitum

235 2816 269 2842 ab
292 2817 449 2852 ὁμοουσῐου,
471 2817 726 2851 i-onsubstautialis,
744 2818 829 2846 verbo
846 2820 994 2846 recessisse
1009 2830 1014 2846 ε

1070 2826 1132 2854 pote
1158 2822 1192 2849 ab
1217 2823 1410 2852 Orientalibus
1445 2827 1595 2861 episcopis,
1639 2829 1686 2861 qui
1712 2829 1869 2857 dictionem

234 2869 293 2889 eam
312 2870 424 2897 prorsus
449 2863 626 2898 reiecissent,
648 2868 785 2892 eoactum.
826 2864 903 2897 Quod
928 2866 1038 2900 quidem
1062 2866 1149 2902 rcipsa
1170 2869 1266 2897 laisuin
1289 2875 1358 2898 erat.
1383 2870 1451 2899 Fcrc
1473 2873 1547 2900 enim
1585 2881 1680 2903 omnes
1698 2877 1724 2902 in
1743 2878 1868 2910 Oriente,
