1901 3047
190 109 242 141 309

799 102 1009 134 NICEPII‘ORI
1028 101 1198 133 CALLISTI

1754 98 1809 132 400

190 162 351 195 resurrexit,
369 166 398 190 et
413 165 540 197 receptus
556 164 598 189 est
621 160 648 187 in
664 159 748 188 caelos
760 179 767 191 ,
785 163 816 186 ut
832 158 926 186 sedeat
947 157 974 185 in

1027 158 1120 184 πίστιν
1137 156 1202 184 ἄλλο
1219 164 1245 182 τι
1271 154 1461 190 κηρύσσοντας
1483 155 1641 189 ἀλλοτρίους
1665 153 1736 182 εἶναι
1758 155 1810 190 τῆς

191 211 288 239 dextra
303 209 405 240 Patris,
417 212 551 242 ventum}
568 215 679 234 rursum
693 206 720 234 in
736 206 822 241 gloria
844 205 877 232 ad
895 205 970 240 judi-

190 256 308 287 candum
327 255 402 281 vivos
417 258 444 281 et
467 257 598 280 mortuos.
616 252 762 280 Credimus
783 255 873 278 autem
898 250 971 278 etin

191 301 322 337 Spiritum
341 303 477 330 sanciunt,
508 306 588 332 quem
611 297 782 324 Paracletum
809 295 971 327 nominavit.

191 353 220 376 et
251 347 399 374 missurum
426 351 455 372 se
480 347 542 379 post
569 351 651 370 suum
667 343 818 370 discessum
841 340 972 376 apostolis

192 394 328 430 promisit,
345 391 426 419 sicuti
451 395 479 418 et
496 390 572 417 misit
583 390 707 417 Salvator
719 393 747 416 et
768 388 902 415 Dominus
923 394 973 414 no-

191 446 249 469 ster
269 448 276 466 :
290 447 339 474 per
356 445 436 472 quem
452 441 479 464 et
493 435 646 463 sanctiﬁcat
670 435 697 461 in
715 433 835 461 Ecclesia
852 432 971 460 creden-

193 490 252 516 tes,
277 488 304 512 et
335 482 488 518 baptizatos
504 481 531 507 in
550 480 661 513 nomine
682 478 772 506 Patris
796 481 824 505 et
850 477 912 505 Filii
944 480 973 504 et

193 531 315 566 Spiritus
325 529 424 557 sancti.
443 528 495 562 Qui
512 534 578 554 vero
595 530 694 561 praeter
715 524 786 551 hanc
800 523 882 551 lldem
896 522 971 550 aliud

192 577 343 613 quidquam
372 574 532 610 pra-dicant,
555 578 602 599 eos
627 570 661 598 ab
684 569 808 598 Ecclesia
837 568 973 596 catholica

192 631 252 650 esse
267 623 399 650 alienos.»
419 620 482 646 Haec
498 621 540 646 est
558 616 649 645 Acacii
670 615 798 643 formula.
818 614 868 643 Cui
889 614 972 642 etiam

192 666 320 695 factionis
341 666 401 700 ejus
425 664 546 691 fautores
573 659 686 697 triginta
706 660 761 688 duo
786 660 823 687 illi
849 659 974 687 subscri-

191 719 279 747 psere.
293 710 332 738 Ad
349 718 430 745 quam
444 708 616 743 Sophronius
636 706 776 741 Paphlago
790 704 973 739 Pompeiopo-

191 758 293 785 litanus
308 747 456 791 episcopus
468 757 563 788 aperte
577 753 634 779 haec
647 751 731 778 verba
745 750 847 777 dixisse
859 749 950 776 fertur
965 756 972 775 :

191 803 218 831 Si
236 802 359 837 quotidie
381 801 550 829 voluntatem
569 805 647 826 suam
667 803 806 831 exponere
820 816 828 829 ,
845 795 905 822 fidei
919 794 976 821 for-

191 849 293 878 mulam
318 847 402 876 ederc
430 850 484 877 est,
513 843 646 872 destituet
662 850 712 870 nos
734 841 860 869 veritatis
884 841 974 876 ipsius

192 893 340 923 cerlitudo.
355 890 527 926 Sophronius
538 889 649 924 quidem
678 888 730 915 hoc
755 891 812 914 tum
841 886 882 914 sic
905 893 973 913 voce

193 948 288 974 magna
303 939 390 967 dixit:
407 937 491 972 788
510 942 560 970 ego
576 943 639 962 vero
653 932 806 964 censuerim
819 953 828 966 ,
848 931 869 959 si
887 935 914 959 et
927 931 973 966 qui

192 991 256 1014 ante
275 993 324 1013 eos
351 984 437 1015 fuere,
451 988 480 1010 et
495 982 541 1017 qui
557 988 605 1008 eos
624 984 688 1008 sunt
714 979 812 1010 secuti,
828 978 924 1006 itidem
941 976 974 1004 de

192 1033 301 1060 Nicaena
317 1029 380 1057 lldei
393 1027 563 1064 professione
572 1025 736 1061 cogitassent
749 1029 829 1058 atque
843 1023 973 1058 egissent,

192 1080 331 1107 sincerum
354 1075 482 1104 Ecclesia:
502 1074 597 1108 dogma
616 1074 840 1101 eonservaturos.
859 1074 887 1096 et
904 1068 974 1096 deli-

193 1127 318 1151 ramenta
338 1120 429 1148 omnia
447 1119 525 1153 longe
540 1125 554 1145 a
576 1117 661 1144 sacris
678 1115 808 1143 Ecclesiae
827 1115 910 1149 septis
926 1113 974 1140 ab-

147 1170 151 1177 '
193 1169 286 1196 futura
303 1166 401 1194 fuisse.
417 1164 456 1192 Ac
482 1169 538 1191 tum
564 1161 677 1197 quidem
693 1168 754 1188 eum
772 1159 850 1187 alteri
872 1159 974 1186 alteros

193 1215 365 1243 accusantes,
383 1209 500 1245 plurima
514 1212 540 1235 et
557 1207 693 1235 dixissent
704 1210 732 1233 et
746 1205 898 1237 audisSent,
909 1212 975 1232 con-

192 1265 286 1287 sessus
298 1261 341 1284 est
354 1256 470 1284 solutus.
485 1254 588 1287 Quarto
606 1259 753 1287 congressu
768 1251 851 1278 multa
860 1250 975 1278 futiliter

195 1304 287 1340 nugati
305 1307 379 1331 sunt.
406 1301 437 1328 Et
452 1300 569 1328 Aeacius
592 1298 661 1326 nihil
682 1297 804 1327 obstare,
826 1297 891 1332 quin
923 1296 974 1324 alia

196 1351 261 1378 fides
273 1349 413 1380 ederetur,
430 1344 636 1376 contendebat,
654 1342 874 1378 quandoquidem
890 1341 973 1369 semel

193 1396 302 1424 Nicaena
320 1393 437 1421 formula
461 1395 565 1418 mutata
600 1393 692 1421 esset;
718 1395 773 1415 non
795 1387 891 1421 semel,
920 1387 976 1414 imo

195 1449 289 1469 verum
305 1439 415 1474 sa'pius.
432 1437 472 1465 Ad
489 1444 550 1471 quae
575 1435 702 1462 Eleusius
718 1432 869 1469 Cyzicenus
884 1441 891 1460 ι
914 1431 976 1460 llmc

195 1486 326 1522 synodus.
343 1483 424 1513 dixit,
451 1485 543 1509 coacta
567 1483 620 1512 est,
645 1486 700 1506 non
728 1483 758 1505 ut
775 1478 897 1505 addiscat
915 1482 976 1512 quae

166 1522 169 1527 l
196 1532 273 1568 prius
288 1538 344 1558 non
358 1527 498 1560 didicerit,
510 1533 599 1560 neque
611 1529 641 1552 ut
655 1523 839 1559 probatiorem
854 1523 976 1550 inveniat

195 1577 292 1608 'lldem.
308 1570 389 1609 quam
413 1580 445 1601 ea
456 1577 498 1600 est
514 1579 575 1606 quae
589 1578 603 1598 a
621 1570 755 1598 Patribus
767 1569 919 1597 Antiochiae
934 1573 976 1596 est

196 1621 378 1658 promulgata.
407 1619 473 1646 Nam
498 1618 525 1644 in
550 1616 611 1651 ejus
636 1614 841 1643 deﬁnitionibus
863 1620 975 1641 assensu

195 1667 406 1702 eonqniescens,
418 1662 543 1698 quamvis
559 1661 632 1688 aliud
649 1660 798 1695 quidquam
813 1660 847 1687 ab
863 1667 894 1687 ea
909 1659 976 1686 eda-

195 1719 251 1745 tur.
271 1720 326 1740 non
346 1716 436 1739 tamen
461 1716 582 1744 unquam
601 1707 675 1735 illam
697 1707 843 1742 relinquet.
860 1705 909 1733 Cui
925 1713 977 1742 ego

195 1759 312 1788 obvians
337 1757 452 1784 dixerim
470 1754 633 1788 :Quomodo
654 1753 776 1784 tandem,
797 1752 889 1780 Eleusi
917 1760 978 1788 pes-

195 1805 274 1834 sime.
289 1803 335 1837 qui
360 1800 512 1828 Antiochiae
535 1798 692 1834 congregati
716 1798 804 1830 fuere,
818 1797 912 1825 Patres
931 1805 977 1825 vo-

196 1848 258 1877 cas?
267 1848 351 1876 Multo
366 1846 439 1874 eiiim
456 1846 542 1881 magis
554 1846 650 1872 Patres
660 1847 690 1883 te
703 1843 846 1871 nominare
856 1850 904 1871 eos
911 1850 977 1870 con-

194 1894 332 1926 veniebat,
357 1892 405 1927 qui
429 1892 527 1919 Nicaeae
552 1889 749 1919 convenientes
763 1908 772 1921 ,
791 1896 843 1916 una
859 1896 927 1916 voce
945 1888 976 1915 τὸ

193 1939 346 1974 ὸμοούσιον,
355 1936 590 1970 consubstantiale,
601 1935 808 1971 promulgarunt
815 1942 823 1962 :
831 1942 893 1962 cum
904 1935 978 1970 quod

196 1990 318 2020 tempore
332 1987 396 2011 sunt
413 1982 588 2015 vetustiores,
603 1985 660 2008 tum
674 1980 748 2016 quod
763 1981 809 2016 qui
824 1980 977 2008 Antiochia:

194 2031 282 2058 coacti
298 2034 373 2060 sunt.
383 2029 417 2056 ah
430 2028 485 2055 illis
500 2035 638 2055 sacrorum
652 2035 796 2055 munerum
808 2026 976 2054 iunctionem

195 2079 372 2110 acceperunt.
388 2073 466 2105 Quod
476 2074 498 2100 si
518 2073 562 2100 isti
587 2077 678 2108 patres
701 2080 768 2100 suos
780 2072 976 2107 reprobarunt.

194 2119 348 2155 parricidas
362 2118 454 2154 potius
465 2125 546 2152 quam
571 2117 665 2146 Patres
684 2125 732 2145 eos
747 2117 833 2144 dicas.
846 2117 913 2150 Quis
927 2117 978 2145 ita-

1024 203 1173 238 καθολικῆς
1194 202 1368 237 Ἐκκλησίας.
1399 212 1408 228 ι
1425 201 1457 228 Ἦ
1477 203 1526 237 μὲν
1548 199 1596 228 οὖν
1615 201 1748 228 Ἀκακίου
1765 201 1812 227 ἐκ-

1023 249 1095 281 δοσις
1109 248 1177 284 αὕτη
1190 257 1197 264 ·
1209 249 1242 283 ἠν
1259 248 1307 274 σὺν
1322 248 1398 283 αὐτῷ
1413 248 1459 274 καὶ
1472 248 1496 275 οί
1511 248 1576 284 περὶ
1591 248 1672 274 αὐτὸν
1684 247 1732 273 δύο
1743 247 1811 280 πρὸς

1023 295 1080 325 τοῖς
1098 293 1248 327 τριάκοντα
1265 293 1502 328 καθυπέγραψαν·
1519 293 1587 327 πρὺς
1603 293 1636 328 ἡν
1653 292 1810 326 Σωφρόνιος

1023 341 1037 365 ὸ
1053 338 1208 373 Παφλαγὼν
1222 339 1271 373 τὴν
1283 338 1428 373 Πομπηΐου
1442 334 1642 374 ἐπιτροπεύων,
1655 337 1809 372 διαῤῥήδην

1023 386 1116 415 αὑταῖς
1139 384 1244 416 λέξεσιν
1266 384 1352 415 οὕτως
1379 384 1468 411 εἰπεῖν
1491 384 1621 418 λέγεται’
1636 383 1667 409 Εί
1690 383 1720 408 τὸ
1741 382 1810 408 ἰδίαν

1024 429 1142 461 ἑκάστης
1157 429 1263 464 ἡμέρας
1279 428 1436 455 ἐκτίθεσθαι
1451 428 1579 463 βούλησιν
1599 427 1717 458 πίστεώς
1734 428 1810 452 ἐστιν

1024 475 1141 508 ἔκθεσις,
1159 474 1293 508 ἐπιλείψει
1306 475 1381 510 ἡμᾶς
1402 475 1419 508 ἡ
1435 475 1485 508 τῆς
1508 474 1639 506 ἀληθείας
1665 473 1809 508 ἀκρίϐεια,

1030 519 1060 547 Ὀ
1079 519 1127 554 μὲν
1148 518 1195 546 οὖν
1222 518 1379 553 Παφλαγὼν
1395 518 1549 552 Σωφρόνιος
1573 516 1659 543 ταῦτα
1677 516 1809 550 τηνικάδε

1024 565 1156 600 ἐϐόησεν·
1169 564 1224 599 ἐγὼ
1247 565 1274 590 δέ
1300 572 1372 599 φημι
1388 564 1425 594 ὡς
1436 563 1463 589 εί
1472 563 1538 597 γεοι
1554 562 1607 597 πρὸ
1619 561 1708 591 αὐτῶν
1723 561 1772 588 καὶ
1785 561 1811 587 οι

1025 611 1085 646 μετ’
1104 609 1228 641 ἐκείνους
1253 609 1341 636 τοιάδε
1368 609 1434 644 περὶ
1456 609 1505 643 τῆς
1525 609 1554 634 ὲν
1569 607 1672 642 Νικαίᾳ
1688 607 1810 637 πίστεως

1024 657 1072 683 καὶ
1085 655 1234 682 διενοοῦντο
1257 656 1303 682 καὶ
1323 655 1468 690 ἔπραττον,
1489 654 1635 687 ἀκίϐδηλον
1661 653 1693 679 ἂν
1713 653 1743 678 τ’)
1760 653 1810 686 τῆς

1031 701 1194 735 Ἐκκλησίας
1220 701 1309 735 δόγμα
1326 700 1516 736 διατετήρητο,
1535 699 1583 726 καὶ
1602 700 1679 725 πᾶσα
1694 699 1811 733 ἐρεσχε-

1025 748 1071 775 λία
1086 745 1120 782 ἦν
1137 747 1170 774 ἂν
1187 747 1240 773 τῶν
1261 746 1341 773 θείων
1358 746 1511 782 περιῦόλων
1538 745 1658 781 μακράν.
1677 744 1732 770 Kal.
1748 745 1811 770 τότε

1027 792 1078 827 μὲν
1102 793 1148 819 τὸν
1166 792 1294 826 σύλλογον
1322 792 1409 824 ἔλυον,
1440 791 1552 818 πλεῖστα
1580 790 1647 823 πρὸς
1676 789 1811 824 ἀλλήλους

1025 838 1090 874 περὶ
1106 838 1159 865 τῶν
1171 838 1418 873 κατηγορουμένων
1433 837 1555 868 εἰπόντες
1571 845 1600 863 τε
1617 837 1665 863 καὶ
1676 836 1813 862 ἀκούσαν-

1025 891 1084 914 τες⁹
1097 884 1129 919 τῇ
1147 882 1175 910 δὲ
1188 883 1306 919 τετάρτῃ
1332 882 1489 909 συνελεύσει
1516 882 1600 916 πολλὴ
1617 882 1762 916 ἀδολεσχία
1784 882 1813 908 ὑ-

1026 930 1147 964 φαίνετο.
1163 929 1194 956 ’0
1214 929 1237 955 δ’
1255 929 1385 960 Ἀκάκιος
1413 929 1567 964 ἰσχυρίζετο
1589 928 1672 962 μηδὲν
1689 926 1762 954 εἶναι
1780 929 1812 954 τὸ

1025 975 1152 1011 ἐμποδὼν
1171 974 1268 1011 ἑτέραν
1294 973 1385 1002 πίστιν
1403 974 1536 1008 εἰσάγειν,
1559 975 1619 1000 ἐπεὶ
1644 974 1777 1007 καθάπαξ
1795 976 1811 1008 ἠ

1025 1023 1053 1048 ὲν
1067 1020 1168 1057 Νικαίᾳ
1192 1022 1284 1052 πίστις
1306 1021 1488 1056 μετεποιήθη·
1507 1021 1554 1047 καὶ
1567 1021 1615 1056 οὺχ
1633 1022 1715 1054 απαξ,
1741 1021 1812 1048 ἀλλὰ

1025 1067 1057 1103 δὴ
1073 1068 1121 1094 καὶ
1136 1066 1278 1098 πολλάκις.
1297 1067 1368 1102 Πρὸς
1383 1067 1410 1093 δὲ
1430 1066 1517 1094 ταῦτα
1535 1066 1671 1098 Ἐλεύσιος
1688 1067 1703 1093 ό
1725 1067 1813 1100 Κυζί-

1025 1122 1085 1144 κου,
1105 1113 1139 1139 Ἦ
1162 1112 1220 1145 νῦν,
1240 1112 1318 1146 φησὶ,
1336 1112 1443 1144 σύνοδος
1470 1113 1615 1148 ἠθροίσθη,
1631 1113 1678 1148 οὐχ
1694 1113 1742 1140 ἵνα
1752 1113 1812 1149 γνῷ

1024 1155 1042 1185 ἃ
1055 1158 1092 1194 μὴ
1102 1157 1165 1192 ἔσχε
1183 1157 1307 1192 μαθοῦσα
1322 1158 1466 1193 πρότερον,
1485 1158 1539 1185 οὐδ’
1557 1158 1601 1185 ἵνα
1615 1159 1810 1195 δοκιμωτέραν

1026 1204 1118 1230 πίστιν
1145 1203 1257 1239 ἐξεύρῃ.
1278 1203 1344 1239 παρ’
1359 1205 1392 1239 ἢν
1419 1204 1448 1230 ἐν
1468 1204 1622 1240 Ἀντιοχείᾳ
1652 1206 1731 1240 παρὰ
1755 1205 1812 1232 τῶν

1026 1248 1155 1284 Ηατέρων
1174 1249 1280 1284 είλήφει
1290 1258 1298 1265 ·
1309 1249 1364 1280 τοῖς
1379 1250 1432 1285 γὰρ
1441 1250 1552 1277 ἐκείνων
1566 1250 1639 1286 ὅροις
1650 1250 1810 1286 στοιχοῦσα,

1025 1294 1075 1321 οὐκ
1095 1294 1138 1327 ἂν,
1156 1294 1182 1321 ει
1193 1303 1219 1320 τι
1236 1294 1282 1321 καὶ
1297 1294 1421 1329 γένηται,
1444 1294 1546 1329 ταύτης
1572 1296 1709 1330 ἀποσταίη
1730 1296 1810 1324 ποτε.

1026 1339 1097 1375 Πρὸς
1121 1340 1153 1375 ἣν
1168 1339 1223 1374 ἐγὼ
1244 1339 1383 1371 ἀπαντῶν,
1400 1340 1473 1372 Πῶς,
1495 1338 1518 1367 ὣ
1543 1341 1652 1368 κάκιστ’
1673 1341 1812 1374 Ἐλεύσιε,

1026 1385 1110 1420 φαίην
1135 1385 1180 1418 ἂν,
1209 1386 1335 1421 Πατέρας
1359 1386 1425 1417 τοὺς
1447 1387 1477 1412 ὲν
1511 1387 1663 1422 Ἀντιοχείᾳ.
1694 1387 1811 1422 καλεῖςς

1027 1430 1120 1464 Βολλῷ
1133 1431 1187 1465 γὰρ
1199 1431 1322 1465 κρεῖττον
1342 1430 1463 1462 ἐκείνους
1485 1431 1586 1466 μᾶλλον
1604 1432 1696 1459 καλεῖν
1708 1441 1739 1459 σε
1756 1434 1813 1460 Πα-

1028 1475 1110 1510 τέρας
1120 1475 1156 1508 οἳ,
1167 1475 1197 1502 ἐν
1211 1476 1315 1511 Νικαίᾳ
1337 1476 1547 1512 συνδραμόντες,
1563 1477 1712 1512 ὁμοφώνως
1730 1478 1760 1504 τὸ
1785 1479 1814 1505 6-

1028 1521 1154 1556 μοούσιον
1168 1522 1339 1556 ἀνεκήρυξαν
1349 1529 1356 1538 ·
1370 1523 1411 1549 δτι
1428 1531 1459 1557 γε
1476 1524 1523 1550 καὶ
1537 1525 1592 1555 τοῖς
1607 1525 1714 1558 χρόνοις
1725 1525 1814 1560 ὑπερ-

1026 1568 1162 1602 τεροῦσιν,
1192 1570 1238 1595 καὶ
1261 1566 1302 1600 οἷς
1332 1569 1357 1595 οι
1385 1570 1414 1596 ὲν
1431 1569 1582 1604 Ἀντιοχείᾳ
1611 1570 1737 1601 ἐλθόντες
1764 1571 1814 1598 ὑπ’

1026 1614 1141 1640 ἐκείνων
1163 1614 1243 1649 ἔσχον
1272 1615 1303 1641 τὸ
1328 1614 1470 1650 ἱερᾶσθαι.
1505 1614 1537 1642 Et
1570 1614 1593 1642 δ’
1618 1617 1717 1642 ἐκεῖνοι
1747 1618 1814 1648 τοὺς

1027 1659 1132 1686 ἑαυτῶν
1155 1658 1280 1694 Πατέρας
1295 1660 1441 1695 ἠθέτησαν,
1458 1661 1628 1696 πατραλοϊαις
1637 1662 1750 1696 μᾶλλον,
1764 1665 1815 1689 χαὶ

1026 1704 1056 1730 οὺ
1070 1704 1201 1739 Πατέρες,
1211 1704 1337 1740 κληθεῖεν
1345 1705 1388 1732 ἄν.
1404 1705 1458 1732 Καὶ
1471 1705 1529 1737 πῶς
1543 1706 1576 1733 ἄν
1589 1715 1632 1738 τις
1646 1707 1739 1733 ἕποιτο
1755 1710 1814 1740 τοῖς

1027 1750 1178 1783 τοιούτοις;
1195 1751 1225 1777 El
1237 1751 1260 1778 δ’
1272 1751 1402 1785 ἀδόκιμος
1424 1751 1537 1778 ἐκείνων
1553 1753 1569 1788 ἡ
1585 1753 1688 1785 πίστις,
1705 1755 1766 1781 οὐδὲ
1796 1757 1814 1790 ἡ

1027 1796 1181 1832 χειροτονία
1213 1797 1322 1829 πάντως
1351 1798 1585 1832 ὲνάμφιλέκτοις.
1611 1799 1643 1825 El
1673 1799 1727 1835 γὰρ
1758 1802 1816 1836 πρδ

1027 1841 1139 1869 ἐκείνων
1161 1843 1193 1869 τὸ
1212 1843 1290 1877 ἅγιον
1307 1844 1418 1878 Πνεῦμα
1439 1844 1489 1871 οὐκ
1504 1842 1591 1878 εἶχον,
1602 1845 1616 1872 ὃ
1641 1847 1762 1880 μάλιστα
1777 1849 1813 1883 τῇ

1028 1888 1150 1915 ὲτιιθέσει
1165 1888 1275 1924 ἔρχεται
1298 1890 1353 1916 τῶν
1368 1890 1481 1925 χειρῶν,
1497 1891 1552 1917 οὐδ’
1569 1890 1641 1918 οὗτοι
1659 1893 1768 1925 πάντως
1782 1891 1815 1920 ὲν

1029 1933 1143 1969 ἱερεῦσι.
1161 1935 1223 1966 Πῶς
1238 1935 1291 1970 γὰρ
1308 1935 1340 1961 ἂν
1353 1936 1401 1962 καὶ
1419 1936 1511 1963 laticis
1525 1933 1600 1971 εἵχον
1614 1938 1689 1972 παρὰ
1702 1938 1758 1965 τῶν
1773 1939 1814 1974 μὴ

1027 1978 1155 2012 καθάπαξ
1171 1978 1325 2013 λαὸύντωνς
1344 1979 1436 2006 Ταῦτα
1452 1981 1502 2015 μὲν
1516 1981 1548 2008 ἄν
1566 1990 1609 2012 τις
1630 1983 1701 2017 προς
1717 1983 1815 2010 Ἐλεύ-

1029 2033 1085 2052 σιον
1099 2025 1229 2056 ἀντιστὰς
1244 2026 1318 2052 είποι
1331 2033 1339 2041 '
1366 2027 1416 2061 τῆς
1442 2026 1470 2053 δὲ
1486 2027 1631 2060 διαλέξεως
1651 2029 1812 2063 γινομένης,

1028 2072 1068 2102 εἰς
1084 2070 1197 2106 ζήτησιν
1208 2071 1305 2107 ἑτέραν
1323 2072 1485 2099 καθίσταντο
1495 2079 1504 2088 ⁶
1520 2073 1566 2099 καὶ⁸
1579 2073 1639 2100 ἐπεὶ
1656 2075 1688 2109 τῇ
1706 2075 1815 2102 nam.

1027 2117 1120 2151 ὅμοιον
1132 2116 1238 2152 ἔφησαν
1263 2117 1303 2152 τῷ
1322 2118 1411 2153 llath
1435 2119 1481 2144 τὸν
1506 2119 1580 2152 Υἱὺν,
1603 2120 1815 2148 διεπυνθάνοντο

193 2173 247 2201 que
263 2166 330 2192 tales
348 2165 422 2192 viros
439 2163 590 2199 sequntur?
609 2163 643 2191 Et
664 2163 773 2190 illorum
796 2162 863 2190 lides
885 2163 908 2190 si
931 2171 974 2190 re-

1029 2161 1083 2188 τῶν
1098 2163 1163 2196 περὶ
1179 2162 1319 2195 Ἀκάκιον,
1348 2165 1420 2190 κατὰ
1436 2163 1461 2190 τί
1477 2164 1570 2199 ὅμοιον
1593 2165 1631 2199 τῷ
1648 2166 1737 2201 Πατρὶ
1764 2167 1814 2194 τὸν

194 2211 279 2246 proba
295 2215 348 2242 cst.
368 2217 419 2237 nec
431 2209 568 2237 ordinatio
579 2215 674 2236 eorum
691 2215 804 2242 prorsus
814 2216 867 2235 non
885 2214 976 2244 potest

195 2257 223 2284 in
243 2256 357 2284 dubium
376 2255 477 2283 vocari.
500 2255 622 2289 Namque
636 2254 657 2280 si
672 2258 735 2280 ante
751 2253 820 2281 istos
835 2254 873 2281 illi
889 2255 976 2290 Spiri-

194 2307 251 2330 tum
267 2307 392 2329 sanctum
405 2309 460 2328 non
482 2301 617 2329 habuere.
633 2299 680 2334 qui
704 2307 752 2333 per
771 2299 974 2335 impositiouem

193 2356 323 2376 manuum
350 2347 467 2375 maxime
492 2345 578 2377 venit,
597 2353 687 2379 neque
713 2345 757 2372 isti
774 2346 885 2373 omnino
905 2347 977 2374 inter

192 2394 335 2429 episcopos
357 2398 385 2420 et
401 2391 560 2420 sacerdotes
577 2391 721 2418 censendi.
746 2391 888 2425 Quomodo
902 2393 975 2420 enim

192 2439 353 2475 dignitatem
376 2439 457 2465 talem
483 2438 517 2465 ab
542 2437 583 2464 eis
606 2437 732 2471 accipere
747 2441 910 2472 potuerunt,
929 2439 976 2472 qui

193 2486 266 2514 illam
280 2491 420 2520 nunquam
438 2483 606 2511 habuerint?
622 2483 701 2510 llisce
720 2483 811 2510 \erbis
830 2483 975 2518 quisquam

192 2535 288 2559 contra
314 2530 454 2557 Eleusium
469 2529 561 2556 venire
589 2528 734 2562 potuisset.
753 2527 839 2554 Porro
854 2528 978 2563 disputa-

192 2577 266 2603 tione
275 2574 479 2610 progrediente,
488 2573 522 2600 ad
531 2572 709 2608 quaestionem
723 2571 802 2599 aliam
813 2580 976 2607 pervenere.

192 2623 226 2650 Et
254 2622 384 2657 quoniam
413 2622 439 2648 in
467 2618 583 2648 formula
613 2618 729 2646 similem
754 2618 879 2646 dixerant
902 2619 975 2646 Patri

192 2670 304 2701 Filium,
331 2667 424 2695 Acacii
451 2666 534 2693 factio
559 2665 725 2699 interrogata
739 2669 794 2697 est,
815 2673 930 2699 quanam
948 2673 976 2691 re

193 2714 309 2741 similem
333 2712 407 2740 Patri
437 2710 537 2737 Filium
565 2709 782 2745 proﬁterentur?
800 2709 888 2744 Atque
919 2710 974 2740 illa,

193 2759 335 2795 voluntate
349 2757 418 2787 sola,
437 2762 490 2782 non
502 2759 593 2783 autem
616 2755 780 2787 substantia.
795 2755 912 2782 similem
939 2756 978 2782 di-

193 2810 272 2833 cente
284 2823 293 2836 ,
307 2803 353 2830 alii
366 2808 471 2833 omnes,
487 2801 568 2828 etiam
585 2801 735 2829 substantia
751 2800 867 2828 similem
883 2801 977 2828 dicen-

1029 2209 1094 2235 Υίδν
1109 2208 1283 2243 ὁμολογοῦσι.
1301 2208 1362 2236 Τῶν
1384 2209 1411 2235 δὲ
1429 2211 1498 2237 κατὰ
1516 2210 1644 2244 βούλησιν
1670 2212 1763 2245 μόνον,
1782 2214 1813 2238 οὺ

1029 2254 1084 2290 μὴν
1094 2254 1123 2280 δὲ
1139 2255 1187 2282 καὶ
1201 2254 1273 2281 κατὰ
1287 2254 1336 2289 τὴν
1349 2255 1444 2282 οὐσίαν
1459 2256 1529 2290 ἔχειν
1541 2255 1572 2281 τὸ
1584 2256 1687 2290 ὅμοιον,
1700 2258 1725 2283 ot
1737 2257 1815 2284 ἄλλοι

1027 2301 1129 2331 πάντες
1145 2300 1191 2327 καὶ
1206 2300 1279 2327 κατά
1291 2301 1343 2335 τὴν
1356 2301 1452 2328 οὐσίαν
1467 2302 1563 2336 ὅμοιον
1578 2303 1751 2336 ἰσχυρίζοντο
1766 2304 1814 2330 λέ-

1027 2354 1096 2379 γειν.
1112 2345 1168 2371 Καὶ
1181 2345 1245 2380 περὶ
1261 2345 1357 2371 τούτου
1371 2345 1429 2379 ἔρις
1446 2346 1561 2381 πλείστη
1576 2347 1609 2373 δι’
1624 2347 1688 2382 ὅλης
1703 2348 1814 2383 ἡμέρας

1028 2392 1143 2425 ἐγίνετο.
1166 2391 1331 2426 Ἐξήλεγχόν
1346 2400 1375 2417 τε
1392 2393 1438 2418 καὶ
1464 2393 1546 2419 αὗτ”ν
1572 2393 1700 2420 ’Δκάκιον
1712 2394 1752 2426 ὡς
1768 2395 1816 2430 εἴη

1027 2436 1163 2470 διαφόρως
1178 2436 1286 2471 γράψας
1303 2438 1332 2463 ὲν
1356 2438 1412 2468 τοῖς
1427 2437 1510 2464 αὑτοῦ
1524 2438 1624 2471 λόγοις,
1640 2438 1688 2470 οὓς
1704 2439 1752 2466 καὶ
1766 2441 1816 2466 ὲκ-

1027 2483 1152 2515 δέδωκεν,
1177 2484 1269 2518 ὅμοιον
1293 2484 1364 2510 κατὰ
1395 2484 1483 2510 πάντα
1504 2484 1543 2519 τῷ
1567 2486 1652 2520 Πατρὶ
1675 2485 1722 2511 τὸν
1747 2486 1816 2512 Υίδν

1019 2523 1125 2559 ἐίπὼν,
1149 2528 1197 2555 καὶ
1212 2529 1312 2564 ὁμοίως
1332 2528 1456 2562 δοξάζειν
1483 2530 1587 2560 αὐτοῖς.
1613 2531 1668 2557 Καὶ
1685 2530 1734 2559 νῦν
1754 2533 1816 2564 πῶς

1029 2573 1109 2609 ἀρνῇ,
1127 2573 1231 2608 ελεγον,
1249 2575 1279 2600 τὸ
1304 2574 1364 2602 κατ’
1379 2575 1474 2602 οὐσίαν
1500 2576 1611 2609 ὅμοιον;
1634 2576 1663 2602 '0
1677 2577 1717 2607 δὲ,
1742 2577 1815 2604 Οΰτε

1028 2619 1087 2650 νέος
1102 2628 1155 2650 τις,
1168 2620 1230 2645 οὔτε
1248 2628 1291 2651 τις
1309 2620 1362 2646 τῶν
1375 2620 1498 2655 ἀρχαιων
1516 2621 1568 2647 ἀπὺ
1584 2622 1815 2656 συγγραμμάτων

1029 2665 1142 2695 εὐθύνας
1168 2665 1241 2699 ἔσχε.
1258 2666 1312 2692 Καὶ
1339 2665 1426 2700 ἔριδος
1447 2666 1578 2701 πλείστης
1605 2668 1813 2701 ἁναπτομένης,

1028 2710 1104 2741 τέλος
1118 2712 1132 2736 ὁ
1148 2711 1266 2742 Κυζίκου
1288 2711 1437 2743 Ἐλεὺσιος,
1457 2712 1488 2738 Et
1502 2712 1552 2746 μὲν
1580 2710 1732 2743 Βασίλειος,
1745 2712 1814 2746 ἔφη,

1028 2757 1045 2791 ἢ
1062 2757 1174 2791 Μάρκος
1204 2757 1264 2783 τινὰ
1282 2757 1343 2784 καθ’
1362 2758 1476 2789 ἑαυτοὺς
1503 2758 1672 2793 πεπραχότες
1698 2759 1780 2791 εἰσὶν,
1797 2759 1815 2794 ἢ

1030 2803 1074 2828 ὲπί
1091 2810 1160 2828 τισιν
1177 2803 1252 2834 ἰδίοις
1276 2803 1401 2838 ἀλλήλοις
1429 2804 1672 2838 ἀντεγκαλοῦντες,
1691 2804 1768 2830 οὐδὶν
1784 2806 1818 2832 τὸ
