1901 3047
88 143 132 175 ιοι
554 150 853 184 ECCLESIASTlC/E
873 154 1069 187 HISTORI/E
1091 158 1165 190 LIB.
1187 159 1241 190 IX.

1650 163 1704 195 402

83 203 222 252 Evt-adlisa
236 206 270 240 τῇ
287 207 388 242 συνόδῳ
411 208 498 238 ἐστίν.
518 198 587 238 ’Ᾰλλ¹
603 212 663 240 οὐδὲ
682 215 707 240 εί
727 214 765 249 μὴ
778 215 867 247 καλῶς

923 217 987 245 dum
1010 225 1072 246 esse
1094 219 1304 250 conﬁrmabant.
1322 219 1380 252 Qua
1404 220 1438 248 de
1462 227 1493 248 re
1521 225 1578 248 toto
1603 230 1636 250 eo
1658 222 1702 249 die

81 249 95 283 ἢ
110 249 200 281 ἄλλως
214 251 286 285 ἔχει,
304 252 322 279 ἃ
333 253 410 280 αὐτοὶ
426 254 518 283 ἔθεντο
533 258 598 293 περὶ
606 258 735 293 πίστεως,
748 260 868 294 ἐπάναγ-

81 303 125 322 κες
157 295 418 333 πολυπραγμονεῖν.
448 301 553 336 Χρῆναι
580 303 603 330 δ’
631 303 751 339 ἠγοῦμαι
774 306 805 341 τῇ
838 306 867 332 ὲν

86 340 241 377 Ἀντιοχείᾳ
258 343 375 371 ἕπεσθαι
392 345 464 372 ἑπτὰ
477 347 524 373 καὶ
548 348 729 383 ἐννενήκοντα
745 349 868 384 Πατράσι

79 387 303 425 παραδεδομένῃ.
325 390 356 416 Εί
381 390 410 417 δέ
428 398 470 422 τις
488 392 572 428 ἄλλην
591 394 763 429 εἰσηγεῖσθαι
780 395 868 422 ἐθέλοι

80 432 188 458 ἔχθεσιν
204 434 337 467 πίστεως,
357 435 453 463 τοῦτον
476 437 581 465 δίκαιον
597 439 703 472 πάντας
727 439 867 476 ἀλλότριον

78 478 124 512 τῆς
138 478 286 512 εὐσεϐείας
305 481 415 517 καὶτῆς
437 482 602 518 Ἐκκλησίας
625 485 758 519 νομίζειν,
783 485 868 512 Ταῦτ’

78 524 214 556 slum/10;,
231 526 246 551 ό
261 526 390 561 σύλλογος
399 528 518 556 διελύετο
533 527 624 562 αὖθις.
641 530 680 567 Τῇ
694 531 723 558 δὲ
735 531 868 566 ὑστεραίᾳ

77 569 168 595 οὐκέτι
185 570 227 604 τῷ
239 571 363 606 συλλόγῳ
376 574 546 608 παραὸαλιϊν
557 576 582 602 οἱ
595 576 661 611 περὶ
679 577 808 604 Ἀκάκιον
822 577 868 604 καὶ

78 612 216 647 Γεώργιον
225 615 333 650 ἠθελον.
348 618 400 644 Καὶ
410 619 491 652 αὐτὸς
502 620 531 646 δὲ
543 622 654 653 Λιωνᾶς
667 621 777 657 κληθεὶς
792 624 869 649 ἀπεῖ-

79 667 110 685 πε
123 660 174 695 τὴν
187 660 299 689 ἑλευσιν
309 671 315 677 '
328 663 362 691 τὰ
377 664 431 700 γὰρ
451 666 563 693 ἐκείνων
574 667 683 702 ἐφρόνει
693 668 866 703 περιφανῶς·

77 706 248 734 ἀπεστάλθαι
262 709 366 744 δὲπρὸς
381 711 515 745 βασιλέως
530 713 670 748 πρόφασιν
687 716 807 742 ἐποιεῖτο
821 715 867 741 ἐπὶ

77 753 107 787 τῇ
124 753 256 789 συνοδικῇ
275 756 430 793 συμφωνίᾳ.
449 758 526 785 Ἐπεὶ
540 759 563 786 δ’
578 759 664 792 οὕτως
679 760 806 792 ἀτάκτως
815 760 868 787 διί-

78 799 190 832 στασθε,
204 800 273 834 ὑμῖν
286 801 466 838 συνέρχεσθαι
478 804 510 831 οὐ
522 805 622 840 ῥᾳδίως
632 806 698 841 ἔχω.
710 807 741 833 ΕΞ
757 806 780 833 δ’
789 807 869 842 ὑμεῖς

78 845 217 879 αἱρεῖσθε,
244 847 388 881 ἀπέλθετε,
408 851 453 876 καὶ
469 850 498 876 ἂν
508 851 541 886 τῇ
549 851 685 887 ἐκκλησίᾳ
700 853 868 888 ὲρεσχελεῐτε

78 889 242 924 καθήμενοι.
263 891 370 927 Χρόνου
386 892 414 919 δὲ
425 894 600 930 τρισομένου,
616 896 763 924 ὲκαλοῦντο
779 898 829 933 μιν
842 897 866 925 ot
884 888 906 919 Β

78 933 141 967 sapt
150 934 282 962 ’Δκάκιον
291 944 298 951 ·
311 937 335 963 ot
351 937 378 964 δὲ
392 938 492 973 ῥητοὺς
501 940 541 972 είς
555 940 604 977 τὴν
614 942 712 969 As:qu
722 942 812 973 οἰκίαν
821 951 868 978 γε-

78 978 170 1006 νέσθαι
183 980 290 1014 ἠξίουν.
302 983 504 1018 Διισχυρίςοντο
513 986 552 1020 δὲ,
565 988 734 1024 πρόσταγμα
745 989 778 1016 ἐκ
788 988 867 1024 βασι-

78 1024 143 1056 λέως
157 1026 234 1062 ἔχειν
251 1029 356 1063 κρίνειν
371 1031 434 1062 τοὺς
451 1032 560 1065 ἄλλους.
580 1033 615 1062 Οί
628 1035 656 1062 δὲ
678 1035 742 1062 οὔτε
757 1035 808 1072 τὴν
819 1036 868 1065 αὐ-

78 1071 126 1105 τὴν
140 1073 236 1100 πίστιν
253 1075 396 1110 ὁμολογεῖν
419 1077 571 1114 ἠνείχοντο,
585 1079 643 1106 ἀλλ’
655 1080 717 1107 οὐδὲ
733 1082 798 1116 περὶ
812 1080 868 1108 τῶν

78 1115 267 1152 ἐγκλημάτων
292 1121 500 1157 ἀπολογεῖσθαι.
527 1125 685 1162 κληθέντες
710 1127 739 1154 δὲ
755 1115 804 1154 καὶ
828 1128 868 1160 είς

78 1162 125 1208 τὴν
143 1165 218 1191 κατὰ
247 1166 385 1201 Κύριλλον
405 1169 450 1196 τὸν
469 1170 668 1208 Ἰεροσολύμων
682 1173 817 1206 ἐξέτασιν,
835 1173 868 1200 ὃν

79 1207 156 1234 αὐτοὶ
168 1209 310 1243 καθεζλον,
321 1211 352 1238 οὐ
363 1214 556 1248 παρεγένοντο.
572 1207 686 1244 Ἐκεῖνοι
698 1218 726 1244 δὲ
740 1218 826 1250 ἀδεῶς
837 1218 867 1245 οὐ

79 1253 161 1287 μόνον
173 1254 253 1281 ταῦτ’
269 1256 417 1292 ἔπραττον,
431 1260 501 1287 ἀλλὰ.
527 1263 575 1288 καὶ
598 1263 728 1291 ’Δκὰκιον
742 1266 789 1291 καὶ
803 1265 868 1297 τοὺς

78 1301 330 1346 προσπεφευγότας
353 1306 409 1336 τοῖς
428 1307 494 1341 περὶ
521 1308 636 1342 ἑκείνον,
651 1309 698 1336 ἁτε
723 1310 756 1346 δὴ
771 1312 806 1337 τὰ
822 1311 868 1345 ἐγ-

79 1344 212 1380 κλήματα
234 1348 400 1383 δεδοικότας,
433 1353 578 1381 γαοετλον·
609 1344 754 1391 Γεώργιόν
771 1365 801 1383 τε
822 1357 868 1383 τὸν

84 1391 307 1439 Ἀλεξανδρείας,
323 1397 371 1423 καὶ
384 1398 518 1433 οὐράνιον
528 1400 573 1428 τὸν
587 1401 689 1436 Τύρου,
705 1403 754 1430 καὶ
765 1403 870 1439 Πατρό-

78 1438 169 1472 φιλον,
189 1441 238 1467 καὶ
252 1442 379 1475 Εὑδόξιον
392 1444 438 1471 τὸν
457 1445 623 1482 Ἀντιοχείας
636 1457 643 1465 ·
657 1449 720 1480 τοὺς
736 1449 759 1476 δ’
772 1438 869 1480 ἄλλους

78 1484 284 1521 ἁκοινωνησίας
313 1488 408 1516 κανόνι
434 1491 562 1527 ἐπέσχον,
585 1493 666 1529 ἄχρις
691 1491 723 1520 οὖ
743 1495 811 1530 πρὸς
833 1496 869 1522 τὰ

77 1531 237 1566 ἐπαχθέντα
252 1534 416 1570 ἐγκλήματα
437 1537 509 1564 δοῖεν
527 1539 679 1573 ἀπόλογον,
699 1541 746 1568 καὶ
760 1542 795 1568 τὰ
821 1541 867 1568 ἐπ’

78 1579 175 1611 αὐτοῖς
190 1580 329 1615 γενόμενα
345 1583 379 1618 τῇ
392 1583 509 1611 ἑκάστου
524 1585 655 1622 παροικίᾳ
671 1586 869 1623 δισμηνύσαντο

77 1626 259 1661 γράμμασιν.
278 1627 351 1655 Ἀντὶ
375 1629 428 1665 μὲν
454 1630 501 1658 οὖν
534 1631 661 1665 Εὑδοξίου
680 1633 804 1661 ’Δνιανὸν
835 1637 869 1672 τῇ

85 1673 251 1709 Ἀντιοχέων
278 1677 464 1712 χειροτονοῦσι
482 1698 489 1710 ,
515 1679 565 1714 τῆς
597 1680 689 1707 ἐκεῖσε
720 1681 870 1717 ἐκκλησίας

79 1723 281 1758 πμσόύτερον,
297 1723 328 1750 ὃν
341 1724 442 1751 αὐτίκα
455 1725 480 1752 oi
504 1727 569 1762 περὶ
590 1727 718 1755 ’Δκάκιον
729 1730 869 1757 ’συλλαῦό-

81 1778 160 1804 μενοι
171 1770 269 1806 Λεωνᾷ
294 1772 341 1798 καὶ
362 1771 507 1807 Λαυρικίῳ
531 1774 698 1809 παρέδοσαν,
713 1774 738 1800 οἳ
761 1775 871 1811 φρουρᾷ

80 1816 113 1842 ὲκ
127 1817 308 1851 στρατιωτῶν
319 1817 506 1853 περιώρισανο
521 1820 550 1852 ὲς
567 1819 684 1856 ὕστερον
700 1821 730 1848 δὲ
756 1822 802 1848 καὶ
817 1830 870 1857 φυ-

81 1864 132 1898 τὴν
148 1864 299 1899 ὑπερόριον
315 1864 398 1891 αὑτοῦ
414 1865 611 1893 κατεδίκασαν.
629 1867 668 1894 Τὰ
688 1867 738 1903 μὲν
755 1865 803 1895 οὖν
818 1868 870 1904 τῆς

81 1908 110 1935 ιν
139 1907 293 1943 Σελευκείᾳ
322 1908 432 1935 συνόδου
460 1909 635 1944 πραχθέντα.
663 1911 701 1942 ὡς
720 1911 749 1938 ὲν
775 1913 870 1939 συντό-

82 1962 124 1988 μῳ
149 1955 250 1986 ιίπείν,
267 1956 306 1986 είς
325 1956 403 1981 τοῦτο
431 1955 511 1990 ἔληγε
533 1957 645 1988 τέλους·
660 1955 702 1989 οἷς
725 1958 749 1985 δ’
771 1960 870 1994 ἐπιμε-

80 2002 124 2032 λὲς
151 2002 200 2027 καὶ
223 2010 257 2027 τι
282 2001 350 2036 πρὸς
366 2001 464 2028 λεπτὸν
478 2002 532 2028 τῶν
555 2004 732 2038 πραχθέντων
758 2005 868 2041 ειδέναι,

82 2050 114 2075 ὲκ
135 2048 190 2074 τῶν
219 2048 328 2082 ἐκείνης
352 2048 556 2082 ὑπομνημάτων
576 2050 712 2083 εῐσονται,
739 2050 757 2077 ἃ.
789 2059 871 2086 ταχυ-

81 2095 183 2130 γράφοι
204 2094 268 2120 τότε
292 2093 424 2128 παρόντες
439 2094 607 2127 ἡκρίὸωσαν.
620 2095 729 2122 Τούτων
741 2096 812 2123 οὕτω
824 2105 871 2131 γε-

80 2141 251 2176 γενημένων,
264 2141 289 2166 οἱ
305 2140 505 2175 περὶἈκάκιον
513 2142 613 2177 σπουδῇ
623 2142 670 2168 ιπὶ
680 2142 726 2169 τὸν
739 2143 870 2178 κρατοῦν-

80 2198 114 2216 τα
132 2189 298 2223 ἀνέρχονται
310 2196 318 2204 ·
339 2187 364 2214 ὁὶ
383 2187 412 2214 δὲ
439 2187 514 2214 ἄλλοι
533 2187 648 2220 ἕκαστος
663 2189 709 2214 ἐπὶ
725 2188 760 2216 τὰ
783 2190 870 2216 οἰκεία

80 2235 132 2271 ἤθη
144 2235 280 2270 ἐχώρουν.

920 265 1040 292 maxima
1057 265 1108 292 fuit
1124 266 1275 294 contentio.
1292 266 1375 303 789
1396 266 1580 301 Conqicerunt
1594 276 1702 303 qumque

920 309 1009 343 ipsum
1033 310 1173 344 Acacium,
1198 311 1271 347 quod
1296 311 1348 340 sibi
1376 311 1431 348 ipsi
1455 317 1570 348 propter
1597 314 1699 341 variam

919 355 1099 390 scriptionem
1116 357 1143 383 in
1160 356 1236 384 libris
1249 357 1305 385 suis
1320 365 1388 393 quos
1403 358 1545 390 edidisset,
1563 366 1616 386 non
1633 366 1699 385 con-

919 404 1014 432 staret,
1036 401 1062 428 in
1081 401 1181 436 quibus
1204 403 1281 438 prius
1306 403 1422 431 similem
1447 411 1498 438 per
1514 404 1606 431 omnia
1627 403 1701 430 Patri

919 444 1018 473 Filium
1035 446 1144 480 dixerit,
1162 447 1288 482 idemque
1300 456 1362 476 cum
1379 448 1445 483 ipsis
1463 448 1582 476 senserit
1601 456 1608 474 :
1629 455 1703 475 nunc

918 498 984 518 vero
995 493 1102 519 tandem
1125 493 1278 521 substantia
1302 494 1420 522 similem
1443 501 1502 522 esse
1518 498 1641 529 negaret.
1659 494 1699 523 Ad

919 543 980 570 qua:
998 536 1054 569 ille,
1083 545 1172 572 neque
1190 546 1223 566 ex
1241 540 1451 572 recentioribus,
1476 547 1565 574 neque
1579 546 1613 566 ex
1631 538 1703 565 anti-

919 581 981 616 quis
994 589 1158 617 quemquam
1183 584 1216 612 ad
1242 585 1406 619 scriptorum
1433 593 1544 613 suorum
1566 584 1700 612 rationem

919 625 1084 654 reddendam
1101 627 1264 656 obstrictum
1279 636 1350 663 esse,
1360 630 1512 665 respondit.
1520 629 1701 657 Contentione

919 670 983 699 inde
1001 673 1117 701 maxime
1131 674 1273 709 gliscente,
1295 679 1434 711 postremo
1448 675 1576 703 Eieusius
1590 675 1702 710 Cyzice-

918 725 980 750 nus,
1010 717 1152 754 Siquidem
1169 720 1295 754 Basilius,
1317 721 1404 756 inquit
1417 741 1424 755 ,
1442 725 1488 749 aut
1500 721 1615 749 Aeacius
1630 741 1637 754 ,
1652 725 1702 748 aut

919 762 1034 795 Marcus,
1048 771 1096 798 per
1122 771 1152 792 se
1167 765 1269 800 aliquid
1284 771 1364 801 agant
1374 786 1381 798 ,
1398 766 1441 793 vel
1461 766 1513 801 ipsi
1528 769 1625 792 mutuo
1640 772 1701 792 sese

919 807 953 835 de
966 809 1095 843 qu0piam
1103 809 1299 843 criminentur,
1316 811 1386 838 nihil
1401 811 1425 838 id
1442 812 1475 839 ad
1491 811 1624 847 synodum
1641 818 1702 845 per-

921 853 1014 882 tineat.
1030 854 1084 882 Sed
1104 862 1192 890 neque
1208 863 1268 890 quae
1282 856 1334 890 ipsi
1353 856 1387 884 de
1412 856 1464 884 ﬁde
1488 857 1546 884 sive
1562 860 1637 883 recte
1651 863 1701 884 seu

920 894 1063 934 perperam
1078 901 1276 936 perscripsere,
1289 909 1401 929 necesse
1413 901 1547 929 habemus
1563 900 1702 928 curiosius

920 944 955 972 de
972 945 1013 972 eis
1033 946 1183 980 inquirere.
1201 946 1322 982 Peropus
1348 951 1440 974 autem
1463 954 1524 974 esse
1541 946 1645 982 judico.
1675 945 1703 972 in

921 991 1092 1026 professione
1108 992 1277 1020 Antiochena
1288 1000 1305 1021 a
1321 993 1471 1028 nonaginta
1482 999 1510 1021 et
1521 997 1628 1028 septem
1649 991 1701 1019 Pa-

922 1038 1011 1066 tribus
1036 1039 1143 1073 prodita
1163 1040 1349 1075 acquiescere.
1370 1041 1399 1069 Si
1414 1042 1478 1077 quis
1501 1046 1593 1068 autem
1620 1039 1701 1067 aliam

921 1083 1057 1119 subjicere
1068 1085 1134 1112 velit
1148 1085 1210 1113 ﬁdei
1222 1085 1378 1119 formulam.
1392 1094 1455 1114 eum
1471 1094 1579 1122 equum
1595 1093 1657 1113 ease
1672 1089 1703 1112 tt:

921 1136 1016 1156 omnes
1027 1137 1043 1157 a
1058 1137 1120 1158 vera
1138 1131 1239 1166 pietate
1253 1136 1281 1159 et
1292 1132 1414 1160 Ecclesia
1429 1132 1550 1160 alienum
1561 1139 1623 1160 esse
1638 1138 1704 1159 cen-

921 1181 1009 1203 seant.
1038 1176 1117 1204 llisce
1146 1177 1239 1205 verbis
1265 1182 1417 1206 conventus
1445 1186 1556 1206 rursum
1582 1178 1702 1205 solutus.

921 1221 1036 1250 Postero
1050 1227 1141 1250 autem
1158 1223 1203 1251 die
1221 1223 1336 1252 Aeacius
1351 1229 1380 1252 et
1396 1223 1530 1259 Georgius
1538 1232 1599 1251 cum
1611 1228 1703 1250 secta-

921 1267 1028 1295 toribus
1041 1268 1099 1295 suls
1115 1268 1140 1295 in
1156 1274 1320 1296 conventum
1335 1270 1429 1296 venire
1444 1270 1601 1296 noluerunt.
1613 1269 1704 1303 Atque

921 1312 979 1347 ipse
991 1312 1107 1344 Leonas,
1120 1319 1234 1341 vocatus
1247 1321 1366 1349 quoque,
1379 1322 1408 1342 se
1417 1319 1563 1342 venturum
1579 1314 1700 1350 negavit.

920 1358 1020 1394 Aperte
1036 1367 1153 1394 namque
1169 1367 1231 1387 cum
1250 1360 1303 1388 illis
1319 1360 1474 1392 sentiebat,
1492 1360 1564 1387 illaut
1594 1368 1648 1392 prae
1672 1367 1703 1387 se

921 1405 1014 1433 ferens
1027 1413 1148 1437 causam,
1167 1406 1202 1433 ab
1228 1406 1394 1441 imperatore
1416 1414 1445 1434 se
1466 1406 1499 1433 ad
1521 1406 1617 1441 synodi
1634 1413 1702 1437 con-

921 1451 1043 1479 cordiam
1059 1451 1255 1479 conciliandam
1264 1451 1377 1479 missum
1391 1459 1462 1479 esse.
1475 1451 1702 1486 Quandoquidem

921 1504 987 1524 vero
1003 1497 1040 1524 ita
1057 1497 1131 1524 nullo
1149 1503 1258 1525 servato
1274 1498 1371 1526 ordine
1390 1498 1462 1526 inter
1480 1505 1510 1526 se
1523 1498 1702 1530 dissiderent.

922 1550 976 1570 non
999 1542 1078 1570 facile
1101 1543 1128 1570 ei
1141 1550 1202 1571 esse
1228 1543 1262 1571 ad
1286 1551 1335 1571 eos
1354 1544 1498 1572 accedere.
1514 1544 1543 1572 Si
1565 1552 1630 1573 vero
1650 1544 1703 1580 ipsi

921 1589 1035 1623 vellent,
1048 1590 1166 1622 abirent,
1179 1595 1262 1626 atque
1288 1591 1319 1618 in
1333 1591 1450 1619 ecclesia
1463 1591 1596 1619 sedentes
1616 1599 1706 1627 nugas

920 1639 1043 1669 agerent.
1071 1635 1111 1663 lta
1138 1639 1247 1670 tempus
1267 1636 1475 1665 extrahebatur.
1493 1637 1526 1664 Et
1555 1638 1704 1665 vocabatur

920 1680 1031 1715 quidem
1046 1689 1108 1708 cum
1122 1681 1180 1709 suis
1198 1682 1226 1709 in
1238 1687 1400 1710 conventum
1416 1683 1543 1711 Aeacius.
1561 1683 1600 1711 llli
1612 1688 1704 1710 autent

920 1730 1011 1753 certos
1022 1727 1166 1762 episcopos
1180 1728 1208 1754 in
1224 1727 1324 1756 Leonte
1338 1728 1449 1756 domum
1462 1749 1469 1762 ,
1485 1730 1531 1757 ubi
1545 1730 1707 1764 frequentes

921 1771 974 1807 ipsi
990 1780 1052 1801 esse
1067 1773 1203 1806 solebant,
1214 1774 1310 1802 venire
1325 1775 1578 1809 volueruntzatque
1593 1776 1705 1810 insuper

920 1824 1125 1851 asseverarunt,
1142 1819 1300 1847 mandatum
1314 1827 1344 1848 se
1358 1820 1392 1847 ab
1410 1820 1574 1855 imperatore
1590 1821 1703 1853 habere.

921 1869 952 1892 ut
965 1865 1033 1892 alios
1049 1864 1215 1899 iudicarent.
1241 1865 1294 1893 Sed
1319 1873 1406 1900 neque
1421 1866 1544 1893 eamdem
1564 1875 1626 1894 cum
1641 1867 1703 1895 aliis

921 1911 1002 1938 ﬁdem
1017 1911 1150 1946 profiteri,
1168 1919 1257 1946 neque
1282 1911 1315 1938 ad
1333 1912 1438 1948 objecta
1452 1913 1566 1939 crimina
1585 1921 1704 1947 respon-

921 1956 996 1989 dere,
1017 1956 1184 1983 sustinuere.
1201 1956 1271 1989 Quin
1288 1958 1370 1983 etiam
1389 1957 1423 1984 ad
1444 1958 1538 1992 Cyrilli
1555 1959 1592 1993 (l)
1607 1959 1704 1986 Hiero—

921 2002 1074 2037 solymitani
1097 2008 1209 2029 causam
1230 2001 1393 2029 audiendam
1417 2002 1534 2036 invitati,
1551 2011 1632 2038 quem
1649 2004 1702 2038 ipsi

921 2049 1081 2082 episcopatu
1108 2047 1185 2075 abire
1213 2047 1367 2082 jusserant,
1394 2056 1449 2075 non
1471 2049 1586 2076 aﬂ’uere.
1608 2049 1702 2085 Neque

920 2093 994 2120 enim
1009 2092 1056 2127 qui
1071 2099 1118 2120 eos
1133 2097 1262 2128 cogeret,
1277 2093 1373 2121 aderat
1391 2094 1549 2130 quisquam.
1571 2095 1607 2123 At
1624 2097 1702 2124 alteri

921 2139 960 2166 illi
984 2147 1039 2166 non
1066 2138 1144 2166 modo
1160 2138 1244 2166 libere
1266 2139 1325 2168 haec
1345 2144 1472 2175 egerunt,
1497 2141 1544 2169 sed
1571 2142 1702 2171 Acacium

921 2185 1015 2218 etiam,
1030 2189 1059 2212 et
1073 2185 1229 2220 quicunque
1242 2184 1275 2212 ad
1297 2193 1359 2213 eum
1373 2186 1560 2222 confugissent
1573 2207 1581 2221 ,
1602 2189 1703 2224 quippe

887 2225 913 2255 D
926 2230 974 2265 qui
986 2230 1119 2258 intentata
1132 2230 1172 2257 eis
1185 2230 1300 2258 crimina
1309 2231 1415 2261 diluere
1429 2233 1594 2267 timuissent,
1610 2235 1703 2270 digni-

80 2287 134 2309 tate
145 2283 320 2318 privarunt:
355 2278 503 2315 Georgium
527 2281 632 2309 scilicet
656 2281 884 2315 Alexandrinum,
904 2280 1036 2309 Uranium
1065 2279 1189 2314 Tyrium,
1215 2278 1404 2315 Patrophilum
1437 2279 1702 2317 Scytbopolitannm,

80 2334 106 2356 et
122 2329 280 2356 Eudoxium
302 2330 528 2357 Antiochenum:
556 2330 625 2358 alios
654 2335 746 2358 autem
772 2328 1065 2358 “communicationis
1100 2329 1200 2356 canoni
1233 2328 1391 2364 subjecere,
1409 2329 1497 2356 donec
1529 2330 1563 2357 de
1583 2330 1704 2358 crimini-

82 2377 134 2404 bus
146 2378 188 2404 eis
203 2378 323 2413 objectis
340 2386 389 2412 per
402 2386 492 2406 causa:
507 2378 657 2406 dictionem
671 2378 869 2406 satisfacerent.
891 2377 972 2413 790
1004 2378 1094 2412 Atque
1122 2376 1151 2404 id
1167 2375 1240 2412 quod
1255 2376 1288 2404 de
1307 2377 1347 2405 eis
1361 2381 1452 2404 actum
1465 2381 1556 2409 esset,
1576 2378 1702 2411 paraecizn

81 2425 193 2451 cuilibet
204 2424 403 2458 perscripsere.
427 2424 460 2451 Et
484 2425 512 2452 in
533 2424 649 2452 Eudoxii
682 2425 772 2451 locum
805 2423 958 2452 Antiochia:
986 2423 1122 2450 Anianum
1145 2430 1337 2457 surrogavere,
1368 2421 1498 2450 Ecclesia
1525 2422 1702 2450 Antiochenzn

81 2471 275 2506 presbyterum
291 2478 390 2506 :qnetn
405 2471 546 2499 confestim
557 2471 671 2498 Aeacius
681 2470 921 2505 comprehensum.
935 2469 1032 2497 Leona:
1044 2473 1072 2497 et
1088 2468 1214 2496 Lauricio
1226 2468 1406 2503 tradidil,qui
1421 2468 1472 2496 sub
1483 2468 1592 2496 militari
1608 2473 1705 2496 custo-

82 2517 126 2542 dia
138 2524 202 2544 eum
221 2521 351 2549 tenuere,
365 2522 392 2544 et
408 2522 501 2552 postea
525 2517 623 2545 exsilio
639 2517 869 2545 condemnavere.
888 2516 922 2544 Et
950 2523 993 2544 res
1009 2515 1123 2550 quidem
1134 2515 1265 2543 Seleucia:
1279 2515 1307 2542 in
1330 2515 1434 2550 synodo
1450 2519 1526 2547 actae,
1542 2514 1623 2542 sicuti
1654 2523 1701 2542 eas

82 2563 280 2598 compendiose
292 2570 430 2598 exponere
444 2563 534 2598 potui,
550 2563 624 2590 hunc
643 2563 766 2590 habuere
794 2563 885 2590 linem.
906 2562 957 2595 Qui
986 2569 1052 2589 vero
1074 2566 1201 2589 accurate
1232 2561 1323 2589 omnia
1347 2568 1513 2595 cognoscere
1540 2561 1636 2594 velint,
1667 2569 1700 2589 ex

83 2611 142 2645 cjus’
156 2611 226 2639 actis
239 2618 272 2638 ea
287 2615 463 2646 petant,qua:
477 2611 605 2644 dispositi
635 2611 733 2638 notarii
763 2609 903 2645 diligentia
922 2617 1028 2637 summa
1039 2609 1191 2636 confecere.
1210 2608 1302 2636 Rebus
1318 2608 1356 2635 ita
1373 2608 1465 2642 gestis,
1473 2607 1566 2634 Acacii
1580 2607 1701 2636 fautores

82 2658 212 2685 celeriter
239 2656 275 2684 ad
292 2658 484 2693 imperatorem
496 2661 562 2685 sunt
582 2657 708 2693 proiecti.
723 2657 774 2684 Alii
799 2663 865 2684 vero
884 2657 996 2684 domum
1012 2656 1127 2691 quisque
1151 2663 1227 2682 suam
1245 2658 1419 2690 receperunt.

102 2747 292 2786 .(l)Cyrillus
314 2754 329 2773 a
351 2747 454 2782 synodo
470 2746 504 2786 ad
526 2746 720 2786 imperatorem
735 2754 866 2786 prolocu-

83 2782 132 2815 vit,
148 2789 174 2809 ct
190 2781 345 2816 {inperator
360 2781 579 2816 provocationem
594 2782 765 2817 approbavit.
784 2781 895 2810 Factum

920 2746 973 2776 hoc
995 2751 1090 2775 contra
1113 2745 1298 2774 Ecclesiasticl
1321 2745 1436 2775 canonis
1462 2746 1702 2816 consgetudinpm.

1520 2787 1529 2816 (
1553 2787 1637 2809 itcrat.

1520 2787 1637 2819 (δοίη-οι.
