1901 3047
223 140 281 173 415

837 142 1046 173 NICEPHURI
1065 141 1234 172 C.-\l.LISTl

1795 138 1856 170 416

223 200 324 232 coegit.
342 198 424 233 798
441 198 534 226 Talem
548 198 659 233 quidem
676 199 858 228 abdicationis
868 201 929 236 ejus
943 208 1008 228 cau.

1075 201 1172 232 Πάντας
1189 200 1218 226 δέ
1239 199 1353 230 τούτους
1376 199 1456 230 ὅσους
1472 198 1608 230 καθεῖλον,
1626 197 1672 225 καὶ
1692 198 1740 232 τῆς
1766 199 1855 225 Κων-

224 251 281 271 sam
303 244 388 271 fuisse
411 245 514 277 audivi,
536 244 584 272 sed
607 252 662 271 non
688 245 755 273 satis
781 250 856 274 certe
883 253 952 278 tum.
978 252 1007 274 ut

229 289 295 316 mihi
313 289 432 320 videtur,
456 290 664 317 convenientem
685 298 693 318 :
716 290 847 325 quoniam
875 290 960 318 l'atnes
981 295 1008 316 et

226 336 340 369 penuria
367 336 535 363 venditiOnis
562 343 644 363 causa
672 335 760 364 fuere.
789 337 1007 372 Quibuscunque

225 383 316 405 autem
336 379 451 406 Aeacius
471 378 651 413 factionisque
666 380 726 414 ejus
748 379 868 407 fautores
889 379 1007 414 dignita-

228 429 281 451 tem
303 424 510 458 abrogaverant,
527 432 574 452 eos
595 425 677 452 etiam
694 433 790 452 omnes
812 425 1008 452 Constantino-

226 469 280 503 poli
296 470 468 503 expnlcrunt.
488 471 571 498 Erant
583 476 672 498 autem
687 471 712 498 in
725 479 755 498 ea
771 471 889 499 factione
901 473 1007 505 decem,

227 515 274 548 qui
300 516 450 542 sententias
473 516 566 542 talium
588 516 798 551 abrogationum
817 517 929 544 calculis
951 517 1010 544 suis

227 561 407 596 comprobare
425 562 581 589 noluerunt.
595 562 648 589 Eos
662 563 688 589 itt
709 563 770 590 loco
786 567 862 590 certo
875 564 1008 590 asservari

224 607 343 645 iussere,
364 612 393 634 ut
407 608 445 635 ibi
462 608 559 642 privati
575 611 697 642 agerent,
713 616 802 642 neque
818 616 874 635 rem
891 609 1009 635 divinant

226 653 404 687 attingentes,
422 661 511 687 neque
534 661 630 680 eorum
654 653 805 688 quidquam
827 661 887 688 quae
901 653 1009 688 episco-

227 697 296 731 palis
317 698 439 725 muneris
450 701 524 729 T-sunt
544 704 668 734 agentes,
693 699 780 726 donec
800 699 1009 734 abrogationum

227 743 374 769 sententiis
391 743 609 771 subscriberent.
627 744 660 772 Et
676 745 728 771 nisi
748 745 820 771 intra
837 753 946 773 menses
964 753 1012 773 sex

226 797 276 824 per
290 791 480 824 pwnitentiam
498 791 701 826 resipiscerent,
724 798 751 819 et
768 793 850 820 rebus
878 793 1007 821 omnibus

228 842 289 870 quae
309 836 431 870 synodus
444 838 624 864 constituerat
639 839 848 871 assentirentur,
862 839 928 874 ipsis
941 847 1011 875 quo-

229 888 282 914 que
299 881 456 916 ademptum
474 883 617 915 ecclesias,
632 883 748 918 aliisque
774 885 951 913 commissum
965 886 1011 920 iri,
1031 873 1051 901 Β

229 926 277 960 qui
294 934 355 953 eum
371 928 411 955 eis
427 929 611 956 consentirent
623 950 630 961 ,
648 930 728 957 sicuti
747 931 804 958 ﬁeri
821 932 910 965 solet,
925 933 1013 960 mina-

230 971 342 999 bantur.
358 972 413 1000 Hoc
430 973 477 1000 ubi
489 975 702 1007 constituerunt,
716 977 918 1013 consiliumque
931 986 1012 1006 suum

231 1016 266 1042 ad
280 1017 382 1044 exitum
396 1019 594 1052 perduxerunt,
605 1019 638 1046 ad
651 1020 793 1055 episcopos
806 1022 905 1056 ubique
918 1030 1013 1050 omnes

231 1062 339 1090 litteras
353 1063 500 1097 dederunt,
518 1069 547 1091 ut
567 1066 767 1094 Ariminensem
786 1067 847 1094 ﬁdei
869 1069 1014 1103 professio-

231 1116 294 1136 nem
318 1117 371 1137 uua
393 1118 454 1138 cum
480 1112 631 1146 adjectionc
653 1121 703 1140 sua
726 1119 878 1146 servarent,
897 1123 1013 1150 eamque

232 1154 484 1188 subscriptionibus
500 1156 557 1184 suis
572 1158 778 1185 conﬁrmarent.
799 1158 887 1186 Aliter
901 1160 924 1187 si
940 1159 1011 1187 face-

232 1205 305 1233 rent,
331 1200 419 1227 solum
444 1202 532 1229 exsilii
553 1210 635 1230 causa
660 1208 808 1231 verterent.
828 1205 867 1232 Ad
889 1213 949 1240 ηοω
965 1206 1014 1232 im—

232 1246 367 1280 peratoris
399 1255 528 1281 quoque,
565 1254 654 1283 empta
686 1257 782 1276 comm
819 1252 1013 1286 comprobans,

232 1292 347 1319 accessit
368 1293 485 1320 sanctio.
508 1293 659 1321 Certiorem
676 1303 785 1330 quoque
802 1295 836 1322 de
861 1296 903 1323 Itis
918 1298 1014 1324 Patro-

231 1337 338 1374 philum
356 1337 572 1374 Scythopolitatn
589 1340 688 1371 fecere.
703 1342 749 1375 qni
764 1349 792 1368 se
809 1342 900 1369 statim
919 1342 971 1370 Sel-
984 1351 1014 1370 u-

232 1383 276 1410 cia
293 1383 327 1410 ad
341 1391 418 1410 suam
439 1385 595 1412 contulerat
613 1385 777 1413 Ecclesiam.
793 1387 827 1415 Et
846 1387 928 1421 paulo
943 1392 1014 1422 post,

233 1429 374 1456 Eutloxius
387 1437 448 1457 cum
463 1430 647 1458 sectatoribus
659 1431 728 1463 suis,
742 1432 811 1458 alios
825 1433 886 1460 aliis
901 1434 928 1459 in
945 1433 1016 1460 sedi-

234 1474 287 1501 bus
297 1474 500 1508 episcopalibus
514 1475 665 1519 substituit.
682 1475 742 1510 lpsc
751 1477 862 1512 quidem
877 1478 1015 1505 Eudoxitts

235 1519 342 1554 primus
359 1518 517 1547 Macedonio
533 1518 694 1555 surrogattts
708 1526 750 1548 est
774 1531 781 1548 :
804 1521 902 1549 Basilio
924 1528 1014 1550 autem

235 1565 380 1599 Aneyrano
415 1565 590 1592 Athanasius.
622 1566 708 1593 Porro
741 1566 850 1594 Eleusio
882 1568 1017 1595 successit

236 1610 399 1643 Eunomius,
414 1611 460 1645 qui
476 1611 558 1638 etiam
572 1611 685 1639 haeresis
700 1613 817 1640 nominis
833 1613 876 1640 sui
891 1614 1017 1648 princeps

235 1656 349 1683 exstitit.
369 1656 402 1682 Et
417 1664 467 1691 pro
481 1656 623 1684 Eustatltio
640 1657 780 1689 Sebastize,
793 1658 873 1686 divus
893 1658 1018 1687 Meletius

236 1701 366 1729 Ecclesia:
389 1703 544 1736 praefectus.
570 1703 744 1730 Macedonius
768 1703 1019 1739 Constantinopoli-

237 1753 303 1774 tano
318 1749 476 1782 episcopatu
491 1748 623 1782 privatus,
638 1757 653 1776 e
670 1749 781 1783 regione
801 1749 862 1776 urbi
877 1748 1018 1776 Orientem

238 1799 345 1824 versus,
360 1792 386 1818 in
399 1792 458 1818 loco
473 1792 516 1819 cui
529 1799 626 1820 nomen
639 1792 774 1825 Claustra,
790 1793 894 1821 diutius
906 1793 1017 1828 degens,

239 1837 276 1864 ibi
293 1838 424 1864 adversus
448 1838 582 1872 Spiritum
607 1843 732 1865 sanctum
751 1839 948 1874 blasphemiam
972 1846 1020 1866 ore

238 1885 351 1911 minime
375 1885 466 1911 clauso
495 1885 635 1915 evomuit,
662 1889 689 1912 et
714 1885 784 1912 male
810 1886 892 1912 vitam
921 1885 1017 1911 ﬁnivit.

238 1931 324 1958 Porro
355 1931 471 1957 Aeacius
504 1935 532 1958 et
557 1935 705 1958 sectatores
727 1931 786 1966 ejus
819 1931 972 1958 Eudoxium
991 1932 1019 1958 in

237 1977 440 2011 possessionem
452 1984 563 2004 vacuam
577 1976 704 2004 Ecclesite
713 1977 1021 2012 Constantinopolitanze

239 2023 425 2055 deduxerunt,
442 2023 521 2057 longe
537 2023 570 2050 ab
583 2023 622 2050 eis
636 2031 695 2058 quae
708 2023 789 2059 paulo
802 2028 865 2051 ante
877 2023 1019 2058 iudicave-

241 2074 302 2095 rant
317 2069 422 2097 diversa
442 2075 606 2097 statuentes.
627 2069 678 2103 Qui
695 2071 770 2097 enim
787 2078 841 2097 non
865 2071 899 2096 ita
915 2070 1020 2104 pridem

241 2113 388 2140 Dracontio
400 2114 599 2148 episcopatum,
608 2115 681 2148 quod
698 2123 730 2140 ex
742 2114 845 2141 Galatia
859 2114 1020 2149 Pergamum

241 2159 395 2189 transisset,
419 2158 588 2192 ademerant,
615 2167 669 2186 non
694 2159 956 2191 animadverterunt,
980 2167 1020 2192 se,

241 2205 308 2232 dum
324 2204 480 2232 Eudosium
499 2213 554 2232 non
573 2205 601 2232 in
618 2213 711 2237 uttatn,
726 2206 772 2233 sed
790 2206 845 2241 jam
863 2207 891 2233 itt
908 2207 1022 2234 alteram

244 2251 394 2278 Ecclesium
417 2251 606 2284 transferrent,
621 2252 759 2279 contraria
780 2253 831 2280 sihi
848 2253 914 2288 ipsis
929 2253 1024 2281 decer-

243 2305 308 2325 nere
331 2303 359 2325 et
380 2297 481 2324 facere.
498 2297 579 2333 799
597 2299 683 2326 Porro
699 2306 760 2325 cum
783 2299 806 2326 is
822 2300 965 2327 ecclesiam
982 2308 1023 2327 re-

243 2344 325 2379 cepit,
342 2348 398 2370 tum
415 2348 442 2371 et
459 2352 556 2379 magna
576 2345 691 2381 ecclesia
711 2353 772 2380 qua:
786 2345 882 2380 Σοφία,
903 2347 955 2373 hoc
970 2350 1023 2378 est,

243 2392 383 2427 Sapientia
398 2391 510 2423 dicitur,
534 2391 658 2419 [incaenia
673 2393 831 2424 celebravit,
850 2393 1025 2427 quimlecitno

244 2437 387 2465 Februarii
403 2437 505 2464 mensis
520 2437 576 2464 die.
595 2437 645 2464 llic
667 2437 711 2464 ille
731 2438 758 2464 in
777 2439 877 2464 throno
893 2445 943 2464 suo
958 2446 1025 2464 con-

243 2484 347 2514 sidcns.
362 2484 478 2518 primum
496 2483 662 2519 divulgatum
677 2485 748 2510 illam
766 2484 793 2509 in
809 2484 925 2511 ecclesia
939 2483 1026 2511 edidit

243 2537 339 2557 vocent
357 2539 363 2557 :
379 2530 469 2561 Pater,
492 2530 631 2565 inquiens,
653 2531 765 2566 ἁσεῢὴς,
784 2530 836 2557 hoc
853 2535 905 2562 est,
922 2529 944 2557 si
960 2529 1026 2556 sim-

244 2575 352 2609 pliciter
376 2575 547 2610 accipiatur,
572 2575 672 2610 impius
690 2584 696 2602 :
712 2577 789 2602 aliter
804 2595 810 2606 ,
836 2583 891 2602 non
919 2575 1023 2602 colens.

245 2622 331 2648 Filius
350 2627 441 2648 autem
458 2622 584 2660 εὐσεϐὴς,
604 2623 656 2649 hoc
674 2628 726 2653 est,
744 2629 806 2649 vere
820 2621 892 2656 pius,
908 2626 935 2649 et
952 2627 1026 2648 recte

244 2666 350 2694 colens.
368 2667 401 2693 Et
417 2668 535 2694 tumultu
552 2668 585 2694 ad
608 2668 671 2695 talia
687 2668 780 2699 verba,
796 2668 878 2695 sicuti
893 2676 942 2702 par
957 2663 1025 2699 erat,

245 2720 260 2739 a
286 2713 385 2747 popqu
406 2718 434 2740 et
448 2714 582 2742 seditione
603 2719 692 2744 mota,
718 2721 752 2740 ne
777 2714 885 2741 turbam
910 2714 1026 2746 cierent,

247 2757 372 2785 hortatus
388 2762 441 2786 est.
460 2758 541 2785 Pater
563 2759 649 2791 enim,
672 2758 772 2793 inquit,
795 2759 932 2786 neminem
950 2758 1026 2791 colit,

246 2805 275 2830 et
298 2803 337 2831 sic
359 2803 460 2838 ἀσεϐὴς
485 2809 549 2830 est:
573 2804 660 2831 Filius
687 2812 752 2832 vero
779 2805 904 2840 εὐσεϐὴς,
929 2805 1027 2832 merito

245 2850 319 2878 enitn
340 2855 369 2878 et
389 2856 464 2878 rcctc
489 2849 595 2877 Patrem
620 2850 694 2878 colit.
719 2850 765 2878 llis
789 2851 869 2879 dictis
893 2851 1027 2878 tumultus

1062 246 1204 272 σταντίνου
1222 244 1366 272 ἀπώσαντο
1382 245 1406 270 οἱ
1422 244 1486 279 περὶ
1505 244 1645 271 Ἀκάκιον.
1661 242 1753 270 Ἦσαν
1774 243 1798 271 δ’
1814 245 1856 270 ὲκ

1059 291 1107 318 τοῦ
1129 291 1229 325 μέρους
1242 289 1333 317 αὐτῶν
1348 289 1413 316 δέκα
1427 289 1471 316 τὸν
1489 290 1619 324 ἀριθμὸν,
1637 289 1662 316 οἳ
1677 290 1737 321 ταῖς
1752 289 1855 316 τοιαύ-

1061 345 1122 366 ταις
1149 335 1342 371 καθαιρέσεσιν
1358 335 1458 371 ἥκιστα
1480 335 1594 371 ᾑροῦντο
1610 335 1827 371 ἐπιψηφίζεσθαι
1844 343 1853 350 ·

1061 381 1108 413 οὓς
1126 381 1172 408 καὶ
1187 381 1312 408 ἐκέλευον
1325 381 1353 408 ἐν
1368 380 1408 416 τῷ
1425 381 1542 416 ἀσφαλεῖ
1558 382 1664 416 τηρεῖν,
1681 381 1729 408 καὶ
1743 381 1854 414 διάγειν

1061 428 1091 454 ἐν
1114 428 1232 460 ἑαυτοῖς.
1251 428 1319 462 μήτε
1346 427 1518 462 λειτουργίας
1537 427 1684 460 ἆπτεσθαι,
1715 427 1782 463 μήτ’
1799 428 1853 454 ἐκ-

1062 473 1187 507 κλησίαις
1213 482 1240 500 τι
1256 473 1393 508 προσῆκον
1421 473 1582 505 ἐπισκόποις
1607 473 1685 508 δρᾷν,
1710 473 1791 507 ἄχρις
1813 473 1853 499 ἂν

1061 520 1121 551 ταῖς
1136 518 1332 553 καθαιρέσεσιν
1349 519 1556 554 ὑπογράψωσιν.
1575 519 1605 545 Εί
1621 519 1644 546 δ’
1660 519 1737 551 ἐντὸς
1753 519 1852 553 μηνῶν

1061 562 1090 595 ἓξ
1105 562 1142 597 μὴ
1157 562 1312 598 χρήσωνται
1333 562 1489 597 μεταμέλῳ,
1505 564 1551 589 καὶ
1574 562 1614 597 μὴ
1628 563 1712 589 πᾶσιν
1729 563 1852 589 ἕλωνται

1061 609 1118 638 τοῖς
1140 608 1172 642 τῇ
1199 607 1299 642 συνόδῳ
1322 607 1495 642 δεδογμένοις
1523 609 1649 643 στοιχεῖν,
1677 610 1725 635 καὶ
1748 609 1854 640 αὐτοὺς

1061 651 1239 687 ἀφαιρεῖσθαι
1256 652 1306 684 τὰς
1330 652 1489 687 ἐκκλησίας,
1506 654 1555 682 καὶ
1574 654 1767 688 ἀπικαθιστᾷν
1790 655 1855 680 ἐτέ-

1064 705 1127 732 ρους
1143 697 1236 728 αὐταῖς
1252 699 1328 733 κοινῇ
1343 698 1496 731 συνιόντας,
1507 698 1602 734 ὥσπερ
1618 700 1698 726 εἴωθε
1711 699 1855 733 γίνεσθαι.

1067 742 1113 774 Ὠς
1130 743 1158 769 δὲ
1183 742 1287 769 τοιαῦτ’
1314 743 1520 776 ἐϐουλεύσαντο,
1550 744 1598 770 καὶ
1616 744 1706 779 πέρας
1735 741 1794 779 εἶχε
1822 745 1856 771 τὸ

1065 789 1211 824 βούλευμα,
1229 790 1283 820 τοῖς
1298 789 1455 824 ἁπανταχοῦ
1475 789 1595 826 ἔγραφον
1612 790 1785 823 ἐπισκόποις,
1800 790 1858 825 τὴν

1065 836 1093 861 ἐν
1109 834 1242 870 Ἀριμίνῳ
1261 836 1351 862 πίστιν
1367 835 1513 870 φυλάττειν
1531 838 1600 871 μετὰ
1614 837 1664 871 τῆς
1675 836 1858 872 προσθήκης,

1065 880 1112 906 καὶ
1126 880 1297 916 ὑπογραφαίς
1309 881 1410 915 κυροῦν
1422 890 1429 897 ·
1445 882 1508 913 τοὺς
1517 881 1540 908 δ’
1551 881 1639 914 ἄλλως
1655 882 1769 917 ἔχοντας
1782 882 1855 916 γνώ-

1068 933 1122 960 μης
1151 925 1315 961 ὑπερορίους
1337 926 1465 960 ἄγεσθαι.
1480 927 1566 954 Τοῦτο
1582 928 1610 954 δὲ
1633 928 1681 954 καὶ
1709 927 1860 962 θέσπισμα

1068 970 1200 1004 βασιλέως
1223 971 1333 1007 ἐκύρου.
1349 971 1479 1007 Γνώριμα
1496 973 1524 1000 δὲ
1544 972 1631 1001 ταῦτα
1653 973 1792 1000 καθίστων
1807 975 1860 1000 καὶ

1068 1016 1229 1052 Ιίατροφίλῳ
1253 1017 1292 1052 τῷ
1308 1017 1500 1049 Σκυθοπόλεως
1514 1026 1520 1034 ’
1535 1015 1613 1049 οὗτος
1631 1019 1685 1054 γὰρ
1701 1019 1785 1051 εὐθὺς
1799 1020 1861 1046 ἀπὸ

1067 1060 1229 1093 Σελευκείας
1249 1061 1288 1093 είς
1301 1061 1350 1096 τὴν
1366 1062 1469 1088 οἰκείαν
1491 1061 1655 1097 Ἐκκλησίαν
1670 1062 1858 1098 ἀφώρμηπεν.

1069 1106 1184 1132 Ἔπειτα
1202 1107 1230 1133 δὲ
1245 1107 1275 1133 οὺ
1295 1107 1385 1142 πολλῷ
1401 1107 1515 1143 ὕστερον
1528 1109 1552 1135 οί
1568 1109 1641 1143 ἀμφὶ
1654 1109 1698 1135 τον
1713 1109 1859 1143 Εὑδόξιον,

1067 1151 1163 1184 ἄλλους
1176 1151 1266 1184 ἄλλοις
1277 1152 1474 1180 ἀντικαθίστων
1488 1155 1545 1185 τοῖς
1561 1154 1677 1188 θρόνοις.
1696 1154 1785 1186 Abte;
1803 1155 1860 1190 μὲν

1067 1196 1122 1231 γὰρ
1153 1196 1277 1228 Εὐδόξιος
1300 1197 1408 1232 πρῶτος
1435 1198 1596 1234 Μακεδονίῳ
1617 1199 1834 1226 ἀντικαθίστατο
1849 1208 1858 1216 ·

1069 1241 1198 1276 Βασιλείῳ
1208 1242 1236 1268 δὲ
1246 1242 1284 1277 τῷ
1298 1241 1460 1277 Ἀγκυρανῷ
1473 1243 1633 1276 Ἀθανάσιος
1644 1252 1651 1259 ·
1662 1245 1708 1271 τὸν
1720 1245 1748 1271 at
1764 1245 1861 1272 Ἐλεύ-

1069 1294 1126 1312 σιον
1141 1286 1271 1320 Εὐνόμιος
1282 1287 1418 1321 διεδέχετο
1427 1294 1434 1301 ⁸
1451 1287 1480 1319 ὃς
1493 1288 1560 1322 δῆτα
1574 1289 1621 1315 καὶ
1633 1289 1758 1324 ἀρχηγὸς
1774 1291 1862 1317 κατέ-

1069 1336 1119 1363 στη
1134 1329 1183 1363 τῆς
1197 1330 1341 1364 ἐπωνύμου
1353 1331 1498 1366 αἱρέσεως.
1515 1332 1587 1359 Ἀντί
1599 1333 1627 1359 δὲ
1640 1333 1794 1361 Εὑσταθίου
1806 1335 1858 1362 τοῦ

1068 1374 1233 1405 Σεϐαστείας
1250 1376 1264 1402 ό
1289 1375 1360 1407 οείος
1383 1377 1512 1409 Μελέτιος
1529 1378 1579 1413 τὴν
1603 1379 1759 1415 ἐπισκοπὴν
1773 1381 1861 1416 ἐκλη-

1071 1420 1160 1455 ροῦτο.
1182 1421 1212 1448 '0
1225 1422 1253 1448 δὲ
1267 1423 1432 1454 Μακεδόνως
1444 1423 1492 1458 τὴν
1504 1425 1553 1459 τῆς
1567 1425 1775 1463 Κωνσταντίνου
1794 1428 1861 1454 Ἐκ-

1069 1466 1185 1500 κλησίαν
1195 1467 1362 1502 ἀφαιρεθεὶς,
1374 1468 1525 1503 ἀντιπέραν
1537 1470 1585 1505 τῆς
1597 1471 1700 1503 πόλεως
1714 1472 1784 1507 πρὸς
1797 1472 1863 1500 Ἕω

1070 1511 1110 1543 εἷς
1123 1520 1147 1538 τι
1170 1513 1269 1547 χωρίον
1286 1509 1309 1547 ᾧ
1322 1513 1412 1545 Πύλας
1427 1514 1521 1549 ὕνομα,
1543 1516 1588 1542 ἐπὶ
1606 1517 1676 1544 πολὺ
1693 1517 1859 1554 διατρίϐων,

1069 1557 1179 1583 κάκεῖσε
1192 1557 1242 1593 τὴν
1262 1558 1333 1586 κατὰ
1347 1559 1393 1585 τοῦ
1407 1559 1488 1593 ἁγίου
1503 1561 1660 1596 ΙΙνεύματος
1675 1562 1864 1599 βλασφημίαν

1069 1601 1165 1637 ἀπύλῳ
1182 1603 1298 1638 στόματι
1311 1604 1537 1640 ἐξερευξάμενος,
1554 1609 1649 1640 κακῶς
1661 1609 1691 1635 τὸ
1704 1609 1781 1644 βιοῦν
1798 1611 1862 1643 ἐξε-

1071 1649 1177 1683 μέτρει.
1203 1650 1234 1676 0!
1251 1649 1279 1677 δὲ
1297 1652 1362 1686 περὶ
1380 1648 1508 1679 ’Δκακιον
1529 1653 1575 1680 τὸν
1598 1653 1723 1687 Εὑδόξιον
1746 1658 1778 1692 τῇ
1807 1658 1861 1684 τοῦ

1070 1694 1208 1727 Βύζαντος
1228 1696 1405 1731 ἐνεθρόνιζον,
1428 1699 1538 1726 ἐναντία
1560 1701 1614 1732 τοῖς
1631 1701 1722 1736 μικρῷ
1737 1703 1864 1737 πρόσθεν

1072 1741 1249 1776 κεκριμένοις
1276 1743 1494 1778 νομοθετοῦντες,
1520 1746 1552 1772 Ol
1574 1746 1628 1782 γὰρ
1659 1748 1712 1781 πρὸ
1740 1748 1861 1783 βραχέος

1072 1786 1236 1820 Δρακόντιον
1253 1787 1300 1814 τοῦ
1324 1789 1450 1823 ίερᾶσθαι
1465 1792 1647 1827 παυσάμενοι,
1665 1793 1707 1820 δτι
1733 1794 1788 1820 ἀπὸ
1804 1795 1862 1821 Γα-

1073 1833 1166 1866 λατίας
1183 1834 1233 1870 τὴν
1250 1835 1394 1871 Πέργαμον
1407 1837 1605 1872 μετηλλάεατο,
1619 1839 1650 1866 οὐ
1666 1840 1796 1867 συνίεσαν
1811 1842 1861 1868 τδν

1073 1879 1200 1913 Εὐδόξιον
1213 1880 1243 1906 οὐ
1261 1881 1325 1915 μίαν
1351 1882 1437 1915 πόλιν,
1462 1882 1521 1909 ἀλλ’
1534 1884 1584 1919 ἤδη
1601 1885 1649 1911 καὶ
1671 1886 1712 1916 είς
1726 1885 1861 1922 δευτέραν

1073 1925 1166 1957 κακῶς
1195 1926 1379 1961 ἐπιϐαίνοντα,
1399 1928 1437 1959 ὡς
1460 1929 1569 1956 ἐναντία
1593 1930 1700 1962 ἑαυτοῖς
1726 1931 1862 1968 διεπράτ-

1073 1978 1162 1998 τοντο.
1181 1972 1283 1998 Τούτου
1300 1972 1328 1998 δέ
1343 1973 1391 2009 τὴν
1406 1975 1555 2009 ἐκκλησίαν
1567 1976 1773 2010 ἀναϐαίνοντος,
1785 1986 1861 2013 τηνι-

1074 2016 1163 2043 καῦτα
1173 2018 1219 2043 καὶ
1232 2018 1248 2052 ἡ
1266 2019 1371 2054 μεγάλη
1390 2019 1536 2055 ἐκκλησία,
1559 2021 1577 2056 ἢ
1589 2021 1672 2056 Σοφία
1683 2022 1860 2058 ὠνόμασται.

1074 2063 1108 2088 τὰ
1124 2063 1250 2096 ἐγκαίνια
1265 2064 1328 2100 ἔσχε
1346 2066 1379 2101 τῇ
1401 2068 1636 2103 πεντεκαιδεκάτῃ
1650 2068 1698 2095 τοῦ
1716 2070 1860 2105 Φεϐρουα-

1077 2107 1135 2142 ρίου
1156 2110 1255 2144 μηνόςο
1275 2110 1304 2141 ὃς
1328 2111 1470 2144 καθεσθεὶς
1491 2113 1538 2140 ἐπὶ
1551 2114 1597 2140 τὸν
1620 2113 1725 2149 θρόνον,
1747 2117 1860 2151 πρῶτον

1075 2155 1124 2190 τὴν
1149 2155 1367 2192 πολυθρύλλητον
1389 2158 1479 2193 ἀφῆκε
1508 2160 1611 2195 φωνὴν⁹
1635 2159 1681 2186 ἐπ’
1707 2162 1858 2195 ἐκκλησίας

1075 2201 1161 2228 εἰπών
1172 2209 1179 2216 ·
1200 2202 1228 2228 '0
1243 2202 1337 2237 Πατὴρ
1351 2203 1464 2238 ἀσεϐὴς,
1482 2204 1497 2230 ό
1511 2204 1539 2231 δὲ
1554 2204 1620 2237 Υίδς
1633 2206 1760 2242 εὐσεϐής.
1775 2207 1860 2242 Θορί-

1075 2248 1123 2274 σου
1142 2247 1165 2274 δ’
1182 2247 1219 2280 ὥς
1232 2249 1306 2280 είκὸς
1322 2249 1368 2275 ἐπὶ
1385 2250 1473 2283 τούτῳ
1489 2250 1535 2277 καὶ
1552 2251 1676 2283 στάσεως
1695 2253 1735 2287 τῷ
1759 2253 1860 2288 πλήθει

1074 2295 1273 2330 γεγενημένης,
1298 2295 1383 2330 μηδὲν
1396 2295 1580 2329 ταράττεσθαι
1596 2298 1747 2332 παρηγγύα
1759 2307 1767 2313 ·
1780 2301 1794 2326 ό
1811 2301 1861 2334 μὲν

1075 2340 1129 2375 γὰρ
1145 2340 1241 2375 Πατὴρ
1258 2340 1353 2367 οὐδένα
1369 2341 1442 2367 σέϐει
1454 2348 1462 2355 ’
1474 2342 1488 2367 ό
1501 2341 1531 2367 δέ
1554 2341 1618 2373 Υἱὸς
1633 2343 1750 2378 εὐσεϐής
1763 2352 1772 2360 ·
1786 2345 1860 2371 σέϐει

1075 2387 1140 2421 γὰρ,
1156 2387 1246 2418 καλῶς
1261 2387 1358 2420 ποιῶν,
1376 2388 1423 2413 τὸν
1451 2387 1575 2422 Πατέρα.
1595 2387 1678 2415 Ταῦτ’
1694 2389 1832 2422 είπόντος,
1848 2390 1861 2416 6

1077 2433 1126 2467 μὲν
1141 2432 1255 2467 θόρυϐος
1277 2433 1488 2459 κατεστέλλετο·
1506 2433 1592 2466 γέλως
1612 2433 1634 2460 δ’
1651 2434 1790 2470 ἐπεχώρει
1813 2444 1862 2462 m-

1075 2478 1123 2509 λύς
1134 2486 1141 2493 ·
1157 2479 1204 2504 καὶ
1221 2478 1260 2510 είς
1275 2478 1356 2512 δεῦρο
1369 2479 1398 2504 ὲν
1412 2478 1510 2512 γέλωτι
1526 2479 1556 2504 τὸ
1572 2480 1716 2514 εἰρημένον
1731 2481 1860 2508 διατελεῖ.

1077 2525 1144 2560 Περὶ
1160 2524 1272 2552 τοιαῦτι
1290 2525 1322 2559 δὴ
1338 2526 1362 2551 οί
1376 2525 1518 2555 δυσσεϐεῖς
1537 2526 1734 2560 ἀσχολούμενοι
1752 2528 1801 2554 καὶ
1815 2537 1862 2555 κα-

1075 2560 1297 2605 τασδφιξόμενοι,
1306 2571 1346 2601 εἰς
1355 2571 1471 2602 ἀτόπους
1483 2570 1560 2602 δόξας
1573 2571 1622 2605 τὴν
1631 2571 1798 2607 Ἐκκλησίαν
1810 2574 1862 2600 διὲ·

1077 2625 1196 2649 σπασαν,
1209 2616 1246 2647 ὡς
1258 2617 1303 2642 καὶ
1311 2615 1358 2642 νῦν
1367 2615 1448 2647 αὑτός
1460 2624 1490 2642 τε
1503 2617 1701 2649 καὶ’Δκάκιος,
1715 2619 1764 2644 καὶ
1778 2619 1859 2654 ἀσχο-

1076 2664 1137 2695 λίας
1152 2663 1302 2698 ὑπέρτερον
1316 2663 1466 2695 ἐποιοῦντο,
1477 2663 1547 2700 λήθῃ
1558 2663 1604 2690 δοῦ
1613 2673 1650 2690 ιαι
1664 2664 1697 2691 τὰ
1715 2665 1744 2690 ἐν
1757 2665 1860 2700 Nunt;

1077 2710 1249 2745 γεγενημένα
1261 2717 1268 2725 ·
1285 2709 1333 2736 καὶ
1347 2709 1394 2744 τὴν
1406 2710 1434 2736 ἐν
1449 2709 1582 2745 ’Δριμίνῳ
1597 2710 1666 2744 μετὰ
1676 2710 1727 2745 τῆς
1741 2711 1862 2746 προσθή-

1077 2765 1129 2792 κης
1141 2755 1300 2789 ἁπανταχοῦ
1315 2755 1499 2790 διεπέμποντο
1509 2763 1516 2771 ι
1531 2755 1578 2782 καὶ
1596 2757 1658 2788 τοὺς
1678 2757 1716 2790 μὴ
1730 2756 1861 2792 βουλομέ-

1077 2812 1150 2836 νους,
1171 2802 1207 2833 ὡς
1222 2802 1339 2837 εῐρηται,
1358 2802 1437 2836 ἀϊδίῳ
1461 2803 1535 2836 φυγῇ
1555 2801 1670 2836 ζημιοῦν
1683 2802 1720 2828 ’ὅ
1737 2803 1770 2837 δὴ
1784 2803 1860 2835 δόξαν

1078 2849 1126 2886 τὴν
1154 2848 1311 2884 παράλογον
1335 2848 1442 2880 ἀπόνως
1467 2846 1592 2876 διανύσαι
1612 2848 1740 2882 σπουδὴν,
1775 2851 1859 2885 ἀρχὴν
