1901 3047
191 105 244 136 Μ]

807 103 1017 134 NICEPHORI
1036 103 1213 134 CALLIS’I‘I

1773 100 1826 133 4³2

193 162 330 199 dogmatis
346 162 433 189 nostri
446 162 634 190 constituendi
651 162 760 192 incidit.
780 166 926 197 ponentes,
940 162 976 189 ita

1039 162 1075 188 ιαὶ
1089 161 1157 188 ἄλλα
1172 161 1283 188 πλείονα
1305 161 1332 188 ἕν
1357 169 1387 187 τε
1414 161 1469 192 τοῖς
1495 159 1738 194 Στηλιτευτικοῒς
1756 157 1826 193 ὑπὲρ

194 214 225 236 ιιι
238 209 341 241 decuit,
359 208 567 235 tabernaculum
583 215 739 244 corpusque
755 209 826 244 ejus.
843 209 889 243 qui
902 209 977 243 justo

195 252 369 287 imperasset,
379 257 406 279 et
416 253 500 280 vitam
512 258 606 281 sancta
617 258 706 282 morte
717 253 977 287 ﬁnisset,nobisque

196 306 332 326 summam
345 302 507 333 potestatem
520 299 688 335 reliquisset,
709 300 817 327 honore
827 300 901 334 justo
915 307 977 334 pro-

195 345 283 372 secuti
308 353 414 373 sumus.
445 345 496 374 Ubi
527 351 620 374 autem
644 346 678 373 ad
699 353 823 382 magnam
847 349 875 372 et
893 345 978 380 impe-

195 391 323 419 ratrieem
357 392 454 419 urbem
489 393 744 428 appropinquavit,
779 391 847 427 quid
883 392 977 418 dicere

195 437 304 470 attinet,
321 438 445 466 universi
474 439 616 467 exercitus
636 439 798 467 satellitium
814 444 841 466 et
858 442 977 465 armato-

194 491 255 509 rum
268 483 392 517 ordines,
406 485 453 519 qui
478 489 607 519 tanquam
623 485 687 512 vivo
704 484 795 512 adhuc
810 484 977 519 imperatore

193 528 319 556 aﬂuere:
339 534 386 556 aut
405 530 556 564 splendidae
573 530 650 558 urbis
675 530 851 562 eﬂ‘usionetn,
867 534 895 557 et
915 537 975 557 om-

193 575 268 601 nium
285 575 332 609 qui
355 575 396 603 vel
413 577 490 603 l’ucrc
508 576 549 602 vel
570 576 655 603 l'uturi
672 580 745 609 sunt,
762 576 974 603 celeberrimqu

191 622 360 648 occursum“!
381 623 417 649 At
439 626 569 649 strenuus
600 621 647 649 illc
674 627 701 649 et
728 630 881 658 generosus
906 630 974 649 n0va

145 690 149 692 _
192 674 312 700 purpura
339 674 401 695 sese
424 667 584 700 venditans,
613 672 697 704 atque
729 676 763 696 eo
792 669 917 702 nomine,
946 675 977 696 ut

190 717 408 741 consentaneum
435 718 488 746 cst,
515 714 689 749 superbiens,
706 713 759 742 fuit
781 718 809 742 et
828 714 888 749 ipse
913 723 976 748 pars

189 758 280 793 aliqua
299 759 459 788 ltonorilicaa
475 756 556 788 istius
582 769 701 796 pompae,
721 762 848 789 eamdem
862 767 892 790 et
905 762 976 790 dans

191 809 218 831 et
235 805 374 839 recipiens
392 806 508 841 gratiam
531 815 538 833 :
561 810 591 833 et
618 807 692 834 illam
721 807 832 842 quidem
857 808 975 840 invitus,

191 850 262 877 lianc
279 855 372 878 autent
394 851 495 884 libens,
515 852 597 879 sicuti
620 852 728 880 dicunt.
742 851 835 887 Copia:
856 861 975 888 namque

191 895 326 924 militares
342 904 451 930 omnes,
479 897 587 925 tametsi
606 899 750 932 praesentis
774 899 837 934 ejus
854 899 976 934 potentia

191 942 383 976 vincerentur,
405 943 467 978 plus
486 948 577 971 tamen
593 944 707 972 honoris
725 945 857 973 defuncto
873 947 978 974 haben-

192 992 232 1014 tcs
259 989 497 1023 (quandoquidem
523 995 622 1018 natura
651 992 852 1019 benevolentiae
873 992 976 1020 all‘ectu

192 1041 319 1062 recentes
339 1043 476 1062 aerumnas
501 1037 705 1072 prosequimur)
721 1044 749 1065 et
764 1039 868 1066 amoris
891 1038 978 1066 mise-

191 1079 375 1116 titordiaeque
389 1082 567 1110 inclinatione
581 1088 689 1110 ntortuo
704 1084 894 1118 condolcntes,
905 1094 978 1114 eant-

190 1134 245 1160 que
259 1127 294 1153 ob
309 1135 420 1155 causam
437 1128 550 1156 minime
569 1136 599 1157 se
613 1130 799 1164 continentes,
818 1132 885 1167 quin
898 1132 976 1160 illum

190 1172 267 1199 \‘ciul
300 1173 495 1208 imperatorem
525 1175 678 1204 honoriﬁce
707 1177 881 1212 exciperent,
908 1186 978 1213 apo-

189 1221 268 1245 statm
295 1223 323 1246 et
348 1220 483 1247 desertori
506 1221 687 1255 persuadent,
704 1227 787 1258 atque
804 1231 867 1251 eum
892 1224 976 1252 simul

186 1264 248 1292 lere
266 1270 377 1300 cogunt,
403 1271 433 1293 ut
455 1266 597 1300 defuncto,
615 1267 710 1295 habitu
727 1270 905 1298 convenieuti
929 1272 978 1299 ob-

189 1309 262 1336 viam
278 1310 451 1345 procederet.
472 1311 538 1339 Erat
552 1317 645 1340 autem
664 1313 775 1341 habitus
789 1314 822 1347 is,
838 1321 868 1342 ut
881 1316 976 1344 diade-

189 1364 233 1383 ma
249 1356 282 1383 de
301 1357 390 1391 capite
401 1358 565 1393 deponeret,
578 1363 606 1385 et
622 1359 744 1387 demisso
760 1361 837 1387 vultu
856 1362 976 1396 impera-

189 1401 242 1428 tori
265 1407 425 1429 extrcntum
456 1407 602 1437 praestaret
628 1404 765 1438 oﬂicium,
791 1413 912 1441 eumque
942 1407 975 1435 ad

187 1448 358 1482 sepulcrum,
383 1456 446 1475 cum
471 1448 578 1484 reliquo
604 1451 738 1478 comitatu
765 1451 792 1478 itt
814 1453 975 1487 praclarum

1033 207 1224 233 Κωνσταντίου
1240 206 1366 239 διέξεισιν
1379 225 1387 239 ,
1413 205 1474 232 οὐδὲ
1500 206 1529 231 ἐν
1546 205 1603 236 τοῖς
1618 205 1711 236 ἄλλοις
1732 205 1826 237 λόγοις

1031 254 1131 280 κακίαν
1158 253 1232 287 αὐτῷ
1260 252 1420 287 μαρτυρῶν,
1441 252 1501 279 ἀλλ’
1523 252 1664 287 ἁπλότητα
1689 251 1824 287 μᾶλλονῆ

1032 300 1187 335 κουφότητα
1201 308 1208 315 ”
1225 300 1253 326 ol
1271 300 1300 326 δὲ
1322 299 1413 327 λοιποὶ
1427 299 1482 326 τῶν
1508 299 1655 334 ἱστορικῶν
1682 299 1721 334 μὴ
1741 299 1826 325 καλὸν

1031 343 1103 373 εἶναι
1119 346 1149 373 τὸ
1174 346 1256 377 σέὸας
1271 345 1409 372 διδόασιν
1437 345 1467 371 ὲν
1487 341 1527 376 οἷς
1543 344 1591 371 καὶ
1607 345 1620 371 ό
1644 343 1740 379 Κύρου
1768 344 1826 370 ἐστὶ

1032 393 1217 428 Θεοδώρητος.
1250 392 1321 427 Ἐγὼ
1341 392 1370 419 δὲ
1387 392 1426 427 τῷ
1444 391 1581 427 προμάχιρ
1606 391 1657 423 τῆς
1681 389 1826 421 εὐσεϐείας

1032 439 1176 475 Γρηγοριῳ
1189 439 1229 474 τῷ
1243 439 1314 466 πάνυ
1330 438 1448 466 ἔπεσθαι
1469 438 1591 473 μάλιστα
1610 437 1756 472 βούλομαι.
1774 436 1826 462 Καὶ

1031 485 1084 519 γάρ
1100 485 1166 520 φασί
1178 493 1251 516 τινες
1266 484 1304 520 μὴ
1318 483 1475 518 θαυμαστὸν
1484 481 1566 514 εἶναι,
1583 484 1608 509 εί
1620 482 1649 509 ὲν
1663 484 1720 513 τοῖς
1733 482 1826 512 ἄλλοις

1030 529 1119 564 λόγοις
1132 530 1222 565 ἡρέμα
1234 529 1308 565 αὐτῷ
1318 529 1454 563 ἐγκαλῶν,
1469 529 1500 555 ἐν
1513 529 1569 560 τοῖς
1581 525 1825 562 Στηλιτευτικοῖς

1032 575 1120 602 διόλου
1145 576 1317 610 ὑπερφυέσιν
1331 575 1452 606 ἐπαίνοις
1468 574 1550 601 αὑτὸν
1575 573 1757 607 uane-rip“.
1773 571 1824 598 Τὺν

1031 622 1085 656 γὰρ
1099 622 1171 648 κατὰ
1184 621 1231 648 τοῦ
1242 622 1396 649 ἀποπάτου
1412 622 1493 656 ζῆλον
1507 620 1682 647 διαλλάττειν
1695 619 1765 653 φασὶ
1778 617 1824 644 τὸν

1033 668 1139 703 μέγαν,
1161 669 1209 695 καὶ
1225 669 1302 703 φίλον
1315 668 1421 709 ἐκείνου
1437 668 1551 703 γνήσιον
1566 667 1703 701 γίνεσθαι,
1723 665 1762 701 μὴ
1780 664 1826 691 διὰ

1031 713 1143 746 κακίαν,
1170 713 1238 740 ἀλλὰ
1254 712 1287 740 δι’
1312 713 1455 747 ἁπλότητα
1487 711 1608 748 μετρίως
1638 710 1823 745 λυπήσαντος.

1038 759 1114 785 Ἐπεί
1132 759 1172 786 τοί
1186 767 1218 794 γε
1241 759 1290 786 καὶ
1306 759 1336 786 τὸ
1351 759 1417 786 ἄλλο
1433 758 1479 785 τοῦ
1498 759 1600 794 πατρὸς
1617 756 1683 794 ἦθος
1699 756 1826 784 τοιοῦτον

1033 806 1207 841 εὑρίσκεσθαι
1219 806 1342 840 λέγουσι,
1360 806 1399 842 τῷ
1413 806 1612 840 ὑπερϐάλλοντι
1631 804 1710 839 κακῷ
1727 812 1826 838 συγγι-

1030 852 1147 879 νώσκειν
1160 854 1216 884 τοῖς
1234 853 1333 888 μικρὸν
1358 852 1537 887 ἀγνοήσασιν.
1559 851 1631 885 Ἐγὼ
1642 851 1670 878 δέ
1686 860 1762 886 φημι
1783 851 1825 876 λό-

1031 908 1081 933 γου
1103 899 1154 934 μὲν
1167 899 1279 935 ἔχεσθαι
1294 899 1324 925 τὸ
1339 899 1494 935 εἰρημένον.
1515 899 1574 925 Ἐπ’
1591 898 1718 933 εὐσεϐείᾳ
1729 897 1773 931 δὲ,
1788 897 1826 932 μὴ

1032 946 1150 973 τοιαῦτα.
1167 947 1303 981 αἱρεῖσθαι
1317 945 1553 981 καταχαρίζεσθαι
1569 946 1615 972 τὸν
1629 945 1762 972 τοσοῦτον
1776 945 1825 979 τῆς

1041 993 1197 1028 Εκκλησίας
1210 994 1384 1022 διδάσκαλον.
1402 993 1458 1020 Καὶ
1474 993 1510 1020 τὰ
1531 993 1581 1028 μὲν
1596 993 1661 1025 περὶ
1676 993 1826 1019 Koma-tav-

1031 1040 1090 1066 τίου
1112 1040 1207 1067 τοῦτον
1227 1041 1290 1076 ἔσχε
1306 1041 1351 1067 τὸν
1367 1040 1489 1075 τρόπον·
1507 1039 1622 1075 τελευτᾷ
1642 1039 1665 1066 δ*
1681 1039 1710 1066 ὲν
1725 1039 1824 1073 Μόψου

1031 1088 1157 1123 κρήναις,
1172 1086 1209 1118 ὡς
1224 1087 1344 1123 εῐρηται,
1356 1088 1427 1115 κατὰ
1440 1087 1489 1123 τὴν
1497 1087 1595 1122 τρίτην
1609 1086 1657 1113 τοῦ
1667 1085 1824 1121 Νοεμϐρίου

1032 1134 1133 1169 μηνός·
1146 1133 1233 1168 ζήσας
1248 1135 1298 1169 μὲν
1307 1135 1342 1161 τὰ
1356 1135 1446 1162 πάντα
1462 1134 1511 1169 ἐτη
1527 1134 1609 1161 πέντε
1619 1135 1667 1160 καὶ
1683 1133 1824 1167 τεσσαρά-

1030 1186 1122 1211 κοντα,
1147 1178 1313 1214 βασιλεύσας
1336 1179 1364 1205 δὲ
1387 1179 1491 1206 τούτων
1507 1178 1580 1206 ὀκτὼ
1598 1178 1666 1214 πρὸς
1687 1176 1722 1212 λ’,
1735 1175 1774 1204 ὦν
1789 1179 1825 1205 τὰ

1031 1224 1081 1259 μὲν
1095 1225 1273 1260 τρισκαίδεκα
1296 1225 1406 1261 σύναμα
1420 1225 1460 1261 τῷ
1477 1227 1562 1260 πατρὶ
1577 1223 1646 1261 ἦρχε
1657 1234 1663 1240 -
1681 1225 1715 1252 τὰ
1732 1225 1756 1251 δ’
1774 1225 1826 1251 ἑπ-

1029 1271 1122 1298 έκεινα
1138 1271 1221 1298 πέντε
1237 1271 1302 1298 ὄντα
1316 1272 1364 1298 καὶ
1389 1273 1478 1299 εἰκοσι
1494 1273 1575 1306 μόνος
1588 1272 1736 1307 διῴκησεν.
1751 1272 1824 1298 Ὅσα

1029 1317 1062 1352 δὴ
1077 1318 1123 1344 καὶ
1139 1318 1154 1352 ὴ
1167 1318 1294 1352 παροῦσα
1307 1318 1391 1353 ἐνάτη
1409 1327 1456 1354 μοι
1472 1319 1527 1345 τῶν
1539 1319 1665 1354 ίστοριῶν
1678 1318 1804 1354 περιέχει
1815 1327 1822 1333 ·

1030 1365 1149 1398 ὁπηνίκα
1166 1364 1269 1398 κόσμου
1288 1364 1337 1400 μὲν
1364 1365 1423 1396 ἔτος
1443 1364 1537 1399 ,εωοβ¹,
1559 1364 1613 1391 ἀπὺ
1627 1364 1655 1391 δὲ
1674 1364 1724 1398 τῆς
1745 1364 1824 1395 θείας

1031 1409 1078 1436 τοῦ
1111 1410 1213 1444 Κυρίου
1245 1412 1399 1445 γεννήσεως
1435 1411 1642 1445 τριακοσιοστὺν
1672 1410 1825 1446 ἑξηκοστὸν

1032 1455 1145 1489 ἕῦὃομον
1162 1456 1337 1491 ἐπεραίνετο.

188 1493 317 1521 divorum
346 1494 536 1529 apostolorum
562 1496 708 1530 templum,
735 1498 784 1532 qui
806 1506 915 1526 sacrum
942 1500 996 1528 hoc
1027 1509 1114 1536 genus
1137 1508 1164 1530 et
1180 1510 1340 1538 suscepere,
1363 1508 1391 1531 et
1409 1509 1588 1538 conservant,
1607 1504 1719 1533 eosdem
1737 1513 1826 1541 prope

188 1549 252 1568 cum
273 1541 329 1568 illis
350 1542 470 1569 honores
492 1543 662 1577 percipiens,
679 1544 841 1573 deduceret.
874 1557 884 1573 ι
921 1547 1077 1583 Tlieologus
1111 1550 1224 1584 quidem
1257 1551 1325 1582 haec.
1339 1556 1368 1579 et
1384 1551 1437 1579 alia
1457 1552 1547 1587 plttra,
1561 1553 1588 1580 in
1606 1552 1755 1580 lnvectit‘is
1770 1561 1825 1588 pro

188 1587 352 1615 Constantio
367 1588 435 1615 dicit
453 1597 459 1615 :
479 1596 516 1616 ne
534 1589 562 1616 in
581 1590 643 1617 aliis
664 1590 775 1625 quidem
801 1593 974 1622 orationibus
995 1596 1053 1622 suis
1089 1597 1252 1630 pravitatem
1268 1597 1320 1630 illi,
1350 1599 1397 1624 sed
1415 1598 1620 1633 simplicitatem
1634 1599 1727 1634 potius
1737 1587 1823 1634 quam

189 1634 332 1662 levitatem
357 1636 492 1664 tribuens.
514 1638 568 1664 Alii
597 1645 662 1665 vero
686 1639 809 1666 historici
835 1647 898 1667 eum
920 1649 974 1668 nott
996 1647 1070 1670 recta
1090 1643 1117 1669 in
1153 1645 1287 1679 religione
1302 1645 1441 1672 sententia
1476 1646 1562 1674 fuisse
1580 1646 1721 1682 produnt;
1736 1646 1825 1682 809

188 1681 217 1708 in
234 1681 436 1716 quibuscstet
450 1683 642 1712 Theodoretus
663 1685 727 1720 Cyri
743 1685 901 1721 episcopus.
924 1686 978 1722 Ego
995 1697 1062 1717 vero
1097 1692 1190 1725 potius
1207 1694 1424 1728 propugnatoris
1462 1701 1534 1721 verae
1557 1694 1669 1729 pietatis
1693 1681 1823 1731 Gregorii

191 1730 285 1765 magni
301 1731 495 1771 auctoritatem
510 1738 622 1766 sequor.
641 1732 709 1759 Nam
725 1733 836 1767 quidam
871 1735 994 1769 tradunt,
1017 1738 1131 1766 minime
1166 1740 1325 1768 mirandum
1341 1749 1414 1774 esse,
1429 1742 1452 1769 si
1474 1743 1500 1770 in
1513 1743 1627 1778 reliquis
1645 1730 1823 1773 orationibus

196 1776 388 1804 illutnletiter
398 1777 598 1812 perstringens,
614 1778 642 1805 in
667 1778 822 1812 lnvcctivis,
855 1781 1010 1816 magniﬁcis
1030 1792 1147 1818 prorsus
1174 1791 1290 1814 exornet
1317 1787 1456 1816 laudibus.
1485 1776 1620 1817 Ardoretn
1644 1791 1732 1823 enim.
1764 1800 1822 1827 quo

188 1824 323 1852 adversus
336 1824 483 1860 religionis
501 1826 673 1854 desertorem
699 1827 830 1855 incitatus
875 1829 937 1862 l’uit,
976 1831 1011 1857 ita
1034 1832 1194 1862 immutasse
1213 1834 1303 1862 virum
1326 1843 1454 1871 magnum
1473 1837 1580 1870 dicunt,
1605 1842 1636 1864 ut
1654 1824 1822 1867 amicus-illi

189 1871 396 1907 benevolusque
413 1879 528 1906 prorsus
545 1873 634 1902 lactus
656 1875 702 1908 sit,
724 1876 771 1911 qui
785 1883 840 1903 non
858 1878 974 1911 malitia,
994 1880 1041 1907 sed
1063 1881 1241 1916 simplicitate
1255 1891 1318 1918 ,res
1352 1890 1464 1914 nostras
1476 1886 1648 1921 aliquantum
1670 1888 1823 1922 perturba-

188 1919 234 1947 rit.
255 1918 308 1951 Qui
335 1923 362 1945 et
389 1919 465 1946 illunt
485 1920 572 1947 sancti
588 1920 647 1956 ejus
663 1922 750 1956 patris
767 1929 870 1949 tttorem
887 1923 972 1951 fuisse
991 1927 1099 1960 volunt,
1112 1933 1143 1956 ut
1175 1929 1354 1963 gravissimas
1364 1933 1448 1958 etiam
1461 1932 1503 1959 eis
1515 1918 1601 1960 noxas
1630 1918 1819 1970 condonaret,

189 1965 237 2002 qui
261 1972 308 1991 eas
335 1964 489 1999 ignorantia
513 1972 541 1993 et
564 1966 641 2001 lapsu
667 1966 760 2002 aliquo
784 1968 972 1997 admisissent.
991 1970 1070 2005 Quod
1096 1981 1146 2009 ego
1163 1974 1276 2009 quidem
1311 1976 1412 2004 rationi
1428 1985 1581 2005 consonum
1597 1987 1659 2007 esse
1674 1964 1820 2010 dixerunt

186 2013 214 2039 in
233 2009 316 2036 rebus
333 2015 424 2037 autem
443 2012 554 2045 pietatis
577 2016 679 2039 nostra:
711 2012 860 2047 gratiﬁcari
893 2017 1021 2051 cuiquam
1040 2019 1162 2048 voluisse
1190 2025 1297 2049 tantum
1322 2022 1452 2051 Ecclesiae
1477 2024 1619 2052 doctorem
1647 2029 1820 2062 negaVerim.

186 2054 242 2082 lies
255 2055 410 2084 Constantii
425 2057 466 2084 sic
488 2065 517 2085 se
535 2057 670 2086 habuere.
689 2058 814 2087 Mortuus
829 2061 903 2088 enim
918 2068 970 2096 est,
991 2064 1064 2093 sicut
1099 2066 1229 2100 diximus,
1249 2067 1284 2095 ad
1318 2068 1406 2103 Mopsi
1427 2070 1529 2102 fontes,
1548 2071 1632 2098 tertio
1653 2054 1822 2104 Novembris

185 2103 290 2130 mensis
312 2103 357 2130 dic
377 2113 384 2130 :
407 2106 476 2132 vixit
502 2112 591 2133 annos
613 2106 793 2142 quadraginta
821 2110 968 2144 quinque:
991 2112 1137 2148 imperavit
1171 2120 1265 2143 autem
1300 2117 1413 2152 triginta
1433 2123 1461 2146 et
1480 2124 1554 2152 octo,
1580 2127 1643 2147 cum
1663 2125 1743 2155 patre
1757 2122 1821 2157 qui-

185 2151 248 2176 dem
263 2150 408 2183 tredecim,
425 2151 546 2186 reliquos
558 2152 787 2188 vigintiquinque
801 2157 888 2184 solus.
920 2157 995 2190 Quos
1015 2161 1126 2195 quidem
1162 2171 1251 2191 annos
1271 2172 1361 2192 nonus
1385 2166 1438 2194 iste
1460 2167 1640 2195 historiarum
1657 2150 1822 2204 complecti-

185 2203 230 2223 tur
259 2196 352 2223 liber:
377 2205 439 2224 cum
460 2206 475 2224 a
502 2199 604 2226 mundo
635 2201 747 2228 condito
782 2203 929 2238 quinquies
960 2206 1123 2236 millesimus
1157 2214 1376 2247 scptuagesimus
1411 2214 1550 2241 secundus
1576 2215 1637 2249 (l),
1664 2222 1680 2242 a
1704 2196 1818 2244 Christo

183 2248 277 2271 autem
298 2248 366 2270 "MO
389 2247 602 2274 trecentesimus
622 2250 811 2284 sexagesimus
837 2251 972 2286 septimus
992 2261 1120 2290 ageretur
1137 2265 1237 2285 annus.

214 2326 257 2363 (1)
277 2325 436 2354 Secundum
455 2330 610 2358 neotericos
627 2331 710 2359 4542.
