1901 3047
167 83 171 88 ’
214 97 266 128 435

830 95 1041 126 NlCEl-‘HORI
1060 94 1230 127 CALleTI

1791 95 1840 127 436

214 161 269 181 nuo
285 153 395 189 quidem
430 160 522 181 secum
549 158 626 189 patre
642 152 802 186 Constante,
825 155 877 182 alia
900 159 991 181 autem

1050 153 1103 184 ἑνὶς
1119 153 1170 188 μὲν
1185 152 1288 187 πατρὸς
1303 152 1349 179 τοῦ
1367 152 1483 179 Κώνστα
1497 153 1728 187 γεγεννημένους·
1747 153 1839 187 διεφη.

214 205 301 227 matre
317 200 446 235 genitos:
462 199 638 233 Dalmatium,
663 201 707 235 qui
730 201 842 228 alterius
873 202 998 229 Dalmatii

215 252 293 280 pater
307 247 379 273 fuit:
405 245 649 278 etConsIantium,
667 246 746 281 cujus
765 247 812 274 ﬁlii
836 247 912 275 fuere
936 247 1000 275 Gal-

215 294 257 320 lus
273 297 300 319 et
313 292 449 319 Julianus.
468 292 518 320 Ubi
536 292 735 319 Constantinus
765 293 895 325 decessit,
917 297 999 328 atque

217 339 360 374 imperium
376 339 408 365 ad
430 339 515 366 tilium
535 339 726 367 Constantium
741 340 878 374 pervenit,
904 345 998 375 tyran-

217 384 307 411 nidem
339 388 478 417 metuens,
504 389 533 412 et
557 391 657 418 genere
681 383 732 411 sibi
751 384 919 419 propinquos
949 393 999 412 su-

214 435 323 465 spectos
348 430 463 462 habens,
483 439 538 458 non
568 431 636 458 bene
652 438 698 458 eos
724 431 861 459 tractavit.
881 431 999 460 Proinde

211 476 304 510 junior
321 468 482 509 Dalmatius,
505 483 567 504 cum
584 476 639 511 jam
654 476 745 504 Caesar
761 482 845 509 esset,
863 485 878 504 a
905 477 999 504 militi-

215 522 265 550 bus
284 530 372 550 czesus
387 528 440 550 est.
467 522 500 550 Et
515 531 614 558 parum
632 523 731 555 abluit,
748 524 814 558 quin
844 530 871 551 et
884 524 939 551 duo
954 523 998 551 isti

214 569 359 603 perierint.
390 569 443 597 Sed
460 569 565 597 Gallum
585 570 699 597 consilio
711 569 794 597 caedis
811 570 923 597 morbus
951 578 1000 598 ex-

214 615 290 655 emit,
307 623 340 642 ex
353 623 408 650 quo
424 615 584 650 propediem
609 615 762 643 moriturus
776 624 836 644 esse
859 616 1000 644 existima-

214 664 257 687 tus
270 665 322 688 est.
337 661 448 688 Juliano
464 667 555 689 autem
581 666 646 689 retas
661 663 782 689 tenerior
795 662 908 697 profuit,
925 662 998 698 quod

213 706 323 734 vixdum
341 711 470 734 octavum
491 707 629 745 attigisset
660 716 772 736 annum.
798 708 849 736 Ubi
867 717 934 736 vero
958 709 998 736 ira

213 751 387 786 imperatoris
405 753 538 781 adversus
560 761 608 781 eos
637 753 786 786 deferbuit,
812 754 930 788 primum
958 754 999 781 eis

213 802 242 824 ut
254 798 281 824 in
295 798 468 832 Cappadocia
482 804 608 835 agerent,
629 800 798 834 permissum
812 804 865 832 est,
887 800 915 827 in
937 800 998 828 loco

213 843 331 878 quodam
344 843 543 878 quiMaceilum
560 845 649 873 dictus
669 850 723 878 est,
741 853 796 873 non
810 846 890 881 longe
910 854 925 873 a
940 845 999 874 Ce-

213 895 303 921 sarea,
316 888 349 916 ad
368 889 495 925 Argaeum
513 895 635 925 montem
661 893 726 924 sito,
744 892 847 927 regiam
873 892 998 924 domum,

214 934 333 967 lavacra,
349 935 445 963 hortos
456 940 484 963 et
495 936 586 965 fontes
601 945 737 972 perennes
748 937 877 965 habente.
894 937 933 965 lbi
950 943 999 972 pro

214 990 248 1010 eo
266 988 348 1018 atque
364 983 492 1017 decebat,
521 984 609 1012 curati
637 989 714 1017 sunt,
733 984 945 1020 diseiplinisque
970 988 999 1011 et

214 1030 353 1057 exercitiis
375 1030 450 1057 atati
464 1030 488 1057 ei
509 1030 740 1058 convenientibus
768 1030 881 1062 exculti,
914 1030 1000 1058 sacris

214 1083 325 1110 quoque
350 1066 465 1103 Litteris
482 1084 497 1103 a
516 1076 656 1110 magistris
676 1081 704 1103 et
723 1077 938 1111 praeceptoribus
965 1083 1000 1104 eo

215 1129 302 1157 usque
316 1121 400 1153 docti,
421 1126 450 1149 ut
476 1121 504 1149 in
520 1122 613 1149 album
627 1126 721 1157 postea
742 1122 807 1150 cieri
839 1122 916 1150 relati
933 1122 999 1155 sint,

214 1173 242 1195 et
266 1175 360 1196 sacros
374 1169 461 1196 libros
481 1169 582 1204 populo
607 1169 734 1204 legerint.
761 1170 851 1203 Atque
877 1169 915 1196 illi
943 1176 999 1196 non

214 1215 305 1242 verbis
321 1214 414 1247 modo,
431 1215 480 1242 sed
496 1219 524 1243 et
539 1215 619 1242 factis
629 1215 751 1243 studium
775 1215 958 1250 ardoremque
971 1215 999 1242 in

215 1260 348 1297 religione
362 1268 442 1287 suum
461 1261 652 1288 ostenderunt.
683 1261 750 1288 Nam
779 1261 826 1296 qui
844 1261 931 1288 sacris
956 1261 1000 1289 di~

216 1307 365 1341 gnitatibus
389 1309 528 1340 exornati,
544 1311 627 1342 atque
650 1307 731 1334 aliter
749 1308 832 1334 etiam
854 1308 920 1335 boni
935 1307 998 1340 viri,

215 1359 241 1381 ct
257 1359 370 1389 propter
384 1354 514 1388 pietatem
529 1353 717 1387 virtutemque
732 1353 799 1380 clari
825 1358 914 1383 erant.
948 1361 997 1381 eos

215 1401 344 1435 mpliter
358 1400 547 1428 honorarunt:
571 1400 599 1427 in
621 1400 709 1427 sacris
728 1399 769 1427 illi
787 1401 871 1427 etiam
895 1399 1001 1427 aedibus

216 1447 375 1481 frequentes
389 1447 509 1478 fuerunt.
533 1453 561 1474 et
573 1453 722 1483 martyrum
738 1455 820 1475 urnas
835 1446 1001 1474 'honorihus

1052 207 1093 234 ροι
1104 200 1118 227 δ
1134 200 1162 226 al
1175 200 1292 234 μητέρες
1304 196 1374 234 ἦσαν
1385 199 1476 230 αὐτοῖς
1488 207 1495 215 ο
1512 197 1549 225 ὦν
1560 198 1599 234 τῷ
1613 199 1662 233 μὲν
1673 200 1838 234 Δαλμὰτιος,

1050 245 1154 280 θατέρῳ
1170 245 1198 272 δὲ
1215 246 1402 276 Κωνστάντιος
1420 245 1506 279 δνομα
1529 243 1575 280 ἦν.
1598 245 1629 271 '0
1644 246 1694 280 μὲν
1711 245 1759 272 οὖν
1771 247 1839 272 Δαλ-

1051 291 1148 324 μάτιος
1164 290 1257 326 ἕτερον
1272 291 1369 324 ἐγέννα
1384 291 1548 326 Δαλμὰτιον·
1563 290 1602 325 τῷ
1612 292 1641 317 δὲ
1655 292 1839 326 Κωνσταντίῳ

1049 337 1151 367 Γάλλος
1163 338 1210 363 καὶ
1233 336 1377 369 Ἰουλιανὸς
1404 337 1500 368 παῖδες
1515 337 1691 372 γεγέννηντο.
1716 338 1795 364 Ἐπεὶ
1817 339 1838 364 δ’

1050 383 1158 409 ἀπεϐίω
1175 382 1226 416 μὲν
1240 383 1459 414 Κωνσταντῖνος,
1476 383 1522 408 καὶ
1536 383 1576 414 εἰς
1592 383 1638 409 τὸν
1661 383 1747 409 παῖδα
1763 384 1838 409 Κων-

1051 427 1176 455 στάντιον
1199 428 1216 462 ἡ
1229 428 1302 463 ἀρχὴ
1316 427 1480 462 μετεχώρει,
1495 427 1642 462 δειμαίνων
1666 429 1773 459 ἐκεῖνος
1791 429 1838 458 τὰς

1049 474 1232 510 τυραννίδας,
1259 476 1322 502 τοὺς
1346 475 1537 508 προσήκοντας
1561 474 1636 508 γένει
1658 474 1692 501 δι’
1718 474 1837 508 ὑποψίας

1050 521 1129 556 ἔχων,
1143 520 1174 546 οὐ
1188 520 1278 552 καλῶς
1292 522 1385 552 αὐτοῖς
1401 520 1550 547 διετίθετο·
1569 520 1665 554 ἀμέλει
1682 528 1727 546 τοι
1741 520 1790 546 καὶ
1801 519 1837 553 τῷ

1049 566 1102 600 νέῳ
1127 566 1275 601 Δαλματίῳ
1299 566 1421 601 Καίσαρι
1443 566 1501 593 ὄντι
1529 566 1554 592 οῑ
1579 565 1746 601 στρατιῶται
1761 566 1837 599 φὸ-.ον

1050 613 1177 648 ἐκίρνων.
1196 613 1275 649 Παρὰ
1291 612 1380 652 βραχὺ
1398 613 1421 639 δ’
1434 613 1467 640 ἂν
1483 613 1530 639 καὶ
1542 608 1617 638 οὗτοι
1643 611 1798 642 ἀπώλοντο,
1815 612 1838 636 εἰ

1051 659 1089 695 μὴ
1100 658 1202 686 Γάλλον
1217 659 1267 694 μὲν
1284 659 1404 691 ἐξείλετο
1432 659 1482 694 τῆς
1509 658 1667 692 ἐπιϐουλῆς,
1695 658 1737 684 ὅτι
1754 657 1839 683 νοσῶν

1049 706 1154 741 ἔτυχεν,
1170 705 1233 733 ὄιον
1259 705 1337 732 οὖπω
1352 705 1445 732 θανεῖν
1475 705 1504 737 ἐξ
1518 705 1629 740 ἐκείνης
1654 704 1840 739 προσδόκιμος

1048 751 1088 779 ὢν
1101 759 1107 768 ·
1131 751 1277 778 Ἰουλιανδν
1292 751 1320 777 δὲ
1334 751 1365 777 τὸ
1382 750 1433 786 τῆς
1447 750 1558 785 ἡλικίας
1586 750 1717 782 διέσωζεν
1733 751 1840 777 ἀτελὲε.

1051 798 1135 826 Οὔπω
1148 799 1203 834 γὰρ
1216 798 1256 824 ἔτι
1270 797 1364 831 δγδοον
1378 797 1439 828 ἔτος
1453 798 1469 832 ἡ
1484 796 1578 831 ἡλικία
1598 794 1668 832 ἦγεν
1684 797 1775 831 αὐτῷ.
1797 797 1842 828 Ὠς

1050 844 1079 872 δὲ
1094 844 1184 880 χρόνῳ
1200 844 1216 878 ἠ
1229 844 1287 870 κατ’
1304 843 1396 870 αὐτῶν
1404 842 1452 869 τοῦ
1468 841 1601 877 βασιλέως
1617 842 1690 877 ὁρμὴ
1704 843 1842 877 ὕπεχὰλα,

1051 891 1158 927 πρῶτον
1181 892 1229 926 μὲν
1256 892 1285 918 ἐν
1310 890 1497 925 Καππαδοκίᾳ
1524 890 1675 926 διατρίϐειν
1704 892 1841 926 εἰάθησαν

1050 938 1080 965 ιν
1094 945 1150 964 τινι
1178 936 1270 973 χώρῳ,
1299 937 1435 971 Μακᾶλλῳ
1451 936 1549 971 ὄνομα,
1578 937 1647 972 πρὸς
1662 936 1702 970 τῷ
1731 937 1842 972 ’Δργέῳ

1049 983 1121 1019 δρει,
1150 984 1181 1010 οὐ
1200 982 1310 1018 μακρὰν
1329 983 1379 1017 τῆς
1408 984 1572 1018 Καισαρέων
1587 983 1704 1018 διέχοντι
1723 984 1842 1017 πόλεως,

1051 1029 1178 1064 βασίλεια
1192 1028 1240 1055 καὶ
1262 1028 1373 1063 λοετρὰ,
1394 1028 1501 1064 κήπους
1513 1037 1542 1055 τε
1559 1029 1607 1056 καὶ
1630 1029 1725 1062 πηγὰς
1740 1029 1842 1056 ἁένναα

1051 1074 1237 1109 κικτημένῳ’
1268 1072 1334 1100 ἔνθα
1348 1073 1381 1108 δὴ
1405 1073 1554 1108 θεραπείας
1579 1073 1630 1107 τῆς
1645 1074 1843 1109 προσηκούσης

1051 1119 1273 1154 καταξιούμενοι.
1301 1119 1447 1155 μαθήμασι
1461 1128 1492 1146 τε
1518 1119 1567 1146 καὶ
1592 1119 1759 1154 γυμνασίοις
1775 1122 1845 1147 ἀπο-

1052 1163 1139 1199 χρῶσι
1153 1164 1186 1198 τῇ
1199 1163 1305 1199 ἡλικίᾳ,
1319 1163 1359 1190 ἐτι
1374 1164 1403 1190 δὲ
1429 1164 1605 1196 διδασκάλοις
1620 1164 1668 1191 καὶ
1684 1165 1845 1199 ὑφηγηταῖς

1050 1209 1106 1235 τῶν
1122 1208 1204 1244 ιερῶν
1235 1208 1409 1244 μαθημάτων
1425 1210 1549 1244 ἐχρῶντο
1561 1218 1568 1224 ·
1587 1209 1635 1236 καὶ
1646 1209 1792 1242 τοσοῦτον,
1806 1210 1846 1242 ὡς

1052 1255 1099 1281 καὶ
1112 1254 1207 1290 κλήρῳ
1223 1255 1421 1290 καταλεγῆναι,
1436 1256 1482 1282 καὶ
1502 1256 1553 1287 τὰς
1567 1255 1643 1287 θείας
1666 1255 1784 1287 Βίϐλους
1805 1257 1846 1291 τῷ

1051 1298 1109 1335 λαῷ
1124 1300 1373 1334 ὑπαναγινώσκειν.
1392 1300 1429 1327 Οὐ
1445 1301 1538 1335 λόγοις
1560 1300 1590 1327 δὲ
1604 1300 1695 1335 μόνον,
1709 1301 1781 1327 ἀλλὰ
1795 1303 1846 1328 καὶ

1051 1347 1144 1383 ἔργοις
1157 1347 1187 1374 τδ
1201 1347 1266 1382 περὶ
1289 1347 1340 1382 τὴν
1365 1346 1517 1382 Θρησκείαν
1531 1347 1633 1382 θερμόν
1646 1355 1677 1373 τε
1692 1348 1742 1374 καὶ
1760 1356 1848 1374 σπου-

1051 1393 1125 1420 δαῖον
1138 1393 1300 1423 ἐδείκνυντο,
1314 1392 1378 1424 τοὺς
1393 1392 1530 1429 ἱερωσύνῃ
1540 1393 1784 1428 κεκοσμημένους,
1799 1396 1849 1421 καὶ

1051 1440 1139 1471 ἄλλως
1156 1440 1275 1471 ἀγαθοὺς
1288 1439 1401 1475 ἄνδρας,
1417 1440 1465 1466 καὶ
1477 1440 1541 1475 περὶ
1565 1440 1615 1475 τὴν
1633 1440 1782 1467 εὐσέϐειαν
1798 1441 1848 1468 καὶ

216 1499 243 1520 et
269 1492 394 1519 donariis
413 1497 547 1520 ornarunt
571 1498 600 1521 et
614 1497 829 1520 consecrarunt.
854 1493 945 1526 Atque
972 1496 1000 1518 ut

1052 1486 1153 1520 ἀρετὴν
1171 1485 1341 1520 διαϐοήτους,
1353 1486 1514 1520 περιφανῶς
1534 1486 1681 1519 τιμῶντες,
1699 1488 1798 1521 σηκοῖς
1818 1496 1849 1514 τε

216 1540 387 1567 alacritatem
406 1547 484 1567 suam
500 1539 667 1574 martyribus
684 1539 808 1568 colendis
820 1539 904 1567 veluti
921 1546 1001 1575 spec-

218 1587 308 1615 taculo
325 1587 419 1621 aliquo
435 1587 613 1619 exhiberem,
629 1587 762 1614 honorem
794 1586 914 1621 sepulcri
946 1586 1003 1613 Ma-

217 1641 267 1660 nta:
282 1632 320 1668 (i)
335 1632 462 1667 martyris
477 1631 548 1659 inter
563 1639 603 1662 se.
615 1637 644 1659 ut
660 1632 688 1659 id
715 1632 860 1668 magnillco
883 1633 1003 1660 cireum-

218 1679 315 1705 darent.
329 1677 441 1712 templo,
459 1677 622 1705 diviserunt.
647 1678 682 1705 Et
697 1685 761 1706 cum
775 1678 846 1706 inter
861 1686 890 1706 se
906 1683 936 1705 ut
954 1686 1003 1713 par

219 1729 287 1754 erat.
300 1724 485 1755 decertarent,
496 1727 524 1750 et
538 1723 683 1751 ambitiose
694 1724 839 1759 splendore
852 1729 881 1752 et
897 1725 1003 1760 magni-

220 1769 327 1797 ﬁcentia
343 1773 489 1797 structurae
497 1770 565 1797 alter
577 1770 694 1796 alterum
706 1778 838 1805 superare
851 1771 1001 1804 niteretur.

219 1823 263 1843 res
290 1819 389 1850 praeter
418 1816 576 1850 opinionem
610 1815 771 1843 admiranda
792 1817 908 1845 accidit:
942 1825 1001 1851 quae

219 1862 342 1897 profectu
355 1861 526 1890 incredibilis
539 1869 624 1897 prope
636 1867 722 1894 esset,
743 1863 795 1890 nisi
813 1863 860 1898 qui
877 1864 914 1890 ibi
931 1871 1002 1899 pra:-

218 1914 310 1937 sentes
321 1917 382 1937 eam
400 1910 541 1942 viderunt.
556 1918 606 1945 per
623 1910 782 1938 traditionis
796 1910 1001 1938 successionem

217 1963 375 1991 eamusque
386 1955 418 1983 ad
435 1956 493 1983 haec
507 1960 631 1991 tempora
642 1961 865 1983 conservassem.
882 1957 907 1991 ’1
925 1956 1004 1984 ,Εὐί-

218 2002 312 2029 licium
340 2009 460 2037 namque
474 2001 545 2030 Galli
564 2003 678 2037 pulchre
694 2007 723 2030 et
750 1999 924 2030 eﬂrbitrio
943 2003 1003 2038 ejus

217 2048 363 2082 processit.
379 2054 407 2075 et
421 2048 546 2083 quotidie
561 2056 610 2076 sua
626 2049 796 2076 incrementa
806 2048 911 2076 habuit.
928 2049 956 2076 In
971 2057 1001 2076 ra

166 2107 168 2110 ν
217 2100 283 2121 vero
313 2098 389 2128 parte
415 2102 498 2128 quam
514 2094 641 2122 Julianus
675 2095 866 2126 construebat,
902 2094 1002 2129 partim

219 2140 339 2175 parietes
358 2140 409 2174 ipsi
430 2141 486 2176 jam
508 2141 621 2168 excitati
639 2141 829 2173 conciderunt,
855 2142 955 2176 partim
969 2149 1002 2169 ex

219 2185 286 2219 ipsis
301 2184 488 2213 fundamentis
505 2192 614 2213 sursum
630 2193 750 2217 versum,
770 2185 855 2212 veluti
870 2186 911 2212 vis
928 2192 1004 2220 qure-

219 2231 291 2266 piam
304 2230 418 2258 adversa
431 2235 526 2258 contra
543 2230 689 2264 niteretur,
702 2237 834 2258 caementa
849 2236 877 2258 ct
891 2231 1002 2258 materia

218 2277 270 2304 alia
286 2277 384 2312 ejecta,
400 2282 483 2312 atque
495 2278 522 2304 in
535 2281 636 2304 terram
650 2282 779 2312 tanquam
797 2283 881 2304 vento
911 2276 1003 2304 valido

218 2326 356 2357 prostrata
371 2326 447 2350 sunt.
473 2323 591 2355 Quidam
618 2323 702 2350 etiam
739 2323 847 2358 lapides
871 2321 1002 2356 conjungi

217 2369 406 2404 glutinarique
439 2377 494 2396 non
536 2374 698 2404 potuerunt.
738 2368 906 2396 Admiranda
937 2375 1004 2394 sane

218 2415 407 2449 spectantibus
436 2423 479 2443 res
500 2416 569 2447 visa.
595 2424 656 2451 quae
677 2415 816 2451 posterius
834 2414 938 2442 certius
961 2418 1005 2441 est

219 2461 339 2496 cognita.
356 2460 444 2488 Fuere
454 2465 556 2493 tamen,
570 2462 617 2496 qui
632 2467 688 2488 tum
702 2468 812 2496 quoque
829 2459 1002 2491 intellexere,

219 2514 272 2534 non
288 2514 322 2534 ex
340 2507 434 2534 animo
449 2507 525 2535 illum
546 2508 708 2543 religionem
725 2507 829 2537 coiere.
850 2505 897 2532 scd
927 2509 1002 2532 metu

220 2552 395 2587 imperatoris
404 2553 644 2582 Christianismum
661 2552 794 2580 simulare
810 2559 817 2578 :
846 2555 875 2578 et
888 2551 1004 2586 proinde

221 2608 236 2624 n
248 2599 312 2626 inus
341 2604 448 2634 gratum
473 2605 674 2634 acceptumque
702 2598 866 2633 martyribus
895 2599 1001 2625 cultum

219 2652 415 2680 accessumque
427 2645 460 2671 ad
474 2653 503 2671 se
516 2644 576 2678 ejus
588 2651 658 2671 esse.
670 2644 803 2671 Pietatem
814 2643 1001 2671 Christianam

219 2691 344 2720 J'tttauus
361 2691 481 2726 primum
508 2690 657 2717 ariolorum
672 2690 876 2718 consuetudine
903 2690 1004 2716 adduc-

220 2743 263 2766 tus
276 2738 389 2773 abjecit.
407 2736 531 2763 llelnissa
548 2741 640 2764 autem
670 2736 788 2771 amplius
804 2736 886 2764 etiam
901 2735 935 2763 ab
949 2735 1001 2763 im-

1054 1533 1134 1565 οείοις
1149 1533 1325 1568 θαμίζοντες,
1341 1533 1390 1560 καὶ
1403 1532 1451 1565 τὰς
1462 1533 1517 1559 τῶν
1533 1532 1681 1569 μαρτύρων
1692 1533 1784 1569 θήκας
1797 1536 1850 1562 καὶ

1053 1579 1148 1613 τιμαῖς
1161 1579 1208 1606 καὶ
1224 1579 1379 1615 ἀναθήμασι
1395 1578 1565 1614 κοσμοῦντές
1579 1588 1608 1605 τε
1621 1579 1670 1606 καὶ
1686 1581 1851 1613 ἑκθειάζον-

1053 1634 1110 1656 τες.
1139 1626 1192 1652 Καὶ
1217 1625 1249 1660 δὴ
1274 1625 1304 1652 τὸ
1329 1624 1432 1661 ϐερμδν
1454 1625 1505 1660 τῆς
1532 1626 1596 1660 περὶ
1610 1627 1676 1657 τοὺς
1697 1627 1850 1662 μάρτυρας

1052 1672 1136 1706 τιμῆς
1167 1671 1367 1706 θεατρίζοντες,
1396 1671 1481 1706 ἄμφω
1506 1672 1553 1698 τὸν
1576 1672 1663 1706 τάφον
1678 1673 1770 1707 mp:
1798 1674 1850 1700 τοῦ

1055 1719 1194 1754 μάρτυρος
1207 1717 1369 1752 διελόμενοι,
1385 1717 1452 1753 οῐκῳ
1467 1717 1655 1754 λαμπροτάτῳ
1680 1719 1851 1754 περιϐαλεῖν

1055 1765 1174 1799 σπουδὴν
1192 1763 1345 1791 ἐποιοῦντο.
1365 1762 1573 1799 ’Δμιλλωμένου
1593 1764 1615 1790 δ’
1631 1764 1669 1795 ὡς
1686 1766 1763 1797 εἰκὸς
1779 1767 1851 1795 ἑκα-

1053 1811 1134 1845 τέρου
1150 1810 1198 1837 καὶ
1214 1810 1371 1844 φιλοτιμίας
1384 1810 1522 1846 ὑπερϐολῇ
1544 1812 1655 1844 νικῆσαι
1667 1812 1851 1846 πειρωμένου

1053 1857 1084 1882 τὺ
1099 1855 1203 1890 ἕτερον,
1229 1856 1383 1892 παράδοξόν
1403 1865 1430 1883 τι
1455 1857 1574 1892 συνέϐη·
1601 1857 1640 1888 ὼς
1664 1859 1768 1893 μικροῦ
1791 1859 1851 1886 δεῖν

1054 1903 1168 1930 ἄπιστον
1184 1901 1266 1935 εἶναι,
1282 1903 1307 1929 εί
1322 1903 1359 1937 μὴ
1374 1903 1510 1938 παρόντες
1539 1904 1564 1929 οἰ
1590 1903 1758 1938 Θεασάμενοι
1775 1907 1852 1932 κατά

1053 1948 1181 1984 διαδοχὴν
1205 1948 1270 1983 ἄχρι
1285 1949 1332 1975 καὶ
1352 1950 1381 1980 ὲς
1396 1949 1477 1983 δεῦρο
1491 1949 1521 1975 τὸ
1534 1950 1648 1983 γεγονὸς
1662 1950 1852 1979 διεσώσαντο.

1055 1995 1139 2021 Ὅσον
1158 1994 1207 2028 μὲν
1219 1994 1273 2029 γὰρ
1286 1994 1447 2030 ᾠκοδόμητο
1471 1995 1576 2030 Γάλλῳ,
1603 1995 1694 2027 καλῶς
1708 1997 1757 2022 καὶ
1773 1999 1853 2024 κατὰ

1054 2040 1169 2075 γνώμην
1181 2039 1292 2075 ἐχώρει,
1319 2039 1380 2066 καθ’
1396 2040 1517 2076 ἑκάστην
1544 2041 1685 2076 λαμϐάνον
1701 2043 1832 2069 ἐπίδοσιν
1846 2052 1854 2057 ·

1054 2083 1095 2117 οἷς
1114 2085 1137 2111 δ’
1153 2086 1279 2112 ἐπονεῖτο
1292 2084 1448 2118 Ἰουλιανὸς,
1465 2086 1499 2112 τὰ
1514 2087 1563 2119 μὲν
1577 2086 1632 2112 τῶν
1643 2087 1746 2121 τειχῶν
1767 2097 1856 2114 κατε-

1056 2131 1154 2163 σείετο,
1172 2131 1206 2157 τὰ
1220 2131 1249 2157 δὲ
1266 2131 1314 2157 καὶ.
1333 2131 1365 2157 ὲκ
1381 2130 1503 2165 βάθρων,
1521 2131 1616 2166 ὥσπερ
1632 2131 1664 2158 Eu
1681 2140 1757 2164 τινος
1769 2134 1855 2161 δυνά-

1057 2186 1132 2212 μεως
1144 2177 1305 2210 ἀντιτύπου,
1331 2177 1459 2204 κάτωθεν
1477 2177 1686 2212 ἀπεκρούοντο.
1715 2181 1762 2204 καὶ
1778 2179 1855 2213 ὑπὲρ

1057 2225 1110 2260 γῆν
1129 2225 1290 2260 ὴνεμοῦντο.
1317 2224 1377 2251 Εἰσὶ
1403 2225 1424 2251 δ’
1449 2224 1467 2251 ἃ
1483 2224 1551 2260 μηδὲ
1571 2224 1757 2251 συνάπτεσθαι
1780 2227 1855 2261 πρὸς

1056 2271 1160 2306 ἄλληλα
1179 2271 1247 2302 ὅλως
1266 2270 1418 2305 ἠνείχοντο.
1435 2271 1489 2297 Καὶ
1504 2271 1580 2303 ξένον
1600 2272 1656 2301 τοῖς
1674 2271 1778 2305 ὁρῶσιν
1794 2273 1859 2297 ι.δά-

1056 2325 1101 2344 κει
1114 2318 1145 2344 τὺ
1160 2316 1259 2352 θέαμα,
1284 2316 1298 2342 ὃ
1313 2317 1360 2343 καὶ
1378 2318 1411 2343 ὲκ
1427 2316 1482 2343 τῶν
1505 2317 1630 2352 ὑστέρων
1647 2318 1772 2350 ἀκριϐῶς
1797 2317 1858 2344 διε-

1056 2363 1179 2398 γνώσθη.
1195 2361 1284 2389 Ἦσαν
1298 2362 1326 2389 δὲ
1340 2362 1365 2389 οἳ
1395 2363 1443 2389 καὶ
1459 2363 1520 2389 τότε
1549 2363 1687 2395 συνίεσαν,
1707 2362 1744 2398 μὴ
1762 2364 1856 2395 ὑγιῶς

1060 2411 1110 2446 μὲν
1123 2411 1190 2445 περὶ
1202 2410 1254 2445 τὴν
1266 2410 1417 2446 Θρησκείαν
1427 2409 1500 2444 ἐχειν
1516 2409 1562 2435 τὸν
1579 2409 1673 2444 ἄνδρα.
1686 2408 1743 2435 δέει
1758 2409 1787 2435 δὲ
1804 2411 1858 2437 τοῦ

1059 2455 1224 2492 κρατοῦντος
1254 2456 1300 2482 τὸν
1325 2454 1542 2490 Χριστιανισμδν
1575 2453 1787 2489 ὑποκρίνεσθαι,
1813 2456 1858 2481 δι),

1057 2503 1106 2529 καὶ
1124 2502 1240 2530 ἄδεκτον
1266 2499 1337 2528 εἶναι
1364 2502 1422 2532 τοῖς
1439 2501 1562 2536 μάρτυσι
1578 2502 1629 2535 τὴν
1648 2502 1857 2536 προσαγωγὴν.

1058 2549 1093 2574 Τὸ
1108 2548 1137 2576 δὲ
1155 2548 1238 2579 σέϐας
1254 2548 1357 2574 ἀπεῖπε
1376 2547 1412 2573 τὰ
1427 2546 1526 2580 πρῶτα
1541 2545 1699 2577 συνουσίαις
1722 2547 1860 2580 μάντεων

1057 2594 1189 2629 ὑπαχθείς
1202 2602 1208 2609 ·
1225 2594 1288 2620 ἐπεὶ
1303 2593 1358 2628 γὰρ
1383 2592 1432 2626 τῆς
1447 2591 1533 2626 ὀργῆς
1550 2592 1670 2618 sna-.510
1688 2593 1702 2617 ὁ
1719 2593 1854 2625 κρατῶν.

1057 2641 1158 2671 Γάλλος
1172 2640 1222 2675 μὶν
1249 2639 1322 2666 κατὰ
1349 2639 1399 2672 τὴν
1417 2638 1537 2672 Ἔφεσον
1552 2637 1702 2671 διατρίϐων
1718 2635 1765 2672 ἦν,
1795 2641 1858 2670 ταῖς

1056 2685 1253 2716 διδασκαλείοις
1269 2683 1370 2719 φοιτῶν
1379 2691 1385 2698 ·
1397 2683 1465 2710 ὅπου
1480 2683 1512 2718 δὴ
1524 2684 1570 2708 καὶ
1584 2683 1600 2716 ἡ
1621 2683 1737 2716 πατρῲι
1751 2683 1857 2717 κτῆσις

1055 2732 1215 2766 ἐτύγχανεν.
1239 2730 1312 2758 Ὀιδὲ
1332 2730 1476 2760 Ἰουλιανὸς
1489 2730 1547 2760 τοῖς
1565 2729 1594 2755 ὲν
1618 2729 1855 2756 Κωνσταντινου-

257 2829 295 2865 ιι)
315 2827 398 2855 iidem
424 2830 519 2854 Sancto
538 2826 631 2854 Mam:
655 2827 769 2863 martyri
786 2827 918 2862 templum
937 2829 1113 2854 construunt.
1130 2823 1238 2852 Socrat.
1257 2822 1304 2850 lib.
1323 2829 1364 2856 ιιι,
1381 2829 1441 2857 cap.
1461 2821 1483 2855 Ι,
1501 2825 1529 2849 et
1545 2821 1611 2849 item
1631 2820 1749 2856 Eutrop.
