1901 3047
191 96 243 126 53‘)

804 95 1015 127 NICEPllORI
1033 98 1205 133 CALLlSTI

1765 97 1816 129 54!)

190 160 291 188 genere
316 159 378 179 cum
401 151 437 177 ibi
455 150 620 177 familiarius
642 149 757 182 viveret,
783 151 868 186 magis
896 156 976 186 atque

1032 153 1158 188 σάμενος,
1173 154 1213 185 είς
1228 153 1344 188 Ἀθήνας
1362 153 1550 188 παρεπέμφθη
1570 154 1741 188 φιλοσοφεῖν.
1762 155 1815 180 Καὶ

189 200 277 234 magis
289 205 381 226 rerum
395 198 488 224 taliunt
499 197 620 224 studium
634 197 660 224 in
676 205 708 224 eo
719 201 760 224 est
771 197 976 224 conﬁrmatum.

189 246 276 274 Porro
293 244 338 272 ubi
356 244 440 271 frater
464 244 524 278 ejus
543 243 637 270 Gallus
663 242 754 270 Cresar
771 242 871 275 factus,
886 248 915 270 et
932 251 977 270 res

189 301 251 320 eum
269 299 354 319 novas
375 290 464 317 moliri
482 289 638 317 nuntiatum
655 295 707 320 est,
728 294 755 316 et
787 289 832 316 liii:
857 289 975 317 all'ectati

189 338 298 373 imperii
315 341 460 370 suspectus
484 335 544 366 fuit,
560 339 587 360 et
603 339 745 368 propterea
770 334 822 361 sub
846 334 973 360 custodia

189 384 299 410 habitus
307 387 358 410 est.
370 381 505 409 Caeterum
520 388 582 407 cum
599 388 648 414 pro
664 387 698 407 eo
710 379 826 406 Eusebia
839 378 974 406 Constan-

189 430 219 457 tii
231 437 298 456 uxor
314 433 422 464 precata
438 433 520 458 esset,
537 427 657 454 Athenas
673 426 705 453 ad
732 425 914 460 philosophos
932 431 974 452 est

189 477 298 502 missus.
316 474 350 502 Et
369 474 442 501 hunc
458 473 570 509 quidem
586 472 764 508 profectionis
775 472 835 506 ejus
846 470 974 498 obtendit

187 524 362 555 praetextum,
378 520 454 547 velut
481 518 583 546 Graecis
612 518 648 545 ibi
675 516 829 551 disciplinis
860 523 972 551 operam

187 572 338 593 navaturus
350 570 435 593 esset.
452 565 505 593 Res
522 569 613 592 autem
627 564 683 599 ipsa
701 567 770 595 erat,
787 567 817 589 ut
828 562 862 590 de
879 562 973 594 rebus,

186 620 256 646 quas
294 612 346 638 sibi
368 610 572 646 persequendas
599 613 742 641 statuerat,
761 616 822 636 cum
843 608 974 643 imposta-

188 657 265 684 ribus
283 661 374 692 ageret
405 657 501 691 magis.
529 659 618 690 Atque
650 655 764 683 Athenis
791 662 884 690 agens,
919 661 972 680 una

188 711 250 729 cum
270 703 369 729 Basilio
382 707 409 729 et
427 701 560 736 Gregorio
587 701 694 729 scholas
709 700 907 736 frequentavit:
925 699 973 734 qni

186 756 219 775 ex
235 749 345 776 indiciis
358 748 521 782 quibusdam
537 748 656 774 altlitam
674 747 795 774 hominis
815 746 974 782 improbita-

189 800 243 822 tem
260 795 360 822 mentis
371 794 459 821 oculis
469 793 722 828 deprehenderunt.
736 793 766 820 Et
781 792 971 823 Constantius,

1028 198 1061 224 τὸ
1076 198 1124 232 μέν
1140 199 1278 233 προφανὲς
1292 200 1308 234 ὴ
1325 199 1381 226 τῶν
1411 199 1576 234 Ἑλληνικῶν
1594 199 1767 234 μαθημάτων
1784 198 1818 233 ἦν

1029 244 1150 277 παιδεία,
1162 244 1190 270 τὸ
1204 245 1227 271 δ’
1242 245 1352 280 ἀληθὲς,
1371 245 1409 278 ὡς
1423 245 1456 272 ἂν
1474 246 1538 280 περὶ
1558 245 1612 272 τῶν
1624 246 1696 272 κατὰ
1716 247 1818 272 σκοπὶν

1028 290 1084 320 τοῖς
1102 290 1190 316 ἐκεῖσε
1210 291 1379 326 συγγένηται
1403 291 1511 325 γόησιν.
1537 291 1626 317 Ὅπου
1653 291 1686 325 δὴ
1701 291 1815 324 διάγων,

1028 335 1161 371 Βασιλείῳ
1190 337 1240 363 καὶ
1252 337 1396 372 Γρηγορίῳ
1423 337 1533 372 σύναμα
1546 338 1601 369 τοῖς
1616 337 1817 369 διδασκαλείοις

1027 381 1122 416 ἐφοίτα
1134 389 1140 395 ·
1156 382 1182 408 οἳ
1199 382 1327 417 σημείοις
1339 383 1370 417 δή
1389 391 1444 409 τισι
1469 383 1518 417 τὴν
1534 383 1713 417 οἱκουροῦσαν
1725 383 1819 416 τὰ-.δρὶ

1027 428 1127 455 κακίαν
1143 428 1250 463 δμμασι
1280 428 1402 460 διανοίας
1429 428 1588 463 ἐφώρασαν.
1608 429 1757 460 Κάκεῖθεν,
1774 428 1818 455 ἵνα

1027 473 1145 500 συνελὼν
1166 473 1248 505 εἴπω,
1264 474 1455 506 Κωνστάντιος
1472 474 1735 509 μεταστειλάμενος,
1750 474 1818 500 Καί-

1026 527 1096 553 στρτι
1111 518 1198 545 ἐποίει
1214 526 1220 534 ·
1236 519 1285 545 καὶ
1294 518 1342 554 τὴν
1360 519 1482 555 ἀδελφὴν
1504 520 1698 546 Κωνσταντίαν
1720 519 1817 551 συζεύ-

1025 564 1072 598 ξας
1084 565 1194 600 ἐκείνῳ,
1207 565 1254 591 ἐπὶ
1268 565 1319 596 τὰς
1337 566 1484 601 ἑσπερίους
1500 565 1618 598 Γαλλίας
1631 565 1751 592 ἔστελλε.
1782 565 1817 592 T0

1024 610 1079 644 γὰρ
1100 610 1296 644 μισῦοφορικὸν
1311 611 1325 637 ὃ
1339 611 1411 638 κατὰ
1435 611 1492 637 τῶν
1516 611 1655 647 ἐσπερίων
1673 612 1817 646 τυράννων

1024 656 1196 689 Μαγνεντίου
1218 657 1264 682 καὶ
1280 657 1483 690 Βρεττανίωνος
1506 658 1652 692 ἐπήγετοό
1670 658 1818 684 Κωνστάν-

1024 708 1090 732 τιος,
1108 701 1148 733 είς
1176 701 1253 728 οἰδὲν
1268 702 1343 737 αὑτῷ
1357 702 1507 738 γενόμενον
1524 703 1669 738 χρήσιμον,
1684 703 1819 738 βαρόἀρῳ

1024 747 1121 783 γνώμῃ
1141 747 1336 783 ἀντιστρέψαν,
1363 748 1412 780 τὰς
1427 748 1542 780 Γαλλίας
1573 747 1668 784 ἐδῄου·
1684 748 1734 774 καὶ
1755 749 1817 774 κατ’

1025 794 1127 821 ἐκείνου
1159 794 1261 828 μᾶλλον
1290 795 1395 828 ἐγίνετο
1419 795 1470 828 τὰς
1487 795 1643 830 Ῥωμαϊκὰς
1654 795 1819 830 διαφθεῖρον

187 846 218 868 ut
237 842 332 874 paucis
345 849 402 868 rem
419 841 563 874 explicem,
576 840 652 866 illum
669 839 733 866 inde
751 839 866 866 accitum
881 838 972 866 Ca’sa-

1032 841 1129 872 πόλεις.
1143 841 1204 876 Νέῳ
1227 840 1257 868 δέ
1281 840 1321 868 ἔτι
1336 841 1405 875 ὕντι,
1429 842 1514 877 μηδὲν
1527 829 1659 878 πράττειν
1675 829 1818 878 ἐπέτρεπε

188 895 245 915 rem
268 887 390 919 creavit,
412 892 438 913 et
463 888 489 914 in
507 886 714 913 matrimonium
733 886 758 913 ei
789 893 885 913 sorore
902 885 974 913 Gon-

188 933 288 960 stantia
302 933 341 967 (l;
367 932 477 963 tradita.
493 932 519 959 itt
537 931 741 960 Occidentalcm
758 931 873 958 Galliam
887 930 973 959 misit.

189 980 368 1015 Stipendiarii
388 979 460 1007 enim
473 979 585 1011 milites,
605 985 674 1014 quos
698 978 831 1006 adversus
848 982 975 1013 tyrannos

190 1026 374 1061 Magnentium
394 1030 422 1053 et
445 1025 651 1052 Britannionem
674 1024 700 1051 in
727 1023 876 1052 Occidente
903 1023 975 1051 Con.

189 1071 308 1098 stantius
326 1071 423 1097 ductos
436 1070 537 1102 alebat,
553 1069 622 1096 nulli
642 1069 668 1096 ei
685 1073 763 1096 erant
777 1069 851 1100 usui,
867 1068 895 1103 9
907 1068 974 1103 quin

189 1117 282 1151 potius
300 1117 419 1143 ltaibaro
447 1115 569 1151 corrupti
599 1115 735 1148 instituto,
764 1114 866 1142 Gallias
887 1119 976 1142 vasta-

189 1163 266 1195 bant,
279 1168 307 1190 et
327 1170 388 1189 cum
408 1162 574 1189 detrimento
594 1161 689 1196 ipsius,
710 1160 826 1195 imperio
853 1160 975 1187 Romano

189 1211 313 1237 subditas
341 1208 423 1236 urbes
438 1208 617 1242 diripiebant.
631 1208 665 1234 At
679 1207 750 1242 quod
766 1206 876 1242 juvenis
887 1205 976 1233 adhuc

189 1259 273 1288 esset,
292 1255 360 1282 nihil
377 1255 413 1288 ci,
432 1255 503 1288 quod
518 1254 577 1281 sine
595 1253 696 1280 ducum
710 1254 756 1287 qui
774 1253 800 1279 in
816 1253 875 1288 ejus
890 1253 975 1279 comi-

191 1306 247 1328 tatu
266 1305 354 1328 crant.
372 1300 489 1327 consilio
502 1306 605 1334 ageret,
624 1299 758 1333 permisit.
776 1298 825 1326 Ubi
849 1306 914 1325 vero
935 1297 973 1324 illi

191 1356 245 1375 non
269 1352 343 1375 recte
362 1355 419 1374 rem
442 1347 588 1374 militarem
614 1346 853 1377 administrarent,
871 1345 930 1379 ipse
947 1349 975 1371 ut

190 1392 279 1427 potuit
309 1399 357 1426 per
384 1398 414 1418 se
442 1390 543 1417 bellum
568 1390 663 1424 gessit,
692 1388 824 1414 militibus
848 1387 974 1414 arderent

190 1437 336 1472 quemdam
353 1436 464 1466 indidit.
481 1435 718 1468 animosioresque
730 1432 765 1459 ad
785 1433 875 1467 pra-lia
899 1440 974 1459 (0111-

191 1483 324 1510 mittenda
337 1486 364 1508 et
375 1481 499 1515 pericula
513 1480 640 1507 adeunda
653 1478 893 1506 cohortationibus
908 1486 976 1512 prte-

191 1529 308 1562 miisque
341 1526 376 1553 ob
400 1525 531 1552 barbaros
556 1532 642 1551 cassos
671 1525 819 1559 propositis
847 1509 1009 1550 reddidit.c

191 1575 256 1606 Qua:
272 1580 337 1600 sane
359 1579 403 1599 res
417 1571 528 1598 initium
547 1570 675 1605 praebuit,
690 1575 720 1596 ut
735 1569 842 1596 barbari
860 1569 978 1596 subinde

192 1618 291 1647 victori
307 1617 453 1645 inferiores
479 1621 582 1648 essent,
611 1616 669 1649 ipse
684 1619 777 1643 autem
808 1619 835 1642 et
850 1615 935 1650 gratia
950 1619 978 1642 et

192 1665 378 1701 egregiai'ama
392 1664 516 1699 polleret.
533 1663 621 1697 Atque
639 1663 685 1690 ubi
700 1662 861 1690 Constantio
876 1662 977 1689 ductttn

192 1713 354 1747 languorem
370 1714 397 1737 ct
412 1710 547 1745 ignaviam
565 1709 710 1741 indicavit,
737 1707 804 1735 alios
828 1708 862 1735 ab
883 1716 915 1735 eo
929 1715 978 1742 pro

194 1756 249 1784 iilis
265 1755 372 1790 acrepit
386 1764 392 1782 :
407 1762 523 1789 quorum
537 1754 655 1781 consilio
675 1759 702 1781 et
713 1762 806 1789 opera,
819 1762 881 1781 cum
894 1754 979 1781 hosti-

194 1804 246 1830 bus
259 1803 351 1837 praslio
360 1810 431 1836 saepe
441 1802 598 1833 commisso,
609 1801 751 1828 victoriam
764 1800 872 1828 fortiter
883 1808 978 1835 repor-

195 1851 271 1881 tavit,
286 1857 388 1884 eosque
410 1849 443 1877 ad
466 1849 630 1885 legationem
649 1848 809 1876 mittendam
825 1848 914 1885 coegit
926 1848 976 1883 (2).

193 1899 326 1926 Caeterum
358 1898 413 1926 illis
443 1897 597 1925 Constantii
635 1897 870 1932 pmtcndentibus
906 1897 980 1924 litte-

195 1952 249 1977 ras,
267 1944 368 1980 quibus
397 1951 445 1971 eos
462 1951 573 1970 rursum
601 1944 633 1970 ad
654 1943 743 1970 fmdus
770 1947 798 1970 et
818 1943 978 1970 societatem

195 1991 258 2018 belli
274 1998 337 2018 cum
355 1990 487 2017 Romanis
503 1989 650 2016 ineundam
668 1988 812 2021 invitabat,
833 1988 892 2023 ipse
913 1993 979 2015 tem-

196 2044 247 2072 pus
262 2044 295 2063 ex
308 2035 442 2062 industria
457 2035 587 2067 extraxit,
605 2039 634 2062 et
650 2039 788 2061 oratorem
803 2041 901 2061 eorunt
931 2034 977 2061 ubi

194 2082 354 2117 aliquandiu
374 2081 490 2112 distulit,
516 2085 544 2107 et
572 2087 647 2115 spem
673 2080 763 2107 eidem
795 2079 870 2112 fecit,
891 2079 980 2107 foedus

195 2131 338 2162 acceptum
351 2134 365 2153 a
379 2126 540 2153 Constantio
558 2126 610 2156 iri;
630 2130 732 2160 preter
748 2126 978 2160 exspectationem

1026 883 1138 919 γνώμης
1151 884 1213 919 δίχα
1225 885 1280 912 τῶν
1295 885 1437 919 ἑπομένων
1451 885 1525 920 αὐτῷ
1539 886 1711 921 στρατηγῶν.
1732 887 1819 914 Ἀνω-

1027 930 1118 964 μάλως
1132 931 1155 957 δ’
1163 931 1276 958 ἐκείνων
1291 934 1325 958 τὰ.
1340 932 1409 966 πρὸς
1423 933 1514 967 μάχην
1523 932 1716 968 διακειμένων,
1734 933 1820 965 αὐτὸς

1026 975 1063 1007 ὡς
1081 976 1144 1011 ἐνῆν
1158 977 1204 1003 τδν
1219 977 1339 1012 πόλεμον
1352 977 1501 1012 διηυθέτει.
1516 979 1568 1004 Καί
1579 988 1641 1006 τινα
1656 979 1740 1014 ζῆλον
1749 981 1818 1006 ἐνίει

1026 1023 1082 1053 sit;
1109 1022 1305 1058 στρατιώταις,
1334 1024 1520 1059 θερμοτέρους
1555 1024 1620 1060 περὶ
1650 1026 1697 1051 τὸν
1722 1026 1819 1060 ἀγῶνα

1027 1068 1123 1101 ποιῶν,
1152 1070 1396 1105 παρακινδυνεύειν
1428 1071 1610 1105 προτρέπων·
1646 1070 1686 1103 υίς
1717 1072 1818 1107 μισθὸν

1026 1115 1164 1150 ἀνήκοντα
1193 1116 1272 1149 ἔταξε
1300 1116 1338 1151 τῷ
1368 1117 1511 1152 βάρϐαρον
1523 1117 1715 1152 άναιρήσοντι.
1737 1119 1770 1144 Ὃ
1785 1119 1819 1154 δὴ

1025 1162 1113 1197 ἀρχὴν
1129 1163 1268 1198 παρέσχεν
1285 1163 1389 1189 ἐλάττω
1402 1163 1454 1197 μὲν
1464 1163 1590 1197 γίνεσθαι
1604 1165 1637 1191 τὰ
1655 1164 1818 1199 βαρϐάρων,

1026 1209 1131 1234 ἐκεῖνον
1143 1208 1171 1234 δὲ
1189 1209 1392 1244 κεχαρισμένον
1406 1206 1476 1236 εῖναι
1493 1210 1540 1235 καὶ
1554 1209 1598 1236 διὰ
1608 1209 1703 1245 φήμης
1715 1210 1820 1246 πολλῆς

1025 1254 1148 1282 διελθεῖν.
1181 1256 1238 1281 Καὶ
1264 1255 1296 1289 δὴ
1326 1255 1376 1290 τὴν
1399 1255 1455 1282 τῶν
1485 1257 1647 1292 στρατηγῶν
1673 1258 1819 1292 ῥᾳστώνην

1026 1301 1208 1336 Κωνσταντίῳ
1240 1301 1376 1336 δηλώσας,
1404 1303 1515 1338 ἐτέρους
1539 1302 1601 1338 ἔσχε
1618 1303 1681 1335 τοὺς
1699 1313 1821 1340 στρατη-

1025 1347 1091 1380 γούς
1105 1355 1112 1363 ’
1131 1346 1190 1382 μεθ’
1206 1345 1243 1375 ὧν
1255 1349 1310 1379 τοῖς
1324 1349 1456 1380 ἐναντίοις
1472 1349 1646 1385 προσϐαλὼν,
1659 1350 1821 1386 άνακράτος

1026 1394 1117 1420 ἐνίκα·
1138 1395 1171 1430 τῇ
1198 1394 1221 1421 δ’
1246 1395 1357 1431 ἀνάγκῃ
1388 1396 1428 1427 είς
1446 1396 1597 1432 πρεσϐείαν
1620 1397 1821 1423 καταστάντων

1026 1439 1150 1472 ἐκείνων,
1167 1440 1216 1466 καὶ
1233 1433 1267 1467 τὰ
1284 1442 1435 1476 γράμματα
1452 1442 1643 1469 Κωνσταντίου
1661 1442 1820 1475 προϐαλλο-

1028 1486 1128 1519 μένων,
1149 1486 1187 1518 ὡς
1217 1488 1314 1522 καλοίη
1332 1488 1402 1521 σφᾶς
1432 1485 1510 1520 αὖθις
1533 1489 1579 1515 ἐπὶ
1600 1489 1649 1522 τὴν
1668 1488 1821 1524 Ῥωμαίων

1028 1532 1200 1567 συμμαχίαν,
1222 1533 1350 1568 ἐπίτηδες
1364 1534 1468 1561 ἐκεῖνον
1483 1534 1682 1563 ἀναϐαλέσθαι.
1706 1535 1820 1571 Μελλή-

1029 1586 1076 1609 σας
1100 1578 1155 1614 γὰρ
1179 1578 1227 1605 τδν
1243 1580 1371 1614 πρέσὸιν,
1389 1580 1435 1607 καὶ
1453 1581 1551 1607 ἐλπίδα
1568 1581 1632 1612 δοὺς
1646 1582 1682 1612 ὼς
1699 1582 1822 1616 προσδέ-

1027 1633 1111 1660 χοιτο,
1129 1625 1270 1659 ἀδοκήτως
1289 1625 1372 1657 πολὺς
1385 1625 1522 1657 ἐπελθὼν,
1548 1626 1664 1652 εῑσάπιν
1679 1625 1734 1652 τῶν
1749 1625 1820 1661 βαρ-

1028 1670 1120 1706 ΰάρων
1132 1671 1269 1707 ἐκράτησε
1279 1679 1286 1685 ·
1301 1671 1348 1697 καὶ
1362 1671 1409 1698 τὸν
1423 1671 1535 1708 ἐκείνων
1550 1672 1662 1707 βασιλέα
1671 1672 1822 1708 δεσμώτην

1028 1717 1057 1748 ἐς
1071 1710 1260 1744 Κωνσέάντιον
1270 1717 1407 1752 ἔπεμπεν.
1421 1707 1500 1744 Οἶῖιτω
1515 1717 1543 1744 δέ
1559 1717 1598 1753 τῷ
1607 1718 1720 1753 πολέμῳ
1729 1707 1821 1753 τούτῳ

1029 1763 1223 1798 ἐνευτυχήσας,
1244 1763 1312 1798 πρὸς
1329 1762 1384 1789 τῶν
1401 1763 1576 1798 στρατιωτῶν
1593 1763 1723 1798 βασιλεὺς
1749 1764 1822 1790 Ῥω-

1031 1808 1119 1843 μαίων
1136 1809 1346 1843 άναγορεύεται.
1367 1809 1507 1844 Στεφάνου
1519 1809 1547 1836 δὲ
1563 1810 1601 1844 μὴ
1615 1810 1750 1844 παρόντος
1768 1809 1820 1844 βα-

1030 1855 1148 1888 σιλικοῦ,
1173 1857 1227 1882 τῶν
1238 1865 1280 1888 τις
1295 1856 1468 1891 δορυφόρων⁹
1494 1855 1523 1882 δν
1540 1858 1604 1890 περὶ
1616 1856 1663 1883 τὸν
1679 1857 1820 1892 τράχηλον

1030 1902 1123 1937 ἐφόρει
1142 1901 1276 1937 στρεπτὸν
1292 1903 1403 1934 ἐξελὼν,
1418 1903 1451 1937 τῇ
1482 1902 1590 1928 ἐκείνου
1607 1902 1715 1937 κεφαλῇ
1739 1911 1824 1936 περι-

1030 1947 1123 1981 έθηκε.
1148 1947 1235 1981 Λόγος
1262 1956 1293 1982 γε
1313 1948 1366 1984 μὴν
1385 1947 1442 1984 ἔχει
1460 1948 1509 1974 καὶ
1526 1948 1670 1983 πρότερον,
1700 1948 1740 1979 είς
1755 1956 1823 1975 τινα

1030 1993 1161 2029 πολίχνην
1175 1993 1316 2027 είσιᾷντος,
1334 1993 1467 2028 στέφανόν
1480 2003 1540 2021 τινα
1559 1995 1642 2029 μέσον
1656 1994 1703 2020 δύο
1719 1995 1823 2022 κιόνων

1030 2037 1231 2073 ἀνηρτημένον,
1244 2035 1284 2070 οἷς
1296 2038 1345 2070 τὰς
1365 2039 1457 2070 πόλεις
1485 2038 1544 2071 ἔθος
1563 2040 1688 2074 κοσμεῖν,
1717 2040 1821 2066 ἐπιπε-

1032 2082 1112 2108 σόντα
1126 2083 1159 2118 τῇ
1179 2082 1284 2110 ἐκείνου
1302 2083 1407 2119 κεραλῇ
1434 2085 1609 2119 ἐφαρμόσαι·
1634 2085 1682 2112 καὶ
1707 2084 1822 2117 πολλοῖς

1032 2126 1156 2153 ἐντεῦθεν
1174 2127 1310 2162 σύμϐολον
1325 2125 1407 2159 εἶναι,
1423 2128 1459 2160 ὼς
1474 2130 1521 2155 καὶ
1540 2129 1570 2155 τὸ
1585 2129 1634 2164 τῆς
1649 2129 1737 2164 ἀρχῆς
1753 2131 1824 2156 ἁνα-

194 2173 335 2205 omnium,
355 2172 443 2207 copiis
468 2171 525 2199 suis
555 2172 689 2198 Barbaros
711 2171 835 2205 adortus,
863 2172 976 2199 maxima

1032 2175 1148 2209 δήοηται
1164 2175 1276 2209 κράτος.
1296 2174 1482 2210 Διεθρυλλήθη
1503 2175 1531 2201 δὲ
1548 2176 1593 2202 καί
1609 2184 1650 2207 τις
1666 2176 1762 2211 ἕτερος
1778 2176 1824 2202 λό‹

195 2221 282 2247 victos
297 2219 375 2246 clade
392 2218 499 2251 aillixit,
515 2225 664 2253 regemque
678 2225 774 2245 eorum
790 2218 914 2246 vinctum
945 2218 978 2246 ad

195 2265 388 2292 Constantium
405 2263 489 2291 misit.
502 2264 539 2291 Ea
554 2263 665 2290 victoria
682 2265 721 2298 (5;
736 2273 767 2292 cx
785 2265 919 2292 sententia
934 2272 981 2299 po—

196 2313 273 2343 titus,
289 2318 304 2338 a
319 2311 453 2338 militibus
464 2309 649 2337 Romanorum
666 2310 862 2344 imperatorest
881 2317 982 2337 renun-

196 2359 289 2386 tiatus.
298 2357 387 2392 Atque
398 2356 443 2383 ubi
455 2362 511 2383 tum
524 2355 706 2390 imperatoriae
718 2363 827 2383 coronas
838 2356 916 2390 copia
925 2363 980 2382 non

197 2403 259 2436 iuit,
271 2410 303 2430 ex
317 2401 482 2429 satellitibus
497 2401 621 2436 quidam,
636 2405 761 2436 torquem
773 2409 854 2436 quam
868 2402 894 2428 in
911 2401 981 2428 colle

196 2449 330 2483 gestabat,
340 2447 421 2483 capiti
435 2447 509 2475 illius
525 2447 668 2482 imposuit.
678 2447 792 2474 Obtinet
804 2447 886 2479 fama,
899 2451 981 2473 antea

195 2502 314 2530 quoque.
330 2502 393 2522 cum
405 2493 538 2529 oppidum
558 2493 696 2527 quoddam
713 2493 918 2528 ingrederetur,
933 2499 980 2519 co-

198 2547 292 2567 ronant
309 2540 379 2566 inter
393 2538 463 2565 duas
479 2538 622 2565 columnas
638 2545 813 2572 suspensam,
828 2538 908 2565 sicuti
924 2545 983 2564 mos
999 2568 1001 2571 η

197 2591 241 2612 est
252 2585 334 2612 urbes
349 2591 497 2615 exornare,
512 2591 594 2619 quam
611 2583 752 2618 aptissime
768 2583 793 2609 in
806 2588 891 2617 caput
911 2590 982 2618 prae-

199 2632 334 2659 tereuntis
349 2630 493 2658 decidisse.
517 2631 582 2665 Quae
600 2638 644 2658 res
669 2628 813 2664 permultis
827 2636 878 2664 pro
891 2629 983 2656 omine

233 2710 272 2743 (l)
287 2709 364 2736 Socr.
378 2709 504 2737 Helenam
523 2709 613 2736 habet.
651 2731 661 2739 ,

233 2746 273 2777 (2)
290 2745 394 2772 Socrat.
410 2750 437 2772 et
461 2745 574 2777 Eutrop.
590 2743 693 2776 legatos
711 2743 737 2770 in
763 2743 871 2771 vincula
888 2743 982 2780 conje-

198 2787 208 2806 ι
226 2787 257 2806 os
273 2788 334 2807 esse
348 2780 463 2807 addunt.

237 2815 274 2850 (5)
292 2816 369 2850 Apud
389 2816 600 2849 Argentoratum
613 2814 738 2849 ingentes
752 2814 871 2842 hostium
889 2814 983 2849 copias

1032 2226 1089 2252 γος,
1111 2219 1148 2249 ὡς
1177 2218 1325 2252 ἐπιϐουλῆς
1354 2220 1436 2254 χάριν
1453 2221 1466 2246 ό
1494 2220 1645 2255 πρὸς-τοὺς
1659 2220 1823 2256 βαρΰάρους

1032 2265 1151 2298 πόλεμος
1168 2265 1247 2300 ἐδόθη
1261 2265 1349 2300 αὐτῷ,
1365 2266 1398 2292 ἵν’
1412 2266 1505 2298 αὐτοῖς
1519 2267 1745 2301 συμπλεκόμενος
1761 2268 1823 2303 ὕλης

1032 2319 1087 2338 ται,
1104 2311 1140 2337 Οὐ
1159 2311 1270 2342 πιθανὸς
1285 2311 1308 2337 δ’
1320 2312 1383 2346 ἐμοί
1400 2320 1431 2346 γε
1447 2311 1507 2338 λίαν
1523 2313 1536 2339 ὁ
1552 2312 1641 2346 λόγος.
1653 2312 1686 2338 Τί
1699 2314 1756 2348 γὰρ
1775 2316 1824 2341 καὶ

1033 2356 1162 2391 Καίσαρα
1178 2357 1272 2383 τοῦτον
1290 2357 1376 2383 ἐποίει
1389 2358 1419 2384 τὸ
1433 2359 1493 2384 κατ’
1510 2359 1608 2393 ἀρχάς,
1621 2359 1670 2385 καὶ
1682 2359 1732 2393 τὴν
1743 2360 1825 2386 ἀδελ-

1032 2400 1087 2435 φὴν
1100 2402 1139 2433 είς
1155 2402 1244 2437 γάμον
1259 2402 1363 2436 ἐδίδους
1382 2403 1414 2428 Τί
1430 2403 1458 2429 δέ
1471 2403 1546 2438 αὐτῷ
1566 2405 1614 2429 καὶ
1628 2405 1659 2430 τὸ
1673 2404 1824 2432 πείθεσθαι

1033 2446 1081 2471 καὶ
1095 2445 1277 2472 ὕπαλλάττειν
1295 2447 1358 2478 τοὺς
1374 2447 1650 2482 ἐρρᾳστωνευμὲνους
1665 2449 1719 2474 τῶν
1736 2457 1824 2485 στρα-

1033 2490 1142 2525 τηγῶν·
1160 2492 1208 2518 καὶ
1220 2492 1285 2523 τοὺς
1312 2493 1382 2527 πρὸς
1407 2493 1498 2528 μάχην
1514 2493 1623 2520 ἔστελλε
1642 2493 1758 2526 δεξιοὺς,
1779 2496 1824 2522 ἵνα

1035 2535 1137 2570 μᾶλλον
1152 2536 1314 2573 κατορθώσῃ
1325 2537 1371 2563 τὸν
1387 2537 1517 2571 πόλεμον⁷
1530 2537 1554 2563 εἰ
1570 2537 1608 2572 μὴ
1619 2537 1689 2572 φίλῳ
1702 2539 1821 2573 εχρῆτο;

1034 2581 1206 2616 Συμόάλλειν
1231 2585 1323 2609 τοίνυν
1348 2580 1434 2615 ἐστιν,
1452 2583 1490 2615 ὡς
1507 2583 1601 2614 εὔνους
1629 2581 1661 2620 ἦν
1676 2583 1753 2619 αὐτῷ
1771 2584 1824 2619 τήν

1034 2626 1123 2662 ἀρχὴν
1137 2628 1151 2654 ὀ
1175 2628 1294 2663 κρατῶν,
1309 2628 1371 2655 ὅθεν
1384 2629 1482 2655 ἀνεῖπε
1509 2629 1556 2656 καὶ
1573 2629 1714 2665 Καίσαρα.
1737 2630 1784 2663 Ὠς
1800 2631 1824 2657 δ’

1033 2710 1144 2738 delevit.
1157 2710 1274 2738 Stabant
1285 2712 1375 2739 acervi
1387 2711 1551 2740 cadaverum
1569 2713 1704 2740 montium
1718 2713 1823 2745 instar,

1034 2745 1234 2783 [luebatcruor
1256 2746 1401 2783 ﬂuminum
1417 2748 1508 2778 modo,
1524 2753 1620 2783 captus
1644 2755 1690 2775 rex
1716 2749 1822 2777 nobilis

1033 2781 1269 2814 Chonodomarus,
1286 2787 1339 2809 etc.
1357 2782 1495 2818 (Eutrop)
