1901 3047
50 99 92 130 ιιι

526 94 830 125 ECCLESIASTICIE
852 95 1047 126 llISTORI.E
1069 97 1146 127 LIB.
1169 98 1200 127 Χ.

1627 98 1679 129 452

51 157 148 185 ἐκεῖνος
168 152 309 184 Σεόαστδς
325 151 517 186 ἀνεκηρύχθη,
532 151 571 186 μὴ
585 151 676 183 δόντος
694 151 790 184 αὐτοῦ,
819 151 836 186 ἢ

892 156 916 179 et
942 152 1044 180 indicio
1062 158 1175 188 ncccpla
1195 158 1246 184 est.
1277 154 1385 185 imperii
1409 162 1518 189 quoque
1543 163 1677 182 summam

48 202 144 232 δεδιὼς,
159 198 201 231 οἷς
218 200 319 230 αὑτοὺς
347 198 462 233 ἠδίκησε
479 199 554 229 νέους
571 198 663 230 ὄντας,
679 199 695 233 ἢ
721 199 769 225 καὶ
785 199 835 232 τῆς

49 249 104 282 ἴσης
119 246 207 281 τιμῆς
237 246 319 280 χάριν
350 245 514 280 ἀχθόμενος,
530 244 577 271 διὰ
606 244 662 272 τῶν
679 245 836 280 εἰρημένων

48 293 194 328 βαρὸἀρων
227 292 295 322 ἴσως
327 291 443 326 ὕστερον
469 291 659 318 ἐπιδουλεὺιιν
686 293 835 328 προήγετο.

53 340 129 366 Ἀλλὰ
147 339 232 365 τοῦτο
267 338 330 374 μὲν,
357 338 395 369 ὠς
424 337 532 373 ἑκάστῳ
562 337 641 373 δόξης
675 338 745 370 ἐστὶ,
773 346 836 373 κρι-

48 386 122 413 νέτω.

890 198 922 224 ad
934 206 997 225 cum
1018 205 1210 233 perventuram
1225 208 1295 227 esse.
1328 200 1396 227 Illud
1409 208 1518 235 quoque
1543 201 1679 228 sermonis

890 245 944 272 bus
956 245 1096 281 vulgatum
1110 246 1172 277 fuit,
1184 247 1217 274 ab
1232 247 1379 274 insidiante
1394 248 1455 274 vitae
1471 247 1531 283 ejus
1543 247 1679 274 Constan-

893 291 931 318 tio
947 292 1049 319 bellum
1065 292 1091 319 id
1104 293 1235 320 adversus
1252 293 1385 320 barbaros
1399 294 1423 321 ci
1435 294 1595 320 mandatqu
1607 301 1678 324 esse,

891 343 921 366 ut
937 346 1000 366 cum
1017 339 1071 367 illis
1085 347 1166 366 manu
1180 345 1308 367 conserta
1324 341 1465 368 interiret.
1484 340 1537 367 Sed
1562 340 1634 367 fama
1648 347 1678 366 ea

887 386 960 419 apud
981 393 1023 413 me
1036 394 1132 421 parum
1158 386 1307 414 admodum
1324 387 1406 415 liabet
1431 386 1573 414 fidei.Cur
1604 386 1678 413 enim

45 434 161 461 Casaris
191 434 232 461 illi
260 434 380 468 primum
404 433 566 468 dignitatem
592 432 745 464 tribuisset,
772 440 953 469 sororemque
971 436 996 462 ei
1033 437 1131 471 nuptui
1153 436 1292 464 dedisset?
1307 436 1362 463 Cur
1389 437 1491 471 optatis
1506 437 1619 472 ejus,nt
1634 443 1680 462 so-

48 482 181 510 cordibus
199 482 248 509 alii
261 487 478 517 surrogarentur
493 482 589 514 duces,
615 489 719 509 morem
749 482 898 515 gessisset:
928 489 957 510 et
988 484 1036 519 qui
1069 485 1102 512 ad
1116 485 1210 519 praelia
1226 485 1421 512 committenda
1451 486 1555 512 strenui
1574 488 1677 515 essent,

46 528 203 564 bellumque
217 534 293 556 recte
306 533 447 564 gererent,
463 528 593 561 misisset,
622 528 675 555 nisi
691 527 781 555 amico
801 533 830 556 et
850 528 986 557 benevolo
1018 531 1044 558 in
1080 539 1142 558 eum
1170 532 1270 559 fuisset
1290 532 1406 559 animo?
1431 532 1523 566 Itaque
1548 531 1679 566 colligere

45 577 108 604 satis
124 577 204 609 licet,
221 577 294 604 bene
312 577 337 604 ei
351 577 385 604 ab
400 576 480 604 initio
495 577 689 611 imperatorem
721 576 853 610 voluisse,
875 583 902 605 et
920 578 956 606 ob
979 579 1005 605 id
1024 578 1160 607 C:esarem
1176 587 1238 607 eum
1248 580 1413 608 declarasse.
1431 580 1483 614 ιο
1496 581 1529 607 At
1546 579 1592 606 ubi
1616 578 1677 609 ille,

46 624 100 658 ipso
121 633 178 652 non
192 627 384 660 permittente,
409 625 551 660 Augustus
579 631 620 653 est
646 626 831 659 renuntiatus,
853 627 897 654 vel
926 634 1093 656 metuentem
1131 637 1195 657 eum
1217 631 1282 662 sibi,
1310 635 1423 665 propter
1442 629 1570 663 injurias,
1601 635 1671 662 quas

47 671 79 698 illi
94 678 195 700 tenero
209 673 301 700 adhuc
318 673 452 708 fratrique
473 674 534 709 ejus
550 673 690 705 intulerat,
715 673 756 700 vel
789 681 882 708 parem
909 674 984 702 illius
1014 684 1076 703 cum
1091 685 1141 704 suo
1152 677 1282 704 honorem
1318 677 1432 703 moleste
1450 675 1596 706 ferentem,
1623 682 1675 709 per

45 726 87 745 eos
101 718 148 753 qui
163 719 232 746 dicti
251 725 316 747 sunt
341 719 487 752 Barbaros,
508 724 601 755 postea
622 718 692 746 forte
706 718 823 746 insidias
840 719 864 746 ei
880 721 1024 749 struxisse.
1044 723 1097 750 Sed
1118 723 1169 749 hoc
1194 723 1300 758 judicio
1319 723 1453 757 cujusque
1474 720 1668 754 relinquimus.

346 789 472 817 ΚΕΦΑΛ.
496 788 534 817 Β’.

1192 792 1307 821 CAPUT
1331 792 1365 819 ll.

46 839 144 869 Ὅπως
160 835 212 873 διὰ
228 835 348 873 Θρᾴκης
367 836 383 862 ὀ
401 834 575 873 ἀποστάιίης
601 834 666 873 ιὼζ,
681 834 740 873 τὴν
754 836 834 861 Κων-

892 840 923 869 Ut
946 841 1136 873 praevaricator
1160 842 1184 865 et
1212 842 1335 873 apostala
1360 844 1407 872 per
1428 835 1569 873 Thraciam
1594 834 1678 873 prop-

76 869 254 899 σταντίνοιί
272 869 424 904 κατέσχεν
452 870 589 897 ἐκποδὼν
603 870 656 896 τοῦ
678 871 838 897 Κωνσταν-

77 908 142 934 τίου
157 905 377 940 γεγενημένου.

78 962 182 990 Τοῦτον
199 960 250 997 μὲν
267 958 315 988 οὖν
332 961 376 987 τὸν
392 961 492 995 τρόπον
507 961 521 987 ὸ
542 961 687 993 Ἰουλιανὸς
700 961 749 996 τῆς
762 961 838 997 βασι-

45 1009 115 1041 λείας
131 1009 267 1044 ἐδράξατο
279 1013 287 1022 θ
301 1008 325 1033 ει
340 1007 368 1033 δὲ
385 1009 457 1033 κατά
469 1007 634 1043 φιλοσόφους
649 1008 666 1043 ἡ
683 1008 747 1042 ἑξῆς
762 1009 837 1042 ἀγω-

46 1056 89 1090 γὴ,
104 1056 132 1081 ὲν
147 1054 235 1089 κοινῷ
251 1054 366 1081 σκοπεῖν
378 1053 427 1080 ὲῶ.
442 1051 493 1080 Οἷα
511 1054 567 1089 γὰρ
588 1053 671 1088 φιλεῖ,
688 1054 725 1090 μὴ
741 1054 838 1080 ἀπολο-

47 1103 104 1134 γίαν
117 1101 163 1127 διὰ.
174 1100 327 1135 πρεσϐείας
342 1100 405 1130 δοὺς
417 1099 612 1133 Κωνσταντίῳ,
624 1100 653 1126 δν
664 1101 711 1126 καὶ
725 1101 836 1135 σωτῆρα

47 1150 90 1173 καὶ
105 1147 259 1182 εὐεργέτην
285 1146 433 1181 ἠπίστατο,
461 1145 541 1175 εὐθὺς
562 1145 612 1180 μὲν
627 1144 836 1180 ἁπεχειροτόνει

46 1194 108 1223 τοὺς
124 1193 263 1227 ἄρχοντας
277 1192 355 1222 ὅσους
375 1192 481 1222 ἐκεῖνος
496 1190 666 1225 κατέστησεν
679 1198 685 1205 ·
712 1190 836 1225 ἀμείϐων

46 1240 68 1266 δ’
92 1240 204 1274 ἑτέρους
233 1237 428 1272 ἀντικαθίστη,
457 1237 506 1264 καὶ
522 1237 577 1263 πᾶν
604 1236 634 1262 τὸ
650 1236 718 1271 πρὸς
737 1236 836 1271 βουλῆς

46 1286 117 1321 αὖτῷ
143 1286 299 1321 ἔπραττεν·
328 1284 485 1318 ἐπεγγελῶν
502 1283 531 1309 δὲ
561 1285 609 1310 καὶ
641 1282 835 1316 Κωνσταντίῳ,

45 1333 115 1359 κατὰ
130 1333 225 1368 χώρας
240 1332 292 1363 τὰς
305 1332 449 1362 ἐπιστολὰς
473 1330 557 1358 αὐτοῦ
571 1331 715 1362 διεδείκνυ,
738 1329 771 1356 δι’
798 1327 835 1356 ὧν

44 1380 106 1408 τοῖος
120 1379 280 1413 βαρὸάρους
295 1378 367 1404 κατὰ
379 1378 547 1411 Μαγνεντὶου
559 1377 662 1409 καλῶν,
686 1376 836 1412 Ῥωμαίοις

45 1427 170 1460 ἐπήγαγε
184 1432 191 1439 ·
210 1425 258 1451 καὶ
270 1425 354 1460 τέχνῃ
370 1424 403 1450 τὰ
418 1424 508 1458 πλήθη
536 1423 749 1459 μετερχόμενος,
764 1423 836 1449 ἀπέ-

46 1478 99 1495 σπι
119 1471 169 1504 μὲν
184 1459 364 1501 ἐκείνουςεζς
381 1469 479 1496 ἑαυτὸν
493 1469 522 1495 δὲ
549 1468 740 1504 μετεδίδαξεν.
756 1468 835 1501 Ἐξά-
852 1459 855 1462 ’

924 869 1033 907 εἷδεειιε,
1060 874 1214 902 Constantio
1230 869 1387 907 'dcfuncto,
1422 869 1679 903 Constantinopolim

925 911 1085 946 peruenerit.

925 967 963 995 Ad
982 968 1054 994 hunc
1074 972 1149 994 certe
1162 965 1272 1001 quidem
1302 964 1413 991 modum
1436 963 1563 991 Julianus
1593 962 1679 996 impe-

889 1013 959 1040 rium
974 1012 1090 1046 arripuit
1105 1011 1157 1047 (l).
1176 1011 1216 1038 An
1245 1017 1311 1038 vero
1341 1008 1526 1044 philosophici
1554 1006 1676 1034 instituti

888 1059 955 1089 sint,
972 1065 1032 1093 qua:
1049 1065 1112 1084 mox
1129 1057 1230 1084 deinde
1253 1056 1348 1090 gessit,
1360 1059 1388 1082 et
1404 1055 1525 1089 idipsnm
1548 1053 1574 1080 in
1589 1053 1678 1080 medio

888 1104 988 1138 cuique
1005 1103 1210 1137 dispiciendum
1228 1101 1365 1136 relinquo.
1381 1100 1446 1127 Nam
1463 1101 1547 1135 (quod
1575 1097 1678 1132 alioqui

888 1149 947 1176 ﬁeri
965 1149 1052 1184 solet)
1073 1148 1148 1176 nulla
1164 1149 1198 1175 ad
1217 1147 1409 1175 Constantium
1436 1147 1529 1173 adhuc
1545 1145 1680 1180 supersti-

889 1201 955 1227 tem,
978 1203 993 1222 a
1013 1203 1067 1230 quo
1087 1195 1219 1222 beneﬁcia
1248 1194 1333 1220 multa
1364 1201 1393 1220 se
1414 1193 1555 1227 accepisse
1584 1199 1679 1219 servae

889 1246 1000 1276 tumque
1011 1241 1079 1268 adeo
1097 1248 1157 1267 esse
1185 1240 1300 1272 sciebat,
1329 1239 1477 1274 legatione,
1508 1247 1569 1273 quae
1598 1238 1676 1265 illum

886 1292 1028 1315 excusaret
1036 1292 1062 1314 et
1070 1286 1240 1318 defenderet,
1252 1287 1345 1317 missa,
1355 1286 1446 1312 statim
1457 1293 1505 1312 eos
1517 1285 1675 1319 magistratu:

887 1332 964 1360 abire
984 1337 1190 1365 exauctoratos,
1208 1339 1278 1366 quos
1291 1331 1336 1359 ille
1358 1337 1500 1363 evexerat,
1522 1331 1626 1366 coegit,
1651 1336 1679 1358 et

886 1379 991 1406 aliosin
1007 1387 1102 1406 eorum
1117 1379 1208 1415 locum
1218 1379 1337 1410 sull'ecit,
1357 1379 1508 1412 omniaque
1523 1378 1556 1404 ad
1575 1378 1675 1405 volun-

888 1428 969 1452 tatem
986 1428 1092 1451 tantum
1109 1433 1186 1451 suam
1212 1428 1277 1460 egit.
1305 1425 1338 1453 Et
1353 1425 1546 1452 Constantium
1573 1424 1676 1456 ridens,

886 1471 1025 1507 plerisque
1042 1471 1068 1498 in
1086 1472 1155 1499 locis
1178 1471 1312 1506 epistolas
1324 1472 1384 1507 ejus
1412 1473 1548 1503 recitavit,
1577 1471 1679 1507 quibus

45 1516 112 1542 πινά
128 1524 158 1541 τε
172 1517 221 1542 καὶ
234 1516 265 1541 τὸ
277 1515 368 1541 δοκεῖν
381 1514 452 1542 εἶναι
470 1515 633 1550 Χριστιανὸς
645 1515 762 1551 διαφεὶς,
779 1516 836 1546 τοῖς

892 1518 933 1544 ille
951 1518 1086 1545 Barbaros
1103 1523 1198 1546 contra
1218 1519 1405 1552 Magnentium
1421 1527 1550 1550 evocans,
1572 1519 1599 1546 in
1622 1519 1678 1545 Ro-

45 1562 98 1589 τῶν
122 1562 272 1596 δαιμονίων
303 1561 400 1596 ἐφοίτα
416 1563 510 1596 σηκοῖς
522 1569 529 1577 ·
559 1561 606 1588 καὶ
624 1560 706 1593 θύων,
721 1561 835 1592 καὶτοῖς

45 1609 187 1643 ἀγάλμασι
207 1608 443 1642 προσφερόμενος,
467 1607 598 1642 ἀρχιερέα
610 1606 707 1633 ἑαυτὸν
720 1606 814 1633 ἐκάλει
828 1614 834 1621 ·

45 1656 89 1680 ni.
101 1654 152 1685 τὰς
172 1654 339 1689 Ἑλληνικὰς
352 1654 450 1687 ἑορτὰς
463 1653 599 1680 ἐπιτελεῖν
624 1653 771 1688 ἐπέτρεπε,
789 1654 836 1680 καὶ

46 1702 106 1732 τοὺς
120 1701 175 1727 ὑπὸ
202 1701 283 1735 χεῖρα
307 1701 413 1731 πάντας
441 1699 541 1734 ἐπίσης
556 1698 836 1734 Θρησκεύειν.ἕπειθε,

46 1746 91 1772 καὶ
107 1745 176 1781 πρὸς
192 1744 328 1779 ἐμφύλιον
338 1744 529 1780 ἀνερριπίζετο
543 1744 672 1778 πόλεμον.
692 1744 744 1770 Καί
762 1752 792 1777 γε
805 1744 836 1770 ἂν

47 1792 106 1819 δεον
121 1793 153 1818 τὲ
170 1792 215 1818 ἐπ’
241 1790 318 1826 αὐτῷ
342 1791 439 1825 αἵμασι
469 1790 595 1825 διεκρίθη
612 1790 643 1817 et
665 1790 714 1825 τῆς
731 1791 837 1817 ἰκείνου

47 1838 205 1873 φιλοσοφίας
214 1838 374 1871 ἀπέριττον,
383 1837 408 1863 εί
424 1837 462 1872 μὴ
471 1836 538 1868 Θεὸς
551 1838 564 1863 ὁ
581 1837 672 1863 πάντα
687 1837 735 1862 σὺν
747 1836 837 1870 ἀγνώ-

48 1894 100 1922 στῳ
115 1886 187 1919 λόγῳ
203 1884 290 1911 ποιῶν
314 1884 520 1919 συμφερόντως,
550 1883 666 1918 θάτερον
684 1885 722 1915 είς
740 1883 837 1910 ἑαυτὸν

48 1932 247 1966 μετεστήσατο,
266 1930 327 1964 δίχα
353 1929 446 1964 μέντοι
475 1929 580 1964 ζημίας
609 1929 657 1955 τοῦ
674 1929 835 1956 ἀντιπάλου.

48 1976 98 2003 Τοῦ
112 1977 166 2011 γὰρ
179 1974 373 2002 Κωνσταντίου
388 1975 417 2000 ἐν
434 1973 518 2009 Συρίᾳ
530 1974 580 2009 τὴν
595 1975 732 2009 Περσικὴν
747 1975 836 2009 ὁρμὴν

47 2024 270 2053 ἁναστὲλλοιτος,
286 2021 385 2055 ἐκείνῳ
397 2020 454 2046 δεῖν
471 2020 557 2046 ἐδόκει
575 2021 608 2047 τὰ
625 2021 690 2055 περὶ
701 2021 764 2052 τοὺς
788 2021 839 2046 Ἱλ-

47 2069 154 2104 λυριοὺς
170 2069 239 2095 εἴσω
255 2067 351 2094 θέσθαι
366 2066 477 2102 χειρῶν,
494 2067 540 2092 καὶ
565 2067 659 2101 μάλης
681 2067 748 2094 ἄνευ
766 2075 837 2102 κρα-

47 2118 111 2144 τεῖν.
126 2117 180 2143 Καὶ
196 2115 229 2150 δὴ
256 2113 436 2149 σκηψάμενος
465 2115 532 2147 πρὸς
552 2115 741 2141 Κωνστάντιον
758 2114 839 2140 ἐλαύ-

48 2172 112 2196 νειν,
137 2164 185 2190 ἐπὶ
215 2162 383 2197 παραιτήσει
401 2160 484 2194 δῆθεν
501 2159 548 2186 τοῦ
575 2159 613 2195 μὴ
639 2160 712 2187 ἑκὼν
738 2162 772 2187 τὰ
787 2162 836 2196 τῆς

49 2209 188 2244 βασιλείας
219 2208 346 2243 σύμδολα
375 2206 516 2239 δέξασθαι,
541 2207 585 2242 ᾔει
602 2206 649 2233 τοῦ
677 2208 771 2242 πρόσω
793 2208 837 2233 διὰ
853 2197 874 2225 ο

49 2257 158 2291 Θρᾴκης
171 2254 288 2290 χωρῶν·
306 2253 426 2287 ὁπηνίκα
438 2253 466 2278 δὲ
482 2252 536 2278 τῶν
551 2252 615 2287 τῇδε
639 2251 711 2287 ὅρων
731 2253 818 2287 ἐπέϐη
830 2260 836 2266 ·

50 2303 116 2335 μετὰ
133 2300 243 2336 τρύγην
270 2299 294 2325 δ’
321 2298 367 2325 οὖν
392 2299 440 2324 καὶ
454 2299 470 2333 ἠ
495 2298 596 2329 Πλειὰς
611 2297 729 2324 δύνουσα
743 2296 776 2334 ἦν
787 2307 793 2314 ι
810 2298 839 2324 al.

51 2349 98 2382 μὲν
109 2348 231 2381 ἄμπελοι
259 2346 391 2380 δμφακας
408 2344 561 2379 ὲπεγέννων
572 2352 579 2359 ·
599 2345 645 2371 καί
669 2353 731 2371 τινα
743 2345 839 2378 δρόσον

49 2395 76 2427 ἐξ
90 2395 171 2429 ἀέρος
189 2392 392 2427 καταχυθεῖσαν
407 2391 486 2425 λόγος
500 2390 575 2425 αὐτῷ
592 2399 620 2417 τε
635 2391 683 2417 καὶ
699 2392 753 2422 τοῖς
772 2391 836 2417 ἑπο-

51 2442 152 2474 μένοις,
169 2438 292 2473 σταυροῦ
317 2438 410 2472 σχῆμα
440 2437 562 2472 ἑκάστην
579 2437 698 2471 σταγόνα
713 2439 768 2469 τοῖς
791 2436 840 2464 πέ-

51 2487 127 2517 πλοις
158 2485 253 2513 αὐτῶν
274 2484 419 2511 ὲντυποῦν.
440 2484 533 2510 ’Δὶ-λοι
563 2485 613 2519 μὲν
628 2482 675 2510 οὖν
700 2484 768 2512 ἄλλα
782 2486 838 2515 τοῖς

49 2532 181 2562 τοιούτοις
209 2531 304 2564 ἔλεγον
318 2529 375 2555 τῶν
404 2538 436 2556 συ
442 2529 550 2564 μὸὀλων
562 2538 570 2544 ·
585 2529 615 2556 τό
629 2538 661 2563 γε
683 2530 736 2564 μὴν
749 2530 839 2565 ἄωρον

50 2578 96 2604 καὶ
109 2576 297 2611 ὀλιγοχρόνιον
308 2575 356 2610 τῆς
369 2575 456 2610 ἀρχῆς
467 2575 512 2601 διὰ
526 2575 580 2601 τῶν
590 2576 724 2610 ὀμφᾱκων
737 2575 840 2610 ὑπεση-

51 2625 172 2659 μαίνετο,
195 2623 225 2649 '0
237 2623 266 2648 δὲ
286 2622 403 2657 σταυρὸς
428 2621 466 2653 ὡς
486 2622 542 2648 τῶν
560 2622 735 2657 Χριστιανῶν
750 2622 839 2657 δόγμα

83 2692 121 2726 (Ι)
139 2691 268 2719 Julianus
283 2690 378 2726 hostes
401 2688 548 2726 exHGalilia
567 2689 638 2716 ultra
653 2689 780 2726 llbeuum
798 2691 839 2718 fu-

49 2724 130 2760 gavit.
159 2727 199 2754 Ad
228 2725 357 2753 undecim
391 2725 476 2751 millia
501 2725 580 2752 Rom.
612 2724 659 2758 qui
682 2725 746 2759 jure
773 2725 838 2753 belli

50 2759 120 2797 capti
146 2761 320 2797 serviebant,
346 2760 381 2787 ab
408 2759 538 2797 Almanis
558 2760 672 2797 recepit,
687 2760 838 2797 Agrippina

49 2794 192 2833 occupata.
225 2796 304 2833 ldeqi
342 2802 403 2833 cum
433 2794 555 2833 Almanis
590 2795 694 2822 eisdem
715 2794 836 2833 ’bellmn

49 2829 142 2866 ετςθῖι,
158 2837 185 2860 et
207 2840 257 2866 πτει-
283 2829 487 2858 Hariobaudem
507 2829 648 2858 tribunum
665 2834 754 2859 castra
770 2831 839 2859 llcr-

890 1573 1033 1592 manorum
1048 1564 1183 1593 ditionem
1201 1565 1328 1593 adduxit.
1347 1565 1553 1593 Multitudinem
1565 1573 1676 1600 quoque

888 1615 946 1636 arte
965 1610 1194 1642 circumventam,
1210 1615 1238 1637 et
1252 1610 1286 1637 ab
1300 1610 1346 1637 illo
1360 1611 1518 1641 alienatam,
1537 1610 1564 1636 in
1583 1614 1678 1644 partes

888 1663 951 1683 suas
961 1656 1102 1690 pertraxit.
1115 1656 1154 1683 Ac
1162 1656 1312 1691 derepente
1324 1656 1492 1683 simulationi
1503 1663 1613 1691 quoque
1626 1655 1677 1687 illi,

888 1708 941 1735 qua
966 1700 1153 1728 Christianum
1168 1709 1196 1729 se
1211 1709 1273 1729 esse
1302 1701 1390 1734 tinxit,
1417 1701 1515 1729 nuntio
1544 1700 1673 1734 remisso,

888 1746 1042 1773 dauuonum
1056 1748 1154 1781 templa
1180 1747 1365 1781 frequentavit
1380 1757 1387 1774 :
1407 1752 1434 1774 et
1456 1747 1627 1779 sacriﬁcans,
1641 1746 1678 1773 si-

888 1793 1072 1828 mulaerisque
1083 1801 1143 1820 sese
1156 1793 1271 1825 dedens,
1281 1793 1442 1820 Pontiﬁcem
1457 1793 1577 1827 seipsum
1593 1800 1676 1820 voca~

889 1839 936 1870 vit,
955 1839 1037 1866 festos
1057 1839 1215 1866 Graecorum
1240 1839 1300 1867 dies
1324 1847 1456 1874 peragere
1483 1839 1620 1872 permisit,
1648 1843 1677 1864 ct

888 1886 935 1921 qui
952 1885 1003 1912 sub
1019 1889 1153 1919 potestate
1167 1885 1226 1919 ejus
1238 1890 1314 1912 erant
1331 1885 1406 1912 cives
1426 1884 1459 1910 ad
1475 1884 1605 1911 eumdem
1618 1883 1678 1910 cul-

890 1933 947 1956 tum
964 1929 1140 1956 suasionibus
1156 1930 1311 1964 perducere
1341 1929 1470 1957 intendit.
1491 1929 1524 1955 Et
1554 1928 1678 1963 profecto

888 1976 969 2003 civile
984 1976 1030 2003 ille
1044 1977 1212 2004 concitasset
1228 1975 1342 2007 bellum,
1366 1981 1393 2002 et
1407 1979 1540 2009 quantum
1572 1974 1599 2001 in
1616 1973 1676 2007 ipso

889 2022 971 2050 situm
985 2028 1054 2054 erat,
1071 2023 1205 2057 sanguine
1220 2023 1293 2055 fuso,
1316 2021 1350 2048 de
1365 2021 1529 2049 exuberanti
1558 2021 1679 2055 philoso-

890 2068 954 2104 phia
967 2069 1026 2103 ejus
1039 2068 1177 2104 judicium
1195 2068 1296 2096 factum
1321 2068 1428 2100 luisset,
1445 2068 1497 2095 nisi
1530 2067 1615 2100 Deus,
1630 2068 1676 2102 qui

889 2117 993 2148 omnia,
1012 2117 1103 2151 ignota
1114 2120 1141 2143 et
1155 2115 1262 2143 occulta
1279 2115 1396 2147 ratione,
1414 2115 1440 2141 in
1459 2115 1559 2141 melius
1571 2114 1677 2149 dirigit,

889 2163 1006 2190 alterum
1021 2162 1055 2189 ad
1068 2170 1097 2189 se
1114 2169 1178 2189 cum
1198 2162 1273 2188 nullo
1303 2160 1456 2188 adversarii
1479 2161 1568 2196 ipsius
1591 2159 1677 2186 detri-

890 2214 982 2235 mento
999 2207 1192 2235 transtulisset.
1218 2208 1288 2236 Cum
1309 2207 1382 2235 enini
1394 2207 1574 2234 Constantius
1584 2206 1611 2232 in
1627 2205 1679 2241 Sy~

891 2254 930 2281 ria
946 2254 1122 2281 excursiones
1149 2258 1231 2288 atque
1255 2253 1445 2288 expeditiones
1461 2252 1584 2279 Persicas
1605 2259 1679 2278 cum-

889 2303 1023 2334 pescerct,
1049 2300 1087 2326 illi
1113 2299 1220 2326 interea
1253 2299 1342 2326 visum
1371 2303 1423 2330 est,
1444 2297 1591 2332 Illyricum,
1619 2296 1678 2322 sine

890 2345 984 2380 praelia
1001 2345 1115 2380 imperio
1141 2352 1191 2372 suo
1208 2344 1356 2379 subjicere.
1376 2343 1425 2377 ιι
1448 2343 1535 2376 Atque
1558 2341 1678 2368 assimu-

890 2391 950 2418 lans
964 2399 992 2418 se
1004 2391 1036 2418 ad
1045 2390 1237 2417 Constantium
1251 2386 1375 2420 tendere,
1389 2388 1473 2416 veluti
1483 2387 1602 2422 culpam,
1616 2394 1675 2420 pe:-

891 2437 955 2464 iude
982 2443 1064 2472 atque
1091 2438 1197 2464 invitus
1224 2436 1333 2470 imperii
1363 2434 1480 2466 insignia
1514 2433 1675 2467 recepisset,

890 2483 1099 2519 deprecaturus,
1120 2484 1236 2510 ulterius
1258 2482 1321 2510 inde
1340 2481 1482 2508 Thraciam
1501 2486 1597 2506 versus
1615 2486 1675 2513 pro-

890 2531 972 2558 cessit
984 2538 991 2556 :
1001 2533 1029 2557 et
1043 2530 1087 2557 ubi
1103 2530 1129 2555 in
1142 2530 1201 2564 ejus
1215 2528 1336 2561 regionis
1345 2531 1452 2554 montes
1467 2524 1601 2561 pervenit,
1614 2532 1676 2551 cum

891 2580 952 2611 post
975 2575 1142 2602 vindemiam
1176 2574 1302 2608 Vergiliae
1337 2572 1374 2607 (2)
1403 2571 1570 2601 occiderent,
1606 2569 1677 2596 vites

890 2621 1005 2656 gemmis
1017 2627 1045 2648 et
1061 2620 1122 2647 uvis
1142 2619 1301 2646 reCentibus
1320 2618 1522 2654 germinaruut,
1542 2621 1571 2644 et
1584 2623 1629 2643 ros
1644 2624 1677 2643 ex

890 2690 977 2722 culis,
1010 2688 1265 2722 Quadriburgium,
1297 2686 1500 2722 Stricensium,
1528 2685 1678 2722 Nivesium,

891 2719 1004 2756 Bonam,
1021 2719 1206 2752 lntcuacui‘n,
1231 2726 1259 2748 et
1279 2721 1415 2755 Bingium,
1443 2721 1570 2748 civitates
1592 2719 1677 2753 cepit.

892 2755 1033 2786 Sarmatas
1052 2759 1117 2786 item
1138 2763 1165 2784 et
1180 2757 1288 2790 Qua-los
1301 2756 1376 2783 vicit.
1390 2755 1482 2788 0ros.,
1503 2755 1640 2782 Ammian.

925 2795 964 2829 (εἰ.)
981 2793 1114 2822 Pleiades.
1131 2791 1240 2820 Suzom.
1261 2791 1309 2820 lib.
1325 2799 1352 2825 ν,
1366 2797 1425 2826 cap.
1442 2791 1465 2817 ι.
