1901 3047
188 127 240 156 ΔΗ

807 126 1017 159 NICEPHORI
1038 126 1208 157 CALLISTI

1767 121 1818 152 ιιε

190 193 260 221 quas
279 190 370 212 autem
389 185 417 212 in
441 184 544 213 Christi
571 185 703 221 religione
726 185 901 213 ardentiores
918 191 978 212 esse

1047 183 1088 210 ῦτ’
1102 182 1247 218 ἐπιδημεῖν
1271 181 1368 213 αὐταῖς
1393 180 1501 216 ἤθελεν.
1519 179 1575 206 Καὶ
1592 176 1739 213 πρεσϐείας
1754 177 1819 203 πο).-

192 234 289 264 sciret,
311 231 429 258 infestus
451 231 493 259 eis
513 231 583 264 fuit,
609 239 699 266 neque
715 231 749 259 ad
774 239 821 258 eas
836 231 978 258 divertere

193 278 290 305 voluit.
309 277 342 304 Et
357 284 477 311 persaepe
492 284 556 304 cum
573 277 725 311 legationes
741 277 775 304 ad
790 285 853 305 enm
868 283 979 312 propter

195 331 289 349 casum
307 323 425 357 aliquem
443 322 491 357 qui
510 322 668 354 incidisset,
684 323 869 357 provinciales
887 323 979 350 mitte-

195 373 274 398 rent.
301 376 398 402 preces
422 376 519 396 eorum
543 369 650 403 rejecit.
677 369 755 402 Quod
782 375 847 396 sane
873 368 979 396 civitati

196 414 334 442 Nisibena:
359 414 472 442 accidit.
500 414 553 450 14
579 415 648 442 Cum
676 415 751 443 enim
778 415 979 450 expeditionem

197 460 330 487 adversus
352 467 402 487 eos
425 461 515 488 Persa:
540 466 738 496 susceperunt,
764 465 792 489 et
817 461 869 496 ipsi
892 469 923 488 ea
946 461 981 489 de

198 512 280 532 causa
297 510 424 534 oratores
438 514 507 535 suos
523 506 556 535 ad
572 515 636 534 eutn
655 507 807 540 miserunt,
830 515 883 535 non
900 507 981 535 modo

198 551 331 577 auxilium
351 552 393 578 eis
412 551 484 580 l'erre
505 553 605 584 noluit,
626 553 675 580 sed
691 553 775 580 etiam
793 553 912 580 minatus
927 558 980 584 est,

199 603 228 621 se
243 596 339 623 urbem
354 603 415 624 eam
430 598 518 625 oculis
534 599 592 625 suis
612 605 666 625 non
682 598 806 625 visurum
818 618 826 632 ,
844 606 932 633 neque
948 606 982 626 eo

200 646 359 673 venturum,
390 646 419 669 ut
449 649 510 676 quae
537 650 616 670 sacra
644 648 672 670 et
698 643 860 671 detestanda
886 648 981 677 esset,

201 692 291 723 neque
312 687 411 722 templa
429 687 545 716 deorum
561 689 687 723 aperire,
704 694 751 716 aut
766 689 924 717 Graecorum
941 698 983 717 re-

200 730 331 760 ligionem
359 734 502 768 suscipere
526 735 622 762 vellet.
648 735 682 762 Et
706 735 931 763 Constantienses
955 736 983 763 in

200 775 343 804 Palaestina
354 779 451 805 eodem
467 780 578 807 nomine
591 788 719 816 arguens,
732 782 873 808 civitatem
887 790 983 809 eorum

201 821 304 849 Cazmis
337 824 453 858 subjecit
477 834 483 851 :
511 825 700 854 Constantiam
734 834 871 862 namque,
903 828 984 855 sicuti

202 876 284 902 supra
309 869 444 902 diximus.
467 878 530 898 cum
556 870 715 899 Gazatorum
732 874 830 900 navale
853 877 938 904 esset,
959 878 987 901 et

203 911 321 946 llajuma
335 918 491 946 vocaretur,
502 914 710 949 Constantinus,
722 922 834 951 propter
847 918 986 953 egregium

203 959 264 993 ejus
291 960 318 986 in
345 960 398 987 iidc
422 961 580 989 Christiana
607 962 751 996 ardorem,
777 964 839 999 jure
866 964 988 992 civitatis

205 1006 403 1038 exet-noverat,
428 1011 456 1034 et
474 1007 529 1033 lilio
543 1007 709 1035 Constantio
726 1009 863 1042 dicatam,
882 1010 989 1045 legibus

205 1050 263 1076 suis
284 1050 322 1077 uti
339 1058 387 1086 per
411 1053 636 1081 constitutionem
655 1055 796 1090 jnsserat:
815 1056 906 1083 ntinus
922 1064 989 1083 con-

206 1093 301 1120 venire
318 1095 478 1128 arbitratus,
492 1102 521 1124 ut
535 1105 567 1124 ea
582 1097 672 1129 (iane,
688 1099 793 1125 civitati
809 1098 911 1126 Graecis
927 1099 988 1126 riti-

206 1139 259 1166 bus
286 1140 434 1168 admodum
460 1143 596 1174 addicta.
622 1144 743 1179 subjecta
772 1149 856 1172 esset.
883 1146 916 1171 At
941 1145 988 1172 ubi

205 1185 333 1214 Julianus
348 1188 491 1223 imperium
507 1194 550 1216 est
564 1195 740 1223 consecutus,
755 1189 842 1218 (ἰδιωί
856 1191 989 1218 adversus

206 1232 432 1262 Constantienses
451 1235 512 1268 jure
528 1240 653 1270 egerunt.
671 1236 794 1268 Quorum
820 1236 878 1270 ipse
892 1237 988 1271 jndex,

208 1278 290 1305 siculi
302 1284 381 1306 antea
394 1280 494 1312 fuerat,
511 1281 548 1307 ita
559 1281 748 1308 Constantiam
760 1281 816 1316 juri
830 1281 988 1309 Gazaaorum

207 1323 242 1350 ad
258 1324 351 1358 viginti
370 1325 458 1352 stadia
481 1325 515 1352 ab
541 1326 607 1360 ipsis
622 1326 791 1358 distantem,
808 1325 989 1360 adjudicavit.

207 1371 359 1398 Constantii
386 1379 495 1406 quoque
520 1373 732 1405 appellationem
761 1372 785 1399 ei
814 1372 936 1403 ademit,
963 1377 991 1399 ct

208 1422 318 1449 portum
337 1417 415 1445 Gazae
432 1418 548 1444 vetavit.
568 1419 599 1444 lit
616 1426 701 1445 unum
718 1423 833 1452 utraque
848 1419 907 1446 loca
924 1426 992 1453 pra:-

207 1462 322 1495 fcctum,
344 1464 511 1498 eosdemque
524 1464 701 1498 magistratus
715 1464 848 1492 habuere.
865 1464 992 1492 Ecclesia:

209 1509 273 1535 sola:
288 1508 356 1535 duas
371 1516 432 1536 esse
450 1509 577 1537 civitates
593 1511 738 1538 ostendere
752 1519 759 1538 :
785 1516 901 1545 utraque
917 1511 990 1537 enim

210 1553 262 1580 sub
277 1561 326 1581 sun
342 1554 410 1582 vixit
426 1555 556 1589 episcopo
573 1559 600 1582 et
614 1555 703 1588 clero,
721 1559 749 1583 et
765 1556 831 1583 ﬁnes
848 1557 989 1584 ambarum

210 1600 311 1634 templa
327 1600 460 1635 cujusque
474 1600 663 1635 designarunt.
677 1601 813 1628 Ca-terunt
829 1601 990 1631 Gazaeorum

211 1646 322 1679 quidam
336 1646 484 1680 episcopus
497 1651 604 1680 postea,
617 1655 678 1674 cum
697 1655 763 1674 sutts
777 1647 848 1682 apud
867 1648 992 1682 Majumi-

213 1698 254 1718 las
276 1692 391 1718 antistes
411 1692 575 1719 decessisset
588 1711 595 1724 ,
619 1693 670 1720 ltoe
695 1693 760 1728 egit,
777 1697 806 1720 ut
825 1699 947 1728 ult-(eque
965 1694 992 1721 in

213 1743 293 1762 unam
317 1737 459 1763 ecclesiam
485 1737 693 1772 redigerentur:
717 1746 770 1765 non
795 1746 903 1773 atquum
931 1747 992 1766 esse

213 1782 319 1814 dicens,
347 1787 375 1809 ut
401 1783 456 1809 duo
476 1787 569 1810 essent
593 1784 619 1810 in
646 1792 699 1811 una
723 1785 834 1812 civitate
857 1785 991 1820 episcopi.

212 1828 262 1855 Cui
279 1836 341 1855 cutn
365 1829 509 1864 Majumitte
535 1830 713 1862 resisterent,
739 1831 861 1867 synodus
883 1831 994 1865 provin-

212 1874 290 1901 cialis
314 1879 386 1902 recte
409 1883 465 1902 rem
492 1876 611 1908 decidit,
636 1882 664 1904 et
688 1884 768 1904 suum
795 1877 919 1912 lilajumae
935 1877 994 1912 epi-

212 1929 325 1956 scopum
353 1922 510 1949 ordinavit:
539 1923 689 1951 convenire
716 1924 867 1956 arbitrata,
895 1928 924 1950 ut
949 1923 995 1958 qui

213 1968 297 1994 semel
313 1975 327 1994 a
344 1967 388 2002 pio
401 1967 577 2002 imperatore,
594 1973 705 2003 propter
721 1977 810 1996 veram
825 1969 995 2004 religionem,

214 2013 346 2047 primario
360 2013 480 2040 civitatis
491 2013 552 2048 jure
574 2013 701 2041 honorati
717 2019 827 2045 essent,
851 2021 905 2040 non
921 2013 995 2040 aliud

214 2067 261 2092 per
278 2058 353 2092 impii
370 2059 503 2093 principis
523 2060 658 2094 judiciu-m
675 2065 862 2094 sequerentur
880 2064 908 2086 et
923 2059 996 2086 face—

215 2108 285 2130 rcnt.
304 2104 421 2132 Proinde
445 2105 497 2132 illa:
521 2106 618 2132 merito
641 2106 762 2137 honore,
787 2106 834 2140 qui
852 2105 935 2132 semel
955 2105 997 2132 eis

1032 229 1112 261 λάκις
1136 228 1191 255 τῶν
1217 226 1375 263 ἐπιχωρίων
1401 226 1550 253 ποιούντων
1575 224 1669 251 δεινῶν
1697 231 1819 258 προσπι-

1033 275 1166 307 πτόντων,
1176 274 1221 301 τὸν
1237 266 1339 301 ἱκέσιον
1352 272 1482 308 ἀπηξίου.
1494 268 1543 298 Οἷα
1557 271 1589 306 δὴ
1600 270 1646 296 καὶ
1660 269 1820 303 Νισιϐηνοῖς

1032 321 1179 354 ἐπεγένετο
1190 329 1197 335 ·
1216 319 1396 354 ἠγγελμένων
1419 318 1474 353 γὰρ
1490 316 1698 351 ἐπιστρατεύειν
1713 316 1821 345 τούτοις

1034 368 1148 404 Περσῶν
1180 367 1330 403 πρεσϐείαν
1364 366 1498 397 στείλασι,
1530 364 1623 396 μέντοι
1649 372 1682 397 γε
1711 362 1822 398 βοηθεῖν

1033 414 1141 448 ἕτοιμος
1159 412 1211 448 ἦν.
1244 412 1302 439 ἀλλ’
1319 411 1428 447 ἠπείλει
1461 409 1524 446 μηδ’
1551 409 1630 444 ὄψεσι
1659 409 1708 444 τὴν
1740 408 1821 433 πόλιν

1035 460 1110 492 ἰδεῖν,
1126 459 1189 495 μηδ’
1205 460 1234 485 ἐν
1252 459 1321 493 αὐτῇ
1336 457 1466 492 φοιτῆσαί
1485 465 1561 486 ποτε.
1580 453 1626 482 οἵα
1639 455 1670 489 δὴ
1689 453 1775 488 ἐναγῆ
1790 462 1823 479 τε

1034 505 1128 538 οὖσαν,
1141 505 1178 536 ὡς
1196 505 1234 540 μὴ
1250 504 1285 531 τὰ
1300 503 1354 531 τῶν
1373 503 1442 530 θεῶν
1459 501 1519 536 ιερὰ
1541 501 1700 535 ἀνοίγουσι,
1717 499 1765 526 καὶ
1788 499 1823 524 τὰ

1034 551 1217 586 νενομισμένα
1245 549 1377 584 Ἕλλησιν
1407 547 1582 583 αἱρουμένοις
1626 546 1725 573 ποιεῖν.
1766 544 1825 570 Καὶ

1035 595 1259 624 Κωνσταντιεῦαι
1283 595 1312 621 δέ
1337 595 1393 626 τοῖς
1407 594 1435 619 ἐν
1451 591 1621 627 Παλαιστίνῃ
1636 591 1671 617 τὰ
1687 591 1733 618 ῐςα
1751 598 1825 624 μεμ-

1037 642 1167 677 φόμενος,
1183 641 1236 667 ὑπὸ
1258 640 1349 672 Γάζαν
1373 638 1422 673 τὴν
1447 637 1538 664 αὐτῶν
1556 636 1705 671 πεποίηται
1732 635 1824 662 πόλιν.

1038 688 1095 722 Τὴν
1109 686 1164 721 γὰρ
1188 685 1338 720 εἰρημένην
1354 683 1560 714 Κωνσταντίαν,
1586 681 1623 713 ὡς
1650 681 1748 716 μικρὸν
1776 681 1827 715 ἔμ-

1037 734 1156 768 προσθεν
1181 731 1302 767 εἴρηται,
1321 730 1449 762 Γαζαίων
1473 726 1557 755 οὖσαν
1575 727 1706 758 ἐπίνειον,
1721 727 1828 753 Μαιον-

1039 781 1093 815 μᾶς
1116 778 1141 805 δ’
1161 778 1285 805 ἐκαλεῖτο
1311 777 1469 812 πρέτερον,
1498 774 1593 810 μαθὼν
1619 774 1828 804 Κωνσταντῖνος

1041 826 1158 860 μάλιστα
1172 825 1219 851 τὸν
1241 822 1461 859 Χριστιανισμδν
1485 820 1664 856 αἱρουμένην,
1683 819 1754 854 γέρα
1780 819 1829 845 πόα

1000 858 1025 888 Β
1037 858 1106 903 λεως
1129 858 1293 906 ἐχαρίζετο,
1315 868 1378 896 καθ’
1390 867 1490 902 ἑαυτήν
1506 875 1535 893 τε
1558 864 1627 892 εἶναι
1648 864 1808 899 ἐνομοθέτει
1821 886 1828 896 ,

1039 917 1221 952 Κωνσταντίῳ
1236 917 1275 952 τῷ
1294 916 1373 943 παιδὶ
1389 915 1556 949 ἀναθέμενος
1570 922 1578 930 ·
1597 914 1635 948 μὴ
1651 914 1735 939 καλὸν
1757 913 1831 947 ἡγη-

1039 964 1155 998 σάμενος
1172 962 1224 989 ὐπὺ
1239 961 1330 993 Γάζαν
1358 958 1432 986 εἶναι
1459 960 1536 985 πόλιν
1557 958 1653 989 δεινῶς
1671 957 1832 991 ἑλληνίζου-

1040 1019 1101 1036 σαν.
1127 1009 1172 1040 Ὠς
1199 1009 1228 1035 δὲ
1255 1006 1401 1037 Ἰουλιανὸς
1419 1005 1469 1040 τὴν
1494 1004 1633 1040 βασιλείαν
1659 1003 1704 1038 ὑφ’
1728 1002 1830 1029 ἐαυτὸν

1039 1057 1169 1085 ἐποιεῖτο,
1187 1053 1299 1086 Γαζαῖοι
1328 1051 1548 1079 Κωνσταντιεῦσι
1570 1049 1754 1081 διεδικάζοντο
1765 1058 1772 1064 ·
1787 1047 1827 1075 ὧν

1038 1101 1170 1136 δικαστὴς
1187 1101 1291 1131 ἐκεῖνος
1305 1098 1465 1133 γενόμενος,
1480 1099 1520 1129 εἰς
1537 1098 1567 1124 τὸ
1581 1099 1727 1132 πρότερον,
1743 1096 1831 1122 πάλιν

1040 1148 1092 1173 ὐπῖι
1109 1146 1199 1176 Γάζαν
1213 1146 1323 1180 ἐκείνην
1343 1144 1443 1177 ἐποίει,
1462 1143 1587 1174 σταδίους
1607 1142 1691 1177 αὐτῆς
1717 1142 1832 1176 διεστη-

1040 1195 1119 1220 κυίαν
1149 1193 1222 1226 ἀμφὶ
1246 1192 1310 1223 τοὺς
1339 1191 1455 1218 εἴκοσιν.
1479 1190 1586 1224 ’Δφεῖλέ
1616 1197 1646 1215 τε
1665 1189 1713 1216 καὶ
1729 1188 1760 1215 τὸ
1779 1188 1833 1222 ’τῆς

1041 1238 1232 1265 Κωνσιαντίου
1251 1237 1442 1271 προσηγορίας
1473 1236 1559 1270 ὄνομα
1573 1256 1579 1266 ,
1597 1234 1645 1261 καὶ
1661 1233 1761 1268 λιμένα
1779 1234 1834 1268 τῆς

1040 1285 1129 1318 Γάζης
1152 1284 1288 1318 ὠνόμαζε.
1310 1283 1366 1309 Καὶ
1386 1282 1473 1309 κοινοὶ
1492 1283 1585 1312 αὐτοῖς
1606 1282 1653 1308 καὶ
1673 1281 1834 1315 στρατηγὸς

1042 1333 1087 1357 καὶ
1103 1330 1128 1356 οἳ
1147 1331 1181 1356 τὰ
1209 1330 1330 1365 δημόσια
1357 1329 1484 1359 διώκουν,
1513 1326 1585 1363 ἦσαν
1610 1327 1714 1359 αὐτοῖς’
1738 1327 1775 1353 τά
1799 1336 1833 1360 γε

1043 1377 1097 1412 μὴν
1115 1377 1164 1410 τῆς
1181 1376 1345 1409 Ἑκκλησίας
1363 1376 1432 1410 μόνα
1449 1375 1495 1402 δύο
1516 1374 1609 1405 πόλεις
1630 1372 1702 1400 εἶναι
1723 1381 1835 1408 τεκμη-

1043 1421 1106 1456 ριοῖ.
1125 1420 1180 1447 Καὶ
1202 1421 1258 1453 γὰρ
1275 1419 1397 1454 ἑκατέρα
1421 1419 1497 1449 πόλις
1516 1419 1567 1445 ὑπὸ
1588 1419 1653 1445 ίδιον
1678 1419 1835 1444 ἐπίσκοπον

1042 1465 1114 1491 τελεί
1131 1465 1179 1491 καὶ
1205 1464 1318 1499 κλῆρον·
1345 1465 1392 1490 καὶ
1418 1464 1482 1499 ὅρια
1510 1463 1614 1498 ἑκάστῃ
1639 1463 1714 1488 ἐστὶν
1731 1460 1773 1493 οἷς
1801 1464 1836 1488 τὰ

1043 1512 1146 1546 ἀμφοῖν
1162 1511 1345 1545 θυσιαστήρια
1362 1510 1514 1544 διορίζεται
1527 1517 1534 1524 “
1553 1509 1618 1535 ποτέ
1635 1508 1662 1534 δέ
1681 1516 1755 1538 τινος
1775 1507 1835 1534 τῶν

1044 1557 1170 1589 Γαζαίων
1196 1557 1366 1590 ἐπισκόπων,
1395 1556 1446 1590 τῆς
1472 1554 1653 1590 Μαιουμιτῶν
1678 1553 1835 1588 ἐκκλησίας

1043 1602 1172 1633 θανόντος
1187 1600 1235 1627 τοῦ
1249 1600 1414 1630 ἐπισκόπου,
1434 1598 1518 1634 ἄμφω
1532 1598 1582 1630 τὰς
1598 1597 1748 1631 ἐκκλησίας
1766 1597 1836 1632 μίαν

1044 1648 1159 1682 ποιῆσαι
1180 1647 1224 1673 διὰ
1250 1646 1369 1680 σπονδῆς
1388 1643 1454 1680 εἷχε’
1471 1644 1537 1680 μηδέ
1563 1645 1616 1679 γὰρ
1632 1642 1703 1670 εἶναι
1726 1643 1835 1670 δίκαιον

1043 1693 1136 1725 ἔλεγεν
1161 1693 1189 1718 ἐν
1215 1693 1263 1727 μιᾷ
1285 1691 1360 1718 πόλει
1378 1691 1425 1717 δύο
1447 1690 1615 1720 ἐπισκόπους
1637 1688 1834 1716 καθίστασθαι.

1045 1738 1231 1773 Μαιουμητῶν
1259 1737 1281 1764 δ’
1306 1736 1499 1772 ἐνισταμένων,
1515 1736 1545 1761 τὸ
1561 1735 1621 1762 δέον
1640 1734 1744 1769 τοπικὴ
1769 1735 1835 1760 σύν-

1046 1786 1103 1816 οδος
1128 1783 1274 1818 διηυθέτει.
1297 1783 1352 1812 Καὶ
1369 1782 1462 1817 ἕτερον
1485 1781 1527 1816 τῷ
1545 1780 1676 1815 Μαιουμᾷ
1691 1781 1835 1816 ἐχειροτό-

1047 1839 1087 1857 νει
1105 1831 1274 1862 ὲπίσκοπον,
1304 1829 1446 1864 προσῆκον
1464 1826 1535 1854 εἶναι
1560 1828 1743 1861 διεγνωκυῖα,
1770 1827 1837 1858 τοὺς

1047 1877 1177 1909 καθάπαξ
1205 1876 1257 1903 ὑπὸ
1283 1875 1393 1902 εὐσεϐεῖ
1416 1874 1521 1910 βασιλεῖ
1535 1873 1580 1900 διὰ
1595 1873 1644 1908 τὴν
1660 1873 1749 1908 ἁληυῆ
1767 1873 1835 1908 θρη-

1045 1924 1141 1949 σκείαν
1170 1921 1319 1957 πρεσὸείου
1352 1921 1457 1951 πόλεως
1484 1919 1651 1955 τιμηθέντας
1680 1918 1718 1953 μὴ
1745 1919 1835 1950 ἄλλως

1044 1969 1176 2003 πράττειν
1200 1967 1338 2002 αἱρεῖσθαι
1364 1966 1408 1993 διὰ
1437 1966 1529 2001 κρίσιν
1552 1965 1667 1995 ὰσεὸοὓς
1686 1964 1834 1999 βασιλέως·

1044 2015 1143 2050 χρῆναι
1169 2014 1191 2040 δ’
1209 2015 1257 2049 ὲᾷν
1273 2014 1344 2040 κατὰ
1363 2013 1466 2047 χώραν,
1483 2013 1538 2038 τῶν
1555 2011 1684 2044 καθάπαξ
1698 2012 1836 2038 δοθέντων

1043 2060 1179 2095 ἐκκλησίᾳ
1204 2059 1314 2089 δικαίως
1333 2059 1480 2085 ἀτολαύειν
1496 2058 1598 2094 γερῶν.
1616 2057 1703 2084 Τοῦτο
1720 2058 1773 2092 μὲν
1789 2057 1836 2083 οὖν

1043 2105 1126 2141 ὀλίγῳ
1142 2106 1249 2140 ἐγένετο
1263 2104 1387 2138 ὕστερον.

215 2152 296 2179 datus
320 2157 408 2184 esset,
433 2153 557 2181 ecclesia:
579 2153 759 2186 fruerentur,
781 2157 809 2181 et
829 2161 872 2181 res
894 2161 925 2181 ea
945 2154 1006 2181 loco
1027 2161 1077 2181 suo
1111 2154 1225 2180 immota
1249 2158 1381 2180 maneret.
1407 2154 1495 2188 Atque
1520 2152 1571 2179 ltoc
1593 2152 1703 2187 quidem
1721 2153 1763 2179 sie
1783 2159 1835 2178 non

214 2199 293 2235 longe
311 2205 372 2234 post
387 2205 429 2227 est
443 2205 545 2229 actum.

251 2247 352 2274 Eodem
381 2255 453 2275 anno
482 2248 673 2283 Cappadocum
701 2256 812 2283 quoque
842 2248 989 2277 Cmsaream

1084 2245 1138 2273 Τοῦ
1163 2245 1186 2272 δ’
1199 2245 1282 2271 αὑτοῦ
1297 2245 1374 2275 ἔτους
1391 2244 1437 2270 καὶ
1461 2244 1509 2279 τὴν
1522 2244 1714 2271 Καππαδοκῶν
1729 2245 1835 2271 Καισά-

215 2294 310 2320 urbem
336 2301 459 2328 magnam
477 2298 504 2321 et
528 2293 700 2326 locupletem,
721 2293 847 2322 Julianus
862 2303 877 2323 e
899 2295 996 2322 civita-

216 2345 271 2366 tum
283 2339 345 2366 albo
356 2340 497 2375 expunxit,
511 2345 538 2365 et
548 2339 661 2366 C:es:tris
670 2340 694 2367 ei
706 2348 857 2375 cognomen
870 2341 994 2368 abstulit.

217 2385 267 2420 15
293 2386 411 2412 Primum
441 2385 514 2412 extitit
549 2385 681 2413 Mazacam
708 2395 767 2414 eam
794 2392 916 2414 vocatam
943 2387 993 2421 (2),

213 2431 344 2459 Claudius
359 2431 449 2458 Caesar
465 2431 648 2465 appellatione
671 2437 771 2459 mutata
784 2452 791 2464 ,
812 2433 924 2459 nomine
942 2440 993 2459 suo

214 2477 414 2504 cohonestavit.
438 2475 551 2503 Summo
568 2482 661 2504 autem
685 2479 827 2505 civitatem
852 2484 913 2503 eatn
932 2477 995 2503 odio

215 2521 433 2555 p'rsequebatur
454 2526 602 2556 tyrannus,
629 2522 703 2556 quod
726 2526 838 2556 propter
861 2522 994 2549 eximium

216 2567 397 2594 in‘Cltristum
418 2575 539 2595 antorem
555 2573 583 2595 et
598 2568 766 2594 desiderium
791 2568 908 2595 maxime
924 2569 995 2595 cclc-

216 2612 272 2639 ltris
288 2617 371 2643 esset,
389 2618 416 2640 et
436 2617 542 2641 vetusta
560 2613 770 2639 simulacrorum
789 2613 902 2640 delubra
917 2621 996 2641 ever-

218 2658 314 2685 I't’sset:
332 2658 405 2687 Iovis
421 2659 529 2687 scilicet
544 2658 699 2694 πολιούχου,
718 2659 770 2687 ltoc
786 2665 838 2693 cst,
858 2660 933 2687 urbis
950 2668 998 2695 pa-

217 2706 300 2735 ινοιιὶ,
325 2709 351 2732 et
374 2705 507 2740 Apollinis
531 2701 671 2740 πατρῴου,
699 2705 724 2733 id
749 2711 802 2737 est,
830 2706 919 2740 patrii.
945 2707 995 2735 Ubi

217 2758 280 2777 vero
297 2757 390 2786 postea
407 2750 531 2778 Fortunae
549 2751 681 2786 templum
699 2757 762 2779 sunt
778 2751 920 2782 demoliti.
938 2752 996 2786 plu-

1049 2301 1125 2327 ρειαν
1156 2291 1279 2326 μεγάλην
1295 2299 1325 2316 τε
1352 2288 1435 2316 οὖσαν
1451 2291 1499 2316 καὶ
1526 2291 1554 2316 ὲν
1573 2283 1716 2324 εὖδαίμοσι
1735 2290 1836 2326 κλῆρον

1048 2338 1197 2372 λαχοῦσα-ι,
1225 2338 1272 2363 τοῦ
1298 2337 1450 2370 καταλόγου
1477 2337 1531 2362 τῶν
1562 2336 1668 2362 πόλεων
1683 2336 1836 2370 διέγραφεν

1055 2384 1211 2414 Ὶουλιανός’
1226 2384 1273 2410 καὶ
1291 2383 1340 2418 τὴν
1357 2383 1516 2416 ἐπωνυμίαν
1541 2383 1674 2417 ἀφῃρεῖτο
1697 2383 1748 2417 τὴν
1766 2383 1836 2408 Καί-

1050 2439 1145 2466 σαρος·
1174 2430 1272 2461 Μάζαν
1299 2430 1352 2464 γὰρ
1369 2429 1404 2455 τὰ
1427 2429 1523 2462 πρῶτα
1553 2428 1835 2463 κατυνομαζομένην,

1049 2477 1185 2507 Κλαύδιος
1212 2477 1321 2510 Καῖσαρ
1340 2475 1378 2509 τῷ
1394 2474 1531 2509 ἐπωνύμῳ
1546 2474 1640 2509 ἐτίμα,
1659 2474 1834 2508 μεταϐαλών.

1053 2522 1219 2558 ’Υπερφυῶς
1241 2522 1296 2557 γὰρ
1315 2522 1406 2556 ἐμίσει
1432 2521 1479 2556 τὴν
1506 2521 1583 2547 πόλιν
1599 2522 1611 2546 ὁ
1633 2521 1781 2555 τύραννος,
1798 2520 1836 2553 τῷ

1048 2571 1112 2603 περὶ
1134 2569 1180 2594 τὸν
1200 2568 1319 2603 Χριστὸν
1336 2567 1411 2602 πιοῳ
1437 2567 1558 2602 μάλιστα
1585 2565 1668 2594 οὖσαν
1689 2567 1814 2601 διαφανῆ
1828 2575 1834 2581 ⁸

1047 2616 1094 2641 καὶ
1117 2615 1215 2649 ὅτιπερ
1240 2615 1303 2646 τοὺς
1337 2614 1421 2640 πάλαι
1447 2614 1574 2640 καθεῖλον
1599 2613 1718 2640 εἰδώλων
1746 2614 1834 2641 ἐκεῖσε

1052 2661 1131 2692 νεώς·
1149 2660 1197 2686 τοῦ
1226 2669 1255 2686 τε
1286 2660 1429 2695 πολιούχου
1445 2660 1517 2693 λέγω
1543 2659 1614 2691 Διὸς,
1640 2660 1687 2685 καὶ
1713 2659 1762 2685 τοῦ
1786 2667 1836 2684 πα-

1050 2705 1138 2740 τρῴου
1161 2705 1341 2737 Ἀπόλλωνος.
1358 2706 1401 2737 Ὧς
1417 2706 1445 2731 δὲ
1467 2706 1513 2732 καὶ
1529 2706 1574 2732 τὸν
1591 2706 1640 2741 τῆς
1655 2704 1750 2740 Τύχης
1767 2705 1834 2730 νεὼν

1050 2752 1228 2779 κατέσπασαν
1245 2751 1369 2786 ὕστερον,
1394 2752 1498 2787 σφόδρα
1520 2752 1618 2787 ἤχθετο
1641 2753 1717 2788 πάσῃ
1735 2753 1769 2786 τῇ
1791 2751 1836 2776 πό-

254 2842 291 2875 (2)
307 2841 362 2867 Sub
377 2844 467 2866 monte
484 2840 570 2875 Arch
587 2840 730 2871 Malm-nm.
749 2849 807 2875 ψει*
825 2850 896 2867 nunc
911 2841 1034 2867 (itt'sat'ca
1053 2839 1222 2867 ttotttinalnr.
1241 2841 1321 2873 tl’lin.
1338 2841 1374 2867 lilt
1404 2849 1440 2871 \‘l,
1459 2850 1517 2876 cap.
1537 2841 1575 2875 5.)
