1901 3047
39 136 83 170 μ’)

486 133 798 166 ECCLESIASTIC.’E
821 134 1019 166 lliSTORME
1040 136 1112 166 LIB.
1138 137 1173 167 Χ.

1604 140 1657 171 4⁵η

40 197 154 225 λευκαὶ
167 196 299 231 Ἕλλησιν
322 195 448 223 ἐνεκάλει
478 195 517 226 ὡς
545 193 582 229 μὴ
611 193 814 227 ἑπαμύνουσιν,

873 193 969 221 rimam
994 196 1044 223 toti
1064 196 1125 223 urbi
1151 198 1325 230 succensuit,
1347 203 1375 225 et
1390 199 1500 227 Graecos
1517 207 1571 227 non
1588 203 1656 229 adeo

41 245 101 272 ὥστε
114 243 161 271 καί
178 252 206 270 τι
221 242 308 270 δεινὸν
321 243 421 270 παθεῖν
446 240 517 276 ὑπὲρ
541 240 638 275 τύχης,
657 238 736 274 εἴπερ
750 239 821 271 τέως

40 290 84 317 εδει
102 289 209 316 παθεῖν’
239 289 288 316 καὶ
307 286 470 323 τριακοσίας
498 286 595 321 λίτρας
623 284 726 320 χρυσοῦ
755 285 819 316 τοὺς

39 337 82 363 ἀνὰ
102 336 163 368 τοὺς
178 336 260 370 ὅρους
284 334 369 368 αὐτῆς
392 333 453 369 ᾔτει
479 331 535 368 βίῳ
553 332 618 363 τοὺς
640 331 664 357 δ’
676 332 706 357 ἐν
723 330 818 364 κλήρῳ

39 384 129 414 κὰν-τας
147 382 201 408 ὑπὸ
215 380 389 416 λειτουργίαν
406 378 613 414 στρατιωτικὴν
630 377 719 404 τελεῖν
733 385 817 411 προσ-

39 431 119 462 τάξας·
148 430 162 456 ὃ
187 429 347 463 δαπανηρὸν
377 428 425 454 καὶ
451 426 638 453 ἐπονείδιστον
656 424 815 460 ἐνομίζετο·

39 477 136 510 σῦμπαν
149 475 178 502 δὲ
195 475 228 502 τὸ
241 474 442 510 Χριστὼνυμον
458 471 562 506 πλῆθος
576 471 714 506 ὑπόφορον
728 477 814 496 κατα⁴

38 522 138 556 στήσας,
152 522 203 547 ὅσα
220 521 269 546 καὶ
285 519 375 555 Κώμῃ
399 520 431 554 τῇ
445 518 524 545 πόλει
549 517 698 552 ἐχρήσατο·
716 516 815 551 ὅρκους

38 569 60 595 δὲ
74 567 241 603 προστιθεὶς,
271 565 390 601 ἠπείλει,
411 565 449 596 ὡς
477 564 502 591 ει
524 564 561 599 μὴ
591 563 689 590 θᾶττον
703 563 738 590 τὰ
753 562 815 596 ιερὰ

39 615 198 649 ἁνεγείρωσι,
218 613 275 639 πᾶν
300 612 326 639 ετ
343 621 369 638 τι
393 611 481 638 δεινὸν
507 610 574 646 δρᾷν
601 611 634 645 τῇ
653 609 750 635 ιιιτόλει⁵
767 609 816 634 καὶ

37 660 103 690 τέλος
135 657 320 694 ἁφαιρεῖσίαί
352 665 382 682 τε
407 655 531 690 κεφαλὰς
560 655 615 681 τῶν
643 653 814 680 Γαλιλαίωνο

38 705 98 732 οὕτω
113 704 167 740 γὰρ
192 704 316 739 ὑϐρίζων
334 702 428 729 ἐκάλει
445 701 640 736 Χριστιανούς·
661 700 708 727 καὶ
725 699 814 734 ἐφθα-

41 761 78 778 σεν
99 752 132 779 ἂν
154 751 311 785 ὲκπερᾶναι
338 749 388 781 τὰς
412 748 529 779 ἀπειλὰς
544 767 551 779 ,
571 747 595 774 εί
614 747 652 781 μὴ
672 746 704 773 τὸ
727 745 817 781 χρεὼν

38 797 189 832 προφθάσαν
217 796 267 822 τοῦ
299 795 348 830 ζῇν
375 793 598 829 ὐπερεξήγαγεν.
617 793 680 819 Ὀτι
705 800 737 826 γε
768 791 818 818 καὶ

36 843 162 878 καταρχὰς
185 843 239 869 οὒκ
261 842 346 876 οἴκτῳ
360 840 392 867 τὸ
418 839 612 874 φιλάνθρωπον
634 838 737 865 ἐδείκνυ
753 838 818 871 περὶ

870 241 973 271 multos
986 249 1045 268 eam
1061 241 1214 270 incolentes
1231 243 1367 271 incusavit
1381 254 1388 271 :
1404 253 1436 272 ac
1449 246 1471 272 si
1481 247 1546 280 quid
1560 247 1658 275 durius

869 286 1064 321 perferendum
1081 289 1126 320 sit,
1142 293 1200 316 tum
1215 289 1358 317 ferendum
1374 299 1423 325 pro
1436 292 1545 319 fortuna
1561 294 1656 327 fuisse,

868 333 910 360 eis
925 333 1038 368 obiecit.
1059 335 1212 362 Treeentas
1229 343 1295 363 sane
1314 337 1373 363 auri
1395 337 1481 365 libras
1498 339 1532 365 ab
1553 340 1594 365 eis
1609 340 1656 374 qui

869 379 938 406 fines
955 380 1031 407 urbis
1047 381 1106 415 ejus
1128 381 1251 414 coluere,
1269 383 1294 410 vi
1320 385 1421 418 exegit.
1437 384 1547 412 Clerum
1564 392 1656 413 autent

868 431 977 451 omnem
997 426 1161 454 muneribus
1176 431 1204 454 et
1219 428 1382 456 ministeriis
1398 429 1565 457 militaribus
1583 431 1609 457 in
1625 439 1657 458 ea

868 471 980 506 regione
992 473 1118 501 attribuit
1133 483 1138 501 :
1155 475 1229 508 quod
1242 483 1304 502 cum
1320 477 1477 511 sumptibus
1495 485 1656 511 onerosum,

868 520 924 542 tum
958 517 1111 551 ignominia
1137 519 1368 546 contumeliosum
1394 520 1581 547 existimatum
1605 526 1658 548 est.

867 562 899 589 Et
914 562 1077 590 Christianis
1098 565 1229 591 omnibus
1246 565 1351 592 tributo
1369 566 1516 601 imposito,
1535 567 1604 594 urbe
1625 576 1658 594 ea

867 609 983 643 perinde
1008 615 1090 645 atque
1114 610 1176 638 vico
1192 611 1286 646 aliquo
1300 618 1342 638 est
1368 621 1444 639 ustis.
1466 613 1532 640 Jure
1547 622 1658 648 quoque

864 655 984 689 jurando
1002 655 1176 690 interposito,
1202 658 1322 684 minatus
1348 658 1389 684 eis
1412 663 1473 691 est,
1496 660 1548 685 nisi
1574 667 1656 693 quam

869 699 990 734 primum
1006 701 1108 735 templa
1124 701 1240 728 deorntn
1258 703 1448 734 restituerent.
1464 703 1579 738 quiquid
1597 712 1659 738 pos-

866 752 908 772 set
924 747 1089 774 calamitatis
1111 748 1214 775 civitati
1236 756 1265 775 se
1288 749 1448 780 illaturum,
1464 754 1493 776 et
1517 755 1657 783 postremo

868 793 957 827 capita
972 794 1054 820 etiam
1070 794 1227 821 ablaturum
1240 802 1300 822 esse
1315 795 1451 827 Galilreis;
1468 795 1507 822 sic
1520 796 1593 822 enim
1610 803 1658 829 per

869 838 1066 866 contumeliam
1097 840 1271 867 Christianos
1299 840 1463 867 nominavit.
1492 841 1583 875 Atque
1612 841 1658 867 ille

37 877 221 924 Χριστιανοὺς,
237 888 340 923 καίπερ
354 886 505 922 βαρύτερος
525 886 646 921 μάλιστα
661 885 716 911 τῶν
731 885 815 912 πάλαι

873 885 956 911 minas
978 885 1114 920 ejusmodi
1138 885 1172 912 ad
1200 893 1258 912 rem
1283 886 1463 917 contulisset.
1488 887 1540 913 nisi
1567 886 1658 914 fatalis

36 937 178 970 διωξάντων
195 936 250 970 τὴν
283 935 451 969 Ἐκκλησίαν
471 933 509 960 ῶν
522 941 529 949 ·
546 932 605 960 ἀλλ’
620 931 698 963 εἰδὼς
713 933 745 958 ὲκ
761 931 815 957 τῶν

35 983 175 1017 γενομένων
194 981 333 1017 μηδεμίαν
362 980 457 1016 ὄνησιν
484 977 556 1006 εἶναι
582 979 622 1014 τῷ
642 977 815 1013 Ἑλληνισμῷ

37 1030 62 1054 ὲκ
76 1029 126 1054 τῶν
153 1028 226 1062 πρὸς
256 1025 438 1062 Χριστιανοὺς
465 1024 624 1060 ἀνηκέστων
653 1024 813 1059 τιμωριῶν·

37 1075 125 1109 μᾶλλον
143 1075 194 1108 μὲν
218 1072 266 1100 οὖν
283 1071 402 1107 αΰξησιν
427 1072 457 1098 τὺ
473 1071 562 1105 δόγμα
576 1071 682 1103 λαῦεῖν,
707 1070 756 1096 καὶ
773 1070 815 1096 ἐν·

36 1119 90 1149 ἓοξα
105 1117 236 1145 ἐντεῦθεν
260 1117 295 1142 τὰ
319 1115 494 1151 Χριστιανῶν
508 1113 693 1148 γεγενῆσθαι,
714 1112 754 1144 of;
769 1114 816 1140 ὸν-

35 1165 118 1199 ὁρείως
143 1164 265 1193 ἐκείνων
290 1161 385 1189 πολλοὶ
410 1162 540 1196 τελευτᾷν
569 1160 672 1187 εἵλοντο
690 1168 697 1175 ·
726 1160 816 1191 ἄλλως

35 1218 59 1236 τε
77 1211 121 1237 καὶ
138 1210 188 1244 τῆς
205 1208 314 1236 ἐκεῖθεν
332 1208 412 1242 δόξης
425 1206 531 1238 τούτοις
548 1205 664 1240 φθονῶν,
683 1205 715 1232 οὺ
729 1206 816 1239 φειδοῖ

33 1265 77 1282 τινι
91 1257 137 1283 καὶ
151 1254 362 1290 φιλανθρωπίᾳ.
389 1253 534 1288 Δίκισμοῖς
550 1252 599 1286 μὲν
612 1253 667 1286 γὰρ
682 1254 730 1278 καὶ
749 1252 817 1285 πυρὶ

34 1303 74 1328 καὶ
87 1303 191 1336 σιδήρῳ
212 1301 262 1328 καὶ
276 1299 432 1330 Θαλαττίοις
454 1298 558 1333 suaet,
575 1298 592 1333 ἦ
610 1297 714 1329 ζῶντας
731 1297 816 1332 βαρά-

33 1349 100 1383 θροις
119 1349 251 1384 βάλλειν,
278 1347 328 1374 καὶ
356 1347 392 1380 γῇ
421 1344 622 1380 κατορύττειν,
647 1343 664 1370 ἃ
691 1345 745 1375 τοῖς
763 1343 816 1378 πρὸ

33 1395 128 1422 ἐκείνου
151 1394 198 1421 διὰ
220 1393 354 1426 σπουδῆς,
371 1391 513 1422 παντελῶς
536 1390 664 1417 ἀπεῖπεν.
680 1390 748 1416 Οὐδὲ
761 1390 815 1424 γὰρ

31 1442 55 1473 ἐξ
67 1441 222 1475 ἀναγκαίου
238 1439 328 1465 ταῦτα
345 1438 394 1473 τὴν
412 1437 527 1472 γνώμην
547 1436 703 1470 μεθίστησι.
722 1436 817 1462 Πειθοῖ

32 1488 54 1513 δὲ
69 1488 167 1521 μᾶλλον
198 1487 248 1512 καὶ
276 1485 475 1520 παραινέσεσιν
492 1483 587 1518 ἡγεῖτο
602 1482 657 1507 δεῖν
674 1482 740 1516 πρὸς
755 1481 818 1507 ἀσέ-

33 1534 99 1560 ϐειαν
115 1534 251 1568 μετάγειν
267 1533 300 1558 τὰ
317 1530 420 1565 πλήθη.
447 1528 596 1556 κάντεῦθεν
619 1527 717 1563 ῥᾳδίως
734 1536 814 1562 περι-

31 1558 291 1616 γενεσοῖαίίηῗτάχα
304 1598 312 1610 ,
333 1558 376 1603 ἵνα
392 1558 491 1610 μᾶλλον
511 1573 664 1609 παράδοξός
684 1583 726 1605 τις
745 1572 816 1600 εἶναι

873 1572 935 1600 Iiam
967 1581 1022 1600 non
1056 1579 1226 1602 mutarent:

31 1625 84 1660 δόξῃ
99 1626 166 1660 περὶ
192 1624 297 1655 αὐτοὺς
316 1623 364 1650 καὶ
381 1621 585 1657 φιλάνθρωπος,
604 1619 642 1654 μὴ
659 1619 719 1654 βίαν
734 1619 815 1650 εὐθὺς

33 1673 136 1705 ἐπάγειν
151 1672 261 1708 ᾑρεῖτο.

868 931 1018 958 necessitas
1032 935 1119 958 morte
1129 938 1192 958 eum
1209 931 1398 966 praevenisset.
1414 931 1510 966 Neque
1525 931 1560 958 ab
1574 932 1657 958 initio

867 983 915 1010 per
930 976 1145 1003 misericordiam
1159 977 1352 1004 humaniorem
1365 985 1394 1005 se
1406 985 1469 1012 erga
1482 978 1657 1005 Christianos

866 1023 996 1049 exhibuit
1008 1047 1015 1060 ν
1036 1023 1183 1057 minusque
1201 1024 1354 1056 graviorem
1373 1024 1514 1051 veteribus
1529 1031 1658 1059 persecu-

868 1068 974 1095 toribus
987 1077 994 1095 :
1009 1067 1057 1095 sed
1071 1068 1143 1102 quod
1159 1069 1228 1095 nihil
1242 1069 1374 1096 momenti
1388 1069 1546 1096 Graecorum
1561 1077 1658 1103 super-

866 1114 973 1142 stitioni
995 1115 1212 1146 constituendae,
1228 1115 1448 1143 Christianorum
1474 1117 1657 1144 intolerabilia

866 1161 948 1186 etiam
962 1160 1098 1194 supplicia
1113 1160 1223 1192 aﬂerre,
1236 1161 1302 1195 quin
1320 1162 1402 1188 etiam
1416 1162 1514 1195 dogma
1529 1169 1656 1190 nostrum

867 1206 971 1240 majora
997 1213 1046 1240 per
1075 1214 1106 1233 ea
1131 1213 1232 1241 capere
1249 1209 1416 1235 incrementa
1439 1210 1532 1235 sciret.
1559 1209 1658 1243 Ingens

867 1253 941 1278 enim
956 1260 989 1279 ex
1008 1260 1042 1279 eo
1056 1251 1223 1280 Christianis
1237 1253 1354 1280 accessit
1369 1254 1467 1288 gloria,
1481 1255 1554 1288 quod
1569 1262 1603 1282 cx
1616 1256 1658 1282 eis

867 1297 945 1324 multi
965 1297 1075 1325 fortiter
1101 1302 1218 1325 mortem
1244 1299 1297 1326 sibi
1323 1299 1481 1327 obeundam
1509 1301 1654 1330 duxerint.

867 1343 1000 1370 Praeterea
1016 1351 1081 1371 vero
1094 1343 1203 1371 laudem
1220 1352 1279 1372 eam
1295 1346 1375 1373 nobis
1390 1346 1502 1374 invidit.
1520 1347 1550 1374 Et
1565 1355 1579 1374 a
1595 1353 1653 1374 tor-

868 1390 969 1417 mentis
984 1389 1097 1424 quidem
1117 1396 1145 1418 et
1160 1392 1239 1425 igne,
1253 1395 1281 1418 et
1302 1392 1394 1423 ferro,
1416 1398 1443 1420 et
1462 1394 1550 1429 pelagi
1572 1394 1656 1422 undis

868 1435 1019 1467 abstinuit;
1038 1443 1129 1470 neque
1144 1436 1220 1462 vivos
1235 1436 1278 1463 vel
1295 1436 1323 1462 in
1339 1437 1503 1465 barathrum
1523 1439 1655 1474 eonjecit,

867 1481 910 1507 vel
931 1481 957 1507 in
974 1485 1046 1508 terra
1063 1481 1184 1514 defodit,
1202 1489 1263 1516 quae
1287 1482 1333 1510 alii
1357 1489 1423 1510 ante
1437 1491 1501 1511 eum
1526 1492 1658 1519 persecu-

869 1531 944 1554 tores
957 1526 1095 1560 fecerant;
1112 1528 1186 1562 quod
1203 1528 1260 1555 haec
1273 1530 1433 1557 necessario
1445 1531 1528 1558 animi
1545 1537 1658 1559 senten-

1261 1576 1501 1605 cohortationibus
1530 1586 1594 1606 vera
1628 1585 1657 1607 et

868 1620 1098 1654 persuasionibus
1124 1622 1328 1650 multitudinem
1351 1624 1386 1650 ad
1409 1623 1578 1658 impietatem
1596 1633 1659 1660 pcr-

869 1666 1033 1694 trahendam
1054 1675 1115 1695 esse
1134 1670 1254 1697 censuit.
1273 1669 1310 1697 Eo
1329 1670 1411 1698 modo
1428 1671 1508 1699 facile
1528 1679 1557 1699 se
1572 1680 1657 1706 supe-

33 1722 122 1747 rinreut
150 1720 225 1751 fore,
242 1723 269 1745 et
285 1718 358 1752 quod
373 1716 465 1748 vellet,
480 1714 647 1743 effecturum
664 1721 725 1741 esse
758 1717 834 1742 ratus
853 1719 897 1743 est
911 1723 918 1741 :
955 1719 1003 1743 aut
1020 1715 1154 1750 fortasse,
1174 1722 1203 1745 ut
1219 1718 1400 1747 admirandus
1414 1727 1494 1754 esse,
1508 1725 1538 1749 et
1557 1727 1658 1756 praeter

30 1771 256 1804 exspectationem
276 1768 464 1802 perbumanus
482 1765 509 1791 in
521 1764 563 1792 eis
582 1762 734 1796 videretur,
749 1770 806 1790 non
825 1764 919 1791 statim
936 1764 990 1791 vim
1007 1765 1049 1792 eis
1063 1765 1249 1794 adhibendam
1267 1774 1328 1794 esse
1345 1767 1463 1802 putavit.

321 1836 447 1863 ΚΕΦΑΛ.
469 1835 509 1862 E'.

36 1886 78 1918 Ὧς
102 1886 180 1920 ήόὺς
208 1884 250 1917 τῷ
277 1883 500 1920 πλήθειγθςξλωις
512 1879 624 1920 δοκε-ῆν,
641 1877 814 1920 ἀιθῇκξ-ςοῖς

59 1914 241 1955 ἀπάντὰχοῦ
246 1914 481 1955 φυγαδευθεῐᾳιν
489 1915 668 1955 ξπισιιόπρις
676 1914 728 1955 ἐπὶ
735 1914 815 1955 ων-

59 1949 268 1996 στανειιίῖιγᾰς
279 1949 398 1996 sem
407 1952 455 1995 ίῖιά
464 1949 814 1996 #1”"€f’£‘i‘.’.f"i'_‘?i;'_"i¢

59 2000 89 2019 te
103 1993 152 2019 καὶ
165 1990 218 2018 διὰ
234 1985 267 2017 to
279 1985 454 2022 θέλειν-τὴν
467 1985 655 2017 Ἐκκλησίαν
673 1985 814 2018 ταράττε-

59 2030 136 2055 σθαι.

61 2085 179 2111 Τοιαῦτα
194 2081 403 2116 διανοούμενος,
421 2079 505 2106 πᾶσιν
520 2077 566 2109 οὒς
582 2075 719 2112 φυγαδείᾳ
733 2084 815 2103 κατε-

30 2129 130 2156 δίκασεν
148 2131 162 2156 ὁ
177 2127 372 2157 Κωνσταντιος
399 2125 444 2152 διὰ
460 2124 510 2159 τὴν
526 2122 674 2158 θρησκείαν
685 2143 693 2155 ,
711 2122 814 2156 ἀνῆκεν

30 2175 110 2202 οἶκαδε
128 2175 240 2202 ἵεσθαι·
264 2173 311 2200 καὶ
328 2173 384 2203 τοῖς
410 2171 464 2198 ὑπὸ
482 2171 570 2205 δήμου
586 2169 620 2195 τὰ
634 2168 723 2195 οἰκεῖα
736 2168 816 2203 διαρ-

32 2224 134 2256 τ-αγεισι
159 2221 213 2252 τὰς
241 2219 337 2250 οὐσίας
366 2216 560 2252 ἀπεχαρίζετο.
586 2214 768 2249 Διατάγματα
793 2213 816 2240 δ’

32 2268 141 2302 ἔπεμπε,
163 2266 272 2302 μηδένα
285 2263 341 2290 τῶν
366 2262 542 2297 Χριστιανῶν
559 2261 675 2293 ἀδικεῖν,
694 2260 756 2295 μηδ’
771 2260 817 2286 ἐπὶ

33 2313 118 2346 ﬂictu;
134 2311 307 2350 βιάζεσθαι,
325 2309 394 2345 μηδὲ
415 2307 552 2345 ὑϐρίζειν.
568 2307 648 2334 Ὅσοι
667 2305 689 2333 δ’
712 2305 817 2332 ἕλοιντο

32 2360 129 2392 ἑλόντες
155 2359 216 2390 τοῖς
244 2357 347 2393 βωμοῖς
372 2354 533 2390 προσιέναι,
560 2353 696 2388 πρότερον
721 2352 818 2387 περιρ-

32 2406 185 2441 ραντηρίοις
213 2405 264 2431 καὶ
291 2400 488 2438 καθαρτηρίοις
511 2399 635 2437 χρῆσθαι
660 2398 818 2433 ῑλουμένους

30 2454 80 2484 τοῖς
105 2453 255 2487 δαίμοσιν.
281 2449 355 2475 ὐσα
380 2447 409 2473 δὲ
439 2446 646 2475 Κωνσταντῖνος
677 2444 818 2479 κληρικοῖς

30 2499 110 2526 ἐποίει
136 2497 288 2532 σιτηρέσια
316 2494 364 2520 καὶ
385 2492 531 2524 ἀτελείας,
556 2491 587 2518 τὸ
614 2491 692 2517 Θεῖον
717 2489 818 2525 τιμῶν,

31 2544 164 2580 περιεῖλεν
184 2539 267 2573 οὗτος
277 2560 286 2573 ,
300 2541 349 2567 καὶ
362 2540 419 2570 τοῖς
433 2537 575 2573 δημοσίοις
595 2537 731 2569 ὲνέταξεν·
749 2535 767 2562 ἃ
788 2543 818 2561 τε

32 2592 123 2626 χήραις
137 2590 190 2617 καὶ
207 2587 355 2623 παρθένοις
375 2585 408 2612 δι’
425 2583 530 2611 ἔνδειαν
549 2585 578 2610 ὲν
592 2583 706 2618 κλήροις
723 2582 819 2615 ἔταξεν

32 2638 59 2663 ἐκ
83 2635 227 2671 δημοσίων
267 2632 439 2668 τρέφεσθαι,
469 2630 577 2666 πικρῶς
606 2631 818 2664 είσεπρὰττετο.

33 2683 236 2712 Κωνσταντῖνος
252 2680 320 2714 γὰρ,
341 2679 424 2714 ηνίκα
451 2677 486 2703 τὰ
508 2677 580 2703 κατὰ
597 2676 647 2706 τὰς
671 2676 820 2710 ἐκκλησίας

8 2723 9 2726 “
33 2729 197 2763 ἐνομοθέτει.
214 2728 248 2753 ἐκ
262 2726 318 2752 τῶν
332 2725 451 2758 ἑκάστης
468 2723 573 2753 πόλεως
588 2723 679 2756 φόρων
691 2721 726 2748 τὰ
744 2721 821 2755 διαρ-

33 2775 63 2809 κῆ
75 2775 144 2810 πρὸς
167 2773 219 2809 τὴν
236 2772 293 2799 τῶν
309 2770 472 2805 ἐπιτηδείων
492 2769 659 2802 ζωάρκειαν,
673 2768 740 2794 πᾶσι
763 2768 820 2798 τοῖς

33 2820 138 2856 κλήροις
163 2820 266 2851 ἐδίδου,
290 2818 338 2845 καὶ
354 2817 429 2852 νόμῳ
446 2816 495 2851 τὴν
520 2813 619 2850 πρᾶξιν
643 2813 753 2849 ἐκύρου·
771 2813 820 2839 καὶ

35 2865 76 2893 νῦν
87 2869 116 2900 ις
136 2867 220 2903 δεῦρο
236 2865 367 2901 τηρεῖται
381 2862 472 2894 καλῶς
488 2860 701 2896 φυλαττόμενος.
719 2857 774 2886 Ἶιν
792 2859 820 2886 δὲ

1178 1835 1290 1863 CAPUT
1311 1836 1345 1864 ν.

869 1877 1022 1917 Quomodo,
1047 1884 1076 1907 ut
1104 1880 1224 1917 faverent
1244 1881 1325 1916 plebis
1351 1886 1541 1917 auruparetur,
1565 1891 1654 1911 omnes

904 1916 1002 1949 passim
1017 1917 1149 1952 episcopos
1169 1924 1184 1942 a
1205 1915 1360 1952 Coristantio
1385 1915 1549 1944 irt'ezsilium
1567 1919 1654 1952 pulsos

905 1951 1042 1988 revocarit,
1058 1958 1122 1988 cum
1131 1955 1239 1988 propter
1249 1951 1397 1979 Constantii
1411 1952 1511 1986 odium,
1521 1951 1575 1979 mm
1587 1954 1655 1988 quod

905 1984 1053 2013 Ecclesium
1068 1986 1172 2012 turbari
1187 1985 1275 2013 vellet.

905 2074 958 2110 ιθ
977 2074 1117 2110 Ejusmodi
1130 2075 1238 2110 agitans
1251 2076 1382 2108 consilia,
1396 2077 1444 2111 qui
1460 2084 1475 2104 a
1492 2077 1655 2107 Constantio

868 2121 896 2150 in
913 2122 1040 2150 exsilium
1056 2121 1128 2157 pulsi
1143 2129 1257 2158 propter
1274 2123 1435 2158 religionem
1455 2124 1574 2157 fuerant,
1594 2133 1656 2152 om-

870 2169 954 2196 nibus
969 2173 1132 2203 potestatem
1153 2169 1287 2196 redeundi
1306 2170 1389 2197 fecit:
1407 2174 1435 2197 et
1451 2178 1567 2205 quorum
1586 2172 1656 2199 bona

870 2215 1010 2251 publicata
1031 2215 1159 2247 fuerant,
1176 2223 1206 2242 ea
1223 2216 1277 2243 illis
1292 2216 1426 2245 restituit.
1446 2217 1541 2245 Edicta
1565 2218 1656 2253 publi-

870 2266 948 2293 cata.
969 2268 1005 2288 ne
1019 2260 1170 2288 Christiani
1195 2261 1304 2296 injuriis
1318 2261 1503 2295 allicercntur,
1519 2271 1587 2290 neve
1609 2271 1658 2297 per

868 2306 924 2333 vim
948 2311 996 2334 aut
1020 2306 1218 2334 contumeliam
1248 2307 1281 2333 ad
1306 2307 1442 2334 sacriﬁcia
1467 2307 1656 2341 adigerentur.

868 2351 898 2380 Si
912 2353 958 2387 qui
977 2360 1043 2380 vero
1065 2360 1114 2380 sua
1132 2357 1230 2388 sponte
1247 2352 1280 2379 ad
1302 2360 1365 2380 aras
1386 2352 1518 2380 accedere
1542 2353 1655 2386 vellent,

869 2405 917 2426 eos
942 2399 1019 2433 prius
1049 2399 1164 2426 deorum
1197 2398 1394 2433 placandurum
1423 2398 1513 2433 gratia
1539 2398 1653 2425 lustrari

871 2445 1036 2480 purgarique
1068 2445 1180 2472 debere.
1210 2445 1355 2472 Annonam
1383 2449 1412 2471 et
1441 2444 1655 2476 immunitatem,

869 2498 951 2526 quam
964 2490 1163 2518 Constantinus
1177 2499 1227 2524 pro
1238 2498 1286 2519 sua
1302 2498 1366 2525 erga
1379 2489 1465 2517 Deum
1480 2490 1657 2518 observantia

870 2537 980 2565 clericis
997 2542 1183 2569 concesserat,
1199 2538 1257 2571 ipse
1273 2538 1427 2572 abrogavit,
1442 2542 1470 2565 et
1486 2537 1512 2564 in
1530 2537 1657 2571 publicos

871 2588 1020 2618 proventus
1043 2583 1147 2610 retulit.
1170 2582 1236 2615 Quae
1253 2591 1321 2610 vero
1338 2584 1429 2611 viduis
1444 2588 1473 2610 et
1487 2583 1656 2618 virginibus,

871 2633 985 2663 propter
1013 2629 1132 2663 inopiam
1157 2629 1237 2661 cieri,
1266 2629 1397 2656 alimenta
1423 2638 1438 2657 e
1464 2630 1575 2665 publico
1600 2630 1658 2657 lar-

871 2675 973 2711 gienda
995 2675 1132 2702 destinata
1151 2679 1242 2707 erant,
1265 2683 1337 2710 aegre
1352 2680 1381 2702 et
1404 2675 1551 2704 difﬁculter
1567 2677 1659 2712 exige-

875 2722 989 2749 bantur.
1001 2721 1202 2749 Constantinus
1217 2728 1349 2756 namque,
1366 2729 1428 2748 cum
1445 2723 1577 2750 ecclesias
1594 2731 1659 2749 con-

874 2768 1004 2796 stitueret
1033 2773 1116 2802 atque
1148 2767 1311 2801 ordinaret,
1344 2775 1376 2794 ex
1411 2768 1545 2803 cujusque
1580 2768 1659 2796 urbis

873 2815 1055 2850 proventibus
1070 2814 1120 2842 toti
1137 2814 1223 2845 clero.
1241 2818 1374 2849 quantutn
1389 2815 1423 2841 ad
1439 2815 1522 2841 vi:am
1539 2815 1658 2841 toleran-

873 2862 934 2888 dam
963 2861 1029 2888 satis
1052 2865 1145 2892 esset,
1172 2867 1263 2887 rerum
1297 2861 1513 2888 necessariarum
1547 2861 1656 2891 tribuit,
