1901 3047
206 163 259 194 51.7

816 151 1029 184 NICEPHORI
1049 148 1225 181 CALLISTI

1801 145 1864 176 543

208 227 265 247 non
293 217 370 245 adire
389 225 396 244 ι
414 215 524 249 captivo
549 213 667 249 quodam
693 210 838 247 quaestioni
867 216 991 238 tormen-

1072 205 1143 235 ιιδών
1162 217 1192 235 τε
1209 207 1258 242 τὴν
1283 204 1414 241 στρατιὰν
1433 203 1508 239 αὐτῷ
1522 203 1606 239 ἄρδην
1627 204 1865 231 κινδυνεύουσαν

209 270 300 293 torum
326 263 456 291 subdito.
488 260 588 288 fossam
614 258 761 293 quamdam
789 257 864 284 illius
889 255 992 283 indicio

210 309 324 345 reperit,
351 307 484 342 temporis
511 305 694 333 diuturnitate
717 311 814 338 aggere
839 302 993 336 oppletam,

209 362 260 389 per
276 360 357 388 quam
371 350 524 386 antiquitus
547 350 663 377 navibus
687 348 721 375 ad
741 347 837 374 urbem
866 351 995 373 accessus

209 401 312 427 fuerat.
341 398 435 431 itaque
462 397 508 431 qui
536 396 561 423 ei
583 394 720 426 obstabat,
738 401 837 428 aggere
852 391 995 427 perfosso,

211 444 379 479 Euphratem
406 443 432 469 in
458 441 562 476 Tigrim
585 439 730 470 derivavit,
757 444 839 472 atque
859 445 892 465 eo
916 441 996 471 pacto

211 490 365 517 exercitum
393 495 447 515 una
472 494 534 513 cum
558 485 673 512 navibus
695 485 727 512 ad
745 484 841 511 urbem
868 483 996 509 adduxit.

212 536 247 562 Et
263 535 363 566 Persae,
387 542 448 560 cum
467 531 613 567 splendido
635 530 759 564 cqttitum
782 534 809 555 et
827 533 995 555 armatorum

214 585 359 616 apparatu,
373 584 400 607 et
416 585 478 606 cum
493 576 656 612 elephantis,
679 575 707 602 in
728 575 860 601 ulteriore
879 572 997 607 Tigridis

216 628 274 661 ripa
291 634 352 653 sese
367 625 524 652 ostendere.
549 622 639 656 Atque
664 621 723 655 ipse
750 627 812 648 eum
841 619 914 646 inter
941 618 998 646 duo

216 672 334 698 maxima
364 669 479 696 ﬂumina
506 675 536 695 se
564 667 700 698 clausum,
733 670 761 692 ct
793 664 944 691 exercitum
970 664 998 690 in

216 724 354 744 summum
375 714 526 742 discrimen
543 713 704 743 adductum,
732 709 869 744 siquidem
887 717 1000 736 manere

217 762 254 789 ibi
272 762 366 792 vellet,
395 761 437 787 sin
456 765 548 786 autem
564 757 667 785 reverti
685 755 787 788 mallet,
811 763 859 790 per
872 756 947 783 vicos
974 759 1002 781 et

217 808 329 842 oppida,
347 815 406 841 qum
421 806 564 833 combusta
586 804 641 839 jam
656 806 759 834 essent,
786 806 814 828 ct
838 809 929 829 rerutn
954 809 1002 828 ne-

217 854 401 880 cessariarqu
425 851 541 886 penuria
566 853 771 884 premerentur,
798 847 921 874 eundum
949 846 1001 873 sibi

1046 254 1205 285 ἀπολέσθαι,
1221 254 1254 288 ῆν
1266 260 1296 278 τε
1313 253 1404 286 μένειν
1412 251 1509 281 ἕλοιτο,
1523 250 1573 277 εἴθ’
1587 251 1795 286 ὑποστρέφειν,
1811 251 1865 276 διὰ

1044 301 1099 328 τῶν
1115 300 1217 335 κωμῶν
1230 308 1260 326 τε
1273 299 1321 326 καὶ
1336 298 1442 325 πόλεων
1456 297 1538 329 αὐτὸς
1553 297 1673 331 διῆλθεν,
1691 298 1865 333 ῂθαλωμὲ-

1045 355 1098 374 νων
1111 346 1173 381 ἢδη.
1188 346 1234 372 καὶ
1245 346 1278 380 τῇ
1296 345 1394 371 σπάνει
1408 344 1462 370 τῶν
1477 344 1634 377 ἀναγκαίων
1648 343 1842 379 πιεζομένων
1852 352 1863 360 ο

1046 390 1116 418 ἆθλα
1130 392 1157 418 δὲ
1169 391 1291 426 προθεὶς,
1307 391 1344 422 ὡς
1356 389 1399 425 ἐφ’
1415 390 1610 425 ἱπποδρομίαν,
1628 390 1692 421 τοὺς
1706 390 1865 425 στρατιώ-

1047 446 1095 468 τας
1110 437 1210 463 ἐκάλει·
1222 436 1251 463 οὗ
1263 436 1420 471 γινομένου,
1435 435 1499 467 τοὺς
1512 436 1652 470 ἡγεμόνας
1668 436 1724 462 τῶν
1741 436 1865 462 πλοίων

1048 483 1174 509 ἐκέλευεν
1184 482 1377 517 ἁποφορτῐςειν
1389 482 1437 513 τὰς
1448 482 1525 513 ναῦς·
1537 483 1583 509 καὶ
1595 482 1644 517 τὴν
1654 483 1789 517 σιτηγίαν
1804 483 1863 508 τοῦ

1050 527 1168 562 στρατοῦ
1183 527 1221 561 τῷ
1236 526 1311 553 ὕδατι
1328 526 1503 562 ὲπιρρίπτειν
1515 534 1523 542 '
1539 527 1576 558 ὡς
1592 527 1624 553 ἂν
1638 527 1666 553 ἐν
1678 526 1787 561 inopis}
1798 526 1863 552 τῶν

1049 573 1210 606 ἀναγκαίων
1233 573 1255 598 οἱ
1276 572 1442 606 στρατιῶται
1470 572 1622 607 γενόμενοι,
1649 573 1698 598 καὶ
1718 573 1795 605 σφᾶς
1828 574 1863 598 ὲν

1050 618 1166 654 κινδύνῳ
1193 619 1266 653 μέσῳ
1295 619 1510 653 ἐνειλημμένους
1540 619 1660 649 ἰδόντες,
1687 617 1795 652 θράσος
1827 626 1862 643 τε

1051 664 1254 699 ἁναλήψωνται,
1266 664 1313 691 καὶ
1328 664 1397 698 πρὸς
1407 664 1456 699 τὴν
1469 664 1560 699 μάχην
1572 664 1654 699 ὁμόσε
1672 664 1860 700 χωρήσαιεν.

1052 711 1120 742 Τοὺς
1131 711 1160 737 δὲ
1171 710 1340 745 προῦχοντας
1348 711 1362 737 ό
1376 710 1504 744 βασιλεὺς
1514 711 1584 744 μετὰ
1601 710 1631 736 τδ
1643 711 1754 737 δεῖπνον
1766 711 1826 744 ὰγε
1833 710 1862 735 ἱ-

1054 765 1114 791 ρας,
1134 756 1243 782 ἐκέλευε
1264 757 1313 790 τὴν
1338 756 1469 791 στρατιὰν
1486 756 1598 790 ἀνάγειν
1613 757 1659 782 ἐπὶ
1685 756 1736 787 τὰς
1759 756 1840 785 ναῦς
1854 764 1860 769 ·

1053 803 1102 828 καὶ
1122 802 1154 836 δὴ
1169 802 1266 833 νυκτὸς
1287 802 1332 828 τδν
1346 802 1471 837 Τίγρητα
1489 801 1673 834 πλεύσαντες,
1693 802 1761 836 πρὸς
1785 802 1861 831 ταῖς

1055 849 1142 882 πέραν
1176 846 1247 883 ἦσαν
1282 847 1386 883 ὖχθαις.
1425 848 1480 875 Καὶ
1517 847 1710 879 ἐκϐαίνοντες,
1753 847 1861 882 μάχης

218 905 279 926 esse
299 897 406 925 videret
420 906 426 929 ;
445 895 563 931 praemiis
580 893 738 929 propositis,
752 893 854 920 milites
871 897 1000 927 tanquam

1076 902 1182 921 πτοντο.
1205 893 1283 920 Ὅσοι
1311 894 1361 928 μὲν
1376 893 1422 920 οὖν
1438 893 1491 920 τῶν
1517 894 1628 929 Περσῶν
1645 893 1775 928 ᾔσθοντο,
1797 893 1859 918 ἀνὰ

219 945 253 971 ad
289 943 428 978 equestris
468 940 629 968 certaminis
661 938 848 974 spectaculum
882 938 1002 965 vocavit.

220 988 299 1022 Quod
315 996 375 1014 cum
392 989 478 1020 ﬂeret,
497 986 605 1013 navium
622 985 765 1020 praefectos
779 992 931 1012 exonerare
943 991 1001 1015 eas.

220 1041 250 1063 et
265 1035 435 1061 frumentum
455 1033 595 1060 exercitus
614 1039 694 1059 omne
710 1036 737 1058 et
753 1030 952 1064 impedimenta
975 1031 1004 1058 in

221 1080 311 1107 undas
336 1080 427 1115 jacere
454 1078 548 1113 jussit,
577 1082 607 1104 ut
629 1077 730 1104 milites
755 1084 814 1104 sese
840 1076 868 1102 in
896 1083 1005 1104 summa

222 1133 314 1153 rerum
344 1124 436 1159 inopia
461 1128 489 1151 et
515 1123 542 1150 in
570 1123 661 1154 medio
682 1122 806 1158 periculo
821 1121 925 1150 versari
945 1129 1005 1148 cer-—

223 1179 329 1201 nentes,
347 1170 431 1197 fortes
447 1170 624 1204 conciperent
648 1169 767 1200 animos,
790 1173 819 1195 et
842 1172 956 1195 strenue
978 1167 1006 1194 in

1056 940 1156 975 κράτος
1168 940 1314 975 ἠμύνοντο.
1333 940 1442 971 Πολλοῖς
1461 940 1489 966 δὲ
1510 939 1612 966 τούτων
1625 939 1743 972 ἐξάπινα
1762 947 1862 975 προσ·

1056 985 1183 1017 ϐαλόντες
1210 986 1352 1020 Ῥωμαῖοι,
1370 986 1510 1013 ἔκτειναν·
1528 987 1574 1013 καὶ
1600 987 1633 1012 δι’
1650 987 1716 1019 ὅλης
1738 986 1861 1021 ἡμέρας

1057 1032 1260 1067 συνερρήγνυτο
1272 1032 1346 1066 μάχη
1363 1031 1488 1066 λαμπρά.
1501 1031 1619 1062 Πολλοὺς
1635 1031 1727 1058 τοίνυν
1742 1031 1862 1059 aranea.-

1057 1078 1162 1109 λόντες,
1174 1077 1224 1112 οὐχ
1237 1075 1318 1113 ἦττον
1329 1077 1413 1104 δὲκαὶ
1427 1077 1595 1109 κτείναντες.
1606 1078 1646 1108 εἰς
1661 1077 1708 1103 τὸν
1724 1077 1862 1111 ποταμὸν

1059 1121 1147 1158 ἧκον·
1177 1124 1223 1148 καὶ
1248 1122 1300 1157 πρὸ
1330 1124 1379 1158 τῆς
1413 1123 1610 1158 Κτησιφῶντος
1633 1123 1664 1149 τὸ
1688 1123 1862 1158 στράτευμα

1061 1167 1260 1202 παρετάσσετο.

222 1219 317 1253 pra-lio
331 1225 393 1244 cum
411 1217 537 1243 hostibus
552 1215 794 1251 congrederentur.
819 1214 852 1241 Et
887 1213 1015 1241 ordinum
1035 1213 1199 1242 ductoribus
1236 1219 1297 1249 post
1327 1222 1433 1242 cernam
1455 1214 1627 1248 convocatis,
1649 1214 1753 1242 milites
1772 1216 1862 1243 navi-

224 1266 276 1293 bus
293 1266 435 1299 imponere
459 1263 620 1290 mandavit;
638 1267 777 1296 noctuque
813 1261 925 1296 Tigride
949 1261 1121 1293 transmisso,
1134 1261 1162 1287 in
1179 1261 1267 1295 ripam
1301 1261 1466 1288 ulteriorem
1500 1262 1539 1288 illi
1560 1261 1691 1296 expositi,
1731 1270 1859 1296 pugnant

224 1313 321 1340 iniere.
339 1312 417 1345 Quod
434 1311 482 1339 ubi
498 1311 643 1339 Persarum
662 1310 774 1344 quidam
811 1316 934 1340 sensere,

970 1312 1083 1336 strenue
1116 1309 1158 1336 eis
1190 1309 1299 1336 obviam
1316 1317 1488 1344 processere.
1506 1309 1573 1336 Cum
1588 1309 1690 1344 quibus
1706 1310 1859 1337 confestim

224 1360 441 1387 Romanimanu
456 1361 594 1388 conserta,
616 1357 717 1383 multos
750 1356 906 1387 concidere,
939 1354 1040 1381 multos
1059 1354 1143 1382 etiam
1175 1363 1273 1383 somno
1297 1356 1389 1384 adhuc
1421 1363 1569 1390 oppressos
1599 1356 1779 1384 interemere.
1817 1356 1860 1384 Ae

225 1406 325 1433 deinde
337 1404 381 1430 die
399 1407 455 1429 toto
473 1403 569 1437 ingens
587 1406 728 1428 certamen
742 1409 784 1429 est
813 1402 1004 1428 continuatum
1024 1409 1032 1427 :
1052 1407 1080 1429 et
1100 1401 1228 1436 pluribus
1261 1402 1381 1436 rejectis,
1401 1410 1454 1430 nec
1479 1403 1656 1438 paucioribus
1680 1403 1796 1436 occisis,
1822 1403 1859 1430 ad

227 1452 340 1479 [inv-ium
367 1448 483 1477 Romani
511 1448 630 1480 rediere,
655 1453 684 1474 et
708 1452 772 1474 ante
798 1447 893 1474 urbem
919 1445 1126 1481 Ctesiphontem
1147 1453 1237 1475 eaStra
1251 1455 1382 1483 posuere.

266 1498 322 1533 80
341 1496 476 1523 Caeterum
491 1494 649 1529 imperatori
665 1498 695 1520 ut
707 1493 823 1520 ulterius
836 1492 1011 1527 procederet,

227 1543 375 1571 consilium
393 1548 455 1568 esse
472 1540 562 1566 visum
579 1546 633 1565 non
653 1542 696 1565 est
712 1547 720 1565 :
738 1538 785 1565 sed
813 1537 900 1572 magis
919 1537 957 1569 ei,
980 1542 1011 1564 ut

229 1596 315 1617 naves
327 1586 550 1617 incenderentur,
564 1588 709 1619 propterea
731 1583 803 1617 quod
816 1590 910 1610 earum
927 1590 1010 1610 causa

229 1635 333 1662 milites
349 1632 451 1660 multos
464 1639 477 1657 a
496 1637 587 1665 pugna
609 1630 703 1656 abesse
723 1632 874 1663 oporteret,
896 1628 1011 1662 placuit.

229 1679 263 1707 Et
274 1679 329 1713 jam
342 1684 405 1704 cum
418 1675 506 1709 copiis
519 1674 577 1701 suis
592 1673 711 1700 reditum
727 1673 754 1699 in
770 1672 885 1699 Romani
904 1671 1012 1707 imperii

229 1725 364 1752 ditionctn
389 1721 556 1752 maturabat,
573 1719 685 1753 Tigride
711 1726 791 1746 amne
818 1718 852 1745 ad
869 1717 1010 1745 sinistram

231 1769 337 1797 relicto.
361 1767 400 1795 Ac
415 1767 533 1802 primum
555 1765 665 1800 quidem
681 1764 708 1791 in
723 1764 865 1799 regionem
879 1763 1012 1795 fertilem,

229 1820 258 1843 et
271 1815 354 1842 rebus
367 1814 497 1842 omnibus
512 1813 709 1844 abundantem,
725 1810 898 1846 captivorum
909 1810 1014 1837 indicio

230 1865 376 1889 venerunt.
391 1859 494 1887 Deinde
509 1863 602 1894 autem
618 1865 703 1885 senex
717 1857 840 1892 quidam,
863 1856 913 1891 qui
927 1856 1012 1883 vitam

231 1915 280 1942 pro
293 1907 434 1934 communi
451 1905 598 1933 Persarum
619 1904 748 1932 libertate
761 1903 921 1935 devoverat,
946 1911 1014 1930 con-

231 1954 304 1980 sulto
325 1959 354 1981 ut
371 1958 529 1987 caperetur,
550 1950 654 1978 nostris
679 1950 855 1977 Occasionem
880 1949 1011 1984 praebuit.

231 1999 316 2034 Igitur
333 2006 393 2025 mox
410 1998 494 2024 Veluti
513 2005 567 2024 non
584 2005 633 2024 sua
654 2001 752 2030 sponte
770 2001 878 2034 captus,
901 1995 935 2023 ad
961 1996 1014 2023 im-

233 2049 390 2079 peratorem
403 2048 445 2071 est
456 2043 601 2070 adductus.
618 2042 651 2069 Et
665 2043 698 2069 de
717 2043 800 2070 rebus
818 2042 914 2069 multis
927 2042 1015 2069 inter-

233 2094 354 2123 rogatus.
374 2096 495 2123 veraque
510 2089 603 2115 dicere
620 2088 802 2120 existimatus,
825 2088 850 2115 ei
865 2092 894 2115 ut
915 2094 1015 2122 sequa—

235 2139 279 2162 tur
303 2134 450 2169 persuadet
467 2143 472 2160 :
493 2133 633 2168 pollicitus
655 2141 772 2168 namque
792 2138 846 2165 est,
862 2133 1014 2160 exercitum

234 2188 263 2208 se
279 2180 482 2215 quamprimum
499 2179 532 2206 ad
550 2179 735 2206 Romanorum
760 2179 828 2207 fines
847 2179 1014 2212 ducturum;

234 2225 337 2252 inviam
357 2228 462 2250 tantutn
479 2224 624 2258 quamdam
640 2224 757 2251 duorum
781 2229 829 2251 attt
852 2225 934 2252 trium
955 2224 1016 2251 die-

235 2279 297 2298 rum
321 2271 420 2298 itinere
448 2270 586 2304 regionem
617 2270 831 2305 peragrandam,
856 2270 960 2297 cibaria
988 2274 1016 2297 et

235 2317 303 2344 alias
319 2324 364 2344 res
380 2316 550 2343 necessarias
563 2315 705 2348 ferendas,
727 2320 755 2343 et
778 2316 872 2351 copias
888 2324 937 2350 per
952 2316 1018 2343 soli-

236 2363 359 2390 tudinem
372 2362 514 2389 ducendas
527 2369 598 2394 esse,
614 2362 754 2389 dictitans.
769 2362 876 2389 Fraude
887 2370 918 2389 ea
933 2367 1017 2396 atque

236 2409 398 2436 seductione
421 2408 553 2443 sapientis
585 2415 633 2436 seu
663 2409 754 2443 potius
770 2407 915 2444 sophistici
942 2407 1017 2435 senis

236 2461 388 2488 persuasus
405 2454 545 2485 seductor,
560 2454 606 2488 qui
621 2454 723 2481 tnultos
735 2455 882 2489 sophistica
898 2461 946 2481 sua
959 2459 1018 2480 arte

235 2500 392 2534 deceperat,
418 2501 540 2527 eundum
563 2508 623 2528 esse
645 2508 698 2535 qua
724 2508 806 2527 senex
822 2501 944 2531 duceret,
961 2504 1019 2527 sta-

237 2546 298 2572 tuit.
314 2546 409 2573 Tridui
425 2547 477 2573 iter
491 2548 639 2581 progressi,
655 2546 683 2573 in
708 2546 783 2573 locos
802 2546 921 2574 incultos
946 2545 1018 2572 inci-

236 2593 337 2618 derunt
351 2600 358 2618 :
372 2597 400 2618 et
415 2592 465 2619 vi:e
482 2592 536 2618 dux
554 2589 652 2622 terms,
676 2592 822 2618 Consilium
850 2599 943 2622 suum,
969 2600 1017 2619 sua

237 2638 365 2664 videlicet
381 2644 477 2672 sponte
498 2643 610 2673 propter
624 2639 699 2666 cives
721 2643 750 2665 et
773 2639 918 2673 populares
942 2647 1017 2671 suos,

236 2691 266 2710 se
280 2683 312 2710 ad
339 2689 454 2710 mortem
483 2685 664 2719 procurrisse,
695 2685 891 2719 cruciatusque
921 2674 1019 2711 omnes

236 2731 359 2764 perferre
387 2735 512 2764 paratum
534 2739 606 2765 esse,
637 2732 778 2767 professus
800 2736 851 2758 est.
878 2731 907 2758 in
923 2731 1021 2758 discri-

237 2777 311 2804 mine
327 2784 433 2803 summo
446 2777 584 2804 exercitus
599 2778 772 2807 versabatur,
799 2776 959 2803 diﬂicultate
976 2775 1021 2802 iti-

237 2823 311 2849 neris
341 2828 367 2850 et
397 2822 591 2849 alimentorum
623 2823 737 2857 penuria
767 2822 934 2850 confectus:
956 2830 1018 2848 cum

238 2867 384 2902 splendida
414 2868 558 2895 Persarum
588 2869 661 2896 acies
689 2869 837 2902 derepente
865 2868 960 2901 adest,
993 2874 1020 2895 et

1105 1494 1208 1521 Ἐδόκει
1219 1494 1242 1521 δ’
1255 1494 1302 1522 οὖν
1314 1495 1431 1531 βασιλεῖ,
1450 1495 1486 1531 μὴ
1503 1495 1670 1531 προσωτέρω
1689 1497 1772 1530 ξέναι,
1786 1498 1860 1525 ἀλλὰ

1062 1539 1112 1571 τὰς
1137 1540 1188 1576 μὲν
1205 1540 1271 1572 ναῦς
1292 1542 1445 1577 ὲμττιπρᾷν.
1462 1541 1499 1572 ὡς
1522 1541 1554 1568 δι’
1570 1542 1655 1574 αὑτὰς
1671 1543 1779 1570 ποὶλῶν
1801 1545 1860 1571 ἀπο

1064 1586 1113 1620 τῆς
1125 1587 1216 1621 μάχης
1228 1588 1394 1622 γενομένων.
1409 1587 1463 1615 Καί
1476 1596 1508 1622 γε
1522 1587 1572 1623 τὴν
1583 1588 1714 1616 ἐπάνοδον
1726 1591 1858 1618 ἐποιοῦν-

1064 1641 1105 1665 το,
1121 1635 1189 1668 πρὸς
1204 1634 1253 1669 τὴν
1266 1634 1420 1669 ἀρχομένην
1435 1633 1733 1670 αὐτῶννπορευόμενοι,
1750 1638 1781 1664 ἐν
1797 1638 1860 1673 ἀρι-

1065 1679 1148 1714 στερᾷ
1167 1679 1212 1706 τὸν
1226 1679 1350 1715 Τίγρητα
1368 1680 1491 1716 ποταμὸν
1507 1681 1661 1715 διαφέντες.
1678 1682 1734 1709 Καὶ
1752 1683 1789 1710 τὰ
1807 1685 1859 1718 μὲν

1065 1725 1173 1760 πρῶτα,
1192 1726 1309 1761 εὐφόρου
1321 1727 1373 1762 γῆς
1383 1727 1430 1754 καὶ
1447 1728 1524 1754 πάντ’
1538 1728 1655 1763 ἐχούσης
1667 1729 1703 1755 τὰ
1716 1729 1859 1764 ἁναγχαῖι

1050 1771 1223 1807 -ὰρκούντως
1243 1772 1392 1806 ἀπέλαυον,
1415 1773 1469 1799 τῶν
1484 1773 1665 1809 αἰχμαλώτων
1680 1775 1788 1802 ἕκαστα
1806 1785 1859 1803 κα-

1064 1818 1258 1852 ταμηνυόντων
1268 1826 1276 1833 ·
1290 1818 1359 1853 μετὰ
1368 1819 1397 1846 δὲ
1410 1818 1490 1845 τοῦτο
1499 1819 1654 1854 πρεσϐύτης
1669 1829 1712 1853 τις
1725 1822 1800 1857 ὑπὲρ
1808 1823 1858 1857 τῆς

1066 1861 1160 1896 κοινῆς
1169 1861 1326 1898 ἐλευθερίας
1335 1862 1449 1898 Περσῶν
1461 1862 1492 1889 sb
1504 1863 1594 1890 θανεῖν
1603 1865 1791 1900 προτιμήσας,
1802 1867 1859 1898 ἑξε-

1066 1907 1177 1940 πιτηδες
1191 1907 1293 1934 ἁλῶναι
1306 1907 1492 1942 πλασάμενος,
1504 1908 1552 1934 καὶ
1566 1909 1604 1941 ὡς
1622 1908 1705 1945 δῆθεν
1718 1911 1770 1946 οὐχ
1786 1911 1858 1938 ἑκὼν

1066 1951 1244 1986 συλληφθεὶς,
1259 1952 1357 1986 ἄγεται
1373 1952 1442 1988 πρὸς
1458 1953 1582 1988 βασιλέα.
1599 1954 1687 1981 Πολλὰ
1701 1955 1724 1981 δ’
1741 1957 1859 1992 ἀνακρι-

1066 1998 1123 2029 Det;
1140 1997 1188 2024 καὶ
1210 1997 1288 2030 δόξας
1303 1998 1391 2034 ἁληθῆ
1404 1998 1505 2033 λέγειν,
1522 1999 1611 2026 πείθει
1626 2001 1701 2034 αὐτῷ
1720 2001 1856 2029 ἕπεσθαι·

1066 2041 1148 2076 τάχος
1163 2042 1217 2077 γὰρ
1239 2042 1301 2069 ὅσον
1316 2043 1343 2072 ἐς
1362 2043 1398 2070 τὰ
1418 2043 1563 2079 Ῥωμαίων
1572 2044 1634 2080 ὅρια
1650 2045 1698 2080 τὴν
1723 2048 1857 2081 στρατιὰν

1066 2086 1227 2123 ἐπιστήσειν
1242 2089 1421 2123 κατηγγυᾶτο
1431 2097 1438 2104 ⁵
1451 2089 1634 2124 δυσπρόσοδον
1652 2090 1681 2118 δὲ
1699 2092 1787 2128 μόνην
1803 2093 1858 2119 δεῖν

1066 2142 1128 2160 τινα
1149 2133 1200 2169 γῆν
1220 2133 1308 2161 ἐλθεῖν
1322 2135 1421 2167 αὐτοὺς
1447 2136 1550 2172 δυεϊνῆ
1568 2136 1652 2171 τριῶν
1666 2137 1795 2172 ἡμερῶν,
1813 2142 1858 2166 καὶ

1066 2181 1164 2215 χρῆναι
1176 2180 1212 2206 τὰ
1223 2181 1363 2216 ἐπιτήδεια
1378 2182 1472 2216 φέρειν
1483 2189 1489 2196 ·
1503 2182 1537 2209 δι’
1554 2183 1661 2218 ἐρήμου
1676 2184 1732 2219 γὰρ
1746 2185 1797 2218 τῆς
1807 2186 1858 2218 γῆς

1068 2227 1192 2262 ἀνάγκην
1205 2225 1275 2254 εἶναι
1298 2227 1328 2254 τὺ
1346 2228 1505 2264 στράτευμα
1524 2228 1648 2257 διελθεῖν.
1668 2231 1725 2256 Καὶ
1743 2231 1777 2265 δὴ
1799 2234 1857 2263 ταῖς

1068 2273 1187 2305 ἀπάταις
1220 2273 1267 2300 τοῦ
1300 2274 1383 2308 σοφοῦ
1417 2275 1506 2301 εῐτουν
1538 2276 1666 2309 σοφιστοῦ
1699 2277 1855 2311 πρεσϐύτου

1069 2319 1192 2351 πεισθεὶς
1210 2320 1224 2345 ὸ
1238 2319 1364 2346 ἀπατεὼν
1383 2321 1431 2346 καὶ
1448 2320 1561 2353 πολλοὺς
1588 2324 1854 2358 κατασοφισάμενος,

1069 2364 1139 2397 ἔγνω
1151 2364 1205 2391 δεῖν
1220 2365 1306 2400 ταύτῃ
1321 2366 1469 2401 πορευτέον
1482 2364 1562 2398 εἶναι,
1580 2367 1643 2393 ἔνθα
1659 2368 1693 2393 ἂν
1707 2369 1722 2394 ό
1740 2370 1857 2403 πρεσεύο

1068 2419 1117 2445 της
1130 2411 1235 2445 ἡγοῖτο.
1257 2411 1302 2441 Ὠς
1316 2411 1344 2438 δὲ
1361 2412 1530 2447 προσωτέρω
1543 2412 1696 2447 χωροῦντες
1714 2416 1787 2448 μετὰ
1799 2416 1856 2450 τρί-

1068 2464 1119 2490 την
1136 2456 1243 2490 ἡμέραν
1262 2456 1355 2487 τόποις
1370 2456 1476 2491 ἀγρίοις
1494 2457 1632 2491 ινέὃαλον,
1649 2458 1662 2484 ό
1679 2458 1731 2492 μὲν
1750 2460 1856 2495 γέρων,

1070 2500 1197 2536 βασάνοις
1214 2501 1349 2535 ὡμολόγει
1363 2501 1413 2537 τὴν
1427 2502 1557 2537 πρόθεσιν
1567 2523 1574 2534 ,
1589 2503 1626 2535 ὡς
1641 2503 1696 2530 τῶν
1712 2506 1856 2540 ὁμοφύλων

1070 2547 1150 2581 χάριν
1173 2547 1356 2582 αὑτομολήσοι
1383 2548 1450 2582 πρὸς
1473 2548 1587 2575 θάνατον
1602 2557 1609 2564 ·
1629 2549 1674 2576 καί
1701 2550 1727 2583 γ’
1751 2551 1856 2586 ἕτοιμον

1070 2593 1166 2618 ἑαυτὸν
1193 2594 1323 2628 παρέχειν
1347 2593 1415 2628 πρὸς
1433 2595 1486 2620 πᾶν
1501 2595 1700 2629 ἑπερχὰμενον·
1716 2597 1747 2622 ὲν
1764 2597 1855 2628 δεινοῖς

1069 2637 1092 2664 δ’
1107 2638 1240 2672 ἀφύκτοις
1259 2640 1310 2674 τῆς
1325 2640 1456 2675 στρατιᾶς
1476 2640 1729 2676 ἐναπειλημμένης,
1748 2644 1796 2670 καὶ
1809 2643 1855 2678 ἤδη

1071 2685 1242 2719 ἑκτετηκόσι,
1268 2687 1301 2719 τῇ
1323 2693 1352 2711 τε
1367 2687 1461 2721 μακρᾷ
1482 2687 1622 2721 ὁδοιπορίᾳ
1640 2688 1686 2714 καὶ
1699 2688 1793 2725 ἐνδείᾳ
1805 2690 1854 2715 τῶν

1071 2731 1240 2764 ἀναγκαίων,
1255 2731 1336 2762 εὐθὺς
1359 2732 1407 2758 καὶ
1423 2732 1546 2768 Περσικὴ
1561 2733 1714 2768 παράταξις
1732 2735 1855 2762 ἐπεισπί-

1071 2785 1133 2803 πτει
1156 2776 1260 2809 τούτοις
1278 2778 1350 2811 μάλα
1366 2779 1501 2814 λαμπρά·
1522 2780 1573 2805 καὶ
1602 2780 1693 2814 μάχης
1720 2783 1854 2816 καρτερᾶς

1073 2824 1269 2858 συῤῥαγείτης,
1279 2824 1379 2858 ἄνεμος
1405 2824 1533 2859 ἐκνεφίας
1545 2825 1663 2857 πνεύσας
1676 2827 1805 2862 σφοδρὸν,
1815 2829 1855 2854 τόν

1073 2877 1100 2894 τε
1114 2869 1228 2903 οὐρανὸν
1242 2870 1288 2896 καὶ
1298 2871 1342 2896 τὶν
1356 2870 1433 2905 ἥλιον
1445 2872 1602 2907 πυκνοτάτη)
1615 2873 1690 2907 νέφει
1704 2874 1853 2901 suibus?
