1905 3048
240 89 293 122 5:59

835 88 1047 119 NICEPHORI
1067 89 1241 119 CALLlS'l‘I

1817 89 1864 120 lGO

241 146 467 181 philosophorum
480 151 568 174 cretus
582 145 718 181 prtecipue
734 149 859 176 miratus,
882 149 911 171 ut
927 145 980 172 diis
992 145 1014 180 (l

1083 145 1172 176 κότας.
1194 145 1266 171 Ἀλλῖ
1279 145 1320 171 ὁτι
1338 145 1386 179 μὲν
1415 144 1542 180 ὑδρισταὶ
1571 145 1616 171 καὶ
1632 145 1716 180 ἄμφω
1733 143 1813 181 ἦσαν,
1835 147 1863 172 ού

239 194 365 223 charum,
377 197 405 219 et
417 201 500 227 supra
519 192 637 219 hominis
647 196 756 226 captum
775 191 939 226 sapientem,
952 198 1026 218 com-

241 238 415 271 mendarunt,
443 238 487 265 ille
516 238 589 264 fecit.
620 237 818 272 Transgressor
840 245 905 263 vero
921 241 1024 271 patrctn

239 284 393 315 a-mulatns,
410 285 480 311 idem
501 285 542 311 eis
563 283 637 316 fecit,
662 284 763 318 quibus
780 284 923 313 successit,
941 285 1027 317 impe-

241 329 389 356 ratoribus.
405 329 504 357 Omnes
516 337 634 364 namque
657 329 841 364 reprehendit,
852 335 880 356 et
893 337 926 356 nc
936 329 1026 356 Marco

242 375 351 409 quidem
377 377 542 412 pltilosoplto
567 377 703 411 pepercit.
728 375 804 403 Adeo
825 383 890 402 sane
908 376 934 402 in
951 375 1025 403 Cott-

1077 193 1118 219 δεῖ
1135 201 1178 226 μοι
1205 191 1353 218 πλειόνων*
1370 191 1477 226 ἀπόχρη
1494 191 1549 226 γὰρ
1568 191 1615 218 καὶ
1636 192 1724 218 ταῦτα
1738 193 1780 224 εἰς
1803 201 1861 226 γεν-

1078 238 1156 264 ναίαν
1174 238 1347 272 παράστασιν
1361 237 1410 271 τῆς
1428 237 1511 263 αὑτοῦ
1537 238 1735 273 κακομηχάνου
1758 238 1861 272 ψυχῆς’

1079 285 1249 319 μῖρτυρήσει
1263 283 1291 310 δέ.
1298 292 1353 322 μοι
1369 285 1427 315 τοῖς
1442 283 1534 317 λόγοις
1550 283 1649 318 μικρὸν
1665 284 1780 320 ὕστερον
1795 284 1862 310 καὶό

1079 329 1235 363 θαυμαστὸς
1256 328 1418 363 Γρηγόριος,
1437 328 1486 362 τὴν
1508 328 1589 362 φύσιν
1603 327 1687 355 αὐτοῦ
1703 328 1791 354 καὶτὸ
1802 326 1862 363 ἦθος

1078 375 1177 409 ἄριστα
1187 374 1355 408 διαγρᾶψων.

239 423 390 451 stantinunt
408 430 535 457 magnum
549 428 577 450 et
595 422 785 450 Constantium
804 422 889 449 ﬁliuni
909 422 968 456 ejus
1000 426 1042 449 est
1063 421 1197 452 invectus,
1214 425 1242 448 ut
1275 420 1354 447 facile
1382 421 1541 448 existimare
1557 421 1648 451 liceat.
1666 429 1719 448 non
1733 421 1815 450 aliam
1831 420 1862 447 ob

238 478 347 497 causam
362 470 437 496 illum
456 470 596 497 scribendi
622 469 742 496 laborem
761 469 925 502 suscepisse,
956 476 1038 503 quam
1060 472 1089 495 ut
1104 468 1189 494 istos,
1203 467 1395 502 proscinderet
1422 472 1517 501 utpote
1534 468 1607 494 viros
1623 467 1668 494 Dei
1687 473 1822 498 amantes.
1839 473 1862 494 et

238 516 285 551 qui
301 516 474 548 fortitudine,
490 516 637 543 virtutibus
652 515 721 546 aliis,
749 519 777 541 ct
794 523 857 541 vera
889 514 1062 549 philosophia
1082 513 1191 541 laudent
1216 521 1341 548 magnam
1367 514 1508 541 consecuti
1525 519 1629 541 essent.
1648 514 1748 541 Verum
1772 515 1863 541 ambos

238 563 288 589 hos
301 562 500 589 conviciatorcs
511 561 607 593 fuisse,
631 561 764 595 ampliore
776 560 939 595 probatione
952 560 1018 587 mihi
1039 568 1109 595 opus
1145 567 1199 586 non
1215 565 1266 586 est.
1300 559 1443 586 Suﬂiciuut
1460 560 1534 587 ettim
1557 561 1608 587 ista
1619 581 1626 591 ,
1643 560 1676 586 ad
1692 566 1798 587 certant
1815 569 1864 588 ma-

237 611 383 638 let‘olentis
397 611 470 637 illius
483 609 567 636 anitni
582 608 810 636 declarationem:
824 613 852 636 et
869 608 950 643 paulo
962 612 1023 642 post
1044 607 1136 635 verbis
1166 608 1225 634 suis
1243 606 1311 633 mihi
1344 606 1522 634 adntirandus
1541 607 1587 635 ille
1603 607 1755 642 Gregorius
1773 608 1863 636 suffra-

236 658 357 693 gabitur,
373 657 420 692 qui
449 661 576 684 naturam
602 660 630 683 et
658 663 748 684 tnorcs
763 660 894 690 apostata:
923 657 1027 690 optime
1047 655 1181 690 depinxit.

270 705 355 732 Porro
375 703 447 739 quod
465 704 548 730 etiam
570 708 634 730 ante
654 702 722 730 istos
741 703 871 738 permulti
890 703 1023 730 doctrina:

236 757 336 779 nostra:
362 751 505 778 veritatem
531 750 556 776 vi
580 757 741 784 oppugnare
754 750 876 784 aggressi
892 753 977 781 sunt,
1006 756 1022 777 e

1115 702 1177 728 Ὅτι
1189 701 1218 728 δὲ
1231 701 1278 727 καὶ
1296 701 1350 736 πρὸ
1366 700 1457 728 αὐτῶν
1469 701 1562 728 πολλοὶ
1577 701 1625 728 τοῦ
1640 702 1701 729 καθ’
1718 703 1794 737 ἡμᾶς
1807 702 1864 737 δόγ-

1077 756 1162 781 ματος
1178 747 1325 781 βιάσασθαι
1335 748 1385 783 τὴν
1395 748 1526 783 ἀλήθειαν
1540 747 1734 784 ἐπεχείρησαν,
1743 750 1807 775 τινὰ
1818 751 1864 783 μὲν

235 798 338 825 divinis
365 797 484 823 oraculis
511 795 634 830 quaedam
665 800 866 830 pervertentes,
897 795 1017 830 quaedam

1083 794 1129 820 πῶν
1145 794 1225 821 οείων
1256 794 1390 829 χρησμῶν
1407 794 1645 829 παρατρέψαντες,
1679 795 1748 821 ἄλλα
1771 795 1800 821 δὲ
1821 795 1865 822 καὶ

235 848 326 870 autem
344 842 377 869 ad
397 849 508 869 sensum
524 849 603 869 suum
630 841 834 876 detorquentes,
857 849 911 867 tton
941 841 1021 875 pauci

235 889 427 920 ostenderunt,
445 888 491 923 qui
505 896 566 915 cum
591 887 644 915 illis
668 887 816 921 congressi,
833 887 1022 914 cavillationes

236 943 333 963 eorum
361 935 517 961 confutatos
534 934 561 960 in
585 933 695 968 publica
723 937 900 960 monumenta
920 933 1021 960 retule.

236 986 311 1008 runt.
343 980 372 1007 In
399 980 495 1014 primis
523 987 588 1006 vero
611 979 788 1006 doctissimus
813 978 955 1013 Origenes,
974 978 1021 1013 qui

235 1027 318 1061 longo
331 1029 394 1053 ante
410 1024 549 1052 Julianum
575 1031 699 1059 tempore
724 1024 788 1055 fuit,
806 1031 976 1058 quaecunque
995 1024 1020 1050 in

236 1073 322 1100 sacris
348 1072 460 1099 Litteris
478 1072 572 1099 turbas
597 1072 690 1102 ciere,
718 1075 765 1097 aut
785 1071 902 1098 lectores
927 1077 1020 1097 earum

235 1120 400 1155 perturbare
418 1119 475 1146 visa
486 1123 561 1149 sunt,
577 1117 662 1152 probe
676 1116 813 1148 distinxit,
837 1115 1021 1151 subjectisque

235 1165 385 1193 contrariis
409 1164 579 1199 argumentis
590 1184 597 1196 ,
621 1168 649 1190 et
666 1162 735 1190 locis
751 1162 916 1197 quibusque,
939 1163 976 1189 ita
991 1167 1021 1190 nt

234 1212 341 1243 debuit,
358 1211 514 1242 declaratis,
532 1218 628 1238 eorum
645 1209 692 1244 qui
711 1217 758 1236 eos
773 1208 842 1236 male
852 1213 880 1236 et
894 1209 1020 1243 imperite

235 1259 404 1292 acciperent,
421 1265 507 1292 nugas
518 1257 613 1292 longas
621 1261 648 1284 et
657 1255 819 1290 sophisticas
830 1255 1020 1291 aggressioues

233 1304 343 1331 refellit.
367 1303 493 1330 Indicant
509 1302 570 1333 hoc,
585 1309 646 1336 qua:
666 1301 688 1329 is
708 1301 741 1328 ad
757 1301 878 1328 Galatatn
905 1301 1020 1328 Marcel-

231 1349 289 1376 lum
315 1349 479 1383 composuit,
495 1353 522 1375 et
539 1355 599 1383 qua
624 1347 656 1374 ad
681 1347 860 1382 Porphyrium
883 1347 920 1381 (2')
937 1354 1019 1381 quem

232 1397 364 1429 diximus,
381 1396 534 1422 luculenter
548 1393 874 1428 reseripsit,88|ibellis
890 1393 923 1421 de
936 1393 1019 1421 rebus

231 1441 401 1475 ejuscemodi
420 1441 512 1472 editis,
521 1440 622 1477 quibus
631 1443 743 1474 propter
753 1440 858 1474 copiam
871 1439 1016 1467 verborum

1074 841 1142 875 πρὸς
1170 841 1216 867 τὸν
1242 841 1309 867 tam
1337 841 1438 868 σκοπὸν
1465 841 1657 875 ἐκλαὸὁμενοι,
1683 841 1792 874 ἔδειξαν
1817 843 1865 875 μὲν

1073 887 1168 914 πολλοὶ
1191 888 1230 918 εἰς
1262 888 1425 923 ἀντίρρησιν
1451 889 1637 919 καταστάντες
1660 888 1790 920 ἐκείνοις,
1821 888 1865 914 καὶ

1073 933 1299 968 στηλιτεύσαντες
1316 933 1418 968 ἐλέγχῳ
1433 934 1467 960 τὰ
1487 934 1602 960 ἐκείνων
1620 934 1792 968 σοφίσματα.
1811 935 1865 969 Πρὸ

1073 978 1100 1005 δὲ
1118 979 1229 1005 πάντων
1246 980 1260 1006 ὁ
1276 978 1324 1014 τὴν
1348 979 1449 1013 γνῶσιν
1471 979 1555 1011 πολὺς
1580 979 1738 1015 Ὠριγὲνης,
1766 981 1865 1016 μακρῷ

1073 1024 1161 1060 χρόνῳ
1190 1026 1237 1051 καὶ
1253 1025 1308 1059 πρὸ
1331 1024 1477 1052 Ἰουλιανοῦ
1505 1025 1646 1060 γεγονώςθ
1671 1026 1705 1052 τὰ
1729 1026 1865 1053 δοκοῦντσ.

1072 1071 1218 1105 ταράττειν
1229 1072 1289 1102 ταῖς
1306 1071 1392 1106 ἱεραῖς
1408 1071 1511 1106 βίὸλοις
1527 1071 1731 1107 διευκρινήσα;,
1743 1071 1865 1098 ἀνουτιε-

1072 1116 1178 1151 νεγκών
1191 1126 1221 1143 τε
1235 1118 1282 1144 καὶ
1299 1117 1337 1149 ὡς
1353 1116 1442 1153 χρεὼν
1455 1117 1621 1153 σαφηνίσας,
1634 1118 1688 1144 τῶν
1703 1118 1807 1150 κακῶς
1820 1119 1864 1144 καὶ

1072 1163 1240 1197 ἀγνωμόνως
1256 1163 1369 1195 ταύταις
1390 1164 1586 1198 διακειμένων,
1599 1163 1648 1199 τὴν
1678 1164 1791 1198 μακρὰν
1804 1165 1863 1199 ὲρε-

1073 1209 1182 1244 σχελῐαν
1197 1210 1244 1236 καὶ
1261 1211 1310 1242 τὰς
1328 1211 1491 1244 σοφιστικὰς
1513 1211 1701 1246 ἐπιχειρήσεις
1719 1210 1863 1246 ἐξήλεγξε.

1071 1253 1197 1280 Δείκνυσι
1212 1253 1240 1279 δὲ
1257 1253 1275 1280 ἃ.
1291 1255 1359 1288 πρός
1372 1262 1402 1280 τε
1421 1254 1465 1280 τδν
1480 1254 1604 1290 Γαλάτην
1617 1255 1786 1289 Μάρκελλον
1803 1265 1865 1282 συν-

1071 1299 1159 1332 έταξε,
1179 1300 1224 1326 καὶ
1244 1299 1261 1326 ἃ
1289 1300 1357 1335 πρὸς
1382 1301 1427 1327 τὸν
1451 1301 1598 1336 εἰρημένον
1627 1301 1787 1337 Πορφύριον
1806 1311 1865 1336 γενα

1071 1347 1152 1378 ναίως
1168 1347 1298 1374 ἀντεῖπε·
1317 1347 1407 1382 βίϐλον
1421 1348 1464 1381 ἐφ’
1481 1348 1590 1383 ἑκάστῳ
1607 1348 1710 1375 τούτων
1733 1357 1865 1376 συντετα-

1070 1394 1137 1428 χὼς,
1155 1393 1204 1420 καὶ
1234 1393 1360 1428 ἀφώνους
1389 1394 1550 1430 ἁπελέγχων
1573 1396 1605 1430 τῇ
1630 1395 1683 1421 τῶν
1700 1395 1793 1429 λόγων
1815 1397 1863 1430 τῆς

1071 1439 1199 1474 ἀληθείας
1215 1440 1378 1475 περιουσίᾳ*
1395 1437 1437 1472 οἷς
1453 1442 1477 1467 εὶ
1494 1440 1543 1476 μὴ,
1556 1441 1592 1472 ὡς
1609 1441 1717 1476 ἔτυχεν,
1734 1443 1863 1478 ἐνέτυχεν

231 1487 357 1513 veritatis
369 1485 470 1517 effecit,
484 1490 513 1512 ut
531 1486 569 1512 illi
594 1485 666 1520 quod
688 1489 782 1513 cotttra
808 1486 945 1517 dicerettt,
964 1493 1017 1512 non

1084 1486 1231 1518 ἰουλιανδς,
1251 1487 1301 1513 οὐκ
1324 1487 1357 1513 ἂν
1379 1487 1451 1514 οὕτω
1470 1487 1627 1521 σοφίζεσθαι
1644 1489 1690 1514 καὶ
1709 1488 1864 1523 βλάσφημα

232 1531 377 1558 haberent.
401 1530 476 1563 Quos
494 1530 578 1558 libros
597 1531 618 1557 si
637 1538 693 1557 non
715 1530 751 1556 ita
777 1530 878 1558 cursim
894 1530 1018 1557 Julianus

231 1577 354 1611 legisset,
368 1584 510 1614 nunquam
531 1577 564 1603 ad
587 1576 775 1603 cavillationes
792 1580 819 1602 et
834 1575 1018 1610 blasphemias

230 1622 394 1650 scribendas
410 1622 539 1657 delapsus
551 1627 633 1650 esset.
649 1622 702 1650 Sed
714 1622 789 1649 enim
803 1621 912 1650 Juliano
926 1622 1017 1649 studio

231 1670 326 1701 fuisse,
342 1674 369 1696 ut
385 1669 582 1696 scommatibus
600 1673 628 1696 et
650 1669 796 1696 dicacitate
813 1672 947 1701 uteretur,
961 1676 1016 1696 non

231 1715 302 1748 apud
324 1722 371 1742 eos
387 1715 434 1749 qui
449 1714 564 1741 solidam
574 1713 682 1749 pietatis
695 1714 836 1741 veritatem
855 1718 883 1741 et
901 1713 1016 1740 fortnam

232 1766 335 1793 tenent,
350 1761 398 1788 Sed
415 1761 554 1795 simplices
576 1767 604 1788 et
626 1761 768 1795 imperitos
783 1761 918 1792 homines,
934 1768 968 1787 ex
983 1768 1016 1788 eo

231 1808 299 1834 satis
314 1812 430 1835 constat.
454 1807 506 1835 Ubi
528 1807 600 1834 enim
621 1814 635 1834 e
654 1806 815 1841 Scripturis,
845 1814 1015 1841 quaecunque

229 1855 371 1882 hominum
387 1861 474 1887 more,
496 1857 577 1888 prout
593 1861 636 1880 res
659 1852 750 1880 ferunt
762 1872 768 1884 ,
787 1852 820 1879 ad
843 1858 952 1887 captum
968 1860 1017 1880 no-

230 1908 329 1935 strum,
346 1901 380 1928 de
400 1901 466 1933 Deo,
479 1905 506 1927 et
530 1900 664 1935 praecipue
687 1900 721 1927 de
733 1899 835 1927 Christi
850 1900 1014 1933 teconomia,

229 1948 380 1982 salutisque
395 1951 496 1974 nostra:
519 1946 759 1974 administratione
781 1945 852 1973 dicta
866 1950 941 1979 suttt,
969 1946 1017 1974 dc-

228 1994 340 2027 i-crpsit,
372 1999 399 2020 et
427 1993 486 2028 ejus
507 1992 615 2027 generis
642 1992 714 2019 dicta
741 1992 865 2026 quaedam
894 1992 1014 2026 collegit,

229 2039 329 2065 deinde
357 2039 432 2065 hisce
447 2038 539 2065 verbis
568 2037 671 2064 infert:
703 2047 712 2063 ι
735 2038 836 2064 Horum
853 2037 936 2072 igitur
957 2045 1016 2065 om-

228 2085 316 2116 nium,
335 2084 388 2110 nisi
406 2085 475 2111 ratio
488 2084 620 2117 quaapiam
638 2088 690 2114 est,
705 2091 832 2110 arcanam
844 2084 972 2118 aliquam,
986 2088 1016 2111 ut

204 2141 210 2147 -
227 2139 278 2165 ego
294 2135 372 2172 puto,
401 2130 661 2164 contemplationem
684 2130 807 2169 habens,
833 2131 932 2158 multas
950 2131 1014 2158 libri

1070 1532 1187 1567 γράφειν
1205 1532 1373 1564 ὲξεκυλίετο.
1389 1533 1451 1560 Ὅτι
1478 1533 1507 1560 δὲ
1538 1534 1648 1568 σκῶῷαι
1676 1534 1722 1561 διὰ
1741 1536 1864 1569 σπουδῆς

1070 1578 1146 1604 ἔθετο
1162 1577 1317 1611 Ἰουλιανὸς,
1332 1580 1364 1606 of;
1381 1579 1450 1614 πρὸς
1462 1580 1526 1611 τοὺς
1542 1580 1590 1615 τὴν
1607 1580 1697 1615 ἁληΟῆ
1714 1582 1862 1615 μόρξωσιν

1069 1623 1118 1657 τῆς
1134 1623 1276 1655 εὐσεϐείας
1290 1625 1514 1660 περικειμένους,
1532 1626 1601 1651 ἀλλὰ
1617 1625 1686 1661 πρὸς
1710 1627 1775 1658 τοὺς
1795 1628 1865 1653 ἐξιόν-

1069 1677 1118 1700 τας
1137 1669 1184 1696 καλ⁸
1207 1670 1394 1706 ἁπλούστερον
1423 1671 1626 1706 διακειμένους,
1647 1672 1730 1706 δῆλον
1755 1674 1864 1700 ἐκεῖθέν

1068 1716 1138 1743 ἐστι.
1157 1715 1228 1744 "Octa
1247 1716 1302 1751 γὰρ
1327 1716 1377 1752 τῆς
1391 1717 1503 1752 Γραφῆς
1518 1718 1703 1753 οἰκονομικῶς
1721 1719 1865 1753 ἀνθρωπ-

1068 1761 1190 1796 κώτερον
1201 1763 1343 1795 τέτακται,
1354 1763 1548 1798 ὲκλαϐὁμενος,
1564 1765 1611 1790 καὶ
1626 1765 1744 1791 τοιαῦτα
1756 1766 1788 1800 δή
1802 1774 1864 1791 τικια

1068 1807 1255 1842 ὲπισυνείρας,
1281 1809 1380 1834 ἔπειτα
1405 1809 1542 1843 ἐπιφέρει,
1573 1810 1661 1843 λέγων
1682 1810 1731 1836 ἐπὶ
1759 1810 1862 1842 λέξεως

1068 1850 1154 1883 οὕτως
1168 1860 1174 1867 ·
1192 1862 1202 1878 ‹
1219 1852 1330 1880 Τούτων
1346 1853 1437 1880 τοίνυν
1453 1854 1578 1886 ἕκαστον,
1596 1855 1619 1880 εί
1638 1854 1676 1890 μὴ
1690 1855 1773 1889 λόγος
1786 1857 1863 1882 ἐστὶν

1068 1897 1225 1933 ἀπόρρητον
1238 1898 1308 1934 ἔχων
1330 1900 1391 1927 τινὰ
1409 1899 1538 1935 Θεωρίαν,
1554 1901 1621 1935 ὅπερ
1641 1901 1696 1934 ἐγὼ
1711 1902 1862 1937 νενόμικα,

1068 1944 1169 1979 πολλῆς
1191 1945 1323 1980 γέμουσιν
1344 1946 1369 1972 of.
1393 1946 1467 1981 λόγοι
1483 1947 1551 1982 περὶ
1570 1946 1618 1973 τοῦ
1637 1947 1706 1973 Θεοῦ
1731 1948 1863 1983 βλασςη-

1069 1991 1142 2026 μίας.
1165 2001 1174 2017 ι
1200 1992 1284 2019 Ταυτὶ
1310 1992 1359 2027 μὲν
1387 1994 1417 2018 ὲν
1439 1992 1477 2028 τῷ
1494 1993 1579 2029 τρίτῳ
1594 1994 1678 2020 αὑτοῦ
1695 1995 1769 2021 κατὰ
1793 1995 1863 2031 Χρι-

1068 2037 1184 2064 στιανῶν
1201 2037 1297 2073 βιὸλίῳ
1321 2038 1449 2071 διέξεισιν
1463 2047 1470 2054 ·
1486 2039 1516 2066 ἐν
1532 2040 1561 2066 δὲ
1581 2040 1620 2074 τῷ
1634 2040 1708 2075 λόγῳ
1732 2041 1762 2067 ὃν
1789 2042 1862 2076 Περὶ

1068 2083 1220 2117 κυνισμοῦ
1236 2083 1399 2118 ἐπιγράφει,
1411 2084 1564 2119 φιλοσοφῶν
1579 2086 1652 2117 ὅπως
1668 2085 1712 2111 δεῖ
1726 2086 1863 2113 πλάττειν

1068 2130 1132 2160 τοὺς
1149 2130 1252 2164 μύθους
1270 2131 1333 2162 τοὺς
1364 2131 1458 2166 ίερεῖς,
1486 2132 1533 2158 καὶ
1547 2132 1636 2158 ταῦτά
1663 2140 1768 2167 φησιν*
1790 2142 1799 2158 ι
1816 2134 1864 2158 Δεῖ

228 2175 272 2201 isti
290 2175 323 2201 de
342 2176 396 2201 Deo
420 2174 563 2200 (ontincnt
586 2174 780 2207 blasphetnias.
800 2184 808 2200 ι
824 2175 886 2202 Hmc
901 2175 1013 2210 quidem

1086 2175 1200 2210 ρύπτειν
1217 2176 1265 2211 τὴν
1291 2178 1355 2211 περὶ
1380 2178 1433 2203 τῶν
1465 2177 1596 2204 τοιούτων
1617 2178 1768 2212 ἀλήθειαν·
1785 2179 1862 2214 φιλλ

226 2221 254 2246 in
269 2220 350 2246 tertio
367 2227 417 2246 suo
433 2218 530 2246 Contra
550 2219 713 2246 Christianos
736 2220 806 2247 libro
823 2220 905 2248 refert
921 2221 965 2248 :ln
980 2229 1012 2248 eo

225 2272 317 2293 autem
333 2266 404 2293 libro
425 2274 505 2300 quem
524 2265 563 2292 De
587 2265 738 2301 Cynicismo
762 2267 913 2302 inscripsit,
944 2276 1012 2303 quo-

226 2313 308 2340 ntodo
335 2312 481 2339 conveniat
507 2320 599 2339 sacras
615 2312 715 2347 fingere
730 2313 836 2340 fabulas
859 2314 1011 2347 disserens,

227 2361 283 2386 hzec
297 2359 394 2386 scribit
409 2368 414 2385 :
435 2368 443 2383 ι
462 2359 498 2385 De
513 2358 595 2385 rebus
611 2359 779 2393 ejusccmorli
800 2360 941 2387 veritatem
963 2369 1011 2388 oc-

225 2399 325 2432 cultari
353 2410 485 2439 oportet,
506 2405 564 2431 vult
591 2406 665 2431 enim
688 2410 786 2432 natura
811 2406 955 2439 occultari,
985 2412 1012 2433 ct

224 2452 298 2486 quod
313 2452 345 2478 de
360 2452 474 2479 deorum
492 2452 611 2479 essentia
625 2451 763 2478 oceultttnt
780 2457 831 2484 est,
852 2452 934 2479 nudis
948 2461 1011 2480 vcr-

224 2497 267 2525 bis
295 2498 322 2524 in
351 2505 431 2524 aures
457 2497 589 2531 impuras,
607 2497 704 2532 conjici
726 2505 779 2524 non
805 2498 932 2525 sustinet.
947 2508 956 2524 ι
971 2499 1011 2526 Ex

223 2543 324 2576 quibus
342 2543 433 2571 verbis
445 2545 512 2570 satis
538 2548 666 2578 apparet,
684 2543 868 2578 suspicionem
888 2552 950 2571 eum
963 2546 1012 2572 ob-

224 2590 324 2620 tinere,
346 2589 491 2624 mysticum
503 2589 633 2624 quiddam
651 2593 679 2616 et
694 2597 825 2616 arcanum
842 2597 946 2616 sacram
969 2595 1010 2617 te-

223 2642 287 2669 gere
302 2635 483 2669 Scripturam.
509 2636 627 2663 Videtur
647 2643 758 2670 quoque
777 2635 925 2671 indigitari,
956 2645 1009 2664 non

258 2714 296 2747 (ι)
312 2714 439 2750 Justinus
466 2715 648 2750 philosophus
665 2720 692 2742 et
710 2720 812 2750 martyr
829 2715 942 2747 Christi,
961 2717 1012 2744 So-

222 2756 323 2776 cratem
336 2755 362 2777 et
375 2749 542 2777 Heraclitum
558 2749 583 2776 in
599 2751 696 2777 eodem
711 2749 835 2785 catalogo
850 2756 1008 2778 sanctorum

221 2793 282 2847 \Ttlllll
299 2786 436 2812 Abraham
451 2791 477 2812 ct
494 2786 550 2812 lilia
563 2790 697 2819 recenset,
722 2791 849 2820 tanquam
869 2787 943 2814 vet-lii
963 2787 1008 2814 Dei

220 2827 251 2847 cu
267 2825 348 2849 tores.

1065 2224 1119 2258 γὰρ
1139 2225 1155 2258 ή
1171 2225 1251 2259 φύσις
1270 2226 1442 2260 κρύπτεσθαι
1455 2234 1462 2241 ·
1479 2226 1526 2253 καὶ
1543 2227 1572 2252 τὸ
1597 2227 1795 2261 κεκρυμμένον
1809 2227 1863 2262 τῆς

1064 2270 1118 2296 τῶν
1132 2270 1202 2296 θεῶν
1215 2271 1309 2302 οὐσίας
1330 2272 1380 2297 οὐκ
1394 2272 1522 2306 ἀνέχεται
1536 2273 1651 2307 γυμνοῖς
1673 2272 1715 2303 είς
1731 2273 1861 2308 ἀκαθάρ-

1064 2324 1126 2346 τους
1144 2315 1230 2347 ἀκοὰς
1244 2317 1390 2351 ῥίπτεσθαι
1406 2319 1540 2353 ῥήμασιν.
1563 2327 1573 2344 ι
1593 2318 1639 2350 Ἐξ
1654 2316 1692 2345 ῶν
1708 2320 1742 2354 δὴ
1763 2320 1862 2354 φαίνε-

1065 2371 1108 2388 ται
1129 2363 1158 2388 ἐν
1173 2363 1317 2395 ὑπονοίαις
1346 2363 1415 2390 εἶναι
1444 2366 1578 2399 μυστικόν
1591 2374 1617 2391 τι
1634 2366 1683 2392 καὶ
1697 2366 1860 2401 ἀπόρρητον

1064 2407 1198 2441 κρύπτειν
1220 2409 1268 2444 τὴν
1290 2409 1364 2436 θείαν
1383 2411 1505 2445 Γραφήν.
1526 2411 1616 2438 Ἐοικε
1632 2411 1661 2438 δὲ
1678 2413 1726 2439 καὶ
1752 2414 1860 2447 ἀγανα-

1064 2455 1150 2486 κτεῖν,
1165 2454 1206 2480 ὅτι
1230 2454 1269 2489 μὴ
1285 2457 1386 2488 πάντες
1411 2456 1460 2491 τὴν
1487 2458 1547 2492 ῐσην
1566 2458 1695 2484 ὑπόνοιαν
1712 2461 1780 2494 περὶ
1796 2460 1861 2486 τού-

1063 2509 1117 2527 των
1133 2500 1245 2536 ἔχουσι·
1268 2504 1315 2529 καὶ
1339 2504 1394 2530 τῶν
1419 2504 1593 2538 Χριστιανῶν
1616 2507 1801 2541 κατατρέχειν
1817 2507 1862 2532 ἐν·

1063 2546 1169 2578 τεῦϐεν,
1192 2546 1239 2573 ἅτε
1254 2548 1285 2582 δὴ
1300 2548 1488 2584 ἁπλούστερον
1503 2549 1660 2584 δεχομένων
1677 2551 1713 2578 τὰ
1730 2553 1858 2587 ῥήματα.

1071 2591 1169 2632 Ἐχρῆν
1185 2593 1214 2619 δὲ
1235 2594 1273 2628 μὴ
1288 2593 1358 2620 οὕτω
1382 2595 1426 2621 διὰ
1443 2596 1494 2630 τὴν
1510 2596 1566 2622 τῶν
1586 2596 1696 2622 πολλῶν
1710 2597 1860 2632 ἁπλότητα

1063 2630 1138 2662 κατὲί
1148 2637 1201 2664 τῶν
1220 2638 1300 2673 ἱερῶν
1316 2639 1508 2674 ὲκτνφωθήνιι
1532 2641 1662 2676 Γραφῶν,
1681 2642 1754 2677 μηδὲ
1773 2642 1861 2676 μισ-ἧ-

1100 2714 1233 2754 (Ξ)-Ειιίνι
1269 2716 1439 2754 Porphyrius
1475 2717 1683 2751 condiscipulus
1718 2719 1859 2754 Origcnis.

1064 2751 1296 2788 apuilrl’lotinum
1315 2752 1488 2786 magistrum,
1505 2758 1530 2780 et
1557 2761 1643 2788 usque
1671 2755 1706 2781 ad
1734 2751 1859 2788 tempora

1065 2786 1144 2813 Ιίνιιὺὶ
1159 2787 1226 2821 Imp.
1245 2787 1320 2814 vixit.
1339 2788 1416 2815 Suid.
