1905 3048
83 129 129 160 $59
538 127 840 163 ECCLESIAS'I‘IC.E
861 130 1052 161 IIISTORHE
1072 131 1145 162 LIB.
1163 133 1188 162 Χ
1645 133 1698 162 πθ

83 184 162 212 donec
174 192 238 212 eum
253 184 400 212 Tarsensis
413 185 478 213 urbs
488 187 606 221 excepit,
624 187 718 213 nescio
732 186 879 221 quomodoI
901 192 948 214 aut
961 196 1042 222 quam
1071 188 1106 215 ob
1120 196 1231 215 eatISam
1251 188 1283 215 ad
1301 187 1494 216 contumeliam
1523 188 1601 214 talem
1629 197 1696 216 enn-

81 235 212 261 demnata.
243 235 283 262 lbi
311 234 356 261 ille
378 235 512 262 tumulum
547 235 631 262 habet
662 235 854 262 inhonoratum
873 241 901 262 ct
927 236 1083 270 sepulcrum
1113 237 1310 264 exsecrandum
1326 237 1443 263 maxime
1457 236 1694 269 etdcspuemlnm,

82 289 164 314 neque
177 282 214 315 pii
233 281 351 316 alicujus
366 282 455 309 oculis
476 281 715 316 conspiciendum.
734 281 768 308 Et
781 282 860 309 siculi
882 289 933 316 ego
968 282 1078 317 quidem
1099 283 1132 309 de
1164 282 1406 317 quopiamaudivi,
1419 290 1452 309 ne
1467 283 1623 316 sepulcrum
1638 283 1697 314 qui-

80 327 137 354 dem
150 335 212 355 eum
227 329 454 363 recepitzvernm
467 337 528 364 qua:
540 329 600 364 ejus
615 336 694 356 causa
711 334 845 356 commota
866 334 908 356 est
929 334 1013 362 terra,
1047 329 1164 357 cadaver
1191 331 1250 364 ejus
1270 330 1408 357 ‘exeussit
1431 334 1514 363 atque
1546 328 1650 369 rejecit,
1671 334 1698 354 ut

81 373 127 401 hoc
141 375 176 401 sit
196 375 352 402 futurorum
365 376 563 410 suppliciorum
579 377 657 410 quasi
674 376 810 411 quoddam
828 376 1001 410 przeludium.
1015 376 1049 404 Et
1068 377 1178 412 quidem
1198 377 1240 404 sic
1255 377 1301 412 qui
1328 376 1515 411 imperaverit,
1546 376 1585 403 sic
1596 375 1696 402 billnm

78 422 198 455 gesserit,
215 423 257 449 sic
275 430 387 457 quoque
403 423 521 457 turpiter
538 423 619 450 vitam
636 423 753 450 ﬁnivit.»

362 482 488 510 ΚΕΦΑΛ.
504 481 569 509 ΑΠ’.

111 526 177 560 Περὶ
190 525 248 560 τῆς
259 526 424 559 ,βασιλείας
443 527 497 553 τοῦ
514 527 661 559 εὐσεϐοῦς
671 526 826 559 βασιλέως

313 562 453 589 ἰοϐιανοῦ
467 562 503 589 ἐν
515 562 648 595 Περσίδι.

111 620 142 646 Οἱ
153 619 183 645 δέ
196 628 229 653 γε
247 620 412 654 στρατιῶται
428 620 475 646 καὶ
490 621 640 655 στρατηγοὶ
656 621 689 655 τῇ
704 620 770 655 ἑξῆς
786 620 862 655 βασι-

78 665 123 692 λέα
139 665 366 692 ἀναδεικνύουσιν
387 665 526 697 ’ῐοΰιανὸν,
546 665 631 700 ἄνδρα
649 666 769 700 ἐπιφανῆ
784 665 818 692 τά
831 674 861 692 τε

77 713 142 739 ἄλλα
157 713 205 738 καὶ
219 713 269 747 τὴν
282 712 426 739 εὐσέϐειαν
443 712 490 738 καὶ
515 712 545 738 τὸ
560 711 642 744 εἶδος,
659 712 813 746 τυραννίδος
825 711 862 744 ὡς

76 757 184 792 ἀληθῶς
204 758 299 790 ἄξιον·
312 758 341 789 ὃς
361 758 498 793 χιλίαρχος
518 757 556 784 ὣν
581 759 727 793 πρότερον,
743 760 861 792 ὁπηνίκα

81 805 227 836 Ἰουλιανὸς
245 807 304 836 τοῖς
322 805 548 839 στρατευομένοις
574 805 681 838 αἵρεσιν
709 805 859 839 προύτίθει,

75 849 202 884 ﬁssam]
216 849 267 885 τὴν
283 850 372 885 ζώνην
383 849 573 883 ἀποτίθεσθαι,
587 851 616 877 τὺ
627 850 754 885 δεύτερον
769 847 864 886 ᾑρείτὸ

76 895 177 929 μᾶλλον
192 895 209 930 ἦ
227 895 348 923 τοιοῦτον
362 896 460 927 ἀσεὸὲς
479 896 620 932 ἐπίταγμα
643 896 809 931 ἐκπληροῦν.
831 897 861 924 Ὀ

76 941 125 974 μὲν
140 939 187 967 οὖν
205 941 345 976 βασιλεὺς,
360 943 393 976 τῇ
411 942 457 968 τοῦ
474 942 650 977 ἐπικειμένου
668 943 785 978 πολέμου
804 943 859 979 βίᾳ,

75 984 174 1021 οἷάπερ
200 988 355 1022 στρατηγὸν
372 988 496 1021 ἄριστον,
525 989 574 1014 σὺν
589 990 645 1019 τοῖς
664 989 766 1020 λοιποῖς
793 987 861 1024 ἦγεν

76 1032 173 1058 αὐτόν*
199 1031 261 1057 τότε
284 1032 312 1057 δὲ
326 1031 365 1062 εις
390 1031 420 1057 τὸ
435 1031 588 1066 βασιλεύειν
600 1033 703 1068 μεταξὺ
720 1035 770 1068 τῆς
784 1034 862 1060 πολε-

76 1077 141 1110 μίας
167 1077 216 1102 ἆτε
245 1076 278 1111 δὴ
302 1078 356 1103 τῶν
372 1077 459 1104 ἄλλων
483 1078 622 1112 διαφέρων
637 1079 772 1113 αἱρεθεὶς,
793 1089 861 1114 παρ-

74 1123 166 1157 ῃτεῖτο
200 1123 252 1157 τὴν
280 1123 439 1158 ἡγεμονίαν,
474 1124 520 1150 καὶ
545 1125 579 1151 τὰ
599 1124 649 1158 τῆς
679 1125 816 1160 βασιλείας
829 1127 859 1152 οὔ

74 1168 205 1203 προσίετο
239 1168 372 1202 σύμὸολα,
390 1169 476 1202 λέγων
501 1170 540 1204 μὴ
562 1169 693 1196 δύνασθαι
708 1171 860 1205 βασιλεύειν

71 1214 178 1249 ἀνδρῶν
200 1214 368 1248 Ἐλληνίζειν
389 1214 541 1248 μαθόντων,
558 1216 586 1241 ὲν
603 1215 776 1250 Χριστιανοῖς
790 1218 861 1243 ὲκεῑ-

71 1268 120 1290 νος
135 1259 237 1286 τελῶν·
258 1260 348 1286 εἰσότε
364 1260 395 1294 δὴ
409 1262 486 1295 κοινῇ
501 1262 576 1296 φωνῇ
598 1261 778 1296 Χριστιανοὺς
790 1259 861 1289 εἶναι

72 1306 146 1339 σφᾶς
160 1305 356 1340 ὡμολόγησαν.
389 1306 433 1332 Ἐν
452 1306 527 1341 μέσῳ
549 1306 577 1332 δὲ
592 1307 628 1341 τῷ
646 1307 739 1342 πλάνῳ
766 1309 811 1333 καὶ
826 1309 859 1342 τῇ

69 1353 180 1386 ταραχῇ
195 1351 257 1378 τῶν
278 1351 448 1386 πραγμάτων
465 1352 650 1385 ἀπολειφθεὶς,
663 1353 712 1387 τῆς
729 1355 861 1388 στρατιᾶς

71 1399 103 1424 ὲκ
115 1399 165 1432 τῆς
181 1399 237 1433 πρὸ
251 1399 337 1425 αὑτοῦ
351 1401 516 1436 στρατηγίαν,
531 1401 688 1435 ἐμπλήκτου
703 1402 860 1437 καμνούσης

71 1445 104 1479 τῇ
124 1444 225 1471 σπάνει
242 1445 297 1471 τῶν
317 1445 488 1480 ἐπιτηδείων,
503 1447 572 1480 ἔγνω
585 1446 638 1473 δεῖν
650 1447 697 1473 καὶ
712 1448 859 1480 ἀναγκαῖον

71 1490 144 1518 εἶναι
158 1492 230 1527 πρὸς
248 1492 397 1526 συμϐάσεις
410 1493 519 1528 χωρεῖν,
535 1492 590 1519 Καὶ
603 1493 634 1528 δή
651 1502 712 1520 τινα
727 1493 780 1520 τῶν
793 1494 859 1520 ὑπο-

71 1537 158 1563 τελῶν
179 1537 334 1571 Ῥωμαίοις
351 1534 489 1571 παραδοὺς
505 1537 633 1571 Πέρσαις,
648 1537 699 1572 τήν
717 1546 746 1564 τε
767 1538 860 1572 Σύρων

72 1584 160 1618 ᾲρχήν
175 1591 250 1619 φημι
265 1584 313 1610 καὶ
335 1583 384 1618 τὴν
403 1584 432 1610 ὲν
450 1583 648 1618 Μεσοποταμίᾳ
664 1583 783 1616 Νίσιὸιν,
814 1585 861 1610 ἐπὶ

72 1630 229 1664 συνθήκαις
242 1630 279 1656 τὰ
296 1630 342 1656 τοῦ
366 1630 485 1665 πολέμου
501 1630 605 1657 διέλυεν
617 1638 624 1645 ·
652 1630 785 1663 ἀπρεπῶς
810 1630 860 1665 μὲν

75 1675 227 1709 Ῥωμαίοις
253 1674 371 1709 πράξας,
401 1675 558 1709 ἀναγκαίως
581 1675 604 1701 δ’
617 1675 701 1710 ὅμως,
719 1674 812 1710 ὥσπερ
828 1675 859 1701 οὐ

71 1722 227 1756 βασιλείας,
255 1721 313 1747 ἀλλ’
340 1721 426 1756 ἥττης
453 1721 621 1756 κληρονόμος
643 1720 804 1755 γενόμενος·
821 1721 859 1752 ὡς

70 1769 128 1802 εἴγε
144 1767 185 1802 μὴ
198 1767 274 1793 τοῦτ’
291 1767 409 1802 ἔπραττε
423 1767 490 1801 (καὶ
505 1766 609 1801 Πέρσαι
627 1767 782 1802 μετριάζειν
793 1767 859 1793 εἰδό-

70 1823 126 1846 τες,
140 1815 190 1840 καὶ
205 1814 264 1849 ὅρῳ
281 1813 330 1848 τὴν
341 1813 498 1848 εὐπραγίαν
521 1814 642 1848 μετρεῖν,
657 1813 673 1848 ἢ
691 1813 739 1839 καί
755 1821 782 1839 τι
798 1813 858 1839 ἓτε-
869 1829 893 1860 c

70 1869 117 1895 ρον
130 1860 271 1891 δείσαντες
302 1859 341 1890 είς
361 1859 511 1894 συμϐάσεις
535 1860 693 1894 ἐτράποντο,
710 1860 756 1886 καὶ
771 1859 857 1886 ταῦτα

69 1906 285 1940 φιλανθρώπους
300 1905 372 1932 οὕτω
395 1906 444 1932 καὶ
458 1905 638 1940 ἀδοκήτους)·
660 1905 736 1932 οὐδὲν
752 1906 856 1932 ἐκώλυε

71 1953 138 1987 μηδὲ
155 1953 311 1987 πυρφόρον,
325 1953 356 1979 τὸ
367 1953 414 1980 τοῦ
429 1952 523 1986 λόγου,
539 1952 746 1987 ὑπολειφθῆναι.
761 1953 818 1978 Νῦν
835 1952 858 1978 δ’

68 1998 82 2023 δ
98 1998 149 2031 μὲν
179 1996 346 2031 βιαζόμενος
371 1996 505 2022 διασῶσαι
534 1995 618 2030 νεῦρα
645 1997 678 2031 τῇ
712 1995 856 2030 Ῥωμαίων

69 2045 152 2079 ἀρχῇ,
167 2043 216 2069 ἐπὶ
225 2042 376 2077 συνθήκαις
390 2037 478 2073 οὕτως
489 2043 617 2077 αἰσχραῖς
629 2050 659 2068 τε
675 2042 722 2069 καὶ
732 2042 856 2076 ἀναξίαις

70 2090 232 2118 συνέϐαινεν
246 2089 361 2125 ἀϐουλίᾳ
377 2089 477 2124 μᾶλλον
492 2089 538 2115 τοῦ
565 2089 619 2124 πρὸ
639 2089 722 2115 αὑτοῦ
739 2097 856 2124 στρατη-

67 2137 208 2171 γήσαντος
225 2135 240 2170 ἢ
255 2124 331 2170 σφιίν
345 2135 435 2162 αὐτῶν
447 2135 580 2170 ἀνανδρίᾳ
591 2144 599 2152 ·
616 2136 662 2162 καί
676 2144 707 2169 γε
719 2135 856 2170 ἀγνώμων

68 2184 136 2217 παρ’
162 2182 228 2218 ἐμοὶ
241 2183 322 2217 κριτῇ
354 2181 470 2215 γένοιτο,
494 2181 523 2213 ὂς
547 2182 651 2208 ἐκεῖνον
665 2181 754 2216 ἀφεὶς,
769 2181 855 2217 τούτῳ

66 2228 101 2254 τὰ
113 2229 164 2263 τῆς
179 2227 314 2263 μέμψεως
325 2227 474 2262 ὲπιγράφοι
487 2234 494 2242 ·
509 2227 523 2252 ὁ
532 2227 586 2261 γὰρ
599 2226 700 2261 στάχυς
714 2226 763 2253 τοῦ
778 2227 855 2252 σπεί-

67 2281 166 2308 ραντος
186 2273 288 2308 μᾶλλον
305 2273 324 2308 ἢ
337 2271 383 2298 τοῦ
404 2272 581 2306 θερίσαντος·
599 2272 647 2298 καὶ
661 2272 674 2297 ὁ
690 2271 854 2307 ἐμπρησμὸς

66 2319 96 2346 οὺ
111 2319 159 2345 τοῦ
191 2318 289 2345 σϐέσαι
321 2317 358 2352 μὴ
386 2317 556 2352 δυνηθέντος,
575 2317 641 2344 ἀλλὰ
659 2316 706 2343 τοῦ
727 2317 854 2350 καθάπαξ

65 2364 242 2398 ἔμϐαλόντος.
260 2363 315 2389 Καὶ
329 2363 360 2388 τὸ
374 2362 421 2388 τοῦ
439 2362 592 2397 Ἡροδότου,
607 2371 617 2388 ι
640 2362 726 2388 Τοῦτο
739 2362 769 2388 τὸ
789 2363 854 2389 imo-

64 2411 139 2445 ὄημα
155 2409 261 2445 ἔρριψε
274 2409 324 2444 μὲν
346 2409 485 2440 Ἱστιαῖος,
507 2409 662 2444 ὑπεδήσατο
683 2409 712 2434 δὲ
728 2409 854 2442 Ἀριστα-

64 2447 157 2479 γόρας.
175 2455 186 2471 ι

874 485 897 513 Δ

1124 481 1180 517 94
1202 481 1313 509 CAPUT
1341 481 1474 508 XXXVIII

966 528 1005 555 De
1035 528 1144 563 imperio
1176 529 1213 563 pii
1243 529 1410 563 imperatoris
1437 527 1586 560 Joviniani,
1615 529 1643 554 in

1240 563 1359 590 Perside.

947 619 1085 646 Postridie
1114 624 1206 646 autem
1237 624 1264 646 et
1291 619 1392 645 milites
1423 624 1451 646 et
1485 617 1620 646 exercitus
1646 617 1696 643 du—

912 665 1138 693 cesJovinianum
1149 665 1341 700 imperatorem
1353 664 1519 696 renuntiant,
1531 664 1619 690 virum
1634 671 1695 689 cum

912 711 994 738 rebus
1010 711 1082 742 aliis,
1098 715 1155 738 tum
1168 718 1232 738 vera
1248 711 1347 745 pietate
1363 710 1511 741 illustrem,
1528 716 1696 744 prorsusque

911 756 999 783 forma
1027 761 1055 784 et
1086 761 1190 784 statura
1207 756 1330 790 corporis
1360 756 1475 790 imperio
1497 755 1627 790 dignum;
1648 755 1695 789 qui

912 803 1041 830 tribunus
1051 807 1130 830 antea
1145 802 1243 833 fuerat,
1260 809 1322 829 eum
1333 802 1458 829 Julianus
1472 801 1614 836 optionem
1643 801 1696 827 mi-

912 849 1008 877 litibus
1021 849 1144 881 oﬂ‘erret,
1157 853 1187 876 ut
1200 849 1242 875 vel
1257 849 1310 876 diis
1326 848 1523 879 sacrificarent,
1541 847 1583 874 vel
1599 848 1697 881 cingu-

912 895 969 923 lum
986 895 1091 922 militize
1108 898 1135 922 et
1160 894 1301 930 dignitatis
1325 894 1506 929 deponerent.
1530 893 1618 928 Atque
1650 893 1696 920 ille

912 943 1030 969 alterum
1051 941 1106 968 hoc
1120 940 1210 968 facere
1226 941 1331 972 maluit,
1362 948 1442 975 quam
1460 940 1550 974 impiae
1576 940 1695 975 jussioui

913 995 1022 1022 parere.
1035 986 1160 1014 Julianus
1172 994 1254 1021 porro
1273 986 1436 1013 necessitate
1454 986 1527 1021 quod
1553 989 1696 1020 tantopere

914 1033 1028 1065 urgebat
1044 1032 1107 1060 belli
1129 1032 1273 1065 adductus,
1297 1040 1390 1060 secum
1418 1027 1502 1063 hunc,
1537 1037 1567 1060 ut
1594 1033 1693 1060 ducem

913 1079 1058 1112 optimum,
1069 1086 1132 1105 eum
1145 1079 1244 1105 aliisin
1260 1078 1400 1105 Persidem
1414 1078 1502 1105 duxit.
1515 1077 1585 1105 Tum
1601 1083 1695 1105 autem

913 1123 939 1150 in
955 1123 1047 1151 hostili
1063 1124 1184 1158 regione,
1207 1128 1236 1150 ut
1253 1123 1314 1150 aliis
1329 1125 1515 1157 priestantior,
1547 1124 1695 1158 imperator

877 1155 898 1184 Β
913 1168 1012 1200 lectus.
1030 1155 1193 1203 dignitatem
1210 1177 1269 1196 eam
1282 1155 1387 1203 rejccit,
1404 1173 1431 1196 et
1444 1169 1560 1203 insignia
1577 1155 1696 1203 iiupera-

914 1213 982 1239 toria
1000 1221 1053 1240 non
1067 1213 1188 1248 recepit:
1207 1221 1261 1240 non
1281 1221 1360 1248 posse
1381 1221 1412 1240 se
1428 1213 1534 1244 dicens,
1557 1214 1696 1247 quiCltri-

912 1259 1018 1286 stianus
1031 1259 1076 1290 sit.
1097 1259 1233 1292 imperare
1251 1260 1327 1292 viris,
1344 1260 1391 1294 qui
1412 1260 1582 1294 grmcissare,
1596 1267 1694 1293 super-

912 1304 1094 1339 stitiouesque
1111 1305 1210 1332 sectari
1237 1305 1411 1338 didicissent;
1429 1305 1516 1332 donec
1531 1313 1583 1332 una
1598 1313 1694 1332 omnes

911 1358 978 1378 voce
993 1350 1165 1378 Christianos
1181 1359 1210 1379 se
1225 1358 1286 1378 esse
1312 1355 1377 1378 sunt
1397 1351 1526 1386 professi.
1557 1352 1692 1379 Caeterum

912 1396 939 1423 in
955 1404 1048 1423 errore
1062 1396 1153 1424 medio
1166 1401 1193 1424 et
1208 1404 1300 1424 rerum
1319 1397 1397 1424 turba
1411 1406 1424 1424 a
1436 1397 1545 1424 Juliano
1570 1398 1693 1429 relictus,

911 1442 984 1477 quod
996 1443 1134 1470 exercitus
1151 1443 1242 1477 priore
1258 1443 1374 1478 imperio
1389 1447 1582 1470 consternatus
1609 1448 1692 1475 esset,

912 1495 1059 1523 rerumque
1071 1489 1288 1516 necessariarum
1317 1489 1408 1524 inopia
1434 1494 1616 1524 premeretur,
1643 1498 1693 1516 ne-

911 1534 1067 1562 cessitatem
1082 1534 1133 1561 sibi
1144 1535 1300 1569 impositam
1318 1542 1381 1562 esse
1392 1535 1530 1569 cognovit,
1547 1539 1576 1561 ut
1590 1535 1692 1562 bellum

910 1579 1097 1615 paciﬁcationc
1115 1581 1288 1616 transigeret.
1309 1580 1482 1615 Quapropter
1495 1580 1553 1607 loca
1566 1581 1690 1616 quaedam

911 1633 971 1660 qua:
984 1625 1115 1654 Romanis
1139 1627 1241 1654 tributa
1256 1627 1443 1661 pensitabant.
1469 1627 1556 1661 Syria:
1585 1627 1691 1654 scilicet

911 1671 1068 1706 imperium,
1081 1676 1108 1699 et
1125 1679 1185 1706 quae
1201 1673 1228 1699 in
1242 1672 1437 1707 Mesopotamia
1457 1679 1499 1700 est
1513 1672 1642 1704 Nisibim,
1659 1681 1691 1699 ex

909 1716 998 1749 pactis
1013 1717 1169 1750 conventis,
1201 1717 1291 1744 Persis
1311 1718 1456 1751 concessit,
1478 1722 1505 1745 et
1533 1718 1633 1745 bellum
1666 1717 1691 1743 id

910 1761 1022 1789 solvit‘.
1039 1761 1117 1794 Quod
1134 1762 1244 1797 quidem
1263 1771 1317 1790 non
1337 1771 1352 1790 e
1365 1763 1496 1798 dignitate
1512 1764 1618 1798 imperii
1636 1763 1690 1795 ille.

910 1803 1067 1835 necessario
1093 1813 1182 1836 tamen
1209 1808 1282 1842 fecit,
1299 1814 1330 1836 ut
1342 1809 1390 1843 qui
1420 1817 1474 1836 non
1497 1810 1616 1844 imperii.
1643 1811 1690 1836 seu

912 1854 996 1881 cladis
1005 1854 1171 1882 haeresesset
1192 1855 1231 1881 Ac
1242 1855 1294 1881 nisi
1303 1855 1354 1881 hoc
1368 1854 1487 1886 fecisset,
1499 1860 1527 1881 et
1540 1855 1591 1881 nisi
1603 1854 1692 1882 Perszc

911 1899 1051 1927 moderate
1064 1907 1093 1927 se
1100 1905 1238 1934 gerentes,
1249 1904 1276 1927 et
1293 1907 1452 1934 prosperum
1467 1907 1557 1926 rerum
1583 1907 1692 1927 succes-

908 1953 968 1972 sum
995 1950 1072 1972 certo
1098 1947 1152 1973 line
1181 1945 1352 1977 claudentes,
1377 1949 1424 1972 aut
1445 1945 1516 1971 aliud
1551 1945 1690 1980 quippiam

907 1994 1074 2022 metuentes,
1095 1991 1269 2018 conditiones
1284 1990 1359 2024 pacis
1369 1995 1422 2017 tam
1441 1991 1576 2017 humanas
1587 1996 1614 2018 et
1629 1991 1689 2018 ino-

906 2037 1013 2070 pinatas
1035 2036 1252 2071 proposuissent,
1273 2037 1343 2064 nihil
1365 2037 1490 2072 profecto
1524 2037 1688 2069 obsﬁtisset.

898 2082 974 2116 'quitt
988 2089 1021 2109 ex
1036 2090 1069 2109 eo
1081 2083 1153 2110 bello
1168 2090 1203 2110 ne
1230 2083 1327 2117 ignifer
1352 2085 1463 2119 quidem
1495 2085 1572 2119 quod-
1599 2085 1688 2115 aiunt,

908 2126 1053 2154 incolumis
1071 2127 1212 2154 evasisset.
1228 2128 1319 2161 Quare
1332 2130 1496 2157 necessitate
1519 2129 1642 2162 adactus,
1661 2136 1690 2156 ιιι

907 2179 1006 2199 nervos
1017 2180 1081 2199 suos
1093 2173 1218 2200 Romano
1235 2174 1351 2208 imperio
1376 2181 1566 2209 conservaret,
1592 2177 1688 2204 condi-

907 2217 1027 2245 tionibus
1042 2219 1167 2252 turpibus
1182 2224 1263 2253 atque
1275 2220 1395 2255 indignis
1415 2229 1476 2248 cum
1492 2221 1618 2248 hostibus
1639 2221 1688 2248 dc—

905 2263 988 2291 eidit:
1002 2265 1157 2292 temeritate
1170 2266 1256 2300 magis
1264 2267 1387 2300 proxima
1406 2267 1591 2302 imperatoris,
1606 2276 1687 2302 quam

906 2316 955 2336 sua
970 2313 1017 2336 aut
1038 2310 1154 2337 militqu
1186 2318 1299 2339 suorum
1317 2313 1479 2340 timiditate:
1509 2321 1552 2340 me
1579 2313 1687 2346 quidem

903 2355 997 2390 judice
1018 2356 1179 2391 periniquus
1199 2357 1293 2390 fuerit,
1309 2358 1356 2392 qui
1378 2358 1424 2384 illo
1445 2357 1552 2389 relicto,
1579 2357 1686 2391 culpam

905 2402 965 2436 ejus
988 2402 1185 2436 paciﬁcationis
1211 2403 1238 2430 in
1255 2403 1328 2430 hunc
1350 2402 1483 2430 conterat.
1505 2402 1588 2437 Segcs
1614 2402 1686 2428 cnim

905 2447 1004 2474 satoris
1019 2448 1109 2482 potius
1125 2455 1205 2482 quam
1231 2449 1361 2475 messoris
1389 2454 1452 2475 est:
1474 2452 1503 2475 et
1530 2448 1685 2474 incendium

63 2500 118 2519 non
135 2491 253 2527 ejusqui
269 2491 296 2519 id
310 2491 487 2525 exstinguere
499 2491 595 2526 possit,
625 2491 673 2519 sed
693 2492 740 2526 qui
775 2492 802 2519 id
831 2494 916 2521 semel
948 2496 1086 2527 excitarit.
1120 2503 1182 2523 esse
1201 2496 1342 2523 creditur:
1373 2495 1426 2530 95
1448 2494 1576 2530 quodque
1613 2498 1685 2530 apud

65 2539 236 2568 Herodotum
253 2543 307 2571 est,
323 2547 333 2564 ‹
348 2538 476 2566 Calceum
500 2538 611 2572 quidem
640 2539 721 2565 istum
748 2540 856 2567 censuit

99 2634 137 2670 (Ι)
152 2633 457 2670 GregoriiNazianzeni
478 2634 536 2670 lure
550 2634 631 2661 verba
647 2638 721 2661 sunt.

871 2540 1008 2575 llistizeus,
1022 2542 1112 2570 induit
1127 2547 1217 2570 autem
1232 2543 1434 2579 Aristagorasu

98 2671 137 2706 ('2)
149 2669 337 2698 Theodoritus
355 2669 518 2697 tricennales
535 2669 659 2697 inducias
680 2672 771 2704 pactas
785 2676 846 2697 esse
864 2670 970 2698 scribit.

867 2787 902 2794 .-
