1905 3048
209 122 261 152 599

827 131 1040 162 NICEPHORI
1059 131 1233 164 CALLISTI

1794 129 1846 160 ϐίῖθ

207 177 356 205 maximum
373 183 424 212 est,
441 180 493 208 fuit
508 190 514 209 :
531 184 720 217 possessiones
736 187 811 214 cnim
834 188 925 217 nullas
951 196 997 216 ne-

1063 189 1169 217 ἱιετέλει
1182 210 1190 222 ,
1206 191 1261 221 τοϊς
1277 190 1352 225 ὅροις
1379 189 1427 216 τοῦ
1442 188 1612 222 Εὑαγγελίου
1641 186 1770 222 στοιχῶν,
1797 188 1845 213 καὶ

207 228 261 255 que
277 222 428 257 quidquam
449 227 574 259 pecunim
591 229 698 257 habuit.
716 231 749 258 Et
768 232 828 260 vita:
844 233 904 268 ejus
919 234 997 262 insti-

208 272 299 296 tutum
329 269 355 296 id
383 272 500 300 maxime
528 274 688 303 declaravit.
718 277 804 305 Unica
827 280 900 306 enim
921 285 997 308 veste

207 320 356 343 contentus
372 317 440 350 fuit,
469 323 497 346 et
517 322 685 356 evangelicis
710 324 830 353 decretis
853 326 996 361 insistens,

207 360 403 389 calceamentis
425 371 492 391 usus
517 373 572 393 non
592 372 644 395 est.
667 368 802 397 Czeterum
830 380 884 398 non
910 373 997 401 multo

209 411 284 439 post,
301 408 336 434 ab
353 409 450 436 exsilio
467 417 626 446 revocatus,
644 415 779 443 ecclesias
799 424 862 444 suas
881 418 997 452 recepit,

207 456 235 478 et
260 453 347 481 libere
373 454 399 482 in
424 456 465 483 eis
490 465 644 486 conventus
665 461 731 495 egit.
753 462 830 493 Quod
854 468 883 490 ut
906 464 995 496 fieret,

208 497 364 526 Marcianus
379 501 490 536 quidam
507 504 607 536 r-ﬂ'ccit,
625 505 666 532 vir
682 506 735 532 vita
752 508 832 534 simul
849 513 876 534 et
890 509 997 536 doctri-

207 551 243 570 na
261 545 409 573 admodum
427 554 579 582 spectatus,
605 551 652 584 qui
670 551 774 579 dullqu
790 553 899 587 quidem
917 563 997 582 suum

208 591 235 617 in
263 591 439 628 imperatoria
461 596 524 622 aula
553 597 715 626 obtinuerat
736 599 848 632 locum,
872 606 928 628 tum
951 611 1000 629 au-

208 643 263 665 tem
289 641 360 674 apud
386 641 551 670 Novatianos
571 645 597 672 in
620 647 845 681 presbyterorum
870 648 996 675 ordinem

207 691 365 719 cooptatus,
386 688 563 723 imperatoris
586 691 655 719 iilias
676 693 848 720 Anastasiam
867 699 894 721 ct
913 695 998 721 Caro-

206 737 264 757 sam
285 734 471 766 grammaticae
495 741 631 770 praxcepta
656 737 786 770 docebat,
809 740 861 766 sub
879 748 996 775 quarum

207 778 320 805 nomine
350 779 460 812 publica
491 781 599 810 lavacra
630 783 869 820 Constantinopoli
898 787 999 814 Valens

207 825 374 852 construxit.
402 826 482 861 119
507 827 573 862 Ejus
601 829 649 856 viri
673 831 759 865 gratia
783 831 997 860 Novatianorum

1051 235 1236 271 ὑποδημάτων
1251 235 1312 270 δίχα
1321 235 1411 262 διόλου
1425 235 1558 267 ἐϐάδιζεν.
1575 233 1613 260 Οὔ
1626 232 1718 266 πολλῷ
1729 232 1759 258 δὲ
1771 232 1845 258 ὓστε-

1053 290 1100 317 ρον
1118 282 1314 317 μετακληθεὶς,
1324 282 1375 312 τὰς
1388 281 1433 308 ὑπ’
1449 281 1530 308 αὑτὸν
1550 280 1702 315 ἐκκλησίας
1713 278 1843 312 κατέσχε,

1051 328 1099 355 καὶ
1125 328 1212 360 ἀδεῶς
1229 329 1408 363 ὲκκληοίαζε.
1429 328 1564 363 Πρόξενος
1586 326 1614 352 δὲ
1640 325 1747 352 τούτων
1771 323 1844 357 αὐτῷ

1051 374 1211 408 Μαρκιανύς
1230 383 1256 400 τι
1275 375 1398 407 ἐγένετο,
1424 374 1495 409 ἀνὴρ
1516 372 1565 408 βίῳ
1579 373 1627 398 καὶ
1647 371 1723 405 λόγῳ
1737 370 1846 403 θαυμα-

1052 419 1116 451 σίως
1129 420 1220 451 συζῶν
1231 429 1237 435 ·
1257 420 1287 452 ὃς
1302 420 1386 447 ’πάλαι
1399 420 1448 454 μὲν
1470 421 1499 445 ὲν
1513 420 1570 450 τοῖς
1582 418 1749 451 ἀνακτόροις
1762 425 1845 449 στρα-

1049 466 1126 498 τείας
1143 466 1293 500 ἐπείληπτο
1305 475 1311 482 ’
1330 467 1389 492 τότε
1415 466 1438 492 δ’
1454 466 1580 500 ἱερᾶσθαι
1597 465 1689 499 λαχὼν
1703 463 1843 490 N10112:-

1049 511 1115 543 νοῖς,
1149 512 1198 542 τὰς
1229 510 1364 544 βασιλέως
1391 511 1560 545 θυγατέρας,
1583 509 1770 536 ’Δναστασίαν
1795 508 1842 534 καὶ

1050 557 1198 592 Καρῶςαν,
1217 557 1313 591 λόγους
1344 557 1558 592 γραμματικοὺς
1586 555 1782 587 ἐξεπαίδευεν·
1806 551 1841 580 ὧν

1051 602 1098 629 καὶ
1129 603 1164 629 τὰ
1192 603 1311 638 δημόσια
1337 604 1438 638 λουτρὰ
1464 604 1496 637 τῇ
1526 602 1737 629 Κωνσταντίνου
1761 609 1842 626 κατα-

1052 649 1237 676 σκευασθέντα
1269 650 1377 683 Οὐάλης
1403 649 1503 676 ὲποίει.
1531 649 1606 675 Ᾱίὀοῖ
1622 649 1714 674 τοίνυν
1731 647 1842 681 τᾶνδρξς

1053 695 1122 730 πρὸς
1140 696 1230 730 ὀλίγον
1248 696 1276 721 al
1299 697 1353 722 τῶν
1383 695 1564 722 Ναυατιανῶν
1593 695 1743 729 ἐκκλησίαι
1769 697 1842 720 κλει-

1053 743 1159 769 σθεῒσαι
1188 741 1266 774 αὖθις
1299 743 1442 778 ὴνοίγοντο
1455 751 1463 758 θ
1481 742 1511 769 οὐ
1532 743 1623 776 μέντοι
1648 741 1695 768 καὶ
1710 740 1785 767 οὕτω
1798 742 1844 773 τῆς

1052 790 1083 815 ἐκ
1098 790 1152 815 τῶν
1169 790 1322 825 Ἀρειανῶν
1337 789 1462 826 ταραχῆς
1479 789 1652 815 παντάπασιν
1674 785 1749 823 ἦσαν
1772 786 1846 812 ἐλεύ-

1056 834 1132 870 θεροι
1145 842 1152 850 ·
1174 835 1218 861 διὰ
1235 835 1330 869 μίσους
1346 835 1400 870 γὰρ
1415 833 1486 870 ἦσαν
1499 826 1607 866 αὐτοῖς,
1623 833 1723 868 ὅτιπερ
1735 833 1801 863 τοὺς
1817 832 1846 857 τὸ

207 870 342 904 ecclesiae,
370 871 404 898 ad
431 872 516 900 breve
543 878 651 909 tempus
675 876 785 909 clausae,
804 886 912 905 rursum
937 883 997 906 sunt

1063 882 1141 916 ἱόγμα
1157 882 1205 912 τῆς
1219 882 1248 908 ὲν
1265 882 1368 917 Νεκαίᾳ
1383 883 1503 912 πίστεως
1519 880 1767 916 ὑπερασπίζοντας
1779 879 1847 912 ἡγὰ-

207 920 321 950 apertm.
341 917 394 944 Sed
411 925 444 944 ne
459 927 493 945 eo
511 920 622 954 quidem
642 927 721 956 pacto
738 931 852 957 prorsus
869 925 902 951 ab
920 926 999 952 Aria-

207 969 308 989 norum
336 964 425 991 turbis
454 965 531 993 fucre
560 966 696 996 immunes
723 978 730 996 :
753 970 800 1004 qui
828 970 868 997 eis
897 970 999 999 infensi

1054 936 1112 954 πων
1129 929 1233 963 σφόδρα
1245 929 1292 955 καὶ
1309 929 1451 964 ἔστεργον,
1466 928 1567 963 καίπερ
1581 927 1642 954 κατ’
1665 925 1753 960 ἄλλην
1768 925 1847 957 δόξαν

1054 974 1170 1001 πλεῖστα
1183 975 1388 1010 διαφερόμενοι.

207 1015 355 1047 Propterea
370 1017 460 1044 erant.
496 1013 570 1048 quod
593 1014 711 1043 Nicmnre
735 1017 796 1043 fidei
816 1017 951 1052 dogmatis
986 1018 1146 1050 defensores
1170 1021 1250 1050 valde
1293 1027 1464 1050 amarentet
1483 1022 1752 1057 complecterentur,
1786 1018 1847 1046 aliis

208 1059 387 1096 opinionibus
405 1061 553 1095 plurimum
569 1061 603 1088 ab
618 1062 671 1089 illis
686 1063 863 1091 dissidentes.

514 1122 625 1152 CAPUT
650 1124 693 1152 Vl.

208 1167 249 1195 De
272 1167 480 1205 Mratedoninnis.
503 1174 528 1196 et
550 1170 602 1197 τοῦ
623 1172 798 1205 ὁμοουσίου,
825 1174 1000 1200 consubstan-

244 1204 328 1245 liqlis,
356 1205 511 1238 cultoribus,
530 1211 554 1233 et
575 1207 606 1233 de
626 1206 757 1241 legatione
772 1209 875 1242 piorum
887 1208 999 1236 Romam

243 1247 336 1266 nttssa.

243 1286 368 1315 Eudoxio
391 1290 418 1315 et
440 1287 624 1322 popularibus
644 1289 705 1324 ejus
721 1289 856 1318 adversus
873 1298 922 1318 eos
948 1291 996 1326 qui

208 1333 316 1360 sincere
342 1333 480 1361 Nicaenam
503 1334 630 1362 colebant
661 1335 743 1362 ﬁdem
771 1343 888 1365 conatus
913 1339 998 1372 probe

208 1379 359 1408 succedere
377 1380 428 1408 visi
449 1385 524 1408 sunt.
547 1381 614 1408 Nam
636 1382 665 1409 in
681 1383 799 1409 maxima
818 1383 933 1411 ditionis
948 1384 1000 1411 Va-

207 1426 291 1454 lentis
306 1431 393 1464 parte.
409 1432 439 1454 et
458 1428 634 1462 potissimum
654 1429 681 1456 in
701 1429 892 1464 Hellesponto,
913 1430 1001 1457 Thra-

209 1473 269 1503 cia,
292 1472 418 1508 Bithynia
437 1477 522 1509 atque
549 1474 612 1501 aliis
639 1474 667 1501 in
696 1475 816 1503 circttitu
845 1476 945 1504 vicinis
972 1482 1000 1504 et

1353 1127 1478 1153 ΚΕΦΑΛ.
1508 1125 1554 1159 ς’.

1052 1175 1122 1210 Περὶ
1135 1175 1194 1202 τῶν
1205 1172 1438 1210 Μακεδονίανῷν
1449 1172 1503 1210 zeal
1514 1171 1586 1210 τῶν⁵
1598 1168 1845 1210 φρογούντορχτὸ

1087 1205 1268 1245 ὂμοούσιονξ
1281 1209 1330 1236 καὶ
1348 1208 1414 1242 περὶ
1425 1207 1481 1242 τῆς
1493 1209 1537 1240 εἰς
1554 1206 1671 1241 Ῥώμην
1682 1205 1846 1240 πρεσϐείας

1087 1244 1146 1273 τῶν
1160 1244 1304 1272 εὐσεϐῶν,

1086 1293 1140 1319 Καὶ
1153 1292 1222 1325 πρὸς
1238 1291 1287 1327 μὲν
1305 1291 1369 1321 τοὺς
1387 1289 1547 1325 ἀκραιφνῶς
1565 1290 1615 1322 τὴν
1629 1289 1659 1315 ἐν
1676 1287 1786 1323 Νικαίᾳ
1803 1287 1846 1313 σέ-

1053 1340 1151 1370 6οντας
1160 1339 1253 1365 πίστιν
1266 1338 1342 1373 παρὰ
1354 1338 1410 1368 τοῖς
1427 1338 1491 1372 περὶ
1502 1337 1626 1369 scaeam
1640 1334 1845 1369 κατορθοῦσθαι

1053 1386 1142 1412 ἐδόκει
1169 1387 1199 1411 τδ
1228 1384 1465 1418 σπουδαζόμενον·
1484 1383 1523 1417 τῷ
1539 1384 1593 1418 γὰρ
1619 1382 1742 1416 πλείστῳ
1762 1381 1845 1416 μέρει

1053 1434 1102 1468 τῆς
1118 1432 1298 1467 ἐπικρατείας
1309 1431 1471 1462 Οὐάλεντος,
1488 1431 1534 1456 καὶ
1556 1429 1673 1464 μάλιστα
1690 1428 1744 1455 ἀνά
1755 1436 1784 1454 τε
1799 1427 1848 1453 τὸν

1059 1479 1259 1514 Ἑλλήσποντον
1274 1479 1322 1505 καὶ
1339 1478 1451 1513 Θρᾴκην
1466 1477 1513 1503 καὶ
1531 1476 1671 1508 Βιθυνίαν,
1686 1475 1736 1502 καὶ
1749 1474 1792 1500 ἔτι
1811 1474 1848 1500 τὰ

210 1518 389 1545 ulterioribus
410 1518 492 1546 etiam
516 1519 607 1550 terris,
623 1527 713 1554 neque
734 1520 864 1548 ecclesiis
884 1522 939 1556 jam
961 1521 997 1549 illi

1063 1525 1147 1560 ιὺκλῳ
1165 1523 1268 1550 τούτων
1288 1522 1335 1549 καὶ
1348 1523 1526 1557 προσωτέρω.
1540 1521 1603 1548 οὔτε
1619 1520 1777 1555 ἐκκλησιῶν
1794 1517 1848 1554 ἧρ-

209 1565 359 1598 ρι-ιοίιιθιο,
378 1572 467 1599 neque
482 1565 629 1599 episcopos
644 1573 710 1592 suos
727 1566 858 1594 habuere.
876 1567 1000 1595 Macedo-

209 1612 300 1638 nianis
322 1616 425 1643 autem,
442 1612 488 1646 qui
514 1612 642 1646 permulti
669 1613 695 1639 in
715 1613 829 1648 regione
844 1622 875 1640 ea
893 1618 999 1641 rectam

207 1659 264 1693 jam
289 1662 483 1686 consectantes
512 1659 679 1686 sententiam
705 1664 800 1691 erant,
828 1668 883 1687 non
911 1661 1001 1688 minus

210 1704 316 1736 infesti,
335 1704 525 1731 inhumaniter
538 1708 566 1731 et
578 1704 652 1739 ipsos
668 1710 732 1732 sunt
747 1705 896 1739 persecuti.
911 1705 1000 1740 Atque

210 1751 255 1778 isti
272 1755 385 1787 propter
405 1751 579 1778 imminentia
601 1751 670 1778 mala
691 1752 793 1786 oppido
810 1751 835 1778 in
851 1757 997 1786 angustum

212 1797 329 1833 redacti,
344 1797 390 1825 alii
412 1798 445 1828 ad
463 1799 534 1826 alios
547 1806 597 1833 per
614 1798 696 1826 urbes
717 1799 819 1834 legatos
836 1799 936 1824 misere
951 1807 957 1824 ι
973 1802 1001 1825 et

212 1845 321 1873 tandem
347 1845 379 1872 ad
404 1844 515 1872 fratrem
535 1845 657 1872 Valentis
681 1845 794 1872 Romam
820 1844 872 1871 sibi
900 1844 998 1871 confu-

210 1891 353 1926 giendum,
369 1896 396 1918 et
423 1899 484 1918 cum
509 1891 622 1918 Liberio
641 1891 742 1925 potius,
760 1892 838 1924 cujus
857 1891 917 1918 ﬁdei
935 1899 1000 1925 pro-

211 1938 358 1966 fessionem
392 1938 641 1972 amplcctebantur,
671 1945 753 1971 quam
780 1945 843 1965 cum
874 1937 999 1964 Eudoxio

211 1985 472 2015 communicandum
488 1992 549 2012 esse
564 1990 696 2011 statuere.
715 1985 807 2019 Itaque
825 1985 998 2012 Eustathium

1054 1579 1101 1604 χον
1114 1578 1121 1585 ·
1142 1568 1316 1604 ἀφῃρημένοι
1332 1568 1360 1594 δὲ
1375 1569 1424 1594 καὶ
1442 1567 1496 1594 τῶν
1514 1567 1641 1601 ἱερᾶσθαι
1670 1566 1781 1596 τούτοις
1798 1565 1848 1590 λει-

1054 1615 1157 1650 χὸντων
1174 1613 1255 1648 ἦσαν.
1269 1612 1338 1647 Πρὸς
1355 1613 1384 1638 δὲ
1400 1612 1464 1643 τοὺς
1476 1611 1509 1637 τὰ
1527 1611 1697 1638 Μακεδονίου
1713 1608 1849 1644 φρονοῦν-

1054 1670 1116 1693 τας,
1150 1660 1346 1687 πολλαπλάσιοι
1371 1658 1425 1692 γὰρ
1442 1655 1512 1692 ἦσαν
1538 1657 1592 1683 ἀνὰ
1618 1656 1677 1683 τόδε
1696 1656 1727 1682 τὸ
1759 1656 1849 1689 κλίμα

1055 1705 1129 1735 οὗτοι
1151 1707 1205 1733 τῶν
1222 1705 1291 1740 ὀρθὰ
1319 1706 1428 1739 φρονεῖν
1445 1703 1607 1740 ᾑρημένων,
1631 1702 1850 1737 χαλεπαίνοντες

1055 1754 1160 1783 τούτοις
1175 1751 1291 1787 σφόδρα,
1313 1749 1508 1785 ἀπανθρώπως
1533 1748 1657 1775 ἐδίωκον.
1688 1747 1720 1773 Οἱ
1740 1747 1768 1772 δὲ
1793 1747 1850 1772 τῶν

1054 1798 1237 1832 ἐπικειμένων
1256 1797 1352 1823 κακῶν
1371 1795 1410 1831 τῷ
1426 1796 1480 1822 δέει
1495 1793 1760 1829 στενοχωρούμενοι,
1779 1792 1851 1827 πρὸς

1053 1844 1186 1879 ἀλλήλους
1205 1843 1276 1870 κατὰ
1289 1843 1380 1874 πόλεις
1392 1840 1670 1876 διαπρεσϐευόμενοι,
1687 1839 1744 1866 δεῖν
1758 1839 1850 1865 ἐδοκία

1057 1891 1144 1926 μαζον
1156 1889 1201 1915 ὲπί
1214 1898 1242 1915 τε
1254 1889 1300 1915 τὸν
1315 1888 1430 1922 ἀδελφὺν
1446 1887 1600 1917 Οὐάλεντος
1618 1885 1807 1920 καταφεύγειν
1820 1885 1852 1914 ὲς

1062 1936 1183 1970 Ῥώμην,
1199 1935 1320 1970 Λιϐερίῳ
1335 1943 1365 1961 τε
1382 1934 1534 1966 κοινωνεῖν,
1560 1933 1576 1968 ἢ
1592 1933 1649 1964 τοῖς
1673 1932 1740 1967 περὶ
1763 1931 1851 1958 Εὐδό-

1055 1984 1111 2016 ξιον
1127 1984 1176 2019 (α).

211 2034 356 2066 Sebastiae,
374 2035 418 2060 cui
444 2033 593 2068 aliquoties
615 2034 742 2068 adempta
769 2033 859 2060 fuerat
880 2033 1012 2067 dignitas,
1032 2037 1060 2060 et
1082 2033 1230 2067 Sylvauum
1250 2032 1327 2059 Tarsi
1349 2031 1463 2064 Cilicim,
1494 2036 1577 2066 atque
1597 2029 1785 2065 Theophilum
1800 2029 1851 2057 Ca-

211 2082 380 2109 stabalorum
399 2081 435 2117 (l)
452 2082 596 2116 episcopos
617 2082 730 2108 Romam
750 2082 886 2116 legarunt,
903 2082 998 2116 eisque
1019 2081 1186 2108 mandarunt
1207 2085 1237 2107 ut
1258 2089 1291 2108 ne
1315 2088 1377 2107 cum
1397 2079 1509 2107 Liberio
1530 2080 1565 2107 de
1605 2079 1658 2106 fide
1699 2078 1853 2106 contende-

211 2137 292 2162 rent,
319 2131 366 2158 sed
395 2131 488 2165 potius
518 2138 580 2157 cum
610 2131 733 2158 Romana
762 2131 1001 2158 communicarent
1038 2130 1180 2162 Ecclesia,
1218 2137 1250 2157 ac
1276 2129 1520 2156 eonsubstantialis
1546 2127 1748 2163 professionem
1775 2135 1851 2154 com-

211 2179 375 2214 probarent.
395 2179 435 2206 llli
461 2187 523 2206 cmn
552 2179 653 2207 litteris
678 2187 785 2210 eorum,
803 2179 850 2213 qui
880 2179 915 2205 ab
938 2179 1000 2205 aliis
1021 2178 1155 2206 Seleucia
1178 2178 1313 2213 segregati
1354 2177 1476 2209 fuerant,
1497 2177 1524 2203 in
1559 2176 1665 2204 Italiam
1683 2184 1848 2210 pervenere,

178 2242 191 2263 τ
212 2231 294 2260 atque
320 2226 358 2257 ibi
384 2228 576 2261 imperatorem
603 2225 837 2258 Valentinianum,
873 2231 1016 2260 propterea
1040 2226 1112 2259 quod
1147 2225 1173 2252 in
1190 2224 1276 2252 Gallia
1290 2223 1329 2259 (2)
1343 2229 1439 2251 contra
1459 2223 1636 2251 Sauromatas
1652 2222 1756 2250 bellum
1773 2229 1850 2257 gere—

188 2283 195 2307 ~f
212 2279 265 2307 ret,
282 2282 337 2303 non
360 2275 497 2303 viderunt.
523 2275 592 2303 Ctuu
618 2280 709 2302 autem
735 2275 848 2301 Liberio
888 2275 1021 2309 epistolas
1049 2282 1119 2309 quas
1144 2282 1239 2301 secum
1266 2273 1416 2300 attulerant
1451 2272 1594 2303 oll'errent,
1613 2271 1738 2305 recipere
1761 2269 1785 2297 is
1804 2269 1870 2306 ensi

190 2308 304 2352 ircnuit
322 2344 330 2357 ,
354 2323 471 2350 Ariauos
497 2331 546 2350 eos
568 2329 645 2353 esse,
671 2329 723 2348 nec
763 2321 798 2347 ab
823 2321 942 2348 Ecclesia
984 2329 1033 2349 sua
1053 2321 1164 2356 agnosci
1191 2329 1282 2356 posse,
1306 2321 1352 2355 qui
1377 2319 1515 2347 Nicaenam
1541 2318 1730 2345 abolevisscnt
1756 2316 1848 2347 fidem,

211 2372 317 2399 dicens.
341 2372 391 2400 Cui
419 2372 458 2399 illi
479 2370 695 2406 responderunt,
733 2377 763 2396 se
789 2378 838 2403 per
865 2370 1013 2405 legitimam
1043 2370 1235 2405 pcenitentiam
1269 2369 1301 2395 ad
1335 2368 1462 2396 veritatis
1498 2367 1686 2402 cognitionem
1714 2365 1848 2395 rediisse,

211 2421 376 2448 sententiam
401 2420 449 2446 τοῦ
473 2419 602 2453 ἀνομοίου
620 2418 765 2453 abjecisse,
786 2423 813 2446 et
834 2419 932 2446 Filium
967 2426 1016 2452 per
1036 2418 1128 2446 omnia
1154 2417 1225 2444 Patri
1250 2417 1370 2444 similem
1404 2416 1544 2450 professos
1560 2422 1641 2442 esse:
1662 2414 1745 2448 120
1765 2413 1850 2440 nihil-

211 2475 265 2502 que
296 2467 330 2494 ab
355 2467 512 2501 ὁμοουσίου,
532 2465 780 2498 consubstantiali,
807 2467 879 2492 κατὰ
907 2466 996 2493 πάντα

1063 2474 1124 2496 πον,
1136 2463 1261 2496 Ιιοοέει,
1284 2473 1332 2500 per
1348 2464 1439 2491 omnia
1455 2463 1585 2494 similem,
1599 2461 1723 2488 diil'erre.
1741 2461 1849 2493 Quibus

211 2514 306 2542 verbis
332 2512 445 2545 auditis,
466 2511 595 2538 Liberius
620 2511 818 2546 professionem
847 2519 944 2538 eorum
970 2511 996 2537 in
1019 2511 1153 2546 scriptum
1188 2511 1301 2537 relatam
1324 2509 1357 2535 ab
1381 2509 1421 2535 eis
1443 2508 1545 2542 exegit.
1559 2508 1648 2542 Atque
1665 2506 1705 2533 illi
1722 2506 1848 2533 libellum

212 2563 248 2594 ei,
269 2563 295 2589 in
312 2570 367 2597 quo
385 2561 468 2589 etiam
484 2560 622 2588 Nicaeuam
658 2561 738 2588 tidem
776 2561 963 2591 inseruerunt,
985 2561 1159 2587 obtulerunt.
1197 2559 1332 2594 Epistolas
1359 2558 1481 2592 quidem,
1503 2563 1572 2590 quas
1606 2563 1702 2582 secum
1729 2554 1849 2590 Smyrna

212 2617 246 2637 ex
262 2609 324 2636 Asia
340 2613 368 2635 et
393 2614 428 2634 ex
453 2607 567 2640 Pisidia,
586 2607 701 2635 lsauria.
727 2607 890 2642 Pamphylia
917 2611 945 2634 et
975 2606 1068 2642 Lycia.
1099 2607 1143 2633 ubi
1168 2610 1322 2633 conventus
1345 2608 1474 2638 egerant,
1491 2603 1621 2633 attulere,
1638 2605 1754 2636 propter
1786 2608 1850 2634 pro-

211 2657 346 2686 lixitatem
367 2658 414 2686 hic
430 2666 484 2686 non
507 2659 635 2694 apposui.
656 2657 780 2685 Libellus
813 2662 916 2688 autem,
953 2664 1035 2692 quem
1055 2655 1218 2683 Eustathius
1245 2662 1307 2682 cum
1335 2653 1447 2687 collegis
1475 2651 1534 2679 suis
1558 2649 1671 2678 Liberio
1696 2649 1787 2681 dedit,
1809 2648 1849 2675 sic

211 2705 296 2734 habet
308 2715 315 2734 :

247 2767 285 2799 (ll
296 2766 399 2794 Ciliciae
412 2765 468 2791 inec
484 2766 579 2793 civitas
594 2769 644 2792 est.
663 2765 765 2800 (Suom)

247 2803 286 2836 (2)
308 2799 507 2828 Ecelesiastica:
538 2799 670 2828 historia!
691 2801 841 2835 scriptores
872 2801 1000 2836 videntur

211 2838 302 2866 Gallos
321 2841 348 2862 et
361 2837 511 2863 Germanos
528 2845 577 2871 pro
596 2837 691 2862 eadem
708 2841 787 2870 gente
811 2836 950 2863 habuisse.
973 2835 1000 2861 lu

1053 2760 1175 2789 Gratiani
1194 2759 1277 2786 rebus
1298 2757 1368 2784 infra
1383 2756 1562 2783 Almanorum
1579 2760 1680 2780 nomen
1697 2751 1845 2787 reperitur,

1055 2802 1082 2824 ct
1097 2795 1250 2823 Germaniae
1266 2802 1321 2821 uno
1337 2799 1420 2827 atque
1437 2792 1524 2819 altero
1540 2792 1609 2817 loco.

245 2893 282 2925 (ιι)
301 2892 347 2918 Hic
365 2891 446 2924 deﬂvit
457 2895 535 2918 tortus
548 2894 645 2918 (lutcus
659 2893 730 2924 hujus
747 2893 833 2923 capitis
846 2897 866 2919 .‘I
883 2893 1010 2918 (inodum:
1021 2888 1178 2922 srqmttitmt.
