1905 3048
25 113 74 144 661

510 120 814 151 ECCLESIASTlC/E
835 123 1030 154 HlSTORle
1052 126 1123 156 LIB.
1149 127 1201 157 ΧΙ.

1613 133 1664 164 me

755 179 875 220 espur'
889 194 944 221 vn.

313 244 470 280 Ὁμολογιά
484 247 543 274 τῶν
558 247 721 282 πρέσϐεων,
742 251 863 283 Λιϐερίῳ
880 251 918 284 τῷ
940 254 1098 284 amoma”)
1122 253 1237 286 Ῥώμης
1251 254 1384 281 δοθεῖσα.

435 307 569 343 Confessio
590 308 736 343 legatorum
761 309 864 336 Liberio
888 312 1009 346 epitcopa
1034 312 1151 340 Rornrmo
1172 313 1299 340 exhibita.

63 373 72 389 ι
89 362 210 390 Domino
228 362 309 390 fratri
327 367 355 390 et
372 363 486 398 collegae
504 364 626 396 Liberio,
645 366 818 400 Eustathius,
839 372 860 398 Α
876 367 1116 403 Constantinopoli
1141 377 1191 404 per
1211 378 1333 398 errorem
1358 371 1595 407 subscripserunt.
1618 375 1666 402 Est

26 417 53 438 et
76 411 228 446 Sylvanus,
243 410 417 445 Theophilus
439 411 557 438 salutem
583 412 608 439 in
632 413 759 440 Domino.
780 413 820 440 Ad

27 457 166 484 evitandas
185 457 301 483 insanas
323 457 530 488 haereticorum,
545 458 590 492 qui
616 466 668 484 non
691 459 821 486 desinunt

28 503 155 530 Ecclesia:
171 503 320 530 catholicae
335 503 502 530 offendicula
517 512 621 536 creare,
637 505 820 539 suspiciones,

26 555 51 576 et
71 549 103 576 ad
123 557 224 576 earum
243 557 355 577 causam
375 555 403 576 et
423 551 598 577 occasionem
623 558 732 578 omnem
752 560 821 587 prae-

27 595 192 627 eidendam,
220 596 318 631 synodi
340 595 483 630 Lantpsaci
509 601 536 623 et
559 596 691 632 Smyrnae,
710 603 738 625 et
760 599 820 625 aliis

28 642 107 669 variis
126 642 156 669 in
173 642 246 669 locis
261 642 296 668 ab
312 642 472 669 orthodoxis
492 649 519 670 et
539 649 614 670 recte
637 644 820 671 sentientibus

27 689 163 723 episcopis
178 689 328 716 celebratae
344 689 454 716 decreta
469 690 639 723 proﬁtentes,
654 690 726 724 apud
741 691 820 718 boni-

30 740 107 762 tatem
132 740 224 766 tuam,
253 739 281 761 et
302 734 447 762 universos
473 735 558 762 Italia:
579 735 717 770 totiusque
740 735 818 764 Occi-

29 783 115 808 dentis
142 781 292 816 episcopos
321 781 458 815 legatione
486 781 637 817 fungimur,
662 786 688 809 et
712 782 819 810 litteras

28 828 168 855 allerimus
193 827 358 855 catholicam
382 835 432 855 nos
456 827 539 855 ﬁdem
562 836 683 860 servare,
705 836 766 863 quae
791 829 818 855 in

28 879 118 901 sancta
137 874 252 902 Nictcna
269 874 388 908 synodo,
404 874 455 902 sub
470 874 552 901 beato
569 874 750 901 Constantino
767 875 817 901 im-

29 925 164 954 peratore,
181 928 197 947 a
215 921 348 948 trecentis
365 920 460 948 decem
483 925 511 948 et
532 925 594 947 octo
612 921 740 948 Patribus
756 928 820 955 pro-

29 968 144 1002 mulgata
170 972 257 1002 atque
280 967 454 997 conﬁrmata.
473 967 608 994 hactenus
629 968 655 994 in
674 972 747 995 statu
767 975 818 995 suo

31 1015 156 1041 inviolata
179 1019 266 1048 atque
292 1013 404 1041 immota
430 1013 551 1046 duravit,
568 1020 650 1048 atque
671 1014 698 1042 in
718 1022 816 1049 perpe-

31 1065 98 1087 tuam
117 1060 256 1087 duratura
278 1064 321 1087 est
340 1068 346 1086 :
365 1059 391 1086 in
412 1067 466 1094 qua
479 1060 509 1086 τὸ
528 1060 685 1095 ὁμοούσιον,
702 1060 822 1087 con5ub-

31 1107 164 1138 stantiale,
180 1107 235 1133 rite
256 1106 357 1141 pieque
372 1112 468 1134 contra
482 1107 540 1134 Arii
559 1107 762 1142 improbitatem
779 1113 822 1134 est

31 1154 223 1181 constitutum.
243 1153 394 1188 Fidemque
409 1162 470 1181 eam
487 1162 536 1181 nos
551 1162 606 1181 una
620 1162 682 1182 cum
698 1155 738 1181 eis
753 1162 822 1189 quos

31 1199 147 1227 diximus
166 1199 312 1234 episcopis
332 1205 359 1226 et
379 1208 516 1231 servasse,
533 1206 562 1227 ct
575 1208 663 1235 usque
684 1200 718 1227 ad
740 1201 821 1227 ﬁnem

30 1251 188 1274 servaturos
211 1253 285 1279 esse,
299 1247 428 1273 manibus
450 1247 500 1280 ipsi
520 1247 622 1273 nostris
641 1246 820 1281 proﬁtemur;

30 1293 251 1321 condemnantes
276 1292 385 1325 Arium,
404 1292 574 1327 impiamque
596 1292 752 1319 doctrinam
779 1300 821 1319 se-

30 1346 207 1376 ctatoresque
235 1339 382 1375 ejusdem,
412 1347 522 1367 necnon
553 1347 662 1366 omnem
692 1339 822 1371 Sabellii,

32 1387 318 1422 Patripassianorum,
341 1385 508 1418 Marcionis,
531 1384 660 1417 Photini,
685 1383 822 1416 Marcelli,

32 1433 172 1468 ipsiusque
196 1431 275 1459 Pauli
300 1430 474 1458 Samosateni
500 1430 637 1463 haeresim,
657 1430 824 1457 doctrinam-

31 1489 80 1515 que
97 1488 210 1512 eorum,
234 1487 344 1506 necnon
366 1487 464 1506 omnes
480 1479 520 1506 eis
538 1479 739 1512 assentientes;
758 1483 786 1506 et
802 1479 824 1506 si

32 1535 87 1561 quae
107 1530 247 1562 praeterea
270 1529 334 1553 sunt
357 1525 417 1552 aliae
440 1530 521 1552 sectae
544 1530 645 1552 sanetae
670 1525 745 1556 ﬁdei,
765 1532 826 1559 quae

34 1574 71 1607 pie
86 1579 171 1608 atque
184 1571 324 1600 catholice
341 1571 440 1599 Nicaeae
458 1579 473 1598 a
489 1572 592 1598 sanctis
607 1570 737 1598 Patribus
752 1578 826 1598 com-

34 1621 115 1654 posita
133 1625 223 1654 atque
240 1619 412 1654 promulgata
423 1623 474 1650 est,
489 1620 612 1645 adversa:
628 1622 656 1645 et
668 1617 825 1649 contraria‘,

34 1666 206 1693 anathemate
233 1671 346 1699 quoque
364 1664 391 1691 in
410 1664 507 1698 primis
528 1664 661 1691 ferientes
677 1663 824 1691 formulam

873 420 964 441 autent
982 415 1048 442 fides
1064 420 1169 448 nostra,
1188 422 1270 452 atque
1291 426 1387 445 eorum
1411 427 1528 454 quorum
1551 422 1664 447 nomine

872 460 1009 496 legatione
1021 461 1172 497 fungimur,
1190 464 1258 490 ista:
1273 464 1418 492 Credimus
1434 466 1460 492 in
1476 475 1560 492 unttm
1577 467 1662 494 Deum

873 507 981 534 Patrem
998 508 1230 543 omnipotentem,
1244 511 1396 538 visibilium
1414 517 1442 540 et
1456 514 1578 540 omnium
1594 514 1664 540 iuvi-

872 553 993 580 sihiliunt
1015 554 1157 582 faetorem.
1179 557 1210 582 Et
1228 557 1254 583 in
1272 565 1357 584 unutn
1371 558 1542 593 unigenitum
1566 559 1662 592 licunt,

873 599 1018 627 Dominum
1039 606 1165 628 nostrum
1191 602 1286 630 Jesum
1304 603 1456 636 Christum,
1481 605 1580 632 Filium
1605 607 1664 637 Dei,

872 653 904 672 ex
925 645 1016 677 Patre,
1038 647 1091 674 hoc
1113 651 1166 679 est,
1186 655 1219 675 ex
1241 649 1396 676 substantia
1420 649 1509 677 Patris
1529 650 1686 685 genitnm,‘~‘

871 689 957 717 Deutn
980 691 1013 718 de
1029 692 1096 722 Deo,
1115 692 1208 719 lumen
1231 693 1265 720 de
1284 693 1400 727 lumine,
1419 695 1502 722 Deum
1521 704 1615 723 verum
1632 696 1676 723 de~

872 736 927 763 Deo
944 745 1019 770 vero,
1037 738 1172 773 genitum,
1188 747 1243 766 non
1267 740 1381 772 factum,
1399 742 1663 769 consubstantialem
1679 734 1684 738 ”

872 783 956 816 Patri,
969 791 1019 818 per
1034 792 1116 819 quem
1132 786 1223 813 omnia
1240 786 1310 814 facta
1326 791 1402 819 sunt,
1417 796 1532 823 qureque
1548 789 1574 816 in
1594 789 1665 816 coelo

871 834 948 860 sunt,
971 837 1088 864 qumque
1107 831 1133 858 in
1153 835 1238 859 terra.
1258 832 1311 865 Qui
1335 838 1447 868 propter
1466 842 1515 860 nos
1533 834 1662 861 homines

871 880 899 902 et
916 882 1029 911 propter
1051 882 1174 904 nostram
1200 879 1316 906 salutem
1340 879 1501 910 descendit,
1525 885 1553 906 et
1574 880 1663 906 incar—

871 927 962 954 natus,
978 928 1006 950 et
1021 924 1103 950 homo
1119 924 1217 958 factus,
1233 929 1261 952 et
1276 933 1373 956 passus
1387 930 1438 952 est.
1456 925 1488 952 Et
1508 927 1663 952 resurrexit

873 970 954 997 tertia
971 970 1026 1002 die,
1042 975 1070 997 et
1087 970 1213 998 ascendit
1235 971 1262 998 in
1279 971 1375 1004 caelos,
1390 977 1527 999 venturus
1546 972 1610 999 inde
1632 973 1665 999 ad

870 1015 1050 1050 iudicandum
1067 1017 1147 1044 vivos
1167 1021 1194 1044 et
1211 1022 1348 1045 mortuos.
1364 1017 1398 1044 Et
1413 1017 1439 1044 in
1453 1017 1587 1052 Spiritum
1605 1027 1667 1045 salt-

874 1066 960 1090 ctnm.
977 1062 1028 1095 Qui
1047 1068 1138 1090 autem
1156 1063 1263 1094 dicunt,
1280 1064 1365 1090 fuisse
1387 1064 1537 1099 aliquando
1560 1071 1667 1100 tempus

873 1116 934 1136 cum
946 1116 999 1136 non
1009 1109 1102 1140 fuerit,
1112 1109 1240 1144 quodque
1253 1110 1412 1144 priusquam
1425 1111 1536 1145 genitus
1552 1111 1598 1143 sit,
1610 1119 1663 1137 non

872 1154 966 1187 fuerit,
980 1159 1008 1182 et
1021 1155 1094 1189 quod
1109 1163 1141 1182 ex
1157 1163 1211 1182 non
1228 1156 1428 1183 exsistcntibus
1446 1156 1535 1183 factus
1556 1157 1602 1188 sit,
1620 1161 1667 1183 aut

873 1209 907 1228 ex
927 1202 980 1228 alia
1006 1201 1162 1229 substantia
1180 1201 1223 1228 vel
1245 1202 1437 1235 subsistentia,
1453 1203 1495 1229 vel
1521 1203 1667 1229 mutationi

873 1252 902 1274 et
925 1247 1082 1274 alteratioui
1106 1248 1258 1274 obnoxium
1279 1248 1378 1275 Filium
1396 1248 1444 1275 Dei
1467 1256 1536 1280 esse,
1554 1248 1668 1275 anathe-

875 1299 946 1320 mate
966 1295 1074 1330 jugulat
1089 1294 1226 1322 catholica
1240 1299 1269 1321 et
1283 1295 1434 1329 apostolica
1454 1295 1590 1321 Ecclesia.
1612 1295 1667 1329 Ego

874 1350 939 1369 vero
952 1341 1123 1375 Eustathius,
1137 1342 1284 1377 episcopus
1297 1342 1429 1369 Sehastia’.
1441 1342 1529 1373 urbis,
1539 1346 1567 1369 ct
1579 1342 1668 1368 Then-

875 1388 984 1420 philus,
1011 1392 1039 1415 et
1070 1387 1222 1423 Sylvanus,
1253 1387 1466 1422 Lampsacenae,
1494 1386 1669 1422 Smyrneusis

875 1434 1047 1468 aliarumque
1072 1423 1239 1468 synodorum
1264 1433 1356 1467 legati,
1378 1433 1450 1460 hanc
1473 1432 1535 1460 ﬁdei
1562 1432 1670 1466 profes-

876 1479 982 1507 sionem
998 1479 1127 1506 manibus
1142 1479 1245 1506 nostris
1266 1479 1464 1514 voluntateque
1485 1484 1580 1506 nostra
1596 1480 1666 1507 seri.

877 1526 993 1560 psimus.
1012 1525 1090 1558 Quod
1114 1525 1136 1552 si
1159 1525 1221 1559 quis
1245 1530 1345 1560 praeter
1366 1528 1439 1552 hanc
1462 1525 1554 1557 ﬁdem,
1571 1530 1667 1553 contra

877 1579 927 1599 nos
939 1576 986 1598 attt
1000 1579 1048 1598 eos
1064 1579 1078 1597 a
1092 1571 1194 1606 quibus
1207 1571 1282 1598 missi
1298 1579 1406 1604 sunttts,
1421 1572 1526 1606 aliquid
1540 1573 1668 1599 criminis

877 1618 1022 1645 intendere
1041 1618 1172 1650 voluerit,
1190 1617 1224 1645 ad
1245 1625 1428 1653 quoscunque
1449 1619 1587 1646 sanctitati
1613 1623 1668 1645 tua:

877 1664 967 1691 visum
987 1663 1070 1691 fuerit
1097 1665 1255 1698 episcopos,
1271 1672 1321 1691 nos
1344 1669 1428 1699 atque
1446 1665 1509 1692 illos
1526 1672 1589 1692 cum
1606 1673 1670 1691 san-

35 1712 145 1739 Arimini
169 1711 285 1742 lectam,
301 1710 420 1737 Nicaeus:
439 1710 545 1737 scilicet
567 1709 629 1736 ﬁdei
649 1717 762 1743 prorsus
780 1716 824 1735 re-
839 1718 860 1747 (ι
878 1710 983 1737 ctitatis
997 1714 1049 1737 tua:
1063 1710 1164 1737 litteris
1180 1710 1291 1737 remitte
1306 1720 1312 1738 :
1329 1715 1359 1737 ut
1372 1718 1436 1738 cum
1448 1710 1519 1746 apud
1532 1718 1579 1737 cos
1593 1710 1670 1745 ipsos

36 1762 212 1792 pugnantem.
241 1756 291 1784 Cui
319 1757 430 1791 quidem
456 1756 582 1783 formqu
607 1755 673 1782 Nica
700 1754 824 1782 Thraciae

36 1805 125 1838 aliane,
139 1803 271 1832 nonnulli
284 1803 349 1830 dolo
361 1803 433 1830 malo
446 1806 474 1830 et
487 1802 612 1837 periurio
625 1801 823 1833 circumventi,

876 1755 986 1791 judices
1008 1763 1091 1782 causa
1116 1755 1235 1788 dicatur,
1256 1761 1312 1783 tum
1340 1756 1367 1783 in
1388 1764 1451 1783 eum
1473 1757 1520 1791 qui
1545 1756 1670 1784 criminis

879 1801 1024 1828 convictus
1039 1800 1136 1834 fuerit,
1148 1801 1270 1836 legitime
1283 1802 1529 1830 animadvertatur.

703 1886 781 1921 ιρι
801 1885 915 1914 CAPUT
938 1885 1007 1912 vnt.

355 1947 520 1982 Ἐπιστολὴ
538 1947 674 1981 Λιὸερίου
699 1947 761 1980 τοῖς
777 1947 812 1974 ἐν
827 1947 863 1981 τῇ
882 1947 943 1980 ’Ἑφ
959 1945 1138 1979 ἐπισκόποις
1157 1944 1337 1980 πεμφθεῖσα.

517 2008 638 2042 Epistola
650 2007 758 2039 Liberii,
777 2007 902 2041 episcopis
921 2005 1094 2033 orientalibus
1110 2005 1202 2032 missa.

70 2075 125 2102 lloc
155 2073 253 2100 libello
280 2071 366 2100 veluti
392 2069 511 2105 quodam
539 2070 653 2105 pignore
677 2066 729 2096 sibi
755 2068 827 2095 obli-

40 2126 110 2154 gatos
146 2119 278 2146 Liberius
307 2119 340 2144 ad
369 2116 593 2144 communionem
633 2114 765 2146 admisit,
794 2121 827 2141 ac

37 2168 164 2201 deinceps
194 2173 259 2192 cum
291 2163 450 2199 huiusmodi
482 2162 583 2189 litteris
616 2169 665 2188 eos
697 2161 824 2188 dimisit:

39 2222 47 2236 ι
70 2213 183 2239 Dilectis
208 2210 344 2238 fratribus
363 2215 391 2236 et
413 2209 542 2242 collegis,
566 2207 686 2243 Hythio,
709 2207 825 2242 Cyrillo,

39 2258 220 2293 llypcrechio.
246 2257 360 2287 Ileroni,
387 2255 508 2290 Elpidio,
533 2255 670 2287 Maximo,
694 2254 824 2286 Eusebio,
845 2272 866 2300 υ

39 2305 181 2340 lim-arpio,
209 2303 350 2335 liortasio,
375 2303 474 2335 Nconi,
503 2302 659 2333 Eumathio.
682 2301 826 2332 Faustino,

39 2351 143 2383 Proeto,
168 2350 325 2380 Passinico.
349 2350 493 2381 Arsenico,
520 2349 634 2381 Severo,
657 2348 826 2384 DidymiOni,

40 2399 188 2429 Britannic.
201 2397 354 2428 Callicrati,
366 2396 508 2429 Damabio,
527 2396 652 2428 Aidesio,
664 2395 827 2427 Eustochio,

39 2444 192 2477 Ambrosio,
221 2442 507 2476 Gelonio,Pardalio.
536 2442 708 2474 Macedonio,
732 2441 827 2473 Paulo,

39 2491 175 2522 Marcello,
196 2489 338 2520 Heraclio,
358 2489 528 2520 Alexandro,
548 2488 657 2520 Adolio,
677 2488 827 2519 Marciano,

40 2537 179 2569 :tltenclo,
193 2535 308 2569 Joanni,
325 2535 436 2567 ltlacari,
450 2534 588 2565 Charis‘to.
607 2534 736 2570 Sylvauo.
754 2534 828 2561 Pho-

41 2582 104 2614 tino,
125 2582 230 2612 Autho,
248 2581 379 2613 Antonio,
395 2580 487 2611 Celso,
503 2578 692 2614 Euphranori,
711 2578 827 2610 Milesio,

42 2629 173 2661 l'atrieio,
201 2627 369 2659 Severiano,
396 2626 529 2656 Eusebia.
560 2626 716 2660 Eunmlpio,
746 2625 829 2652 Atha-

41 2676 123 2707 nasio,
142 2675 314 2709 DiOphauto,
330 2673 486 2704 Minodoro,
504 2672 600 2704 Diocli,
618 2671 827 2707 Chrysampelo,

43 2723 171 2756 litigi-nio.
194 2721 351 2754 Eustathio,
372 2720 524 2752 Callicrati,
545 2720 674 2751 Arsenio,
690 2718 825 2753 Eugenio,

44 2767 177 2803 liartyrio,
205 2767 339 2798 llieratio,
365 2766 492 2797 Leontio,
518 2766 668 2800 Philagrio,
690 2764 784 2797 Lucio,
801 2769 827 2790 et

43 2815 174 2841 universis
204 2813 343 2847 episcopis
373 2812 562 2838 Orientalium
589 2811 770 2842 orlhutlnxis,
801 2815 828 2836 ct

46 2867 136 2897 rcctam
158 2861 242 2887 fidem
262 2860 450 2888 sectantibus.
470 2859 597 2885 Lilmﬁau
614 2874 617 2881 ι
632 2859 758 2892 plu-opus
778 2858 828 2884 ita-

880 2067 935 2099 liaa,
951 2071 977 2094 et
995 2066 1094 2100 reliqui
1115 2064 1276 2093 Occidentis
1288 2063 1410 2099 episcopi
1433 2063 1549 2091 salutem
1573 2071 1671 2099 perpe-

880 2118 955 2140 tuam
971 2113 998 2139 in
1017 2111 1144 2138 Domino.
1157 2110 1366 2144 Optatissimum
1380 2109 1463 2136 nobis
1476 2110 1551 2144 pacis
1564 2114 1591 2137 et
1604 2117 1672 2137 con-

879 2159 980 2188 cordire
998 2158 1129 2193 gaudium
1142 2157 1244 2184 littera:
1260 2163 1370 2190 vestris,
1387 2156 1450 2184 ﬁdei
1467 2157 1572 2183 lumine
1587 2157 1672 2183 reful-

878 2211 994 2241 gentes,
1021 2205 1122 2232 fratres
1150 2203 1260 2235 dilecti,
1291 2203 1466 2236 attulerunt,
1495 2211 1564 2238 quas
1591 2202 1673 2230 nobis

880 2251 1108 2279 reverendissimi
1143 2250 1242 2277 fratres
1271 2255 1300 2278 et
1331 2250 1454 2285 episcopi
1495 2249 1671 2280 Eustathius,

881 2299 1018 2334 Sylvanus
1046 2303 1130 2333 atque
1164 2296 1338 2332 Theophilus
1363 2296 1557 2323 reddiderunt.
1582 2297 1672 2329 Atque

881 2353 915 2372 eo
928 2345 1048 2372 maxime
1064 2343 1189 2375 nomine,
1205 2343 1277 2376 quod
1294 2350 1404 2370 sensum
1419 2347 1447 2369 et
1462 2341 1671 2376 persuasionem

883 2390 945 2418 fidei
963 2395 1070 2421 VCSll‘EB,
1087 2397 1150 2418 eum
1167 2389 1314 2417 tenuitatis
1332 2396 1400 2415 meae
1413 2392 1494 2421 atque
1510 2387 1670 2414 Italicorum

881 2435 1158 2470 Occidentaliumque
1168 2434 1364 2469 episcoporum
1380 2433 1503 2459 omnium
1520 2431 1669 2463 sententia,

881 2481 1053 2510 concordare
1076 2481 1275 2508 confirmarunt
1297 2484 1324 2506 et
1349 2481 1553 2506 asseverat-unt.
1581 2477 1672 2511 Atque

880 2537 940 2557 eam
972 2529 1058 2563 ipsam
1086 2528 1213 2555 novimus
1243 2527 1407 2554 catholicam
1436 2531 1464 2552 ct
1486 2524 1668 2559 apostolicam

880 2583 942 2603 esse
960 2576 1052 2608 ﬁdem,
1071 2583 1132 2610 qua:
1154 2574 1186 2602 ad
1211 2574 1350 2601 Niemnam
1370 2580 1457 2607 usque
1474 2571 1610 2607 synodum
1631 2572 1673 2598 iu—

882 2628 958 2658 tcgra
975 2627 1058 2656 atque
1075 2623 1187 2648 immota
1206 2626 1314 2647 servata
1329 2624 1370 2646 est
1388 2627 1394 2645 :
1414 2626 1495 2654 quant
1516 2618 1600 2645 etiam
1622 2618 1673 2645 Pa-

882 2674 936 2696 tres
960 2669 1056 2696 Nica‘ae
1082 2675 1143 2694 cum
1164 2666 1268 2701 ingenti
1293 2665 1406 2695 betitia,
1425 2673 1478 2690 non
1500 2664 1588 2690 solum
1614 2672 1672 2690 scr~

881 2724 972 2747 mune,
1003 2722 1098 2740 verum
1125 2713 1208 2740 etiam
1238 2712 1377 2746 scriptura
1405 2711 1614 2742 intercedente,
1642 2715 1672 2737 ut

881 2763 1026 2797 vestigium
1045 2768 1072 2789 ct
1089 2761 1238 2790 scintillam
1256 2768 1365 2786 omnem
1385 2756 1670 2793 absurdae,opinionis

881 2810 1101 2843 ('Xstingncrcnt,
1116 2813 1180 2836 sunt
1195 2807 1323 2842 proicssi.
1341 2807 1403 2841 Ejus
1418 2805 1559 2839 exemplar
1575 2810 1668 2830 neccsv

881 2857 954 2884 sario
972 2857 1045 2883 hisce
1062 2857 1162 2884 litteris
1179 2855 1382 2888 suiqicicndutn
1403 2860 1460 2881 esse
1478 2851 1615 2880 duximus,
1634 2857 1666 2874 nc
