1905 3048
207 109 258 140 599

825 120 1038 151 ΝῘΟΕΡΗΟΒΙ
1058 121 1231 153 CALLISTI

1792 119 1852 150 60F)

205 164 354 214 maximqu
371 171 422 200 est,
440 168 491 196 fuit
506 179 512 197 :
529 172 719 205 possessiones
735 175 809 203 enim
832 177 922 205 nullas
949 185 994 205 ne-

1074 178 1188 211 £1élst,
1204 180 1259 211 τοῖς
1275 179 1350 214 ὅροις
1377 178 1425 206 τοῦ
1440 177 1609 212 Εὐαγγελίου
1639 176 1766 212 στοιχῶν,
1795 178 1851 203 καὶ

204 216 259 243 quc
274 210 425 245 quidquam
448 215 572 248 pecunia:
589 217 696 245 habuit.
714 219 747 246 Et
766 220 827 249 vita:
842 221 903 257 ejus
917 222 995 250 iusti-

205 260 296 283 tutum
327 257 352 284 id
381 260 498 288 maxime
526 262 686 292 declaravit.
716 266 801 294 Unica
825 269 898 295 enim
919 274 995 297 veste

204 308 354 349 contentus
370 305 438 338 fuit,
467 311 494 334 et
515 310 683 345 evangelicis
708 312 828 341 decretis
851 315 994 349 insistens,

205 347 401 378 calceamentis
424 360 490 379 usus
515 362 569 381 non
589 361 642 383 cst.
665 356 800 386 Cmterum
828 368 882 387 non
908 347 995 389 multo

206 399 282 427 post,
299 395 333 422 ab
350 397 447 424 exsilio
465 405 624 434 revocatus,
642 403 776 431 ecclesias
796 413 859 433 suas
878 407 995 441 recepit,

205 444 233 466 ct
257 441 344 469 libere
371 443 397 469 in
421 444 462 471 cis
487 452 641 474 conventus
663 449 729 483 egit.
751 451 827 481 Quod
851 457 880 478 ut
904 453 993 485 fieret,

205 485 362 514 Marcianus
376 489 487 523 quidam
504 492 605 524 effecit,
622 494 663 520 vir
680 495 732 521 vita
749 496 829 523 simul
847 502 874 524 et
888 498 995 525 doctri-

205 539 240 558 na
258 533 406 560 admodum
423 542 576 570 spectatus,
602 540 649 573 qui
667 540 770 568 dudum
787 542 897 575 quidem
914 552 994 571 suum

205 579 232 604 in
260 579 436 615 imperatoria
458 583 521 610 aula
550 585 712 614 obtinuerat
734 588 845 621 locum,
869 595 925 616 tum
948 600 996 618 au-

205 631 260 652 tem
286 629 357 661 apud
383 629 548 658 Novatianos
569 633 594 659 in
618 635 842 670 presbyterorum
867 637 994 664 ordinem

204 679 361 707 Coeptatus,
383 675 560 711 imperatoris
583 679 652 707 filias
672 681 846 709 Anastasiam
865 687 892 709 et
910 684 996 710 (Iuro-

203 725 261 744 satn
282 722 467 754 grammatica:
492 729 628 758 praecepta
653 725 783 757 docebat,
807 729 858 755 sub
877 737 994 763 quarum

204 765 317 792 nomine
346 767 457 800 publica
488 769 596 798 lavacra
627 771 866 808 Constantinopoli
895 775 996 803 Valens

204 813 370 840 construxit.
399 814 479 849 119
504 815 570 850 Ejus
598 817 646 844 viri
670 820 756 853 gratia
780 819 994 849 Novatianorum

1049 224 1234 260 ὑποδημάτων
1249 225 1310 260 δίκα
1319 225 1409 252 διόλου
1423 224 1556 256 ἐϐάδιζεν.
1573 223 1611 250 Οὐ
1624 222 1716 256 πολλῷ
1726 222 1755 249 δὲ
1767 221 1850 248 ὕστεο

1051 279 1097 306 ρον
1116 271 1312 306 μετακληθεὶς,
1322 271 1372 301 τὰς
1385 270 1431 297 ὐπ’
1446 271 1528 297 αὐτὴν
1548 270 1700 305 ἐκκλησίας
1711 268 1848 302 κατέσχε,

1049 317 1097 343 καὶ
1124 318 1209 349 ἀδεῶς
1227 318 1406 352 ἐκκλησιαζε.
1427 317 1562 352 Πρόξενος
1584 316 1612 342 δὲ
1637 315 1743 342 τούτων
1767 313 1848 348 αὐτῷ

1049 363 1209 398 Μαρκιανός
1228 372 1254 389 τι
1273 364 1395 397 ἐγένετο,
1422 364 1493 398 ἀνὴρ
1514 362 1562 397 βίῳ
1576 363 1625 388 καὶ
1645 361 1720 396 λόγῳ
1734 361 1850 394 θαυμα-

1049 409 1114 440 σίως
1127 409 1217 440 συζῶν
1229 418 1235 425 ·
1255 410 1284 440 ὃς
1299 410 1383 436 πάλαι
1397 410 1446 444 μὲν
1468 411 1496 435 ὲν
1511 410 1567 440 τοῖς
1580 409 1744 441 ἀνακτόροις
1759 415 1847 440 στρα-

1047 455 1123 487 τείας
1140 455 1290 489 ἐπείληπτο
1302 465 1308 472 ·
1327 457 1387 482 τότε
1413 456 1435 482 δ’
1451 456 1577 490 ἱερᾶσθαι
1595 455 1686 489 λαχὼν
1700 453 1846 480 Νιυιτια-

1047 501 1112 532 νοῖς,
1146 501 1196 531 τὰς
1227 500 1361 534 βασιλέως
1389 501 1557 535 θυγατέρας,
1580 499 1767 526 Ἀναστασίαν
1794 499 1845 524 καὶ

1047 545 1196 581 Καρῶσαν,
1214 546 1310 580 λόγους
1342 546 1556 581 γραμματικοὺς
1583 545 1780 577 ἐξεπαίδευεν·
1805 542 1842 570 ὧν

1049 591 1096 618 καὶ
1127 592 1161 618 τὰ
1189 592 1308 627 δημόσια
1334 593 1435 627 λουτρὰ
1461 594 1493 627 τῇ
1524 592 1733 619 Κωνσταντίνον
1757 599 1844 616 κατα-

1050 639 1235 665 σκευασθέντα
1266 639 1374 673 Οὑάλης
1401 639 1500 666 ἐποίει.
1528 638 1603 665 Aliso?
1619 638 1710 664 τοίνυν
1728 637 1843 671 τάνδρὶς

1050 684 1119 718 πρὸς
1137 685 1227 718 ὀλίγον
1245 685 1274 711 αἱ
1297 686 1350 711 τῶν
1380 684 1561 712 Ναυατιανῶν
1589 684 1738 719 ἐκκλησίαι
1765 684 1843 710 κλει-

1050 731 1156 758 οθεῖσαι
1185 731 1263 763 αὖθις
1296 733 1439 767 ἡνοίγοντο
1452 740 1460 748 ⁸
1478 732 1509 759 οὐ
1529 732 1620 766 μέντοι
1644 731 1691 757 καὶ
1706 730 1782 757 οὕτω
1796 732 1845 763 τῆς

1049 779 1080 804 ἐκ
1095 779 1150 804 τῶν
1166 779 1319 814 Ἀρειανῶν
1334 779 1459 814 ταραχῆς
1476 778 1650 805 παντάπασιν
1671 775 1744 813 ἦσαν
1768 777 1847 802 ἐλεύ-

1053 822 1129 858 θεροι
1143 832 1149 839 ⁸
1171 825 1215 850 διὰ
1232 824 1327 858 μίσους
1343 825 1397 859 γὰρ
1412 822 1483 860 ἦσαν
1496 816 1603 856 αὐτοῖς,
1620 823 1718 858 ὅτιπερ
1730 823 1798 853 τοὺς
1816 823 1847 847 τὺ

204 857 339 891 ecclesize,
367 859 401 885 ad
428 860 513 888 breve
540 866 648 897 tempus
672 865 782 898 clausae,
801 874 909 894 rursum
934 872 994 895 sunt

1074 857 1138 905 ivga
1154 871 1201 902 τῆς
1216 857 1245 896 ἐν
1261 857 1365 907 Nimio
1380 857 1500 902 πίστεως
1516 869 1763 905 ὑπερασπίζοντας
1776 869 1848 903 ἡγὰ-

205 907 318 938 apertae.
338 904 391 932 Sed
407 913 441 932 ne
456 914 489 933 eo
508 908 619 942 quidem
638 915 718 944 pacto
735 919 848 946 prorsus
866 914 899 940 ab
917 914 996 941 Aria—

204 956 305 976 norum
332 951 422 979 turbis
451 953 528 980 fuere
557 954 693 984 immunes
720 958 796 992 :qui
825 958 865 986 eis
894 959 995 988 infensi

1051 925 1109 943 πων
1126 917 1230 952 σφόδρα
1242 918 1289 944 καὶ
1306 918 1448 953 ἔστεργον,
1463 917 1564 952 καίπερ
1578 916 1639 944 κατ’
1661 915 1748 950 ἄλλην
1764 915 1848 948 δόξαν

1051 963 1166 990 πλεῖστα
1180 964 1385 999 διαφερόμενοι.

204 1003 351 1034 propterea
367 1004 456 1032 erant,
493 1002 566 1035 quod
590 1002 708 1031 Nicmnre
731 1005 792 1032 ΠιΙοῖ
813 1005 948 1040 dogmatis
983 1007 1143 1038 defensores
1167 1009 1246 1038 valde
1289 1017 1416 1039 amarent
1432 1016 1460 1040 et
1479 1011 1746 1046 complecterentur,
1783 1009 1847 1037 aliis

205 1047 383 1083 Opinionibus
402 1048 550 1083 plurimum
566 1049 600 1076 ab
615 1050 668 1077 illis
683 1051 859 1080 dissidentes.

511 1110 622 1140 CAPUT
647 1113 690 1140 Vl.

204 1155 476 1193 DeiMatedonlnnis.
500 1162 524 1184 et
546 1158 598 1185 τοῦ
620 1160 794 1193 όμοουσίου,
822 1163 996 1189 coitsubstan-

241 1191 325 1233 tiqlis,
353 1192 508 1226 cultoribus,
527 1199 551 1221 et
571 1195 602 1221 de
622 1191 753 1229 legatione
768 1191 872 1230 piorum
883 1197 995 1225 Romam

240 1235 333 1254 ηιιεεα.

239 1273 365 1302 Eudoxio
387 1278 414 1302 et
437 1275 620 1310 popularibus
640 1277 701 1312 ejus
717 1277 852 1306 adversus
869 1287 918 1306 eos
944 1279 993 1314 qui

204 1321 313 1348 sincere
338 1320 476 1349 Nicaenam
499 1322 626 1350 colebant
657 1323 739 1351 iidem
767 1331 884 1353 conatus
908 1328 994 1360 prohe

205 1367 356 1394 succedere
373 1368 424 1395 visi
445 1373 521 1396 sunt.
543 1369 610 1396 Nam
633 1370 661 1397 in
677 1371 795 1397 maxima
814 1372 929 1399 ditionis
944 1373 996 1400 Va-

204 1414 288 1442 lentis
303 1419 389 1452 parte.
406 1420 434 1442 et
454 1416 630 1450 potissimum
649 1417 677 1443 in
697 1417 888 1452 Hellesponto,
909 1418 997 1446 Thra-

205 1460 266 1490 cia,
288 1460 415 1496 Bithynia
434 1465 518 1496 atque
545 1462 607 1489 aliis
635 1462 662 1489 in
692 1463 812 1491 circuitu
841 1464 941 1492 vicinis
968 1471 996 1493 et

1349 1116 1474 1142 ΚΕΦΔΛ.
1504 1115 1551 1149 q'.

1048 1164 1118 1198 Περὶ
1131 1164 1191 1190 τῶν
1202 1161 1434 1190 Μακεδονιανῶν
1446 1161 1499 1198 καὶ
1513 1160 1580 1198 τῶν-ξ
1595 1158 1844 1198 φρονούντων-τὸ

1084 1195 1246 1233 δμοούσιον
1258 1207 1264 1214 ·
1278 1198 1327 1225 καὶ
1344 1197 1410 1231 περὶ
1421 1196 1477 1231 τῆς
1490 1198 1533 1229 εις
1551 1195 1667 1230 Ῥώμην
1678 1195 1844 1229 πρεσϐείας

1084 1235 1142 1261 τῶν
1156 1233 1300 1261 εὐσεϐῶν.

1082 1282 1136 1308 Καὶ
1149 1281 1218 1314 πρὸς
1234 1280 1283 1315 μὲν
1301 1280 1365 1311 τοὺς
1383 1278 1544 1314 ἀκραιφνῶς
1562 1279 1611 1312 τὴν
1626 1279 1655 1305 ὲν
1672 1277 1780 1313 Νικαίᾳ
1799 1277 1846 1303 σέ-

1049 1329 1147 1359 ϐοντας
1157 1328 1249 1353 πίστιν
1263 1327 1338 1362 παρὰ
1350 1328 1406 1357 τοῖς
1423 1327 1486 1361 περὶ
1498 1326 1622 1358 Εὑδόξιον
1636 1324 1843 1359 κατορθοῦσθαι

1050 1375 1138 1401 ἐδόκει
1165 1375 1196 1400 τὺ
1225 1372 1462 1407 σπουδαζόμενον·
1480 1372 1519 1407 τῷ
1535 1374 1590 1407 γὰρ
1615 1372 1736 1406 πλείστῳ
1757 1371 1843 1406 μέρει

1049 1423 1098 1456 τῆς
1114 1421 1294 1456 ἐπικρατείας
1306 1419 1467 1451 Οὐάλεντος,
1484 1420 1530 1446 καὶ
1552 1419 1669 1453 μάλιστα
1686 1418 1739 1444 ἀνά
1750 1426 1779 1443 τε
1794 1417 1845 1443 τὸν

1055 1468 1255 1503 Ἑλλήσποντον
1271 1468 1318 1494 καὶ
1335 1467 1447 1501 Θρᾴκην
1462 1467 1508 1492 καὶ
1528 1465 1667 1497 Βιθυνίαν,
1682 1465 1730 1491 καὶ
1744 1464 1787 1490 ἑτι
1807 1464 1846 1490 τὰ

207 1505 386 1532 ulterioribus
406 1506 489 1533 etiam
511 1507 603 1538 terris,
618 1514 709 1542 neque
730 1509 860 1536 ecclesiis
880 1510 935 1544 jam
957 1509 994 1537 illi

1074 1513 1144 1548 ὄχλῳ
1160 1512 1264 1538 τούτων
1283 1511 1331 1538 καὶ
1344 1512 1522 1546 προσωτέρω.
1536 1510 1598 1537 οὔτε
1614 1510 1772 1544 ἐκκλησιῶν
1789 1507 1845 1545 ἧρ-

205 1552 355 1585 ριιετιῑιιειο,
373 1560 463 1587 neque
478 1553 624 1588 episcopos
640 1560 705 1580 suos
723 1554 853 1582 habuere.
872 1555 996 1583 Macedo-

206 1599 296 1626 nianis
318 1603 421 1630 autem,
438 1600 484 1633 qui
509 1600 638 1634 permulti
664 1601 691 1627 in
711 1601 824 1635 regione
840 1610 871 1629 ea
889 1607 995 1629 rectam

203 1646 260 1679 jam
285 1650 479 1673 consectantes
509 1646 675 1673 sententiam
701 1652 796 1679 erant,
823 1656 878 1675 non
907 1649 996 1676 minus

206 1691 312 1724 infesti,
331 1691 520 1719 inhumaniter
533 1696 561 1719 et
574 1691 648 1726 ipsos
663 1697 728 1720 sunt
742 1694 891 1727 persecuti.
906 1694 995 1728 Atque

207 1738 251 1764 isti
268 1742 381 1774 propter
402 1738 574 1765 imminentia
596 1739 665 1766 mala
687 1740 789 1774 oppido
805 1739 830 1766 in
847 1746 993 1774 angustum

208 1784 324 1819 redacti,
341 1785 386 1812 alii
408 1785 440 1812 ad
459 1786 529 1813 alios
543 1794 593 1821 per
609 1786 692 1813 urbes
712 1787 814 1822 legatos
831 1787 931 1813 misere
946 1795 953 1812 :
969 1791 996 1813 et

208 1831 317 1859 tandem
343 1832 375 1860 ad
400 1832 510 1863 fratrem
531 1832 652 1860 Valentis
676 1833 789 1861 Romam
816 1832 867 1860 sibi
895 1833 993 1860 confu-

206 1878 348 1913 giendum,
365 1883 391 1906 et
418 1887 479 1906 cum
504 1878 617 1906 Liberio
636 1879 737 1913 potius,
755 1880 833 1912 cujus
852 1879 912 1906 fidei
930 1887 995 1913 pro-

207 1924 354 1953 fessionem
387 1925 635 1960 ampleclebantur,
665 1933 748 1960 quam
775 1933 838 1952 cum
870 1925 994 1953 Eudoxio

206 1973 467 2005 communicandum
483 1980 544 2000 esse
559 1978 691 2000 statuere.
709 1972 802 2007 Itaque
821 1972 993 2000 Eustathium

1050 1567 1097 1593 χον
1110 1566 1117 1574 ·
1138 1557 1312 1593 ἀφῃρημένοι
1328 1557 1420 1583 δὲκαὶ
1437 1556 1491 1583 τῶν
1509 1556 1636 1590 ἱερᾶσθαι
1666 1555 1775 1586 τούτοις
1793 1555 1845 1581 λα-

1050 1604 1152 1639 χόντων
1169 1601 1251 1637 ἦσαν.
1264 1602 1334 1636 Πρδς
1351 1602 1380 1628 δὲ
1396 1602 1460 1632 τοὺς
1472 1601 1504 1627 τὰ
1523 1600 1692 1628 Μακεδονίου
1708 1599 1845 1634 φρονοῦν-

1049 1659 1112 1682 τας.
1145 1649 1342 1676 πολλαπλάσιοι
1367 1647 1421 1682 γὰρ
1437 1645 1508 1681 ἦσαν
1534 1647 1587 1673 ἀνὰ
1613 1646 1673 1672 τόδε
1691 1646 1722 1672 τὺ
1754 1645 1845 1679 κλίμα

1051 1694 1125 1723 οὗτοι
1147 1695 1201 1721 τῶν
1218 1694 1286 1729 ὀρθᾶ
1314 1695 1424 1728 φρονεῖν
1441 1693 1602 1729 ᾑρημένων,
1627 1691 1846 1726 χαλεπαίνοντες

1051 1743 1155 1771 τούτοις
1170 1740 1286 1776 σφόδρα,
1308 1738 1503 1774 ἀπανθρώπως
1529 1737 1652 1764 ἐδίωκον.
1683 1737 1715 1763 Οἱ
1734 1736 1764 1762 δὲ
1788 1737 1846 1762 τῶν

1049 1787 1233 1821 ἐπικειμένων
1251 1786 1347 1812 κακῶν
1367 1784 1406 1820 τῷ
1421 1785 1476 1811 δέει
1491 1783 1755 1818 στενοχωρούμενοι,
1773 1782 1847 1817 πρὸς

1048 1833 1181 1868 ἀλλήλους
1201 1832 1271 1859 κατὰ
1284 1831 1376 1862 πόλεις
1387 1829 1665 1865 διαπρεσϐευόμενοι,
1683 1829 1738 1855 δεῖν
1753 1828 1846 1855 ἐδοκί-

1052 1880 1139 1915 μαζον
1151 1878 1196 1904 ὲπί
1209 1887 1238 1904 τε
1249 1878 1295 1904 τὸν
1310 1877 1425 1911 ἀδελφὺν
1441 1876 1595 1906 Οὐάλεντος
1613 1874 1801 1910 καταφεύγειν
1814 1875 1847 1905 ἐς

1057 1925 1178 1959 Ῥώμην,
1194 1924 1315 1960 Λιὸερίῳ
1330 1932 1360 1950 τε
1378 1924 1530 1956 κοινωνεῖν,
1555 1922 1571 1958 ἢ
1588 1922 1644 1953 τοῖς
1668 1922 1734 1957 περὶ
1758 1920 1846 1948 Εὐδό-

1050 1973 1106 2005 ξιον
1122 1973 1171 2008 (a).

206 2021 350 2054 Sebastice,
368 2022 413 2048 cui
439 2021 587 2055 aliquoties
610 2022 737 2056 adempta
764 2021 854 2048 fuerat
876 2021 1007 2055 dignitas,
1027 2026 1056 2048 et
1078 2021 1225 2057 Sylvanum
1245 2021 1322 2048 Tarsi
1344 2020 1458 2054 Cilicizr,
1489 2025 1572 2055 atque
1591 2019 1777 2055 Theophilum
1793 2019 1847 2047 Ca-

206 2069 375 2096 stabalorum
393 2069 430 2104 (l)
447 2070 591 2103 episcopos
612 2069 726 2096 Romam
745 2070 881 2104 legarunt,
898 2071 993 2105 eisque
1014 2071 1181 2097 mandarunt
1202 2075 1231 2096 ut
1253 2078 1286 2097 ne
1310 2077 1372 2096 cum
1392 2069 1504 2096 Liberio
1526 2069 1559 2096 de
1600 2069 1653 2096 fide
1693 2068 1848 2096 contende-

207 2124 286 2149 rent.
314 2118 361 2145 sed
390 2118 483 2152 potius
513 2125 575 2144 cum
605 2119 728 2146 Romana
757 2120 996 2146 communicarent
1034 2119 1175 2152 Ecclesia,
1213 2127 1245 2146 ac
1271 2118 1515 2146 consubstantialis
1540 2117 1740 2152 professionem
1768 2124 1847 2144 com-

206 2166 369 2201 probarent.
391 2166 430 2192 llli
456 2174 518 2193 cuin
547 2165 649 2194 litteris
673 2174 780 2198 eorum,
798 2168 845 2202 qui
875 2167 909 2194 ab
933 2167 994 2194 aliis
1015 2167 1149 2194 Seleuciae
1173 2167 1307 2202 segregati
1349 2165 1471 2198 fuerant,
1492 2166 1519 2192 in
1554 2166 1659 2193 ltaliam
1678 2173 1843 2200 pervenere,

173 2228 186 2250 ς,
207 2217 289 2247 atque
316 2213 353 2244 ibi
379 2215 572 2247 imperatorem
598 2213 832 2247 Valentinianum,
867 2221 1011 2249 propterea
1035 2215 1107 2248 quod
1141 2214 1168 2240 in
1184 2213 1270 2241 Gallia
1285 2212 1323 2249 (2)
1339 2218 1434 2240 contra
1454 2212 1631 2240 Sauromatas
1647 2211 1749 2239 bellum
1765 2219 1844 2246 gere-

184 2266 260 2300 ;ret,
277 2269 332 2290 non
355 2261 493 2289 viderunt.
518 2261 586 2290 Cum
613 2268 704 2290 autem
730 2263 842 2290 Liberio
883 2264 1015 2298 epistolas
1044 2271 1114 2298 quas
1139 2270 1233 2290 secum
1260 2262 1411 2289 attulerant
1446 2261 1588 2292 offerrent,
1607 2261 1730 2294 recipere
1753 2259 1776 2286 is
1796 2248 1872 2298 easi

186 2304 299 2338 irenuit
317 2331 325 2344 ,
348 2310 466 2338 Arianos
492 2318 540 2337 eos
562 2318 638 2341 esse.
665 2318 717 2337 nec
758 2311 792 2337 ab
817 2311 937 2338 Ecclesia
979 2318 1028 2337 sua
1048 2310 1158 2344 agnosci
1185 2317 1276 2344 posse.
1301 2310 1347 2344 qui
1371 2309 1509 2336 Nicaeoam
1535 2307 1723 2335 abolevisscnt
1749 2306 1843 2338 tidem,

206 2359 311 2386 dicens.
336 2359 386 2386 Cui
413 2359 452 2386 illi
473 2359 689 2394 responderunt,
726 2367 757 2386 se
783 2367 832 2393 per
859 2359 1008 2393 legitimam
1037 2358 1229 2393 pcenitcntiam
1263 2358 1295 2384 ad
1329 2357 1456 2384 veritatis
1493 2356 1680 2391 cognitionem
1707 2354 1843 2386 rediisse,

206 2407 371 2435 sententiam
395 2407 443 2433 τοῦ
467 2407 596 2441 ἀνομοίου
614 2407 759 2443 ahjecisse,
780 2413 807 2434 et
828 2407 926 2434 Filium
962 2414 1011 2440 per
1030 2406 1122 2434 omnia
1149 2406 1220 2432 Patri
1245 2406 1364 2433 similem
1399 2405 1538 2439 professos
1554 2412 1636 2431 csse:
1656 2403 1737 2437 120
1757 2403 1844 2429 nihil-

206 2462 260 2489 que
290 2455 324 2482 ab
349 2454 506 2488 ὁμοουσίου,
527 2454 774 2486 consubstantiali,
801 2455 874 2481 κατὰ
902 2454 990 2480 πάντα

1076 2462 1118 2484 ον,
1131 2453 1184 2480 hoc
1195 2450 1255 2485 Vest,
1279 2462 1326 2488 per
1342 2453 1433 2480 omnia
1449 2453 1579 2483 similem,
1593 2450 1716 2478 diﬂ'crre.
1734 2450 1844 2483 Quibus

205 2501 299 2530 verbis
327 2499 439 2532 auditis,
461 2499 588 2527 Liberius
614 2500 812 2534 professionem
841 2507 938 2526 eorum
964 2499 990 2526 in
1013 2499 1147 2534 scriptum
1183 2499 1296 2526 relatam
1318 2499 1351 2525 ab
1375 2498 1415 2524 eis
1438 2497 1539 2532 exegit.
1553 2498 1642 2531 Atque
1658 2495 1698 2523 illi
1715 2495 1842 2522 libellum

206 2550 243 2582 ei,
263 2550 289 2576 in
306 2556 362 2583 quo
380 2549 462 2576 etiam
479 2549 616 2576 Nicaanam
653 2548 733 2575 tidem
771 2548 956 2579 inseruerunt,
979 2549 1153 2575 obtulerunt.
1191 2548 1327 2583 Epistolas
1353 2547 1475 2582 quidem,
1497 2553 1566 2580 quas
1600 2553 1696 2572 secum
1722 2544 1843 2579 Smyrna

206 2605 240 2625 ex
256 2596 319 2623 Asia
334 2599 363 2622 et
388 2602 421 2622 ex
447 2595 561 2627 Pisidia,
581 2595 695 2622 Isauria.
722 2594 883 2629 Pamphylia
910 2599 938 2622 et
968 2595 1061 2630 Lycia,
1092 2595 1137 2621 ubi
1162 2599 1316 2621 conventus
1340 2597 1467 2627 egerant,
1485 2593 1615 2623 attulere,
1633 2595 1746 2625 propter
1779 2598 1844 2624 pro-

205 2645 340 2672 lixitatem
361 2645 407 2673 hic
424 2654 478 2674 non
502 2645 630 2680 apposui.
651 2644 774 2672 Libellus
808 2650 910 2676 autem,
947 2652 1028 2680 quem
1049 2644 1212 2671 Eustathius
1238 2651 1301 2670 cum
1329 2642 1441 2676 collegis
1469 2641 1527 2668 suis
1552 2639 1665 2667 Liberio
1690 2638 1780 2671 dedit,
1803 2639 1844 2666 sic

206 2691 289 2720 habet
302 2702 309 2720 :

1046 2748 1168 2777 Gratiani
1189 2747 1271 2774 rebus
1291 2746 1362 2773 infra
1376 2745 1555 2772 Alnmnorum
1573 2750 1674 2770 nomen
1690 2741 1840 2777 reperitur,

241 2753 393 2785 (llCilicia:
406 2752 462 2778 huic
478 2753 573 2780 civitas
587 2757 637 2780 est.
657 2752 758 2788 (Socr.)
1046 2752 1168 2777 Gratiani
1189 2753 1271 2788 rebus
1292 2752 1362 2773 ml’ra
1376 2752 1555 2784 Atilianorum
1573 2752 1602 2769 nt

241 2790 279 2816 (2i
301 2787 501 2816 Ecclesiasticm
532 2789 654 2816 historia:
684 2788 834 2816 scriptorcs
866 2789 993 2815 videnlur
1049 2790 1076 2812 et
1090 2784 1244 2811 GCl‘lll‘Jlllu:
1260 2790 1314 2810 uno
1331 2787 1414 2816 atque
1431 2786 1517 2808 auem
1531 2782 1602 2806 loco.

241 2790 279 2824 (Ξ)
301 2787 501 2816 Ecclesiastit‘m
532 2789 654 2816 historia:
684 2788 834 2822 scriptorcs
866 2789 993 2824 videntur

205 2825 296 2852 Gallos
313 2828 342 2850 et
354 2824 504 2850 Germanos
522 2832 571 2858 pro
590 2825 684 2851 eadem
701 2829 781 2858 gente
804 2823 943 2850 habuisse.
966 2823 994 2848 lu

239 2880 275 2911 (α)
294 2879 340 2904 llic
358 2878 439 2910 dcﬁrt’l
451 2882 529 2905 Inuus
541 2882 638 2906 Gi'a‘cns
653 2881 724 2912 hujus
741 2880 827 2911 curitis
839 2885 859 2906 αι
876 2880 993 2906 (ἱηοιίςάινιιι

1075 2882 1172 2902 cuman.
