1905 3048
45 88 79 119 66!
502 93 805 123 ECCLESIASTICIE
826 94 1021 125 HISTORle
1043 96 1114 126 Llll.
1140 97 1192 127 XI.

1604 101 1655 126 tua

747 145 865 191 eApur‘
881 165 936 192 vn.

306 218 461 253 ὀμολογία
475 219 535 246 τῶν
549 220 713 254 πρέσϐεων,
733 222 855 254 Λιϐερῐῳ
872 223 910 254 τῷ
932 225 1089 254 emerui-np
1115 223 1228 257 Ῥώμης
1243 223 1376 250 δοθεῖσα.

427 280 560 316 Confessio
582 281 728 315 legatorum
753 281 856 308 Liberio
879 283 1002 316 epitcopo
1026 283 1144 310 Romano
1165 283 1290 309 exitibila.

71 347 77 363 ι
93 336 202 364 Domino
219 336 302 363 fratri
320 340 349 363 et
365 336 478 370 collegae
496 337 618 368 Liberio,
637 338 810 371 Eustathius,
832 343 852 369 Α
868 338 1108 374 Constantinopoli
1133 347 1184 374 per
1203 347 1325 367 errorem
1350 340 1587 375 subscripserunt.
1610 343 1658 369 Est

43 392 62 412 et
81 385 218 420 Sylvanus,
234 383 409 418 Theophilus
432 384 550 411 salutem
575 384 601 411 in
624 385 751 412 Domino.
772 385 813 412 Ad

43 431 160 458 evitandas
178 430 294 457 insanas
317 429 522 461 haereticorum.
539 430 583 464 qui
609 438 661 457 non
683 430 814 457 desinunt

44 477 150 504 Ecclesia:
165 477 313 504 catholicae
327 475 495 503 oﬂ‘endicula
511 484 614 508 creare,
630 476 812 511 suspiciones,

42 529 60 550 ct
77 523 104 550 ad
121 531 214 550 earum
235 531 348 550 causam
369 528 397 550 et
416 523 591 550 oecasionern
616 530 726 550 omnem
746 531 814 558 pra:-

43 570 183 601 cidendam,
210 569 312 605 synodi
333 569 477 604 Lampsaci
502 574 530 596 et
552 569 684 605 Smyrnae,
703 575 731 596 et
753 569 814 596 aliis

44 616 108 642 rariis
123 616 149 642 in
166 616 237 642 locis
252 615 289 642 ab
305 615 466 642 orthodoxis
485 621 513 642 et
533 621 607 642 recte
631 616 814 642 sentientibus

42 662 156 697 episcopis
169 662 322 690 celebratae
338 662 448 689 decreta
464 662 633 696 profitentes,
648 662 720 696 apud
735 662 814 689 boni-

44 714 107 736 tatem
128 714 214 740 tuam,
244 713 275 735 et
295 707 442 735 universos
467 707 552 734 Italiae
573 707 711 742 totiusque
733 707 811 735 Occi-

44 755 113 781 dentis
137 755 287 790 episcopos
315 754 452 788 legatione
480 754 631 789 fungimur,
655 758 683 781 et
706 754 813 781 litteras

43 801 161 828 adierimus
184 801 353 828 catholicam
377 808 427 828 nos
451 801 533 827 ﬁdem
557 808 678 832 servare,
700 808 761 835 quae
785 800 812 827 in

43 853 117 874 sancta
132 847 244 876 Nicmna
262 847 382 882 synodo,
398 847 450 874 sub
465 847 546 874 beato
563 846 745 874 Constantino
761 846 811 872 im-

44 898 157 927 peratore,
173 901 189 922 a
206 894 343 921 trecentis
359 893 454 921 decem
477 897 506 920 et
527 897 589 920 octo
607 893 735 920 Pati-ibus
751 899 814 926 pro—

44 941 140 975 mulgata
163 946 250 976 atque
275 941 449 970 conﬁrmata.
468 939 603 967 hactenus
624 940 650 966 in
669 944 741 967 statu
762 947 813 966 suo

44 986 151 1014 inviolata
171 993 260 1022 atque
287 987 399 1014 immota
425 986 546 1018 duravit,
563 992 646 1020 atque
666 987 693 1013 in
713 994 811 1021 perpe-

45 1037 100 1059 tuam
117 1033 250 1061 duratura
273 1037 316 1060 est
334 1041 341 1060 :
360 1032 386 1060 in
407 1040 461 1067 qua
474 1033 505 1058 τὸ
523 1032 680 1068 ὁμοούσιον,
697 1032 817 1059 consub-

45 1080 160 1112 stantiale,
174 1081 227 1108 rite
250 1080 352 1115 pieque
367 1084 463 1107 contra
478 1080 535 1106 Arii
554 1079 758 1114 improbitatem
775 1084 818 1106 est

45 1127 216 1155 constitutum.
237 1127 389 1162 Fidemque
405 1135 466 1154 eam
482 1135 532 1153 nos
547 1135 601 1154 una
615 1134 678 1154 cum
694 1126 734 1153 eis
749 1134 818 1161 quos

45 1171 145 1200 diximus
162 1173 307 1208 episcopis
327 1179 354 1200 et
374 1181 512 1203 servasse,
529 1178 557 1199 et
571 1180 658 1207 usque
680 1172 714 1199 ad
736 1172 817 1198 ﬁnem

44 1224 183 1247 servaturos
205 1227 282 1253 esse,
296 1220 424 1246 manibus
446 1220 496 1253 ipsi
516 1219 619 1246 nostris
637 1217 817 1253 proﬁtemur;

45 1266 246 1294 caudemnantes
272 1266 381 1298 Arium,
400 1265 570 1300 impiamque
592 1264 748 1292 doctrinam
775 1271 818 1290 sev

44 1318 202 1349 ctatoresque
230 1313 378 1348 ejusdem,
409 1320 518 1339 necnon
549 1319 658 1339 omnem
688 1310 819 1343 Sabellii,

46 1359 315 1394 Patripassianorum,
338 1358 504 1390 Marcionis,
528 1357 656 1388 Photini,
682 1355 819 1387 Marcelli,

45 1405 170 1440 ipsiusque
192 1405 272 1432 Pauli
297 1403 471 1431 Samosateni
496 1403 634 1436 hatresim,
654 1401 821 1429 doctrinam-

45 1461 88 1486 que
103 1461 206 1486 eorum,
229 1460 341 1481 necnon
363 1460 460 1479 omnes
477 1452 518 1479 eis
535 1451 736 1484 assentientes;
755 1454 782 1477 ct
799 1450 820 1477 si

46 1507 94 1532 quae
112 1504 243 1534 praeterea
267 1502 332 1526 sunt
354 1499 415 1525 alia:
437 1503 518 1525 secta:
541 1502 643 1525 sanetm
668 1496 742 1527 ﬁdei,
762 1503 822 1531 quae

47 1546 81 1578 pie
94 1550 170 1580 atque
182 1545 322 1574 catholice
339 1545 437 1572 Nicicze
455 1552 470 1570 a
486 1544 590 1571 sanctis
604 1542 734 1570 Patribus
749 1550 824 1569 eom-

48 1593 121 1624 posita
137 1598 219 1628 atque
237 1591 409 1627 promulgata
420 1595 472 1623 est,
487 1592 610 1617 adversm
626 1594 654 1617 et
666 1589 823 1621 contraria,

49 1638 203 1666 anathemate
231 1645 344 1673 quoque
362 1637 389 1664 in
408 1636 505 1671 primis
526 1636 660 1663 ferientes
676 1635 823 1662 formulam

865 391 956 412 autem
975 385 1041 412 fides
1057 391 1161 418 nostra,
1180 392 1262 421 atque
1283 395 1379 414 eorum
1403 396 1520 422 quorum
1543 390 1657 415 nomine

865 431 1001 466 legatione
1014 431 1165 467 fungimur,
1183 433 1250 460 ista:
1265 433 1411 461 Credimus
1426 435 1452 461 in
1469 443 1552 461 unum
1570 435 1654 461 Deum

866 478 974 505 Patrem
991 479 1222 514 omnipotentem,
1236 480 1388 507 visibilium
1407 486 1434 508 et
1448 482 1571 508 omnium
1587 482 1657 508 iuvi-

865 524 986 551 sibilium
1007 525 1150 552 factorem.
1172 526 1203 552 Et
1221 526 1247 552 in
1265 535 1349 553 unum
1364 527 1535 561 unigenitum
1559 528 1654 560 Deum,

866 571 1011 598 Dominum
1032 576 1158 598 nostrum
1185 572 1279 599 Jesum
1297 572 1449 605 Christum,
1474 574 1573 600 Filium
1598 575 1658 605 llci,

865 624 898 644 ex
919 616 1009 647 Patre,
1032 617 1084 644 hoc
1106 621 1160 649 est,
1180 625 1212 644 cx
1234 618 1389 645 substantia
1414 618 1502 646 Patris
1522 619 1679 654 genitumﬁ

865 661 950 688 Deum
973 661 1007 688 de
1024 662 1089 692 Deo,
1109 662 1202 688 lumen
1225 662 1259 689 de
1278 663 1394 695 lumine,
1413 663 1496 690 Deum
1515 672 1608 690 verum
1625 664 1669 691 def

866 707 921 734 Deo
938 715 1014 740 vero,
1031 708 1166 743 genitum,
1181 717 1237 736 non
1260 709 1375 741 factum,
1393 710 1657 737 consubstantialem
1673 701 1679 706 ’

866 754 950 786 Patri,
964 762 1013 789 per
1028 762 1110 789 quem
1126 755 1217 782 omnia
1234 756 1304 783 facta
1320 760 1395 787 sunt.
1411 764 1526 791 quasque
1542 757 1568 783 in
1587 757 1659 783 cmlo

865 805 942 831 Sunt,
965 808 1082 835 qua-que
1101 801 1128 828 in
1147 805 1232 828 terra.
1253 801 1305 835 Qui
1329 807 1442 836 propter
1461 810 1510 829 nos
1529 802 1656 829 homines

865 851 893 874 ct
911 853 1024 882 propter
1045 852 1168 874 nostram
1195 848 1311 876 salutem
1334 848 1496 878 descendit,
1520 853 1547 874 et
1568 848 1658 874 incar-

865 898 957 925 natus,
972 899 1001 921 et
1016 894 1098 921 homo
1114 894 1212 927 factus,
1228 899 1256 922 et
1271 902 1367 926 passus
1381 899 1433 921 est.
1451 893 1483 920 Et
1503 895 1658 921 resurrexit

867 941 949 968 tertia
966 941 1021 973 die,
1037 945 1065 967 et
1081 940 1208 968 ascendit
1230 941 1256 968 in
1274 941 1370 973 cmlos,
1385 946 1522 968 venturus
1541 940 1604 967 inde
1627 941 1660 966 ad

865 986 1045 1021 iudicandum
1062 987 1142 1014 vivos
1162 991 1189 1014 et
1207 992 1344 1014 mortuos.
1360 987 1393 1014 Et
1408 987 1434 1014 in
1449 987 1583 1021 Spiritum
1601 995 1662 1013 sau-

869 1038 955 1061 ctum.
972 1033 1024 1066 Qui
1042 1038 1133 1060 autem
1152 1033 1259 1065 dicunt,
1275 1033 1361 1060 fuisse
1382 1033 1533 1068 aliquando
1555 1039 1663 1068 tempus

868 1088 930 1107 cum
941 1088 994 1106 non
1005 1080 1097 1110 fuerit,
1107 1079 1236 1114 quodque
1249 1079 1408 1113 priusquam
1421 1079 1531 1114 genitus
1547 1079 1593 1111 sil,
1605 1087 1659 1105 non

868 1126 961 1158 fuerit,
976 1130 1004 1152 et
1017 1125 1090 1160 quod
1105 1133 1137 1152 ex
1153 1132 1207 1152 non
1223 1125 1424 1152 exsistentibus
1442 1125 1531 1152 factus
1552 1125 1598 1156 sit,
1615 1129 1663 1151 aut

869 1179 902 1199 ex
923 1173 976 1199 alia
1002 1171 1157 1199 substantia
1176 1171 1219 1197 vcl
1241 1172 1433 1203 subsistentia,
1449 1172 1491 1198 vel
1517 1170 1663 1197 mutationi

869 1223 898 1245 et
921 1218 1078 1245 alterationi
1101 1217 1254 1244 obnoxium
1275 1217 1374 1244 Filium
1392 1217 1440 1244 Dei
1462 1225 1532 1248 esse,
1549 1216 1665 1243 anathe-

871 1270 942 1291 mate
963 1265 1070 1300 jugulat
1084 1264 1222 1291 catholica
1237 1269 1264 1290 et
1280 1263 1430 1298 apostolica
1450 1263 1586 1290 Ecclesia.
1608 1263 1663 1297 Ego

870 1321 935 1340 vero
947 1312 1120 1345 Eustathius,
1133 1312 1281 1346 episcopus
1293 1311 1425 1338 Sebastiae
1438 1310 1525 1341 urbis,
1535 1315 1563 1336 et
1575 1309 1664 1336 Theo—

871 1359 981 1390 philus,
1007 1362 1036 1385 et
1067 1357 1219 1393 Sylvanns,
1250 1356 1462 1391 Lampsacenaa,
1490 1354 1666 1390 Smyrnensis

872 1405 1043 1438 aliarumque
1069 1393 1236 1438 synodorum
1261 1402 1353 1437 legati,
1375 1401 1446 1429 hanc
1470 1401 1531 1428 ﬁdei
1558 1399 1666 1435 profesn

873 1450 979 1478 sionem
995 1449 1124 1476 manibus
1139 1449 1242 1475 nostris
1263 1448 1461 1483 voluntateque
1482 1452 1577 1475 nostra
1593 1448 1663 1475 scri-

874 1497 990 1532 psimus.
1008 1495 1087 1529 Quod
1111 1495 1133 1522 si
1157 1495 1218 1529 quis
1242 1500 1342 1530 prieter
1364 1496 1437 1522 hanc
1459 1494 1552 1526 ﬁdem,
1568 1498 1664 1521 contra

875 1550 925 1570 nos
937 1547 984 1569 aut
997 1549 1046 1569 eos
1061 1549 1075 1568 a
1089 1541 1192 1576 quibus
1204 1541 1280 1568 missi
1296 1548 1404 1574 sumus,
1419 1541 1523 1575 aliquid
1538 1541 1666 1567 criminis

875 1589 1020 1616 intendere
1038 1588 1170 1620 voluerit,
1187 1587 1222 1615 ad
1243 1595 1426 1623 quoscunque
1447 1587 1584 1614 sanctitati
1611 1591 1664 1613 tua:

875 1635 965 1662 visum
985 1634 1068 1662 fuerit
1095 1635 1254 1669 episcopos,
1269 1642 1319 1661 nos
1342 1639 1426 1668 atque
1444 1634 1507 1661 illos
1524 1641 1587 1660 cum
1604 1641 1668 1659 san-

49 1684 148 1711 Ariiuini
169 1685 284 1716 lectam,
299 1683 418 1710 Nicaena:
437 1682 543 1710 scilicet
565 1681 628 1708 ﬁdei
647 1688 761 1715 prorsus
778 1688 823 1707 re-
837 1689 858 1718 ο
875 1681 981 1709 ctitatis
994 1685 1047 1708 tuae
1061 1680 1162 1708 litteris
1178 1680 1289 1707 remitte
1304 1690 1310 1708 ς
1327 1684 1357 1707 ιιι
1370 1687 1434 1707 eum
1446 1679 1517 1715 apud
1530 1687 1577 1706 eos
1592 1679 1669 1713 ipsos

51 1735 210 1764 pugnantem.
239 1730 290 1758 Cui
317 1730 428 1764 quidem
455 1729 580 1756 formulae
604 1727 671 1754 Nica
699 1726 823 1753 Thraciae

50 1776 132 1810 allatae,
143 1777 270 1806 nonnulli
283 1776 347 1804 dolo
359 1776 431 1803 malo
444 1779 472 1803 et
485 1775 610 1811 perjurio
623 1772 822 1805 circumventi,

874 1726 984 1762 judices
1007 1733 1089 1753 causa
1114 1726 1234 1758 dicatur,
1254 1730 1311 1752 tum
1338 1726 1365 1752 in
1386 1733 1449 1752 eum
1472 1726 1519 1760 qui
1543 1724 1668 1753 criminis

878 1772 1023 1799 convictus
1037 1770 1134 1804 fuerit,
1147 1771 1268 1806 legitime
1281 1771 1528 1798 animadvertatur.

701 1858 779 1893 121
799 1856 914 1885 CAPUT
936 1856 1006 1883 vui.

353 1920 518 1955 Ἐπιστολὴ
536 1920 673 1954 Λιὸερίου
698 1919 761 1952 τοῖς
775 1919 810 1945 ἐν
826 1917 862 1952 τῇ
881 1918 942 1951 "Eoi
958 1916 1137 1949 ἐπισκόποις
1157 1913 1336 1949 πεμφθεῖσα.

515 1980 638 2016 Epistola
650 1980 758 2011 Liberii,
777 1978 902 2013 episcopis
920 1976 1093 2004 orientalibus
1109 1974 1201 2001 missa.

82 2046 131 2074 Hoc
157 2047 253 2074 libello
279 2045 364 2073 veluti
391 2043 510 2078 quodam
537 2043 652 2078 pignore
677 2038 729 2068 sibi
755 2039 827 2067 obli-

54 2097 118 2125 gatos
150 2092 278 2120 Liberius
306 2092 340 2118 ad
368 2088 593 2117 communionem
632 2087 764 2118 admisit,
793 2091 826 2112 ac

51 2138 165 2174 deinceps
194 2147 258 2167 cum
290 2136 450 2172 huiusmodi
481 2135 583 2162 litteris
616 2141 665 2161 eos
696 2132 824 2161 dimisit:

54 2193 61 2207 ι
81 2184 183 2213 Dilectis
207 2184 344 2212 fratribus
363 2187 391 2209 et
413 2182 543 2216 collegis,
567 2180 686 2216 llythio,
710 2179 825 2214 Cyrillo.

53 2228 220 2264 ")‘pcrcchio.
246 2230 360 2260 lleroni,
387 2228 509 2262 Elpidio,
533 2228 670 2259 Maximo,
694 2225 824 2258 Eusebio,
845 2243 866 2271 ι)

54 2275 182 2312 liucarpio,
209 2277 350 2308 Eortasio,
375 2275 475 2308 Neoni,
503 2274 660 2304 Eumathio,
683 2272 826 2303 Faustino,

53 2321 147 2357 Proeto,
169 2324 325 2354 Passiuico,
349 2323 494 2354 Arsenico,
521 2323 635 2354 SeVero,
658 2320 828 2356 Didymioui,

54 2369 189 2403 Britannic,
201 2370 355 2402 Callicrati,
367 2369 509 2402 Damabio,
529 2368 653 2400 Edesio,
665 2366 828 2398 Eustochio,

53 2416 194 2451 Ambrosio,
224 2416 348 2450 Gelonio,
363 2415 509 2446 Pardalio.
537 2414 710 2446 Macedonio,
733 2413 828 2444 Paulo,

54 2461 177 2496 Marcello,
198 2463 338 2494 Heraclio,
359 2462 530 2493 Alexandro,
550 2460 659 2492 Adolio,
679 2460 829 2490 Marciano,

54 2508 182 2542 :thenclo,
195 2509 310 2542 Joanni,
326 2509 437 2541 Macari,
451 2507 589 2537 Charisio,
609 2506 739 2542 Sylvano,
756 2505 830 2532 Pho-

56 2553 112 2586 lino,
132 2556 232 2586 Autho,
250 2554 381 2586 Antonio,
397 2553 489 2584 Celso,
505 2550 694 2587 Euphranori,
712 2549 829 2581 Milesio,

57 2599 176 2634 l‘atricio,
203 2601 371 2633 Severiano,
398 2599 532 2629 Eusebio.
562 2598 718 2632 Eutnolpio,
747 2596 831 2623 Atha-

56 2648 130 2679 nasio,
148 2648 316 2683 Diophanto,
332 2647 488 2677 lliuodoro,
506 2645 602 2676 Diocli,
620 2642 830 2679 Chrysamrclo,

58 2693 175 2727 Eugenio.
197 2695 353 2727 Eustathio,
374 2693 526 2725 Callicrati,
548 2692 677 2723 Arsenio,
693 2689 828 2724 Eugenio,

59 2737 182 2775 liurlyrio,
207 2740 341 2771 llieratio,
368 2740 495 2771 Leontio,
522 2738 671 2772 Philagrio,
692 2736 787 2768 Lucio,
804 2741 830 2761 ct

59 2786 179 2814 universis
207 2787 347 2822 episcopis
376 2785 566 2812 Orientalium
592 2783 773 2813 orthmlovis,
804 2787 831 2807 et

61 2838 145 2867 lcctzmt
165 2835 246 2862 ﬁdem
265 2833 452 2863 srclunlrbus,
472 2832 600 2858 Litt-risu
617 2831 761 2863 quorum:
781 2829 831 2855 ltu-

879 2038 934 2070 liaa,
950 2041 977 2065 et
995 2035 1093 2071 reliqui
1115 2033 1275 2063 Occidentis
1287 2032 1410 2068 episcopi
1433 2031 1548 2059 salutem
1572 2039 1671 2066 perpe-

880 2089 955 2112 tuam
971 2083 998 2110 in
1016 2082 1144 2109 Domino.
1157 2079 1366 2114 OptatiSSimum
1380 2078 1463 2106 nobis
1476 2078 1552 2112 pacis
1564 2083 1591 2105 et
1604 2085 1672 2105 cou—

879 2130 980 2159 cordize
998 2128 1129 2164 gaudium
1142 2127 1244 2154 littera:
1260 2133 1370 2159 vestrae,
1387 2125 1450 2152 ﬁdei
1467 2125 1573 2152 lumine
1587 2125 1673 2151 reful-

879 2183 994 2212 gentes,
1021 2175 1123 2203 fratres
1150 2173 1261 2205 dilecti,
1291 2172 1466 2204 attulerunt,
1495 2179 1564 2206 quas
1592 2170 1674 2197 nobis

881 2221 1108 2251 reverendissimi
1144 2220 1243 2247 fratres
1272 2224 1300 2247 et
1332 2219 1455 2254 episcopi
1495 2218 1672 2247 Eustathius.

883 2269 1019 2305 Sylvanns
1046 2273 1131 2303 atque
1165 2265 1339 2301 Theophilus
1363 2265 1558 2291 reddiderunt.
1584 2265 1673 2296 Atque

882 2324 916 2344 eo
929 2315 1049 2342 maxime
1065 2313 1190 2345 nomine,
1205 2312 1278 2344 (μιοά
1295 2318 1405 2338 sensum
1420 2315 1447 2337 et
1463 2309 1672 2344 persuasionem

884 2361 947 2389 ﬁdei
964 2365 1071 2391 vestrae,
1088 2367 1151 2387 cum
1168 2358 1315 2386 tenuitatis
1333 2364 1400 2383 meae
1414 2360 1495 2390 atque
1512 2354 1671 2382 Italicorum

882 2405 1159 2440 Occidentaliumque
1170 2403 1365 2439 episcoporum
1381 2401 1505 2427 omnium
1521 2398 1671 2430 sententia,

882 2451 1054 2481 concordare
1077 2451 1277 2478 conﬁrmarunt.
1298 2452 1326 2476 et
1350 2450 1555 2474 asseveraruut.
1584 2445 1674 2479 Atque

882 2507 942 2528 eam
974 2500 1059 2533 ipsum
1088 2498 1215 2525 novimus
1245 2496 1410 2524 catholicam
1438 2501 1466 2521 et
1488 2492 1671 2528 apostolicam

883 2554 944 2574 esse
962 2546 1054 2578 ﬁdem,
1073 2552 1133 2579 (tum
1156 2544 1189 2571 ad
1213 2544 1353 2571 Niczenam
1372 2549 1460 2577 usque
1476 2539 1612 2576 synodum
1633 2539 1675 2565 in-

884 2599 960 2628 tegra
977 2597 1060 2626 atque
1078 2593 1190 2618 immota
1208 2596 1318 2617 servata
1332 2594 1374 2617 est
1391 2597 1397 2615 τ
1417 2595 1498 2623 quam
1519 2587 1603 2614 etiam
1625 2585 1676 2612 Pu-

884 2644 939 2666 tres
962 2639 1059 2666 Nicztac
1084 2645 1146 2664 cum
1167 2635 1271 2670 ingenti
1296 2635 1409 2665 ltt'titia,
1429 2642 1481 2660 non
1504 2632 1591 2659 solum
1616 2640 1675 2658 ser-

883 2694 975 2718 mone,
1006 2692 1100 2710 verum
1128 2682 1211 2709 etiam
1241 2681 1380 2714 scriptura
1408 2679 1617 2709 intercedente,
1645 2682 1675 2704 ut

883 2733 1029 2767 vestigium
1048 2738 1075 2759 ct
1091 2730 1241 2758 scintillam
1259 2736 1368 2755 omnem
1388 2723 1673 2761 absueropinionis

884 2780 1104 2813 cxstiugnerent,
1119 2782 1182 2804 sunt
1198 2775 1326 2810 professi.
1344 2774 1406 2807 Ejus
1420 2772 1562 2806 cu‘mplm‘
1579 2778 1672 2798 nect‘s‘

885 2828 957 2856 sario
976 2827 1048 2854 hisce
1066 2825 1165 2853 litteris
1183 2822 1384 2856 Slllljlt‘ictttluiit
1406 2827 1463 2847 esse
1481 2818 1619 2847 duximus,
1638 2825 1671 2842 ιιι·
