1905 3048
34 111 67 140 505
468 98 770 132 ECCLESIASTICiE
790 97 985 126 HlSTORHE
1007 97 1078 127 LIB.
1101 95 1153 124 XI.

1562 89 1614 119 eos

34 171 91 190 ιρι-ιιι)
103 162 180 189 adhuc
196 165 319 194 tempore
332 159 447 185 Tarsum
461 157 565 184 Cilicim
578 154 773 181 convenirent.
790 157 813 183 Λ
829 152 911 179 veluti
939 159 998 185 qum
1025 150 1137 178 Luciani
1163 149 1288 183 martyris
1313 155 1373 175 esse
1404 146 1572 176 crederetur,
1587 150 1612 169 t‘t

34 210 127 236 Sedcuim
148 208 208 234 dum
245 207 287 233 sic
312 206 345 232 de
369 203 497 231 Tarsensi
524 202 628 237 synodo
655 198 776 234 cogenda

831 205 844 224 [ι
860 197 1010 231 majoribus
1025 203 1119 222 eorum
1137 195 1260 228 periculo
1275 197 1303 220 et
1318 193 1420 220 sudore
1435 191 1520 217 multo
1538 197 1613 215 rom-

35 257 106 291 agitur,
128 255 229 288 triginta
258 257 288 279 et
310 255 429 286 quatuor
453 250 510 276 fere
535 248 627 275 Asiani
655 244 777 280 episcopi
802 257 811 268 ι
831 244 944 277 probata
973 248 1064 274 esset,
1094 242 1303 269 conﬁrmarunt.
1333 240 1485 272 Imperator
1514 241 1616 266 autem.

35 300 149 327 Antiochia:
162 299 188 326 in
201 298 282 325 Caria
303 296 511 324 convenientes.
529 293 650 320 studium
666 290 778 325 quidem

35 346 184 374 ccclesiastiae
191 343 344 371 conco‘rdia-
354 341 505 368 sarciendae
515 339 675 366 laudarunt:
686 338 784 368 ὁμοου⁴

36 393 82 423 σὶιιυ,
93 388 334 418 consubstantialis,
348 394 413 413 vero
427 393 525 412 nomen
539 383 713 419 repudiautes
726 380 784 407 fer-

37 439 106 466 mulant
129 436 187 464 ﬁdei
211 434 366 463 Antiochiae
389 437 417 459 et
439 431 573 460 Seleucia:
591 427 784 463 compositam,

831 289 956 315 Eudoxio
974 289 1132 320 annitente,
1157 287 1292 322 synodum
1315 286 1342 312 in
1365 284 1462 312 Cilicia
1485 282 1618 309 celebrari

833 333 989 360 institutam
1010 333 1163 367 prohibuit,
1183 331 1282 358 edictis
1300 338 1331 357 ea
1347 330 1381 357 de
1399 337 1481 356 causa
1497 333 1524 355 et
1540 335 1617 354 com-

835 378 1039 405 minationibus
1055 378 1166 412 publice
1184 376 1346 412 propositis.

717 509 831 538 CAPUT
851 509 887 536 X.

58 579 110 614 Περὶ
134 579 184 607 τοῦ
214 578 381 611 τηνικαῦτα
413 576 576 612 γενομένου
594 573 744 614 dionysii)“-
760 571 821 614 ’a‘cal
841 571 913 614 πςτρξ
923 570 976 613 tot":
992 569 1079 603 ἁγίου
1100 567 1292 598 Ἀθανασίου,
1325 566 1365 598 ὡς
1379 566 1470 597 αὐτὸς
1489 564 1581 597 μόνοι)

600 606 655 636 οὐκ
671 607 806 640 ἐξηλάθη
825 607 876 632 τοῦ
897 606 1016 639 θρόνου.

39 675 62 701 De
80 683 104 702 ea
128 683 182 711 qua:
204 679 259 702 tum
283 678 408 709 grassata
434 675 472 699 est
499 668 699 706 persecutione:
720 671 744 692 et
766 666 797 706 (te
830 671 919 692 sancto
942 665 1100 694 Athanasio,
1125 667 1153 689 ut
1188 662 1208 688 is
1236 660 1306 688 solus
1333 659 1392 685 sede
1430 666 1479 683 sua
1511 664 1562 682 non
1586 655 1619 680 sit

757 706 863 734 electus.

63 772 123 806 123
133 771 338 799 Provinciarnm
351 776 462 804 quoque
474 766 639 802 praesidibus
650 763 790 798 sigillatim

847 763 1001 796 aliquorum
1028 759 1238 788 denuntiatione
1267 754 1432 784 secesserit.
1462 751 1558 777 eodem
1587 757 1631 775 res

63 795 308 806 ιειυ---υ--η--νη
361 795 366 804 1
418 795 425 803 1
475 795 481 802 ι
676 795 688 798 μ

41 819 156 848 nuntiavit.
177 823 208 845 ut
225 825 259 845 ex
277 815 405 844 ecclesiis
420 822 468 841 eos
486 812 667 840 deturbarent
684 810 791 844 episco-
810 798 830 827 Β
847 807 954 835 recidit.
975 807 1052 839 Quod
1068 806 1141 832 enim
1166 810 1219 831 tam
1245 800 1404 829 necessario
1421 803 1543 831 tempore
1562 795 1630 822 iusi~

40 873 85 898 ρος,
99 865 138 899 qui
161 865 210 891 sub
224 863 390 891 Constantio
406 858 601 888 exauctorati,
628 856 793 891 dignitatem

41 910 152 943 pristinam
172 911 222 937 sub
244 909 357 937 Iuliano
375 907 558 941 recepissent.
586 904 636 930 Per
654 899 794 936 ejusmodi

40 956 159 987 iussionem
181 955 304 990 Egyptii
320 954 405 981 etiam
420 952 599 986 magistratus
615 947 796 976 Athanasiutn

43 1002 137 1029 ecclesiis
147 1002 225 1029 simul
241 1007 271 1028 et
286 1002 354 1027 urbe
367 997 552 1026 Alexandrina
567 995 669 1030 ejicere
683 997 799 1020 conten-

43 1048 124 1074 derunt.
148 1048 206 1075 Non
233 1047 305 1074 levis
332 1045 405 1072 enirn
430 1051 510 1078 pinna
532 1039 667 1076 imperiali
696 1039 801 1065 inserta

44 1099 84 1119 erat
97 1093 175 1121 edicto
187 1114 194 1124 ,
212 1092 289 1128 quod
309 1090 447 1126 prmlectis
463 1088 594 1116 omnibus
607 1106 614 1118 ,
638 1090 666 1113 et
683 1084 730 1119 qui
748 1082 801 1110 sub

44 1147 113 1166 eorum
127 1140 208 1175 signis
223 1143 252 1166 et
270 1141 409 1173 potestate
422 1139 516 1162 essent
530 1132 665 1160 militibus
679 1135 707 1157 et
722 1137 803 1157 sena-

45 1186 140 1219 toribus,
162 1194 223 1213 eum
252 1184 374 1219 ingentis
399 1181 527 1216 pecuniae
551 1179 654 1208 multa,
679 1174 805 1210 corporis

44 1240 128 1266 quoque
148 1233 322 1259 coercionem
348 1227 541 1256 denuntiabat.
567 1226 602 1252 At
628 1222 805 1250 Christianus

45 1279 136 1312 populus
159 1277 330 1306 conveniens
355 1274 516 1310 praefectum
537 1269 665 1306 rogavit,
688 1274 719 1295 ut
745 1268 807 1302 epi-

45 1332 133 1358 scopum
149 1333 229 1352 causa
255 1330 311 1350 non
333 1322 400 1348 satis
418 1319 570 1346 deliberata
595 1324 649 1343 non
668 1315 807 1349 exigeret,

45 1371 80 1397 sed
94 1371 241 1398 accuratius
258 1371 416 1396 litterarum
438 1364 624 1399 imperialium
643 1359 809 1388 sententiam

46 1417 218 1451 impenderet,
242 1422 306 1450 quae
331 1421 378 1440 eos
403 1417 508 1439 tantum
539 1408 741 1444 proscriberet,
763 1404 811 1439 qui

47 1463 243 1491 subConstantio
252 1459 468 1492 exsularejussi,
483 1455 653 1484 subluliano
667 1453 701 1480 ab
714 1451 811 1480 exsilio
824 1464 846 1493 ο
863 1451 1036 1483 exspectaret
1051 1454 1058 1473 :

48 1509 131 1536 reversi
146 1514 245 1537 essent.
266 1505 453 1535 Athanasium
476 1510 561 1538 porro
581 1501 634 1528 sub
649 1498 811 1527 Constantio

49 1555 138 1587 quidem
147 1555 232 1582 exsilii
246 1559 331 1580 causa
346 1552 434 1578 solum
449 1542 564 1576 vertisse
578 1546 717 1576 dicebant,
730 1549 813 1578 atque

51 1600 75 1626 ab
89 1601 174 1628 eodem
200 1601 347 1627 reductum
373 1602 455 1631 atque
478 1596 505 1621 in
523 1594 713 1628 episcopatum
734 1598 812 1617 sntnn

51 1646 184 1674 restitutum
198 1653 280 1674 esse:
300 1643 441 1671 lulianum
459 1646 567 1671 alitem,
590 1646 651 1665 cum
669 1644 764 1664 otnnes
780 1635 814 1663 ab

52 1693 128 1719 exsilio
146 1696 287 1720 revocaret
300 1711 308 1723 ,
328 1697 414 1717 unum
432 1689 507 1714 hunc
524 1689 700 1720 persecutum
718 1682 814 1714 fuisse,

53 1745 115 1770 quem
130 1739 234 1766 tandem
250 1737 416 1766 Jovinianns
430 1732 594 1761 restituerit.
611 1730 675 1757 Haec.
690 1736 752 1756 eum
772 1727 816 1754 di-

55 1789 145 1816 cerent.
170 1793 260 1819 neque
286 1782 414 1817 praelecto
443 1779 662 1815 persuaderent,
689 1776 817 1803 restitere

55 1836 137 1864 tamen,
151 1838 176 1859 et
192 1833 247 1859 vim
269 1829 329 1856 tieri
349 1836 402 1855 non
421 1826 585 1862 permisere.
602 1823 738 1851 Caeterum
755 1828 817 1848 cum

55 1878 134 1912 vulgus
146 1879 265 1912 undique
284 1877 452 1904 conﬂueret.
477 1877 505 1900 et
522 1871 602 1899 turba
619 1870 715 1903 ingens
737 1873 819 1900 atque

55 1923 178 1955 ttnnultus,
194 1924 308 1950 adcout
332 1919 432 1947 seditio
455 1921 675 1952 exspectaretur,
702 1915 728 1939 in
752 1913 820 1939 urbe

55 1975 133 1996 esset:
148 1970 293 2004 praefectus
312 1975 368 1994 rem
389 1973 448 1992 eam
467 1962 628 1999 imperatori
647 1958 820 1993 signiﬁcavit,

55 2015 211 2043 Athanasium
226 2016 264 2042 ibi
284 2020 395 2040 manere
412 2011 585 2046 permittens.
603 2008 633 2033 Ιέι
649 2006 747 2032 dit-bus
762 2005 822 2039 plu-

57 2062 118 2089 ribus
130 2063 242 2093 exaetis.
255 2061 357 2088 εριιὶπίο
370 2067 401 2086 ea
417 2058 505 2092 sopita
521 2059 576 2090 iam
589 2062 650 2081 esse
666 2052 820 2081 ridebatur.

56 2117 104 2134 rum
131 2110 294 2136 Athanasius
322 2105 427 2140 vesperi
457 2105 524 2130 urbe
553 2101 712 2136 egreditur,
740 2102 768 2125 et
795 2097 821 2123 in

57 2156 140 2186 prndio
163 2156 281 2190 qttodam
301 2153 400 2180 latitat.
426 2150 534 2186 Aigypti
555 2153 647 2174 autem
666 2145 822 2180 pnelectus,

57 2205 78 2225 t‘l
90 2202 219 2235 COpiarum
237 2198 398 2227 militarium
414 2205 475 2230 quae
492 2195 528 2221 ibi
545 2197 626 2219 erant
641 2192 697 2217 dux
725 2190 824 2214 intent-

59 2251 120 2277 Ptata
132 2253 209 2274 nocte
224 2248 251 2273 in
267 2244 424 2272 eeelesiant.
440 2242 484 2268 ubi
499 2241 544 2268 ille
558 2237 730 2266 domicilium
744 2240 825 2260 suum

60 2291 169 2323 trahebat,
189 2293 287 2324 venit,
313 2296 340 2316 et
362 2291 388 2316 in
414 2286 581 2315 habitaculis
597 2284 680 2310 etiam
701 2280 828 2314 superio-

61 2338 123 2366 ribus
143 2339 286 2374 diligenter
311 2344 373 2363 eum
403 2334 501 2369 quaerit
521 2341 527 2357 :
545 2330 592 2358 sed
620 2328 751 2363 opinione
778 2332 828 2351 sua

61 2383 203 2415 frustratus,
232 2394 262 2411 re
287 2382 388 2410 infecta
413 2380 481 2406 abit.
507 2376 720 2405 lixis-limaverat
744 2370 828 2400 enim,

62 2429 122 2460 quod
145 2430 219 2464 plebs
243 2427 355 2454 tandem
384 2423 486 2459 prioris
512 2427 620 2451 minus,
638 2427 691 2453 quo
716 2417 829 2443 excitata

63 2473 148 2508 fuerat,
167 2476 253 2502 oblita
271 2478 353 2503 esset,
369 2477 396 2498 et
413 2477 540 2497 somnum
561 2473 659 2493 omnes
673 2465 830 2496 (:arpereut,

64 2519 129 2548 facile
151 2530 177 2549 sc
194 2520 369 2554 imperatoris
397 2518 532 2551 imperata
560 2515 756 2539 exsecuturum
771 2528 777 2538 ,
805 2510 833 2532 (-t

65 2567 145 2594 urbem
160 2568 216 2595 sine
228 2566 364 2594 seditione
378 2568 500 2599 pm-atant
513 2562 738 2587 conservaturum
760 2560 831 2579 esse.

65 2610 176 2640 Selenio)
205 2613 362 2648 pr.t‘lt’:cllls,
385 2616 412 2636 et
433 2609 480 2642 qui
503 2615 566 2634 Cum
589 2613 622 2631 eo
643 2606 732 2630 erant,
761 2597 832 2633 quod

66 2657 227 2686 Athanasium
247 2667 300 2684 nou
319 2656 502 2684 invenissent,
520 2651 598 2678 valde
616 2653 680 2677 sunt
695 2643 833 2673 admirari.

67 2701 119 2730 Sive
138 2706 208 2732 enim
229 2703 315 2732 divini
341 2701 468 2729 Numinis
489 2698 592 2726 imlicio
607 2716 612 2727 ,
630 2703 676 2722 seu
694 2691 835 2719 hominum

99 2772 131 2804 lil)
146 2772 282 2800 Meusibus
299 2775 424 2805 .ptatuor.
447 2767 578 2794 lSoct'aLl

846 854 906 881 dias
919 853 969 880 sibi
984 856 1101 879 structas
1118 849 1276 883 prawidcrit
1288 852 1316 874 ct
1330 845 1435 874 vitarit,
1447 841 1555 869 consilii
1570 848 1631 866 esse

847 900 937 926 visum
955 902 1006 928 est,
1022 897 1095 931 quod
1109 899 1219 930 captum
1237 894 1387 920 humanum
1407 888 1563 916 cxeedcn-t.
1583 885 1633 911 Aiii

849 952 916 971 vero
942 943 1050 974 dieunt,
1071 949 1154 972 cum,
1179 941 1252 974 quod
1278 938 1349 972 Vulgi
1377 937 1504 963 insanum
1530 937 1634 958 motum

851 990 1044 1024 praesenserit,
1060 993 1088 1014 et
1103 986 1185 1013 simul
1203 985 1309 1012 veritus
1323 983 1376 1013 sit,
1393 981 1414 1008 si
1429 979 1493 1014 quid
1511 977 1575 1004 inde
1590 976 1638 1002 de-

853 1035 971 1063 trimenti
987 1033 1168 1069 provenisset,
1185 1039 1219 1058 ne
1232 1031 1289 1063 ipse
1306 1032 1406 1056 auctor
1421 1026 1484 1053 mali
1501 1024 1561 1058 ejus
1578 1030 1639 1049 esset

853 1083 1011 1113 videretur,
1037 1084 1095 1107 toto
1115 1087 1148 1106 eo
1164 1082 1287 1112 tempore
1303 1075 1340 1110 (ι)
1366 1074 1393 1100 in
1411 1077 1525 1108 paterno
1541 1076 1640 1096 monu-

854 1131 946 1155 mento
960 1126 1112 1152 delituisse.
1131 1123 1220 1157 Atque
1236 1121 1281 1148 ille
1298 1119 1410 1154 quidem
1427 1117 1467 1144 sic
1479 1113 1600 1150 profugit
1614 1116 1643 1138 rt

855 1174 946 1202 latuit.
960 1173 1019 1200 Non
1032 1172 1114 1205 longe
1130 1175 1223 1196 autem
1237 1171 1298 1201 post
1311 1166 1462 1198 imperator
1476 1160 1574 1187 litteris
1586 1158 1643 1184 suis

857 1227 919 1248 eum
936 1217 1092 1248 revocavit,
1111 1220 1138 1243 et
1153 1213 1301 1243 ecclesiam
1318 1210 1444 1238 obtinere
1457 1206 1548 1242 jussit.
1568 1204 1594 1231 Si
1606 1204 1644 1229 ri-

859 1271 932 1300 ptum
950 1265 1001 1291 hoc
1025 1267 1122 1297 praeter
1137 1259 1223 1287 animi
1238 1255 1403 1285 sententiam
1427 1253 1568 1279 Valentem
1586 1248 1646 1275 edi-

859 1312 932 1338 disse
955 1309 1063 1343 opinor,
1084 1306 1126 1334 vel
1147 1304 1222 1340 quod
1245 1300 1388 1330 Athanasii
1412 1298 1525 1334 gloriam
1551 1302 1644 1322 secum

861 1358 918 1391 ipse
934 1358 1085 1389 reputaret,
1105 1361 1136 1380 ac
1156 1349 1405 1386 reprehensionem
1425 1346 1485 1380 ejus
1502 1343 1540 1370 rei
1559 1351 1573 1369 a
1591 1341 1645 1369 Va-

863 1403 1030 1431 lentiniano.
1056 1400 1103 1434 qui
1125 1399 1266 1426 Nicaenum
1291 1395 1432 1422 decretum
1457 1389 1648 1426 proﬁtebatur,

1082 1445 1123 1472 vel
1141 1444 1214 1479 quod
1239 1446 1342 1470 motum
1359 1446 1456 1467 eorum
1472 1436 1518 1471 qui
1536 1434 1647 1469 plurimi

863 1497 940 1524 illum
956 1493 1116 1524 laudabant,
1137 1499 1172 1518 ne
1196 1498 1244 1524 per
1260 1495 1393 1516 nevarum
1417 1491 1508 1512 rerum
1527 1481 1649 1509 studium

865 1541 1017 1577 respublica
1040 1537 1142 1573 aliquid
1154 1535 1311 1564 detrimenti
1333 1538 1456 1567 caperet,
1479 1533 1637 1563 snspcrtlltn

865 1589 989 1616 haberet.
1013 1585 1118 1620 Opinor
1142 1590 1252 1618 quoque
1277 1581 1386 1607 Ariame
1413 1576 1526 1604 haeresis
1551 1574 1651 1600 antesi-

865 1641 982 1669 gnanos,
1000 1632 1037 1658 ita
1054 1635 1084 1657 ut
1099 1637 1148 1664 par
1162 1633 1233 1658 erat,
1250 1635 1303 1653 non
1318 1623 1466 1652 admodum
1477 1622 1532 1655 jam
1549 1620 1575 1646 in
1591 1618 1652 1651 ejus

867 1680 917 1707 viri
943 1677 1174 1712 proscriptionem
1204 1672 1355 1707 urgendum
1378 1668 1562 1696 incubuisse:
1582 1663 1648 1690 illud

867 1724 1080 1761 perpendentes,
1102 1722 1124 1749 si
1147 1721 1216 1747 urbe
1239 1720 1398 1753 ejiceretur,
1419 1715 1475 1741 lore
1496 1719 1523 1739 ut
1543 1717 1652 1738 rursum

869 1770 1085 1806 imperatoribus
1103 1767 1234 1794 molestus
1253 1765 1348 1794 ﬁeret,
1369 1762 1598 1792 accusioucmquc
1622 1764 1655 1783 ex

869 1826 901 1845 ea
924 1824 951 1843 re
978 1816 1039 1842 illos
1060 1812 1244 1847 compellandi
1262 1810 1385 1836 haberet.
1409 1806 1607 1837 Valcutcmque
1629 1802 1657 1828 in

871 1862 1036 1891 sententiam
1053 1867 1129 1887 suam
1145 1857 1308 1886 adduceret,
1328 1851 1550 1880 Valentinianum
1565 1854 1656 1874 autem

872 1910 924 1937 sibi
950 1907 1166 1934 consentientem
1193 1902 1226 1928 ad
1253 1902 1321 1927 iram
1347 1899 1430 1926 etiam
1458 1898 1656 1922 commoveret

873 1955 1024 1982 Plurimum
1045 1957 1163 1984 namque
1178 1955 1242 1975 eum
1261 1948 1432 1975 metueruut,
1450 1942 1581 1968 virtutem
1599 1939 1659 1972 (-jus

875 2001 901 2026 in
918 1999 1001 2025 rebus
1015 2003 1075 2030 quae
1092 1995 1142 2021 sub
1163 1991 1327 2020 Constantio
1347 1987 1506 2016 acciderant
1518 2006 1524 2016 .
1541 1985 1659 2018 experti.

875 2044 951 2071 Adeo
966 2042 1038 2069 enim
1056 2046 1110 2067 tum
1126 2046 1237 2074 quoque
1254 2036 1429 2062 initnicornxn
1446 2031 1562 2058 consilia
1577 2033 1604 2056 et
1620 2029 1661 2054 in-

877 2090 959 2117 sidias
975 2087 1147 2123 propulerat,
1163 2089 1193 2111 ut
1205 2084 1229 2110 ci
1248 2083 1286 2109 illi
1302 2089 1355 2108 non
1371 2083 1481 2113 gravate
1497 2075 1620 2103 ecclesiis
1635 2074 1661 2100 in

841 2131 860 2157 θ
875 2136 992 2171 ιΕεςνιο
1017 2134 1156 2162 cederent.
1173 2135 1202 2157 ct
1222 2138 1253 2156 ea
1269 2128 1303 2155 de
1326 2134 1408 2154 causa
1431 2125 1501 2159 ipse,
1524 2123 1570 2149 vix
1593 2121 1665 2147 Cou-

878 2182 971 2210 stantii
995 2180 1096 2208 litteris
1113 2177 1305 2212 acquiescens,
1318 2182 1352 2201 ex
1368 2173 1445 2200 ltalia
1463 2170 1574 2197 rediret.
1593 2168 1664 2193 Cau-

878 2238 935 2257 sam
958 2228 1088 2262 quidem,
1112 2223 1292 2259 quamobrem
1309 2219 1476 2248 Athanasius
1498 2225 1552 2243 non
1571 2215 1664 2241 itidem

881 2280 909 2301 ut
923 2274 968 2300 alii
987 2281 1020 2300 ex
1041 2271 1159 2299 ecclesia
1183 2269 1279 2303 pulsus
1295 2266 1331 2293 sit
1344 2285 1350 2296 ,
1375 2265 1447 2290 hanc
1462 2270 1522 2288 esse
1539 2259 1666 2294 conjicio.

882 2320 933 2346 Alii
959 2326 1024 2345 vero
1047 2315 1168 2351 episcopi
1187 2318 1292 2340 tantum
1312 2318 1367 2337 non
1385 2307 1589 2343 persecutione,
1607 2311 1668 2337 quas

883 2366 937 2392 illis
953 2372 1000 2398 par
1017 2367 1099 2392 esset,
1116 2368 1176 2395 qum
1193 2359 1227 2385 ab
1240 2354 1395 2384 idololatris
1410 2353 1533 2379 excitate
1548 2350 1668 2378 fuerant,

884 2416 947 2438 sunt
964 2409 1090 2443 expetiti.
1108 2406 1210 2434 Essilia
1226 2403 1300 2432 enim
1313 2406 1342 2429 et
1358 2399 1565 2434 deportatioues
1582 2396 1607 2421 in
1622 2401 1669 2420 cus

883 2459 928 2492 qni
949 2465 1000 2482 non
1025 2455 1120 2482 eadem
1142 2461 1205 2479 cum
1229 2451 1342 2478 Valente
1359 2447 1510 2474 sentirent.
1533 2442 1668 2468 decerne—

886 2504 998 2534 bantur,
1024 2507 1052 2527 et
1078 2507 1164 2527 sacrte
1185 2498 1258 2525 aedes
1280 2497 1314 2524 iis
1328 2493 1440 2530 quidem
1467 2488 1670 2517 adimebautur,

886 2550 946 2575 aliis
967 2553 1056 2574 autent
1080 2543 1332 2572 counnittcbantur.
1356 2539 1489 2574 .Egyptns
1513 2540 1578 2562 vero
1604 2531 1670 2557 dum

888 2595 1039 2621 Athanasio
1055 2592 1107 2618 vita
1126 2588 1300 2624 suppetebat,
1322 2586 1456 2613 mulorum
1473 2578 1607 2617 ejusmodi
1625 2577 1674 2603 im-

890 2638 980 2666 munis
995 2643 1022 2664 ct
1038 2643 1137 2670 expers
1154 2634 1214 2660 luit.
