  <div class='ocr_page' id='page_1' title='image "/cluster/home/n/w/nwhite01/storage/ocr_20150623/146/njp.32101077773156/353.png"; bbox 0 0 1905 3048; ppageno 0'>
   <div class='ocr_carea' id='block_1_1' title="bbox 240 115 292 145">
    <p class='ocr_par' dir='ltr' id='par_1_1' title="bbox 240 115 292 145">
     <span class='ocr_line' id='line_1_1' title="bbox 240 115 292 145; baseline 0.058 -3"><span class='ocrx_word' id='word_1_1' title='bbox 240 115 292 145; x_wconf 75' lang='grc'>607</span> 
     </span>
    </p>
   </div>
   <div class='ocr_carea' id='block_1_2' title="bbox 850 119 1253 151">
    <p class='ocr_par' dir='ltr' id='par_1_2' title="bbox 850 119 1253 151">
     <span class='ocr_line' id='line_1_2' title="bbox 850 119 1253 151; baseline 0.007 -3"><span class='ocrx_word' id='word_1_2' title='bbox 850 119 1058 148; x_wconf 63' lang='grc' dir='ltr'><strong>ΝΙΩΕΡΗΟΙΗ</strong></span> <span class='ocrx_word' id='word_1_3' title='bbox 1079 120 1253 151; x_wconf 73' lang='lat' dir='ltr'><strong>CALLISTI</strong></span> 
     </span>
    </p>
   </div>
   <div class='ocr_carea' id='block_1_3' title="bbox 1830 125 1890 155">
    <p class='ocr_par' dir='ltr' id='par_1_3' title="bbox 1830 125 1890 155">
     <span class='ocr_line' id='line_1_3' title="bbox 1830 125 1890 155; baseline 0 -1"><span class='ocrx_word' id='word_1_4' title='bbox 1830 125 1890 155; x_wconf 72' lang='lat'><strong>608</strong></span> 
     </span>
    </p>
   </div>
   <div class='ocr_carea' id='block_1_4' title="bbox 964 175 1150 203">
    <p class='ocr_par' dir='ltr' id='par_1_4' title="bbox 964 175 1150 203">
     <span class='ocr_line' id='line_1_4' title="bbox 964 175 1150 203; baseline 0.011 -3"><span class='ocrx_word' id='word_1_5' title='bbox 964 175 1076 203; x_wconf 68' lang='lat' dir='ltr'><strong>CAPUT</strong></span> <span class='ocrx_word' id='word_1_6' title='bbox 1105 176 1150 203; x_wconf 76' lang='grc' dir='ltr'><strong>ΧΙ.</strong></span> 
     </span>
    </p>
   </div>
   <div class='ocr_carea' id='block_1_5' title="bbox 255 233 1028 268">
    <p class='ocr_par' dir='ltr' id='par_1_5' title="bbox 255 233 1028 268">
     <span class='ocr_line' id='line_1_5' title="bbox 255 233 1028 268; baseline 0.003 -9"><span class='ocrx_word' id='word_1_7' title='bbox 255 234 295 266; x_wconf 78' lang='grc' dir='ltr'><strong>Ως</strong></span> <span class='ocrx_word' id='word_1_8' title='bbox 323 233 507 268; x_wconf 60' lang='grc' dir='ltr'><strong>διῃρέθησαν</strong></span> <span class='ocrx_word' id='word_1_9' title='bbox 537 236 564 261; x_wconf 74' lang='grc' dir='ltr'><em>οὶ</em></span> <span class='ocrx_word' id='word_1_10' title='bbox 589 235 730 268; x_wconf 51' lang='lat' dir='ltr'><strong>Itym/irai</strong></span> <span class='ocrx_word' id='word_1_11' title='bbox 751 237 797 261; x_wconf 57' lang='lat' dir='ltr'><strong>xui</strong></span> <span class='ocrx_word' id='word_1_12' title='bbox 829 236 1028 266; x_wconf 60' lang='lat' dir='ltr'><strong>Ei‘u-n/uarol&#39;</strong></span> 
     </span>
    </p>
   </div>
   <div class='ocr_carea' id='block_1_6' title="bbox 1047 237 1887 272">
    <p class='ocr_par' dir='ltr' id='par_1_6' title="bbox 1047 237 1887 272">
     <span class='ocr_line' id='line_1_6' title="bbox 1047 237 1887 272; baseline 0.006 -10"><span class='ocrx_word' id='word_1_13' title='bbox 1047 237 1095 272; x_wconf 65' lang='grc' dir='ltr'><strong>καὶ</strong></span> <span class='ocrx_word' id='word_1_14' title='bbox 1117 238 1184 270; x_wconf 77' lang='grc' dir='ltr'><strong>περὶ</strong></span> <span class='ocrx_word' id='word_1_15' title='bbox 1218 239 1365 272; x_wconf 77' lang='grc' dir='ltr'><strong>Εὑνομιόυ</strong></span> <span class='ocrx_word' id='word_1_16' title='bbox 1399 238 1449 265; x_wconf 74' lang='grc' dir='ltr'><strong>καὶ</strong></span> <span class='ocrx_word' id='word_1_17' title='bbox 1469 239 1595 267; x_wconf 68' lang='grc' dir='ltr'><strong>Ἀετέουσ</strong></span> <span class='ocrx_word' id='word_1_18' title='bbox 1625 239 1673 267; x_wconf 78' lang='grc' dir='ltr'><strong>καὶ</strong></span> <span class='ocrx_word' id='word_1_19' title='bbox 1698 240 1758 267; x_wconf 82' lang='grc' dir='ltr'><strong>ὅσα</strong></span> <span class='ocrx_word' id='word_1_20' title='bbox 1802 243 1887 268; x_wconf 69' lang='grc' dir='ltr'><strong>κατὰ</strong></span> 
     </span>
    </p>
   </div>
   <div class='ocr_carea' id='block_1_7' title="bbox 721 271 1333 306">
    <p class='ocr_par' dir='ltr' id='par_1_7' title="bbox 721 271 1333 306">
     <span class='ocr_line' id='line_1_7' title="bbox 721 271 1333 306; baseline 0.007 -10"><span class='ocrx_word' id='word_1_21' title='bbox 721 271 775 304; x_wconf 76' lang='grc' dir='ltr'><strong>τῆς</strong></span> <span class='ocrx_word' id='word_1_22' title='bbox 793 271 954 305; x_wconf 60' lang='grc' dir='ltr'><strong>(τμηοίῗόξου</strong></span> <span class='ocrx_word' id='word_1_23' title='bbox 975 271 1173 306; x_wconf 73' lang='grc' dir='ltr'><strong>ἐνεωτέρισαν</strong></span> <span class='ocrx_word' id='word_1_24' title='bbox 1193 274 1333 306; x_wconf 73' lang='grc' dir='ltr'><strong>πίστεως.</strong></span> 
     </span>
    </p>
   </div>
   <div class='ocr_carea' id='block_1_8' title="bbox 244 325 1029 361">
    <p class='ocr_par' dir='ltr' id='par_1_8' title="bbox 244 325 1029 361">
     <span class='ocr_line' id='line_1_8' title="bbox 244 325 1029 361; baseline 0.001 -9"><span class='ocrx_word' id='word_1_25' title='bbox 244 326 275 352; x_wconf 69' lang='lat' dir='ltr'><strong>ll!</strong></span> <span class='ocrx_word' id='word_1_26' title='bbox 296 326 390 353; x_wconf 83' lang='lat' dir='ltr'><strong>Ariani</strong></span> <span class='ocrx_word' id='word_1_27' title='bbox 403 329 427 352; x_wconf 81' lang='lat' dir='ltr'><strong>et</strong></span> <span class='ocrx_word' id='word_1_28' title='bbox 441 325 603 352; x_wconf 79' lang='lat' dir='ltr'><strong>Eunomiani</strong></span> <span class='ocrx_word' id='word_1_29' title='bbox 618 335 664 361; x_wconf 80' lang='lat' dir='ltr'><strong>per</strong></span> <span class='ocrx_word' id='word_1_30' title='bbox 679 327 815 353; x_wconf 78' lang='lat' dir='ltr'><strong>dissidium</strong></span> <span class='ocrx_word' id='word_1_31' title='bbox 830 329 881 353; x_wconf 76' lang='lat' dir='ltr'><strong>sint</strong></span> <span class='ocrx_word' id='word_1_32' title='bbox 895 327 1007 361; x_wconf 79' lang='lat' dir='ltr'><strong>scjnnrli</strong></span> <span class='ocrx_word' id='word_1_33' title='bbox 1021 335 1029 354; x_wconf 91' lang='lat'><em>:</em></span> 
     </span>
    </p>
   </div>
   <div class='ocr_carea' id='block_1_9' title="bbox 1053 329 1888 368">
    <p class='ocr_par' dir='ltr' id='par_1_9' title="bbox 1053 329 1888 368">
     <span class='ocr_line' id='line_1_9' title="bbox 1053 329 1888 368; baseline 0.011 -15"><span class='ocrx_word' id='word_1_34' title='bbox 1053 332 1077 353; x_wconf 79' lang='lat' dir='ltr'><strong>et</strong></span> <span class='ocrx_word' id='word_1_35' title='bbox 1093 329 1125 354; x_wconf 84' lang='lat' dir='ltr'><strong>de</strong></span> <span class='ocrx_word' id='word_1_36' title='bbox 1144 331 1274 368; x_wconf 67' lang='lat' dir='ltr'><strong>Eunomia</strong></span> <span class='ocrx_word' id='word_1_37' title='bbox 1288 335 1312 357; x_wconf 83' lang='lat' dir='ltr'><strong>et</strong></span> <span class='ocrx_word' id='word_1_38' title='bbox 1331 331 1415 364; x_wconf 69' lang='lat' dir='ltr'><strong>Aetio,</strong></span> <span class='ocrx_word' id='word_1_39' title='bbox 1439 336 1463 358; x_wconf 83' lang='lat' dir='ltr'><strong>et</strong></span> <span class='ocrx_word' id='word_1_40' title='bbox 1478 341 1537 368; x_wconf 69' lang='lat' dir='ltr'><strong>qua:</strong></span> <span class='ocrx_word' id='word_1_41' title='bbox 1569 334 1590 360; x_wconf 83' lang='lat' dir='ltr'><strong>ii</strong></span> <span class='ocrx_word' id='word_1_42' title='bbox 1619 339 1711 362; x_wconf 82' lang='lat' dir='ltr'><strong>contra</strong></span> <span class='ocrx_word' id='word_1_43' title='bbox 1749 337 1888 362; x_wconf 76' lang='lat' dir='ltr'><strong>art/mdo-</strong></span> 
     </span>
    </p>
   </div>
   <div class='ocr_carea' id='block_1_10' title="bbox 702 362 1384 395">
    <p class='ocr_par' dir='ltr' id='par_1_10' title="bbox 702 362 1384 395">
     <span class='ocr_line' id='line_1_10' title="bbox 702 362 1384 395; baseline 0.007 -7"><span class='ocrx_word' id='word_1_44' title='bbox 702 370 765 389; x_wconf 73' lang='grc' dir='ltr'><strong>ττίιηι</strong></span> <span class='ocrx_word' id='word_1_45' title='bbox 782 362 858 395; x_wconf 74' lang='lat' dir='ltr'><strong>[idem</strong></span> <span class='ocrx_word' id='word_1_46' title='bbox 873 371 999 389; x_wconf 76' lang='lat' dir='ltr'><strong>novurunt</strong></span> <span class='ocrx_word' id='word_1_47' title='bbox 1016 371 1102 390; x_wconf 82' lang='lat' dir='ltr'><strong>rerum</strong></span> <span class='ocrx_word' id='word_1_48' title='bbox 1115 365 1203 391; x_wconf 77' lang='lat' dir='ltr'><strong>studio</strong></span> <span class='ocrx_word' id='word_1_49' title='bbox 1218 366 1270 392; x_wconf 80' lang='lat' dir='ltr'><strong>sint</strong></span> <span class='ocrx_word' id='word_1_50' title='bbox 1286 368 1384 394; x_wconf 80' lang='lat' dir='ltr'><strong>canali.</strong></span> 
     </span>
    </p>
   </div>
   <div class='ocr_carea' id='block_1_11' title="bbox 280 419 1883 464">
    <p class='ocr_par' dir='ltr' id='par_1_11' title="bbox 280 419 1883 464">
     <span class='ocr_line' id='line_1_11' title="bbox 280 419 1883 464; baseline 0.007 -20"><span class='ocrx_word' id='word_1_51' title='bbox 280 419 358 454; x_wconf 63' lang='grc'><strong>124</strong></span> <span class='ocrx_word' id='word_1_52' title='bbox 379 419 433 445; x_wconf 87' lang='lat' dir='ltr'><strong>Sub</strong></span> <span class='ocrx_word' id='word_1_53' title='bbox 457 419 528 445; x_wconf 90' lang='lat' dir='ltr'><strong>idem</strong></span> <span class='ocrx_word' id='word_1_54' title='bbox 547 425 655 453; x_wconf 88' lang='lat' dir='ltr'><strong>tempus</strong></span> <span class='ocrx_word' id='word_1_55' title='bbox 677 420 828 446; x_wconf 85' lang='lat' dir='ltr'><strong>Eunomius</strong></span> <span class='ocrx_word' id='word_1_56' title='bbox 850 420 884 446; x_wconf 88' lang='lat' dir='ltr'><strong>ab</strong></span> <span class='ocrx_word' id='word_1_57' title='bbox 903 421 1027 447; x_wconf 73' lang='lat' dir='ltr'><strong>Eudoxio</strong></span> <span class='ocrx_word' id='word_1_58' title='bbox 1044 423 1066 450; x_wconf 76' lang='grc' dir='ltr'>Α</span> <span class='ocrx_word' id='word_1_59' title='bbox 1080 422 1138 450; x_wconf 80' lang='lat' dir='ltr'><strong>Arii</strong></span> <span class='ocrx_word' id='word_1_60' title='bbox 1157 425 1293 451; x_wconf 83' lang='lat' dir='ltr'><strong>sententia</strong></span> <span class='ocrx_word' id='word_1_61' title='bbox 1312 426 1507 460; x_wconf 80' lang='lat' dir='ltr'><strong>permansisse.</strong></span> <span class='ocrx_word' id='word_1_62' title='bbox 1527 427 1675 462; x_wconf 75' lang='lat' dir='ltr'><strong>Postquam</strong></span> <span class='ocrx_word' id='word_1_63' title='bbox 1695 436 1763 455; x_wconf 87' lang='lat' dir='ltr'><strong>vero</strong></span> <span class='ocrx_word' id='word_1_64' title='bbox 1779 428 1883 464; x_wconf 77' lang='lat' dir='ltr'><strong>Cyzici</strong></span> 
     </span>
    </p>
   </div>
   <div class='ocr_carea' id='block_1_12' title="bbox 241 467 1029 502">
    <p class='ocr_par' dir='ltr' id='par_1_12' title="bbox 241 467 1029 502">
     <span class='ocr_line' id='line_1_12' title="bbox 241 467 1029 502; baseline -0.001 -7"><span class='ocrx_word' id='word_1_65' title='bbox 241 468 365 498; x_wconf 77' lang='lat' dir='ltr'><strong>tccessit,</strong></span> <span class='ocrx_word' id='word_1_66' title='bbox 382 472 409 493; x_wconf 90' lang='lat' dir='ltr'><strong>ct</strong></span> <span class='ocrx_word' id='word_1_67' title='bbox 423 467 540 493; x_wconf 89' lang='lat' dir='ltr'><strong>seorsim</strong></span> <span class='ocrx_word' id='word_1_68' title='bbox 560 475 624 492; x_wconf 87' lang='lat' dir='ltr'><strong>suos</strong></span> <span class='ocrx_word' id='word_1_69' title='bbox 643 467 694 493; x_wconf 85' lang='lat' dir='ltr'><strong>sibi</strong></span> <span class='ocrx_word' id='word_1_70' title='bbox 711 472 864 493; x_wconf 75' lang='lat' dir='ltr'><strong>conventus</strong></span> <span class='ocrx_word' id='word_1_71' title='bbox 879 469 946 502; x_wconf 77' lang='lat' dir='ltr'><strong>egit.</strong></span> <span class='ocrx_word' id='word_1_72' title='bbox 965 476 1029 502; x_wconf 84' lang='lat' dir='ltr'><strong>pro-</strong></span> 
     </span>
    </p>
   </div>
   <div class='ocr_carea' id='block_1_13' title="bbox 241 514 1028 549">
    <p class='ocr_par' dir='ltr' id='par_1_13' title="bbox 241 514 1028 549">
     <span class='ocr_line' id='line_1_13' title="bbox 241 514 1028 549; baseline 0.003 -10"><span class='ocrx_word' id='word_1_73' title='bbox 241 519 333 546; x_wconf 80' lang='lat' dir='ltr'><strong>pterea</strong></span> <span class='ocrx_word' id='word_1_74' title='bbox 359 514 432 547; x_wconf 91' lang='lat' dir='ltr'><strong>quod</strong></span> <span class='ocrx_word' id='word_1_75' title='bbox 461 522 523 539; x_wconf 83' lang='lat' dir='ltr'><strong>cum</strong></span> <span class='ocrx_word' id='word_1_76' title='bbox 549 514 666 548; x_wconf 66' lang='lat' dir='ltr'><strong>saepius,</strong></span> <span class='ocrx_word' id='word_1_77' title='bbox 701 518 730 540; x_wconf 85' lang='lat' dir='ltr'><strong>ut</strong></span> <span class='ocrx_word' id='word_1_78' title='bbox 756 519 909 549; x_wconf 76' lang='lat' dir='ltr'><strong>prmceptor</strong></span> <span class='ocrx_word' id='word_1_79' title='bbox 941 515 1028 549; x_wconf 78' lang='lat' dir='ltr'><strong>ipsius</strong></span> 
     </span>
    </p>
   </div>
   <div class='ocr_carea' id='block_1_14' title="bbox 241 559 1028 596">
    <p class='ocr_par' dir='ltr' id='par_1_14' title="bbox 241 559 1028 596">
     <span class='ocr_line' id='line_1_14' title="bbox 241 559 1028 596; baseline 0.006 -12"><span class='ocrx_word' id='word_1_80' title='bbox 241 559 337 585; x_wconf 71' lang='lat' dir='ltr'><strong>Aetius</strong></span> <span class='ocrx_word' id='word_1_81' title='bbox 359 561 385 585; x_wconf 89' lang='lat' dir='ltr'><strong>in</strong></span> <span class='ocrx_word' id='word_1_82' title='bbox 408 559 523 594; x_wconf 82' lang='lat' dir='ltr'><strong>gratiam</strong></span> <span class='ocrx_word' id='word_1_83' title='bbox 545 565 574 587; x_wconf 88' lang='lat' dir='ltr'><strong>et</strong></span> <span class='ocrx_word' id='word_1_84' title='bbox 596 561 821 588; x_wconf 86' lang='lat' dir='ltr'><strong>communionem</strong></span> <span class='ocrx_word' id='word_1_85' title='bbox 846 562 1028 596; x_wconf 81' lang='lat' dir='ltr'><strong>reciperetur.</strong></span> 
     </span>
    </p>
   </div>
   <div class='ocr_carea' id='block_1_15' title="bbox 240 605 1028 642">
    <p class='ocr_par' dir='ltr' id='par_1_15' title="bbox 240 605 1028 642">
     <span class='ocr_line' id='line_1_15' title="bbox 240 605 1028 642; baseline 0.005 -11"><span class='ocrx_word' id='word_1_86' title='bbox 240 605 396 632; x_wconf 77' lang='lat' dir='ltr'><strong>l-Iudoxium</strong></span> <span class='ocrx_word' id='word_1_87' title='bbox 422 611 556 639; x_wconf 68' lang='lat' dir='ltr'><strong>rogasset,</strong></span> <span class='ocrx_word' id='word_1_88' title='bbox 582 606 607 633; x_wconf 88' lang='lat' dir='ltr'><strong>id</strong></span> <span class='ocrx_word' id='word_1_89' title='bbox 637 607 788 642; x_wconf 90' lang='lat' dir='ltr'><strong>impetrare</strong></span> <span class='ocrx_word' id='word_1_90' title='bbox 812 615 866 634; x_wconf 90' lang='lat' dir='ltr'><strong>non</strong></span> <span class='ocrx_word' id='word_1_91' title='bbox 895 609 1028 642; x_wconf 85' lang='lat' dir='ltr'><strong>potuerit.</strong></span> 
     </span>
    </p>
   </div>
   <div class='ocr_carea' id='block_1_16' title="bbox 240 652 1028 688">
    <p class='ocr_par' dir='ltr' id='par_1_16' title="bbox 240 652 1028 688">
     <span class='ocr_line' id='line_1_16' title="bbox 240 652 1028 688; baseline 0.004 -9"><span class='ocrx_word' id='word_1_92' title='bbox 240 652 298 679; x_wconf 73' lang='lat' dir='ltr'><strong>Non</strong></span> <span class='ocrx_word' id='word_1_93' title='bbox 323 653 386 680; x_wconf 87' lang='lat' dir='ltr'><strong>ideo</strong></span> <span class='ocrx_word' id='word_1_94' title='bbox 409 657 499 680; x_wconf 83' lang='lat' dir='ltr'><strong>autem</strong></span> <span class='ocrx_word' id='word_1_95' title='bbox 522 653 632 681; x_wconf 81' lang='lat' dir='ltr'><strong>Aetium</strong></span> <span class='ocrx_word' id='word_1_96' title='bbox 648 659 789 682; x_wconf 75' lang='lat' dir='ltr'><strong>aversatus</strong></span> <span class='ocrx_word' id='word_1_97' title='bbox 813 660 856 682; x_wconf 83' lang='lat' dir='ltr'><strong>est</strong></span> <span class='ocrx_word' id='word_1_98' title='bbox 877 655 1028 688; x_wconf 75' lang='lat' dir='ltr'><strong>Eudoxius,</strong></span> 
     </span>
    </p>
   </div>
   <div class='ocr_carea' id='block_1_17' title="bbox 239 699 1030 735">
    <p class='ocr_par' dir='ltr' id='par_1_17' title="bbox 239 699 1030 735">
     <span class='ocr_line' id='line_1_17' title="bbox 239 699 1030 735; baseline 0.006 -12"><span class='ocrx_word' id='word_1_99' title='bbox 239 699 312 731; x_wconf 83' lang='lat' dir='ltr'><strong>quod</strong></span> <span class='ocrx_word' id='word_1_100' title='bbox 330 699 454 726; x_wconf 67' lang='lat' dir='ltr'><strong>haeresim</strong></span> <span class='ocrx_word' id='word_1_101' title='bbox 475 700 533 734; x_wconf 86' lang='lat' dir='ltr'><strong>ejus</strong></span> <span class='ocrx_word' id='word_1_102' title='bbox 547 708 658 727; x_wconf 79' lang='lat' dir='ltr'><strong>exosaiu</strong></span> <span class='ocrx_word' id='word_1_103' title='bbox 680 700 806 732; x_wconf 88' lang='lat' dir='ltr'><strong>haberet,</strong></span> <span class='ocrx_word' id='word_1_104' title='bbox 822 708 904 735; x_wconf 86' lang='lat' dir='ltr'><strong>quam</strong></span> <span class='ocrx_word' id='word_1_105' title='bbox 925 701 1030 728; x_wconf 74' lang='lat' dir='ltr'><strong>scilicet</strong></span> 
     </span>
    </p>
   </div>
   <div class='ocr_carea' id='block_1_18' title="bbox 239 745 1028 782">
    <p class='ocr_par' dir='ltr' id='par_1_18' title="bbox 239 745 1028 782">
     <span class='ocr_line' id='line_1_18' title="bbox 239 745 1028 782; baseline 0.004 -12"><span class='ocrx_word' id='word_1_106' title='bbox 239 745 357 772; x_wconf 78' lang='lat' dir='ltr'><strong>maxime</strong></span> <span class='ocrx_word' id='word_1_107' title='bbox 377 745 588 780; x_wconf 70' lang='lat' dir='ltr'><strong>depraadicahat,</strong></span> <span class='ocrx_word' id='word_1_108' title='bbox 608 747 656 774; x_wconf 88' lang='lat' dir='ltr'><strong>sed</strong></span> <span class='ocrx_word' id='word_1_109' title='bbox 677 747 750 782; x_wconf 89' lang='lat' dir='ltr'><strong>quod</strong></span> <span class='ocrx_word' id='word_1_110' title='bbox 771 754 871 775; x_wconf 80' lang='lat' dir='ltr'><strong>omnes</strong></span> <span class='ocrx_word' id='word_1_111' title='bbox 887 747 934 782; x_wconf 91' lang='lat' dir='ltr'><strong>qui</strong></span> <span class='ocrx_word' id='word_1_112' title='bbox 965 755 1028 774; x_wconf 86' lang='lat' dir='ltr'><strong>eum</strong></span> 
     </span>
    </p>
   </div>
   <div class='ocr_carea' id='block_1_19' title="bbox 239 790 1030 828">
    <p class='ocr_par' dir='ltr' id='par_1_19' title="bbox 239 790 1030 828">
     <span class='ocr_line' id='line_1_19' title="bbox 239 790 1030 828; baseline 0.005 -11"><span class='ocrx_word' id='word_1_113' title='bbox 239 790 364 817; x_wconf 77' lang='lat' dir='ltr'><strong>Eudoxio</strong></span> <span class='ocrx_word' id='word_1_114' title='bbox 379 793 591 820; x_wconf 74' lang='lat' dir='ltr'><strong>eou&lt;entiebant</strong></span> <span class='ocrx_word' id='word_1_115' title='bbox 615 794 650 820; x_wconf 89' lang='lat' dir='ltr'><strong>ab</strong></span> <span class='ocrx_word' id='word_1_116' title='bbox 677 793 756 820; x_wconf 79' lang='lat' dir='ltr'><strong>Aetio</strong></span> <span class='ocrx_word' id='word_1_117' title='bbox 773 799 868 828; x_wconf 87' lang='lat' dir='ltr'><strong>utpote</strong></span> <span class='ocrx_word' id='word_1_118' title='bbox 893 794 1030 821; x_wconf 80' lang='lat' dir='ltr'><strong>diversam</strong></span> 
     </span>
    </p>
   </div>
   <div class='ocr_carea' id='block_1_20' title="bbox 239 836 1030 874">
    <p class='ocr_par' dir='ltr' id='par_1_20' title="bbox 239 836 1030 874">
     <span class='ocr_line' id='line_1_20' title="bbox 239 836 1030 874; baseline 0.005 -12"><span class='ocrx_word' id='word_1_119' title='bbox 239 836 274 862; x_wconf 86' lang='lat' dir='ltr'><strong>ab</strong></span> <span class='ocrx_word' id='word_1_120' title='bbox 293 844 326 862; x_wconf 90' lang='lat' dir='ltr'><strong>eo</strong></span> <span class='ocrx_word' id='word_1_121' title='bbox 349 838 500 865; x_wconf 74' lang='lat' dir='ltr'><strong>doctrinam</strong></span> <span class='ocrx_word' id='word_1_122' title='bbox 518 843 630 866; x_wconf 85' lang='lat' dir='ltr'><strong>tenente</strong></span> <span class='ocrx_word' id='word_1_123' title='bbox 651 839 843 866; x_wconf 75' lang='lat' dir='ltr'><strong>abhorrerent.</strong></span> <span class='ocrx_word' id='word_1_124' title='bbox 860 840 949 874; x_wconf 85' lang='lat' dir='ltr'><strong>Atque</strong></span> <span class='ocrx_word' id='word_1_125' title='bbox 972 840 1030 867; x_wconf 65' lang='lat' dir='ltr'><strong>haec</strong></span> 
     </span>
    </p>
   </div>
   <div class='ocr_carea' id='block_1_21' title="bbox 233 883 1029 916">
    <p class='ocr_par' dir='ltr' id='par_1_21' title="bbox 233 883 1029 916">
     <span class='ocr_line' id='line_1_21' title="bbox 233 883 1029 916; baseline 0.005 -8"><span class='ocrx_word' id='word_1_126' title='bbox 233 883 298 916; x_wconf 68' lang='lat' dir='ltr'><strong>ipsa</strong></span> <span class='ocrx_word' id='word_1_127' title='bbox 313 891 393 910; x_wconf 81' lang='lat' dir='ltr'><strong>causa</strong></span> <span class='ocrx_word' id='word_1_128' title='bbox 411 884 473 916; x_wconf 81' lang='lat' dir='ltr'><strong>fuit,</strong></span> <span class='ocrx_word' id='word_1_129' title='bbox 488 893 537 912; x_wconf 82' lang='lat' dir='ltr'><strong>cur</strong></span> <span class='ocrx_word' id='word_1_130' title='bbox 555 885 627 912; x_wconf 87' lang='lat' dir='ltr'><strong>inter</strong></span> <span class='ocrx_word' id='word_1_131' title='bbox 644 885 800 912; x_wconf 84' lang='lat' dir='ltr'><strong>Eudoxium</strong></span> <span class='ocrx_word' id='word_1_132' title='bbox 819 891 847 913; x_wconf 87' lang='lat' dir='ltr'><strong>et</strong></span> <span class='ocrx_word' id='word_1_133' title='bbox 862 886 1029 912; x_wconf 55' lang='lat' dir='ltr'><strong>liliinognium</strong></span> 
     </span>
    </p>
   </div>
   <div class='ocr_carea' id='block_1_22' title="bbox 243 928 1031 959">
    <p class='ocr_par' dir='ltr' id='par_1_22' title="bbox 243 928 1031 959">
     <span class='ocr_line' id='line_1_22' title="bbox 243 928 1031 959; baseline 0.006 -5"><span class='ocrx_word' id='word_1_134' title='bbox 243 928 378 956; x_wconf 84' lang='lat' dir='ltr'><strong>discessio</strong></span> <span class='ocrx_word' id='word_1_135' title='bbox 399 930 488 957; x_wconf 82' lang='lat' dir='ltr'><strong>ﬂeret.</strong></span> <span class='ocrx_word' id='word_1_136' title='bbox 512 931 599 958; x_wconf 86' lang='lat' dir='ltr'><strong>Porro</strong></span> <span class='ocrx_word' id='word_1_137' title='bbox 627 931 723 959; x_wconf 82' lang='lat' dir='ltr'><strong>Aetius</strong></span> <span class='ocrx_word' id='word_1_138' title='bbox 747 932 899 959; x_wconf 81' lang='lat' dir='ltr'><strong>vehemens</strong></span> <span class='ocrx_word' id='word_1_139' title='bbox 917 937 944 959; x_wconf 87' lang='lat' dir='ltr'><strong>et</strong></span> <span class='ocrx_word' id='word_1_140' title='bbox 967 940 1031 959; x_wconf 87' lang='lat' dir='ltr'><strong>acer</strong></span> 
     </span>
    </p>
   </div>
   <div class='ocr_carea' id='block_1_23' title="bbox 240 976 1030 1013">
    <p class='ocr_par' dir='ltr' id='par_1_23' title="bbox 240 976 1030 1013">
     <span class='ocr_line' id='line_1_23' title="bbox 240 976 1030 1013; baseline 0.005 -12"><span class='ocrx_word' id='word_1_141' title='bbox 240 976 351 1002; x_wconf 73' lang='lat' dir='ltr'><strong>Arianze</strong></span> <span class='ocrx_word' id='word_1_142' title='bbox 369 977 480 1004; x_wconf 73' lang='lat' dir='ltr'><strong>hmresis</strong></span> <span class='ocrx_word' id='word_1_143' title='bbox 496 983 618 1005; x_wconf 78' lang='lat' dir='ltr'><strong>assertor</strong></span> <span class='ocrx_word' id='word_1_144' title='bbox 634 983 661 1005; x_wconf 90' lang='lat' dir='ltr'><strong>et</strong></span> <span class='ocrx_word' id='word_1_145' title='bbox 679 984 868 1013; x_wconf 79' lang='lat' dir='ltr'><strong>propugnator</strong></span> <span class='ocrx_word' id='word_1_146' title='bbox 885 979 953 1009; x_wconf 79' lang='lat' dir='ltr'><strong>fuit.</strong></span> <span class='ocrx_word' id='word_1_147' title='bbox 970 983 1030 1005; x_wconf 84' lang='lat' dir='ltr'><strong>arte</strong></span> 
     </span>
    </p>
   </div>
   <div class='ocr_carea' id='block_1_24' title="bbox 242 1022 1029 1056">
    <p class='ocr_par' dir='ltr' id='par_1_24' title="bbox 242 1022 1029 1056">
     <span class='ocr_line' id='line_1_24' title="bbox 242 1022 1029 1056; baseline 0.006 -9"><span class='ocrx_word' id='word_1_148' title='bbox 242 1022 392 1056; x_wconf 82' lang='lat' dir='ltr'><strong>sophistica</strong></span> <span class='ocrx_word' id='word_1_149' title='bbox 412 1025 480 1050; x_wconf 91' lang='lat' dir='ltr'><strong>bene</strong></span> <span class='ocrx_word' id='word_1_150' title='bbox 500 1025 664 1051; x_wconf 82' lang='lat' dir='ltr'><strong>instructus.</strong></span> <span class='ocrx_word' id='word_1_151' title='bbox 682 1024 813 1052; x_wconf 85' lang='lat' dir='ltr'><strong>Eamdetu</strong></span> <span class='ocrx_word' id='word_1_152' title='bbox 832 1031 924 1052; x_wconf 78' lang='lat' dir='ltr'><strong>autem</strong></span> <span class='ocrx_word' id='word_1_153' title='bbox 943 1026 1029 1053; x_wconf 55' lang='lat' dir='ltr'><strong>hatre-</strong></span> 
     </span>
    </p>
   </div>
   <div class='ocr_carea' id='block_1_25' title="bbox 242 1069 1031 1106">
    <p class='ocr_par' dir='ltr' id='par_1_25' title="bbox 242 1069 1031 1106">
     <span class='ocr_line' id='line_1_25' title="bbox 242 1069 1031 1106; baseline 0.006 -12"><span class='ocrx_word' id='word_1_154' title='bbox 242 1069 293 1094; x_wconf 84' lang='lat' dir='ltr'><strong>sim</strong></span> <span class='ocrx_word' id='word_1_155' title='bbox 310 1069 395 1103; x_wconf 83' lang='lat' dir='ltr'><strong>magis</strong></span> <span class='ocrx_word' id='word_1_156' title='bbox 413 1069 495 1096; x_wconf 84' lang='lat' dir='ltr'><strong>etiam</strong></span> <span class='ocrx_word' id='word_1_157' title='bbox 516 1070 670 1105; x_wconf 83' lang='lat' dir='ltr'><strong>discipulus</strong></span> <span class='ocrx_word' id='word_1_158' title='bbox 686 1071 745 1106; x_wconf 81' lang='lat' dir='ltr'><strong>ejus</strong></span> <span class='ocrx_word' id='word_1_159' title='bbox 765 1072 920 1099; x_wconf 84' lang='lat' dir='ltr'><strong>Eunomius</strong></span> <span class='ocrx_word' id='word_1_160' title='bbox 936 1073 1031 1099; x_wconf 76' lang='lat' dir='ltr'><strong>defen-</strong></span> 
     </span>
    </p>
   </div>
   <div class='ocr_carea' id='block_1_26' title="bbox 242 1114 1027 1152">
    <p class='ocr_par' dir='ltr' id='par_1_26' title="bbox 242 1114 1027 1152">
     <span class='ocr_line' id='line_1_26' title="bbox 242 1114 1027 1152; baseline 0.005 -11"><span class='ocrx_word' id='word_1_161' title='bbox 242 1114 293 1147; x_wconf 82' lang='lat' dir='ltr'><strong>dit,</strong></span> <span class='ocrx_word' id='word_1_162' title='bbox 318 1115 371 1147; x_wconf 90' lang='lat' dir='ltr'><strong>vir,</strong></span> <span class='ocrx_word' id='word_1_163' title='bbox 394 1115 467 1150; x_wconf 86' lang='lat' dir='ltr'><strong>quod</strong></span> <span class='ocrx_word' id='word_1_164' title='bbox 486 1115 603 1144; x_wconf 70' lang='lat' dir='ltr'><strong>Rufinus</strong></span> <span class='ocrx_word' id='word_1_165' title='bbox 625 1117 679 1150; x_wconf 85' lang='lat' dir='ltr'><strong>ait,</strong></span> <span class='ocrx_word' id='word_1_166' title='bbox 703 1123 731 1144; x_wconf 84' lang='lat' dir='ltr'><strong>et</strong></span> <span class='ocrx_word' id='word_1_167' title='bbox 752 1125 868 1152; x_wconf 87' lang='lat' dir='ltr'><strong>corpore</strong></span> <span class='ocrx_word' id='word_1_168' title='bbox 892 1124 920 1146; x_wconf 87' lang='lat' dir='ltr'><strong>et</strong></span> <span class='ocrx_word' id='word_1_169' title='bbox 937 1120 1027 1145; x_wconf 87' lang='lat' dir='ltr'><strong>anima</strong></span> 
     </span>
    </p>
   </div>
   <div class='ocr_carea' id='block_1_27' title="bbox 241 1161 1029 1200">
    <p class='ocr_par' dir='ltr' id='par_1_27' title="bbox 241 1161 1029 1200">
     <span class='ocr_line' id='line_1_27' title="bbox 241 1161 1029 1200; baseline 0.005 -13"><span class='ocrx_word' id='word_1_170' title='bbox 241 1161 387 1195; x_wconf 87' lang='lat' dir='ltr'><strong>leprosus,</strong></span> <span class='ocrx_word' id='word_1_171' title='bbox 403 1167 485 1196; x_wconf 87' lang='lat' dir='ltr'><strong>atque</strong></span> <span class='ocrx_word' id='word_1_172' title='bbox 507 1163 578 1189; x_wconf 88' lang='lat' dir='ltr'><strong>intra</strong></span> <span class='ocrx_word' id='word_1_173' title='bbox 597 1168 625 1190; x_wconf 88' lang='lat' dir='ltr'><strong>et</strong></span> <span class='ocrx_word' id='word_1_174' title='bbox 641 1169 718 1191; x_wconf 74' lang='lat' dir='ltr'><strong>extra</strong></span> <span class='ocrx_word' id='word_1_175' title='bbox 741 1166 838 1192; x_wconf 87' lang='lat' dir='ltr'><strong>morbo</strong></span> <span class='ocrx_word' id='word_1_176' title='bbox 863 1165 937 1200; x_wconf 79' lang='lat' dir='ltr'><strong>regio</strong></span> <span class='ocrx_word' id='word_1_177' title='bbox 962 1165 1029 1191; x_wconf 81' lang='lat' dir='ltr'><strong>infe-</strong></span> 
     </span>
    </p>
   </div>
   <div class='ocr_carea' id='block_1_28' title="bbox 241 1208 1027 1245">
    <p class='ocr_par' dir='ltr' id='par_1_28' title="bbox 241 1208 1027 1245">
     <span class='ocr_line' id='line_1_28' title="bbox 241 1208 1027 1245; baseline 0.006 -12"><span class='ocrx_word' id='word_1_178' title='bbox 241 1213 302 1234; x_wconf 80' lang='lat' dir='ltr'><strong>ctus</strong></span> <span class='ocrx_word' id='word_1_179' title='bbox 327 1208 384 1242; x_wconf 78' lang='lat'><strong>(1),</strong></span> <span class='ocrx_word' id='word_1_180' title='bbox 410 1208 468 1243; x_wconf 84' lang='lat' dir='ltr'><strong>ipse</strong></span> <span class='ocrx_word' id='word_1_181' title='bbox 489 1216 600 1244; x_wconf 86' lang='lat' dir='ltr'><strong>quoque</strong></span> <span class='ocrx_word' id='word_1_182' title='bbox 621 1216 679 1236; x_wconf 86' lang='lat' dir='ltr'><strong>arte</strong></span> <span class='ocrx_word' id='word_1_183' title='bbox 702 1209 844 1238; x_wconf 82' lang='lat' dir='ltr'><strong>dialectica</strong></span> <span class='ocrx_word' id='word_1_184' title='bbox 864 1217 1027 1245; x_wconf 72' lang='lat' dir='ltr'><strong>pra-potens.</strong></span> 
     </span>
    </p>
   </div>
   <div class='ocr_carea' id='block_1_29' title="bbox 241 1251 1028 1291">
    <p class='ocr_par' dir='ltr' id='par_1_29' title="bbox 241 1251 1028 1291">
     <span class='ocr_line' id='line_1_29' title="bbox 241 1251 1028 1291; baseline 0.006 -12"><span class='ocrx_word' id='word_1_185' title='bbox 241 1251 368 1280; x_wconf 81' lang='lat' dir='ltr'><strong>Ihcrcsim</strong></span> <span class='ocrx_word' id='word_1_186' title='bbox 384 1253 444 1288; x_wconf 82' lang='lat' dir='ltr'><strong>ejus</strong></span> <span class='ocrx_word' id='word_1_187' title='bbox 469 1254 581 1288; x_wconf 86' lang='lat' dir='ltr'><strong>quidam</strong></span> <span class='ocrx_word' id='word_1_188' title='bbox 605 1255 640 1281; x_wconf 90' lang='lat' dir='ltr'><strong>ab</strong></span> <span class='ocrx_word' id='word_1_189' title='bbox 655 1256 716 1290; x_wconf 87' lang='lat' dir='ltr'><strong>ejus</strong></span> <span class='ocrx_word' id='word_1_190' title='bbox 740 1257 853 1283; x_wconf 86' lang='lat' dir='ltr'><strong>nomine</strong></span> <span class='ocrx_word' id='word_1_191' title='bbox 878 1258 1028 1291; x_wconf 84' lang='lat' dir='ltr'><strong>appellant.</strong></span> 
     </span>
    </p>
   </div>
   <div class='ocr_carea' id='block_1_30' title="bbox 241 1297 1028 1333">
    <p class='ocr_par' dir='ltr' id='par_1_30' title="bbox 241 1297 1028 1333">
     <span class='ocr_line' id='line_1_30' title="bbox 241 1297 1028 1333; baseline 0.008 -10"><span class='ocrx_word' id='word_1_192' title='bbox 241 1297 292 1323; x_wconf 85' lang='lat' dir='ltr'><strong>Alii</strong></span> <span class='ocrx_word' id='word_1_193' title='bbox 308 1297 360 1322; x_wconf 76' lang='grc' dir='ltr'><strong>τῶν</strong></span> <span class='ocrx_word' id='word_1_194' title='bbox 381 1298 527 1332; x_wconf 65' lang='grc' dir='ltr'><strong>ἀνομοίων,</strong></span> <span class='ocrx_word' id='word_1_195' title='bbox 554 1299 606 1327; x_wconf 89' lang='lat' dir='ltr'><strong>hoc</strong></span> <span class='ocrx_word' id='word_1_196' title='bbox 629 1306 683 1331; x_wconf 86' lang='lat' dir='ltr'><strong>est,</strong></span> <span class='ocrx_word' id='word_1_197' title='bbox 701 1301 893 1333; x_wconf 84' lang='lat' dir='ltr'><strong>dissimilium,</strong></span> <span class='ocrx_word' id='word_1_198' title='bbox 918 1308 1028 1329; x_wconf 88' lang='lat' dir='ltr'><strong>vocant.</strong></span> 
     </span>
    </p>
   </div>
   <div class='ocr_carea' id='block_1_31' title="bbox 241 1343 1029 1381">
    <p class='ocr_par' dir='ltr' id='par_1_31' title="bbox 241 1343 1029 1381">
     <span class='ocr_line' id='line_1_31' title="bbox 241 1343 1029 1381; baseline 0.005 -11"><span class='ocrx_word' id='word_1_199' title='bbox 241 1343 313 1370; x_wconf 80' lang='lat' dir='ltr'><strong>Sunt</strong></span> <span class='ocrx_word' id='word_1_200' title='bbox 327 1351 453 1371; x_wconf 72' lang='lat' dir='ltr'><strong>ain-tores</strong></span> <span class='ocrx_word' id='word_1_201' title='bbox 473 1344 604 1379; x_wconf 82' lang='lat' dir='ltr'><strong>quidam,</strong></span> <span class='ocrx_word' id='word_1_202' title='bbox 624 1346 670 1379; x_wconf 88' lang='lat' dir='ltr'><strong>qui</strong></span> <span class='ocrx_word' id='word_1_203' title='bbox 685 1346 852 1373; x_wconf 86' lang='lat' dir='ltr'><strong>Eunomium</strong></span> <span class='ocrx_word' id='word_1_204' title='bbox 870 1347 954 1374; x_wconf 83' lang='lat' dir='ltr'><strong>istum</strong></span> <span class='ocrx_word' id='word_1_205' title='bbox 972 1348 1029 1381; x_wconf 87' lang='lat' dir='ltr'><strong>pri-</strong></span> 
     </span>
    </p>
   </div>
   <div class='ocr_carea' id='block_1_32' title="bbox 240 1391 1029 1425">
    <p class='ocr_par' dir='ltr' id='par_1_32' title="bbox 240 1391 1029 1425">
     <span class='ocr_line' id='line_1_32' title="bbox 240 1391 1029 1425; baseline 0.008 -10"><span class='ocrx_word' id='word_1_206' title='bbox 240 1398 315 1416; x_wconf 91' lang='lat' dir='ltr'><strong>mum</strong></span> <span class='ocrx_word' id='word_1_207' title='bbox 337 1398 433 1418; x_wconf 78' lang='lat' dir='ltr'><strong>ausum</strong></span> <span class='ocrx_word' id='word_1_208' title='bbox 459 1391 543 1419; x_wconf 79' lang='lat' dir='ltr'><strong>fuisse</strong></span> <span class='ocrx_word' id='word_1_209' title='bbox 561 1392 659 1419; x_wconf 88' lang='lat' dir='ltr'><strong>dicunt</strong></span> <span class='ocrx_word' id='word_1_210' title='bbox 677 1393 839 1425; x_wconf 84' lang='lat' dir='ltr'><strong>instituere,</strong></span> <span class='ocrx_word' id='word_1_211' title='bbox 867 1397 896 1420; x_wconf 83' lang='lat' dir='ltr'><strong>ut</strong></span> <span class='ocrx_word' id='word_1_212' title='bbox 919 1393 1029 1421; x_wconf 72' lang='lat' dir='ltr'><strong>divinus</strong></span> 
     </span>
    </p>
   </div>
   <div class='ocr_carea' id='block_1_33' title="bbox 241 1436 1028 1474">
    <p class='ocr_par' dir='ltr' id='par_1_33' title="bbox 241 1436 1028 1474">
     <span class='ocr_line' id='line_1_33' title="bbox 241 1436 1028 1474; baseline 0.005 -12"><span class='ocrx_word' id='word_1_213' title='bbox 241 1436 394 1470; x_wconf 78' lang='lat' dir='ltr'><strong>baptismus</strong></span> <span class='ocrx_word' id='word_1_214' title='bbox 424 1439 562 1466; x_wconf 84' lang='lat' dir='ltr'><strong>mersioue</strong></span> <span class='ocrx_word' id='word_1_215' title='bbox 591 1446 644 1465; x_wconf 89' lang='lat' dir='ltr'><strong>una</strong></span> <span class='ocrx_word' id='word_1_216' title='bbox 675 1444 878 1474; x_wconf 62' lang='lat' dir='ltr'><strong>perageretur:</strong></span> <span class='ocrx_word' id='word_1_217' title='bbox 913 1445 940 1466; x_wconf 91' lang='lat' dir='ltr'><strong>et</strong></span> <span class='ocrx_word' id='word_1_218' title='bbox 968 1447 1028 1466; x_wconf 88' lang='lat' dir='ltr'><strong>eam</strong></span> 
     </span>
    </p>
   </div>
   <div class='ocr_carea' id='block_1_34' title="bbox 240 1484 1030 1520">
    <p class='ocr_par' dir='ltr' id='par_1_34' title="bbox 240 1484 1030 1520">
     <span class='ocr_line' id='line_1_34' title="bbox 240 1484 1030 1520; baseline 0.006 -12"><span class='ocrx_word' id='word_1_219' title='bbox 240 1491 300 1516; x_wconf 65' lang='lat' dir='ltr'><strong>qua!</strong></span> <span class='ocrx_word' id='word_1_220' title='bbox 314 1484 348 1510; x_wconf 87' lang='lat' dir='ltr'><strong>ab</strong></span> <span class='ocrx_word' id='word_1_221' title='bbox 363 1484 495 1517; x_wconf 84' lang='lat' dir='ltr'><strong>apostolis</strong></span> <span class='ocrx_word' id='word_1_222' title='bbox 511 1493 558 1519; x_wconf 82' lang='lat' dir='ltr'><strong>per</strong></span> <span class='ocrx_word' id='word_1_223' title='bbox 575 1493 672 1513; x_wconf 82' lang='lat' dir='ltr'><strong>manus</strong></span> <span class='ocrx_word' id='word_1_224' title='bbox 690 1491 802 1520; x_wconf 85' lang='lat' dir='ltr'><strong>accepta</strong></span> <span class='ocrx_word' id='word_1_225' title='bbox 822 1485 904 1512; x_wconf 91' lang='lat' dir='ltr'><strong>hodie</strong></span> <span class='ocrx_word' id='word_1_226' title='bbox 920 1494 1030 1520; x_wconf 87' lang='lat' dir='ltr'><strong>quoque</strong></span> 
     </span>
    </p>
   </div>
   <div class='ocr_carea' id='block_1_35' title="bbox 242 1529 1029 1565">
    <p class='ocr_par' dir='ltr' id='par_1_35' title="bbox 242 1529 1029 1565">
     <span class='ocr_line' id='line_1_35' title="bbox 242 1529 1029 1565; baseline 0.006 -10"><span class='ocrx_word' id='word_1_227' title='bbox 242 1529 344 1564; x_wconf 84' lang='lat' dir='ltr'><strong>ubique</strong></span> <span class='ocrx_word' id='word_1_228' title='bbox 361 1535 499 1562; x_wconf 83' lang='lat' dir='ltr'><strong>servatur,</strong></span> <span class='ocrx_word' id='word_1_229' title='bbox 518 1531 696 1559; x_wconf 86' lang='lat' dir='ltr'><strong>traditionem</strong></span> <span class='ocrx_word' id='word_1_230' title='bbox 714 1533 883 1565; x_wconf 77' lang='lat' dir='ltr'><strong>adulterare,</strong></span> <span class='ocrx_word' id='word_1_231' title='bbox 901 1539 928 1560; x_wconf 85' lang='lat' dir='ltr'><strong>et</strong></span> <span class='ocrx_word' id='word_1_232' title='bbox 946 1535 1029 1561; x_wconf 90' lang='lat' dir='ltr'><strong>ritum</strong></span> 
     </span>
    </p>
   </div>
   <div class='ocr_carea' id='block_1_36' title="bbox 241 1575 1031 1613">
    <p class='ocr_par' dir='ltr' id='par_1_36' title="bbox 241 1575 1031 1613">
     <span class='ocr_line' id='line_1_36' title="bbox 241 1575 1031 1613; baseline 0.008 -12"><span class='ocrx_word' id='word_1_233' title='bbox 241 1575 325 1602; x_wconf 84' lang='lat' dir='ltr'><strong>alium</strong></span> <span class='ocrx_word' id='word_1_234' title='bbox 341 1577 366 1602; x_wconf 90' lang='lat' dir='ltr'><strong>in</strong></span> <span class='ocrx_word' id='word_1_235' title='bbox 386 1577 503 1604; x_wconf 72' lang='lat' dir='ltr'><strong>ecclesia</strong></span> <span class='ocrx_word' id='word_1_236' title='bbox 517 1577 665 1613; x_wconf 73' lang='lat' dir='ltr'><strong>Cyzicena,</strong></span> <span class='ocrx_word' id='word_1_237' title='bbox 686 1579 861 1606; x_wconf 85' lang='lat' dir='ltr'><strong>accuratiore</strong></span> <span class='ocrx_word' id='word_1_238' title='bbox 876 1581 1031 1608; x_wconf 85' lang='lat' dir='ltr'><strong>sanctiore-</strong></span> 
     </span>
    </p>
   </div>
   <div class='ocr_carea' id='block_1_37' title="bbox 240 1623 1030 1660">
    <p class='ocr_par' dir='ltr' id='par_1_37' title="bbox 240 1623 1030 1660">
     <span class='ocr_line' id='line_1_37' title="bbox 240 1623 1030 1660; baseline 0.01 -14"><span class='ocrx_word' id='word_1_239' title='bbox 240 1629 293 1656; x_wconf 85' lang='lat' dir='ltr'><strong>quc</strong></span> <span class='ocrx_word' id='word_1_240' title='bbox 309 1623 442 1656; x_wconf 69' lang='lat' dir='ltr'><strong>gravitate</strong></span> <span class='ocrx_word' id='word_1_241' title='bbox 459 1624 608 1650; x_wconf 74' lang='lat' dir='ltr'><strong>novitatem</strong></span> <span class='ocrx_word' id='word_1_242' title='bbox 629 1632 706 1651; x_wconf 80' lang='lat' dir='ltr'><strong>suam</strong></span> <span class='ocrx_word' id='word_1_243' title='bbox 729 1625 904 1660; x_wconf 81' lang='lat' dir='ltr'><strong>obtegeutcm</strong></span> <span class='ocrx_word' id='word_1_244' title='bbox 918 1646 925 1657; x_wconf 82' lang='lat'><strong>,</strong></span> <span class='ocrx_word' id='word_1_245' title='bbox 951 1627 1030 1654; x_wconf 82' lang='lat' dir='ltr'><strong>inve-</strong></span> 
     </span>
    </p>
   </div>
   <div class='ocr_carea' id='block_1_38' title="bbox 242 1668 1032 1703">
    <p class='ocr_par' dir='ltr' id='par_1_38' title="bbox 242 1668 1032 1703">
     <span class='ocr_line' id='line_1_38' title="bbox 242 1668 1032 1703; baseline 0.009 -9"><span class='ocrx_word' id='word_1_246' title='bbox 242 1668 326 1695; x_wconf 78' lang='lat' dir='ltr'><strong>nisse.</strong></span> <span class='ocrx_word' id='word_1_247' title='bbox 347 1669 408 1696; x_wconf 79' lang='lat' dir='ltr'><strong>Fuit</strong></span> <span class='ocrx_word' id='word_1_248' title='bbox 431 1675 539 1701; x_wconf 83' lang='lat' dir='ltr'><strong>autem,</strong></span> <span class='ocrx_word' id='word_1_249' title='bbox 556 1670 636 1697; x_wconf 88' lang='lat' dir='ltr'><strong>sicuti</strong></span> <span class='ocrx_word' id='word_1_250' title='bbox 662 1671 766 1698; x_wconf 90' lang='lat' dir='ltr'><strong>dictum</strong></span> <span class='ocrx_word' id='word_1_251' title='bbox 783 1677 841 1703; x_wconf 87' lang='lat' dir='ltr'><strong>est,</strong></span> <span class='ocrx_word' id='word_1_252' title='bbox 859 1677 886 1700; x_wconf 87' lang='lat' dir='ltr'><strong>et</strong></span> <span class='ocrx_word' id='word_1_253' title='bbox 903 1673 1032 1701; x_wconf 83' lang='lat' dir='ltr'><strong>Sozome-</strong></span> 
     </span>
    </p>
   </div>
   <div class='ocr_carea' id='block_1_39' title="bbox 243 1716 1029 1752">
    <p class='ocr_par' dir='ltr' id='par_1_39' title="bbox 243 1716 1029 1752">
     <span class='ocr_line' id='line_1_39' title="bbox 243 1716 1029 1752; baseline 0.008 -12"><span class='ocrx_word' id='word_1_254' title='bbox 243 1722 294 1741; x_wconf 79' lang='lat' dir='ltr'><strong>nus</strong></span> <span class='ocrx_word' id='word_1_255' title='bbox 322 1719 456 1747; x_wconf 78' lang='lat' dir='ltr'><strong>testatur,</strong></span> <span class='ocrx_word' id='word_1_256' title='bbox 485 1716 565 1752; x_wconf 88' lang='lat' dir='ltr'><strong>cujus</strong></span> <span class='ocrx_word' id='word_1_257' title='bbox 593 1717 679 1744; x_wconf 86' lang='lat' dir='ltr'><strong>verba</strong></span> <span class='ocrx_word' id='word_1_258' title='bbox 710 1718 851 1746; x_wconf 80' lang='lat' dir='ltr'><strong>ascribere</strong></span> <span class='ocrx_word' id='word_1_259' title='bbox 877 1719 965 1751; x_wconf 78' lang='lat' dir='ltr'><strong>libet,</strong></span> <span class='ocrx_word' id='word_1_260' title='bbox 997 1721 1029 1746; x_wconf 88' lang='lat' dir='ltr'><strong>ad</strong></span> 
     </span>
    </p>
   </div>
   <div class='ocr_carea' id='block_1_40' title="bbox 241 1761 1065 1806">
    <p class='ocr_par' dir='ltr' id='par_1_40' title="bbox 241 1761 1065 1806">
     <span class='ocr_line' id='line_1_40' title="bbox 241 1761 1065 1806; baseline 0.008 -19"><span class='ocrx_word' id='word_1_261' title='bbox 241 1761 383 1788; x_wconf 85' lang='lat' dir='ltr'><strong>orationes</strong></span> <span class='ocrx_word' id='word_1_262' title='bbox 402 1761 563 1790; x_wconf 82' lang='lat' dir='ltr'><strong>scribendas</strong></span> <span class='ocrx_word' id='word_1_263' title='bbox 578 1771 631 1790; x_wconf 91' lang='lat' dir='ltr'><strong>non</strong></span> <span class='ocrx_word' id='word_1_264' title='bbox 649 1765 770 1798; x_wconf 83' lang='lat' dir='ltr'><strong>ineptus.</strong></span> <span class='ocrx_word' id='word_1_265' title='bbox 785 1766 961 1793; x_wconf 88' lang='lat' dir='ltr'><strong>contentioso</strong></span> <span class='ocrx_word' id='word_1_266' title='bbox 974 1766 1030 1793; x_wconf 87' lang='lat' dir='ltr'><strong>dis-</strong></span> <span class='ocrx_word' id='word_1_267' title='bbox 1045 1778 1065 1806; x_wconf 71' lang='grc' dir='ltr'>ο</span> 
     </span>
    </p>
   </div>
   <div class='ocr_carea' id='block_1_41' title="bbox 243 1806 1030 1846">
    <p class='ocr_par' dir='ltr' id='par_1_41' title="bbox 243 1806 1030 1846">
     <span class='ocr_line' id='line_1_41' title="bbox 243 1806 1030 1846; baseline 0.009 -15"><span class='ocrx_word' id='word_1_268' title='bbox 243 1806 355 1840; x_wconf 80' lang='lat' dir='ltr'><strong>putandi</strong></span> <span class='ocrx_word' id='word_1_269' title='bbox 381 1814 481 1841; x_wconf 83' lang='lat' dir='ltr'><strong>genere</strong></span> <span class='ocrx_word' id='word_1_270' title='bbox 510 1813 538 1835; x_wconf 87' lang='lat' dir='ltr'><strong>et</strong></span> <span class='ocrx_word' id='word_1_271' title='bbox 568 1809 734 1844; x_wconf 75' lang='lat' dir='ltr'><strong>syllogismis</strong></span> <span class='ocrx_word' id='word_1_272' title='bbox 762 1811 904 1844; x_wconf 78' lang='lat' dir='ltr'><strong>gaudens:</strong></span> <span class='ocrx_word' id='word_1_273' title='bbox 934 1812 1030 1846; x_wconf 82' lang='lat' dir='ltr'><strong>quales</strong></span> 
     </span>
    </p>
   </div>
   <div class='ocr_carea' id='block_1_42' title="bbox 241 1854 1029 1887">
    <p class='ocr_par' dir='ltr' id='par_1_42' title="bbox 241 1854 1029 1887">
     <span class='ocr_line' id='line_1_42' title="bbox 241 1854 1029 1887; baseline 0.008 -9"><span class='ocrx_word' id='word_1_274' title='bbox 241 1857 392 1880; x_wconf 82' lang='lat' dir='ltr'><strong>sectatores</strong></span> <span class='ocrx_word' id='word_1_275' title='bbox 417 1854 476 1887; x_wconf 86' lang='lat' dir='ltr'><strong>ejus</strong></span> <span class='ocrx_word' id='word_1_276' title='bbox 501 1854 593 1881; x_wconf 88' lang='lat' dir='ltr'><strong>adhuc</strong></span> <span class='ocrx_word' id='word_1_277' title='bbox 619 1855 722 1882; x_wconf 87' lang='lat' dir='ltr'><strong>multos</strong></span> <span class='ocrx_word' id='word_1_278' title='bbox 748 1856 842 1883; x_wconf 87' lang='lat' dir='ltr'><strong>videre</strong></span> <span class='ocrx_word' id='word_1_279' title='bbox 867 1861 918 1884; x_wconf 87' lang='lat' dir='ltr'><strong>est.</strong></span> <span class='ocrx_word' id='word_1_280' title='bbox 939 1867 948 1882; x_wconf 75' lang='grc' dir='ltr'><strong>ι</strong></span> <span class='ocrx_word' id='word_1_281' title='bbox 968 1857 1029 1884; x_wconf 80' lang='lat' dir='ltr'><strong>Non</strong></span> 
     </span>
    </p>
   </div>
   <div class='ocr_carea' id='block_1_43' title="bbox 242 1899 1032 1933">
    <p class='ocr_par' dir='ltr' id='par_1_43' title="bbox 242 1899 1032 1933">
     <span class='ocr_line' id='line_1_43' title="bbox 242 1899 1032 1933; baseline 0.009 -10"><span class='ocrx_word' id='word_1_282' title='bbox 242 1902 295 1924; x_wconf 87' lang='lat' dir='ltr'><strong>tam</strong></span> <span class='ocrx_word' id='word_1_283' title='bbox 313 1899 387 1925; x_wconf 90' lang='lat' dir='ltr'><strong>enim</strong></span> <span class='ocrx_word' id='word_1_284' title='bbox 412 1899 450 1926; x_wconf 86' lang='lat' dir='ltr'><strong>illi</strong></span> <span class='ocrx_word' id='word_1_285' title='bbox 473 1900 555 1927; x_wconf 82' lang='lat' dir='ltr'><strong>vitain</strong></span> <span class='ocrx_word' id='word_1_286' title='bbox 574 1900 736 1933; x_wconf 85' lang='lat' dir='ltr'><strong>honestam,</strong></span> <span class='ocrx_word' id='word_1_287' title='bbox 754 1909 845 1929; x_wconf 83' lang='lat' dir='ltr'><strong>mores</strong></span> <span class='ocrx_word' id='word_1_288' title='bbox 869 1908 982 1930; x_wconf 90' lang='lat' dir='ltr'><strong>sanctos</strong></span> <span class='ocrx_word' id='word_1_289' title='bbox 1002 1907 1032 1930; x_wconf 84' lang='lat' dir='ltr'><strong>et</strong></span> 
     </span>
    </p>
   </div>
   <div class='ocr_carea' id='block_1_44' title="bbox 241 1944 1029 1980">
    <p class='ocr_par' dir='ltr' id='par_1_44' title="bbox 241 1944 1029 1980">
     <span class='ocr_line' id='line_1_44' title="bbox 241 1944 1029 1980; baseline 0.008 -10"><span class='ocrx_word' id='word_1_290' title='bbox 241 1944 386 1978; x_wconf 78' lang='lat' dir='ltr'><strong>benignam</strong></span> <span class='ocrx_word' id='word_1_291' title='bbox 412 1953 475 1980; x_wconf 74' lang='lat' dir='ltr'><strong>erga</strong></span> <span class='ocrx_word' id='word_1_292' title='bbox 495 1954 597 1980; x_wconf 76' lang='lat' dir='ltr'><strong>egenos</strong></span> <span class='ocrx_word' id='word_1_293' title='bbox 621 1947 858 1979; x_wconf 86' lang='lat' dir='ltr'><strong>misericordiam,</strong></span> <span class='ocrx_word' id='word_1_294' title='bbox 885 1949 906 1975; x_wconf 87' lang='lat' dir='ltr'><strong>si</strong></span> <span class='ocrx_word' id='word_1_295' title='bbox 934 1949 1029 1976; x_wconf 81' lang='lat' dir='ltr'><strong>eadem</strong></span> 
     </span>
    </p>
   </div>
   <div class='ocr_carea' id='block_1_45' title="bbox 241 1983 1028 2028">
    <p class='ocr_par' dir='ltr' id='par_1_45' title="bbox 241 1983 1028 2028">
     <span class='ocr_line' id='line_1_45' title="bbox 241 1983 1028 2028; baseline 0.008 -11"><span class='ocrx_word' id='word_1_296' title='bbox 241 1983 302 2018; x_wconf 66' lang='lat' dir='ltr'><strong>cuin</strong></span> <span class='ocrx_word' id='word_1_297' title='bbox 322 1991 389 2026; x_wconf 90' lang='lat' dir='ltr'><strong>ipsis</strong></span> <span class='ocrx_word' id='word_1_298' title='bbox 407 1993 538 2025; x_wconf 83' lang='lat' dir='ltr'><strong>sentiant,</strong></span> <span class='ocrx_word' id='word_1_299' title='bbox 560 2000 642 2028; x_wconf 88' lang='lat' dir='ltr'><strong>quam</strong></span> <span class='ocrx_word' id='word_1_300' title='bbox 662 1993 684 2020; x_wconf 87' lang='lat' dir='ltr'><strong>si</strong></span> <span class='ocrx_word' id='word_1_301' title='bbox 700 1994 763 2028; x_wconf 86' lang='lat' dir='ltr'><strong>quis</strong></span> <span class='ocrx_word' id='word_1_302' title='bbox 780 1995 954 2023; x_wconf 85' lang='lat' dir='ltr'><strong>contentiose</strong></span> <span class='ocrx_word' id='word_1_303' title='bbox 969 1996 1028 2023; x_wconf 86' lang='lat' dir='ltr'><strong>dis-</strong></span> 
     </span>
    </p>
   </div>
   <div class='ocr_carea' id='block_1_46' title="bbox 241 2039 1031 2074">
    <p class='ocr_par' dir='ltr' id='par_1_46' title="bbox 241 2039 1031 2074">
     <span class='ocr_line' id='line_1_46' title="bbox 241 2039 1031 2074; baseline 0.008 -10"><span class='ocrx_word' id='word_1_304' title='bbox 241 2046 347 2068; x_wconf 83' lang='lat' dir='ltr'><strong>serere.</strong></span> <span class='ocrx_word' id='word_1_305' title='bbox 363 2043 390 2065; x_wconf 84' lang='lat' dir='ltr'><strong>cl</strong></span> <span class='ocrx_word' id='word_1_306' title='bbox 407 2039 573 2074; x_wconf 67' lang='lat' dir='ltr'><strong>syllogismis</strong></span> <span class='ocrx_word' id='word_1_307' title='bbox 587 2045 670 2074; x_wconf 83' lang='lat' dir='ltr'><strong>atque</strong></span> <span class='ocrx_word' id='word_1_308' title='bbox 687 2041 952 2070; x_wconf 82' lang='lat' dir='ltr'><strong>ratiocinationibus</strong></span> <span class='ocrx_word' id='word_1_309' title='bbox 968 2043 1031 2070; x_wconf 87' lang='lat' dir='ltr'><strong>vin-</strong></span> 
     </span>
    </p>
   </div>
   <div class='ocr_carea' id='block_1_47' title="bbox 242 2084 1033 2124">
    <p class='ocr_par' dir='ltr' id='par_1_47' title="bbox 242 2084 1033 2124">
     <span class='ocr_line' id='line_1_47' title="bbox 242 2084 1033 2124; baseline 0.01 -15"><span class='ocrx_word' id='word_1_310' title='bbox 242 2091 307 2110; x_wconf 83' lang='lat' dir='ltr'><strong>cere</strong></span> <span class='ocrx_word' id='word_1_311' title='bbox 321 2084 459 2116; x_wconf 82' lang='lat' dir='ltr'><strong>videatur,</strong></span> <span class='ocrx_word' id='word_1_312' title='bbox 479 2086 603 2114; x_wconf 85' lang='lat' dir='ltr'><strong>laudant.</strong></span> <span class='ocrx_word' id='word_1_313' title='bbox 623 2087 703 2114; x_wconf 79' lang='lat' dir='ltr'><strong>Tales</strong></span> <span class='ocrx_word' id='word_1_314' title='bbox 719 2096 837 2123; x_wconf 81' lang='lat' dir='ltr'><strong>namque</strong></span> <span class='ocrx_word' id='word_1_315' title='bbox 854 2089 955 2124; x_wconf 83' lang='lat' dir='ltr'><strong>pietate</strong></span> <span class='ocrx_word' id='word_1_316' title='bbox 975 2098 1033 2117; x_wconf 85' lang='lat' dir='ltr'><strong>ma-</strong></span> 
     </span>
    </p>
   </div>
   <div class='ocr_carea' id='block_1_48' title="bbox 240 2130 1030 2164">
    <p class='ocr_par' dir='ltr' id='par_1_48' title="bbox 240 2130 1030 2164">
     <span class='ocr_line' id='line_1_48' title="bbox 240 2130 1030 2164; baseline 0.01 -9"><span class='ocrx_word' id='word_1_317' title='bbox 240 2130 300 2163; x_wconf 83' lang='lat' dir='ltr'><strong>jore</strong></span> <span class='ocrx_word' id='word_1_318' title='bbox 316 2137 398 2164; x_wconf 81' lang='lat' dir='ltr'><strong>supra</strong></span> <span class='ocrx_word' id='word_1_319' title='bbox 417 2137 514 2157; x_wconf 87' lang='lat' dir='ltr'><strong>omnes</strong></span> <span class='ocrx_word' id='word_1_320' title='bbox 531 2139 590 2159; x_wconf 82' lang='lat' dir='ltr'><strong>esse</strong></span> <span class='ocrx_word' id='word_1_321' title='bbox 611 2133 826 2161; x_wconf 85' lang='lat' dir='ltr'><strong>existimantur:</strong></span> <span class='ocrx_word' id='word_1_322' title='bbox 843 2135 925 2162; x_wconf 91' lang='lat' dir='ltr'><strong>siculi</strong></span> <span class='ocrx_word' id='word_1_323' title='bbox 941 2136 1030 2163; x_wconf 55' lang='lat' dir='ltr'><strong>Theo.</strong></span> 
     </span>
    </p>
   </div>
   <div class='ocr_carea' id='block_1_49' title="bbox 243 2175 1034 2216">
    <p class='ocr_par' dir='ltr' id='par_1_49' title="bbox 243 2175 1034 2216">
     <span class='ocr_line' id='line_1_49' title="bbox 243 2175 1034 2216; baseline 0.009 -15"><span class='ocrx_word' id='word_1_324' title='bbox 243 2175 379 2209; x_wconf 87' lang='lat' dir='ltr'><strong>phronins</strong></span> <span class='ocrx_word' id='word_1_325' title='bbox 404 2176 550 2212; x_wconf 83' lang='lat' dir='ltr'><strong>Cappadox</strong></span> <span class='ocrx_word' id='word_1_326' title='bbox 578 2183 606 2206; x_wconf 86' lang='lat' dir='ltr'><strong>et</strong></span> <span class='ocrx_word' id='word_1_327' title='bbox 635 2179 806 2214; x_wconf 86' lang='lat' dir='ltr'><strong>Eutychius,</strong></span> <span class='ocrx_word' id='word_1_328' title='bbox 837 2187 920 2208; x_wconf 71' lang='lat' dir='ltr'><strong>secta:</strong></span> <span class='ocrx_word' id='word_1_329' title='bbox 949 2181 1034 2216; x_wconf 83' lang='lat' dir='ltr'><strong>hujus</strong></span> 
     </span>
    </p>
   </div>
   <div class='ocr_carea' id='block_1_50' title="bbox 244 2221 1030 2263">
    <p class='ocr_par' dir='ltr' id='par_1_50' title="bbox 244 2221 1030 2263">
     <span class='ocr_line' id='line_1_50' title="bbox 244 2221 1030 2263; baseline 0.01 -16"><span class='ocrx_word' id='word_1_330' title='bbox 244 2221 372 2254; x_wconf 67' lang='lat' dir='ltr'><strong>studiosi,</strong></span> <span class='ocrx_word' id='word_1_331' title='bbox 390 2223 436 2258; x_wconf 90' lang='lat' dir='ltr'><strong>qui</strong></span> <span class='ocrx_word' id='word_1_332' title='bbox 451 2224 603 2253; x_wconf 82' lang='lat' dir='ltr'><strong>obtinentis</strong></span> <span class='ocrx_word' id='word_1_333' title='bbox 617 2226 701 2260; x_wconf 88' lang='lat' dir='ltr'><strong>hujus</strong></span> <span class='ocrx_word' id='word_1_334' title='bbox 714 2226 823 2261; x_wconf 90' lang='lat' dir='ltr'><strong>imperii</strong></span> <span class='ocrx_word' id='word_1_335' title='bbox 842 2231 966 2262; x_wconf 80' lang='lat' dir='ltr'><strong>tempore</strong></span> <span class='ocrx_word' id='word_1_336' title='bbox 978 2227 1030 2263; x_wconf 75' lang='lat'><strong>(‘2).</strong></span> 
     </span>
    </p>
   </div>
   <div class='ocr_carea' id='block_1_51' title="bbox 242 2269 1033 2303">
    <p class='ocr_par' dir='ltr' id='par_1_51' title="bbox 242 2269 1033 2303">
     <span class='ocr_line' id='line_1_51' title="bbox 242 2269 1033 2303; baseline 0.008 -9"><span class='ocrx_word' id='word_1_337' title='bbox 242 2269 349 2303; x_wconf 69' lang='lat' dir='ltr'><strong>s-~ipsos</strong></span> <span class='ocrx_word' id='word_1_338' title='bbox 377 2269 411 2296; x_wconf 85' lang='lat' dir='ltr'><strong>ab</strong></span> <span class='ocrx_word' id='word_1_339' title='bbox 440 2269 561 2298; x_wconf 79' lang='lat' dir='ltr'><strong>Ecclesia</strong></span> <span class='ocrx_word' id='word_1_340' title='bbox 593 2272 794 2302; x_wconf 81' lang='lat' dir='ltr'><strong>rescinrlentes.</strong></span> <span class='ocrx_word' id='word_1_341' title='bbox 823 2281 887 2300; x_wconf 92' lang='lat' dir='ltr'><strong>cum</strong></span> <span class='ocrx_word' id='word_1_342' title='bbox 917 2274 943 2300; x_wconf 93' lang='lat' dir='ltr'><strong>in</strong></span> <span class='ocrx_word' id='word_1_343' title='bbox 971 2274 1033 2301; x_wconf 85' lang='lat' dir='ltr'><strong>aliis</strong></span> 
     </span>
    </p>
   </div>
   <div class='ocr_carea' id='block_1_52' title="bbox 243 2315 1032 2352">
    <p class='ocr_par' dir='ltr' id='par_1_52' title="bbox 243 2315 1032 2352">
     <span class='ocr_line' id='line_1_52' title="bbox 243 2315 1032 2352; baseline 0.01 -12"><span class='ocrx_word' id='word_1_344' title='bbox 243 2316 325 2342; x_wconf 71' lang='lat' dir='ltr'><strong>rebus</strong></span> <span class='ocrx_word' id='word_1_345' title='bbox 341 2322 374 2342; x_wconf 76' lang='lat' dir='ltr'><strong>ex</strong></span> <span class='ocrx_word' id='word_1_346' title='bbox 398 2315 524 2344; x_wconf 83' lang='lat' dir='ltr'><strong>Eunomii</strong></span> <span class='ocrx_word' id='word_1_347' title='bbox 543 2318 738 2352; x_wconf 87' lang='lat' dir='ltr'><strong>opinionibus,</strong></span> <span class='ocrx_word' id='word_1_348' title='bbox 759 2323 816 2346; x_wconf 90' lang='lat' dir='ltr'><strong>tum</strong></span> <span class='ocrx_word' id='word_1_349' title='bbox 837 2320 863 2346; x_wconf 89' lang='lat' dir='ltr'><strong>in</strong></span> <span class='ocrx_word' id='word_1_350' title='bbox 889 2327 966 2347; x_wconf 79' lang='lat' dir='ltr'><strong>sacro</strong></span> <span class='ocrx_word' id='word_1_351' title='bbox 985 2321 1032 2348; x_wconf 85' lang='lat' dir='ltr'><strong>ba-</strong></span> 
     </span>
    </p>
   </div>
   <div class='ocr_carea' id='block_1_53' title="bbox 242 2362 1031 2399">
    <p class='ocr_par' dir='ltr' id='par_1_53' title="bbox 242 2362 1031 2399">
     <span class='ocr_line' id='line_1_53' title="bbox 242 2362 1031 2399; baseline 0.01 -13"><span class='ocrx_word' id='word_1_352' title='bbox 242 2362 341 2396; x_wconf 86' lang='lat' dir='ltr'><strong>ptismo</strong></span> <span class='ocrx_word' id='word_1_353' title='bbox 359 2369 402 2390; x_wconf 88' lang='lat' dir='ltr'><strong>res</strong></span> <span class='ocrx_word' id='word_1_354' title='bbox 419 2369 504 2389; x_wconf 78' lang='lat' dir='ltr'><strong>novas</strong></span> <span class='ocrx_word' id='word_1_355' title='bbox 525 2363 714 2397; x_wconf 82' lang='lat' dir='ltr'><strong>induxerunt,</strong></span> <span class='ocrx_word' id='word_1_356' title='bbox 734 2373 789 2392; x_wconf 91' lang='lat' dir='ltr'><strong>non</strong></span> <span class='ocrx_word' id='word_1_357' title='bbox 809 2366 836 2392; x_wconf 92' lang='lat' dir='ltr'><strong>in</strong></span> <span class='ocrx_word' id='word_1_358' title='bbox 853 2365 1031 2399; x_wconf 82' lang='lat' dir='ltr'><strong>Trinitatem,</strong></span> 
     </span>
    </p>
   </div>
   <div class='ocr_carea' id='block_1_54' title="bbox 242 2407 1031 2445">
    <p class='ocr_par' dir='ltr' id='par_1_54' title="bbox 242 2407 1031 2445">
     <span class='ocr_line' id='line_1_54' title="bbox 242 2407 1031 2445; baseline 0.009 -12"><span class='ocrx_word' id='word_1_359' title='bbox 242 2407 290 2434; x_wconf 66' lang='lat' dir='ltr'><strong>sed</strong></span> <span class='ocrx_word' id='word_1_360' title='bbox 306 2408 333 2434; x_wconf 81' lang='lat' dir='ltr'><strong>in</strong></span> <span class='ocrx_word' id='word_1_361' title='bbox 346 2407 447 2436; x_wconf 86' lang='lat' dir='ltr'><strong>Christi</strong></span> <span class='ocrx_word' id='word_1_362' title='bbox 465 2415 580 2436; x_wconf 82' lang='lat' dir='ltr'><strong>mortem</strong></span> <span class='ocrx_word' id='word_1_363' title='bbox 599 2411 793 2445; x_wconf 76' lang='lat' dir='ltr'><strong>haptizandum</strong></span> <span class='ocrx_word' id='word_1_364' title='bbox 809 2420 870 2439; x_wconf 75' lang='lat' dir='ltr'><strong>esse</strong></span> <span class='ocrx_word' id='word_1_365' title='bbox 887 2413 1031 2440; x_wconf 82' lang='lat' dir='ltr'><strong>docentes.</strong></span> 
     </span>
    </p>
   </div>
   <div class='ocr_carea' id='block_1_55' title="bbox 242 2453 1033 2491">
    <p class='ocr_par' dir='ltr' id='par_1_55' title="bbox 242 2453 1033 2491">
     <span class='ocr_line' id='line_1_55' title="bbox 242 2453 1033 2491; baseline 0.006 -11"><span class='ocrx_word' id='word_1_366' title='bbox 242 2453 407 2482; x_wconf 67' lang='lat' dir='ltr'><strong>liunomium</strong></span> <span class='ocrx_word' id='word_1_367' title='bbox 434 2463 499 2483; x_wconf 79' lang='lat' dir='ltr'><strong>Sane</strong></span> <span class='ocrx_word' id='word_1_368' title='bbox 531 2456 615 2491; x_wconf 87' lang='lat' dir='ltr'><strong>aliqui</strong></span> <span class='ocrx_word' id='word_1_369' title='bbox 646 2457 745 2484; x_wconf 83' lang='lat' dir='ltr'><strong>dicunt</strong></span> <span class='ocrx_word' id='word_1_370' title='bbox 772 2459 840 2485; x_wconf 90' lang='lat' dir='ltr'><strong>nihil</strong></span> <span class='ocrx_word' id='word_1_371' title='bbox 871 2458 922 2486; x_wconf 85' lang='lat' dir='ltr'><strong>hac</strong></span> <span class='ocrx_word' id='word_1_372' title='bbox 949 2459 977 2485; x_wconf 91' lang='lat' dir='ltr'><strong>in</strong></span> <span class='ocrx_word' id='word_1_373' title='bbox 1003 2467 1033 2486; x_wconf 85' lang='lat' dir='ltr'><strong>re</strong></span> 
     </span>
    </p>
   </div>
   <div class='ocr_carea' id='block_1_56' title="bbox 242 2502 1035 2540">
    <p class='ocr_par' dir='ltr' id='par_1_56' title="bbox 242 2502 1035 2540">
     <span class='ocr_line' id='line_1_56' title="bbox 242 2502 1035 2540; baseline 0.005 -12"><span class='ocrx_word' id='word_1_374' title='bbox 242 2509 372 2536; x_wconf 82' lang='lat' dir='ltr'><strong>navasse,</strong></span> <span class='ocrx_word' id='word_1_375' title='bbox 393 2502 441 2530; x_wconf 88' lang='lat' dir='ltr'><strong>sed</strong></span> <span class='ocrx_word' id='word_1_376' title='bbox 459 2504 693 2538; x_wconf 85' lang='lat' dir='ltr'><strong>quemadmodum</strong></span> <span class='ocrx_word' id='word_1_377' title='bbox 711 2506 745 2532; x_wconf 90' lang='lat' dir='ltr'><strong>ab</strong></span> <span class='ocrx_word' id='word_1_378' title='bbox 764 2505 844 2532; x_wconf 91' lang='lat' dir='ltr'><strong>initio</strong></span> <span class='ocrx_word' id='word_1_379' title='bbox 861 2511 993 2540; x_wconf 73' lang='lat' dir='ltr'><strong>CCL-perat,</strong></span> <span class='ocrx_word' id='word_1_380' title='bbox 1008 2505 1035 2532; x_wconf 90' lang='lat' dir='ltr'><strong>in</strong></span> 
     </span>
    </p>
   </div>
   <div class='ocr_carea' id='block_1_57' title="bbox 277 2571 704 2608">
    <p class='ocr_par' dir='ltr' id='par_1_57' title="bbox 277 2571 704 2608">
     <span class='ocr_line' id='line_1_57' title="bbox 277 2571 704 2608; baseline 0.007 -10"><span class='ocrx_word' id='word_1_381' title='bbox 277 2572 316 2608; x_wconf 74' lang='lat' dir='ltr'><strong>(l)</strong></span> <span class='ocrx_word' id='word_1_382' title='bbox 331 2571 445 2608; x_wconf 78' lang='lat' dir='ltr'><strong>§ozotn.</strong></span> <span class='ocrx_word' id='word_1_383' title='bbox 465 2573 515 2600; x_wconf 87' lang='lat' dir='ltr'><strong>lib.</strong></span> <span class='ocrx_word' id='word_1_384' title='bbox 532 2582 570 2607; x_wconf 73' lang='lat' dir='ltr'><strong>vr,</strong></span> <span class='ocrx_word' id='word_1_385' title='bbox 585 2581 647 2608; x_wconf 79' lang='lat' dir='ltr'><strong>cap.</strong></span> <span class='ocrx_word' id='word_1_386' title='bbox 658 2574 704 2601; x_wconf 65' lang='lat'><strong>26.</strong></span> 
     </span>
    </p>
   </div>
   <div class='ocr_carea' id='block_1_58' title="bbox 276 2607 1033 2644">
    <p class='ocr_par' dir='ltr' id='par_1_58' title="bbox 276 2607 1033 2644">
     <span class='ocr_line' id='line_1_58' title="bbox 276 2607 1033 2644; baseline 0.004 -11"><span class='ocrx_word' id='word_1_387' title='bbox 276 2607 315 2641; x_wconf 62' lang='grc' dir='ltr'><strong>(ἓ)</strong></span> <span class='ocrx_word' id='word_1_388' title='bbox 331 2607 480 2644; x_wconf 71' lang='lat' dir='ltr'><strong>Theodosii</strong></span> <span class='ocrx_word' id='word_1_389' title='bbox 494 2607 626 2636; x_wconf 78' lang='lat' dir='ltr'><strong>Junioris</strong></span> <span class='ocrx_word' id='word_1_390' title='bbox 647 2609 793 2643; x_wconf 86' lang='lat' dir='ltr'><strong>imperium</strong></span> <span class='ocrx_word' id='word_1_391' title='bbox 811 2609 1033 2644; x_wconf 79' lang='lat' dir='ltr'><strong>intelligendum,</strong></span> 
     </span>
    </p>
   </div>
   <div class='ocr_carea' id='block_1_59' title="bbox 241 2642 1034 2679">
    <p class='ocr_par' dir='ltr' id='par_1_59' title="bbox 241 2642 1034 2679">
     <span class='ocr_line' id='line_1_59' title="bbox 241 2642 1034 2679; baseline 0.005 -11"><span class='ocrx_word' id='word_1_392' title='bbox 241 2642 273 2679; x_wconf 76' lang='lat' dir='ltr'><strong>ad</strong></span> <span class='ocrx_word' id='word_1_393' title='bbox 299 2650 381 2676; x_wconf 86' lang='lat' dir='ltr'><strong>quem</strong></span> <span class='ocrx_word' id='word_1_394' title='bbox 408 2643 557 2671; x_wconf 85' lang='lat' dir='ltr'><strong>Historiam</strong></span> <span class='ocrx_word' id='word_1_395' title='bbox 583 2652 660 2671; x_wconf 83' lang='lat' dir='ltr'><strong>suam</strong></span> <span class='ocrx_word' id='word_1_396' title='bbox 682 2642 911 2672; x_wconf 54' lang='lat' dir='ltr'><strong>ecclesiasticauf</strong></span> <span class='ocrx_word' id='word_1_397' title='bbox 925 2646 1034 2679; x_wconf 83' lang='lat' dir='ltr'><strong>scripsit</strong></span> 
     </span>
    </p>
   </div>
   <div class='ocr_carea' id='block_1_60' title="bbox 241 2677 1032 2714">
    <p class='ocr_par' dir='ltr' id='par_1_60' title="bbox 241 2677 1032 2714">
     <span class='ocr_line' id='line_1_60' title="bbox 241 2677 1032 2714; baseline 0.006 -12"><span class='ocrx_word' id='word_1_398' title='bbox 241 2677 421 2714; x_wconf 56' lang='lat' dir='ltr'><strong>iﬁozomrnus.</strong></span> <span class='ocrx_word' id='word_1_399' title='bbox 445 2680 525 2714; x_wconf 81' lang='lat' dir='ltr'><strong>cujus</strong></span> <span class='ocrx_word' id='word_1_400' title='bbox 547 2687 579 2706; x_wconf 78' lang='lat' dir='ltr'><strong>ea</strong></span> <span class='ocrx_word' id='word_1_401' title='bbox 603 2684 668 2706; x_wconf 84' lang='lat' dir='ltr'><strong>sunt</strong></span> <span class='ocrx_word' id='word_1_402' title='bbox 685 2681 769 2707; x_wconf 87' lang='lat' dir='ltr'><strong>verba</strong></span> <span class='ocrx_word' id='word_1_403' title='bbox 791 2681 838 2706; x_wconf 87' lang='lat' dir='ltr'><strong>lib.</strong></span> <span class='ocrx_word' id='word_1_404' title='bbox 857 2689 893 2711; x_wconf 44' lang='grc' dir='ltr'><strong>ιιι,</strong></span> <span class='ocrx_word' id='word_1_405' title='bbox 911 2689 971 2714; x_wconf 79' lang='lat' dir='ltr'><strong>cap.</strong></span> <span class='ocrx_word' id='word_1_406' title='bbox 984 2677 1032 2707; x_wconf 51' lang='grc' dir='ltr'><strong>εὔ.</strong></span> 
     </span>
    </p>
   </div>
   <div class='ocr_carea' id='block_1_61' title="bbox 241 2712 1029 2775">
    <p class='ocr_par' dir='ltr' id='par_1_61' title="bbox 241 2712 1029 2775">
     <span class='ocr_line' id='line_1_61' title="bbox 241 2712 1029 2775; baseline 0.004 -37"><span class='ocrx_word' id='word_1_407' title='bbox 241 2712 369 2740; x_wconf 82' lang='lat' dir='ltr'><strong>Socrates</strong></span> <span class='ocrx_word' id='word_1_408' title='bbox 396 2712 541 2775; x_wconf 72' lang='lat' dir='ltr'><strong>propterea</strong></span> <span class='ocrx_word' id='word_1_409' title='bbox 559 2715 726 2742; x_wconf 88' lang='lat' dir='ltr'><strong>Eunomium</strong></span> <span class='ocrx_word' id='word_1_410' title='bbox 750 2715 850 2752; x_wconf 70' lang='lat' dir='ltr'><strong>Cyzico</strong></span> <span class='ocrx_word' id='word_1_411' title='bbox 873 2712 1029 2743; x_wconf 58' lang='lat' dir='ltr'><strong>Constanti-</strong></span> 
     </span>
     <span class='ocr_line' id='line_1_62' title="bbox 241 2749 1029 2775; baseline 0 0"><span class='ocrx_word' id='word_1_412' title='bbox 241 2749 360 2775; x_wconf 78' lang='lat' dir='ltr'><strong>Ilonulim</strong></span> <span class='ocrx_word' id='word_1_413' title='bbox 388 2749 422 2775; x_wconf 87' lang='lat' dir='ltr'><strong>ad</strong></span> <span class='ocrx_word' id='word_1_414' title='bbox 454 2749 597 2775; x_wconf 63' lang='lat' dir='ltr'><strong>7udoxium</strong></span> <span class='ocrx_word' id='word_1_415' title='bbox 617 2759 758 2775; x_wconf 71' lang='lat' dir='ltr'><strong>reversum</strong></span> <span class='ocrx_word' id='word_1_416' title='bbox 778 2759 840 2775; x_wconf 65' lang='lat' dir='ltr'><strong>esse</strong></span> <span class='ocrx_word' id='word_1_417' title='bbox 860 2757 886 2775; x_wconf 79' lang='lat' dir='ltr'><strong>et</strong></span> <span class='ocrx_word' id='word_1_418' title='bbox 910 2760 972 2775; x_wconf 77' lang='lat' dir='ltr'><strong>cum</strong></span> <span class='ocrx_word' id='word_1_419' title='bbox 996 2758 1029 2775; x_wconf 83' lang='lat' dir='ltr'><strong>eo</strong></span> 
     </span>
    </p>
   </div>
   <div class='ocr_carea' id='block_1_62' title="bbox 241 2749 1029 2783">
    <p class='ocr_par' dir='ltr' id='par_1_62' title="bbox 241 2749 1029 2783">
     <span class='ocr_line' id='line_1_63' title="bbox 241 2749 1029 2783; baseline 0.003 -9"><span class='ocrx_word' id='word_1_420' title='bbox 241 2749 360 2783; x_wconf 80' lang='lat' dir='ltr'><strong>nopnlim</strong></span> <span class='ocrx_word' id='word_1_421' title='bbox 388 2749 422 2776; x_wconf 89' lang='lat' dir='ltr'><strong>ad</strong></span> <span class='ocrx_word' id='word_1_422' title='bbox 444 2749 597 2777; x_wconf 75' lang='lat' dir='ltr'><strong>Eudoxium</strong></span> <span class='ocrx_word' id='word_1_423' title='bbox 617 2759 758 2778; x_wconf 83' lang='lat' dir='ltr'><strong>reversum</strong></span> <span class='ocrx_word' id='word_1_424' title='bbox 774 2749 840 2778; x_wconf 73' lang='lat' dir='ltr'><strong>esse</strong></span> <span class='ocrx_word' id='word_1_425' title='bbox 860 2757 886 2778; x_wconf 85' lang='lat' dir='ltr'><strong>et</strong></span> <span class='ocrx_word' id='word_1_426' title='bbox 910 2760 972 2777; x_wconf 82' lang='lat' dir='ltr'><strong>cum</strong></span> <span class='ocrx_word' id='word_1_427' title='bbox 996 2758 1029 2777; x_wconf 85' lang='lat' dir='ltr'><strong>eo</strong></span> 
     </span>
    </p>
   </div>
   <div class='ocr_carea' id='block_1_63' title="bbox 241 2785 1029 2821">
    <p class='ocr_par' dir='ltr' id='par_1_63' title="bbox 241 2785 1029 2821">
     <span class='ocr_line' id='line_1_64' title="bbox 241 2785 1029 2821; baseline 0.003 -12"><span class='ocrx_word' id='word_1_428' title='bbox 241 2785 373 2821; x_wconf 65' lang='lat' dir='ltr'><strong>mansisse</strong></span> <span class='ocrx_word' id='word_1_429' title='bbox 389 2785 468 2817; x_wconf 83' lang='lat' dir='ltr'><strong>dicit,</strong></span> <span class='ocrx_word' id='word_1_430' title='bbox 484 2786 695 2821; x_wconf 74' lang='lat' dir='ltr'><strong>qumleziccni</strong></span> <span class='ocrx_word' id='word_1_431' title='bbox 713 2796 766 2814; x_wconf 89' lang='lat' dir='ltr'><strong>non</strong></span> <span class='ocrx_word' id='word_1_432' title='bbox 788 2788 906 2814; x_wconf 74' lang='lat' dir='ltr'><strong>terentes</strong></span> <span class='ocrx_word' id='word_1_433' title='bbox 923 2786 1029 2818; x_wconf 78' lang='lat' dir='ltr'><strong>ampul-</strong></span> 
     </span>
    </p>
   </div>
   <div class='ocr_carea' id='block_1_64' title="bbox 240 2819 1027 2853">
    <p class='ocr_par' dir='ltr' id='par_1_64' title="bbox 240 2819 1027 2853">
     <span class='ocr_line' id='line_1_65' title="bbox 240 2819 1027 2853; baseline 0.004 -9"><span class='ocrx_word' id='word_1_434' title='bbox 240 2819 325 2845; x_wconf 67' lang='lat' dir='ltr'><strong>losam</strong></span> <span class='ocrx_word' id='word_1_435' title='bbox 347 2820 406 2853; x_wconf 62' lang='lat' dir='ltr'><strong>ejus</strong></span> <span class='ocrx_word' id='word_1_436' title='bbox 421 2819 604 2853; x_wconf 69' lang='lat' dir='ltr'><strong>loquentiam.</strong></span> <span class='ocrx_word' id='word_1_437' title='bbox 627 2823 766 2849; x_wconf 77' lang='lat' dir='ltr'><strong>hominem</strong></span> <span class='ocrx_word' id='word_1_438' title='bbox 785 2823 851 2848; x_wconf 83' lang='lat' dir='ltr'><strong>urln-</strong></span> <span class='ocrx_word' id='word_1_439' title='bbox 875 2823 1027 2853; x_wconf 60' lang='lat' dir='ltr'><strong>t‘\l&#39;j;lt|‘illl.</strong></span> 
     </span>
    </p>
   </div>
   <div class='ocr_carea' id='block_1_65' title="bbox 248 2854 1028 2892">
    <p class='ocr_par' dir='ltr' id='par_1_65' title="bbox 248 2854 1028 2892">
     <span class='ocr_line' id='line_1_66' title="bbox 248 2854 1028 2892; baseline 0.008 -13"><span class='ocrx_word' id='word_1_440' title='bbox 248 2854 274 2880; x_wconf 90' lang='lat' dir='ltr'><strong>In</strong></span> <span class='ocrx_word' id='word_1_441' title='bbox 294 2855 448 2888; x_wconf 63' lang='grc' dir='ltr'><strong>ιεΐειξιλῖιδῐιὶ</strong></span> <span class='ocrx_word' id='word_1_442' title='bbox 475 2857 547 2882; x_wconf 70' lang='lat' dir='ltr'><strong>enim</strong></span> <span class='ocrx_word' id='word_1_443' title='bbox 573 2858 703 2885; x_wconf 58' lang='lat' dir='ltr'><strong>orationis</strong></span> <span class='ocrx_word' id='word_1_444' title='bbox 725 2859 748 2892; x_wconf 64' lang='lat' dir='ltr'><strong>ej</strong></span> <span class='ocrx_word' id='word_1_445' title='bbox 763 2868 783 2884; x_wconf 73' lang='lat'><strong>:.~</strong></span> <span class='ocrx_word' id='word_1_446' title='bbox 804 2864 828 2884; x_wconf 76' lang='lat' dir='ltr'><strong>c&#39;.</strong></span> <span class='ocrx_word' id='word_1_447' title='bbox 856 2858 941 2884; x_wconf 53' lang='lat' dir='ltr'><strong>mutii</strong></span> <span class='ocrx_word' id='word_1_448' title='bbox 958 2865 1028 2891; x_wconf 68' lang='lat' dir='ltr'><strong>quin</strong></span> 
     </span>
    </p>
   </div>
   <div class='ocr_carea' id='block_1_66' title="bbox 1045 1103 1067 1130">
    <p class='ocr_par' dir='ltr' id='par_1_66' title="bbox 1045 1103 1067 1130">
     <span class='ocr_line' id='line_1_67' title="bbox 1045 1103 1067 1130; baseline 0 0"><span class='ocrx_word' id='word_1_449' title='bbox 1045 1103 1067 1130; x_wconf 88' lang='grc' dir='ltr'><strong>Β</strong></span> 
     </span>
    </p>
   </div>
   <div class='ocr_carea' id='block_1_67' title="bbox 1081 467 1884 509">
    <p class='ocr_par' dir='ltr' id='par_1_67' title="bbox 1081 467 1884 509">
     <span class='ocr_line' id='line_1_68' title="bbox 1081 467 1884 509; baseline 0.009 -16"><span class='ocrx_word' id='word_1_450' title='bbox 1081 467 1227 502; x_wconf 83' lang='lat' dir='ltr'><strong>episcopus</strong></span> <span class='ocrx_word' id='word_1_451' title='bbox 1248 469 1335 496; x_wconf 80' lang='lat' dir='ltr'><strong>factus</strong></span> <span class='ocrx_word' id='word_1_452' title='bbox 1361 475 1451 503; x_wconf 86' lang='lat' dir='ltr'><strong>esset,</strong></span> <span class='ocrx_word' id='word_1_453' title='bbox 1473 479 1488 498; x_wconf 86' lang='lat' dir='ltr'><strong>a</strong></span> <span class='ocrx_word' id='word_1_454' title='bbox 1513 472 1588 499; x_wconf 83' lang='lat' dir='ltr'><strong>clero</strong></span> <span class='ocrx_word' id='word_1_455' title='bbox 1611 481 1673 499; x_wconf 84' lang='lat' dir='ltr'><strong>cum</strong></span> <span class='ocrx_word' id='word_1_456' title='bbox 1699 482 1771 505; x_wconf 78' lang='lat' dir='ltr'><strong>suo,</strong></span> <span class='ocrx_word' id='word_1_457' title='bbox 1802 476 1884 509; x_wconf 71' lang='lat' dir='ltr'><strong>quod</strong></span> 
     </span>
    </p>
   </div>
   <div class='ocr_carea' id='block_1_68' title="bbox 1081 514 1887 551">
    <p class='ocr_par' dir='ltr' id='par_1_68' title="bbox 1081 514 1887 551">
     <span class='ocr_line' id='line_1_69' title="bbox 1081 514 1887 551; baseline 0.007 -11"><span class='ocrx_word' id='word_1_458' title='bbox 1081 521 1151 540; x_wconf 88' lang='lat' dir='ltr'><strong>nova</strong></span> <span class='ocrx_word' id='word_1_459' title='bbox 1181 514 1337 542; x_wconf 87' lang='lat' dir='ltr'><strong>institueret</strong></span> <span class='ocrx_word' id='word_1_460' title='bbox 1365 517 1512 551; x_wconf 76' lang='lat' dir='ltr'><strong>dogmata,</strong></span> <span class='ocrx_word' id='word_1_461' title='bbox 1536 523 1693 544; x_wconf 74' lang='lat' dir='ltr'><strong>accusatum</strong></span> <span class='ocrx_word' id='word_1_462' title='bbox 1721 527 1797 546; x_wconf 85' lang='lat' dir='ltr'><strong>esse.</strong></span> <span class='ocrx_word' id='word_1_463' title='bbox 1827 521 1887 546; x_wconf 68' lang='lat' dir='ltr'><strong>liu-</strong></span> 
     </span>
    </p>
   </div>
   <div class='ocr_carea' id='block_1_69' title="bbox 1081 561 1885 599">
    <p class='ocr_par' dir='ltr' id='par_1_69' title="bbox 1081 561 1885 599">
     <span class='ocr_line' id='line_1_70' title="bbox 1081 561 1885 599; baseline 0.006 -12"><span class='ocrx_word' id='word_1_464' title='bbox 1081 561 1194 588; x_wconf 76' lang='lat' dir='ltr'><strong>doxium</strong></span> <span class='ocrx_word' id='word_1_465' title='bbox 1222 571 1325 597; x_wconf 90' lang='lat' dir='ltr'><strong>porro,</strong></span> <span class='ocrx_word' id='word_1_466' title='bbox 1351 565 1398 599; x_wconf 87' lang='lat' dir='ltr'><strong>qui</strong></span> <span class='ocrx_word' id='word_1_467' title='bbox 1419 569 1476 592; x_wconf 90' lang='lat' dir='ltr'><strong>tum</strong></span> <span class='ocrx_word' id='word_1_468' title='bbox 1500 565 1739 599; x_wconf 84' lang='lat' dir='ltr'><strong>Constantinopoli</strong></span> <span class='ocrx_word' id='word_1_469' title='bbox 1764 566 1885 592; x_wconf 79' lang='lat' dir='ltr'><strong>Ariana:</strong></span> 
     </span>
    </p>
   </div>
   <div class='ocr_carea' id='block_1_70' title="bbox 1082 607 1880 646">
    <p class='ocr_par' dir='ltr' id='par_1_70' title="bbox 1082 607 1880 646">
     <span class='ocr_line' id='line_1_71' title="bbox 1082 607 1880 646; baseline 0.004 -12"><span class='ocrx_word' id='word_1_470' title='bbox 1082 607 1179 635; x_wconf 62' lang='lat' dir='ltr'><strong>haeresi</strong></span> <span class='ocrx_word' id='word_1_471' title='bbox 1200 610 1320 644; x_wconf 72' lang='lat' dir='ltr'><strong>praefuit.</strong></span> <span class='ocrx_word' id='word_1_472' title='bbox 1339 611 1415 638; x_wconf 90' lang='lat' dir='ltr'><strong>illum</strong></span> <span class='ocrx_word' id='word_1_473' title='bbox 1432 611 1621 643; x_wconf 82' lang='lat' dir='ltr'><strong>accersirisse.</strong></span> <span class='ocrx_word' id='word_1_474' title='bbox 1636 618 1719 646; x_wconf 80' lang='lat' dir='ltr'><strong>atque</strong></span> <span class='ocrx_word' id='word_1_475' title='bbox 1739 617 1769 638; x_wconf 86' lang='lat' dir='ltr'><strong>ut</strong></span> <span class='ocrx_word' id='word_1_476' title='bbox 1785 612 1880 637; x_wconf 80' lang='lat' dir='ltr'><strong>verba</strong></span> 
     </span>
    </p>
   </div>
   <div class='ocr_carea' id='block_1_71' title="bbox 1082 654 1880 691">
    <p class='ocr_par' dir='ltr' id='par_1_71' title="bbox 1082 654 1880 691">
     <span class='ocr_line' id='line_1_72' title="bbox 1082 654 1880 691; baseline 0.004 -11"><span class='ocrx_word' id='word_1_477' title='bbox 1082 654 1113 681; x_wconf 89' lang='lat' dir='ltr'><strong>ad</strong></span> <span class='ocrx_word' id='word_1_478' title='bbox 1130 655 1261 689; x_wconf 82' lang='lat' dir='ltr'><strong>populum</strong></span> <span class='ocrx_word' id='word_1_479' title='bbox 1277 656 1310 683; x_wconf 87' lang='lat' dir='ltr'><strong>de</strong></span> <span class='ocrx_word' id='word_1_480' title='bbox 1323 656 1448 683; x_wconf 85' lang='lat' dir='ltr'><strong>doctrina</strong></span> <span class='ocrx_word' id='word_1_481' title='bbox 1461 664 1510 684; x_wconf 88' lang='lat' dir='ltr'><strong>sua</strong></span> <span class='ocrx_word' id='word_1_482' title='bbox 1527 658 1641 688; x_wconf 77' lang='lat' dir='ltr'><strong>iaceret.</strong></span> <span class='ocrx_word' id='word_1_483' title='bbox 1658 658 1681 684; x_wconf 91' lang='lat' dir='ltr'><strong>ei</strong></span> <span class='ocrx_word' id='word_1_484' title='bbox 1697 657 1880 691; x_wconf 80' lang='lat' dir='ltr'><strong>permisisse.</strong></span> 
     </span>
    </p>
   </div>
   <div class='ocr_carea' id='block_1_72' title="bbox 1081 699 1881 737">
    <p class='ocr_par' dir='ltr' id='par_1_72' title="bbox 1081 699 1881 737">
     <span class='ocr_line' id='line_1_73' title="bbox 1081 699 1881 737; baseline 0.003 -11"><span class='ocrx_word' id='word_1_485' title='bbox 1081 699 1114 727; x_wconf 85' lang='lat' dir='ltr'><strong>Et</strong></span> <span class='ocrx_word' id='word_1_486' title='bbox 1129 708 1192 727; x_wconf 82' lang='lat' dir='ltr'><strong>eum</strong></span> <span class='ocrx_word' id='word_1_487' title='bbox 1218 701 1286 728; x_wconf 90' lang='lat' dir='ltr'><strong>nihil</strong></span> <span class='ocrx_word' id='word_1_488' title='bbox 1307 702 1334 728; x_wconf 90' lang='lat' dir='ltr'><strong>in</strong></span> <span class='ocrx_word' id='word_1_489' title='bbox 1352 709 1385 729; x_wconf 89' lang='lat' dir='ltr'><strong>eo</strong></span> <span class='ocrx_word' id='word_1_490' title='bbox 1408 702 1585 734; x_wconf 85' lang='lat' dir='ltr'><strong>damnasset,</strong></span> <span class='ocrx_word' id='word_1_491' title='bbox 1609 710 1672 729; x_wconf 87' lang='lat' dir='ltr'><strong>eum</strong></span> <span class='ocrx_word' id='word_1_492' title='bbox 1692 708 1722 728; x_wconf 89' lang='lat' dir='ltr'><strong>ut</strong></span> <span class='ocrx_word' id='word_1_493' title='bbox 1741 702 1881 737; x_wconf 77' lang='lat' dir='ltr'><strong>Cyzicum</strong></span> 
     </span>
    </p>
   </div>
   <div class='ocr_carea' id='block_1_73' title="bbox 1082 746 1882 780">
    <p class='ocr_par' dir='ltr' id='par_1_73' title="bbox 1082 746 1882 780">
     <span class='ocr_line' id='line_1_74' title="bbox 1082 746 1882 780; baseline 0.004 -8"><span class='ocrx_word' id='word_1_494' title='bbox 1082 746 1185 773; x_wconf 76' lang='lat' dir='ltr'><strong>rediret</strong></span> <span class='ocrx_word' id='word_1_495' title='bbox 1200 747 1373 774; x_wconf 86' lang='lat' dir='ltr'><strong>cohortatum</strong></span> <span class='ocrx_word' id='word_1_496' title='bbox 1386 755 1467 776; x_wconf 85' lang='lat' dir='ltr'><strong>esse:</strong></span> <span class='ocrx_word' id='word_1_497' title='bbox 1485 749 1562 775; x_wconf 90' lang='lat' dir='ltr'><strong>illum</strong></span> <span class='ocrx_word' id='word_1_498' title='bbox 1579 755 1646 776; x_wconf 84' lang='lat' dir='ltr'><strong>vero</strong></span> <span class='ocrx_word' id='word_1_499' title='bbox 1660 748 1779 780; x_wconf 80' lang='lat' dir='ltr'><strong>dixisse,</strong></span> <span class='ocrx_word' id='word_1_500' title='bbox 1794 756 1826 776; x_wconf 92' lang='lat' dir='ltr'><strong>se</strong></span> <span class='ocrx_word' id='word_1_501' title='bbox 1844 748 1882 775; x_wconf 86' lang='lat' dir='ltr'><strong>de</strong></span> 
     </span>
    </p>
   </div>
   <div class='ocr_carea' id='block_1_74' title="bbox 1082 794 1884 828">
    <p class='ocr_par' dir='ltr' id='par_1_74' title="bbox 1082 794 1884 828">
     <span class='ocr_line' id='line_1_75' title="bbox 1082 794 1884 828; baseline 0.001 -9"><span class='ocrx_word' id='word_1_502' title='bbox 1082 798 1182 820; x_wconf 65' lang='lat' dir='ltr'><strong>cetera</strong></span> <span class='ocrx_word' id='word_1_503' title='bbox 1201 801 1264 820; x_wconf 89' lang='lat' dir='ltr'><strong>cum</strong></span> <span class='ocrx_word' id='word_1_504' title='bbox 1280 796 1320 821; x_wconf 87' lang='lat' dir='ltr'><strong>eis</strong></span> <span class='ocrx_word' id='word_1_505' title='bbox 1337 794 1383 828; x_wconf 91' lang='lat' dir='ltr'><strong>qui</strong></span> <span class='ocrx_word' id='word_1_506' title='bbox 1403 802 1432 821; x_wconf 83' lang='lat' dir='ltr'><strong>se</strong></span> <span class='ocrx_word' id='word_1_507' title='bbox 1448 800 1608 827; x_wconf 82' lang='lat' dir='ltr'><strong>suspectum</strong></span> <span class='ocrx_word' id='word_1_508' title='bbox 1628 794 1783 826; x_wconf 82' lang='lat' dir='ltr'><strong>haberent,</strong></span> <span class='ocrx_word' id='word_1_509' title='bbox 1801 797 1884 821; x_wconf 80' lang='lat' dir='ltr'><strong>t&#39;utu-</strong></span> 
     </span>
    </p>
   </div>
   <div class='ocr_carea' id='block_1_75' title="bbox 1082 839 1883 874">
    <p class='ocr_par' dir='ltr' id='par_1_75' title="bbox 1082 839 1883 874">
     <span class='ocr_line' id='line_1_76' title="bbox 1082 839 1883 874; baseline -0.002 -9"><span class='ocrx_word' id='word_1_510' title='bbox 1082 847 1142 865; x_wconf 91' lang='lat' dir='ltr'><strong>rum</strong></span> <span class='ocrx_word' id='word_1_511' title='bbox 1156 847 1210 866; x_wconf 93' lang='lat' dir='ltr'><strong>non</strong></span> <span class='ocrx_word' id='word_1_512' title='bbox 1224 847 1294 871; x_wconf 79' lang='lat' dir='ltr'><strong>esse,</strong></span> <span class='ocrx_word' id='word_1_513' title='bbox 1310 844 1529 874; x_wconf 70' lang='lat' dir='ltr'><strong>praetextumque</strong></span> <span class='ocrx_word' id='word_1_514' title='bbox 1547 847 1611 866; x_wconf 88' lang='lat' dir='ltr'><strong>eum</strong></span> <span class='ocrx_word' id='word_1_515' title='bbox 1624 839 1808 866; x_wconf 75' lang='lat' dir='ltr'><strong>discessionis</strong></span> <span class='ocrx_word' id='word_1_516' title='bbox 1823 847 1883 866; x_wconf 75' lang='lat' dir='ltr'><strong>sua-</strong></span> 
     </span>
    </p>
   </div>
   <div class='ocr_carea' id='block_1_76' title="bbox 1082 885 1883 919">
    <p class='ocr_par' dir='ltr' id='par_1_76' title="bbox 1082 885 1883 919">
     <span class='ocr_line' id='line_1_77' title="bbox 1082 885 1883 919; baseline 0 -8"><span class='ocrx_word' id='word_1_517' title='bbox 1082 885 1262 912; x_wconf 87' lang='lat' dir='ltr'><strong>obtendissc:</strong></span> <span class='ocrx_word' id='word_1_518' title='bbox 1291 893 1353 912; x_wconf 91' lang='lat' dir='ltr'><strong>cum</strong></span> <span class='ocrx_word' id='word_1_519' title='bbox 1382 893 1478 912; x_wconf 86' lang='lat' dir='ltr'><strong>revera</strong></span> <span class='ocrx_word' id='word_1_520' title='bbox 1503 893 1586 912; x_wconf 86' lang='lat' dir='ltr'><strong>causa</strong></span> <span class='ocrx_word' id='word_1_521' title='bbox 1612 885 1655 912; x_wconf 87' lang='lat' dir='ltr'><strong>illa</strong></span> <span class='ocrx_word' id='word_1_522' title='bbox 1682 890 1776 917; x_wconf 85' lang='lat' dir='ltr'><strong>esset,</strong></span> <span class='ocrx_word' id='word_1_523' title='bbox 1803 886 1883 919; x_wconf 85' lang='lat' dir='ltr'><strong>quod</strong></span> 
     </span>
    </p>
   </div>
   <div class='ocr_carea' id='block_1_77' title="bbox 1082 932 1883 966">
    <p class='ocr_par' dir='ltr' id='par_1_77' title="bbox 1082 932 1883 966">
     <span class='ocr_line' id='line_1_78' title="bbox 1082 932 1883 966; baseline 0 -8"><span class='ocrx_word' id='word_1_524' title='bbox 1082 937 1278 966; x_wconf 63' lang='lat' dir='ltr'><strong>praeceptorem</strong></span> <span class='ocrx_word' id='word_1_525' title='bbox 1308 939 1390 958; x_wconf 90' lang='lat' dir='ltr'><strong>suum</strong></span> <span class='ocrx_word' id='word_1_526' title='bbox 1422 932 1532 959; x_wconf 82' lang='lat' dir='ltr'><strong>Aetium</strong></span> <span class='ocrx_word' id='word_1_527' title='bbox 1553 936 1695 966; x_wconf 88' lang='lat' dir='ltr'><strong>receptum</strong></span> <span class='ocrx_word' id='word_1_528' title='bbox 1729 940 1787 959; x_wconf 90' lang='lat' dir='ltr'><strong>non</strong></span> <span class='ocrx_word' id='word_1_529' title='bbox 1817 940 1883 959; x_wconf 85' lang='lat' dir='ltr'><strong>esse</strong></span> 
     </span>
    </p>
   </div>
   <div class='ocr_carea' id='block_1_78' title="bbox 1082 977 1883 1012">
    <p class='ocr_par' dir='ltr' id='par_1_78' title="bbox 1082 977 1883 1012">
     <span class='ocr_line' id='line_1_79' title="bbox 1082 977 1883 1012; baseline -0.002 -6"><span class='ocrx_word' id='word_1_530' title='bbox 1082 986 1154 1012; x_wconf 59' lang='grc' dir='ltr'><strong>δἐι-θ</strong></span> <span class='ocrx_word' id='word_1_531' title='bbox 1173 978 1276 1006; x_wconf 79' lang='lat' dir='ltr'><strong>ferret:</strong></span> <span class='ocrx_word' id='word_1_532' title='bbox 1299 977 1494 1012; x_wconf 86' lang='lat' dir='ltr'><strong>hominemque</strong></span> <span class='ocrx_word' id='word_1_533' title='bbox 1517 978 1545 1004; x_wconf 94' lang='lat' dir='ltr'><strong>in</strong></span> <span class='ocrx_word' id='word_1_534' title='bbox 1563 982 1654 1012; x_wconf 68' lang='lat' dir='ltr'><strong>empto</strong></span> <span class='ocrx_word' id='word_1_535' title='bbox 1671 985 1722 1004; x_wconf 88' lang='lat' dir='ltr'><strong>suo</strong></span> <span class='ocrx_word' id='word_1_536' title='bbox 1747 986 1883 1012; x_wconf 83' lang='lat' dir='ltr'><strong>perseve-</strong></span> 
     </span>
    </p>
   </div>
   <div class='ocr_carea' id='block_1_79' title="bbox 1082 1024 1882 1058">
    <p class='ocr_par' dir='ltr' id='par_1_79' title="bbox 1082 1024 1882 1058">
     <span class='ocr_line' id='line_1_80' title="bbox 1082 1024 1882 1058; baseline -0.001 -7"><span class='ocrx_word' id='word_1_537' title='bbox 1082 1031 1177 1055; x_wconf 87' lang='lat' dir='ltr'><strong>rasse.</strong></span> <span class='ocrx_word' id='word_1_538' title='bbox 1195 1029 1224 1050; x_wconf 87' lang='lat' dir='ltr'><strong>et</strong></span> <span class='ocrx_word' id='word_1_539' title='bbox 1241 1024 1310 1051; x_wconf 91' lang='lat' dir='ltr'><strong>nihil</strong></span> <span class='ocrx_word' id='word_1_540' title='bbox 1332 1024 1366 1050; x_wconf 88' lang='lat' dir='ltr'><strong>de</strong></span> <span class='ocrx_word' id='word_1_541' title='bbox 1382 1024 1477 1058; x_wconf 87' lang='lat' dir='ltr'><strong>priore</strong></span> <span class='ocrx_word' id='word_1_542' title='bbox 1494 1024 1626 1058; x_wconf 88' lang='lat' dir='ltr'><strong>opinione</strong></span> <span class='ocrx_word' id='word_1_543' title='bbox 1646 1032 1694 1051; x_wconf 84' lang='lat' dir='ltr'><strong>sua</strong></span> <span class='ocrx_word' id='word_1_544' title='bbox 1719 1029 1882 1050; x_wconf 84' lang='lat' dir='ltr'><strong>mutantem</strong></span> 
     </span>
    </p>
   </div>
   <div class='ocr_carea' id='block_1_80' title="bbox 1083 1069 1882 1104">
    <p class='ocr_par' dir='ltr' id='par_1_80' title="bbox 1083 1069 1882 1104">
     <span class='ocr_line' id='line_1_81' title="bbox 1083 1069 1882 1104; baseline -0.001 -8"><span class='ocrx_word' id='word_1_545' title='bbox 1083 1070 1220 1104; x_wconf 88' lang='lat' dir='ltr'><strong>privatum</strong></span> <span class='ocrx_word' id='word_1_546' title='bbox 1246 1069 1357 1096; x_wconf 77' lang='lat' dir='ltr'><strong>vixisse.</strong></span> <span class='ocrx_word' id='word_1_547' title='bbox 1379 1069 1413 1096; x_wconf 85' lang='lat' dir='ltr'><strong>Et</strong></span> <span class='ocrx_word' id='word_1_548' title='bbox 1439 1069 1498 1096; x_wconf 78' lang='lat' dir='ltr'><strong>hzec</strong></span> <span class='ocrx_word' id='word_1_549' title='bbox 1523 1069 1635 1103; x_wconf 90' lang='lat' dir='ltr'><strong>quidem</strong></span> <span class='ocrx_word' id='word_1_550' title='bbox 1662 1069 1708 1096; x_wconf 88' lang='lat' dir='ltr'><strong>alii</strong></span> <span class='ocrx_word' id='word_1_551' title='bbox 1737 1069 1773 1095; x_wconf 89' lang='lat' dir='ltr'><strong>ad</strong></span> <span class='ocrx_word' id='word_1_552' title='bbox 1804 1070 1882 1096; x_wconf 72' lang='lat' dir='ltr'><strong>hunc</strong></span> 
     </span>
    </p>
   </div>
   <div class='ocr_carea' id='block_1_81' title="bbox 1082 1113 1882 1145">
    <p class='ocr_par' dir='ltr' id='par_1_81' title="bbox 1082 1113 1882 1145">
     <span class='ocr_line' id='line_1_82' title="bbox 1082 1113 1882 1145; baseline 0.003 -5"><span class='ocrx_word' id='word_1_553' title='bbox 1082 1114 1212 1145; x_wconf 87' lang='lat' dir='ltr'><strong>modum,</strong></span> <span class='ocrx_word' id='word_1_554' title='bbox 1236 1114 1280 1141; x_wconf 82' lang='lat' dir='ltr'><strong>alii</strong></span> <span class='ocrx_word' id='word_1_555' title='bbox 1307 1121 1370 1141; x_wconf 84' lang='lat' dir='ltr'><strong>vero</strong></span> <span class='ocrx_word' id='word_1_556' title='bbox 1392 1113 1473 1141; x_wconf 84' lang='lat' dir='ltr'><strong>aliter</strong></span> <span class='ocrx_word' id='word_1_557' title='bbox 1497 1114 1620 1141; x_wconf 85' lang='lat' dir='ltr'><strong>tradunt.</strong></span> <span class='ocrx_word' id='word_1_558' title='bbox 1648 1114 1781 1142; x_wconf 77' lang='lat' dir='ltr'><strong>Sedeniin</strong></span> <span class='ocrx_word' id='word_1_559' title='bbox 1819 1116 1882 1143; x_wconf 82' lang='lat' dir='ltr'><strong>sive</strong></span> 
     </span>
    </p>
   </div>
   <div class='ocr_carea' id='block_1_82' title="bbox 1082 1160 1881 1196">
    <p class='ocr_par' dir='ltr' id='par_1_82' title="bbox 1082 1160 1881 1196">
     <span class='ocr_line' id='line_1_83' title="bbox 1082 1160 1881 1196; baseline 0.001 -9"><span class='ocrx_word' id='word_1_560' title='bbox 1082 1161 1237 1187; x_wconf 81' lang='lat' dir='ltr'><strong>Eunoutius</strong></span> <span class='ocrx_word' id='word_1_561' title='bbox 1260 1168 1308 1187; x_wconf 87' lang='lat' dir='ltr'><strong>seu</strong></span> <span class='ocrx_word' id='word_1_562' title='bbox 1326 1160 1373 1187; x_wconf 90' lang='lat' dir='ltr'><strong>alii</strong></span> <span class='ocrx_word' id='word_1_563' title='bbox 1399 1160 1512 1194; x_wconf 87' lang='lat' dir='ltr'><strong>quidam</strong></span> <span class='ocrx_word' id='word_1_564' title='bbox 1541 1160 1720 1188; x_wconf 87' lang='lat' dir='ltr'><strong>traditionem</strong></span> <span class='ocrx_word' id='word_1_565' title='bbox 1743 1161 1881 1196; x_wconf 83' lang='lat' dir='ltr'><strong>baptismi</strong></span> 
     </span>
    </p>
   </div>
   <div class='ocr_carea' id='block_1_83' title="bbox 1083 1206 1881 1241">
    <p class='ocr_par' dir='ltr' id='par_1_83' title="bbox 1083 1206 1881 1241">
     <span class='ocr_line' id='line_1_84' title="bbox 1083 1206 1881 1241; baseline 0.001 -8"><span class='ocrx_word' id='word_1_566' title='bbox 1083 1207 1253 1234; x_wconf 85' lang='lat' dir='ltr'><strong>innovarunt</strong></span> <span class='ocrx_word' id='word_1_567' title='bbox 1265 1226 1271 1238; x_wconf 89' lang='lat'><strong>,</strong></span> <span class='ocrx_word' id='word_1_568' title='bbox 1288 1207 1339 1233; x_wconf 86' lang='lat' dir='ltr'><strong>soli</strong></span> <span class='ocrx_word' id='word_1_569' title='bbox 1357 1206 1397 1233; x_wconf 88' lang='lat' dir='ltr'><strong>illi</strong></span> <span class='ocrx_word' id='word_1_570' title='bbox 1416 1207 1572 1241; x_wconf 85' lang='lat' dir='ltr'><strong>periculosa</strong></span> <span class='ocrx_word' id='word_1_571' title='bbox 1592 1206 1643 1234; x_wconf 87' lang='lat' dir='ltr'><strong>ista</strong></span> <span class='ocrx_word' id='word_1_572' title='bbox 1661 1207 1772 1234; x_wconf 86' lang='lat' dir='ltr'><strong>ratione</strong></span> <span class='ocrx_word' id='word_1_573' title='bbox 1790 1207 1881 1234; x_wconf 90' lang='lat' dir='ltr'><strong>divini</strong></span> 
     </span>
    </p>
   </div>
   <div class='ocr_carea' id='block_1_84' title="bbox 1082 1253 1878 1289">
    <p class='ocr_par' dir='ltr' id='par_1_84' title="bbox 1082 1253 1878 1289">
     <span class='ocr_line' id='line_1_85' title="bbox 1082 1253 1878 1289; baseline 0 -8"><span class='ocrx_word' id='word_1_574' title='bbox 1082 1254 1209 1289; x_wconf 83' lang='lat' dir='ltr'><strong>baptismi</strong></span> <span class='ocrx_word' id='word_1_575' title='bbox 1225 1260 1354 1288; x_wconf 79' lang='lat' dir='ltr'><strong>expertes</strong></span> <span class='ocrx_word' id='word_1_576' title='bbox 1369 1253 1436 1280; x_wconf 91' lang='lat' dir='ltr'><strong>mihi</strong></span> <span class='ocrx_word' id='word_1_577' title='bbox 1452 1262 1467 1281; x_wconf 85' lang='lat' dir='ltr'><strong>e</strong></span> <span class='ocrx_word' id='word_1_578' title='bbox 1487 1253 1543 1280; x_wconf 83' lang='lat' dir='ltr'><strong>vita</strong></span> <span class='ocrx_word' id='word_1_579' title='bbox 1561 1254 1716 1281; x_wconf 78' lang='lat' dir='ltr'><strong>excessisse</strong></span> <span class='ocrx_word' id='word_1_580' title='bbox 1732 1255 1878 1281; x_wconf 82' lang='lat' dir='ltr'><strong>videntur.</strong></span> 
     </span>
    </p>
   </div>
   <div class='ocr_carea' id='block_1_85' title="bbox 1082 1299 1880 1335">
    <p class='ocr_par' dir='ltr' id='par_1_85' title="bbox 1082 1299 1880 1335">
     <span class='ocr_line' id='line_1_86' title="bbox 1082 1299 1880 1335; baseline 0 -8"><span class='ocrx_word' id='word_1_581' title='bbox 1082 1300 1110 1328; x_wconf 90' lang='lat' dir='ltr'><strong>Si</strong></span> <span class='ocrx_word' id='word_1_582' title='bbox 1125 1300 1198 1326; x_wconf 88' lang='lat' dir='ltr'><strong>enim</strong></span> <span class='ocrx_word' id='word_1_583' title='bbox 1225 1300 1275 1335; x_wconf 77' lang='lat' dir='ltr'><strong>ipsi</strong></span> <span class='ocrx_word' id='word_1_584' title='bbox 1300 1300 1335 1326; x_wconf 87' lang='lat' dir='ltr'><strong>ab</strong></span> <span class='ocrx_word' id='word_1_585' title='bbox 1361 1299 1440 1326; x_wconf 89' lang='lat' dir='ltr'><strong>initio</strong></span> <span class='ocrx_word' id='word_1_586' title='bbox 1466 1305 1577 1334; x_wconf 75' lang='lat' dir='ltr'><strong>recepta</strong></span> <span class='ocrx_word' id='word_1_587' title='bbox 1600 1301 1808 1328; x_wconf 86' lang='lat' dir='ltr'><strong>consuetudine</strong></span> <span class='ocrx_word' id='word_1_588' title='bbox 1832 1301 1880 1327; x_wconf 85' lang='lat' dir='ltr'><strong>ba-</strong></span> 
     </span>
    </p>
   </div>
   <div class='ocr_carea' id='block_1_86' title="bbox 1082 1345 1879 1380">
    <p class='ocr_par' dir='ltr' id='par_1_86' title="bbox 1082 1345 1879 1380">
     <span class='ocr_line' id='line_1_87' title="bbox 1082 1345 1879 1380; baseline 0.003 -9"><span class='ocrx_word' id='word_1_589' title='bbox 1082 1346 1189 1380; x_wconf 78' lang='lat' dir='ltr'><strong>ptizati,</strong></span> <span class='ocrx_word' id='word_1_590' title='bbox 1202 1346 1319 1379; x_wconf 88' lang='lat' dir='ltr'><strong>primum</strong></span> <span class='ocrx_word' id='word_1_591' title='bbox 1331 1346 1439 1379; x_wconf 83' lang='lat' dir='ltr'><strong>seipsos</strong></span> <span class='ocrx_word' id='word_1_592' title='bbox 1460 1345 1631 1380; x_wconf 79' lang='lat' dir='ltr'><strong>rebaptizare</strong></span> <span class='ocrx_word' id='word_1_593' title='bbox 1643 1353 1697 1373; x_wconf 94' lang='lat' dir='ltr'><strong>non</strong></span> <span class='ocrx_word' id='word_1_594' title='bbox 1711 1351 1879 1380; x_wconf 85' lang='lat' dir='ltr'><strong>potuerunt,</strong></span> 
     </span>
    </p>
   </div>
   <div class='ocr_carea' id='block_1_87' title="bbox 1083 1392 1879 1427">
    <p class='ocr_par' dir='ltr' id='par_1_87' title="bbox 1083 1392 1879 1427">
     <span class='ocr_line' id='line_1_88' title="bbox 1083 1392 1879 1427; baseline 0.003 -9"><span class='ocrx_word' id='word_1_595' title='bbox 1083 1397 1130 1419; x_wconf 82' lang='lat' dir='ltr'><strong>aut</strong></span> <span class='ocrx_word' id='word_1_596' title='bbox 1143 1393 1215 1426; x_wconf 87' lang='lat' dir='ltr'><strong>quod</strong></span> <span class='ocrx_word' id='word_1_597' title='bbox 1229 1393 1255 1418; x_wconf 92' lang='lat' dir='ltr'><strong>in</strong></span> <span class='ocrx_word' id='word_1_598' title='bbox 1269 1392 1336 1427; x_wconf 91' lang='lat' dir='ltr'><strong>ipsis</strong></span> <span class='ocrx_word' id='word_1_599' title='bbox 1349 1400 1404 1418; x_wconf 91' lang='lat' dir='ltr'><strong>non</strong></span> <span class='ocrx_word' id='word_1_600' title='bbox 1415 1392 1526 1422; x_wconf 86' lang='lat' dir='ltr'><strong>accidit.</strong></span> <span class='ocrx_word' id='word_1_601' title='bbox 1540 1392 1621 1426; x_wconf 91' lang='lat' dir='ltr'><strong>primi</strong></span> <span class='ocrx_word' id='word_1_602' title='bbox 1638 1392 1879 1420; x_wconf 68' lang='lat' dir='ltr'><strong>introduxerunt:</strong></span> 
     </span>
    </p>
   </div>
   <div class='ocr_carea' id='block_1_88' title="bbox 1083 1439 1881 1474">
    <p class='ocr_par' dir='ltr' id='par_1_88' title="bbox 1083 1439 1881 1474">
     <span class='ocr_line' id='line_1_89' title="bbox 1083 1439 1881 1474; baseline 0.003 -10"><span class='ocrx_word' id='word_1_603' title='bbox 1083 1439 1213 1473; x_wconf 81' lang='lat' dir='ltr'><strong>quodque</strong></span> <span class='ocrx_word' id='word_1_604' title='bbox 1236 1447 1326 1473; x_wconf 88' lang='lat' dir='ltr'><strong>neque</strong></span> <span class='ocrx_word' id='word_1_605' title='bbox 1346 1439 1398 1473; x_wconf 87' lang='lat' dir='ltr'><strong>ipsi</strong></span> <span class='ocrx_word' id='word_1_606' title='bbox 1423 1447 1472 1473; x_wconf 76' lang='lat' dir='ltr'><strong>per</strong></span> <span class='ocrx_word' id='word_1_607' title='bbox 1497 1445 1526 1466; x_wconf 80' lang='lat' dir='ltr'><strong>se</strong></span> <span class='ocrx_word' id='word_1_608' title='bbox 1549 1439 1691 1472; x_wconf 85' lang='lat' dir='ltr'><strong>habuere,</strong></span> <span class='ocrx_word' id='word_1_609' title='bbox 1709 1447 1805 1474; x_wconf 84' lang='lat' dir='ltr'><strong>neque</strong></span> <span class='ocrx_word' id='word_1_610' title='bbox 1832 1448 1881 1474; x_wconf 83' lang='lat' dir='ltr'><strong>per</strong></span> 
     </span>
    </p>
   </div>
   <div class='ocr_carea' id='block_1_89' title="bbox 1083 1485 1881 1521">
    <p class='ocr_par' dir='ltr' id='par_1_89' title="bbox 1083 1485 1881 1521">
     <span class='ocr_line' id='line_1_90' title="bbox 1083 1485 1881 1521; baseline 0.001 -10"><span class='ocrx_word' id='word_1_611' title='bbox 1083 1485 1151 1512; x_wconf 89' lang='lat' dir='ltr'><strong>alios</strong></span> <span class='ocrx_word' id='word_1_612' title='bbox 1165 1492 1309 1519; x_wconf 85' lang='lat' dir='ltr'><strong>accepere,</strong></span> <span class='ocrx_word' id='word_1_613' title='bbox 1324 1485 1348 1511; x_wconf 92' lang='lat' dir='ltr'><strong>id</strong></span> <span class='ocrx_word' id='word_1_614' title='bbox 1362 1485 1390 1511; x_wconf 90' lang='lat' dir='ltr'><strong>iu</strong></span> <span class='ocrx_word' id='word_1_615' title='bbox 1405 1485 1475 1511; x_wconf 88' lang='lat' dir='ltr'><strong>alios</strong></span> <span class='ocrx_word' id='word_1_616' title='bbox 1492 1485 1674 1512; x_wconf 84' lang='lat' dir='ltr'><strong>contulerunt</strong></span> <span class='ocrx_word' id='word_1_617' title='bbox 1689 1495 1696 1512; x_wconf 87' lang='lat'><strong>:</strong></span> <span class='ocrx_word' id='word_1_618' title='bbox 1713 1493 1780 1513; x_wconf 92' lang='lat' dir='ltr'><strong>cum</strong></span> <span class='ocrx_word' id='word_1_619' title='bbox 1795 1494 1881 1521; x_wconf 81' lang='lat' dir='ltr'><strong>super</strong></span> 
     </span>
    </p>
   </div>
   <div class='ocr_carea' id='block_1_90' title="bbox 1083 1531 1878 1567">
    <p class='ocr_par' dir='ltr' id='par_1_90' title="bbox 1083 1531 1878 1567">
     <span class='ocr_line' id='line_1_91' title="bbox 1083 1531 1878 1567; baseline 0.001 -9"><span class='ocrx_word' id='word_1_620' title='bbox 1083 1531 1163 1559; x_wconf 85' lang='lat' dir='ltr'><strong>initio</strong></span> <span class='ocrx_word' id='word_1_621' title='bbox 1177 1537 1205 1559; x_wconf 88' lang='lat' dir='ltr'><strong>et</strong></span> <span class='ocrx_word' id='word_1_622' title='bbox 1223 1531 1401 1559; x_wconf 81' lang='lat' dir='ltr'><strong>fundamento</strong></span> <span class='ocrx_word' id='word_1_623' title='bbox 1418 1531 1491 1566; x_wconf 81' lang='grc' dir='ltr'><strong>(ιιιυὰ</strong></span> <span class='ocrx_word' id='word_1_624' title='bbox 1509 1531 1663 1558; x_wconf 86' lang='lat' dir='ltr'><strong>subsistere</strong></span> <span class='ocrx_word' id='word_1_625' title='bbox 1684 1538 1812 1566; x_wconf 82' lang='lat' dir='ltr'><strong>nequeat</strong></span> <span class='ocrx_word' id='word_1_626' title='bbox 1825 1533 1878 1567; x_wconf 83' lang='grc'><strong>(5).</strong></span> 
     </span>
    </p>
   </div>
   <div class='ocr_carea' id='block_1_91' title="bbox 1083 1575 1882 1611">
    <p class='ocr_par' dir='ltr' id='par_1_91' title="bbox 1083 1575 1882 1611">
     <span class='ocr_line' id='line_1_92' title="bbox 1083 1575 1882 1611; baseline 0 -7"><span class='ocrx_word' id='word_1_627' title='bbox 1083 1584 1188 1611; x_wconf 85' lang='lat' dir='ltr'><strong>suaque</strong></span> <span class='ocrx_word' id='word_1_628' title='bbox 1212 1575 1334 1610; x_wconf 90' lang='lat' dir='ltr'><strong>ipsorum</strong></span> <span class='ocrx_word' id='word_1_629' title='bbox 1361 1575 1521 1610; x_wconf 78' lang='lat' dir='ltr'><strong>arrogantia</strong></span> <span class='ocrx_word' id='word_1_630' title='bbox 1534 1596 1540 1607; x_wconf 87' lang='lat'><strong>,</strong></span> <span class='ocrx_word' id='word_1_631' title='bbox 1557 1576 1656 1611; x_wconf 80' lang='lat' dir='ltr'><strong>dogma</strong></span> <span class='ocrx_word' id='word_1_632' title='bbox 1674 1576 1728 1604; x_wconf 90' lang='lat' dir='ltr'><strong>hoc</strong></span> <span class='ocrx_word' id='word_1_633' title='bbox 1752 1577 1882 1604; x_wconf 86' lang='lat' dir='ltr'><strong>institue-</strong></span> 
     </span>
    </p>
   </div>
   <div class='ocr_carea' id='block_1_92' title="bbox 1083 1622 1882 1657">
    <p class='ocr_par' dir='ltr' id='par_1_92' title="bbox 1083 1622 1882 1657">
     <span class='ocr_line' id='line_1_93' title="bbox 1083 1622 1882 1657; baseline 0.001 -8"><span class='ocrx_word' id='word_1_634' title='bbox 1083 1627 1167 1649; x_wconf 88' lang='lat' dir='ltr'><strong>runt:</strong></span> <span class='ocrx_word' id='word_1_635' title='bbox 1186 1627 1243 1649; x_wconf 90' lang='lat' dir='ltr'><strong>tum</strong></span> <span class='ocrx_word' id='word_1_636' title='bbox 1262 1630 1323 1656; x_wconf 65' lang='lat' dir='ltr'><strong>qum</strong></span> <span class='ocrx_word' id='word_1_637' title='bbox 1340 1622 1391 1657; x_wconf 86' lang='lat' dir='ltr'><strong>ipsi</strong></span> <span class='ocrx_word' id='word_1_638' title='bbox 1409 1630 1464 1648; x_wconf 91' lang='lat' dir='ltr'><strong>non</strong></span> <span class='ocrx_word' id='word_1_639' title='bbox 1480 1626 1660 1656; x_wconf 87' lang='lat' dir='ltr'><strong>acceperunt,</strong></span> <span class='ocrx_word' id='word_1_640' title='bbox 1677 1623 1739 1650; x_wconf 88' lang='lat' dir='ltr'><strong>aliis</strong></span> <span class='ocrx_word' id='word_1_641' title='bbox 1758 1625 1882 1650; x_wconf 81' lang='lat' dir='ltr'><strong>tradide-</strong></span> 
     </span>
    </p>
   </div>
   <div class='ocr_carea' id='block_1_93' title="bbox 1084 1666 1880 1702">
    <p class='ocr_par' dir='ltr' id='par_1_93' title="bbox 1084 1666 1880 1702">
     <span class='ocr_line' id='line_1_94' title="bbox 1084 1666 1880 1702; baseline 0.001 -8"><span class='ocrx_word' id='word_1_642' title='bbox 1084 1673 1159 1700; x_wconf 84' lang='lat' dir='ltr'><strong>runt,</strong></span> <span class='ocrx_word' id='word_1_643' title='bbox 1185 1667 1259 1702; x_wconf 90' lang='lat' dir='ltr'><strong>quod</strong></span> <span class='ocrx_word' id='word_1_644' title='bbox 1283 1675 1349 1693; x_wconf 83' lang='lat' dir='ltr'><strong>sane</strong></span> <span class='ocrx_word' id='word_1_645' title='bbox 1374 1666 1489 1693; x_wconf 80' lang='lat' dir='ltr'><strong>stultum</strong></span> <span class='ocrx_word' id='word_1_646' title='bbox 1516 1674 1548 1693; x_wconf 88' lang='lat' dir='ltr'><strong>ac</strong></span> <span class='ocrx_word' id='word_1_647' title='bbox 1570 1666 1702 1694; x_wconf 85' lang='lat' dir='ltr'><strong>stolidum</strong></span> <span class='ocrx_word' id='word_1_648' title='bbox 1724 1672 1778 1694; x_wconf 89' lang='lat' dir='ltr'><strong>est.</strong></span> <span class='ocrx_word' id='word_1_649' title='bbox 1810 1668 1880 1696; x_wconf 90' lang='lat' dir='ltr'><strong>Illud</strong></span> 
     </span>
    </p>
   </div>
   <div class='ocr_carea' id='block_1_94' title="bbox 1083 1711 1881 1749">
    <p class='ocr_par' dir='ltr' id='par_1_94' title="bbox 1083 1711 1881 1749">
     <span class='ocr_line' id='line_1_95' title="bbox 1083 1711 1881 1749; baseline 0 -9"><span class='ocrx_word' id='word_1_650' title='bbox 1083 1714 1156 1741; x_wconf 91' lang='lat' dir='ltr'><strong>enim</strong></span> <span class='ocrx_word' id='word_1_651' title='bbox 1174 1721 1224 1740; x_wconf 82' lang='lat' dir='ltr'><strong>sua</strong></span> <span class='ocrx_word' id='word_1_652' title='bbox 1249 1712 1331 1740; x_wconf 85' lang='lat' dir='ltr'><strong>etiam</strong></span> <span class='ocrx_word' id='word_1_653' title='bbox 1351 1713 1473 1746; x_wconf 91' lang='lat' dir='ltr'><strong>ipsorum</strong></span> <span class='ocrx_word' id='word_1_654' title='bbox 1498 1711 1673 1740; x_wconf 82' lang='lat' dir='ltr'><strong>confessione</strong></span> <span class='ocrx_word' id='word_1_655' title='bbox 1691 1718 1814 1747; x_wconf 85' lang='lat' dir='ltr'><strong>constat,</strong></span> <span class='ocrx_word' id='word_1_656' title='bbox 1833 1716 1881 1749; x_wconf 89' lang='lat' dir='ltr'><strong>qui</strong></span> 
     </span>
    </p>
   </div>
   <div class='ocr_carea' id='block_1_95' title="bbox 1084 1758 1882 1794">
    <p class='ocr_par' dir='ltr' id='par_1_95' title="bbox 1084 1758 1882 1794">
     <span class='ocr_line' id='line_1_96' title="bbox 1084 1758 1882 1794; baseline 0.001 -8"><span class='ocrx_word' id='word_1_657' title='bbox 1084 1761 1142 1794; x_wconf 86' lang='lat' dir='ltr'><strong>ipse</strong></span> <span class='ocrx_word' id='word_1_658' title='bbox 1166 1759 1294 1794; x_wconf 85' lang='lat' dir='ltr'><strong>baptismi</strong></span> <span class='ocrx_word' id='word_1_659' title='bbox 1317 1758 1542 1786; x_wconf 86' lang='lat' dir='ltr'><strong>sacrisinitiatus</strong></span> <span class='ocrx_word' id='word_1_660' title='bbox 1566 1767 1622 1786; x_wconf 90' lang='lat' dir='ltr'><strong>non</strong></span> <span class='ocrx_word' id='word_1_661' title='bbox 1646 1759 1694 1792; x_wconf 87' lang='lat' dir='ltr'><strong>sit,</strong></span> <span class='ocrx_word' id='word_1_662' title='bbox 1718 1768 1783 1786; x_wconf 90' lang='lat' dir='ltr'><strong>eum</strong></span> <span class='ocrx_word' id='word_1_663' title='bbox 1811 1761 1882 1787; x_wconf 78' lang='lat' dir='ltr'><strong>alios</strong></span> 
     </span>
    </p>
   </div>
   <div class='ocr_carea' id='block_1_96' title="bbox 1086 1805 1882 1840">
    <p class='ocr_par' dir='ltr' id='par_1_96' title="bbox 1086 1805 1882 1840">
     <span class='ocr_line' id='line_1_97' title="bbox 1086 1805 1882 1840; baseline -0.001 -7"><span class='ocrx_word' id='word_1_664' title='bbox 1086 1807 1225 1840; x_wconf 84' lang='lat' dir='ltr'><strong>baptizare</strong></span> <span class='ocrx_word' id='word_1_665' title='bbox 1248 1813 1301 1832; x_wconf 92' lang='lat' dir='ltr'><strong>nou</strong></span> <span class='ocrx_word' id='word_1_666' title='bbox 1327 1813 1428 1840; x_wconf 81' lang='lat' dir='ltr'><strong>posse:</strong></span> <span class='ocrx_word' id='word_1_667' title='bbox 1447 1805 1494 1839; x_wconf 90' lang='lat' dir='ltr'><strong>qui</strong></span> <span class='ocrx_word' id='word_1_668' title='bbox 1508 1809 1586 1831; x_wconf 79' lang='lat' dir='ltr'><strong>‘vero</strong></span> <span class='ocrx_word' id='word_1_669' title='bbox 1604 1805 1763 1833; x_wconf 81' lang='lat' dir='ltr'><strong>traditionis</strong></span> <span class='ocrx_word' id='word_1_670' title='bbox 1780 1814 1882 1834; x_wconf 88' lang='lat' dir='ltr'><strong>eorum</strong></span> 
     </span>
    </p>
   </div>
   <div class='ocr_carea' id='block_1_97' title="bbox 1086 1851 1882 1887">
    <p class='ocr_par' dir='ltr' id='par_1_97' title="bbox 1086 1851 1882 1887">
     <span class='ocr_line' id='line_1_98' title="bbox 1086 1851 1882 1887; baseline 0 -8"><span class='ocrx_word' id='word_1_671' title='bbox 1086 1860 1162 1879; x_wconf 81' lang='lat' dir='ltr'><strong>more</strong></span> <span class='ocrx_word' id='word_1_672' title='bbox 1186 1852 1340 1886; x_wconf 83' lang='lat' dir='ltr'><strong>baptizatus</strong></span> <span class='ocrx_word' id='word_1_673' title='bbox 1365 1859 1420 1878; x_wconf 91' lang='lat' dir='ltr'><strong>non</strong></span> <span class='ocrx_word' id='word_1_674' title='bbox 1437 1851 1489 1882; x_wconf 90' lang='lat' dir='ltr'><strong>sit.</strong></span> <span class='ocrx_word' id='word_1_675' title='bbox 1506 1858 1570 1878; x_wconf 90' lang='lat' dir='ltr'><strong>eum</strong></span> <span class='ocrx_word' id='word_1_676' title='bbox 1592 1859 1640 1886; x_wconf 90' lang='lat' dir='ltr'><strong>pro</strong></span> <span class='ocrx_word' id='word_1_677' title='bbox 1662 1859 1719 1878; x_wconf 93' lang='lat' dir='ltr'><strong>nou</strong></span> <span class='ocrx_word' id='word_1_678' title='bbox 1738 1852 1882 1887; x_wconf 85' lang='lat' dir='ltr'><strong>baptizato</strong></span> 
     </span>
    </p>
   </div>
   <div class='ocr_carea' id='block_1_98' title="bbox 1085 1897 1880 1932">
    <p class='ocr_par' dir='ltr' id='par_1_98' title="bbox 1085 1897 1880 1932">
     <span class='ocr_line' id='line_1_99' title="bbox 1085 1897 1880 1932; baseline 0 -7"><span class='ocrx_word' id='word_1_679' title='bbox 1085 1899 1120 1925; x_wconf 90' lang='lat' dir='ltr'><strong>ab</strong></span> <span class='ocrx_word' id='word_1_680' title='bbox 1141 1899 1182 1925; x_wconf 87' lang='lat' dir='ltr'><strong>eis</strong></span> <span class='ocrx_word' id='word_1_681' title='bbox 1197 1897 1304 1928; x_wconf 82' lang='lat' dir='ltr'><strong>haberi.</strong></span> <span class='ocrx_word' id='word_1_682' title='bbox 1322 1903 1351 1924; x_wconf 91' lang='lat' dir='ltr'><strong>ut</strong></span> <span class='ocrx_word' id='word_1_683' title='bbox 1373 1897 1419 1932; x_wconf 90' lang='lat' dir='ltr'><strong>qui</strong></span> <span class='ocrx_word' id='word_1_684' title='bbox 1438 1905 1492 1924; x_wconf 86' lang='lat' dir='ltr'><strong>non</strong></span> <span class='ocrx_word' id='word_1_685' title='bbox 1509 1897 1632 1932; x_wconf 81' lang='lat' dir='ltr'><strong>legitime</strong></span> <span class='ocrx_word' id='word_1_686' title='bbox 1649 1903 1826 1925; x_wconf 84' lang='lat' dir='ltr'><strong>sacramento</strong></span> <span class='ocrx_word' id='word_1_687' title='bbox 1846 1907 1880 1925; x_wconf 81' lang='lat' dir='ltr'><strong>eo</strong></span> 
     </span>
    </p>
   </div>
   <div class='ocr_carea' id='block_1_99' title="bbox 1088 1943 1881 1979">
    <p class='ocr_par' dir='ltr' id='par_1_99' title="bbox 1088 1943 1881 1979">
     <span class='ocr_line' id='line_1_100' title="bbox 1088 1943 1881 1979; baseline 0.003 -8"><span class='ocrx_word' id='word_1_688' title='bbox 1088 1945 1213 1972; x_wconf 84' lang='lat' dir='ltr'><strong>initiatus</strong></span> <span class='ocrx_word' id='word_1_689' title='bbox 1229 1945 1275 1971; x_wconf 89' lang='lat' dir='ltr'><strong>sit.</strong></span> <span class='ocrx_word' id='word_1_690' title='bbox 1293 1944 1442 1971; x_wconf 84' lang='lat' dir='ltr'><strong>Testanlur</strong></span> <span class='ocrx_word' id='word_1_691' title='bbox 1455 1943 1507 1971; x_wconf 92' lang='lat' dir='ltr'><strong>hoc</strong></span> <span class='ocrx_word' id='word_1_692' title='bbox 1521 1945 1642 1978; x_wconf 85' lang='lat' dir='ltr'><strong>ipsimet,</strong></span> <span class='ocrx_word' id='word_1_693' title='bbox 1654 1944 1719 1971; x_wconf 85' lang='lat' dir='ltr'><strong>dum</strong></span> <span class='ocrx_word' id='word_1_694' title='bbox 1737 1953 1881 1979; x_wconf 87' lang='lat' dir='ltr'><strong>quoscun-</strong></span> 
     </span>
    </p>
   </div>
   <div class='ocr_carea' id='block_1_100' title="bbox 1086 1991 1880 2027">
    <p class='ocr_par' dir='ltr' id='par_1_100' title="bbox 1086 1991 1880 2027">
     <span class='ocr_line' id='line_1_101' title="bbox 1086 1991 1880 2027; baseline 0.001 -9"><span class='ocrx_word' id='word_1_695' title='bbox 1086 2000 1140 2027; x_wconf 88' lang='lat' dir='ltr'><strong>que</strong></span> <span class='ocrx_word' id='word_1_696' title='bbox 1158 1991 1185 2018; x_wconf 91' lang='lat' dir='ltr'><strong>in</strong></span> <span class='ocrx_word' id='word_1_697' title='bbox 1201 1991 1367 2018; x_wconf 87' lang='lat' dir='ltr'><strong>sententiam</strong></span> <span class='ocrx_word' id='word_1_698' title='bbox 1384 1997 1462 2017; x_wconf 86' lang='lat' dir='ltr'><strong>suam</strong></span> <span class='ocrx_word' id='word_1_699' title='bbox 1480 1996 1652 2025; x_wconf 74' lang='lat' dir='ltr'><strong>pertraxere,</strong></span> <span class='ocrx_word' id='word_1_700' title='bbox 1669 1992 1781 2019; x_wconf 86' lang='lat' dir='ltr'><strong>etiamsi</strong></span> <span class='ocrx_word' id='word_1_701' title='bbox 1797 1997 1880 2019; x_wconf 80' lang='lat' dir='ltr'><strong>antea</strong></span> 
     </span>
    </p>
   </div>
   <div class='ocr_carea' id='block_1_101' title="bbox 1087 2037 1879 2070">
    <p class='ocr_par' dir='ltr' id='par_1_101' title="bbox 1087 2037 1879 2070">
     <span class='ocr_line' id='line_1_102' title="bbox 1087 2037 1879 2070; baseline 0 -5"><span class='ocrx_word' id='word_1_702' title='bbox 1087 2039 1167 2066; x_wconf 86' lang='lat' dir='ltr'><strong>statis</strong></span> <span class='ocrx_word' id='word_1_703' title='bbox 1190 2037 1334 2065; x_wconf 57' lang='lat' dir='ltr'><strong>catholica:</strong></span> <span class='ocrx_word' id='word_1_704' title='bbox 1359 2037 1487 2064; x_wconf 65' lang='lat' dir='ltr'><strong>Ecclesia!</strong></span> <span class='ocrx_word' id='word_1_705' title='bbox 1510 2038 1685 2065; x_wconf 71' lang='lat' dir='ltr'><strong>caeremoniis</strong></span> <span class='ocrx_word' id='word_1_706' title='bbox 1712 2039 1791 2065; x_wconf 88' lang='lat' dir='ltr'><strong>tincti</strong></span> <span class='ocrx_word' id='word_1_707' title='bbox 1811 2039 1879 2070; x_wconf 86' lang='lat' dir='ltr'><strong>sint,</strong></span> 
     </span>
    </p>
   </div>
   <div class='ocr_carea' id='block_1_102' title="bbox 1087 2084 1879 2120">
    <p class='ocr_par' dir='ltr' id='par_1_102' title="bbox 1087 2084 1879 2120">
     <span class='ocr_line' id='line_1_103' title="bbox 1087 2084 1879 2120; baseline -0.003 -7"><span class='ocrx_word' id='word_1_708' title='bbox 1087 2086 1269 2120; x_wconf 85' lang='lat' dir='ltr'><strong>rebaptizant.</strong></span> <span class='ocrx_word' id='word_1_709' title='bbox 1292 2084 1358 2116; x_wconf 64' lang='lat' dir='ltr'><strong>Quae</strong></span> <span class='ocrx_word' id='word_1_710' title='bbox 1381 2084 1490 2110; x_wconf 77' lang='lat' dir='ltr'><strong>navitas</strong></span> <span class='ocrx_word' id='word_1_711' title='bbox 1516 2091 1570 2110; x_wconf 92' lang='lat' dir='ltr'><strong>non</strong></span> <span class='ocrx_word' id='word_1_712' title='bbox 1594 2091 1691 2118; x_wconf 87' lang='lat' dir='ltr'><strong>parum</strong></span> <span class='ocrx_word' id='word_1_713' title='bbox 1713 2084 1879 2119; x_wconf 76' lang='lat' dir='ltr'><strong>religionem</strong></span> 
     </span>
    </p>
   </div>
   <div class='ocr_carea' id='block_1_103' title="bbox 1087 2131 1880 2164">
    <p class='ocr_par' dir='ltr' id='par_1_103' title="bbox 1087 2131 1880 2164">
     <span class='ocr_line' id='line_1_104' title="bbox 1087 2131 1880 2164; baseline -0.003 -4"><span class='ocrx_word' id='word_1_714' title='bbox 1087 2132 1224 2163; x_wconf 85' lang='lat' dir='ltr'><strong>turbavit,</strong></span> <span class='ocrx_word' id='word_1_715' title='bbox 1247 2136 1274 2158; x_wconf 89' lang='lat' dir='ltr'><strong>et</strong></span> <span class='ocrx_word' id='word_1_716' title='bbox 1297 2131 1542 2157; x_wconf 77' lang='lat' dir='ltr'><strong>Christianismum</strong></span> <span class='ocrx_word' id='word_1_717' title='bbox 1559 2131 1700 2164; x_wconf 81' lang='lat' dir='ltr'><strong>suscipere</strong></span> <span class='ocrx_word' id='word_1_718' title='bbox 1719 2131 1880 2158; x_wconf 86' lang='lat' dir='ltr'><strong>volentibus</strong></span> 
     </span>
    </p>
   </div>
   <div class='ocr_carea' id='block_1_104' title="bbox 1086 2176 1879 2215">
    <p class='ocr_par' dir='ltr' id='par_1_104' title="bbox 1086 2176 1879 2215">
     <span class='ocr_line' id='line_1_105' title="bbox 1086 2176 1879 2215; baseline -0.004 -8"><span class='ocrx_word' id='word_1_719' title='bbox 1086 2185 1200 2215; x_wconf 85' lang='lat' dir='ltr'><strong>propter</strong></span> <span class='ocrx_word' id='word_1_720' title='bbox 1215 2179 1371 2212; x_wconf 79' lang='lat' dir='ltr'><strong>dogmatum</strong></span> <span class='ocrx_word' id='word_1_721' title='bbox 1387 2177 1589 2204; x_wconf 77' lang='lat' dir='ltr'><strong>dissensionem</strong></span> <span class='ocrx_word' id='word_1_722' title='bbox 1603 2176 1684 2205; x_wconf 83' lang='lat' dir='ltr'><strong>valde</strong></span> <span class='ocrx_word' id='word_1_723' title='bbox 1702 2178 1822 2205; x_wconf 86' lang='lat' dir='ltr'><strong>obstitit.</strong></span> <span class='ocrx_word' id='word_1_724' title='bbox 1844 2179 1879 2204; x_wconf 76' lang='lat' dir='ltr'><strong>lle</strong></span> 
     </span>
    </p>
   </div>
   <div class='ocr_carea' id='block_1_105' title="bbox 1087 2223 1878 2260">
    <p class='ocr_par' dir='ltr' id='par_1_105' title="bbox 1087 2223 1878 2260">
     <span class='ocr_line' id='line_1_106' title="bbox 1087 2223 1878 2260; baseline -0.004 -7"><span class='ocrx_word' id='word_1_725' title='bbox 1087 2226 1222 2254; x_wconf 77' lang='lat' dir='ltr'><strong>Eunomio</strong></span> <span class='ocrx_word' id='word_1_726' title='bbox 1239 2232 1322 2260; x_wconf 91' lang='lat' dir='ltr'><strong>porro</strong></span> <span class='ocrx_word' id='word_1_727' title='bbox 1341 2229 1369 2251; x_wconf 86' lang='lat' dir='ltr'><strong>et</strong></span> <span class='ocrx_word' id='word_1_728' title='bbox 1392 2224 1471 2252; x_wconf 79' lang='lat' dir='ltr'><strong>Aetio</strong></span> <span class='ocrx_word' id='word_1_729' title='bbox 1494 2224 1561 2251; x_wconf 86' lang='lat' dir='ltr'><strong>illud</strong></span> <span class='ocrx_word' id='word_1_730' title='bbox 1577 2223 1679 2251; x_wconf 88' lang='lat' dir='ltr'><strong>addere</strong></span> <span class='ocrx_word' id='word_1_731' title='bbox 1692 2224 1772 2256; x_wconf 86' lang='lat' dir='ltr'><strong>libet,</strong></span> <span class='ocrx_word' id='word_1_732' title='bbox 1789 2225 1878 2252; x_wconf 80' lang='lat' dir='ltr'><strong>Euno-</strong></span> 
     </span>
    </p>
   </div>
   <div class='ocr_carea' id='block_1_106' title="bbox 1087 2270 1874 2306">
    <p class='ocr_par' dir='ltr' id='par_1_106' title="bbox 1087 2270 1874 2306">
     <span class='ocr_line' id='line_1_107' title="bbox 1087 2270 1874 2306; baseline -0.005 -5"><span class='ocrx_word' id='word_1_733' title='bbox 1087 2274 1184 2301; x_wconf 70' lang='lat' dir='ltr'><strong>mianai</strong></span> <span class='ocrx_word' id='word_1_734' title='bbox 1208 2271 1320 2299; x_wconf 63' lang='lat' dir='ltr'><strong>haeresis</strong></span> <span class='ocrx_word' id='word_1_735' title='bbox 1336 2275 1477 2298; x_wconf 87' lang='lat' dir='ltr'><strong>auctorem</strong></span> <span class='ocrx_word' id='word_1_736' title='bbox 1504 2271 1625 2304; x_wconf 88' lang='lat' dir='ltr'><strong>primum</strong></span> <span class='ocrx_word' id='word_1_737' title='bbox 1647 2270 1758 2297; x_wconf 86' lang='lat' dir='ltr'><strong>Aetium</strong></span> <span class='ocrx_word' id='word_1_738' title='bbox 1776 2271 1874 2306; x_wconf 71' lang='lat' dir='ltr'><strong>Syrum</strong></span> 
     </span>
    </p>
   </div>
   <div class='ocr_carea' id='block_1_107' title="bbox 1087 2317 1876 2352">
    <p class='ocr_par' dir='ltr' id='par_1_107' title="bbox 1087 2317 1876 2352">
     <span class='ocr_line' id='line_1_108' title="bbox 1087 2317 1876 2352; baseline -0.004 -6"><span class='ocrx_word' id='word_1_739' title='bbox 1087 2319 1192 2346; x_wconf 77' lang='lat' dir='ltr'><strong>fuisse:</strong></span> <span class='ocrx_word' id='word_1_740' title='bbox 1209 2323 1236 2345; x_wconf 88' lang='lat' dir='ltr'><strong>et</strong></span> <span class='ocrx_word' id='word_1_741' title='bbox 1255 2317 1334 2352; x_wconf 74' lang='lat'><strong>125</strong></span> <span class='ocrx_word' id='word_1_742' title='bbox 1350 2317 1396 2352; x_wconf 88' lang='lat' dir='ltr'><strong>qui</strong></span> <span class='ocrx_word' id='word_1_743' title='bbox 1415 2317 1494 2352; x_wconf 77' lang='lat' dir='ltr'><strong>juxta</strong></span> <span class='ocrx_word' id='word_1_744' title='bbox 1517 2317 1575 2343; x_wconf 81' lang='lat' dir='ltr'><strong>Arii</strong></span> <span class='ocrx_word' id='word_1_745' title='bbox 1590 2317 1756 2344; x_wconf 87' lang='lat' dir='ltr'><strong>sententiam</strong></span> <span class='ocrx_word' id='word_1_746' title='bbox 1774 2317 1876 2345; x_wconf 83' lang='lat' dir='ltr'><strong>Filiqu</strong></span> 
     </span>
    </p>
   </div>
   <div class='ocr_carea' id='block_1_108' title="bbox 1086 2365 1877 2400">
    <p class='ocr_par' dir='ltr' id='par_1_108' title="bbox 1086 2365 1877 2400">
     <span class='ocr_line' id='line_1_109' title="bbox 1086 2365 1877 2400; baseline -0.004 -6"><span class='ocrx_word' id='word_1_747' title='bbox 1086 2366 1162 2394; x_wconf 84' lang='lat' dir='ltr'><strong>Patri</strong></span> <span class='ocrx_word' id='word_1_748' title='bbox 1190 2365 1370 2400; x_wconf 60' lang='lat' dir='ltr'><strong>inatqualeui,</strong></span> <span class='ocrx_word' id='word_1_749' title='bbox 1395 2369 1577 2398; x_wconf 85' lang='lat' dir='ltr'><strong>crcatumque</strong></span> <span class='ocrx_word' id='word_1_750' title='bbox 1601 2372 1681 2396; x_wconf 82' lang='lat' dir='ltr'><strong>esse.</strong></span> <span class='ocrx_word' id='word_1_751' title='bbox 1711 2369 1738 2391; x_wconf 86' lang='lat' dir='ltr'><strong>et</strong></span> <span class='ocrx_word' id='word_1_752' title='bbox 1762 2373 1796 2391; x_wconf 83' lang='lat' dir='ltr'><strong>ex</strong></span> <span class='ocrx_word' id='word_1_753' title='bbox 1823 2373 1877 2392; x_wconf 87' lang='lat' dir='ltr'><strong>nou</strong></span> 
     </span>
    </p>
   </div>
   <div class='ocr_carea' id='block_1_109' title="bbox 1086 2410 1876 2445">
    <p class='ocr_par' dir='ltr' id='par_1_109' title="bbox 1086 2410 1876 2445">
     <span class='ocr_line' id='line_1_110' title="bbox 1086 2410 1876 2445; baseline -0.003 -6"><span class='ocrx_word' id='word_1_754' title='bbox 1086 2412 1284 2440; x_wconf 76' lang='lat' dir='ltr'><strong>exsistentibus</strong></span> <span class='ocrx_word' id='word_1_755' title='bbox 1298 2410 1438 2438; x_wconf 79' lang='lat' dir='ltr'><strong>exstitisse</strong></span> <span class='ocrx_word' id='word_1_756' title='bbox 1453 2410 1636 2440; x_wconf 71' lang='lat' dir='ltr'><strong>decrevitJIt</strong></span> <span class='ocrx_word' id='word_1_757' title='bbox 1651 2411 1697 2444; x_wconf 91' lang='lat' dir='ltr'><strong>qui</strong></span> <span class='ocrx_word' id='word_1_758' title='bbox 1717 2411 1876 2445; x_wconf 84' lang='lat' dir='ltr'><strong>opinionem</strong></span> 
     </span>
    </p>
   </div>
   <div class='ocr_carea' id='block_1_110' title="bbox 1049 2450 1875 2492">
    <p class='ocr_par' dir='ltr' id='par_1_110' title="bbox 1049 2450 1875 2492">
     <span class='ocr_line' id='line_1_111' title="bbox 1049 2450 1875 2492; baseline -0.002 -6"><span class='ocrx_word' id='word_1_759' title='bbox 1049 2450 1071 2477; x_wconf 73' lang='grc' dir='ltr'><strong>ι)</strong></span> <span class='ocrx_word' id='word_1_760' title='bbox 1086 2467 1146 2486; x_wconf 83' lang='lat' dir='ltr'><strong>eam</strong></span> <span class='ocrx_word' id='word_1_761' title='bbox 1164 2458 1369 2492; x_wconf 88' lang='lat' dir='ltr'><strong>approbarunt,</strong></span> <span class='ocrx_word' id='word_1_762' title='bbox 1396 2456 1503 2483; x_wconf 83' lang='lat' dir='ltr'><strong>Aetiani</strong></span> <span class='ocrx_word' id='word_1_763' title='bbox 1527 2457 1604 2490; x_wconf 87' lang='lat' dir='ltr'><strong>prius</strong></span> <span class='ocrx_word' id='word_1_764' title='bbox 1629 2464 1693 2483; x_wconf 81' lang='lat' dir='ltr'><strong>sunt</strong></span> <span class='ocrx_word' id='word_1_765' title='bbox 1712 2458 1790 2485; x_wconf 81' lang='lat' dir='ltr'><strong>dicti.</strong></span> <span class='ocrx_word' id='word_1_766' title='bbox 1810 2460 1875 2484; x_wconf 77' lang='lat' dir='ltr'><strong>(lum</strong></span> 
     </span>
    </p>
   </div>
   <div class='ocr_carea' id='block_1_111' title="bbox 1090 2502 1875 2538">
    <p class='ocr_par' dir='ltr' id='par_1_111' title="bbox 1090 2502 1875 2538">
     <span class='ocr_line' id='line_1_112' title="bbox 1090 2502 1875 2538; baseline -0.001 -7"><span class='ocrx_word' id='word_1_767' title='bbox 1090 2508 1202 2535; x_wconf 86' lang='lat' dir='ltr'><strong>autem,</strong></span> <span class='ocrx_word' id='word_1_768' title='bbox 1229 2502 1462 2537; x_wconf 76' lang='lat' dir='ltr'><strong>quemadmmlum</strong></span> <span class='ocrx_word' id='word_1_769' title='bbox 1491 2507 1571 2529; x_wconf 83' lang='lat' dir='ltr'><strong>antea</strong></span> <span class='ocrx_word' id='word_1_770' title='bbox 1597 2502 1736 2535; x_wconf 76' lang='lat' dir='ltr'><strong>diximus,</strong></span> <span class='ocrx_word' id='word_1_771' title='bbox 1765 2505 1875 2538; x_wconf 86' lang='lat' dir='ltr'><strong>quidam</strong></span> 
     </span>
    </p>
   </div>
   <div class='ocr_carea' id='block_1_112' title="bbox 1089 2571 1875 2609">
    <p class='ocr_par' dir='ltr' id='par_1_112' title="bbox 1089 2571 1875 2609">
     <span class='ocr_line' id='line_1_113' title="bbox 1089 2571 1875 2609; baseline -0.005 -9"><span class='ocrx_word' id='word_1_772' title='bbox 1089 2574 1191 2609; x_wconf 74' lang='lat' dir='ltr'><strong>ingens</strong></span> <span class='ocrx_word' id='word_1_773' title='bbox 1209 2573 1259 2599; x_wconf 80' lang='lat' dir='ltr'><strong>fuit</strong></span> <span class='ocrx_word' id='word_1_774' title='bbox 1282 2573 1482 2609; x_wconf 71' lang='lat' dir='ltr'><strong>sententiarum</strong></span> <span class='ocrx_word' id='word_1_775' title='bbox 1501 2571 1626 2609; x_wconf 52' lang='lat' dir='ltr'><strong>peu_uria.</strong></span> <span class='ocrx_word' id='word_1_776' title='bbox 1646 2571 1754 2609; x_wconf 73' lang='lat' dir='ltr'><strong>Etcum</strong></span> <span class='ocrx_word' id='word_1_777' title='bbox 1780 2572 1875 2607; x_wconf 62' lang='lat' dir='ltr'><strong>longos</strong></span> 
     </span>
    </p>
   </div>
   <div class='ocr_carea' id='block_1_113' title="bbox 1087 2606 1876 2641">
    <p class='ocr_par' dir='ltr' id='par_1_113' title="bbox 1087 2606 1876 2641">
     <span class='ocr_line' id='line_1_114' title="bbox 1087 2606 1876 2641; baseline -0.001 -5"><span class='ocrx_word' id='word_1_778' title='bbox 1087 2606 1295 2641; x_wconf 65' lang='lat' dir='ltr'><strong>conscripsisset</strong></span> <span class='ocrx_word' id='word_1_779' title='bbox 1322 2608 1347 2632; x_wconf 92' lang='lat' dir='ltr'><strong>in</strong></span> <span class='ocrx_word' id='word_1_780' title='bbox 1378 2607 1521 2640; x_wconf 71' lang='lat' dir='ltr'><strong>epistolam</strong></span> <span class='ocrx_word' id='word_1_781' title='bbox 1548 2606 1623 2632; x_wconf 78' lang='lat' dir='ltr'><strong>Pauli</strong></span> <span class='ocrx_word' id='word_1_782' title='bbox 1650 2607 1682 2632; x_wconf 89' lang='lat' dir='ltr'><strong>ad</strong></span> <span class='ocrx_word' id='word_1_783' title='bbox 1709 2606 1876 2634; x_wconf 66' lang='lat' dir='ltr'><strong>“OHLCtllil‘</strong></span> 
     </span>
    </p>
   </div>
   <div class='ocr_carea' id='block_1_114' title="bbox 1089 2641 1877 2677">
    <p class='ocr_par' dir='ltr' id='par_1_114' title="bbox 1089 2641 1877 2677">
     <span class='ocr_line' id='line_1_115' title="bbox 1089 2641 1877 2677; baseline -0.001 -6"><span class='ocrx_word' id='word_1_784' title='bbox 1089 2644 1250 2675; x_wconf 83' lang='lat' dir='ltr'><strong>Incntarios,</strong></span> <span class='ocrx_word' id='word_1_785' title='bbox 1277 2648 1367 2669; x_wconf 71' lang='lat' dir='ltr'><strong>tamen</strong></span> <span class='ocrx_word' id='word_1_786' title='bbox 1395 2644 1417 2669; x_wconf 84' lang='lat' dir='ltr'><strong>is</strong></span> <span class='ocrx_word' id='word_1_787' title='bbox 1441 2650 1554 2675; x_wconf 78' lang='lat' dir='ltr'><strong>scopum</strong></span> <span class='ocrx_word' id='word_1_788' title='bbox 1578 2641 1652 2668; x_wconf 76' lang='lat' dir='ltr'><strong>Pauli</strong></span> <span class='ocrx_word' id='word_1_789' title='bbox 1676 2647 1832 2677; x_wconf 73' lang='lat' dir='ltr'><strong>pertingere</strong></span> <span class='ocrx_word' id='word_1_790' title='bbox 1851 2651 1877 2670; x_wconf 80' lang='lat' dir='ltr'><strong>ct</strong></span> 
     </span>
    </p>
   </div>
   <div class='ocr_carea' id='block_1_115' title="bbox 1089 2677 1758 2712">
    <p class='ocr_par' dir='ltr' id='par_1_115' title="bbox 1089 2677 1758 2712">
     <span class='ocr_line' id='line_1_116' title="bbox 1089 2677 1758 2712; baseline -0.003 -6"><span class='ocrx_word' id='word_1_791' title='bbox 1089 2679 1198 2712; x_wconf 77' lang='lat' dir='ltr'><strong>asscq‘ui</strong></span> <span class='ocrx_word' id='word_1_792' title='bbox 1216 2686 1268 2704; x_wconf 80' lang='lat' dir='ltr'><strong>non</strong></span> <span class='ocrx_word' id='word_1_793' title='bbox 1284 2678 1405 2712; x_wconf 75' lang='lat' dir='ltr'><strong>potuisse</strong></span> <span class='ocrx_word' id='word_1_794' title='bbox 1422 2678 1533 2703; x_wconf 83' lang='lat' dir='ltr'><strong>dicitur.</strong></span> <span class='ocrx_word' id='word_1_795' title='bbox 1551 2677 1609 2703; x_wconf 83' lang='lat' dir='ltr'><strong>Lib.</strong></span> <span class='ocrx_word' id='word_1_796' title='bbox 1627 2685 1663 2708; x_wconf 79' lang='grc' dir='ltr'><strong>ιν,</strong></span> <span class='ocrx_word' id='word_1_797' title='bbox 1682 2686 1708 2704; x_wconf 88' lang='lat' dir='ltr'><strong>c.</strong></span> <span class='ocrx_word' id='word_1_798' title='bbox 1731 2678 1758 2704; x_wconf 82' lang='lat' dir='ltr'><strong>‘J.</strong></span> 
     </span>
    </p>
   </div>
   <div class='ocr_carea' id='block_1_116' title="bbox 1127 2712 1877 2747">
    <p class='ocr_par' dir='ltr' id='par_1_116' title="bbox 1127 2712 1877 2747">
     <span class='ocr_line' id='line_1_117' title="bbox 1127 2712 1877 2747; baseline -0.001 -7"><span class='ocrx_word' id='word_1_799' title='bbox 1127 2714 1164 2747; x_wconf 75' lang='lat' dir='ltr'><strong>t5)</strong></span> <span class='ocrx_word' id='word_1_800' title='bbox 1191 2713 1293 2740; x_wconf 73' lang='lat' dir='ltr'><strong>Eodem</strong></span> <span class='ocrx_word' id='word_1_801' title='bbox 1322 2717 1487 2746; x_wconf 58' lang='lat' dir='ltr'><strong>argumento</strong></span> <span class='ocrx_word' id='word_1_802' title='bbox 1514 2712 1551 2739; x_wconf 90' lang='lat' dir='ltr'><strong>uti</strong></span> <span class='ocrx_word' id='word_1_803' title='bbox 1583 2713 1756 2746; x_wconf 62' lang='lat' dir='ltr'><strong>temporibus</strong></span> <span class='ocrx_word' id='word_1_804' title='bbox 1779 2714 1877 2739; x_wconf 63' lang='lat' dir='ltr'><strong>nostris</strong></span> 
     </span>
    </p>
   </div>
   <div class='ocr_carea' id='block_1_117' title="bbox 1085 2747 1873 2783">
    <p class='ocr_par' dir='ltr' id='par_1_117' title="bbox 1085 2747 1873 2783">
     <span class='ocr_line' id='line_1_118' title="bbox 1085 2747 1873 2783; baseline -0.001 -8"><span class='ocrx_word' id='word_1_805' title='bbox 1085 2756 1238 2783; x_wconf 70' lang='lat' dir='ltr'><strong>possemus,</strong></span> <span class='ocrx_word' id='word_1_806' title='bbox 1257 2749 1281 2774; x_wconf 88' lang='lat' dir='ltr'><strong>in</strong></span> <span class='ocrx_word' id='word_1_807' title='bbox 1300 2748 1454 2774; x_wconf 72' lang='lat' dir='ltr'><strong>refutandis</strong></span> <span class='ocrx_word' id='word_1_808' title='bbox 1472 2749 1512 2773; x_wconf 81' lang='lat' dir='ltr'><strong>eis</strong></span> <span class='ocrx_word' id='word_1_809' title='bbox 1529 2748 1574 2781; x_wconf 90' lang='lat' dir='ltr'><strong>qui</strong></span> <span class='ocrx_word' id='word_1_810' title='bbox 1594 2756 1692 2773; x_wconf 79' lang='lat' dir='ltr'><strong>manus</strong></span> <span class='ocrx_word' id='word_1_811' title='bbox 1709 2747 1770 2774; x_wconf 84' lang='lat' dir='ltr'><strong>aliis</strong></span> <span class='ocrx_word' id='word_1_812' title='bbox 1788 2749 1873 2781; x_wconf 81' lang='lat' dir='ltr'><strong>impo-</strong></span> 
     </span>
    </p>
   </div>
   <div class='ocr_carea' id='block_1_118' title="bbox 1085 2784 1873 2816">
    <p class='ocr_par' dir='ltr' id='par_1_118' title="bbox 1085 2784 1873 2816">
     <span class='ocr_line' id='line_1_119' title="bbox 1085 2784 1873 2816; baseline -0.001 -5"><span class='ocrx_word' id='word_1_813' title='bbox 1085 2792 1150 2811; x_wconf 75' lang='lat' dir='ltr'><strong>nere</strong></span> <span class='ocrx_word' id='word_1_814' title='bbox 1169 2785 1282 2814; x_wconf 74' lang='lat' dir='ltr'><strong>audent,</strong></span> <span class='ocrx_word' id='word_1_815' title='bbox 1304 2791 1364 2809; x_wconf 84' lang='lat' dir='ltr'><strong>cum</strong></span> <span class='ocrx_word' id='word_1_816' title='bbox 1391 2790 1449 2816; x_wconf 76' lang='lat' dir='ltr'><strong>eam</strong></span> <span class='ocrx_word' id='word_1_817' title='bbox 1478 2789 1640 2816; x_wconf 60' lang='lat' dir='ltr'><strong>potestatem</strong></span> <span class='ocrx_word' id='word_1_818' title='bbox 1667 2791 1721 2809; x_wconf 84' lang='lat' dir='ltr'><strong>non</strong></span> <span class='ocrx_word' id='word_1_819' title='bbox 1749 2784 1873 2810; x_wconf 72' lang='lat' dir='ltr'><strong>habeant.</strong></span> 
     </span>
    </p>
   </div>
   <div class='ocr_carea' id='block_1_119' title="bbox 1085 2819 1572 2853">
    <p class='ocr_par' dir='ltr' id='par_1_119' title="bbox 1085 2819 1572 2853">
     <span class='ocr_line' id='line_1_120' title="bbox 1085 2819 1572 2853; baseline -0.004 -7"><span class='ocrx_word' id='word_1_820' title='bbox 1085 2824 1110 2846; x_wconf 89' lang='lat' dir='ltr'><strong>ct</strong></span> <span class='ocrx_word' id='word_1_821' title='bbox 1133 2819 1284 2847; x_wconf 68' lang='lat' dir='ltr'><strong>consecrati</strong></span> <span class='ocrx_word' id='word_1_822' title='bbox 1303 2826 1415 2853; x_wconf 82' lang='lat' dir='ltr'><strong>prorsus</strong></span> <span class='ocrx_word' id='word_1_823' title='bbox 1437 2826 1489 2844; x_wconf 85' lang='lat' dir='ltr'><strong>non</strong></span> <span class='ocrx_word' id='word_1_824' title='bbox 1507 2819 1572 2844; x_wconf 86' lang='lat' dir='ltr'><strong>sint.</strong></span> 
     </span>
    </p>
   </div>
  </div>
