1905 3048
76 136 121 165 lii!)
553 135 852 164 ECCLESIAS'I‘ICM
873 136 1065 164 lllSTOIUJE
1086 136 1159 165 ΗΒ.
1181 135 1232 165 XI.

1640 137 1692 167 (il)

78 192 164 217 lilium
183 191 259 218 Patri
276 191 438 226 ὸμνιιιύςιον,
455 192 731 223 Consubslantialem,
746 193 856 226 quidam
872 206 894 234 Λ
908 193 1068 228 Cyzicenam
1099 194 1242 220 ecclesiam
1273 199 1323 226 pro
1352 191 1462 218 Eleusin
1484 192 1689 226 gubernandum

78 238 248 270 υμνίιςούσιφν,
269 237 591 271 inquisubstaustialem,
613 237 761 263 dicendum
794 246 855 264 esse

77 289 245 309 .tsSQl'Cl‘t‘lllI
265 288 294 309 et
313 284 472 317 imperatori
493 290 549 309 tum
574 283 704 316 placitum
722 289 806 315 esset,
827 289 856 310 ut

76 330 104 354 de
131 329 312 356 Ariminensis
341 329 452 356 concilii
481 328 638 361 sententia,
668 329 753 356 Filius
782 329 854 355 P..tri

75 384 171 407 suum,
184 375 310 408 a-qualis,
323 374 484 402 crederetur
499 383 504 401 :
518 375 612 401 Aelius
628 375 749 408 quidem,
766 381 793 400 ut
809 375 855 408 qui

76 419 247 453 blasphemus
262 421 290 447 in
316 420 401 446 Deum
420 426 502 452 esset,
519 420 619 447 exsilio
641 425 682 446 est
699 426 770 446 mact
782 425 853 446 itus:

76 465 182 490 lueresis
195 470 288 490 autem
303 465 366 498 ejus
381 465 583 499 quodammodo
595 465 628 491 ad
644 469 753 499 tempus
767 465 855 491 soluta

74 510 153 542 iacuit
166 529 174 539 ,
193 510 266 543 quod
286 518 378 544 neque
394 511 464 537 alius
488 511 641 545 quispiam,
667 511 712 544 qui
739 511 856 545 alicujus

74 561 142 582 isset
158 556 290 587 nominis,
309 564 398 590 neque
414 557 472 590 ipse
489 557 639 583 Eunomius
655 557 692 591 (Ι)
716 557 855 590 propalam

74 606 98 627 et
115 601 199 627 libere
217 601 249 628 de
268 609 300 627 ea
316 601 453 629 disserere
468 602 592 629 auderet.
609 601 744 629 Ca‘terum
767 602 811 628 ubi
833 602 856 628 is

910 239 1025 269 accepit,
1050 239 1248 273 conquiescere
1272 238 1384 264 omnino
1408 246 1460 263 non
1488 238 1592 271 potuit,
1615 242 1642 263 et
1664 237 1691 264 in

912 285 1093 311 concionihus
1104 285 1136 311 ad
1151 284 1281 318 populum
1296 284 1363 310 Aelii
1380 283 1537 317 opinionem
1557 291 1651 309 rursus
1665 284 1692 309 in

910 329 1028 355 medium
1055 329 1191 363 produxit.
1214 328 1302 362 Atque
1325 333 1350 353 ut
1370 327 1427 353 fieri
1450 327 1533 358 solet,
1559 335 1620 355 cum
1644 327 1692 352 ho-

909 374 997 400 mines
1014 375 1130 407 primum
1148 375 1258 400 lizercsfs
1276 374 1355 400 istius
1370 378 1508 399 auctorem
1523 373 1690 406 ignorarem,

909 419 1096 445 Eunontianos
1113 424 1265 445 sectatores
1283 419 1343 453 ejus
1359 418 1588 452 cognominarunt
1607 437 1613 447 ,
1631 425 1693 450 pro-

909 469 1002 499 pterea
1017 465 1087 498 quod
1105 471 1164 497 post
1179 465 1286 491 Actium
1305 466 1398 498 dogma
1416 465 1467 490 hoc
1487 462 1634 489 Eunomius
1651 470 1693 489 re-

910 510 1036 541 novavit,
1055 516 1082 536 et
1102 511 1204 543 majore
1221 510 1346 542 audacia;
1363 518 1443 544 quam
1461 510 1506 543 qui
1525 508 1551 534 id
1573 508 1691 541 primum

912 555 1073 588 tradiderat,
1091 555 1225 582 defendit.

795 677 908 705 CAPUT
928 678 985 705 ΧΠ.

74 738 140 770 Περὶ
176 737 230 770 τῆς
245 736 389 771 αιρέσεως
408 735 468 763 τῶν
501 737 743 771 Ἀπολλιναρίων,
774 738 826 764 τοῦ
845 746 875 764 τε
895 739 1007 771 πατρὸς
1024 738 1071 764 καὶ
1088 738 1139 764 τοῦ
1153 737 1236 764 υἱοῦ·
1251 738 1299 763 καὶ
1329 737 1409 771 ὅπως
1425 739 1468 771 εις
1488 738 1544 771 τὴν
1576 739 1689 766 ιὶκείιιν

729 773 897 799 ἀπέκλιναν
911 773 1040 806 αἵρεσιν.

285 831 322 858 De
338 832 428 858 hwresi
448 831 642 866 Apollinarium
655 832 742 866 patria
761 837 784 858 et
796 831 856 865 ﬁlii,
873 832 1034 866 etquomodo
1046 833 1072 859 in
1093 841 1169 859 suum
1184 832 1343 859 declinarinl
1359 833 1491 859 Ιιωνρδὶηι.

109 889 283 924 Apollinares
299 888 370 916 duos
385 889 479 921 fuisse,
498 895 603 924 patrem
619 895 647 916 et
664 889 760 921 lilium,
778 894 857 916 antea
874 895 894 922 Β
909 897 1056 917 numerosa
1071 890 1154 916 etiam
1174 890 1296 916 carmina
1319 890 1443 924 qu:edam
1460 890 1494 917 ab
1513 890 1571 924 ipso
1588 891 1692 925 Apolli-

74 936 201 962 diximus.
226 935 260 962 Et
282 941 361 970 pater
376 936 487 969 quidem
503 936 656 971 presbyter,
675 935 746 962 ﬁlius
763 942 854 962 autent

75 983 157 1008 lector
177 980 228 1007 fuit
248 989 256 1006 :
277 986 393 1015 uterque
407 980 511 1008 Graecis
530 981 685 1016 disciplinis
701 982 778 1008 valde
794 989 858 1008 etu-

75 1029 153 1054 ditus.
185 1027 266 1054 Pater
288 1027 493 1061 grammaticus,
516 1027 588 1055 filius
612 1027 705 1054 rhetor
730 1027 855 1062 insignis.

75 1073 150 1099 Pater
165 1072 344 1098 Alexandria:
358 1076 447 1104 ortus,
464 1072 624 1106 aliquandiu
642 1072 732 1107 Beryti
752 1072 856 1099 litteras

74 1119 176 1145 docuit.
218 1117 359 1144 Laodicea:
398 1125 464 1144 vero
495 1117 670 1144 matrimonio
698 1122 855 1150 contracto,

74 1164 157 1189 tilium
189 1163 381 1197 Apollinarem
412 1164 568 1198 progenuit.
595 1163 692 1190 lntima
723 1164 763 1190 eis
793 1171 855 1190 cum

75 1207 227 1242 Epiphanio
244 1208 377 1241 praeclaro
401 1209 524 1242 sophista
541 1207 662 1234 amicitia
680 1208 742 1235 fuit.
761 1209 782 1234 A
801 1216 854 1242 quo

73 1262 101 1282 ιιι
119 1254 344 1288 sejungerentur,
362 1261 395 1280 ne
413 1253 570 1280 Theodotus
587 1254 697 1288 quidem
711 1255 857 1288 episcopus

73 1299 252 1326 Laodicensis
267 1298 432 1325 auctoritate
454 1303 482 1326 et
498 1299 646 1326 interdicto
664 1308 714 1326 suo
730 1300 856 1326 obtinere

74 1345 172 1379 potuit.
201 1344 356 1371 Permultos
379 1344 406 1370 hi
435 1350 462 1370 et
489 1345 569 1371 utiles
590 1345 719 1372 Ecclesia:
744 1345 857 1371 edidere

73 1391 168 1421 libros.
183 1390 264 1418 sicuti
278 1394 357 1416 antea
373 1398 388 1417 a
400 1390 480 1416 nobis
491 1394 534 1417 est
546 1390 660 1417 dictum.
678 1390 780 1417 Deinde
793 1399 856 1417 vero

73 1437 98 1462 in
117 1437 247 1463 haeresim
269 1435 388 1462 nominis
407 1436 448 1462 sui
464 1435 534 1462 foede
555 1441 619 1462 sunt
642 1436 770 1470 prolapsi.
789 1436 858 1463 Nam

71 1482 240 1516 Apollinaris
255 1481 336 1512 filius,
351 1481 442 1508 multis
455 1481 489 1508 ab
504 1481 625 1508 Ecclesia
641 1481 776 1513 abductis,
793 1489 857 1508 suos

72 1528 123 1554 sibi
141 1531 301 1554 conventus
315 1527 381 1561 egit,
402 1527 561 1560 sociumque
583 1527 768 1553 constituendi
784 1526 856 1561 dog-

72 1573 153 1600 matis
171 1573 214 1599 sui
235 1569 350 1599 Vithlem
365 1571 470 1606 accepit
483 1571 696 1603 Antiochenutn,
714 1580 746 1598 ex
762 1579 857 1598 eorutn

72 1627 189 1645 numero
206 1619 254 1652 qui
277 1618 376 1644 Meletii
393 1617 541 1644 Ecclesiam
560 1618 779 1652 frequentabant,
796 1625 858 1652 pre-

71 1667 231 1700 sbyterum,
250 1665 339 1691 virum
364 1665 467 1691 nemini
490 1664 591 1690 illustri
615 1664 675 1690 vita:
699 1669 727 1690 et
750 1671 857 1690 morum

70 1712 220 1738 sanctitate
243 1710 384 1737 cedentem
403 1710 453 1744 (2),
475 1714 502 1736 et
524 1717 619 1736 eorum
641 1709 688 1744 qui
712 1709 773 1736 fidei
799 1710 858 1744 ejus

69 1756 213 1783 commissi
229 1757 339 1782 fuerant
351 1755 537 1782 ettraudorutu
549 1763 678 1790 perquam
691 1755 856 1788 studiosum,

69 1810 159 1835 eaque
180 1803 215 1828 de
230 1808 313 1827 causa
328 1807 342 1826 a
365 1801 464 1834 populo
477 1801 582 1835 egregie
602 1801 706 1827 cultum
724 1805 751 1827 et
773 1807 857 1826 vene-

71 1854 172 1874 ratum.
205 1847 292 1873 Paulo
319 1850 381 1879 post
408 1846 503 1877 enim,
530 1853 592 1872 cum
621 1854 636 1872 a
667 1846 859 1873 communione

73 1895 175 1922 Melctii
190 1894 375 1926 discessisset,
390 1894 540 1928 Apollinari
559 1901 588 1921 se
604 1894 756 1928 conjunxit,
772 1899 859 1920 secta-

74 1941 243 1974 torihuSque
259 1940 317 1974 ejus
328 1939 479 1967 Antiochia:
495 1939 613 1974 pnefuit,
626 1939 687 1966 vita:
706 1940 858 1966 reverentia

74 1995 130 2013 non
145 1986 274 2020 exiguam
293 1985 380 2020 plebis
394 1990 498 2020 partem
512 1985 648 2011 addictam
665 1985 716 2012 sibi
731 1985 834 2011 habens
849 1993 856 2011 :

71 2034 118 2066 qui
140 2032 227 2058 etiam
246 2031 356 2058 nomine
377 2031 410 2057 ab
429 2038 463 2057 eo
479 2035 603 2064 accepto,
626 2030 755 2057 Vitaliaui
773 2037 857 2064 usque

70 2079 104 2104 ad
129 2077 283 2104 Theodosii
308 2077 427 2111 junioris
451 2077 597 2110 imperiutu
621 2076 656 2102 ab
680 2075 858 2104 Antiochenis

70 2129 135 2149 sunt
152 2122 255 2150 vocati.
275 2122 379 2149 Dicitur
395 2126 485 2148 autetu
506 2122 557 2148 hoc
574 2121 672 2148 fecisse
684 2123 786 2154 delete
807 2123 858 2148 im-

71 2169 167 2201 pulsus
185 2176 192 2193 :
211 2167 326 2201 perinde
345 2171 427 2200 atque
448 2174 463 2193 a
487 2166 626 2197 Flaviano,
643 2167 689 2200 qui
706 2172 798 2201 postea
817 2174 858 2193 se-

70 2215 132 2239 nent
151 2212 352 2238 Antiochenam
378 2211 494 2244 accepit,
518 2216 574 2237 tum
601 2215 691 2237 autem
715 2212 856 2245 presbyter

71 2266 133 2284 cum
150 2258 198 2284 illo
212 2263 284 2288 erat,
307 2256 469 2290 despectus,
485 2261 512 2282 et
527 2257 676 2290 quominus
692 2257 857 2283 familialiter

70 2313 134 2331 cum
151 2303 284 2336 episcopo
297 2309 356 2328 esse
369 2306 478 2335 posset,
497 2302 644 2336 impeditus
658 2303 763 2330 luisset.
780 2303 857 2335 Quod

71 2357 193 2384 namque
210 2356 242 2375 ea
266 2356 295 2374 re
317 2348 479 2374 diminutam
492 2355 556 2375 esse
574 2348 671 2374 famam
687 2356 765 2375 suam
781 2354 859 2382 puta-

71 2400 124 2427 ret,
152 2394 297 2421 hominum
315 2401 400 2424 more,
417 2393 510 2419 dolore
526 2400 559 2419 eo
581 2393 678 2423 victus,
697 2394 730 2420 ad
754 2394 858 2428 Apolli-

72 2449 167 2468 narem
187 2448 217 2466 se
235 2438 364 2469 contulit,
379 2443 406 2465 et
421 2447 483 2465 CUlll
501 2447 534 2465 eo
552 2439 774 2472 communicavit,
792 2439 860 2466 ami-

71 2488 137 2513 citia
153 2487 213 2521 ejus
235 2485 263 2512 iu
283 2485 378 2519 primis
396 2492 473 2511 usus.
495 2485 532 2511 Ex
550 2493 583 2511 en
602 2490 724 2519 tempore
748 2485 774 2511 in
797 2486 859 2512 aliis

70 2540 185 2566 quoque
225 2530 340 2556 urbibus
374 2530 425 2556 sub
454 2529 593 2564 episcopis
620 2530 678 2556 suis
706 2537 859 2558 conventus

71 2578 219 2609 habuere,
241 2580 269 2603 et
292 2576 361 2603 ritus
384 2576 419 2602 ab
444 2576 566 2603 Ecclesia
592 2576 727 2603 catholica
754 2577 859 2603 alienos

71 2624 256 2650 celebravere
279 2631 287 2649 :
311 2626 412 2656 praeter
435 2627 561 2656 receptas
584 2629 674 2648 sacras
696 2621 857 2655 cantilenas,

109 2692 149 2727 (l)
169 2690 209 2717 Ad
226 2688 415 2727 declarandam
441 2690 558 2727 ineptam
576 2693 611 2727 _et
639 2688 790 2727 improbam
804 2688 859 2727 Eu-

72 2722 160 2754 noiuii
175 2726 342 2759 impietatem
356 2727 383 2750 et
396 2724 626 2759 vaniloquentiam
639 2722 764 2749 Socrates
776 2724 857 2750 verba

71 2763 135 2796 ejus
148 2761 199 2787 ista
214 2758 317 2794 profert
330 2767 336 2785 :
351 2758 422 2785 Deus
435 2760 532 2796 desua
545 2758 601 2791 ipse
618 2758 772 2796 substantia
789 2759 857 2796 nihil

71 2793 205 2830 ainplius,
226 2801 306 2827 quam
333 2801 391 2824 nos,
415 2794 489 2819 novit
507 2801 513 2818 :
530 2800 618 2830 neque
643 2800 675 2830 ea
702 2794 789 2830 inagis
806 2793 857 2824 illi,

73 2827 159 2861 ιιιιιῖιιι
175 2830 264 2861 nobis,
285 2835 325 2855 est
352 2832 502 2862 perspecta.
521 2828 573 2854 Sed
591 2827 662 2862 quod
691 2827 724 2854 de
751 2836 782 2854 ea
809 2836 856 2854 nos

908 936 966 962 nari
988 936 1100 962 inventa
1115 935 1304 963 decantantes.
1318 936 1385 962 Nam
1405 937 1428 962 is
1443 942 1543 971 prmter
1557 937 1691 964 eruditio-

908 989 970 1007 nem
1004 980 1138 1016 rcliquam
1164 981 1191 1007 in
1220 981 1325 1014 poetica
1353 988 1463 1014 quoque
1493 982 1560 1007 varii
1584 984 1692 1016 generis

908 1026 1033 1052 versibus
1052 1026 1253 1059 componendis
1269 1026 1409 1053 cxcelluit.
1427 1027 1485 1057 Qua
1509 1027 1555 1053 ille
1572 1028 1693 1054 oblecta-

909 1072 981 1098 tione
995 1072 1098 1102 multis,
1112 1077 1141 1097 ut
1158 1071 1209 1097 sibi
1227 1072 1412 1103 adhaererent,
1430 1073 1578 1106 persuasit.
1595 1074 1626 1100 Et
1640 1073 1690 1100 viri

907 1116 935 1143 in
951 1116 1202 1150 compotatiouibus
1223 1125 1408 1151 manuumque
1436 1117 1516 1152 126
1535 1118 1689 1148 laboribus.

907 1162 1038 1189 mulieres
1065 1170 1175 1196 quoque
1202 1162 1230 1188 in
1262 1161 1382 1188 lanificio
1411 1170 1461 1188 suo
1486 1163 1606 1190 carmina
1634 1164 1693 1198 ejus

908 1209 1070 1242 psallebant.
1085 1208 1124 1234 Ad
1138 1207 1224 1234 studii
1237 1207 1309 1234 enim
1322 1207 1482 1234 etlaborum
1494 1209 1691 1240 laxamentum,

907 1255 940 1281 ad
957 1254 1017 1280 dies
1035 1254 1129 1285 festos,
1148 1258 1175 1279 et
1186 1253 1219 1279 ad
1238 1260 1280 1279 res
1302 1253 1380 1283 alias,
1400 1257 1481 1287 prout
1495 1259 1602 1288 tempus
1623 1255 1688 1286 fert,

908 1306 1032 1335 poemata
1054 1299 1217 1331 elaboravit,
1238 1307 1299 1333 quae
1316 1299 1349 1325 ad
1366 1299 1473 1325 laudem
1493 1300 1537 1326 Dei
1555 1300 1692 1334 pertinent

908 1347 1010 1374 omnia.
1031 1347 1104 1373 llauc
1121 1346 1245 1372 haeresim
1263 1345 1345 1372 latius
1360 1353 1481 1379 serpere,
1503 1353 1564 1372 cum
1586 1347 1692 1380 prituus

909 1393 986 1419 urbis
1002 1393 1094 1419 Romae
1107 1392 1256 1426 cpiscopus
1270 1390 1402 1418 Damasus
1415 1395 1443 1418 et
1458 1391 1556 1418 Petrus
1577 1391 1690 1418 Alexan-

908 1439 1006 1466 drinus
1026 1438 1229 1472 cognovissent,
1246 1442 1342 1464 coacto
1365 1437 1456 1463 Roma:
1473 1437 1605 1469 concilio,
1624 1437 1691 1464 alie-

908 1491 971 1510 nam
985 1490 1046 1509 esse
1067 1483 1100 1509 ab
1119 1482 1242 1509 Ecclesia
1262 1482 1411 1508 universali
1428 1487 1594 1509 statuerunt.
1611 1483 1692 1516 Apol-

908 1529 1006 1556 linaris
1023 1529 1105 1555 etiam
1130 1529 1187 1562 ipse
1208 1528 1302 1554 itidem
1318 1533 1430 1562 propter
1446 1529 1530 1555 animi
1549 1530 1693 1556 imbecilli-

871 1561 893 1590 c
912 1580 1006 1606 tatem,
1022 1574 1148 1609 dogmate
1162 1581 1212 1601 suo
1226 1574 1407 1606 instituendo,
1423 1582 1466 1601 res
1482 1582 1566 1601 novas
1582 1576 1692 1602 molitus

909 1629 969 1648 esse
996 1621 1118 1652 dicitttr,
1152 1620 1309 1656 hujusmodi
1340 1620 1373 1647 de
1403 1629 1508 1647 causa:
1526 1622 1692 1648 Athanasius

907 1667 1100 1694 Alexandrina:
1124 1666 1253 1694 Ecclesia:
1277 1667 1435 1701 cpiscopus,
1457 1667 1508 1693 sub
1530 1667 1691 1694 Constantio

909 1714 936 1740 in
956 1713 1082 1740 exsilium
1098 1717 1186 1743 actus,
1210 1720 1273 1738 cum
1292 1713 1318 1738 in
1336 1713 1481 1747 [Egyptum
1501 1713 1589 1740 redire
1601 1714 1692 1748 jussus

908 1764 993 1790 esset,
1015 1763 1043 1786 ct
1060 1767 1107 1793 per
1129 1758 1291 1786 Laodiceam
1311 1759 1361 1786 iter
1384 1759 1496 1791 faceret,
1513 1768 1575 1786 cum
1592 1760 1692 1794 Apolli-

908 1805 979 1837 nari,
995 1805 1067 1840 quod
1084 1805 1268 1832 amicissimos
1280 1804 1304 1831 ei
1319 1809 1401 1837 esset,
1416 1805 1587 1832 familiariter
1601 1813 1693 1832 versa-

909 1856 953 1878 tus
977 1856 1029 1878 est.
1053 1851 1131 1883 Quod
1158 1854 1269 1880 autent,
1290 1850 1338 1883 qui
1361 1850 1470 1876 diversa
1494 1856 1573 1876 erant
1596 1856 1690 1881 secta,

909 1896 1104 1923 cummercium
1122 1899 1149 1921 et
1167 1895 1388 1921 communionem
1404 1895 1463 1929 ejus
1479 1895 1563 1922 veluti
1577 1897 1692 1931 jurisju-

909 1941 989 1968 randi
1014 1945 1186 1968 sacramento
1207 1940 1368 1973 abnegatam
1391 1945 1594 1972 aversarentur,
1620 1941 1692 1968 inter

909 1994 978 2021 quos
1010 1991 1037 2014 et
1068 1986 1200 2020 Georgius
1231 1985 1407 2012 Laodicensis
1437 1985 1586 2019 episcopus
1613 1986 1688 2013 fuit:

909 2033 1094 2067 Apollinarem
1110 2031 1132 2058 is
1144 2038 1176 2057 eo
1189 2031 1300 2057 nomine
1315 2031 1348 2057 ab
1360 2031 1478 2057 Ecclesia
1492 2031 1618 2063 exclusit,
1634 2036 1692 2059 tan-

909 2084 991 2112 quam
1007 2080 1102 2103 contra
1118 2083 1238 2102 canones
1255 2081 1281 2102 et
1296 2083 1387 2102 sacras
1399 2076 1613 2103 constitutiones
1629 2085 1691 2104 cum

908 2123 1060 2150 Athanasio
1085 2121 1189 2148 fuisset.
1221 2121 1254 2147 Et
1284 2128 1346 2147 cum
1375 2121 1502 2148 criminis
1528 2122 1588 2149 loco
1614 2123 1638 2149 id
1665 2124 1692 2150 ei

910 2169 1022 2203 ohjccit,
1047 2173 1103 2194 tum
1130 2167 1263 2193 rationem
1286 2166 1369 2193 etiam
1392 2172 1420 2193 et
1443 2174 1549 2201 prauam
1569 2173 1691 2195 veterum

908 2219 991 2247 atque
1018 2213 1178 2246 paenitentia
1200 2211 1419 2238 oblitteratorum
1445 2217 1601 2239 erratorum
1629 2221 1691 2240 cum

909 2257 1036 2285 convicio
1061 2257 1094 2283 ab
1121 2263 1154 2283 eo
1176 2257 1276 2290 exegit.
1302 2256 1370 2283 Cum
1395 2264 1512 2290 namque
1535 2257 1693 2284 Theodotus

910 2309 973 2331 ante
990 2311 1054 2330 cum
1073 2303 1163 2330 adhuc
1184 2301 1380 2328 Laodicensem
1405 2302 1554 2328 Ecclesiae
1577 2309 1692 2337 regeret.

910 2351 1029 2377 maxime
1042 2355 1099 2377 tum
1116 2350 1223 2383 polletis
1237 2348 1409 2382 Epiphanius
1424 2348 1545 2381 sophista
1561 2348 1691 2383 hymnum

911 2395 939 2422 in
968 2395 1102 2422 Bacchum
1128 2394 1301 2425 recitaverat,
1317 2400 1373 2426 quo
1395 2398 1563 2426 praeceptore
1584 2394 1694 2428 juvenis

911 2440 1063 2467 etiamnum
1085 2439 1251 2473 Apollinaris
1275 2437 1411 2464 utebatur.
1434 2437 1598 2464 liccitationi
1620 2439 1645 2464 ei
1669 2439 1693 2465 is

911 2493 972 2512 eum
999 2492 1075 2520 patre
1107 2485 1160 2512 sibi
1191 2483 1356 2518 cognomine
1386 2484 1564 2516 grannnatico
1591 2484 1692 2519 insigni

910 2531 1000 2558 aﬂuit.
1016 2531 1107 2565 Atque
1124 2530 1170 2558 ubi
1186 2529 1355 2564 Epiphanius
1370 2528 1520 2555 orationem
1536 2536 1595 2555 eam
1611 2537 1692 2563 exon;

911 2583 1003 2607 suros,
1026 2575 1106 2602 sicuti
1124 2577 1165 2602 eis
1180 2575 1226 2610 qui
1244 2574 1381 2609 specimen
1398 2574 1506 2607 aliquod
1525 2575 1618 2601 taliqu
1634 2582 1694 2602 stu-

911 2622 1019 2648 diorum
1031 2621 1174 2654 exhibent,
1187 2629 1245 2648 mos
1256 2625 1308 2653 est,
1324 2627 1377 2647 non
1390 2619 1511 2647 initiatos
1526 2626 1553 2647 et
1564 2622 1693 2655 profanos

910 2688 1023 2718 scimus,
1043 2687 1114 2714 idem
1133 2692 1160 2713 et
1175 2687 1233 2721 ipse
1249 2694 1361 2720 prorsus
1372 2687 1423 2714 scit
1439 2695 1446 2714 :
1461 2693 1488 2714 et
1506 2695 1604 2714 rursus
1620 2688 1692 2721 quod

911 2723 958 2749 ille
986 2723 1071 2750 novit.
1097 2721 1123 2748 id
1150 2721 1175 2747 in
1200 2722 1278 2748 nobis
1301 2728 1410 2755 quoque
1433 2722 1560 2750 similiter
1576 2723 1693 2750 'omnino

911 2758 1039 2792 reperias.
1058 2756 1090 2783 Ut
1105 2764 1197 2790 supra.

947 2793 985 2827 (2)
998 2793 1107 2819 Soloni.
1123 2791 1170 2818 lib.
1189 2799 1226 2823 vn,
1243 2798 1302 2825 cap.
1320 2791 1365 2820 25.
