1905 3048
216 137 265 170 (ill
824 135 1017 164 NICEPIIOB

1092 134 1231 164 tLLIaTI
1835 130 1857 159 Ε
1870 127 1902 158 ΞΕ

218 194 294 220 exire
308 195 335 218 et
351 190 446 225 procul
465 196 525 216 esse
544 188 672 224 jussisset
694 195 701 214 :
719 195 807 221 neque
828 187 1005 222 Apollinaris.
1023 193 1043 218 Α
1062 196 1113 214 non
1131 187 1279 222 persuasit,
1296 194 1415 214 maerore
1430 191 1575 220 correptus
1589 185 1742 213 Ecelesiam
1763 183 1902 211 turba.

219 246 308 273 neque
322 238 381 271 ejus
396 241 483 271 pater,
506 243 593 269 neqtte
610 235 690 261 etimit
710 236 781 260 alius
799 233 937 267 qtllspialtt
959 233 1005 266 qui
1061 235 1110 264 vit,
1135 240 1162 261 et
1190 234 1316 268 dogmate
1343 241 1416 260 ιιογο
1438 233 1563 259 [ml-esi."
1590 240 1667 258 suum
1691 231 1897 257 introduxit

219 286 256 312 ibi
278 284 394 311 aderant
410 282 645 310 Christianorum.
664 287 695 306 ex
721 279 862 306 auditorio
882 279 1007 305 secessit.
1061 281 1151 315 quoad
1175 280 1265 314 putuit
1282 288 1288 305 :
1307 280 1468 314 compositis
1484 284 1543 305 arte
1561 278 1749 308 Orationibus,
1769 277 1902 304 iuimi.

221 332 247 358 lit
261 337 405 365 postquam
419 328 533 355 rescivit
544 327 705 354 Theodotus
718 326 876 360 episcopus,
894 327 1008 351 moleste
1061 335 1122 353 cum
1142 327 1287 356 ulciscens,
1307 330 1334 352 ct
1351 325 1423 359 quod
1438 332 1467 351 se
1484 325 1510 350 in
1526 331 1668 350 sacrarunt
1683 323 1902 350 Litterarum

222 378 293 404 tulit.
312 377 343 402 l‘lt
361 377 421 403 aliis
435 375 547 410 quidem
563 382 596 401 ex
608 373 708 407 populo
725 373 901 407 aliquatenus
913 371 1010 406 objur—
1062 372 1187 398 doctrina
1206 372 1252 398 illo
1268 371 1491 405 priestautiorem
1505 373 1712 396 exauctorassct
1724 375 1902 403 arguens.

221 424 306 457 gatis.
338 421 452 457 gratiam
481 421 574 447 delicti
602 419 666 445 fecit
695 427 702 445 :
731 417 912 452 Apollinarim
940 424 1009 443 vero
1062 419 1100 445 Ad
1121 418 1322 445 huucmodutn
1342 417 1449 444 scilicet
1464 416 1579 450 privata:
1593 415 1773 445 clericorum,
1803 419 1902 440 lent-

225 475 375 502 ntrutnque
391 476 452 494 cum
470 468 510 494 eis
529 466 669 502 propalam
689 470 831 499 peccatum
848 464 1008 497 objccisset.
1062 473 1127 500 pore
1142 465 1275 499 quolzbct,
1292 464 1453 495 inimicitia,
1467 462 1587 489 maxime
1601 461 1753 489 Ecclesiant
1772 460 1902 487 detri—

221 516 255 541 al)
279 515 398 541 Ecclesia
421 513 586 548 segregavit.
607 512 692 538 Erant
709 511 782 537 enim
807 510 914 541 clerici,
932 514 1010 543 pater
1063 517 1156 538 metito
1183 511 1309 541 affect-re,
1338 515 1367 537 et
1388 510 1553 543 religionem
1585 510 1610 534 in
1638 513 1728 534 sectas
1758 506 1902 533 multas

222 561 332 594 quidem
350 560 506 595 presbyter.
523 559 595 585 illius
615 566 679 584 vero
692 564 833 583 sacrarum
851 557 1011 590 Scriptura-
1062 559 1233 585 (lissceuere.
1257 556 1284 583 Id
1301 557 1364 583 inde
1381 556 1449 583 satis
1464 556 1563 589 liquet.
1579 554 1606 581 Si
1623 554 1696 581 enim
1712 553 1828 580 itidem
1861 557 1902 577 ιιι

223 616 283 634 rum
306 607 396 634 adhuc
413 607 509 633 lector.
531 605 726 631 Intercessvrat
743 603 848 636 aliquid
865 604 1010 637 temporis,
1063 603 1234 632 Theodotus,
1254 601 1389 635 Georgius
1410 607 1521 634 quoque
1544 598 1725 633 pwnitentem
1753 595 1901 630 Apolli-

223 659 251 680 ct
269 661 326 684 eos,
343 657 486 687 postquam
505 650 632 685 lacrymis
655 654 682 675 et
703 649 817 683 jejuuiis
833 649 937 675 crimen
961 650 1012 676 ad-
1063 649 1152 675 narim
1169 648 1349 682 suscepisset,
1374 646 1488 673 haeresis
1502 652 1564 680 quae
1580 644 1614 671 ab
1635 651 1668 670 eo
1686 650 1797 670 nomen
1828 642 1899 668 ha—

224 700 336 725 missum
354 699 520 732 poenitentes
547 696 744 726 abolevissnnt,
770 694 931 722 Theodotus
953 704 1013 722 rur-
1065 695 1120 725 bet,
1144 699 1174 720 ut
1195 702 1245 728 ego
1270 693 1383 726 quidem
1408 697 1493 727 pttto,
1515 699 1571 718 non
1590 695 1723 717 exstaret.
1746 688 1895 722 Ingenia

222 751 282 770 sum
314 743 341 769 in
377 742 493 775 gratiam
525 743 641 774 recepit.
670 739 720 766 Ubi
755 745 846 766 autem
878 740 1012 776 Georgius
1064 740 1336 772 namqnehominum
1350 739 1372 765 si
1386 737 1489 773 despici
1505 737 1668 768 sevidcant,
1681 740 1893 769 arrogantem

223 790 414 823 episcopatum
429 792 471 814 est
485 788 611 821 adeptus,
630 785 911 819 ctApulliuariscutu
928 787 1013 814 Atha~
1064 787 1206 813 audaciam
1235 786 1408 820 concipiunt,
1433 790 1461 811 et
1484 782 1669 811 contendeudi
1693 781 1791 809 studio
1830 787 1894 808 res

224 836 302 862 nasio
328 834 503 861 familiariter
530 833 591 864 fuit,
619 831 852 866 quemadmodum
879 833 1011 865 diximus,
1031 863 1047 866 ἓ
1066 841 1150 859 novas
1166 832 1328 859 moliuntur.
1345 833 1379 858 At
1396 830 1418 858 si
1435 830 1461 857 id
1478 830 1551 866 quod
1572 837 1682 864 tequum
1698 834 1743 856 est
1761 835 1895 855 consc-

224 881 494 908 cxcomtnuuiealum
517 887 580 906 cum
598 879 719 906 Eoolosia
735 878 838 913 exegit.
862 879 951 913 Atque
968 879 1013 906 ille
1032 875 1051 890 "
1067 884 1202 914 quuntur,
1225 879 1259 906 ad
1280 877 1498 905 moderationem
1512 884 1542 904 se
1559 875 1635 908 dant,
1655 879 1683 902 et
1706 879 1785 902 sorte
1821 880 1891 901 sua

225 935 296 962 sche
312 927 461 962 Georgium
475 927 590 957 dicitur,
608 930 637 952 ut
656 928 681 951 in
703 925 926 952 communionem
944 926 1015 953 reci-
1069 924 1193 952 contenti
1212 929 1277 952 sunt
1293 925 1344 959 (Ι),

225 981 348 1010 pcretur,
370 975 546 1009 deprecando
561 974 732 1001 obsecrasse.
749 971 850 999 Verum
870 974 915 1000 ubi
935 973 961 1000 id
978 973 1015 999 illi

1031 863 1051 890 B

882 1054 960 1089 127
978 1053 1090 1081 CAPUT
1111 1052 1183 1080 xm.

268 1113 315 1145 Ὠς
333 1112 492 1145 Βασίλειος
507 1112 556 1138 καὶ
570 1113 734 1146 Γρηγόριος
755 1111 839 1146 ἄμμιν)
862 1109 1055 1146 ἀντιριΐῄσεις
1070 1109 1151 1146 κατὰ
1166 1109 1317 1146 Ερνρμιου
1333 1108 1382 1135 καὶ
1409 1107 1636 1142 ’Λπολλιναρίου
1662 1106 1808 1142 ἔγραψαν
1824 1114 1834 1121 ⁸

812 1146 860 1172 καὶ
876 1146 943 1171 τίνα
957 1144 1038 1180 ἦσαν
1057 1145 1075 1172 ἂ
1088 1144 1289 1179 ἐδογμάτιζον.

265 1205 298 1232 Ut
316 1205 432 1232 Basilius
448 1210 471 1231 ct
491 1205 632 1241 Gregorius
650 1210 758 1240 uterque
777 1204 855 1231 libros
876 1205 1046 1241 refutntrorios
1066 1209 1157 1241 contra
1176 1202 1333 1241 Eutioiuiunt
1353 1206 1376 1228 et
1397 1201 1594 1237 Apollinarium
1611 1202 1765 1236 scripserint
1780 1211 1788 1229 .'
1804 1207 1835 1228 et

694 1238 751 1274 qua:
765 1242 875 1267 istorum
889 1240 1072 1266 hereticorum
1088 1239 1185 1273 fuerint
1205 1238 1352 1271 opiniones.

263 1300 438 1329 lCunomiutn.
463 1299 535 1334 quod
560 1299 699 1332 diximus,
722 1299 817 1325 eadem
845 1305 907 1325 cum
935 1297 1015 1324 Aetio

226 1347 329 1375 sentire
345 1347 437 1382 negari
455 1353 508 1373 non
536 1351 627 1381 potest
643 1345 694 1379 (2').
712 1345 779 1371 Nam
792 1350 818 1371 et
834 1345 892 1379 ipse
906 1345 1016 1370 Aetium

225 1396 421 1426 prameptorem
445 1391 548 1425 jactat,
574 1394 602 1416 et
626 1390 652 1416 id
680 1389 707 1416 iu
735 1390 847 1424 scriptis
872 1389 930 1423 ipse
959 1389 1018 1415 suis

226 1443 320 1472 aperte
338 1442 465 1465 testatur.
490 1437 676 1469 Apollinarem
693 1444 757 1463 vero
788 1435 871 1463 etiam
887 1442 1019 1462 accusans
1033 1453 1056 1483 ϐ
1071 1435 1235 1463 ahsurditati
1261 1435 1417 1469 pnetendit,
1442 1435 1536 1461 dicens

226 1485 375 1520 Gregorius
394 1483 526 1511 Nazianzi
547 1483 704 1516 episcopus,
724 1482 750 1508 in
769 1481 883 1516 epistola
898 1481 1016 1515 quadam

227 1532 261 1558 ad
284 1530 445 1558 Nectarium
466 1529 779 1562 Constantinopolitana:
799 1528 927 1555 Ecclesia:
944 1535 1015 1562 pra:-

228 1578 328 1608 sidcnt,
347 1577 404 1603 haec
416 1575 513 1603 scribit
531 1584 538 1602 :
556 1575 610 1602 «Et
627 1575 824 1602 detrimentum
840 1574 951 1609 quidem
966 1581 1017 1600 no-

228 1629 328 1655 strum,
356 1621 430 1657 quod
456 1622 483 1648 in
502 1622 564 1650 sinu
590 1627 684 1648 nostro
706 1620 840 1650 fovemus.
864 1621 1017 1648 Eunontius

229 1669 343 1696 minime
363 1676 395 1694 eo
423 1667 497 1702 quod
523 1667 639 1702 alicujus
663 1667 783 1693 nominis
805 1669 852 1697 sit,
871 1671 1019 1694 contentus

228 1721 270 1743 est
288 1724 296 1742 :
311 1723 406 1742 verum
433 1713 484 1740 nisi
502 1721 599 1741 omnes
621 1721 674 1740 una
696 1720 791 1740 secum
815 1714 841 1740 in
864 1713 1016 1748 perniciem

231 1759 380 1793 pertrahat,
394 1759 531 1794 jacturam
555 1757 581 1784 id
612 1765 671 1785 esse
690 1758 804 1792 judical.
826 1758 956 1785 Sedenitn
979 1763 1020 1784 to-

229 1806 342 1833 leranda
356 1806 414 1832 hace
427 1806 537 1840 quidem
556 1809 630 1832 sunt.
643 1803 723 1837 Quod
739 1809 830 1830 autem
846 1805 873 1830 in
889 1804 1019 1831 Ecclesiae

229 1853 432 1880 calamitatibus
448 1859 547 1880 censeo
576 1855 658 1886 longe
685 1851 890 1886 gravissimum,
920 1851 1023 1886 Apolli-

229 1901 395 1927 naristarutn
419 1902 461 1926 est
483 1898 645 1933 itupunitas.
666 1897 740 1929 Quos
769 1897 862 1924 nescio
881 1899 1020 1932 quomodo

229 1947 362 1973 sanctitas
386 1949 433 1972 tua
458 1945 582 1979 negligit,
609 1943 790 1970 cottcionandi
812 1949 1021 1979 eom'etttusque

230 1992 346 2026 cogendi
374 1991 515 2018 licentiam
543 1997 622 2024 aequa
650 1990 794 2017 nobiscum
828 1994 965 2024 potestate
992 1994 1021 2017 et

229 2039 365 2072 dignitate
380 2037 431 2064 sibi
449 2036 500 2070 ipsi
519 2039 694 2070 usurpantes.
709 2035 750 2062 Tu
768 2036 892 2068 quidetn,
909 2036 957 2070 qui
972 2043 1022 2070 per

229 2084 322 2111 omnia
339 2090 454 2117 prorsus
474 2082 551 2116 juxta
568 2081 615 2108 Dei
634 2082 750 2116 gratiam
767 2081 794 2108 in
812 2082 914 2108 divinis
927 2082 1020 2108 erudi-

1068 1297 1114 1323 sed
1139 1305 1153 1323 a
1175 1296 1312 1331 principio
1334 1296 1472 1323 carnalem
1496 1295 1570 1322 illam
1598 1301 1726 1322 naturain
1750 1295 1779 1322 in
1796 1295 1880 1323 Filio

1068 1342 1164 1369 fuisse.
1189 1344 1278 1377 Atque
1301 1350 1444 1376 perperam
1475 1347 1619 1376 acceptum
1645 1341 1751 1369 dictum
1778 1344 1879 1377 quod-

1070 1389 1133 1415 dam
1168 1389 1357 1422 evangelicum
1393 1393 1524 1422 tattquaut
1555 1388 1746 1415 testimonium
1782 1394 1878 1415 tantm

1557 1443 1565 1461 :
1588 1433 1672 1461 Nemo
1694 1437 1822 1462 ascendit
1849 1437 1878 1462 in

1072 1482 1175 1513 malum,
1192 1482 1245 1508 nisi
1263 1482 1308 1516 qui
1330 1489 1343 1508 ε
1359 1481 1422 1508 caelo
1442 1481 1587 1514 descendit,
1611 1481 1693 1508 huius
1711 1483 1832 1509 hominis
1855 1484 1878 1509 ¹.

1074 1530 1113 1556 lta
1131 1535 1160 1556 ut
1178 1530 1339 1564 priusquam
1360 1529 1545 1560 descenderit,
1561 1528 1621 1562 ipse
1635 1528 1720 1555 Filius
1738 1529 1872 1556 hominis

1074 1576 1158 1603 fuerit
1182 1585 1187 1601 :
1211 1580 1239 1602 ct
1261 1575 1447 1607 descenderit,
1468 1583 1545 1602 suam
1570 1574 1642 1601 illam
1662 1575 1794 1603 deferens
1813 1584 1882 1603 car-

1074 1631 1149 1653 netn,
1178 1630 1260 1657 quatit
1289 1622 1315 1648 in
1339 1622 1410 1649 cmlo
1435 1621 1564 1649 habuerit
1587 1624 1819 1650 antcswcularem
1848 1628 1879 1650 et

1073 1669 1345 1696 CtlltSllelaltllnlttm
1366 1669 1417 1704 (4).
1433 1668 1464 1695 Et
1477 1676 1574 1696 rursus
1588 1669 1770 1703 apostolicam
1787 1671 1878 1698 aliam

1074 1717 1180 1750 profert
1193 1723 1288 1742 vocem
1303 1723 1309 1742 :
1325 1715 1477 1742 secundum
1501 1714 1639 1741 hominem
1658 1717 1754 1743 ecuzlo
1770 1725 1851 1745 esse.
1867 1727 1875 1741 ι

1076 1762 1178 1788 lleindc
1195 1761 1314 1788 instituit
1330 1761 1470 1788 hominem
1486 1761 1562 1788 illtttn
1578 1762 1624 1796 qui
1643 1769 1658 1789 e
1674 1764 1745 1789 cwlo
1764 1771 1876 1790 \enertt

1076 1813 1194 1836 tuentem
1225 1815 1277 1834 non
1307 1807 1431 1838 habere,
1460 1807 1507 1834 sed
1530 1807 1703 1834 divinitatem
1729 1808 1877 1844 Unigeniti

1076 1860 1202 1882 naturam
1227 1855 1328 1881 mentis
1343 1854 1508 1887 aditttplere,
1527 1859 1557 1881 ut
1572 1862 1632 1889 quae
1647 1856 1686 1887 (5)
1706 1863 1772 1889 pars
1791 1858 1876 1884 tertia

1078 1903 1203 1928 humana:
1219 1900 1466 1935 coagmentationis
1488 1901 1524 1928 sit
1547 1901 1628 1933 facta,
1653 1902 1744 1928 anima
1763 1907 1792 1929 et
1811 1910 1875 1929 cor-

1077 1953 1144 1980 pore
1168 1946 1330 1972 hutnauitus
1356 1945 1428 1972 circa
1459 1953 1519 1972 eam
1541 1946 1753 1979 essistentibus,
1779 1954 1876 1975 mente

1076 1992 1130 2019 illis
1143 1991 1310 2023 decollante,
1325 1995 1354 2018 et
1370 1991 1456 2018 verbo
1470 1992 1515 2018 IIei
1534 1992 1624 2018 locum
1637 1993 1698 2027 ejus
1712 1993 1874 2020 obtinente.

1078 2039 1167 2072 Atque
1184 2038 1313 2072 equidem
1339 2037 1461 2063 nondum
1483 2037 1535 2064 huc
1558 2045 1642 2072 grave
1667 2044 1711 2065 est
1726 2044 1875 2072 spcrtat-u-

1077 2084 1145 2110 lum.
1175 2083 1277 2110 Verum
1310 2082 1378 2109 illud
1404 2082 1527 2109 omniunt
1557 2083 1638 2117 longe
1663 2085 1872 2117 grthssitnnm,

229 2134 275 2156 tus
294 2138 324 2156 es
342 2128 496 2163 mysteriis,
513 2135 568 2154 non
588 2132 691 2155 unitum
709 2136 769 2162 qua:
784 2128 816 2155 ad
836 2128 1019 2162 patrocinium
1037 2139 1058 2165 ο
1073 2129 1147 2164 quod
1167 2129 1258 2163 ipsunt
1286 2129 1461 2164 unigenitum
1477 2129 1576 2161 Deum,
1594 2129 1715 2164 iudicem
1735 2131 1870 2162 omniunt,

229 2181 256 2200 et
273 2174 462 2201 defensionem
488 2174 536 2201 Dei
559 2174 635 2201 verbi
659 2179 797 2209 spectant,
818 2175 866 2202 sed
889 2182 922 2202 ea
938 2175 1022 2202 etiam

229 2229 291 2256 qua:
304 2221 339 2247 ab
360 2221 500 2248 haereticis
515 2220 649 2248 adversus
661 2221 800 2248 saniorem
818 2221 899 2248 fidem
915 2222 1025 2257 excogi-

231 2271 286 2294 tata
306 2271 382 2299 sunt,
401 2271 487 2294 tenes.
504 2269 631 2294 Attamen
650 2275 705 2294 tton
724 2267 912 2301 importuttunt
928 2267 1022 2301 fuerit,

230 2322 245 2340 a
265 2318 400 2341 tenuitate
420 2321 481 2340 mea
504 2313 738 2348 magnificentiam
760 2317 834 2339 tuam
860 2315 957 2342 audire
975 2315 1026 2342 ali-

229 2359 307 2394 quid.
335 2359 419 2386 lncidi
439 2361 464 2386 in
483 2359 652 2394 Apollinaris
676 2359 813 2392 libellum,
835 2362 882 2395 qui
908 2369 1018 2388 omnem

232 2405 391 2433 hazreticatu
409 2405 615 2440 improbitatem
635 2406 715 2440 longe
731 2412 853 2441 superat.
873 2408 1022 2435 Asseverat

230 2453 317 2485 enim,
339 2460 449 2480 carnem
466 2453 544 2486 juxta
561 2452 659 2480 salutis
680 2459 782 2481 nostra:
804 2455 1024 2482 administratio-

230 2507 291 2525 nem
314 2499 348 2525 ab
373 2498 516 2532 unigcttito
539 2498 608 2525 Filio
632 2504 737 2527 natura).
761 2507 862 2528 nostra!
886 2507 1024 2529 transmu-

230 2546 319 2571 tauda:
332 2546 436 2579 gratia»,
461 2553 516 2572 non
533 2547 712 2574 adventitiant
725 2548 763 2582 (5)
781 2554 936 2583 susceptam
953 2557 1026 2583 esse,

267 2616 274 2629 ‘
291 2615 368 2641 Joau.
386 2623 425 2646 III,
443 2616 483 2643 l3.

265 2687 302 2718 tl)
319 2687 347 2711 lu
374 2686 467 2713 Grzeco
493 2687 642 2722 Nieephori
666 2686 818 2721 exemplari
845 2685 952 2721 integer
974 2687 1019 2715 hic

228 2721 368 2753 sciter-nio
397 2722 492 2750 defuit.
523 2723 663 2748 [)clectum
691 2730 755 2748 euut
787 2722 866 2755 juxta
895 2723 1017 2756 capitum

228 2757 433 2784 :tttttntallOttcttt
459 2766 493 2784 ex
525 2758 588 2784 aliis
613 2757 808 2784 ecclesiasticn
835 2758 1019 2792 scriptoribus

228 2793 345 2826 C\plc\i.

264 2832 300 2857 t2)
319 2828 428 2854 50min.
448 2828 496 2854 lib.
514 2836 551 2859 γι,
566 2837 626 2862 cap.
645 2828 690 2854 ‘27.

265 2864 302 2897 (ὃ)
320 2864 362 2890 Μὴ
380 2865 537 2897 ἐπίκτητον.

1074 2181 1216 2204 auctorem
1239 2180 1268 2203 et
1292 2176 1391 2203 ducetn
1419 2177 1492 2207 vitat.
1518 2181 1546 2203 et
1571 2181 1738 2203 vastatorem:
1761 2178 1871 2207 mortis.

1075 2223 1221 2250 mortalem
1240 2222 1362 2250 instituit
1379 2231 1387 2249 :
1409 2223 1448 2250 ita
1469 2227 1499 2249 ut
1515 2223 1671 2257 passionem
1691 2222 1738 2250 ille
1758 2224 1784 2249 in
1803 2223 1872 2250 divi—

1074 2270 1161 2297 nitate
1183 2276 1234 2296 sua
1259 2270 1425 2303 susceperit,
1443 2274 1470 2296 ct
1490 2269 1516 2295 in
1542 2269 1671 2296 triduana
1691 2269 1736 2296 illa
1758 2269 1871 2296 mortiﬁ-

1074 2317 1184 2343 catione
1212 2316 1360 2351 corporis,
1389 2316 1470 2343 simul
1494 2317 1577 2343 etiam
1602 2324 1635 2342 ea
1661 2323 1724 2343 cum
1755 2323 1871 2350 corpore

1074 2368 1261 2395 cotnmortua,
1277 2367 1305 2390 et
1320 2362 1360 2389 sic
1376 2370 1391 2390 a
1408 2362 1489 2390 Patre
1505 2371 1615 2390 rursum
1637 2370 1651 2390 a
1667 2367 1763 2397 ,morte
1780 2371 1870 2391 resus-

1075 2411 1160 2437 citata
1186 2409 1233 2437 sit.
1260 2410 1377 2444 Reliqua
1405 2417 1467 2444 quae
1493 2410 1698 2444 importunitati
1730 2415 1811 2436 tantae
1830 2411 1870 2436 ille

1076 2457 1182 2492 adjicit,
1209 2457 1320 2492 longum
1345 2462 1418 2484 esset
1447 2465 1603 2484 recensere.
1628 2457 1780 2491 Opinioues
1807 2465 1869 2484 sane

1079 2503 1248 2538 Apollinaris
1267 2509 1295 2531 et
1310 2504 1438 2531 Eunomii
1463 2504 1559 2538 quales
1583 2504 1698 2534 fuerint,
1713 2511 1746 2530 ex
1765 2504 1799 2530 iis
1812 2511 1867 2538 quae

1080 2549 1154 2577 dicta
1178 2555 1254 2582 sunt,
1275 2551 1394 2584 quilibet
1409 2556 1570 2585 cognoscet.
1590 2550 1621 2577 Et
1649 2555 1678 2577 ut
1702 2550 1794 2577 facilis
1810 2558 1868 2577 cott—

1114 2691 1151 2725 (.2,-
1166 2689 1324 2724 Legcndutu
1338 2691 1365 2717 in
1380 2691 1477 2718 Greco
1492 2691 1715 2724 συνουσιωμένην
1727 2697 1778 2724 pro
1791 2699 1866 2717 συνω-

1076 2727 1224 2759 σιωμὲνιην.

1113 2763 1150 2795 (ἰη
1167 2762 1259 2796 Μέρος
1284 2761 1330 2787 τοῦ
1349 2761 1523 2796 ἀνθρωπίνου
1549 2761 1740 2795 συγκρίματος
1761 2762 1792 2787 τὸ
1811 2770 1865 2796 τρι-

1078 2799 1173 2832 μὸριον
1189 2798 1278 2832 ψυχῆς
1305 2805 1335 2822 τε
1354 2797 1401 2823 καὶ
1417 2798 1544 2831 σώματος
1565 2805 1638 2822 κατα
1653 2797 1686 2822 τὺ
1700 2796 1864 2832 ἀνθρώπινον

1077 2842 1110 2859 πε
1116 2833 1142 2868 pl.
1158 2833 1243 2859 αὐτὴν
1259 2833 1354 2859 ὄντων.
