1905 3048
240 87 292 118 6i5

852 81 1062 112 leJEPilOBl
1084 81 1255 110 CALLISTI

1830 73 1890 106 616

241 147 424 180 pernegantcs
445 141 479 169 ad
503 141 577 168 hunc
594 141 705 167 modum
724 140 751 167 in
770 139 885 166 crimine
904 138 964 172 ipso
981 137 1064 168 de-A
1078 144 1166 163 noxas
1193 136 1344 180 remittere.
1369 133 1511 170 Ejusmodi
1536 133 1643 180 litteras
1666 133 1694 160 in
1718 138 1890 180 provinciis

243 189 401 225 prehendit.
435 188 620 215 Accusatores
649 186 722 212 enim
756 192 853 212 eorum
884 183 952 210 falsa
981 190 1029 217 per

243 235 407 262 calumniam
429 234 549 265 deferre,
573 237 601 260 et
629 236 712 258 testes
739 230 880 257 mendacia
905 228 1028 263 proferre

244 282 324 308 dixit.
356 280 520 314 Adelphium
552 283 644 305 autettt
679 276 826 304 admodum
852 274 907 310 jant
936 281 1028 301 senem

243 326 341 353 blande
365 325 543 359 cctnpellans,
567 322 689 350 assidere
712 321 764 348 sibi
786 321 868 355 jussit
889 320 944 346 :Et
966 326 1029 350 nos,

244 371 344 405 inquit,
365 378 380 396 0
404 377 498 399 senex.
517 369 562 403 qui
586 369 640 403 jam
663 367 745 393 vitam
771 373 856 400 prope
877 367 1028 398 exegimus,

245 416 349 443 certius
365 423 427 442 cum
443 414 592 441 humanam
612 418 738 439 naturam
755 409 954 444 perspeximus,
972 413 1028 434 tum

243 461 466 488 adversariorum
486 460 641 486 dtemonum
660 456 841 490 cognovimus
858 455 1028 485 molitioucs,

244 507 335 540 reipsa
354 513 464 539 qttoque
487 505 580 539 gratia:
597 502 881 530 subministrationem
907 500 1030 535 perdidi-

244 554 345 579 cimus.
361 552 480 579 Juvencs
497 559 587 577 autent
613 550 669 580 isti,
691 549 736 584 qui
756 548 852 575 ltartttn
875 554 967 573 rerttm
986 554 1031 573 ac-

243 599 368 625 curatius
394 597 463 624 nihil
494 596 672 630 intelligunt,
701 602 842 622 sermones
870 594 1029 629 spirituales

243 644 339 670 audire
370 651 423 670 non
453 643 602 670 sustittent.
631 642 806 676 Quapropter
835 640 901 667 tnilti
930 640 1029 670 dicito,

243 690 381 725 quomodo
395 697 443 716 vos
458 688 608 723 perhibetis
620 696 682 715 cum
697 688 826 722 spiritum
840 686 1028 713 adversarium

243 735 361 766 cedere,
391 739 447 760 tum
478 733 597 768 Spiritus
625 733 711 760 sancti
740 732 856 767 gratiam
877 732 1030 759 advenire?

247 780 343 808 Verbis
372 780 447 807 hisce
476 787 560 807 senex
590 779 753 811 demulsus,
783 787 919 805 venenum
947 787 1029 805 onnte

1080 182 1209 216 degentes
1234 179 1361 207 homines
1393 187 1456 207 cum
1489 179 1672 214 accepiSsent.
1701 177 1890 205 sententiam

1080 235 1174 254 earutn
1188 232 1215 254 et
1226 226 1360 262 judicium
1378 227 1412 253 ad
1427 234 1519 253 mores
1531 233 1596 253 suos
1609 223 1890 253 accommodabam.

1082 273 1115 300 Ut
1134 273 1207 299 enim
1236 272 1281 300 ille
1307 271 1482 306 signiﬁcavit,
1512 279 1566 298 non
1594 269 1783 297 admittendos
1817 276 1890 295 esse

1081 317 1114 344 ad
1147 317 1287 352 tnysteria.
1314 317 1360 351 qui
1391 322 1452 351 post
1476 315 1643 350 baptismum
1669 318 1826 348 peccatum
1860 313 1890 338 in

1081 365 1195 387 mortem
1212 360 1411 387 admisissent:
1433 360 1494 386 aliis
1508 359 1618 394 quidem
1645 359 1747 387 acerba
1768 362 1803 384 et
1831 358 1890 383 itn-

1082 406 1170 433 manis
1185 406 1298 433 canonis
1316 406 1475 441 hujusmodi
1490 406 1546 433 visa
1577 410 1619 432 est
1633 413 1694 432 esse
1716 405 1890 434 SPnlenlia,

1081 451 1127 477 alii
1153 457 1261 485 autem,
1290 452 1363 487 quod
1388 453 1492 488 justum
1518 456 1546 479 et
1566 452 1600 478 ad
1617 451 1701 478 vitam
1719 457 1890 483 moresque

1081 496 1260 531 corrigendos
1291 498 1527 524 accommodatum
1553 504 1614 524 esse
1643 499 1798 523 censerent
1830 494 1888 520 dc-

1082 547 1200 575 eretutn,
1221 551 1368 578 suscepere
1383 544 1433 578 (ἓ).
1459 543 1495 571 De
1520 550 1574 577 quo
1595 550 1658 570 cum
1674 550 1725 576 per
1740 541 1889 576 questio-

1081 596 1144 614 nem
1167 589 1366 623 ambigeretur,
1391 589 1451 615 alia:
1476 588 1596 615 Cornelii
1621 587 1745 622 episcopi
1773 594 1887 620 super-

1081 641 1182 661 venere
1198 634 1308 666 litteras,
1333 635 1450 669 gratiam
1472 635 1565 662 delicti
1588 635 1672 661 etiam
1691 633 1749 659 illis
1762 640 1886 659 annun-

1083 680 1193 711 tiantes,
1210 681 1256 714 qui
1275 687 1335 715 post
1353 681 1521 716 baptismum
1537 685 1709 716 peccassent.
1734 679 1778 706 Ad
1800 679 1887 706 hunc

1081 726 1196 752 modutn
1212 734 1273 753 eutn
1292 728 1404 761 utrique
1420 728 1558 754 contraria
1573 727 1645 753 inter
1658 734 1687 753 se
1703 733 1754 760 per
1768 726 1887 759 episto-

1082 772 1122 798 las
1140 771 1303 803 scriberent,
1319 778 1347 799 et
1370 780 1431 807 qua:
1454 772 1585 800 dicebant
1608 772 1769 799 divinarum
1786 771 1887 798 Litte-

245 833 425 859 suppressum
452 825 597 857 evomuit,
633 830 661 852 et
689 825 794 852 nullam
825 825 968 851 utilitatem
995 833 1028 852 ex

1082 825 1174 844 rarum
1192 818 1312 845 oraculis
1327 818 1518 851 obfirtnarent,
1533 826 1584 853 pro
1603 818 1729 845 moribus
1751 817 1885 851 quisque

244 871 326 906 129
342 870 436 897 divino
464 871 601 905 baptismo
620 872 653 898 ad
678 879 726 898 eos
749 871 795 905 qui
814 879 848 897 eo
873 876 1027 903 uterentur,

244 915 390 950 pervenire
406 915 487 942 dixit.
504 915 594 942 Solam
612 921 703 942 autetn
727 915 880 942 orationem
904 915 1029 942 sedulam

244 961 396 987 daemonem
421 960 450 987 in
472 960 572 989 animis
598 960 770 987 habitantem
796 961 907 995 ejicere.
924 959 1031 987 Unum-

244 1013 382 1040 qucmquc
407 1006 480 1033 enitn
509 1006 556 1040 qui
587 1012 715 1033 nascatur
741 1006 880 1033 hominem
909 1013 924 1032 a
942 1006 1030 1040 pritno

244 1055 370 1084 parente,
400 1050 483 1077 sicuti
511 1055 649 1082 naturam,
671 1051 708 1077 ita
737 1050 894 1076 (immortua)
919 1058 1030 1085 quoque

245 1095 408 1121 servitutem
446 1095 567 1122 trahere.
610 1095 715 1127 Quibus
743 1095 903 1130 precatione
937 1096 1030 1122 sedula

245 1139 368 1170 exactis,
398 1139 530 1175 deinceps
557 1140 690 1174 Spiritum
724 1146 850 1167 sancttttn
882 1141 1029 1172 advenire,

245 1184 421 1218 praesentiant
439 1191 527 1217 suam,
544 1186 580 1212 ita
595 1190 623 1212 ut
638 1185 773 1212 setttiatur
788 1190 813 1212 et
830 1186 1029 1220 cort5picialur,

245 1230 424 1260 indicantem,
458 1238 615 1265 eoersque
635 1231 670 1258 ab
692 1231 870 1258 allectiouum
895 1240 943 1258 seu
969 1240 1031 1266 per-

243 1276 403 1309 pessionum
421 1280 495 1303 tnettt
516 1277 692 1309 liberantem,
711 1283 738 1304 et
754 1278 872 1304 animam
896 1279 929 1304 ab
950 1278 1029 1304 incli—

243 1322 354 1348 natione
375 1329 407 1349 ea
425 1330 485 1356 quae
508 1322 535 1349 in
556 1323 679 1350 deteritts
697 1324 762 1356 fert,
779 1323 815 1350 ita
831 1324 1029 1358 vindicantem,

244 1372 273 1393 ιιι
290 1372 386 1401 postca
402 1375 490 1402 neque
507 1368 677 1395 abstittetttia
697 1373 725 1396 et
746 1369 851 1404 jejunio
868 1377 970 1405 corpus
983 1378 1029 1398 ca-

243 1412 373 1446 stigante,
390 1421 480 1447 neque
498 1413 624 1440 doctrina
641 1422 703 1448 quae
714 1415 808 1442 frenos
819 1415 899 1442 nobis
911 1417 1028 1451 injiciat,

243 1462 270 1482 ct
297 1458 448 1491 composite
469 1459 610 1485 ambulare
638 1460 745 1492 doceat,
765 1461 800 1487 sit
826 1468 905 1495 opus.
936 1462 967 1488 Et
984 1463 1028 1489 cui

245 1507 283 1528 tta
304 1503 423 1536 Spiritus
448 1509 561 1530 sanctus
587 1505 745 1538 obvenit-et,
769 1514 831 1533 eum
857 1514 911 1533 nou
942 1508 1029 1535 solum

245 1554 258 1573 a
289 1548 415 1581 corporis
446 1549 651 1577 titillationibus
671 1551 802 1582 liberari.
833 1561 929 1579 verum
947 1554 1029 1580 etiam

244 1591 317 1618 clare
349 1592 440 1620 futura
470 1595 633 1628 praevidere,
666 1601 693 1622 et
715 1597 878 1624 Trinitatem
910 1599 1029 1626 divinam

245 1637 334 1664 oculis
358 1639 415 1665 suis
440 1647 564 1666 cernere.
595 1640 651 1667 lloc
673 1647 754 1675 pacto
778 1643 860 1670 divus
883 1644 1032 1672 Flavianus

246 1682 345 1715 putido
365 1684 467 1711 effosso
484 1685 572 1718 fonte,
588 1691 616 1714 et
641 1688 725 1722 impio
750 1689 855 1716 nudato
879 1689 971 1723 latice,
997 1691 1029 1718 ad

244 1728 384 1755 infelicem
403 1730 480 1756 illum
503 1739 596 1758 senem
616 1732 706 1766 inquit
724 1742 731 1760 :
748 1734 902 1763 lnvetcrale
923 1737 1029 1764 dierum

244 1774 390 1806 malorum,
407 1777 547 1810 redarguit
562 1781 588 1804 te
602 1785 633 1804 os
651 1783 740 1812 tuum,
755 1787 807 1806 non
825 1788 874 1815 ego
891 1789 898 1807 :
917 1786 943 1808 et
957 1782 1030 1809 labia

244 1825 290 1847 tua
312 1822 498 1849 testimonium
517 1823 829 1857 perhibueruntcontra
846 1831 882 1854 te.
903 1827 935 1854 Et
952 1833 1030 1862 peste

244 1867 288 1893 illa
306 1867 333 1893 in
349 1874 474 1902 apertum
493 1870 612 1903 prolata,
628 1869 707 1904 Syria
725 1876 789 1898 sunt
801 1873 900 1905 exacti,
913 1878 940 1899 ct
952 1873 1030 1900 Patu-

242 1913 361 1947 phyliam
379 1914 604 1949 cotntuigrantcs,
620 1923 680 1942 eam
700 1924 810 1951 quoque
830 1918 907 1945 clade
930 1919 1030 1954 imple-

242 1965 353 1986 verunt.
379 1961 470 1994 Atque
500 1961 557 1988 hsce
583 1962 695 1995 quidem
721 1963 754 1990 de
776 1965 902 1991 absurdis
928 1965 988 1992 istis
1002 1971 1030 1992 ct

243 2005 343 2038 ineptis
373 2006 527 2033 hteresibus
560 2007 615 2034 sint
647 2009 731 2035 dicta.
775 2009 878 2036 Eodem
907 2015 1029 2045 tempore

242 2048 389 2075 Novatiani
402 2051 440 2084 (1)
456 2059 568 2086 quoque
580 2053 724 2087 Phrygiam
740 2055 903 2087 incolentes,
919 2056 1029 2084 Pascha:

244 2094 316 2120 diettt
335 2094 435 2121 festum
460 2102 614 2126 mutavere.
642 2099 671 2125 ld
701 2107 782 2132 porro
808 2109 953 2134 exponam,
980 2103 1028 2129 ubi

244 2141 364 2174 printtttn
383 2142 491 2174 dixero,
506 2144 686 2177 quamobretn
704 2145 823 2180 Phryges
838 2153 864 2173 et
881 2148 1030 2183 l’aphlago-
1046 2142 1068 2168 Ῐ)

244 2193 295 2211 nes
320 2186 447 2212 Ecclesi‘c
468 2196 562 2214 corutn
587 2193 640 2215 tant
669 2190 785 2217 firmiter
810 2193 947 2220 retineant
976 2194 1028 2220 hu-

240 2230 359 2264 jusmotli
383 2232 548 2259 sanctiones.
574 2234 696 2261 Novatus
714 2237 860 2271 presbyter
882 2244 1028 2272 propterea

242 2276 276 2302 ab
307 2277 422 2304 ecclesia
450 2278 572 2305 Ronmta
601 2280 747 2313 discessit,
779 2283 851 2316 quod
884 2284 1028 2312 Cornelius

241 2323 388 2357 cpiscopus
405 2332 454 2351 eos
468 2325 500 2351 ad
516 2327 737 2353 communionem
755 2328 916 2362 admiserat,
938 2331 983 2364 qui
998 2331 1025 2357 in

243 2369 433 2402 persecutione
458 2371 492 2397 ab
517 2371 686 2405 itupcratore
711 2373 793 2401 Decio
820 2375 948 2408 excitata,
976 2377 1029 2404 diis

242 2413 477 2441 sacrificaverunt.
494 2415 568 2442 Hanc
582 2417 667 2450 ipsam
682 2418 717 2445 ob
730 2426 841 2445 causam
856 2427 1027 2455 segregatus.

242 2463 269 2485 et
280 2466 294 2484 a
310 2461 552 2489 consentientibus
565 2463 617 2489 Stbt
634 2464 771 2499 episcopis
787 2466 820 2492 ad
837 2467 1028 2501 episcopatum

243 2511 367 2538 evectus,
389 2508 518 2535 onmibus
537 2509 640 2544 ubique
655 2510 787 2539 Ecclesiis
802 2513 924 2547 scripsit,
944 2521 978 2540 tte
996 2514 1030 2541 ad

243 2552 371 2585 mysteria
399 2553 576 2588 percipienda
601 2563 649 2583 eos
670 2557 715 2590 qui
746 2558 950 2586 sacrilicasseut
981 2561 1027 2586 ad-

244 2595 386 2624 mitterent
403 2607 410 2625 :
425 2600 472 2626 sed
490 2601 564 2635 ipsos
581 2602 693 2636 quidem
711 2604 743 2630 ad
761 2604 952 2637 pccnitcntiam
977 2613 1026 2632 co-

242 2640 430 2677 l.0rtarcnlur,
448 2646 504 2674 Deo
518 2652 609 2675 autem
629 2649 717 2676 veniae
733 2651 940 2677 concessionem
961 2658 1026 2685 per-

241 2686 393 2721 mitterent,
409 2691 454 2724 qui
475 2692 549 2719 soius
570 2693 728 2722 facultatetu
745 2695 859 2722 haberet
885 2700 914 2722 et
932 2701 1025 2730 posset

279 2758 315 2799 (ξ)
331 2761 407 2799 .ﬁocr.
424 2761 470 2788 lib.
482 2770 523 2799 tv,
542 2771 601 2799 cap.
618 2764 662 2791 ΞΒ.

1081 864 1139 891 suis
1156 872 1216 892 cant
1233 865 1430 899 comprobabat
1445 865 1621 896 sententiam,
1640 864 1674 891 ad
1687 872 1775 899 quam
1792 869 1883 890 antea

1080 911 1162 937 etiam
1181 911 1329 938 inclinatus
1341 911 1425 946 magis
1441 911 1542 937 fuerat.
1554 911 1606 943 Qui
1617 911 1691 937 enitn
1704 911 1884 945 delinquere

1081 961 1109 983 et
1127 963 1241 991 peccare
1255 957 1374 983 libenter
1390 957 1462 984 soliti
1478 963 1570 989 erant,
1593 957 1767 993 ejuscemodi
1785 959 1883 984 venia:

1081 1003 1261 1028 concessione
1291 1007 1347 1029 tum
1375 1008 1497 1037 accepta,
1528 1011 1578 1038 per
1606 1004 1746 1038 reliquum
1773 1004 1883 1031 deinde

1081 1047 1144 1074 vitte
1171 1051 1278 1082 tempus
1305 1056 1337 1075 ea
1364 1049 1391 1075 in
1418 1049 1526 1076 delictis
1551 1049 1681 1077 ontttibus
1709 1050 1880 1077 utebantur.

1082 1093 1154 1120 Gens
1180 1102 1263 1128 porro
1293 1095 1430 1129 Phrygum
1453 1096 1561 1130 populis
1583 1095 1644 1123 aliis
1669 1098 1881 1130 temperantior

1083 1139 1307 1175 moderatiorque
1319 1149 1381 1168 esse
1394 1141 1512 1168 videtur.
1529 1142 1645 1170 Perraro
1658 1144 1734 1169 enim
1749 1143 1858 1178 Phrygi
1868 1151 1881 1169 s

1080 1187 1185 1222 juraut.
1213 1187 1247 1214 Et
1271 1188 1412 1214 iracundia
1436 1188 1548 1222 quidem
1583 1189 1655 1223 apud
1691 1189 1815 1224 Scythas
1851 1195 1881 1216 et

1083 1231 1206 1258 Thraces
1236 1231 1393 1259 dominatur
1415 1241 1422 1260 :
1449 1232 1556 1260 libidini
1582 1238 1610 1260 et
1637 1235 1881 1269 concupiscentiae

1083 1277 1238 1304 Orientales
1251 1278 1346 1313 populi
1368 1278 1454 1314 magis
1469 1280 1622 1307 inservimtt
1639 1289 1646 1307 :
1661 1280 1880 1317 Paphlagonum

1083 1327 1175 1349 autent
1192 1327 1220 1350 el
1235 1323 1374 1359 Phrygum
1391 1333 1458 1360 gens
1477 1326 1512 1352 ad
1528 1331 1657 1354 neutruttt
1680 1334 1778 1354 rerum
1808 1330 1880 1355 ista-

1085 1377 1145 1396 rum
1171 1378 1307 1405 propensa
1337 1376 1389 1398 est.
1420 1371 1516 1407 Neque
1540 1373 1614 1400 cttim
1641 1374 1699 1401 ludi
1725 1375 1880 1403 Circenses

1083 1423 1172 1450 neque
1202 1416 1357 1451 spectacula
1389 1425 1463 1445 nunc
1501 1421 1573 1453 apud
1609 1427 1658 1447 eos
1688 1421 1880 1450 exhibentur.

1045 1476 1066 1504 ο
1083 1464 1258 1498 Quapropter
1275 1464 1313 1491 illi
1329 1470 1411 1500 atque
1427 1465 1495 1493 item
1520 1467 1566 1493 alii
1585 1467 1708 1500 ejusdem
1727 1470 1879 1497 sententiae

1084 1510 1150 1535 mitti
1167 1511 1252 1545 magis
1268 1511 1402 1539 inclinare
1417 1512 1546 1540 videntur
1561 1513 1594 1540 ad
1612 1522 1644 1540 ea
1658 1523 1720 1549 quae
1737 1523 1752 1542 a
1768 1516 1880 1544 Novato

1083 1556 1240 1590 pra-scripta
1267 1562 1341 1584 sunt.
1367 1558 1540 1593 Prmeipuum
1560 1567 1679 1595 namque
1707 1563 1789 1596 apud
1817 1564 1879 1590 illos

1083 1607 1212 1636 tanquam
1229 1603 1365 1636 piaculum
1390 1609 1418 1631 et
1445 1605 1615 1633 aboutinatio
1639 1611 1682 1634 est
1707 1607 1877 1636 fornicatio.

1082 1645 1116 1673 Et
1130 1655 1196 1675 sane
1212 1648 1333 1683 Phryges
1353 1654 1381 1676 et
1398 1650 1587 1685 Paphlagones
1611 1652 1756 1680 moderate
1776 1655 1877 1689 magis,

1083 1701 1164 1728 quam
1179 1695 1246 1721 alias
1266 1703 1446 1730 quascunque
1461 1697 1590 1730 hatreses,
1609 1698 1704 1725 vivere
1726 1699 1878 1727 videmus.

1085 1739 1217 1767 Eamdem
1243 1748 1354 1768 causam
1380 1749 1441 1768 esse
1466 1743 1565 1777 opinor
1593 1744 1634 1771 eis
1656 1745 1741 1771 etiam
1768 1747 1822 1780 qui
1851 1747 1876 1772 itt

1082 1786 1303 1814 occidentalibus
1334 1789 1459 1822 partibus
1486 1789 1621 1822 habitant,
1646 1795 1675 1817 et
1696 1791 1801 1819 Novati
1831 1794 1878 1819 de-

1082 1837 1159 1859 creto
1191 1839 1300 1867 parent.
1338 1833 1425 1862 Porro
1451 1835 1574 1863 Novatus
1605 1837 1714 1864 etiamsi
1757 1845 1877 1874 propter

1082 1879 1204 1905 exactius
1228 1879 1291 1906 vita:
1319 1887 1405 1914 genus
1423 1888 1501 1908 suam
1527 1882 1580 1908 sibi
1604 1887 1707 1910 sectam
1738 1885 1874 1916 instituit,

1082 1931 1136 1950 tton
1151 1923 1195 1950 ille
1211 1929 1300 1951 tamen
1315 1925 1467 1960 quidquatu
1486 1926 1520 1954 de
1536 1926 1648 1954 Pascha:
1663 1928 1735 1956 festo
1753 1931 1804 1958 die
1819 1939 1877 1957 mu—

1083 1971 1160 1998 tavit.
1178 1971 1291 2006 Semper
1306 1980 1438 2007 namque,
1463 1973 1544 2000 sicuti
1564 1973 1761 2003 Occidentales
1782 1982 1874 2012 partes

1081 2017 1173 2043 facere
1204 2019 1289 2044 solita:
1318 2024 1408 2051 erant,
1438 2023 1466 2046 et
1494 2020 1552 2054 ipse
1574 2019 1679 2048 Pascha
1706 2024 1872 2051 celebravit.

1080 2061 1184 2088 Pascha
1211 2067 1302 2089 autem
1331 2064 1385 2090 illae
1408 2072 1517 2099 semper
1548 2071 1633 2101 agunt
1657 2068 1715 2102 jam
1746 2069 1816 2097 inde
1840 2070 1872 2097 ab

1083 2107 1174 2139 initio,
1192 2115 1225 2134 cx
1250 2116 1304 2142 quo
1329 2110 1478 2138 Christiani
1504 2118 1568 2139 sunt
1595 2114 1670 2146 facti,
1697 2121 1763 2150 post
1787 2118 1871 2152 aequi-

1083 2155 1215 2181 noctiutn.
1233 2155 1282 2181 llic
1299 2158 1473 2190 postmodum
1502 2159 1553 2186 sub
1569 2160 1713 2188 Valeriano
1733 2165 1870 2199 principe,

1082 2199 1129 2233 qui
1152 2201 1374 2234 persecutionem
1401 2203 1533 2230 adversus
1546 2203 1724 2232 Christianos
1748 2208 1870 2234 concita-

1080 2248 1169 2276 verat,
1184 2247 1315 2280 martyrio
1329 2247 1412 2274 vitam
1426 2248 1508 2276 finiit.
1523 2249 1574 2281 Qui
1593 2257 1656 2277 vero
1673 2251 1736 2285 ejus
1758 2254 1869 2279 nomine

1081 2292 1108 2317 in
1123 2291 1241 2326 Phrygia
1258 2298 1416 2326 censentur,
1430 2295 1466 2321 ab
1480 2295 1615 2323 institutis
1629 2301 1658 2324 et
1672 2300 1870 2326 communione

1079 2338 1139 2372 ejus
1154 2346 1215 2364 cum
1232 2338 1284 2365 sibi
1301 2340 1369 2373 ipsis
1381 2340 1556 2376 indulgentes
1568 2343 1797 2378 degenerassent,
1822 2347 1869 2372 hoc

1081 2387 1202 2418 tempore
1217 2385 1344 2417 paschale
1360 2393 1472 2421 quoque
1495 2388 1595 2415 festum
1621 2393 1777 2418 mutarunt.
1800 2392 1868 2419 Cott-

1079 2428 1143 2454 cilio
1170 2428 1243 2455 enim
1272 2430 1300 2456 in
1326 2430 1396 2457 Pazo
1427 2432 1502 2465 vico,
1536 2432 1583 2459 ubi
1617 2433 1748 2468 Sangaris
1777 2437 1865 2463 anmis

1081 2473 1161 2508 130
1180 2473 1270 2501 fontes
1284 2480 1361 2508 sunt,
1376 2482 1484 2508 coacto.
1498 2479 1578 2512 pauci
1590 2479 1701 2513 quidam
1714 2485 1744 2508 et
1756 2481 1866 2521 obscuri

1080 2527 1130 2553 per
1143 2520 1288 2555 Phrygiam
1313 2521 1531 2550 Novatianorum
1559 2525 1680 2560 episcopi
1696 2531 1866 2558 statuerunt,

1079 2567 1237 2594 .ludzeorutu
1261 2577 1354 2604 azyma
1382 2571 1555 2600 observanda
1572 2578 1600 2600 et
1624 2581 1686 2600 cuttt
1701 2576 1744 2602 eis
1762 2576 1865 2603 Pascha

1080 2613 1277 2641 celebrandum
1303 2623 1374 2643 esse.
1396 2616 1458 2644 Hice
1479 2618 1533 2645 sibi
1558 2621 1714 2647 renuntiata
1739 2628 1804 2648 esse
1820 2622 1866 2648 So-

1079 2666 1169 2688 crates
1182 2661 1240 2696 (qui
1257 2662 1308 2689 hoc
1321 2663 1384 2690 loco
1399 2671 1454 2690 non
1471 2665 1621 2692 abhorrere
1647 2674 1676 2693 se
1700 2674 1714 2693 a
1736 2667 1864 2695 Novatia-

1079 2715 1180 2734 norum
1196 2707 1330 2735 institutis
1344 2709 1431 2743 palam
1447 2718 1502 2744 prce
1518 2718 1546 2737 se
1563 2711 1626 2745 fert)
1644 2719 1656 2738 a
1670 2719 1736 2739 sene
1750 2714 1862 2748 quodam

277 2795 316 2829 μ)
334 2796 395 2822 llaec
419 2804 452 2822 ex
480 2796 557 2825 Socr.
576 2795 717 2833 l-xcerpta,
742 2809 822 2833 quem
849 2800 1006 2828 Not‘atiante
1026 2801 1138 2829 hazresis
1155 2804 1319 2827 sectatorem
1338 2799 1510 2834 Nirephorus
1527 2809 1587 2829 esse
1603 2803 1716 2830 censuit.
