1905 3048
48 104 100 140 627

526 106 825 143 ECCLESIASTICJE
843 109 1035 144 HISTORIJE
1057 114 1130 146 LIB.
1150 114 1200 145 ΧΙ.

1627 113 1679 144 618

31 163 154 192 'scribit
173 163 222 200 (i),
236 165 284 199 qui
306 171 336 193 se
365 165 516 200 presbyteri
543 167 627 194 ﬁliuni
653 167 737 195 fuisse
766 168 843 200 dixit,
860 179 883 206 Α
897 174 939 196 est
953 176 1009 195 non
1024 169 1182 202 incelebris)
1198 167 1332 203 episcopi,
1353 176 1367 195 τι
1381 168 1480 203 quibus
1494 173 1549 196 tum
1562 170 1679 196 maxime

50 219 180 244 quocum
220 211 332 246 Synodo
349 212 374 239 ei
397 212 564 239 interfuerit.
589 212 657 240 Cum
681 213 791 247 quidem
811 220 844 239 eo

51 264 104 281 non
120 257 311 284 convenerint
323 257 366 284 vel
377 257 488 291 Agelius
500 257 735 292 Constantinopoli
757 258 846 285 Nova-

51 301 198 326 tinnoruin
227 301 395 336 episcopus,
424 302 466 328 vel
497 302 631 329 Maximus
656 303 775 336 Nicmm,
803 303 845 330 vel

49 347 135 372 etiam
155 345 327 374 Nicomediae
342 354 389 375 aut
408 348 510 383 (λοι)ίωὶ
526 349 563 383 (2)
582 349 659 383 (urbs
674 356 706 376 ea
721 349 845 384 Phrygias

898 214 1114 241 Novatianorum
1144 214 1240 249 religio
1264 218 1306 241 est
1329 214 1530 241 administrata.
1557 214 1620 242 Haec
1640 215 1681 242 sic

899 265 956 286 tum
990 265 1062 286 acta.
1097 259 1194 286 Postca
1227 266 1294 286 vero
1319 259 1538 286 Novatianorum
1566 261 1681 288 ecclesia

898 310 1011 339 propter
1024 313 1084 332 catn
1110 305 1245 340 synodum
1271 306 1297 332 in
1324 310 1416 339 partes
1434 305 1561 333 discessit
1579 314 1586 334 :
1602 307 1681 334 siculi

899 357 948 377 suo
964 351 1023 377 loco
1041 350 1176 378 dicemus.

776 429 888 457 CAPUT
907 429 967 456 XV.

57 484 113 517 Ὡς.

156 485 311 525 Είιδοξὶρρ
336 486 388 525 {vi
421 486 767 525 Κωφςστέιντίζουσόλεῳς
807 487 1066 525 Ξβνζευτήσανξος,
1097 489 1125 525 oi
1164 489 1309 525 ‘Apsmrol
1342 491 1514 525 Δημόφιλον
1539 491 1684 523 προεϐἀλ-

85 522 208 560 λοντος
227 520 299 546 οιδέ
318 521 373 554 τῆς
391 520 554 560 χᾳυρλικῇς
589 520 961 560 ἰςκιιλῖῖσίας--Εὺάγριον,
993 523 1162 550 Εὑσταθίου
1186 520 1240 550 ἑοῦ
1267 520 1450 560 ’Δγτιοῂςίᾶς
1482 520 1590 552 τοῦτον
1621 534 1683 559 χει-

84 555 327 588 [οτονήσαντος
338 564 344 569 ·
370 557 418 582 καὶ
439 555 497 582 ὅσα
507 556 556 581 ἐπὶ
573 556 689 587 τούτοις
704 556 830 589 συνέϐη.

90 612 123 640 Ut
156 612 598 651 Eudoxio_Constantinopolitano
620 614 747 651 episcopo
766 617 879 651 mortuo.
902 613 996 651 Ariani
1015 612 1207 651 Demophilum,
1226 613 1466 651 Catholici‘aulem
1490 615 1648 651 Evagrium,

276 647 415 674 Euatutlu'o
431 648 591 674 Antiorlteno
606 648 725 682 episcopo
737 649 806 674 hunc
820 648 960 674 ordinante
972 647 1100 682 elegerint
1113 656 1124 676 .‘
1135 652 1160 674 et
1173 656 1229 682 qua:
1238 649 1279 675 his
1293 649 1453 683 acciderint.

90 705 148 731 Sed
183 708 215 731 ut
239 705 381 732 historiam
409 713 607 740 persequamur
638 707 693 741 ('5),
719 713 752 733 eo
776 705 848 733 unde

55 751 179 783 digressi
195 758 303 782 sumus,
321 751 517 778 revertendum
533 752 612 778 nobis
625 756 677 778 est.
693 752 846 786 imperator

903 710 1050 733 revocatus
1064 725 1072 738 ,
1095 710 1152 733 tum
1183 711 1274 733 autem
1297 706 1536 743 Constantinopoli
1559 710 1685 744 privatus

902 751 1016 784 latebat,
1031 756 1061 779 ut
1076 759 1124 779 sua
1140 752 1238 779 saltem
1262 754 1406 787 praesentia
1438 755 1594 789 ὸμοουσεου,
1616 763 1685 783 con-

63 796 174 822 Vaicns
206 795 446 828 Constantinopoli
471 796 591 828 solvens,
615 797 786 824 Antiochiam
815 788 886 824 ad”
901 795 1103 829 substantialis,
1122 797 1294 831 professores
1307 798 1493 826 confirmaret.
1507 800 1546 826 Ita
1569 800 1684 833 factum,

57 841 200 868 Orontem
215 841 291 867 adire
314 841 481 875 properavit.
511 842 545 869 Et
569 850 631 869 cum
660 843 850 870 Nicomediam

57 888 238 922 pervenisset
255 887 308 922 (4),
327 887 363 914 ibi
378 887 429 914 hac
443 888 477 914 de
493 895 574 915 causa
587 888 696 916 restitit.
709 889 851 916 Eudoxius

58 935 171 960 Ariame
200 939 286 961 secta
318 934 465 968 episcopus
493 934 583 961 statim
611 939 672 968 post
698 934 850 967 discessum

60 981 245 1014 imperatoris
267 979 503 1013 Constantinopoli
517 980 571 1007 vita
588 980 733 1007 defunctus
752 981 850 1013 fuerat,

60 1026 214 1052 consulatu
245 1025 429 1052 Valentiniani
458 1029 486 1051 et
515 1025 639 1052 Valentis
670 1025 761 1056 tertio,
789 1033 851 1052 cum

59 1071 175 1105 quidem
220 1071 329 1098 clavum
375 1071 505 1098 Ecclesia:
540 1070 852 1105 Constantinopolitanze

60 1119 140 1146 annis
168 1118 301 1144 undecim
326 1117 454 1144 rexisset.
490 1117 556 1152 Ejus
582 1118 609 1144 in
641 1118 730 1144 locum
756 1117 852 1144 Ariani

60 1169 250 1199 surrogarunt
272 1163 464 1197 Demophilum
491 1164 651 1198 quemdam.
680 1164 852 1191 Professores

61 1217 154 1238 autem
185 1210 344 1245 ὁμωυσιου,
359 1209 613 1240 consubstantialis,
628 1209 802 1236 commodum
823 1216 852 1236 se

63 1262 199 1291 tempus,
239 1261 270 1283 ut
302 1256 394 1283 sedem
429 1255 615 1289 episcopalem
645 1258 851 1288 recuperarent,

64 1308 163 1330 nactos
189 1310 252 1330 esse
277 1301 340 1334 rati,
354 1301 499 1336 Evagrium
525 1308 580 1327 sua:
596 1300 723 1327 factionis
739 1300 851 1335 presby-

64 1355 157 1377 terum
171 1350 334 1384 episcopum
345 1348 536 1382 designarunt.
549 1347 599 1374 Cui
613 1353 711 1373 manus
722 1345 852 1381 imposuit

66 1395 242 1426 Eustathius,
258 1394 406 1428 episcopus
424 1393 574 1428 aliquando
586 1393 787 1423 Antiochenus,
804 1393 851 1427 qui

66 1450 79 1468 a
89 1440 241 1468 Ioviniano
252 1440 362 1474 quidem
377 1442 411 1466 ab
422 1438 520 1466 exsilio
529 1445 583 1465 non
596 1438 632 1465 ita
643 1438 750 1473 pridem
762 1437 852 1466 fuerat

902 846 932 869 ut
945 841 1038 868 Ariani
1065 843 1287 876 persecutionem
1311 843 1444 871 adversus
1467 849 1578 872 nostros
1604 853 1684 872 reno-

902 892 1009 915 varent.
1030 888 1068 915 Ea
1084 895 1128 915 res
1142 895 1291 923 postquam
1311 893 1354 916 est
1367 890 1401 917 ad
1417 890 1569 925 principem
1584 891 1684 922 delata,

901 934 1007 960 veritus
1026 933 1073 960 ille
1097 942 1131 961 ne
1151 934 1288 961 seditione
1314 940 1342 962 et
1365 936 1485 962 tumultu
1514 936 1610 964 civitas
1627 942 1686 964 tur-

903 979 1028 1013 baretur,
1049 979 1199 1007 militarem
1218 989 1328 1008 manttm
1349 981 1509 1010 Nicomedia
1528 983 1687 1011 Constanti—

902 1026 1023 1060 nopolim
1041 1027 1126 1057 misit,
1144 1035 1206 1054 cum
1232 1027 1362 1055 mandato
1382 1029 1531 1064 ejusmodi,
1551 1034 1581 1057 ut
1600 1030 1685 1057 simul

902 1076 929 1098 ct
945 1072 1087 1100 ordinatur
1099 1077 1126 1099 et
1139 1073 1284 1101 ordinatus
1295 1075 1589 1109 comprehenderetur,
1601 1081 1686 1111 atque

903 1117 974 1144 alius
988 1118 1042 1145 alio
1058 1118 1215 1146 exsulatum
1231 1120 1401 1147 mitteretur.
1421 1121 1584 1149 Eustathius
1598 1122 1685 1157 igitur

902 1163 1012 1198 Bizyam
1034 1164 1087 1199 (5),
1103 1164 1175 1198 quod
1189 1165 1311 1192 Thraciae
1329 1166 1460 1201 oppidum
1478 1173 1533 1199 est,
1552 1168 1686 1203 Evagrius

904 1210 931 1237 in
950 1210 1041 1237 locum
1066 1211 1149 1247 alium
1178 1211 1342 1245 deportatus
1362 1216 1414 1239 est.
1440 1212 1558 1240 Proinde
1578 1214 1684 1244 Ariani,

903 1255 976 1290 quod
992 1256 1116 1290 plerique
1142 1263 1238 1283 omnes
1258 1257 1284 1283 in
1301 1258 1383 1285 rebus
1408 1259 1536 1286 secundis
1563 1260 1680 1292 faciunt,

904 1303 988 1336 magis
1001 1303 1140 1337 magisque
1154 1302 1275 1335 eil‘crari,
1289 1303 1457 1331 orthodoxos
1475 1309 1503 1332 et
1528 1310 1601 1332 recte
1622 1314 1686 1333 sen-

905 1349 1005 1375 tientes
1036 1348 1182 1375 admodum
1210 1356 1329 1380 vexare.
1354 1350 1478 1382 caedere,
1508 1351 1686 1378 contumeliis

904 1393 1024 1426 afﬁcere,
1040 1394 1068 1420 in
1082 1393 1191 1421 vincula
1207 1394 1356 1428 conjicere,
1385 1396 1508 1430 pecuniis
1523 1397 1606 1424 etiam
1621 1404 1687 1432 spo-

904 1439 986 1473 liare,
1003 1439 1176 1466 intoleranda
1190 1440 1282 1466 omnia
1298 1440 1430 1468 adversus
1441 1449 1490 1470 eos
1505 1442 1605 1470 facere.

785 1519 900 1563 caper
919 1519 991 1547 xv1.

71 1580 208 1619 "spi‘tﬁq
220 1581 372 1619 ὼμςῖτῃῒρς
402 1577 471 1619 τῶν.
499 1579 667 1619 Ἀρειιινῶν.
700 1579 766 1619 acab
783 1579 821 1619 ᾡς
855 1577 975 1619 ρὺάλης
1005 1579 1080 1619 scorti
1106 1580 1166 1619 τὸν.
1189 1580 1375 1619 Ἀσζακηνρν
1403 1580 1474 1619 τῆςΔ
1491 1583 1689 1617 Νικομηδείας

104 1613 225 1643 iratior
242 1613 442 1651 ’ὀγδοήκοντα
459 1613 730 1647 ἐκκλησιαστικοὺς
753 1613 803 1640 ἐπὶ
841 1614 942 1648 μέσης
959 1614 1118 1648 θαλάσσης
1133 1614 1194 1641 σὺν
1223 1613 1264 1647 τῷ
1275 1616 1372 1648 πλοίῳ
1406 1613 1477 1651 nubi
1509 1613 1688 1652 παραὐάλωί

103 1659 171 1680 σεν.

75 1710 108 1736 De
139 1711 297 1738 crudelitate
317 1711 475 1738 Arianorum
483 1731 491 1741 ,

530 1715 554 1736 et
584 1713 613 1736 ut
653 1708 750 1735 Valens
769 1709 839 1735 circa
870 1705 1206 1743 AstacennmNicomedim
1223 1710 1329 1743 portum
1351 1709 1482 1743 octoginta
1498 1709 1687 1740 ecclesiastico;

423 1747 493 1772 viras
510 1753 563 1772 una
582 1753 640 1771 cum
656 1744 760 1778 navigio
785 1744 812 1770 in
835 1743 919 1769 medio
944 1742 1013 1768 mari
1031 1741 1086 1775 igni
1105 1742 1283 1768 combusserit.

109 1805 187 1840 131
210 1805 296 1831 Porro
311 1811 371 1831 cum
385 1803 487 1831 nostris
500 1802 568 1830 dura
590 1803 647 1829 hmc
661 1807 688 1829 et
704 1801 794 1836 gravia
809 1807 854 1827 cs-
868 1803 889 1831 c
907 1802 960 1829 ret,
987 1806 1021 1825 ne
1051 1798 1148 1824 seditio
1175 1798 1203 1825 in
1230 1799 1310 1834 vulgo
1324 1799 1453 1832 oriretur,
1485 1802 1589 1830 veritus
1623 1809 1663 1831 est
1679 1815 1686 1832 :

74 1855 145 1881 sent,
155 1849 190 1875 ad
203 1848 357 1883 principem
376 1853 533 1882 pretatores
548 1848 658 1879 misere,
675 1847 696 1873 si
709 1854 764 1880 quo
774 1846 855 1872 modo

78 1896 157 1922 tinem
174 1901 304 1920 aerumna:
315 1893 374 1927 o-jus
391 1892 516 1919 obtinere
527 1896 649 1926 possent.
667 1890 802 1918 Caeterum
816 1888 855 1914 illi

77 1941 207 1975 opinione
221 1947 271 1967 sua
286 1939 433 1973 plurimum
448 1942 511 1964 sunt
526 1937 597 1968 falsi,
611 1941 641 1963 ut
656 1937 703 1970 qui
720 1935 855 1969 justitiam

80 1995 106 2013 se
123 1987 158 2013 ab
178 1987 282 2021 iniusto
303 1986 499 2019 impetraturos
513 1991 572 2010 esse
583 1983 766 2017 speraverint.
787 1981 855 2008 Cum

78 2040 196 2066 uanique
222 2031 316 2058 dilecti
334 2038 368 2057 ex
390 2029 578 2056 ccclesiastico
599 2028 696 2054 ordine
716 2027 857 2060 octoginta

78 2077 263 2112 viriLquibus
277 2075 387 2110 praefuit
408 2074 540 2105 Urbasus,
557 2073 735 2102 Theodorus,
757 2077 784 2098 et
800 2071 856 2098 llic-

78 2110 221 2155 ncdeinus,
238 2122 427 2149 Nicomediam
447 2121 598 2152 venissent,
617 2126 712 2153 preces
737 2119 857 2152 impera-

78 2171 128 2197 tori
150 2168 332 2200 obtulissent,
360 2173 388 2194 et
410 2167 443 2193 de
464 2168 489 2192 vi
514 2171 587 2193 tanta
609 2165 734 2200 quiritati
752 2168 856 2195 essent,

79 2216 238 2250 indignatus
255 2214 312 2245 ille,
325 2214 351 2240 in
367 2213 513 2248 praesentia
529 2212 640 2246 quidctn
657 2212 726 2238 iram
739 2210 856 2245 pressit:

78 2261 176 2287 deinde
189 2264 282 2286 autem
296 2258 366 2285 ciant
387 2258 511 2284 Modesto
528 2257 657 2291 praefecto
674 2257 813 2290 prae-epit,
829 2262 858 2282 ut.

78 2305 295 2340 comprehensos
311 2311 360 2330 eos
379 2308 499 2330 necaret.
517 2303 648 2336 Supplicii
664 2303 723 2337 ejus
748 2303 857 2332 modus,

77 2352 138 2384 quia
164 2356 254 2376 novus
275 2354 304 2376 et
330 2349 451 2375 insolens
472 2356 585 2382 prorsus
602 2348 665 2377 fuit.
687 2347 858 2382 posteritatis

79 2396 221 2423 memoria:
239 2399 282 2421 est
298 2395 452 2421 mandatus.
469 2393 628 2426 Praefectus,
650 2394 673 2422 si
696 2394 772 2420 viros
796 2393 859 2420 reli-

77 2443 178 2476 giosos,
192 2441 241 2474 qui
255 2440 324 2466 nihil
342 2439 556 2472 commisissent,
571 2439 714 2473 propalam
734 2439 857 2473 perime-

111 2545 148 2578 (l)
167 2545 277 2572 Sozom.
292 2545 341 2572 lib.
359 2552 397 2574 vr.
415 2544 533 2579 cap.2)i.

79 2614 95 2640 ς
110 2581 149 2614 (2)
167 2579 246 2620 Sutor.
271 2580 350 2607 habet
374 2578 506 2614 Cotyanii.
526 2578 684 2614 Legendum
707 2586 741 2606 ex
763 2578 858 2610 Suida,

99 2620 185 2640 atuazt.

91 2614 185 2641 fatuari.

111 2624 275 2685 (gfgocrat.
290 2649 337 2675 iih.
358 2656 395 2681 tv,
416 2656 476 2682 cap.
497 2649 530 2675 H
545 2653 572 2675 et.
587 2648 630 2675 i5.

111 2685 148 2716 ιιι)
164 2685 274 2711 Sozout.
292 2684 338 2710 lib.
356 2692 392 2714 vr,
411 2691 471 2717 cap.
493 2685 535 2711 15.
555 2694 557 2697 ·

110 2721 148 2755 (5)
170 2719 261 2755 Bizyar
279 2727 325 2745 arx
351 2726 445 2752 regum
465 2718 723 2755 Ἰ¹1πτᾳο1ιεηντετε1
750 2718 857 2755 nefasto

79 2753 189 2782 crimine
207 2753 292 2781 invisa
308 2754 511 2781 hirundinibus.
530 2754 601 2781 Plin.
620 2754 667 2781 lib.
684 2762 720 2786 tv,
740 2761 800 2787 cap.
812 2753 856 2779 Η.

110 2791 147 2824 (6)
171 2789 411 2822 ConstantinOpolt
440 2795 531 2816 autem
556 2789 649 2815 Ariani
678 2789 770 2823 plures
789 2789 856 2824 (pios

78 2825 279 2858 cathuiicosque
303 2825 474 2859 presbyteros
505 2825 584 2855 navi,
618 2824 644 2850 in
670 2832 723 2858 qua
749 2823 854 2849 nullum

216 2871 349 2901 Ριτιιυι.
365 2871 420 2900 Gn.
438 2871 552 2900 CXLVI
568 2901 570 2903 _

906 1849 1076 1880 quapropter
1099 1852 1147 1871 cos
1175 1852 1206 1871 se
1236 1845 1263 1871 in
1290 1845 1418 1874 exsilium
1448 1848 1597 1875 missurum
1624 1858 1685 1877 esse

908 1890 1079 1917 assimulavit
1091 1890 1181 1923 (6).]n
1197 1897 1250 1923 qua
1265 1890 1304 1916 illi
1321 1892 1458 1919 sententia
1470 1895 1576 1927 magnis
1588 1895 1689 1922 animis

908 1936 1080 1970 acquievere.
1106 1936 1154 1963 lile
1178 1937 1271 1964 navim
1294 1945 1353 1968 eos,
1382 1939 1467 1965 veluti
1490 1940 1577 1967 solum
1599 1942 1689 1969 exsilii

907 1990 989 2009 causa
1005 1989 1133 2009 versuros
1148 1984 1438 2019 conscenderejussit,
1457 1990 1484 2012 et
1507 1987 1599 2014 nautis
1616 1995 1688 2022 pra--

909 2029 993 2063 cepit,
1015 2033 1046 2055 ut
1065 2028 1093 2055 in
1116 2029 1208 2055 medio
1232 2030 1299 2056 mari
1325 2037 1422 2057 navem
1444 2032 1637 2066 incenderent,
1661 2041 1690 2061 ut

908 2082 971 2102 cum
985 2082 1018 2101 eo
1036 2074 1118 2101 modo
1140 2074 1178 2101 illi
1195 2075 1377 2108 intcriisscnt.
1396 2078 1514 2112 sepulcri
1529 2087 1595 2106 cura
1613 2088 1691 2108 care-

911 2125 983 2147 rent.
1000 2120 1117 2148 Ventum
1142 2124 1184 2148 est
1204 2122 1231 2148 in
1257 2122 1348 2149 sinum
1364 2123 1496 2157 medium,
1513 2126 1560 2159 qui
1577 2127 1690 2154 Astace-

911 2173 964 2193 nus
981 2171 1118 2193 vocatur:
1136 2167 1174 2193 ibi
1194 2172 1286 2194 nautae
1311 2168 1444 2203 imperata
1466 2171 1602 2199 fecerunt.
1621 2173 1688 2200 Nam

910 2213 963 2247 ipsi
987 2213 1100 2247 scapha,
1120 2221 1180 2248 quae
1207 2222 1304 2242 navem
1323 2217 1501 2250 sequebatur,
1530 2226 1690 2252 conscensa,

911 2258 1052 2293 navigium
1069 2258 1107 2294 (7)
1119 2259 1146 2286 in
1160 2266 1215 2293 quo
1230 2260 1282 2287 viri
1297 2260 1337 2287 illi
1355 2262 1538 2295 vehebantur,
1557 2264 1690 2292 incende-

913 2308 989 2331 runt.
1012 2304 1209 2332 Vehementius
1227 2309 1284 2332 tum
1305 2306 1472 2335 subsolanus
1485 2314 1584 2336 ventus
1596 2310 1690 2342 flabat,

913 2354 941 2376 et
956 2349 1071 2384 proinde
1083 2350 1161 2378 navis
1180 2358 1214 2377 eo
1226 2351 1309 2378 citius
1323 2351 1459 2379 flammam
1479 2355 1615 2388 concepit.
1635 2355 1691 2383 Du-

913 2396 986 2423 ravit
1008 2403 1039 2423 ea
1060 2404 1149 2430 usque
1163 2396 1196 2422 ad
1216 2397 1308 2424 locum
1322 2397 1467 2433 Bithyniae,
1480 2399 1527 2433 qui
1542 2399 1689 2428 Dacidizus

911 2446 1098 2476 nuncupatur,
1115 2442 1210 2476 ibique
1227 2450 1280 2470 una
1305 2451 1367 2470 cum
1392 2443 1446 2478 piis
1461 2444 1515 2471 illis
1531 2444 1690 2472 hominibus

876 2545 898 2573 D
913 2547 971 2570 erat.
982 2543 1195 2570 instrumentum
1209 2543 1566 2577 nauticum,imposuerunt,
1575 2551 1690 2578 eamque

914 2579 1118 2612 peiago,,ventis
1134 2578 1267 2612 undisqne
1277 2583 1380 2605 temere
1394 2577 1532 2605 ferendam
1548 2577 1692 2608 commise-

916 2619 989 2640 runt.
1010 2614 1110 2640 Deinde
1137 2613 1282 2647 populares
1303 2612 1436 2647 quosdam
1460 2619 1525 2640 suos
1536 2612 1565 2640 in
1580 2614 1691 2647 navigio

916 2623 989 2640 runt.
1010 2623 1110 2640 uctnuc
1137 2623 1282 2647 pupillares
1303 2623 1436 2647 qllUSUalll
1460 2623 1525 2640 suus
1536 2623 1565 2640 In
1580 2623 1642 2641 ﬂavi
1665 2623 1691 2641 10

914 2648 969 2674 alio
994 2648 1158 2680 submisere,
1188 2647 1233 2681 qui
1263 2649 1351 2682 ignem
1389 2647 1427 2673 illi
1469 2648 1620 2682 injicerent.
1645 2623 1692 2677 git)

907 2684 994 2709 sancti
1022 2683 1060 2710 iiii
1091 2682 1139 2709 viri
1163 2690 1225 2709 Culll
1251 2683 1312 2717 igne
1337 2687 1365 2709 et
1391 2689 1460 2716 aqua
1490 2683 1689 2714 conﬂictantes.

907 2723 1047 2751 postremo
1077 2718 1103 2744 in
1119 2717 1198 2753 "mari
1229 2718 1532 2753 submersipntartyrii
1560 2726 1690 2746 coronam

908 2758 1082 2786 receperunt.
1097 2752 1246 2786 (Theudor.
1268 2760 1372 2786 tv,cap.
1388 2752 1445 2787 24.)

942 2788 980 2821 (7)
998 2786 1123 2814 Socrates
1143 2788 1237 2814 navale
1252 2796 1314 2815 esse
1331 2788 1408 2816 dicit.

1438 2868 1474 2897 20
