1905 3048
247 135 301 165 (~19

854 136 1064 167 NlCEPHORl
1086 136 1254 166 CALLISTI

1820 133 1870 164 620

249 192 275 218 in
295 192 388 218 littore
411 196 453 218 est
470 191 624 226 absumpta.
648 191 776 219 Sedcnint
792 193 891 220 factum
909 199 961 220 tam
976 198 1032 220 tru-
1047 198 1068 226 Α
1085 193 1181 221 incolae
1198 193 1316 228 patriam
1337 192 1374 226 (lt)
1405 192 1604 226 relinquerent,
1619 195 1647 218 et
1669 190 1870 218 Constantino-

249 238 389 264 culentuni
420 237 539 264 vindicta
550 241 592 264 est
607 244 761 271 prosecuta.
784 239 878 266 Fames
892 239 1026 274 siquidem

250 288 364 318 repente
382 288 454 309 tanta
480 288 521 310 est
544 282 571 309 in
599 282 717 318 Phrygia
734 289 804 317 orta,
821 290 849 312 ut
871 285 1028 312 necessario

1083 239 1166 273 polim
1183 247 1212 266 se
1234 244 1316 274 atque
1333 238 1367 266 ad
1388 238 1456 266 alias
1473 237 1597 265 diversas
1621 238 1781 272 provincias
1802 245 1870 264 cen-

1081 285 1197 312 ferrent.

939 358 1053 387 CAPUT
1074 359 1156 386 XVII.

249 419 316 452 Περὶ
329 419 402 450 ,ϐίου
421 418 470 445 καὶ
491 419 610 452 ἀγωγῆς
626 419 674 446 καὶ
703 418 839 450 παιδείας
853 418 900 444 καὶ
923 417 1102 451 συμψυχιας
1126 417 1178 443 τοῦ
1205 416 1337 451 μεγάλου
1360 418 1520 444 Βασιλείου
1541 418 1590 450 uel
1612 418 1778 452 I‘pnroplav
1812 415 1865 443 τοῦ

513 451 677 489 Θεὸλόγου·
704 455 751 480 καὶ
772 453 851 485 ὅπως
873 452 921 478 ἐπὶ
943 452 999 486 τὴν
1024 451 1176 486 ἱερατικὴν
1195 452 1344 485 καθέδραν
1361 452 1555 486 ἀνήχθησαν.

249 515 286 542 De
300 514 365 546 vita,
380 514 553 543 institutione,
570 513 672 544 studiis,
691 516 715 538 et
725 512 819 538 intima
834 511 952 570 ιιιηὶεὶιέἰα
968 510 1056 550 ηιαρηὶ
1086 509 1179 550 Basilii
1190 515 1213 537 et
1232 509 1352 545 Gregorii
1368 511 1488 545 Theologi
1501 518 1510 536 .-
1545 515 1570 537 ει
1583 515 1610 537 ιιι
1626 511 1660 537 ad
1671 510 1863 538 sacerdotalem

895 554 923 570 se
944 553 983 570 em
997 549 1048 570 sint
1065 549 1191 570 oroaecli.

872 576 873 580 η
895 553 983 572 διἀιιιη
997 553 1048 571 amt
1065 553 1191 577 prouecti.

281 608 350 636 Cum
364 614 431 634 vero
447 606 531 632 multa
547 604 627 632 nobis
638 605 671 632 de
685 605 787 632 Basilio
799 603 897 638 Magno
919 608 947 629 et
959 602 1026 630 Gre-

214 665 216 667 ·
246 654 323 689 gorio
338 653 475 686 Theologo
488 651 604 679 dicenda
622 652 686 683 sint,
703 658 794 685 operte
810 650 927 684 pretium
941 648 1028 675 factu-

245 706 305 726 rum
323 705 365 725 tne
375 704 438 724 esse
458 696 562 731 putavi.
587 696 609 723 si
625 703 713 730 pauca
731 694 853 729 quaedam
875 693 909 719 de
931 692 1027 719 arctis-

245 744 326 776 sima,
352 751 412 778 qua:
439 742 524 770 tantis
552 742 619 769 viris
643 742 714 768 inter
740 748 769 767 se
789 740 841 767 fuit
858 738 978 766 amicitia
999 742 1027 764 et

245 789 454 825 conjunctione,
465 788 672 823 praemitterem.
683 786 760 819 Quod
772 793 837 812 sane
852 792 907 812 non
923 784 1025 811 rectius

245 835 405 868 certiusque
430 833 533 865 fecero,
550 840 632 867 quam
648 831 671 858 si
692 831 819 866 Gregorii
838 830 923 864 ipsius
942 836 974 856 ea
992 828 1025 855 de

246 888 275 907 re
296 879 381 907 verba
404 879 559 914 protulero,
589 885 652 912 quin
681 877 709 903 in
738 884 769 903 ea
797 875 922 902 oratione
950 879 1025 906 sunt,

245 933 328 960 quam
351 926 374 952 is
392 925 426 952 de
449 924 550 952 Basilio
567 923 711 950 funebrem
729 921 904 955 conscripsit.
921 929 929 945 ι
948 919 1027 946 Tem-

244 980 323 1008 pore,
341 971 442 1006 inquit,
467 970 643 1005 procedente.
659 969 705 995 tibi
721 969 790 995 alter
809 967 886 994 alteri
901 971 1025 993 mutuum

242 1025 364 1046 amorem
384 1017 497 1051 (factum
524 1015 551 1043 id
577 1014 702 1047 Athenis,
729 1013 773 1040 ubi
798 1013 881 1040 simul
910 1018 1027 1046 uterque

231 1065 346 1097 ‘litteris
360 1071 472 1099 operam
489 1063 610 1097 navavit)
635 1062 779 1093 indicavit,
796 1060 1027 1094 alfectionemque

227 1117 304 1137 -eam
329 1108 510 1143 philosophiae
529 1108 616 1142 gratia
633 1111 796 1141 conceptam
818 1113 878 1133 esse
891 1105 1025 1134 constitit.

246 1161 303 1182 tum
316 1154 387 1182 alter
403 1154 482 1181 alteri
498 1154 585 1180 factus
597 1157 639 1180 est
651 1153 756 1180 omnia.
773 1151 829 1179 Sub
840 1159 895 1178 uno
908 1150 1027 1178 viximus

245 1204 319 1234 tecto
339 1199 564 1231 contubernales,
590 1203 618 1225 ct
642 1202 717 1224 arcta
747 1198 818 1224 inter
840 1204 889 1223 nos
905 1196 1025 1223 devincti

244 1245 440 1281 conjunctione
463 1245 535 1271 idem
559 1244 743 1279 spectavimus
768 1253 774 1270 :
798 1249 825 1270 et
850 1243 919 1270 alter
946 1242 1026 1269 alteri

243 1291 365 1319 animum
382 1291 543 1325 flagrantem
564 1295 591 1316 et
605 1293 776 1316 constantem
803 1287 942 1322 praestitit.
959 1286 1027 1314 Cor-

243 1345 342 1372 porum
364 1344 482 1371 namque
507 1335 693 1366 necessitudo,
711 1335 841 1369 quoniam
866 1341 956 1360 rerum
977 1333 1027 1359 llu-

243 1389 340 1408 xaruin
356 1386 408 1413 est,
424 1380 499 1407 haud
518 1380 697 1418 aliter.quam
714 1378 792 1405 verni
810 1377 903 1408 ﬂores.
919 1378 1024 1404 interit.

244 1429 338 1464 Neque
356 1428 443 1460 enim,
456 1427 570 1454 materia
587 1425 648 1460 igne
660 1429 834 1459 consumpta,
851 1425 959 1450 llamma
976 1424 1026 1450 du-

245 1480 298 1505 rat.
316 1473 365 1500 sed
394 1481 448 1500 una
469 1480 530 1498 cum
555 1479 585 1498 re
608 1476 729 1498 cremata
746 1470 907 1497 evanescit:
937 1477 1026 1503 neque

1079 603 1175 630 datum
1203 602 1328 630 divinum
1345 603 1472 633 duceret,
1486 606 1515 629 et
1535 603 1605 629 alter
1625 603 1743 629 alterum
1761 603 1795 630 ad
1813 604 1865 630 vir-

1081 653 1166 675 tutem
1184 655 1298 676 acueret
1317 655 1399 684 atque
1418 650 1562 676 excitaret.
1580 650 1614 676 Et
1628 650 1651 676 si
1668 658 1722 676 non
1741 651 1865 677 insolens

1081 695 1132 722 hoc
1164 696 1278 722 verbum
1299 700 1381 729 esset,
1414 695 1536 730 regulam
1565 701 1593 723 et
1623 697 1770 728 amussim,
1803 697 1865 731 qui-

1080 741 1133 769 bus
1161 750 1222 776 qua:
1247 747 1322 769 recta
1342 748 1416 775 sunt,
1435 751 1529 776 quaeve
1552 743 1653 771 minus.
1670 743 1865 777 explorantur,

1080 788 1196 815 alterum
1217 789 1295 816 alteri
1312 789 1398 816 fuisse
1416 789 1549 816 dicerem.
1565 789 1712 816 Sodalibns
1731 797 1782 816 nos
1795 797 1865 816 cou-

1045 856 1063 882 Β
1077 833 1220 867 junxitnus
1233 842 1286 860 non
1305 833 1541 868 iinpudicissimis,
1559 834 1606 861 sed
1627 835 1842 862 modestissimis
1857 844 1863 861 :

1079 888 1133 907 non
1160 880 1431 912 contentiosissimis,
1462 880 1510 907 sed
1535 881 1658 914 pacilicis
1678 881 1811 912 maxime,
1839 887 1868 908 et

1078 925 1325 965 quibuscuuresse
1346 926 1524 953 utilissimum
1547 931 1601 958 est,
1615 927 1688 960 quod
1715 927 1865 959 sciremus.

1079 973 1187 1001 facilius
1210 973 1275 999 vitia
1293 973 1457 1008 contagione
1476 975 1618 1006 contrahi,
1634 981 1716 1007 quam
1730 974 1863 1001 virtutem

1079 1026 1140 1045 cum
1159 1017 1222 1045 aliis
1237 1018 1447 1044 communicari.
1464 1017 1693 1051 Quandoquidem
1706 1022 1735 1044 et
1748 1018 1865 1044 morbus

1080 1065 1106 1091 in
1123 1064 1193 1091 alios
1217 1064 1311 1095 citius,
1328 1071 1409 1097 quam
1426 1063 1553 1090 valetudo
1583 1063 1763 1090 translertur.
1778 1063 1867 1091 Disci-

1079 1110 1170 1144 pliuas
1193 1118 1247 1138 non
1262 1109 1480 1143 iucundissimas
1501 1109 1587 1139 magis
1604 1118 1685 1143 quam
1701 1109 1866 1137 honestissi-

1079 1165 1137 1183 mas
1152 1156 1303 1184 consectati
1320 1163 1425 1184 sumus.
1445 1156 1512 1183 Nam
1528 1164 1577 1191 per
1593 1163 1640 1183 eas
1657 1156 1699 1183 vel
1719 1156 1755 1183 ad
1776 1157 1867 1183 virtu-

1078 1207 1144 1233 tem,
1160 1202 1202 1228 vel
1227 1202 1261 1228 ad
1291 1201 1357 1229 vitia
1383 1201 1553 1236 efﬁnguntur
1578 1200 1784 1228 adolescentes.
1803 1203 1867 1229 Dum

1078 1252 1168 1274 autem
1197 1248 1277 1275 nobis
1300 1251 1380 1274 erant
1398 1252 1471 1274 notae
1485 1248 1535 1274 via:
1550 1255 1557 1274 :
1577 1247 1664 1274 altera
1682 1247 1760 1282 prior
1776 1253 1803 1274 et
1817 1249 1866 1274 ho-

1078 1293 1195 1325 nestior,
1207 1294 1292 1321 altera
1308 1294 1454 1329 posterior,
1464 1299 1491 1322 et
1505 1301 1560 1321 non
1575 1294 1699 1329 ejusdem
1709 1296 1844 1322 momenti
1858 1304 1864 1321 :

1079 1339 1126 1366 illa
1143 1340 1176 1366 ad
1193 1347 1272 1367 sacra
1289 1340 1402 1375 templa,
1427 1346 1454 1368 et
1468 1341 1516 1375 qui
1532 1341 1558 1368 in
1575 1342 1617 1368 eis
1640 1347 1706 1368 sunt
1723 1341 1863 1374 doctores,

1079 1385 1136 1412 haec
1159 1386 1192 1412 ad
1219 1386 1350 1420 profanos
1374 1387 1520 1421 magistros
1535 1387 1650 1414 ducens.
1673 1387 1808 1422 Reliquas
1824 1390 1866 1415 in-

1072 1431 1177 1459 sistere
1203 1433 1244 1459 cis
1266 1432 1423 1460 volentibus
1448 1432 1620 1467 reliquimus,
1645 1433 1777 1462 videlicet
1804 1436 1866 1462 dies

1079 1477 1173 1508 festos,
1201 1477 1318 1510 theatra,
1338 1478 1508 1512 spectacula,
1541 1484 1695 1515 conventus
1724 1480 1866 1514 publicos,

244 1519 380 1551 charitas,
411 1518 458 1545 ubi
478 1517 584 1545 fomitis
608 1516 692 1543 ardor
720 1516 864 1552 emarcuit,
891 1515 1024 1542 consistit.

1081 1523 1218 1550 convivia.
1245 1524 1317 1550 Nihil
1346 1524 1419 1551 enitti
1435 1524 1627 1551 admirandum
1648 1530 1675 1552 et
1697 1526 1867 1559 pra-claruit:

245 1565 361 1593 Divinus
383 1569 473 1592 autem
503 1569 532 1591 et
552 1563 667 1598 pudicus
690 1570 780 1592 amor.
803 1561 1024 1596 quandoquidem

245 1610 287 1638 rei
305 1609 391 1636 firma:
405 1613 432 1635 et
450 1608 558 1635 stabilis
573 1612 624 1639 est,
639 1612 781 1640 propterea
800 1607 870 1634 solet
886 1614 947 1634 esse
960 1614 1027 1634 con-

245 1655 376 1684 stantior.
393 1654 426 1681 Et
441 1658 546 1688 quanto
564 1654 651 1688 magis
664 1658 788 1679 amantes
806 1652 845 1679 rei
864 1652 1026 1679 desiderata:

240 1699 480 1735 pulchritudinem
502 1699 692 1730 considerant,
710 1702 785 1724 tanto
811 1698 882 1724 inter
906 1705 936 1725 se
958 1704 1026 1724 con—

243 1747 396 1781 iunguntur
423 1743 521 1778 magis.
549 1742 611 1769 Haec
634 1741 762 1769 amicitia
778 1746 880 1768 nostra
896 1741 937 1767 lex
954 1745 1025 1768 erat.

244 1795 334 1828 Atque
360 1799 422 1820 cum
443 1791 476 1818 ad
504 1791 577 1818 hunc
600 1790 712 1817 modutn
737 1788 808 1815 inter
834 1795 885 1815 nos
912 1787 1024 1814 animati

243 1847 386 1871 essemus,
414 1843 442 1865 et
470 1838 538 1864 tales
566 1837 644 1864 firmo
668 1836 807 1868 thalamo,
834 1840 863 1863 ut
890 1835 1025 1863 l‘indarus

246 1886 354 1920 inquit,
383 1891 482 1912 aureas
508 1883 652 1910 columnas
686 1882 954 1911 substruxissemus.
987 1881 1024 1907 ita

245 1933 374 1966 deinceps
388 1930 584 1965 processimus,
600 1929 655 1957 Deo
669 1928 750 1955 simul
765 1932 792 1955 ct
812 1927 947 1955 desiderio
965 1935 1024 1954 mu-

245 1982 292 2004 tuo
307 1975 521 2011 opitulatoribus
536 1974 588 2001 usi.
606 1973 657 2001 Sed
672 1973 811 2007 quomodo
824 1973 882 2000 sine
895 1973 1024 2008 lacryutis

245 2022 460 2051 necessitudinis
477 2027 558 2049 tanta
575 2020 726 2048 recorder?
741 2020 842 2047 Eadem
866 2026 925 2047 erat
943 2020 1023 2047 nobis

245 2070 285 2097 rei
309 2068 544 2100 invidiosissime,
561 2067 693 2093 doctrina:
708 2065 824 2098 scilicet,
843 2073 906 2100 spes
921 2073 1019 2100 propo-

245 2115 308 2142 sita.
327 2113 380 2140 Sed
408 2113 511 2139 invidia
541 2112 618 2147 132
647 2111 746 2142 abluit,
766 2112 903 2138 :etnulatio
929 2116 1021 2138 autem

244 2166 395 2194 utrumque
417 2158 563 2185 exercuit:
583 2163 609 2184 et
623 2162 761 2184 certamen
778 2157 857 2185 nobis
871 2162 940 2189 erat,
966 2166 1020 2185 non

245 2211 307 2232 uter
326 2210 450 2231 nostrum
471 2204 573 2237 primas
584 2203 679 2234 ferret,
697 2210 793 2229 verum
807 2208 869 2230 uter
884 2203 962 2231 alteri
977 2211 1023 2230 eas

245 2249 508 2279 concedereLAlter
523 2250 597 2277 cnim
613 2249 726 2276 alterius
741 2249 849 2277 laudem
868 2256 895 2277 et
910 2249 1023 2285 gloriam

243 2305 294 2332 pro
307 2304 355 2324 sua
371 2296 500 2324 habebat.
516 2297 548 2323 Et
562 2296 588 2322 in
607 2300 722 2329 utroque
735 2296 790 2323 visa
804 2301 845 2323 est
859 2298 948 2322 anima
971 2305 1023 2323 una

243 2344 299 2371 duo
316 2342 497 2370 circumferre
512 2350 639 2376 corpora.
656 2341 733 2375 Quod
750 2343 772 2369 si
785 2343 952 2369 credendum
966 2350 1022 2369 non

242 2394 286 2417 est.
306 2389 473 2420 dicentibus.
503 2388 594 2416 omnia
615 2388 642 2415 in
667 2388 796 2416 erunibus
819 2396 879 2415 esse
902 2389 977 2415 sita:
995 2395 1024 2415 at

243 2436 323 2463 nobis
340 2435 367 2463 id
385 2434 482 2462 saltem
498 2435 636 2467 credatur,
651 2435 766 2461 alterum
787 2435 814 2462 in
837 2434 925 2461 altero
939 2435 1021 2462 situm

244 2481 341 2512 tuisse,
368 2485 396 2507 et
423 2480 540 2507 alterunt
564 2479 598 2506 ab
617 2480 703 2506 altero
718 2480 890 2513 pependisse.
908 2480 1022 2515 Utrique

243 2533 313 2559 opus
335 2533 419 2553 unum
437 2525 606 2559 propositum
623 2525 686 2556 fuit,
700 2524 785 2551 virtus
809 2525 880 2558 ipsa,
896 2531 923 2552 ct
940 2531 969 2552 ut
982 2527 1023 2552 vi-

245 2576 298 2598 tam
327 2578 436 2598 omnem
461 2570 494 2597 ad
520 2578 596 2605 spem
625 2571 746 2597 futuram
775 2570 966 2603 dirigeremus.
995 2577 1022 2599 ct

245 2617 323 2650 prius
353 2616 415 2643 inde
441 2616 533 2643 animo
561 2616 774 2642 transl‘erremur
798 2623 878 2649 quam
907 2625 1022 2651 corpore

244 2662 440 2689 excederemus
455 2672 460 2690 :
480 2662 514 2690 ad
531 2661 604 2696 quod
619 2666 785 2696 spectantes,
802 2663 884 2689 vitam
897 2669 926 2691 et
937 2664 1023 2691 actio-

244 2715 307 2734 nem
324 2714 432 2734 omuem
448 2713 570 2735 nostrain
588 2707 624 2734 ita
640 2707 819 2739 instituimus,
837 2713 864 2735 ut
880 2717 930 2736 nos
947 2717 1023 2736 tuati-

278 2764 315 2798 (l)
338 2763 601 2798 Constantinopolim
625 2764 752 2791 Socrates
777 2765 873 2792 seribit
896 2766 1023 2800 frequen-

245 2798 376 2826 tissimain
411 2800 613 2825 multitudinem
646 2800 738 2829 alere,
770 2806 914 2833 propterea
947 2798 1021 2835 'quoil

243 2841 316 2862 mare
335 2836 359 2861 ei
380 2842 460 2860 ltlllile
486 2841 570 2868 genus
592 2839 760 2862 commeatus
784 2836 939 2869 suppeditet
966 2845 971 2862 :
995 2843 1022 2864 et

1080 1576 1140 1595 esse
1152 1568 1234 1600 duco.
1251 1569 1324 1603 quod
1334 1570 1365 1595 ad
1384 1570 1514 1596 virtutem
1530 1577 1585 1596 non
1601 1571 1759 1603 conducat,
1776 1580 1867 1607 neque

1079 1622 1127 1642 eos
1154 1616 1199 1648 qui
1225 1616 1317 1642 studio
1343 1616 1406 1649 ejus
1433 1621 1571 1648 tenentur,
1602 1617 1735 1644 meliores
1753 1620 1866 1646 reddat.

1079 1661 1167 1694 Atqne
1186 1660 1247 1688 aliis
1263 1661 1373 1695 quidem
1390 1662 1442 1688 alia
1457 1666 1531 1693 sunt,
1549 1662 1592 1688 vel
1607 1670 1621 1688 ιι
1645 1667 1722 1696 patre
1738 1671 1867 1698 accepta.

1080 1707 1121 1733 vel
1136 1709 1216 1733 domo
1233 1715 1265 1734 ex
1288 1707 1459 1741 quotidianis
1482 1708 1582 1734 studiis
1596 1713 1625 1735 et
1640 1709 1801 1738 actionibus
1820 1720 1867 1738 re-

1080 1758 1186 1787 portata
1203 1755 1366 1788 cognomina
1380 1762 1386 1781 :
1406 1754 1486 1781 nobis
1502 1762 1566 1781 vero
1579 1755 1674 1789 ingens
1689 1763 1864 1784 momentum

1079 1798 1131 1824 fuit
1146 1802 1174 1825 et
1194 1805 1305 1828 nomen,
1322 1803 1351 1825 ut
1372 1797 1520 1825 Christiani
1539 1802 1566 1826 et
1581 1807 1705 1826 essemus
1727 1806 1756 1827 et
1773 1810 1865 1828 imm.-

1079 1851 1219 1870 narcniur.
1254 1843 1369 1870 Athena:
1403 1843 1533 1878 equidem
1568 1845 1629 1872 aliis
1660 1853 1716 1872 non
1752 1855 1864 1881 parum.

1079 1891 1211 1921 quantum
1229 1887 1262 1914 ad
1277 1887 1383 1914 animos
1404 1889 1535 1922 pertinet,
1550 1894 1661 1916 nocent.
1678 1891 1748 1917 Nam
1764 1892 1789 1918 id
1807 1902 1864 1920 non

1079 1934 1180 1960 frustra
1196 1933 1232 1967 pii
1247 1933 1406 1967 opinantur.
1423 1933 1496 1967 quod
1514 1935 1574 1968 plus
1587 1934 1640 1961 illa:
1654 1943 1738 1970 quam
1754 1938 1862 1972 requiu

1078 1978 1181 2006 Grzecia
1211 1979 1292 2006 idolis
1319 1979 1475 2006 abundant.
1490 1980 1523 2007 Et
1541 1981 1664 2015 profecto
1683 1983 1796 2011 ditlicile
1809 1995 1862 2013 est.

1078 2033 1132 2052 non
1159 2026 1240 2052 simul
1265 2025 1386 2059 aliquem
1409 2031 1599 2054 transversum
1615 2028 1674 2062 rapi
1698 2029 1734 2055 ab
1752 2031 1863 2058 illorum

1077 2072 1267 2100 laudatoribus
1290 2077 1318 2098 et
1339 2072 1472 2106 patronis.
1492 2073 1578 2101 Nobis
1599 2081 1664 2100 iero
1684 2077 1733 2109 qui
1761 2079 1863 2105 animis

1076 2119 1162 2153 probe
1183 2118 1297 2145 munitis
1311 2123 1394 2152 atque
1409 2119 1534 2145 instructi
1551 2127 1686 2152 essemus,
1704 2122 1813 2149 nullum
1828 2125 1862 2150 ab

1077 2165 1132 2192 illis
1148 2165 1260 2191 obvenit
1283 2163 1490 2191 detrimentum.
1510 2165 1580 2197 Quin
1594 2174 1610 2192 e
1624 2166 1736 2195 diverso
1755 2171 1860 2203 potius,

1077 2210 1149 2246 quod
1165 2211 1277 2244 quidem
1295 2211 1370 2237 dictu
1395 2211 1521 2238 mirabile
1543 2217 1594 2244 est,
1621 2221 1653 2240 ea
1669 2222 1703 2241 ex
1722 2223 1753 2242 re
1773 2218 1859 2252 magi».

1075 2257 1158 2283 etiam
1178 2257 1204 2283 in
1230 2256 1282 2283 fide
1305 2264 1401 2283 sumus
1419 2257 1586 2289 continuati,
1611 2265 1762 2294 propterea
1785 2264 1858 2296 quod

1074 2311 1196 2330 errorem
1212 2308 1240 2331 et
1252 2304 1437 2338 impuritatem
1453 2312 1550 2331 corum
1565 2307 1779 2339 cognoverimus
1794 2318 1800 2335 :
1823 2311 1858 2335 iiii

1075 2350 1212 2376 daemones
1225 2349 1409 2384 despicientes
1426 2350 1472 2377 ubi
1489 2350 1626 2378 daemones
1642 2358 1707 2379 sunt
1723 2353 1751 2381 in
1767 2355 1858 2382 admi-

1074 2396 1189 2422 ratione.
1207 2395 1239 2421 Et
1262 2395 1285 2422 si
1301 2395 1364 2428 quis
1382 2400 1424 2422 est
1441 2401 1488 2422 aut
1513 2396 1636 2423 creditur
1653 2405 1715 2425 esse
1740 2399 1858 2432 ﬂuvius,

1074 2441 1119 2475 qui
1150 2448 1198 2474 per
1225 2441 1392 2475 salsuginem
1415 2448 1537 2467 amaram
1560 2443 1644 2469 maris
1678 2443 1857 2473 dulcedinem

1074 2493 1149 2512 suam
1173 2485 1294 2512 retinens
1314 2485 1369 2512 ﬂuit
1385 2495 1391 2512 :
1410 2491 1456 2513 aut
1473 2487 1600 2514 animans
1617 2487 1720 2522 aliqua.
1747 2497 1810 2524 qua:
1830 2491 1858 2517 in

1074 2531 1144 2565 igne.
1160 2539 1174 2558 a
1197 2540 1251 2565 quo
1266 2532 1357 2558 otnuia
1377 2538 1590 2564 consumantur,
1606 2533 1720 2560 subsilit
1736 2544 1742 2561 :
1761 2537 1792 2562 id
1809 2544 1861 2563 nos

1074 2577 1145 2603 inter
1173 2577 1293 2612 mquales
1320 2585 1416 2604 omnes
1441 2578 1564 2612 proiecto
1590 2578 1704 2606 fuimus.
1728 2579 1763 2607 Et
1784 2581 1858 2616 quod

1073 2622 1290 2657 pulcherrimum
1318 2629 1376 2655 est,
1405 2624 1536 2651 sodalitas
1558 2625 1683 2658 quietiam
1712 2626 1859 2654 nobiswm

1074 2675 1127 2694 non
1143 2669 1272 2702 ignobilis
1288 2668 1351 2701 fuit,
1369 2678 1428 2703 qua:
1445 2671 1478 2697 ab
1497 2670 1543 2696 illo
1571 2675 1699 2704 taiiquatu
1728 2672 1802 2699 duce
1821 2674 1857 2698 ia-

1074 2714 1240 2741 stituehatur
1270 2720 1351 2750 atque
1384 2718 1542 2750 regebatur,
1574 2717 1677 2743 eisdem
1709 2719 1854 2745 nobiscum

1074 2774 1204 2807 praeterea
1223 2779 1284 2796 cum
1302 2779 1370 2805 opus
1389 2771 1437 2802 sit,
1453 2771 1560 2798 Euxino
1577 2772 1661 2799 l'onlu
1680 2768 1791 2807 ingens“
1805 2774 1859 2800 fru-

1074 2806 1158 2831 tncuti
1176 2807 1253 2840 topia
1272 2814 1304 2833 co
1324 2807 1501 2833 suliveliatur.
1521 2807 1591 2841 (ΕΑ).
1613 2815 1648 2840 tv,
1664 2806 1725 2842 cap:
1746 2809 1804 2844 16.)
