1905 3048
66 143 108 174 bii

525 152 822 188 ECCLESIASTIC.E
842 157 1032 188 HlSTOliHﬁ
1054 157 1125 186 LIB.
1146 155 1198 185 XI.

1621 153 1672 182 632

67 205 162 233 studiis
180 205 315 241 gaudens.
335 206 465 239 Quamvis
480 209 606 243 pcdites,
630 213 707 246 juxta
729 214 841 250 Lydium
858 222 878 244 Α
896 215 973 248 133
997 214 1090 247 Itaque
1120 217 1265 246 postquam
1292 211 1319 236 in
1349 209 1550 244 philosophicis
1573 209 1672 236 litteris

66 260 185 286 currum,
203 253 281 280 illius
301 254 407 281 scilicet
423 263 532 283 cursum
544 262 574 284 et
596 266 698 286 morem
713 268 841 288 currere-

65 306 130 325 mus.
152 298 236 326 Unde
250 300 399 328 celebritas
413 301 538 336 quaedam
549 304 631 331 nobis
645 306 759 339 contigit
769 307 841 341 apud

64 345 207 379 magistros
223 350 252 372 et
266 347 471 374 commilitones
488 353 610 381 nostros.
627 356 760 384 przeterea
777 360 841 379 vero

63 391 87 416 in
106 390 212 418 Graecia
230 391 318 423 omni.
334 392 405 426 apud
424 400 472 420 eos
488 395 605 422 maxime
621 397 668 431 qui
684 397 712 424 in
725 405 757 424 ea
771 405 841 432 pra!-

62 437 137 467 cipue
151 436 222 463 clari
241 443 316 464 sunt.
333 437 405 470 Quin
426 439 482 474 jam
503 439 574 466 fama
591 449 701 476 quoque
721 444 841 470 nominis

63 482 142 508 nostri
167 483 242 509 ultra
264 483 375 510 Graecia:
402 483 481 516 lines,
510 484 590 512 sicuti
615 486 667 514 hoc
691 489 839 515 multorum

62 535 184 554 sermone
222 528 383 560 ferebatur.
420 531 565 564 processit.
599 532 685 559 Tanta
721 542 840 569 namque

63 580 258 607 praeceptorum
282 579 451 607 nostrorum,
473 581 575 610 quanta
597 578 767 606 Athenarum
782 599 789 611 ,
813 585 841 607 et

62 623 130 644 tanta
145 624 256 650 nostra.
272 625 375 654 quanta
390 627 587 656 praeceptorum
600 623 660 650 laus
677 624 737 650 fuit.
751 626 839 660 Atque

61 663 122 690 adeo
138 672 189 698 per
206 665 363 691 amicorum
385 666 503 701 insigne.
519 668 599 695 sicuti
624 670 736 700 fuimus,
755 670 792 697 ita
812 676 840 698 et

61 709 142 736 habiti
160 718 281 737 sumus:
302 716 332 737 ut
352 712 420 738 nihil
439 713 529 739 simile
547 714 618 748 apud
632 713 742 742 Gnccos
754 715 838 743 habe-

62 759 115 780 rent
137 755 182 781 vel
202 755 320 783 Orestes
342 761 370 783 et
389 757 515 792 Pylades,
540 759 582 786 vel
601 759 766 792 Molionidaa,
784 761 838 788 llo-

62 800 147 827 merici
173 801 309 828 carminis
333 802 497 830 miraculum
512 804 562 838 (l).
581 813 590 829 I
611 804 675 832 llaec
692 805 838 840 Gregorius

61 845 90 872 de
119 853 168 872 sua
200 851 233 873 et
258 847 350 873 Basilii
376 847 520 883 disciplina
541 855 569 876 et
593 850 724 883 amicitia,
755 858 836 885 quam

61 891 138 917 etiam
164 899 233 918 cum
255 892 356 927 scripta
371 893 514 928 pleraque,
531 899 588 922 tum
606 896 727 930 epistola:
740 904 836 924 eorum

62 938 138 971 magis
152 938 309 966 declarant.
331 938 386 966 Hos
406 947 473 966 sane
491 941 567 968 viros
587 941 609 968 si
631 942 694 975 quis
719 942 791 969 inter
807 950 838 970 se

60 985 191 1016 conterre,
221 985 374 1020 vitamque,
401 993 492 1014 mores
521 991 549 1014 et
580 987 709 1014 virtutem
740 996 837 1016 eorum

61 1038 190 1064 exponere
201 1031 281 1063 velit,
292 1031 407 1058 alterum
419 1033 498 1060 alteri
510 1033 640 1068 praeferre
652 1033 836 1061 addubitabit.

62 1075 114 1102 Fuit
128 1077 203 1102 enim
219 1078 294 1103 inter
305 1083 364 1108 eos,
379 1082 408 1104 et
425 1078 487 1105 vitae
499 1079 657 1112 sanctioris,
673 1083 702 1106 et
715 1080 837 1114 profanae

60 1121 133 1148 simul
151 1128 299 1155 sacraque
316 1121 449 1149 doctrinae
474 1123 654 1150 concertatio.
678 1123 746 1150 Nam
768 1125 836 1151 ado-

59 1167 188 1194 lescentes
214 1166 446 1199 adhuc,Athenis
467 1168 582 1195 llimerii
607 1173 635 1196 et
659 1169 835 1202 Prohaeresii,

59 1215 100 1247 qui
124 1219 181 1240 tum
202 1214 279 1241 inter
300 1214 437 1248 sophistas
458 1215 589 1249 praecipui
623 1220 713 1247 erant,
739 1216 837 1244 deinde

61 1259 135 1286 etiam
166 1258 323 1286 Antiochiae
352 1258 380 1285 in
405 1258 484 1294 Syria
509 1259 616 1286 Libanii
643 1260 784 1288 auditores
809 1266 837 1288 et

59 1305 180 1340 discipuli
201 1309 290 1331 artem
308 1304 472 1331 rhetoricam
488 1311 595 1331 summe
617 1305 835 1340 perdidicerunt.

60 1351 89 1378 Et
104 1359 177 1383 cum,
201 1350 278 1385 quod
296 1351 330 1378 ad
343 1351 525 1386 philosophia:
539 1351 631 1392 studia
654 1352 733 1380 valde
748 1361 836 1388 appo-

60 1399 100 1425 siti
114 1402 220 1429 cssent,
235 1397 348 1432 quidam
370 1405 421 1425 eos
445 1397 478 1424 ad
503 1397 583 1425 ludos
605 1399 783 1433 aperiendas,
808 1404 836 1427 et

61 1444 237 1478 sophisticam
267 1442 351 1469 vitam
379 1443 637 1477 complectendam,
667 1445 714 1472 alii
741 1449 835 1472 autem

60 1490 90 1516 ad
108 1497 206 1517 causas
235 1489 264 1516 in
282 1489 341 1516 foro
358 1488 478 1523 agendas
503 1489 727 1522 cohortarentur,
744 1491 835 1518 studio

895 261 963 287 satis
988 259 1089 287 versati
1113 264 1205 289 erant,
1221 265 1252 284 ex
1270 256 1397 291 Origcnis
1412 261 1439 282 et
1466 255 1597 287 aliorum,
1624 255 1672 288 qui

896 307 972 333 illum
1003 305 1047 332 vel
1073 307 1283 338 praecesserant.
1310 302 1351 329 vel
1382 301 1523 328 consecuti
1551 300 1673 331 fuerant,

893 351 980 381 libris,
1007 357 1147 377 sacrarum
1167 348 1329 375 Litterarum
1344 347 1507 374 sententiam
1531 346 1673 372 addidice-

892 401 967 423 runt.
984 395 1076 430 Magna
1099 395 1172 422 enim
1195 400 1251 421 tum
1273 395 1339 420 orbe
1365 399 1422 420 toto
1438 392 1564 426 Origunis
1583 392 1669 426 gloria

892 441 954 468 fuit.
974 441 1002 468 In
1027 442 1086 476 ejus
1109 441 1189 468 libris
1210 448 1272 467 cum
1296 447 1324 466 se
1345 439 1542 468 exercuissent,
1561 438 1670 464 Arianix‘

892 492 1003 514 strenue
1027 487 1199 513 restiterunt.
1226 485 1260 511 Et
1285 484 1349 519 quia
1374 484 1412 510 illi
1440 483 1621 509 auctoritates
1643 488 1670 508 et

894 533 1051 560 testimonia
1072 540 1105 559 ex
1124 531 1249 566 Origenis
1267 530 1379 564 scriptis
1404 529 1438 556 ad
1466 529 1563 564 dogma
1591 536 1669 554 suum

890 577 1125 611 comprobandum
1154 577 1316 608 allerebant,
1346 576 1397 609 ipsi
1423 583 1471 602 eos
1499 573 1668 602 refellcrunt.

891 630 945 649 non
977 623 1044 650 satis
1074 622 1200 657 Origcnis
1232 621 1398 648 sententiam
1434 626 1577 646 assecutus
1609 626 1670 645 esse

891 668 1080 694 ostendentes.
1109 666 1188 702 Apud
1214 667 1315 693 multos
1343 665 1454 700 quidem
1482 670 1537 691 tum
1562 664 1668 692 Ariani.

891 717 972 746 atque
996 711 1146 738 Eunomius
1178 715 1207 737 et
1234 711 1292 745 ipse
1317 709 1488 742 Arianizans,
1517 709 1545 735 in
1572 715 1670 742 magno

890 757 968 784 fuere
994 757 1094 791 pretio.
1121 756 1156 782 At
1189 756 1227 782 illi
1249 760 1391 790 postquam
1414 762 1475 781 cum
1488 753 1621 788 Gregorio
1643 757 1670 779 et

889 802 988 830 Basilio
1005 803 1048 829 vel
1074 802 1185 836 scriptis
1208 801 1251 828 vel
1266 800 1499 836 disputationibus
1515 804 1581 826 sunt
1600 806 1668 825 con-

889 848 985 883 gressi,
997 848 1099 875 indocti
1116 855 1228 882 prorsus
1241 855 1300 874 esse
1314 847 1447 880 comperti
1462 851 1536 873 sunt.
1551 846 1670 872 Basilius

892 902 907 921 a
934 894 1043 921 Meletio
1069 894 1220 921 Antiochia:
1243 893 1373 928 episcopo
1390 892 1523 919 diaconus
1548 897 1668 924 creatus,

891 944 986 974 postea
1005 939 1101 974 patriae
1117 947 1175 967 suae
1197 938 1328 967 Caesareae
1340 939 1533 974 Cappadocum
1554 938 1669 965 antistes

891 985 991 1018 factus,
1010 993 1072 1012 cum
1087 992 1154 1012 cura
1169 990 1196 1013 et
1221 985 1274 1012 Iide
1291 985 1416 1012 ecclesiis
1433 984 1669 1019 praefuitNeritus

891 1032 963 1058 enim
980 1039 1014 1059 ne
1029 1039 1072 1059 res
1084 1032 1248 1059 Arianorum
1262 1039 1340 1059 nova:
1364 1031 1444 1058 Ponti
1456 1032 1538 1058 etiam
1550 1030 1668 1058 ditioncs

892 1081 1077 1112 occuparent,
1104 1077 1231 1105 celeriter
1256 1078 1291 1104 ad
1320 1085 1367 1105 ras
1395 1082 1487 1111 partes
1513 1077 1668 1112 percurrit,

891 1127 974 1156 atque
1000 1122 1198 1149 monachorum
1222 1122 1260 1150 ibi
1294 1122 1426 1151 exercitia
1453 1122 1612 1154 instituens,
1639 1127 1668 1149 et

891 1167 1036 1203 plerosque
1060 1175 1139 1196 sacra
1161 1168 1286 1195 doctrina
1303 1169 1446 1202 erudiens,
1464 1169 1492 1196 in
1515 1169 1567 1197 ﬁde
1584 1170 1667 1196 etiam

890 1212 1054 1240 ﬂuctuantes
1070 1213 1250 1241 conﬁrmavit.
1272 1213 1404 1249 Gregorio
1419 1219 1522 1247 autem,
1542 1214 1589 1249 qui
1605 1215 1660 1241 Na-

891 1258 979 1285 zianzi
995 1258 1127 1285 mediocri
1148 1258 1325 1293 Cappadocia:
1349 1259 1461 1299 oppido,
1484 1261 1555 1293 patri
1573 1268 1622 1287 suo
1641 1262 1668 1287 in

889 1304 1048 1338 episcopatu
1071 1305 1212 1336 successit,
1235 1304 1306 1332 idem
1330 1305 1451 1332 studium
1465 1306 1526 1333 fuit.
1541 1306 1667 1334 Circum-

891 1351 949 1377 iens
979 1350 1053 1376 enim
1075 1354 1103 1377 et
1126 1350 1183 1384 ipse.
1206 1350 1304 1384 oppida
1324 1352 1466 1386 pleraque,
1487 1359 1534 1379 eos
1551 1353 1598 1386 qui
1635 1353 1664 1379 in

891 1395 1020 1430 religione
1041 1395 1166 1422 imbecilli
1182 1399 1273 1428 erant,
1289 1396 1466 1423 confortavit.
1485 1397 1664 1425 Potissimum

891 1449 955 1469 vero
977 1441 1239 1476 Constantinopolim
1266 1442 1439 1476 frequentius
1464 1443 1568 1476 visens,
1596 1450 1661 1472 sen-

891 1487 981 1514 tentia
995 1495 1051 1515 sua:
1066 1488 1262 1524 suifragatores
1278 1489 1304 1516 in
1319 1490 1444 1519 doctrina
1464 1493 1638 1522 confirmavit
1656 1505 1661 1520 ε

65 1541 175 1571 utroque
190 1540 365 1571 contempto,
385 1535 536 1563 solitariam
551 1540 618 1563 sunt
632 1536 715 1563 vitam
735 1536 834 1564 secuti.
851 1552 871 1580 ο
888 1537 916 1560 et
933 1538 1025 1567 postea
1044 1534 1072 1561 in
1093 1542 1153 1561 eam
1169 1535 1264 1562 urbem
1279 1536 1398 1571 legitime
1419 1544 1560 1571 evocatus,
1577 1542 1666 1568 admi-

60 1627 174 1662 ὕστερον,
191 1627 331 1661 συνδρομῇ
346 1626 451 1652 πολλῶν
467 1625 562 1661 ἱερέων
574 1625 622 1661 τῆς
639 1626 730 1653 ἐκεῖσε
740 1626 838 1661 ἐκκλη-

62 1672 113 1702 σίας
130 1672 178 1706 τὴν
199 1672 355 1705 ἑπιςκοπὴν
370 1671 522 1706 ἐπετράπη.
542 1670 573 1697 Εἰ
595 1670 633 1706 μὴ
651 1672 703 1705 γὰρ
722 1671 802 1697 αὐτὸν
820 1672 835 1706 ή

62 1717 112 1743 θεία
135 1717 217 1752 χάρις
231 1718 320 1743 ἐκεῖσε
335 1715 515 1750 παραόάλλειν
533 1716 628 1748 ἐκίνει,
645 1715 708 1750 μήτ’
724 1716 843 1742 ἐπισκό-·

60 1771 105 1789 που
119 1765 181 1798 μήτ’
199 1762 349 1796 ἐκκλησίας
368 1761 461 1795 οὔσης,
474 1761 582 1788 πάντων
597 1761 619 1787 δ’
638 1761 835 1795 ἐλαυνομένων,

60 1810 204 1836 ἐκινῑύνιυε
218 1809 311 1843 σχεδὸν
321 1807 416 1842 μηκέτ’
427 1806 496 1834 εἶναι
509 1808 541 1842 τῇ
552 1808 755 1834 Κωνσταντῑνου
766 1807 795 1832 τὸ
803 1809 834 1842 τῇ

61 1855 85 1879 ἑν
105 1854 206 1888 Νικαίᾳ
231 1853 349 1883 πίστεως
368 1852 464 1886 δόγμα.
489 1852 568 1878 Ἀλλὰ
590 1853 653 1887 περὶ
674 1853 724 1886 μὲν
740 1852 835 1878 τούτπέυ

60 1902 100 1926 κιὶ
114 1901 191 1932 αὖθις
215 1900 288 1926 κατὰ
304 1901 395 1934 χώραν
413 1898 528 1933 ἐροῦμεν
543 1908 550 1914 ·
569 1900 597 1926 τὸ
613 1899 640 1926 δέ
655 1907 686 1932 γε
710 1899 757 1925 νῦν
774 1899 837 1933 περὶ

60 1947 189 1973 Βισιλείου
202 1945 330 1979 διέξειμι.

346 2002 472 2028 ΚΕΦΑΛ.
492 2001 545 2028 m'.
566 1992 570 1994 ⁷

63 2049 106 2082 Ὧς
122 2050 196 2083 μετὰ
209 2048 359 2076 Εὑσέὄιον
374 2049 533 2080 Βασίλειος
551 2048 609 2082 τὴν
625 2047 836 2075 Καππαδοκῶν

88 2085 256 2123 ἐπετράπη]
276 2083 326 2123 sagi
342 2084 408 2117 περὶ
422 2083 477 2116 τῆς
501 2084 576 2116 πρὸς
591 2083 744 2110 Οὐάλεντα
759 2084 836 2117 παῤ-

84 2120 195 2153 ριισιας
211 2120 318 2146 αὑτοῦ.

89 2178 209 2212 Διαφορά
236 2184 279 2206 τις
306 2175 406 2208 συνέϐη
426 2174 465 2209 τῷ
481 2174 535 2209 πρὸ
559 2173 607 2200 τοῦ
623 2174 763 2200 Βασιλείου
786 2175 836 2208 τῆς

888 1578 1078 1606 nistrationem
1096 1579 1224 1608 Ecclesia:
1239 1581 1276 1608 ibi
1293 1582 1440 1610 multorum
1464 1585 1660 1620 episcoporum

887 1631 1024 1651 concursu
1044 1630 1071 1652 et
1095 1625 1226 1661 suti‘ragio
1242 1629 1373 1662 suscepit.
1395 1629 1474 1662 Quod
1500 1631 1553 1658 nisi
1570 1633 1664 1660 divina

888 1671 983 1703 gratia,
1003 1675 1032 1696 ut
1048 1671 1070 1697 is
1085 1679 1117 1698 eo
1130 1674 1248 1705 veniret,
1265 1680 1451 1708 procurasset,
1471 1678 1544 1711 quod
1561 1680 1660 1713 expul-

888 1715 925 1742 sis
952 1715 1099 1747 omnibus,
1131 1725 1220 1752 neque
1254 1719 1400 1755 episcopus
1430 1730 1518 1757 neque
1547 1725 1663 1752 ecclesia

889 1760 926 1786 ibi
950 1765 1040 1793 esset,
1056 1763 1209 1796 periculum
1227 1770 1303 1793 certe
1319 1771 1344 1792 et
1363 1771 1450 1793 metus
1468 1767 1526 1795 fere
1548 1768 1667 1799 luisset.

889 1814 922 1832 ne
948 1806 1046 1834 deinde
1081 1808 1196 1835 Nicen-ce
1233 1809 1293 1836 fidei
1319 1811 1450 1838 doctrinae
1474 1812 1669 1841 Constantino-

888 1852 942 1885 poli
971 1853 1046 1879 locus
1072 1853 1189 1880 deesset.
1218 1854 1271 1881 Sed
1297 1855 1347 1881 hac
1373 1855 1406 1882 de
1437 1864 1466 1882 re
1492 1862 1587 1891 postea
1615 1867 1667 1886 suo

887 1897 947 1924 loco
975 1898 1074 1924 dicam.
1104 1899 1131 1925 In
1159 1900 1304 1933 prmscntia
1330 1901 1471 1928 historiam
1500 1902 1534 1929 de
1563 1903 1664 1931 Basilio

887 1951 1049 1978 persequar.

1159 2000 1272 2028 CAPUT
1293 2001 1386 2029 XVIII.

889 2046 921 2074 Ut
934 2051 990 2080 post
1015 2046 1151 2073 Eusebium
1161 2081 1165 2083 ἓ
1176 2046 1276 2074 Basilio
1291 2047 1404 2075 Ecclesia
1427 2048 1614 2083 Cappadocum
1630 2053 1663 2078 sit

921 2083 1058 2108 commissa
1077 2090 1086 2108 :
1107 2086 1131 2108 et
1148 2081 1179 2108 de
1196 2082 1291 2116 insigni
1307 2083 1365 2117 ejus
1387 2081 1510 2111 adversus
1530 2085 1666 2113 Valentem

922 2117 1024 2143 dicendi
1037 2116 1165 2144 libertate.
1319 2116 1323 2117 ν
1547 2119 1550 2121 λ

922 2175 1049 2206 Eusebio,
1066 2175 1111 2208 qui
1124 2180 1186 2202 ante
1200 2175 1328 2202 [Insilium
1346 2176 1468 2204 ecclesiae
1484 2178 1665 2207 Cesariensis

64 2221 220 2255 Ἐκκλησὶας
236 2219 404 2254 καθηγεμόνι
417 2219 547 2254 Εὐσεὸζῳ,
559 2219 598 2245 ἔτι
610 2220 638 2245 ἑν
648 2220 782 2250 διακόνοις
791 2228 835 2245 τε-

890 2221 1050 2254 gubernator
1067 2221 1286 2252 fuit.dissidium
1314 2223 1450 2257 quoddam
1474 2232 1535 2251 eum
1566 2225 1666 2252 Basilio

59 2267 169 2298 λοῦντος.
186 2265 242 2292 Ἦν
259 2265 287 2292 δὲ
301 2267 316 2292 ὁ
329 2265 456 2295 Εὐσέϐιος
473 2265 518 2291 καὶ
531 2264 614 2291 τᾶλλα
629 2265 678 2300 μὲν
693 2265 834 2297 ἐπαινετὸς

59 2314 70 2338 ὁ
87 2314 163 2348 ἀνὴρ,
181 2313 230 2338 καὶ
248 2313 302 2343 τοῖς
324 2311 393 2345 ὑπὲρ
404 2310 542 2341 εὐσεϐείας
562 2311 694 2342 κινδύνοις
719 2311 835 2345 μάλιστα

58 2360 213 2394 διαπρέψας,
231 2358 268 2389 ὡς
286 2359 299 2384 ὁ
315 2357 375 2384 τότε
392 2357 475 2388 ἔδειξε
493 2357 622 2391 διωγμός.
642 2355 696 2390 Τῆς
716 2356 760 2383 οὖν
776 2357 835 2383 δια-

59 2408 133 2441 φορᾶς
144 2406 308 2440 γενομένης,
322 2403 459 2434 Βασίλειος
477 2404 524 2437 μὲν
538 2403 585 2429 ἐπὶ
596 2402 639 2428 τὸν
656 2402 754 2428 Πόντον
769 2402 837 2437 ὲχώ-

58 2461 105 2486 ρει,
121 2454 170 2479 καὶ
179 2453 236 2482 τοῖς
250 2451 338 2476 Extis:
352 2448 504 2483 φιλοσόφως
520 2448 586 2479 ζῶσι
602 2448 683 2482 συνῆν
695 2456 701 2463 '
715 2449 729 2473 ὀ
742 2448 770 2474 δὲ
781 2448 835 2474 τῶν

59 2499 214 2534 Καισαρέων
222 2497 320 2531 δῆμος,
331 2497 377 2522 καὶ
390 2495 490 2529 μᾶλλον
502 2495 560 2521 ὅσοι
574 2494 621 2520 τοῦ
633 2494 752 2528 πλήθους
765 2492 835 2529 ἦσαν

59 2545 202 2579 σοφώτεροι
212 2564 220 2576 ,
241 2542 276 2570 δι’
291 2542 417 2572 ὑπονοίας
432 2539 505 2575 εἶχον
517 2540 659 2572 Εὑσὲΰιον,
676 2541 722 2566 καὶ
737 2540 834 2566 ἀπολι-

59 2594 112 2617 πεῖν
124 2600 154 2617 τε
167 2590 250 2617 αὐτὸν
266 2587 449 2619 ὶόουλεύοντο,
468 2588 514 2613 καὶ
529 2586 590 2613 κατ’
609 2586 676 2612 ἰδίαν
690 2586 837 2621 χωρισθέν-

58 2645 107 2668 τες,
120 2639 169 2668 τὰς
187 2635 352 2668 συναγωγὰς
368 2634 436 2668 δῆτα
463 2633 616 2664 ποιεῖσθαι,
634 2633 674 2658 ὅτι
690 2632 778 2667 φυγῆς
793 2632 836 2659 αῖ-

59 2692 107 2715 τιος
119 2683 243 2717 ἐγεγόνει
258 2681 335 2716 ἀνδρὶ
346 2679 466 2714 τοσούτῳ
476 2679 525 2713 τὴν
536 2678 636 2714 ἀρετὴν
647 2678 692 2704 καὶ
707 2677 780 2712 βιοῦν
791 2678 837 2705 λί-

59 2738 110 2760 γειν
124 2730 194 2763 ὑπὲρ
209 2729 332 2758 ἃπαντας
349 2726 493 2760 ιὺδοκίμῳ,
511 2723 656 2751 καὶταῦτα
673 2725 782 2757 στίφους
793 2732 838 2750 το-

61 2776 153 2802 σούτων
168 2773 317 2810 αἱρετικῶν
326 2771 509 2807 περιθέοντος.
518 2771 548 2796 '0
567 2771 616 2804 μὲν
626 2768 671 2796 οὖν
684 2769 835 2801 Basilum,

93 2867 127 2900 (ι)
142 2865 252 2892 Sozam.
269 2863 331 2890 eod.
346 2871 405 2897 cap.
426 2863 468 2890 M.
486 2861 591 2888 Sorrat.
606 2859 668 2887 cod.
684 2867 742 2894 cap.
756 2859 802 2887 26.

886 2267 1034 2294 etiamnqu
1044 2268 1159 2294 diacono
1170 2268 1335 2295 intercessit.
1345 2268 1407 2295 Fuit
1421 2274 1513 2295 autem
1528 2270 1665 2297 Eusebius

884 2320 948 2341 cum
959 2313 1020 2340 aliis
1035 2314 1061 2340 in
1081 2315 1163 2340 rebus
1177 2314 1217 2340 vir
1243 2321 1368 2347 magnus,
1384 2319 1440 2340 tum
1467 2314 1666 2341 certaminibus

884 2365 912 2386 et
924 2359 1052 2394 periculis
1067 2367 1115 2394 pro
1127 2360 1230 2394 pietate
1251 2359 1401 2386 subeundis
1416 2359 1534 2385 maxime
1561 2366 1668 2393 specta-

885 2411 940 2432 tus.
957 2405 984 2432 Id
1009 2406 1080 2440 quod
1095 2406 1154 2440 eius
1173 2405 1304 2439 temporis
1332 2404 1489 2439 persecutio
1507 2404 1666 2431 declaravit.

887 2451 1032 2478 Dissidium
1058 2456 1148 2478 autern
1165 2459 1226 2477 cum
1241 2452 1282 2478 eis
1308 2449 1527 2481 intercessisset,
1552 2448 1669 2475 Basilius

887 2498 914 2525 in
931 2499 1047 2525 Pontum
1060 2497 1183 2529 secessit,
1201 2502 1283 2531 atque
1301 2496 1337 2523 ibi
1362 2504 1423 2523 cum
1437 2495 1578 2522 monachis
1609 2497 1653 2529 plti

885 2543 1026 2576 Iosophice
1053 2543 1206 2570 viventibus
1224 2542 1284 2569 fuit.
1308 2542 1386 2568 Plebs
1413 2546 1503 2568 autem
1518 2540 1669 2568 Caesarien-

886 2591 935 2622 sis.
948 2590 1067 2624 atquein
1083 2589 1180 2624 primis
1195 2588 1241 2623 qui
1255 2596 1286 2615 ea
1302 2592 1381 2614 erant
1395 2587 1576 2619 cordatiores,
1593 2588 1666 2622 quod

889 2637 1036 2664 Eusebium
1052 2641 1209 2670 suspectum
1227 2634 1376 2665 habebant,
1392 2634 1470 2668 quasi
1494 2633 1563 2668 luga;
1587 2641 1670 2661 causa

888 2687 962 2710 esset
972 2682 1021 2708 viri
1033 2682 1112 2712 tanti,
1123 2680 1170 2715 qui
1187 2680 1287 2706 virtute
1295 2679 1460 2721 etmoribus
1474 2684 1501 2706 et
1513 2680 1671 2714 eloquentia

889 2728 1016 2755 onmibus
1032 2727 1091 2753 aliis
1106 2726 1205 2752 clarior
1220 2729 1301 2756 esset,
1330 2732 1363 2751 eo
1382 2725 1519 2760 praecipue
1549 2730 1672 2759 tempore

888 2781 943 2808 quo
960 2771 1152 2799 hmreticorum
1179 2771 1274 2805 ingens
1298 2770 1446 2798 multitudo
1474 2772 1667 2799 circumcursa-
