1905 3048
241 131 300 163 £23

852 132 1060 164 NICEPHORI
1083 133 1254 164 CALLISTI

1810 133 1869 164 633

243 195 304 222 ret.
319 189 467 218 consilium
491 190 551 224 ejus
577 189 748 224 relinquendi
773 195 800 217 et
826 191 940 217 seorsim
969 198 1026 217 con

1083 191 1125 217 ἴνα
1159 191 1196 226 μὴ
1224 191 1254 217 τδ
1284 190 1326 224 ἐφ’
1353 189 1442 224 ἑαυτῷ
1466 189 1516 230 τὴν
1547 189 1697 225 ἐκκλησίαν
1721 189 1870 224 ἐπιτρέψῃ,

243 239 343 263 ventus
366 235 418 262 sibi
436 242 500 262 suos
524 234 621 269 agendi
654 242 761 270 cepere.
780 235 858 270 134
881 237 970 270 Atque
992 236 1029 263 ita

243 283 355 318 quidem
383 281 516 312 Basilius,
554 289 604 313 ne,
642 286 774 315 quantum
810 290 838 309 in
877 289 910 308 eo
945 283 1028 309 silum

243 333 313 360 erat,
344 327 494 355 Eeclesiam
519 326 643 361 plurimis
669 327 832 353 tumultibus
860 327 894 353 ab
919 327 959 354 eis
981 327 1027 361 qui

243 374 331 400 aliena
368 373 538 403 sentiebant,
572 373 764 399 conturbatam
788 372 905 407 amplius
928 373 1029 407 afﬂige-

244 423 307 451 ret,
347 418 467 453 quietam
500 418 528 444 in
569 418 691 445 Ponticis
728 418 901 445 monasteriis
931 418 1028 453 agebat

242 466 336 492 vitam.
367 465 468 491 Valens
494 468 597 495 autem.
623 469 651 491 et
667 471 799 499 quaecum
819 471 852 491 eo
875 468 934 491 erat
950 472 1027 492 sacra

241 511 343 538 cohors
371 511 491 545 (semper
515 511 588 537 enim
621 509 696 536 illum
726 509 872 536 incitantes
905 510 1026 544 episcopi

242 557 336 585 Ariani
362 557 567 591 sequebantur)
592 561 775 590 opportunqu
795 564 824 582 se
842 560 950 590 tempus
979 564 1028 582 na-

242 608 302 629 clo»:
330 609 391 628 esse
419 601 553 631 dicentes,
582 605 612 627 ut
641 600 666 626 in
694 600 885 634 Cappadocum
902 600 1024 628 Caesarea

243 648 315 681 quod
346 647 448 674 vellent
477 646 661 680 perficerent,
689 651 835 680 propterea
859 645 932 679 quod
954 645 1027 672 Basi-

241 693 295 718 lius
323 692 490 723 secessisset,
519 695 547 717 et
568 690 686 725 populus
706 689 817 717 Eusebii
835 690 898 717 odio
919 690 953 718 ad
970 691 1026 718 dis-

241 738 397 765 cessionem
412 742 563 771 spectaret,
575 736 732 763 Nicomedia
740 736 1025 771 profectiCmsaream.

243 790 372 819 tauquam
399 789 426 810 et
449 783 521 810 hanc
536 782 669 815 eversuri,
682 786 837 810 venerunt:
873 787 956 818 atque
989 783 1025 810 ibi

242 839 303 865 quae
314 831 387 858 soliti
402 830 518 862 fuerant,
534 836 665 864 peragere
681 833 744 857 sunt
769 829 872 863 conati,
897 829 1026 856 videlicet

1082 236 1219 267 πλείστοις
1239 235 1364 271 θορύϐοις
1387 234 1462 269 παρὰ
1488 235 1542 261 τῶν
1558 235 1722 270 ἑτεροδόξων
1739 243 1873 269 κυμαίνο-

1083 281 1177 316 μένην,
1190 282 1247 312 τοῖς
1264 281 1336 307 κατὰ
1350 281 1449 307 Πόντον
1463 281 1684 315 φροντιστηρίοις
1699 281 1834 308 ἐνέϐαλεν
1845 284 1873 316 ή-

1083 327 1150 360 συχῆ
1165 326 1276 358 διαζῶν,
1297 325 1404 360 Οὐάλης
1414 326 1442 353 δὲ
1455 327 1501 353 καὶ
1514 327 1528 353 ὁ
1539 327 1603 361 περὶ
1612 327 1693 353 αὑτὸν
1703 327 1779 361 ίερὸς
1791 335 1873 361 στρα-

1082 373 1126 403 τὺς
1145 373 1199 407 (ἀεὶ
1215 373 1271 407 γὰρ
1299 373 1397 407 ἐκείνῳ
1416 373 1535 407 συνῆσαν
1551 373 1759 408 διερεθίζοντες)
1777 374 1873 407 καιρὸν

1082 418 1152 452 ἔχειν
1174 419 1297 450 εἰπόντες
1315 419 1363 445 καὶ
1386 419 1416 445 ἐν
1439 420 1472 454 τῇ
1499 419 1692 445 Καππαδοκῶν
1717 419 1819 446 ἀνύσαι
1843 420 1874 445 τὸ

1083 464 1308 498 σπουδαζόμενον,
1326 464 1355 489 τό
1368 472 1398 490 τε
1415 464 1557 498 ἀπόδημον
1571 462 1641 490 εἶναι
1656 464 1809 496 Βασίλειον,
1827 466 1873 491 καὶ

1081 511 1111 537 τὸ
1124 511 1167 537 διὰ
1185 510 1279 545 μίσους
1293 510 1407 543 ἄγεσθαι
1424 510 1462 545 τῷ
1480 510 1536 545 λαῷ
1552 511 1597 536 τὸν
1616 510 1750 537 Εὺσέδιον
1765 512 1816 538 καὶ
1833 512 1873 543 είς

1083 554 1160 590 ῥῆξιν
1179 555 1257 590 όρᾷν,
1274 555 1305 580 ἐκ
1319 556 1368 588 τῆς
1383 554 1566 589 Νικομηδείας
1578 555 1748 589 ἀπάραντες.
1764 556 1810 585 ὡς
1826 556 1873 581 καὶ

1080 601 1183 635 ταύτην
1194 599 1457 635 καταστρεψόμενοι,
1468 601 1500 635 τῇ
1510 600 1674 634 Καισαρέων
1686 601 1870 634 προσέϐαλον,

1081 647 1126 672 καὶ⁸
1147 646 1181 672 τὰ
1207 646 1324 672 εἰωθότα
1340 646 1428 672 ποιεῖν
1453 645 1629 680 ἐπεχείρουν·
1655 646 1800 672 ἐκϐάλλειν
1823 647 1873 681 μὲν

1080 691 1133 717 τῶν
1148 690 1304 725 ἐκκλησιῶν
1321 691 1383 719 τοὺς
1409 689 1589 724 ὀρθόφρονας,
1603 691 1658 721 τοῖς
1679 690 1701 716 δ’
1715 691 1872 726 ἐξᾌρείου

1080 736 1180 768 ταύτας
1196 736 1307 764 διδόναι.
1322 737 1442 763 ’Ἡκιστα
1458 737 1481 763 δ’
1496 737 1589 767 αὐτοῖς
1606 737 1675 770 μετὰ
1695 737 1800 763 σκοπὸν
1821 737 1875 763 ἀπ-

1081 782 1129 816 έϐη
1154 782 1184 808 τὸ
1207 782 1422 817 βουλευόμενον
1438 782 1495 817 ἃμα
1510 782 1564 816 γὰρ
1586 782 1735 817 ἠγγέλλετο
1758 784 1874 815 τούτους

1081 826 1127 852 ἐπὶ
1142 826 1311 861 Καισαρείας
1327 826 1462 858 ἐλαύνειν,
1481 829 1529 853 καὶ
1544 827 1682 859 Βασίλειος
1697 828 1744 859 τὰς
1758 829 1788 854 ὲν
1804 829 1874 855 Πόν-

244 882 274 904 ut
306 881 379 904 recta
409 876 561 903 sentientes
597 875 722 902 ccclesiis
745 875 897 910 exigerent,
923 882 1025 908 easque

1080 881 1114 906 τῳ
1138 872 1279 906 διατριϐὰς
1306 873 1414 908 χαίρειν
1443 873 1539 905 εἰπὼν,
1567 874 1613 900 ἐπὶ
1629 874 1679 908 τὴν
1704 875 1874 910 Καισαρέων

245 922 355 948 Arianis
372 921 517 948 traderent.
534 920 668 949 Creterum
693 921 836 948 consilium
871 921 896 947 id
925 920 1025 948 frustra

242 969 304 994 luit.
323 966 531 1001 Quamprimum
545 966 618 993 enim
634 965 684 992 hos
697 965 848 992 Czcsaream
864 965 1024 999 pervenisse

243 1013 460 1044 nuntiatumest,
473 1011 591 1038 Basilius
604 1010 762 1038 monasticis
776 1011 803 1036 in
827 1009 914 1038 Ponto
925 1010 1027 1038 scholis

241 1059 301 1086 vale
328 1059 411 1090 dicto,
440 1058 589 1085 Cwsaream
613 1061 641 1084 et
670 1059 728 1090 ipse
750 1057 830 1089 redit,
853 1061 882 1083 et
907 1056 1026 1083 Eusebio

242 1106 325 1132 rebus
344 1104 472 1130 omnibus
497 1103 558 1130 aliis
575 1102 741 1138 posthabitis
766 1102 939 1130 conciliatur.
967 1102 1026 1135 Quo

233 1151 354 1187 quidem
383 1151 454 1177 facto
477 1149 561 1176 animi
596 1149 636 1176 sui
662 1148 880 1176 benevolentiam
910 1149 1027 1175 maxime

243 1196 370 1223 nstemlit,
385 1195 419 1222 Et
437 1194 509 1230 quod
527 1194 552 1220 in
572 1200 691 1228 tempore
704 1201 803 1228 magno
815 1193 921 1226 judicio
935 1195 1025 1221 omnia

242 1249 303 1268 cum
317 1241 422 1267 ratione
436 1231 501 1274 egit,
515 1238 802 1273 disputationibusque
819 1243 974 1272 opportune
985 1243 1026 1265 est

243 1293 318 1316 usus,
335 1293 446 1312 examen
463 1284 654 1311 haereticorum
688 1284 783 1319 ingens
799 1285 909 1318 repulit,
926 1288 954 1310 et
983 1291 1027 1310 ec-

241 1332 331 1359 clesizn
364 1330 534 1365 temporibus
569 1330 724 1357 durissimis
766 1330 878 1365 profuit.
915 1330 1027 1361 Valens,

242 1384 387 1415 postquam
407 1377 432 1404 ei
445 1382 561 1403 conatus
573 1384 627 1402 non
644 1376 785 1406 successit,
813 1384 867 1403 una
883 1383 944 1404 cum
970 1376 1027 1410 epi-

243 1424 335 1458 scopis
355 1423 412 1449 suis
428 1421 602 1448 Antiochiam
620 1421 755 1447 concessit
768 1421 825 1455 (l):
845 1425 929 1455 atque
961 1421 1026 1448 inde

242 1468 382 1502 aliquanto
396 1471 457 1500 post
471 1467 496 1492 in
509 1465 708 1500 Cappadociam
731 1473 870 1497 reversus.
887 1466 1025 1498 Basilium,

242 1515 305 1546 post
316 1511 422 1538 Eusebii
436 1515 551 1536 mortem
562 1510 691 1537 ceclcsias
701 1509 934 1537 administrantem
951 1510 1026 1538 inve-

243 1557 294 1584 nit:
309 1564 388 1590 quem
401 1563 462 1582 cum
471 1555 579 1589 exigere
587 1555 678 1587 vellet,
691 1555 799 1582 coalitus
807 1563 837 1583 ea
849 1556 876 1583 in
884 1564 913 1583 rc
923 1561 964 1583 est
975 1557 1026 1583 im-

242 1602 362 1637 peditus.
385 1602 492 1628 Alcuim
522 1600 699 1627 nihilominus
730 1601 837 1628 leonem
866 1602 959 1629 statim
996 1610 1026 1630 se

243 1649 318 1675 larva
334 1653 360 1674 et
381 1647 604 1674 terriculameuto
619 1647 814 1673 exterriturum
828 1655 887 1675 esse
900 1648 1024 1681 credens,

243 1694 276 1720 ad
298 1692 416 1727 ιιι-σείοοιί
435 1691 556 1718 tribunal
584 1699 646 1718 cum
663 1691 732 1718 misit
746 1692 794 1726 (2).
816 1693 854 1719 lbi
884 1693 1026 1727 prazfectus

244 1739 376 1766 assistens
402 1746 463 1765 cum
482 1740 641 1773 interrogat,
664 1746 779 1772 quanam
808 1738 841 1765 de
854 1746 936 1766 causa
960 1739 1025 1766 rcli-
1052 1734 1054 1736 V

244 1787 353 1819 giuncm
378 1784 554 1820 imperatoris
585 1792 638 1810 non
673 1784 912 1818 complecteretur.
935 1785 1025 1820 Atque

245 1833 289 1859 ille
304 1841 310 1858 :
325 1831 402 1864 Quod
418 1832 469 1858 hoc
483 1831 522 1858 sic
537 1831 610 1858 Deus
625 1838 677 1857 non
705 1831 843 1864 prreeepit.
869 1831 966 1865 inquit.
994 1832 1026 1858 Et

244 1880 356 1914 insuper
378 1877 549 1912 imperatoris
573 1884 694 1904 errorem
728 1876 914 1911 reprehendit,
944 1882 1025 1912 atque

243 1925 398 1958 ὁμοούσιον,
413 1923 657 1955 consubstantiale,
669 1922 800 1950 defendit.
817 1921 867 1950 Ubi
890 1931 955 1950 vero
981 1924 1025 1951 ille

244 1974 360 1997 mortem
373 1969 399 1996 ei
413 1969 533 1996 minatus
544 1972 598 2000 est,
613 1968 730 1995 Basilius
743 1968 858 2003 gratiam
876 1976 905 1996 se
931 1968 970 1996 illi
992 1977 1026 1996 eo

243 2017 354 2043 nomine
372 2014 474 2041 habere
485 2014 564 2046 dixit,
577 2014 677 2048 quippe
689 2014 735 2050 qui
764 2014 904 2041 discedere
931 2022 964 2042 ex
980 2015 1025 2042 tali

243 2069 337 2088 rerum
354 2065 425 2088 statu
437 2067 491 2086 non
506 2064 613 2094 gravate
626 2063 746 2092 cuperet.
759 2059 793 2086 Et
807 2067 868 2086 cum
883 2061 1026 2094 praefectus

245 2106 362 2140 amplius
392 2112 451 2131 eam
472 2111 528 2131 rem
556 2103 709 2131 deliberare
735 2103 862 2139 iuberet,
891 2105 1024 2139 Basilius,

243 2153 300 2187 Ego
311 2151 433 2186 quidem,
451 2149 550 2184 inquit,
566 2153 593 2176 et
605 2149 685 2176 hodie
697 2154 725 2176 et
738 2157 799 2177 cras
813 2150 884 2178 idem
917 2152 1026 2180 futurus

1077 919 1138 954 ἥκει
1148 927 1156 933 '
1172 920 1219 945 καὶ
1235 920 1323 946 πάντα
1338 919 1453 954 θέμενος
1466 920 1494 945 ἐν
1505 920 1637 955 δευτέρῳ,
1654 920 1802 946 σπένδεται
1819 921 1874 947 Εὐ-

1079 965 1174 1000 σεϐίῳ,
1203 965 1250 991 καὶ
1267 966 1295 991 ἐν
1312 966 1369 997 τοῖς
1392 965 1510 1000 μάλιστα
1532 965 1562 992 τὸ
1575 966 1697 992 εὐνοϊκὸν
1711 967 1872 1003 ἐπεδείκνυ,

1078 1011 1149 1038 κατὰ
1163 1011 1258 1043 καιρδν
1273 1012 1301 1038 ὲν
1324 1012 1414 1045 κρίσει
1430 1011 1495 1042 τοὺς
1511 1012 1609 1045 λόγους
1620 1012 1786 1045 οἰκονομῶν.
1810 1013 1874 1044 Ἐγ-

1077 1057 1182 1092 καίρως
1196 1057 1224 1083 δέ
1238 1058 1294 1088 τοῖς
1308 1057 1409 1090 λόγοις,
1426 1057 1456 1083 τὸ
1470 1057 1537 1084 πολὺ
1555 1057 1609 1083 τῶν
1634 1057 1784 1092 αἱρετικῶν
1800 1059 1872 1084 ἁπε-

1077 1103 1213 1138 κρούτατο
1236 1103 1354 1136 σμῆνος·
1373 1103 1421 1128 καὶ
1450 1104 1482 1136 τῇ
1523 1102 1672 1138 Ἐκκλησῖᾳ
1694 1100 1731 1129 τὰ
1752 1105 1871 1137 μέγιστα

1077 1148 1228 1182 τηνικαῦτα
1241 1147 1501 1182 ὲπήμυνεν.οὖἀλης
1516 1147 1544 1174 δὲ
1560 1148 1704 1182 ἀποτυχὼν
1718 1149 1769 1183 τῆς
1785 1157 1869 1174 σπου·

1077 1195 1136 1229 δῆς,
1154 1195 1203 1221 σὺν
1218 1196 1273 1225 τοῖς
1285 1193 1355 1228 ἀμφ’
1370 1194 1451 1220 αὑτὸν
1465 1193 1585 1228 ἱερεῦσιν
1601 1195 1648 1219 ἐπὶ
1664 1194 1717 1228 τῆς
1733 1195 1871 1230 Ἀντιόχου

1078 1240 1186 1275 ἐχώρει.
1203 1239 1280 1266 Μετὰ
1291 1239 1319 1265 δέ
1334 1248 1394 1266 τινα
1405 1239 1501 1274 χρόνον
1516 1239 1621 1265 ἐκεῖθεν
1639 1237 1718 1270 αὖθις
1734 1240 1775 1271 εἰς
1789 1241 1872 1266 Καττ-

1079 1286 1212 1313 παδοκίαν
1226 1285 1388 1319 γενόμενος,
1409 1284 1565 1319 εὑρίσκεται
1581 1284 1722 1311 Βασίλειον
1739 1286 1811 1319 μετὰ
1825 1287 1872 1319 τὴν

1078 1332 1209 1359 Εὑσεϐίου
1225 1332 1353 1365 τελευτὴν
1366 1331 1413 1362 τὰς
1429 1322 1577 1364 ἐκκλησίας
1591 1331 1795 1365 ὲπιτραπέντα.
1818 1333 1873 1358 Kal.

1077 1378 1109 1413 δὴ
1125 1377 1342 1412 βουλευσάμενος
1359 1376 1441 1402 αὐτὸν
1459 1376 1595 1408 ἐξελάσαι,
1611 1376 1717 1403 ἄνωθεν
1733 1377 1873 1412 ἀπέσχετο

1077 1424 1126 1458 τῆς
1153 1423 1314 1457 ἐπιϐουλῆς.
1329 1423 1426 1457 Ὀμως
1441 1422 1463 1448 δ’
1490 1421 1536 1448 οὖν
1551 1422 1633 1451 εὐθὺς
1657 1422 1873 1457 μορμολυκείως

1077 1469 1122 1494 τον
1138 1469 1240 1494 Λέοντα
1254 1469 1377 1503 οἰόμενος
1408 1467 1547 1500 ἐκφοϐεῖν,
1564 1468 1604 1498 είς
1623 1467 1654 1494 τὺ
1667 1467 1723 1493 τῶν
1740 1468 1874 1503 ὗπὰρχων

1079 1515 1186 1548 ἔπεμπε
1201 1514 1387 1548 δικαστήριον.
1409 1513 1439 1540 '0
1462 1513 1491 1540 δὲ
1511 1513 1636 1548 ὕπαρχος
1648 1515 1874 1548 παραστησάμε-

1078 1568 1133 1592 νος,
1157 1560 1255 1586 πεῦσιν
1272 1559 1410 1594 προσῆγεν
1430 1560 1492 1586 ὅτου
1514 1560 1606 1594 χάριν,
1627 1559 1664 1594 μὴ
1679 1560 1714 1585 τὰ
1734 1559 1874 1594 Samum;

1077 1607 1242 1641 Θρησκεύειν
1266 1606 1384 1640 αίρεῖται
1397 1613 1404 1621 ·
1422 1605 1468 1631 τὸν
1488 1604 1511 1630 δ’
1530 1603 1745 1638 ἀποκρίνασθαι,
1773 1605 1874 1639 ὅτιπερ

1077 1651 1115 1687 μὴ
1140 1651 1260 1677 κελεύειν
1277 1650 1349 1677 οὕτω
1365 1650 1442 1678 Θεόν.
1459 1650 1514 1676 Καὶ
1536 1650 1658 1685 προσῆγε
1676 1650 1728 1681 τὰς
1748 1651 1874 1685 μέμψεις

1076 1699 1123 1724 καὶ
1148 1697 1179 1723 τὸ
1202 1696 1345 1732 ἁμοούσιον
1363 1696 1531 1731 συνεκρότει.
1552 1696 1598 1727 Ὧς
1613 1696 1640 1722 δὲ
1657 1696 1776 1723 θάνατον
1793 1698 1874 1731 αὐτῷ

1076 1743 1218 1776 διηπείλει,
1234 1743 1280 1768 καὶ
1301 1742 1381 1776 χάριν
1397 1742 1490 1775 ἔλεγεν
1507 1741 1579 1776 ἔχειν
1594 1742 1780 1769 ἀπαλλάττειν
1791 1745 1872 1779 ᾑρη-

1078 1790 1150 1822 μένῳ
1168 1789 1222 1815 τῶν
1235 1785 1296 1815 ὧδε.
1313 1788 1359 1819 El;
1375 1787 1471 1821 σκέψιν
1487 1787 1515 1814 δὲ
1526 1787 1572 1814 τοῦ
1587 1788 1711 1822 ὑπάρχου
1728 1788 1875 1816 Θεῖναιτὸν

1076 1835 1154 1866 λόγον
1171 1833 1408 1868 προτρεπομένου,
1419 1833 1464 1859 τὸν
1479 1833 1617 1859 Βασίλειον
1635 1834 1720 1868 φάναι
1732 1842 1739 1849 ·
1760 1843 1770 1860 ι
1795 1835 1873 1868 Ἐγὼ

1077 1881 1126 1914 μὲν
1142 1881 1188 1906 καὶ
1205 1880 1323 1914 σήμερον
1348 1879 1395 1905 καὶ
1411 1879 1443 1913 τῇ
1464 1877 1597 1913 ὑστεραίᾳ
1617 1879 1630 1904 ὁ
1646 1879 1729 1910 αὐτὸς
1747 1879 1852 1913 ἔσομαι
1866 1890 1872 1895 ·

1076 1926 1132 1952 εῑοε
1149 1925 1176 1952 δὲ
1192 1926 1224 1952 σὺ
1240 1925 1337 1951 σαυτὸν
1357 1924 1394 1960 μὴ
1411 1924 1574 1958 ὲνήλλαττες
1587 1932 1594 1940 ’
1612 1924 1717 1958 κτίσμα
1740 1925 1793 1960 γὰρ
1811 1926 1852 1952 ὢν
1865 1947 1871 1957 ,

1075 1970 1125 1995 οὐκ
1140 1969 1172 1995 ἂν
1186 1969 1316 2003 κτίσματι
1332 1969 1494 2003 προσκυνεῖν
1515 1968 1629 2003 ἑλοίμην
1644 1969 1692 1994 καὶ
1711 1969 1781 1996 Θεὸν
1796 1969 1872 1996 εἶναι

1076 2015 1227 2047 ὁμολογεῖν.
1248 2014 1319 2040 Ἀλλ’
1332 2015 1387 2041 οὐδ’
1405 2014 1469 2048 ὑμῖν
1491 2015 1631 2041 κοινωνεῖν
1647 2014 1697 2048 τῆς
1713 2015 1872 2050 θρησκείας

1077 2060 1217 2094 ἀνέξομαι.
1232 2059 1261 2085 Εἰ
1274 2060 1327 2094 γὰρ
1342 2060 1458 2087 καὶτῶν
1477 2060 1536 2087 λίαν
1551 2061 1696 2095 ἐπισήμων
1713 2062 1806 2095 ὑμεῖς,
1823 2064 1871 2088 καὶ

1076 2106 1125 2130 οὑκ
1145 2105 1288 2139 ἐλαχίστης
1313 2105 1423 2139 ἡγεῖσθε
1443 2106 1540 2140 μοίρας
1563 2107 1612 2141 τῆς
1637 2107 1709 2141 γῆς,
1733 2108 1793 2134 ἀλλ’
1820 2110 1870 2136 οὐκ

1077 2150 1172 2184 ἔμοιγε
1194 2150 1356 2185 χαρίζεσθαι
1377 2151 1514 2186 προσῆκον
1530 2152 1696 2186 ἀνθρώποις,
1716 2154 1768 2187 τῆς
1787 2155 1813 2180 δ’
1832 2157 1871 2185 si;

243 2205 313 2224 smn.
322 2196 434 2224 Utinam
444 2202 510 2222 vero
519 2200 546 2221 tu
557 2194 673 2229 teipsum
686 2203 739 2222 non
747 2197 1026 2225 mutasses.Creatura

1080 2196 1110 2221 τὸ
1134 2196 1209 2222 θεῖον
1223 2196 1341 2227 πίστεως
1356 2196 1400 2223 διὰ
1423 2197 1509 2223 ταῦτα
1539 2197 1696 2233 ὀλιγωρεῖν⁴
1712 2200 1747 2234 ἣν
1760 2202 1811 2226 οὒκ
1838 2194 1879 2227 Ξνν

242 2242 316 2269 enim
329 2248 392 2269 cum
403 2240 465 2271 sim,
478 2245 629 2267 creaturam
647 2239 773 2270 adorare.
804 2240 944 2276 Deumque
968 2249 1029 2269 esse

243 2288 376 2323 profiteri,
389 2288 416 2314 in
427 2286 549 2314 animum
557 2293 611 2312 non
621 2285 747 2313 inducam
759 2293 862 2313 meum.
872 2287 924 2314 Sed
941 2295 1030 2322 neque

242 2334 367 2370 religioni
380 2337 478 2360 vestrae
491 2339 534 2358 me
561 2332 700 2366 aggregari
733 2333 883 2360 sustinebo.
909 2333 1029 2361 Tametsi

241 2382 314 2408 enim
326 2387 374 2407 vos
383 2378 619 2407 clarissimietnon
630 2377 740 2404 minima
749 2377 821 2405 orbis
831 2386 891 2412 pars
903 2385 964 2405 esse
975 2379 1038 2416 exi-g

241 2427 401 2460 stimamini,
414 2426 491 2461 135
501 2433 543 2452 me
552 2429 641 2452 tamen
652 2425 763 2452 minime
781 2425 859 2452 decet
875 2425 1030 2453 hominibus

241 2473 396 2509 gratiﬁcari.
409 2478 435 2499 et
445 2477 586 2506 propterea
597 2471 675 2498 fidem
687 2471 713 2497 in
722 2472 805 2498 Deum
815 2471 891 2505 parvi
900 2471 1028 2506 pendere:

242 2528 322 2555 quam
333 2527 382 2553 ego
400 2518 589 2546 mediusfidius
600 2517 758 2552 proditurus
769 2524 822 2543 non
835 2525 904 2549 sum,
920 2517 1028 2544 etiamsi

246 2566 312 2591 mihi
337 2565 473 2591 bonorum
491 2563 717 2598 publicationem,
729 2567 757 2589 et
767 2563 904 2595 exsilium,
917 2568 943 2590 et
953 2564 1027 2590 aliud

242 2610 388 2644 quidquam
399 2609 520 2643 gravium
531 2615 724 2637 aerumnarum,
732 2612 901 2643 mortemque
911 2609 979 2636 adeo
988 2609 1029 2644 ip-

241 2663 298 2681 sam
311 2655 430 2682 mineris.
441 2654 593 2681 Nihilenim
603 2661 693 2679 rerum
704 2653 796 2680 talioni
807 2661 951 2681 maerorem
961 2655 1027 2682 mihi

242 2700 303 2727 affet
312 2708 340 2727 rc
357 2705 456 2734 potest.
469 2699 547 2732 Quod
557 2699 579 2726 si
594 2698 737 2726 facultates
747 2706 820 2726 meas
833 2700 950 2734 expetis,
961 2709 1027 2735 pan-

277 2769 314 2803 (l)
334 2768 372 2804 Ad
401 2767 588 2802 episcopatum
604 2768 847 2804 cumhinultorum
878 2768 1025 2804 episcopo-

243 2812 300 2831 rum
317 2803 455 2836 suffragiis
471 2807 514 2829 est
528 2808 648 2830 evectus.
671 2802 803 2836 (Socrat.)

279 2839 317 2873 (2)
333 2838 469 2869 Socrates,
488 2837 617 2864 Basiliam
647 2838 680 2864 ab
707 2837 873 2872 imperatore
902 2840 1023 2867 Cmsarca

1082 2242 1217 2276 προδοίην,
1234 2242 1285 2268 κᾶν
1298 2243 1439 2277 δήμευσιν,
1456 2243 1507 2269 κᾶν
1522 2244 1683 2278 ὑπερορίαν,
1695 2247 1750 2272 κᾶν
1766 2247 1833 2274 ἄλλο
1846 2257 1870 2273 τι

1080 2288 1134 2313 τῶν
1155 2287 1260 2319 δεινῶν,
1276 2288 1328 2314 κᾶν
1344 2288 1458 2315 θάνατον
1482 2289 1562 2315 αὑτὸν
1587 2290 1704 2324 ἀπειλῆς
1717 2300 1724 2307 ·
1740 2293 1819 2318 οὐδέν
1837 2303 1870 2327 με

1080 2334 1134 2368 γάρ
1148 2342 1173 2360 τι
1186 2333 1286 2367 τούτων
1301 2335 1378 2369 ἀνιᾷν
1387 2335 1452 2370 ἔχει.
1465 2335 1494 2361 El
1511 2335 1539 2361 δὲ
1555 2336 1607 2370 τὴν
1622 2336 1691 2372 ἐμὴν
1707 2340 1871 2372 περιουσίαν

1081 2379 1180 2413 ζητεῖς,
1199 2381 1281 2412 ῥάκια
1300 2380 1386 2407 ταῦτα
1410 2381 1517 2416 τρίχινα
1541 2382 1586 2408 καὶ
1603 2382 1692 2416 βιϐλία
1710 2384 1802 2418 ὀλίγα,
1830 2383 1871 2415 οἷς

1080 2424 1135 2458 ἐγὼ
1148 2425 1365 2460 καλλωπίζομαι,
1383 2426 1407 2451 εί
1420 2426 1523 2452 τούτων
1539 2435 1580 2453 σοι
1595 2427 1676 2461 ἔρως,
1695 2429 1870 2457 ἁπόλ.αυε.Εὶ

1079 2470 1107 2496 δὲ
1121 2471 1168 2496 καὶ
1182 2471 1326 2506 ὑπερόριον
1341 2470 1431 2505 βούλει
1450 2473 1546 2508 ποιεῖν,
1561 2473 1681 2507 ἕτοιμος.
1697 2475 1759 2506 Πῶς
1772 2475 1794 2501 δ’
1807 2477 1870 2502 ἐσο-

1082 2525 1130 2551 μαι
1146 2517 1189 2542 ἀεὶ
1211 2517 1260 2552 τὴν
1285 2517 1336 2552 γῆν
1351 2518 1517 2553 παροδεύων.
1532 2520 1578 2545 καὶ
1591 2519 1658 2554 προς
1673 2520 1759 2555 ἄλλην
1776 2522 1871 2556 χώρεν

1080 2563 1201 2598 σφοδρῶς
1218 2565 1412 2598 ὲπειγόμενος;
1431 2564 1468 2591 Τὸ
1487 2563 1515 2590 δέ
1532 2565 1611 2599 σῶμα
1629 2566 1698 2599 μετὰ
1715 2567 1767 2600 τὴν
1784 2568 1869 2602 πρώ-

1078 2617 1127 2642 την
1152 2609 1269 2644 πληγὴν,
1295 2610 1450 2644 αἰσθήσεως
1473 2611 1641 2646 ἁμοιρῆσαν,
1667 2613 1714 2638 καὶ
1739 2613 1868 2646 βασάνων

1078 2657 1202 2690 κρεῖττον
1228 2656 1304 2682 ἔσται
1321 2658 1442 2683 πάντων.
1458 2666 1467 2682 ι
1484 2658 1577 2684 Ταῦτι
1595 2659 1642 2685 καὶ
1662 2659 1770 2686 τοιαῦθ’
1784 2661 1868 2695 ἔτερα

1078 2703 1337 2737 παρρησιασαμένου
1343 2724 1350 2735 ,
1359 2704 1544 2738 καταπλαγεὶς
1551 2706 1564 2731 ὁ
1572 2705 1625 2732 ira
1631 2714 1694 2740 ρχος
1701 2706 1750 2742 τὴν
1758 2707 1867 2734 σύνεσιν

1077 2770 1247 2807 Antiochiam
1264 2777 1419 2805 evocatum,
1434 2773 1472 2799 ibi
1496 2774 1696 2807 comparuisse,
1709 2779 1738 2803 et
1751 2782 1863 2803 causam

1077 2805 1178 2832 dixisse
1194 2807 1302 2833 scribit.
1322 2807 1382 2834 Lib.
1402 2816 1439 2839 ιν,
1455 2816 1515 2844 cap.
1532 2809 1572 2836 ‘26.
