1905 3048
53 133 116 179 es

66 191 105 222 ωδ
117 193 219 229 ἀνδρὸς,
234 194 359 229 δρομαῖος
373 195 412 230 τῷ
426 195 532 230 βασιλεῖ
541 196 660 231 προσιὼν
675 197 833 231 ἀνήγγειλεν
845 200 871 230 Α

65 239 96 270 ὡς
118 239 224 270 πειθοῦς
248 240 424 275 στερρότερος
445 242 459 267 ὁ
476 242 566 276 ἀνήρ’
582 243 628 267 καὶ
653 242 669 276 ἢ
693 244 834 276 προφανῶς

67 284 192 317 κολάζειν,
217 286 233 319 ἦ
249 286 380 321 μηδαμῶς
395 287 499 313 οἴεσθαι
516 289 577 319 ταῖς
598 288 723 318 ἀπειλαῖς
740 289 835 323 πειθή-

65 336 113 352 νιον
135 329 217 361 σχεῖν.
245 329 274 354 ’0
291 330 318 355 δὲ
343 330 410 361 τέως
428 330 526 364 ἠρέμει
537 338 545 345 ⁸
562 331 610 365 τῆς
624 331 647 356 δ’
662 332 768 366 ἡμέρας
782 333 835 357 τῶν

65 372 205 405 ΘεοφανΞων
229 374 405 410 ἐνισταμένης
418 376 465 401 σὺν
476 377 508 410 τῇ
525 377 587 410 περὶ
602 377 682 403 αὐτὸν
704 378 836 411 φαντασίᾳ.

65 419 92 452 τῇ
103 419 229 454 ἐκκλησίᾳ
240 421 470 454 παραγενόμενος,
480 421 588 456 δῶράτε
599 423 632 456 τῇ
647 422 706 457 θείᾳ
714 423 836 458 τραπέζῃ

67 464 239 497 προσήνεγκε·
264 466 311 491 καὶ
325 465 364 500 τῷ
379 466 469 500 πολλῷ
484 467 532 500 τῆς
547 467 672 499 εὐταξίας
698 468 838 494 καταπλα-

66 510 125 540 γεὶς,
149 511 352 544 παρατραπεὶς,
380 512 480 546 μικροῦ
503 513 535 539 ἂν
563 514 603 544 εἰς
617 513 752 547 τούδαφος
765 513 838 549 ἐρρι-

67 562 118 584 ττο,
134 556 157 580 εί
178 555 215 590 μή
231 564 274 587 τις
289 557 342 582 τῶν
357 557 388 584 ἐκ
407 557 454 584 τοῦ
472 559 594 593 βήματος
608 559 776 594 δραξάμενος
791 560 837 585 τοῦ

65 599 174 632 χιτῶνος,
201 600 248 626 τὸν
269 600 379 635 βασιλέα
406 605 500 629 πεσεῖν
515 603 702 638 ἐπειγόμενον,
723 604 839 638 ἀνεκτή-

68 652 130 669 σατο.
154 644 231 671 Ἐπεὶ
245 645 274 671 δὲ
289 646 334 672 καὶ
354 647 393 678 είς
408 646 501 680 λόγους
525 645 577 683 ἦκε
594 648 698 681 τάνδρὶ,
710 649 751 674 ἑτι
769 648 838 681 μᾶλ-

66 689 102 714 λον
110 688 247 724 ἐθαύμασε
262 690 313 724 τῆς
322 699 351 716 τε
365 692 460 724 σοφίας
469 693 517 719 καὶ
529 692 576 718 τοῦ
595 693 659 727 περὶ
672 693 701 718 τὸ
715 693 838 727 ἱερᾶσθαι

67 735 105 759 καὶ
123 734 325 769 ἐκκλησιάζειν,
344 736 391 762 καὶ
407 736 535 769 εὐταξίας
559 737 660 772 κόσμον
676 738 721 763 τὸν
739 738 838 772 μέγαν.

67 780 114 804 03x
123 781 160 811 εἰς
176 781 290 816 μακρὰν
304 781 332 807 δὲ
344 782 404 813 ταῖς
417 782 472 808 τῶν
487 783 617 809 ἐναντίων
632 782 769 814 διαϐολαῖς
782 782 839 809 ἐδό-

68 833 102 850 κει
117 825 265 860 ὑπερορίαν
281 827 362 852 αὐτὸν
370 829 520 854 κατοικεῖν.
542 827 620 854 Ἐπεὶ
627 827 656 853 δὲ
671 828 688 863 ἡ
705 828 754 859 νὺξ
769 836 839 863 παρ-

521 136 813 167 ΕΟΟΕΕΒΙΑδΤΙΩίΕ
832 138 1021 170 ΠΙΞΤΟΗΗΕ
1041 140 1112 171 LIB.
1135 141 1187 171 XI.

1609 139 1658 170 626

885 207 933 226 nos
946 200 1027 227 hosce
1052 207 1080 226 et
1100 201 1200 232 cilicia,
1230 205 1311 234 atque
1334 199 1417 226 libros
1444 205 1546 232 paucos
1567 198 1612 232 qui
1635 199 1662 225 iu

886 246 987 272 mundo
1004 254 1062 273 meo
1078 251 1150 277 sunt.
1165 247 1187 273 si
1198 247 1256 276 hos.
1273 247 1393 280 inquam,
1403 245 1546 276 adamasti,
1564 244 1661 278 recipe.

887 290 933 317 Sin
947 296 975 317 ιιι
990 291 1078 318 exsilii
1094 298 1175 318 causa
1192 292 1280 318 solum
1309 295 1420 324 vertam.
1437 290 1533 321 mavis,
1556 295 1665 324 paratus

886 336 918 362 ad
936 337 961 363 id
982 343 1051 364 sum.
1075 336 1155 364 Exsul
1171 345 1233 364 vero
1254 337 1389 372 quomodo
1403 344 1459 369 ero,
1485 335 1531 370 qui
1560 342 1671 368 semper

888 386 989 409 terram
1002 383 1079 416 quasi
1103 382 1263 417 peregrinus
1278 389 1399 415 pererro,
1425 384 1453 407 et
1468 373 1513 406 ad'
1527 379 1666 414 regionem

888 427 967 454 aliam
980 428 1157 455 vehementer
1171 427 1283 461 aspiro?
1310 427 1414 460 Corpus
1440 433 1521 460 porro
1538 419 1607 453 hoc.
1626 424 1667 450 vel

889 478 948 508 post
974 474 1087 508 primam
1113 474 1229 508 plagam,
1252 480 1350 500 sensus
1371 472 1482 498 omnino
1508 478 1615 505 expers.
1641 474 1669 496 et

891 518 1057 546 cruciatibus
1073 519 1200 553 superius
1230 526 1343 552 prorsus
1363 518 1483 544 l'uturum
1499 521 1549 543 est.
1565 525 1573 540 ι
1606 515 1668 541 llaec

890 568 971 597 atque
988 564 1029 591 his
1055 564 1152 591 similia
1179 564 1231 591 alia
1248 571 1311 590 cum
1330 564 1469 590 liberrime
1484 562 1601 588 Basilius
1628 561 1670 587 di-

890 609 985 642 xisset,
998 613 1191 637 consternatus
1205 609 1238 637 ad
1255 609 1304 636 viri
1321 608 1492 643 prudentiam
1514 606 1670 642 praefectus.

889 655 1016 682 celeriter
1029 655 1061 682 ad
1073 655 1264 690 imperatorem
1273 654 1413 685 accurrit,
1423 653 1578 686 eidemque,
1593 651 1671 678 Basi-

889 700 957 727 lium
969 701 1183 728 constantiorem
1198 708 1269 733 esse,
1286 707 1367 735 quam
1382 704 1412 726 ut
1430 707 1445 726 a
1461 698 1599 726 sententia
1621 705 1669 724 sua

890 748 1019 774 suasione
1048 747 1209 779 deducatur.
1237 747 1396 774 renuntiat:
1434 749 1600 780 quapropter
1624 749 1671 770 aut

891 791 1028 826 propalam
1055 791 1082 818 in
1120 799 1181 819 eum
1209 791 1445 823 animadverteret,
1481 793 1528 816 aut
1559 796 1670 823 persua-

891 837 949 864 deri
982 837 1062 865 minis
1094 837 1168 864 illurn
1208 844 1297 871 posse.
1326 836 1481 863 existimare
1524 835 1671 861 desineret.

67 870 104 904 ἦν,
119 872 163 898 καὶ
181 872 195 897 ὁ
210 871 306 906 δίφρος
329 873 504 908 ηὐτρέπιστο,
522 874 653 907 ἐξαπίνης
676 873 839 908 προσϐάλλει

895 882 1042 917 imperator
1087 887 1142 909 tum
1185 870 1295 916 quidem
1337 881 1450 914 quievit.
1484 880 1551 907 Cum
1580 883 1671 906 autem

68 916 130 945 νόσος
146 915 182 949 τῷ
196 915 245 942 τοῦ
263 916 394 950 βασιλέως
411 917 497 950 παιδῖ,
518 914 540 950 ᾧ
555 918 676 952 Γαλάτης
699 917 731 953 ἦν
743 917 838 952 ὄνομα.

73 959 124 985 Ἐπὶ
137 960 214 986 τόσον
230 961 253 987 δ’
271 959 305 995 ἦν
323 962 419 997 ἰσχυρά
431 971 461 989 τε
474 964 490 997 ἠ
504 964 580 994 νόσος
594 964 641 989 καὶ
659 963 839 998 σφαλερὰ,ὡς

69 1006 237 1041 ἀπαγορεύειν
253 1008 351 1042 ἐκείνῳ
368 1009 398 1034 τι
415 1007 476 1043 ζῇν,
493 1008 517 1034 οἳ
532 1008 693 1042 θεραπεύειν
706 1007 775 1045 ἦσαν
787 1009 840 1044 μά-

69 1050 134 1077 λιστα
151 1052 272 1086 δόκιμοι.
295 1054 401 1089 Οὐάλης
419 1055 448 1081 δὲ
476 1055 613 1089 ἀφόρητον
637 1055 788 1090 ἡγούμενος
810 1055 841 1081 τὸ

71 1098 185 1132 πραχθὲν,
201 1099 273 1125 κατὰ
289 1100 334 1126 τοῦ
347 1101 464 1134 ἐδάφους
479 1101 637 1136 ὲρρίπτετο,
654 1101 706 1136 πρὸ
719 1101 765 1127 τοῦ
781 1109 842 1127 παι-

69 1141 240 1177 δδςῂρημὲνος
251 1144 353 1178 Θανεῐν,
366 1147 413 1171 καὶ
429 1147 565 1180 ἀνήκεστα
575 1146 681 1172 ὲπένοει
694 1147 738 1172 τὸν
749 1146 839 1172 παῖδα.

68 1189 173 1222 Δομνὶκα
186 1188 215 1215 δὲ
231 1191 248 1225 ὴ
267 1190 411 1224 βασίλισσα
424 1192 470 1218 καὶ
486 1191 554 1227 αὐτὴ
566 1191 673 1226 χείρονα
689 1191 840 1225 πάσχουσα,

69 1234 178 1268 δείμασιν
201 1236 279 1270 ἔλεγε
305 1237 431 1271 φοϐεροῖς
455 1238 550 1268 νυκτὸς
577 1239 707 1272 ἐμπεσεῖν
727 1237 774 1263 καὶ
790 1237 842 1263 πά-

71 1286 135 1311 σιειν
157 1282 242 1307 ταῦτα
259 1282 303 1308 διὰ
317 1282 365 1317 τὴν
383 1283 450 1316 πρὸς
471 1284 517 1308 τὸν
535 1283 684 1309 ἐπίσκοπον
699 1282 842 1309 διετείνετο

71 1325 147 1360 ὒεριν.
162 1328 215 1353 Καὶ
233 1328 333 1355 αὐτίκα
349 1328 395 1354 τὸν
414 1327 555 1355 Βασίλειον
570 1330 624 1359 τοῖς
643 1329 754 1359 οἰκείοις
779 1328 842 1354 ὲπέ-

69 1379 142 1405 τρεπε
157 1373 398 1407 μεταστέλλεσθαι,
417 1375 466 1400 καὶ
490 1375 528 1410 τῷ
546 1375 665 1410 κειμένῳ
683 1375 732 1401 ὅσα
749 1383 779 1408 γε
794 1375 842 1400 δυ-

71 1419 128 1444 νατὰ
141 1418 248 1454 βοηθεῖν
262 1427 269 1434 '
285 1422 433 1455 παρῃτεῖτο
446 1421 499 1455 γὰρ
514 1421 593 1452 αὐτὸς
606 1421 669 1456 περὶ
687 1420 782 1447 τούτου
797 1429 842 1446 κε-

71 1463 147 1491 λεύειν
162 1466 276 1501 ἔναγχος
297 1467 529 1502 περιυϐρισμένῳ.
555 1467 584 1494 Ὁ
600 1467 628 1493 δὲ
645 1467 747 1502 παρῆν,
764 1468 810 1493 καὶ
829 1467 842 1492 ὁ

72 1510 125 1541 παῖς
136 1511 197 1546 ῥᾷον
212 1511 289 1546 ἔσχε.
305 1513 405 1548 Πεῖραν
415 1513 437 1539 δ’
450 1514 518 1544 ὅλως
531 1515 659 1547 εἰσάγων,
671 1513 840 1549 διεμηνύετο,

75 1562 81 1578 ι
100 1553 126 1580 ΕΞ
138 1556 231 1591 ἀληθῆ,
247 1556 346 1590 λέγων,
363 1557 380 1584 ἂ
395 1558 427 1584 σὺ
445 1557 568 1590 δοξάζεις
583 1560 648 1594 περὶ
663 1558 741 1590 Θεοῦ,
759 1558 842 1592 εὐχὴν
857 1556 877 1584 C

73 1601 172 1633 πρᾶττε,
188 1603 235 1628 καὶ
250 1602 280 1628 δυ
287 1602 369 1630 σὼπει
381 1603 458 1636 Θεὸν,
468 1603 512 1630 ἵνα
525 1613 568 1638 μοι
584 1606 597 1630 ὁ
612 1606 673 1635 παῖς
691 1604 728 1639 μὴ
742 1603 841 1638 ἀπόλη-

73 1651 120 1672 ται.
138 1646 202 1673 Ἀλλ’
215 1649 240 1674 ει
260 1649 409 1682 πιστεύεις,
423 1649 475 1683 ἐφη
493 1650 631 1681 Βασίλειος
642 1670 648 1681 ,
666 1649 759 1684 ὥσπερ
775 1649 841 1683 ἐγὼ,

75 1692 113 1718 καὶ
124 1693 169 1726 τὴν
181 1693 262 1720 νόσον
276 1694 330 1720 τῶν
341 1695 493 1728 ἐκκλησιῶν
505 1696 659 1727 ἁποΞὲσεις,
671 1697 778 1726 πάντως
791 1703 841 1720 που

76 1736 173 1771 ζὴσεταί
191 1747 232 1765 σοι
249 1739 264 1764 ὁ
279 1740 354 1770 παῖς.
373 1749 383 1765 ι
407 1740 461 1765 Τοῦ
476 1741 503 1766 δὲ
522 1740 684 1774 συνθεμένου
696 1741 743 1766 καὶ
758 1739 842 1770 ἄλλως

78 1783 224 1818 πράξαντος,
241 1786 256 1811 ὁ
272 1787 334 1816 παῖς
356 1785 401 1811 τοῦ
423 1785 497 1820 βιοῦν
512 1785 709 1820 ἀπηλλάττετο.
727 1785 843 1819 ’ἰσχυρί-

77 1829 140 1858 ζοντο
163 1831 183 1857 δ’
200 1831 332 1864 ἅπαντες,
346 1831 384 1862 ὡς
411 1831 460 1857 οὐκ
477 1832 509 1858 ἂν
526 1831 669 1861 ἀπολώλει,
687 1832 710 1857 εἰ
729 1831 765 1865 μὴ
783 1833 844 1862 τοὺς

76 1874 228 1909 ἔτεροδόξονς
237 1877 366 1909 καλέσας,
377 1878 484 1912 σύναμα
494 1877 625 1912 Βασιλείῳ
638 1876 763 1908 εὔξασθαι
775 1877 844 1911 ὑπὲρ

76 1920 114 1945 τοῦ
124 1922 209 1953 παιδὸς
226 1923 378 1957 παρηγγύα.
392 1930 398 1936 ·
412 1921 452 1954 οἷς
466 1925 511 1948 καὶ
528 1922 669 1957 βαπτίζειν
687 1922 785 1957 μᾶλλον
800 1922 845 1948 τὸν

77 1964 146 1991 παῖδα
158 1967 354 2002 προύτρέπετο.
368 1967 499 1998 Βασιλεὺς
511 1967 538 1992 δὲ
552 1967 596 2004 τὸν
606 1966 689 2002 ἄνδρα
706 1966 739 1992 δι’
755 1965 845 1996 αἰδοῦς

76 2008 147 2040 ἄγων,
161 2011 248 2044 χωρία
265 2010 298 2036 τὰ
314 2011 448 2037 κάλλιστα
463 2008 499 2037 ὧν
517 2009 590 2045 εἶχεν
605 2011 708 2043 αὐτόθι,
726 2011 781 2042 τοῖς
796 2012 846 2036 αὐ-

75 2055 113 2080 τοῦ
125 2055 229 2087 ξενῶσιν
248 2057 430 2091 ἀπεχαρίζετο
443 2065 450 2072 ·
464 2057 533 2083 ἀλλὰ
550 2058 630 2083 πάλιν
645 2057 697 2082 ὑπὸ
712 2057 767 2082 τῶν
785 2065 845 2083 συν-

76 2101 136 2134 ᾑῦων
149 2102 376 2138 πολιορκούμενος
387 2105 401 2129 ὁ
410 2104 527 2138 κρατῶν,
542 2103 618 2134 αὖθις
632 2103 677 2129 τὸν
690 2103 763 2129 ὅσιον
781 2111 845 2136 μετ-

77 2148 201 2175 εστέλλετο
213 2157 220 2163 ·
238 2151 287 2175 καὶ
307 2151 355 2184 τῆς
377 2150 432 2176 τῶν
445 2149 573 2175 ἐναντίων
598 2149 704 2183 μερίδος
720 2148 846 2182 γενέσθαι

894 928 1106 963 Epiphaniorum
1135 928 1219 955 festus
1245 927 1303 954 dies
1330 927 1446 958 adesset,
1461 932 1523 952 cum
1547 924 1672 951 universa

893 980 974 1008 quam
1029 980 1122 1000 secum
1165 972 1304 1003 habebat.
1352 971 1426 998 inani
1461 975 1488 997 et
1532 969 1678 1004 splendida,

892 1026 991 1053 pompa
1019 1018 1048 1045 in
1067 1017 1209 1045 ecclesiam
1239 1017 1333 1048 venit,
1362 1020 1388 1043 et
1413 1022 1513 1042 munus
1536 1022 1616 1042 suum
1635 1014 1674 1048 (ὅ)

893 1064 926 1091 ad
941 1071 1046 1092 sacram
1062 1071 1182 1091 mensam
1208 1063 1314 1090 attulit:
1332 1067 1415 1097 atque
1445 1062 1482 1089 ibi
1496 1061 1567 1095 quod
1581 1060 1673 1087 omnia

896 1111 965 1138 miro
1005 1110 1101 1137 ordine
1139 1113 1320 1144 gererentur,
1350 1109 1382 1135 ad
1419 1114 1558 1143 stuporem
1598 1107 1674 1133 dela—

895 1162 960 1189 psus
979 1160 1006 1182 et
1032 1159 1105 1182 totus
1126 1159 1255 1186 mutatus,
1272 1155 1298 1181 in
1312 1155 1399 1181 solum
1431 1153 1607 1186 concidisset,
1622 1152 1673 1179 nisi

895 1199 1006 1233 quidam
1038 1207 1071 1226 ex
1101 1199 1197 1226 ordine
1227 1199 1398 1231 sacerdotali.
1430 1200 1519 1226 tunica
1550 1203 1674 1232 correpta

895 1244 1084 1278 imperatorem
1110 1245 1163 1279 jam
1198 1248 1320 1271 ruentem
1347 1243 1516 1270 retinuisset.
1537 1243 1587 1270 Ubi
1610 1251 1674 1270 vero

895 1298 1046 1318 sermonem
1060 1299 1167 1325 quoque
1184 1298 1245 1319 cum
1262 1290 1320 1317 viro
1346 1290 1471 1320 contulit.
1498 1289 1674 1324 magisetiam

895 1335 1066 1370 sapientiam,
1099 1336 1240 1370 sacrisque
1275 1335 1410 1363 obeundis
1437 1340 1465 1362 et
1493 1335 1674 1362 concionibus

895 1385 976 1415 atque
1002 1381 1184 1408 conventibus
1213 1380 1373 1416 peragendis
1400 1380 1600 1412 dexteritatem,
1624 1387 1676 1406 nec

897 1434 948 1453 non
962 1434 1053 1453 rerum
1070 1428 1192 1454 omnium
1205 1427 1328 1453 ordinem
1343 1426 1559 1461 pulcherrimum
1589 1425 1676 1452 admi—

896 1475 972 1500 ratus
996 1477 1047 1499 cst.
1078 1472 1206 1500 Sedeuim
1231 1477 1323 1507 postea
1350 1471 1425 1499 brevi
1456 1471 1678 1498 adversariorum

896 1519 1040 1546 calumniis
1055 1523 1205 1552 permotus,
1223 1519 1250 1545 in
1266 1518 1391 1546 exsilium
1403 1525 1466 1545 eum
1483 1518 1589 1544 mittere
1609 1525 1675 1544 con-

895 1564 994 1592 stituit.
1012 1565 1045 1591 Et
1056 1564 1110 1599 jam
1123 1572 1175 1591 nox
1192 1564 1295 1597 aderat,
1307 1569 1334 1591 et
1349 1571 1448 1591 currus
1461 1564 1676 1598 prteparaba-tur.

893 1618 954 1638 cum
977 1610 1124 1644 derepente
1156 1610 1266 1637 morbus
1295 1610 1469 1644 imperatoris
1499 1609 1595 1640 ﬁliuni,
1630 1609 1676 1636 cui

893 1656 970 1684 Gallo
987 1663 1086 1682 nomen
1110 1659 1178 1688 erat,
1195 1655 1311 1682 invadit.
1327 1655 1393 1682 Tam
1420 1654 1568 1682 vehemeris
1584 1659 1675 1681 autem

893 1706 921 1728 et
935 1701 1103 1736 periculosus
1136 1700 1160 1727 is
1184 1705 1254 1732 erat,
1275 1705 1305 1727 ut
1328 1701 1373 1734 qui
1406 1708 1519 1734 puerum
1548 1700 1679 1727 curabant

894 1747 994 1775 medici
1011 1747 1142 1782 insignes,
1158 1747 1192 1774 de
1217 1747 1270 1774 vita
1297 1747 1356 1781 ejus
1371 1746 1563 1780 desperarent.
1578 1745 1679 1773 Valens

894 1801 986 1820 casum
994 1801 1055 1820 eum
1070 1793 1306 1827 impatientissime
1320 1792 1420 1825 ferens,
1438 1792 1464 1818 in
1477 1792 1536 1818 solo
1547 1792 1677 1824 volvitur,

897 1847 945 1873 pro
962 1838 1008 1865 lilii
1023 1839 1109 1864 salute
1128 1844 1241 1864 mortem
1257 1837 1309 1864 sibi
1325 1837 1376 1871 ipsi
1390 1841 1478 1870 optat,
1498 1841 1525 1863 et
1542 1837 1675 1864 insolabi-

896 1884 959 1911 liter
983 1884 1068 1918 luget.
1086 1883 1225 1910 Dominica
1246 1890 1355 1917 quoque
1383 1882 1555 1915 imperatoris
1577 1883 1678 1916 conjux

897 1930 1016 1964 graviter
1031 1929 1170 1963 aﬂligitur,
1195 1933 1222 1956 et
1239 1927 1384 1955 horrendis
1414 1933 1497 1954 noctu
1529 1929 1678 1961 pavoribus

899 1975 1035 2007 territam,
1045 1979 1124 2008 atque
1139 1974 1164 2000 id
1184 1979 1295 2008 propter
1308 1981 1368 2001 eam
1382 1981 1442 2008 qua?
1460 1973 1589 2008 episcopo
1605 1973 1678 2000 illata

897 2026 970 2048 esset
988 2021 1125 2056 injuriam,
1148 2027 1254 2055 passam
1281 2027 1310 2047 se
1328 2027 1389 2047 csse
1418 2019 1571 2047 conﬁrmat.
1599 2019 1679 2054 136

897 2067 1015 2094 Proinde
1030 2066 1156 2094 Basilium
1169 2066 1324 2101 statimlper
1332 2074 1396 2094 suos
1410 2068 1678 2102 accersitzeumque.

900 2116 930 2139 ut
943 2113 1076 2147 jacentem
1086 2120 1209 2146 puerum,
1220 2112 1291 2146 quod
1305 2113 1569 2148 posset.adjuvaret,
1587 2118 1673 2147 rogat.

900 2158 958 2192 Ipse
978 2166 1095 2193 namque
1118 2158 1276 2192 imperator,
1297 2163 1409 2192 propter
1424 2163 1561 2186 recentem
1585 2158 1681 2186 ctiam-

77 2196 190 2230 παρῄνει.
211 2197 257 2227 Ὧς
272 2196 301 2222 δὲ
321 2196 365 2222 τὸν
385 2196 526 2230 ἀδάμαντα
542 2195 645 2221 πείθειν
661 2194 786 2229 οὐδαμῶς
807 2191 842 2219 εἶ-

899 2191 963 2230 nrum
977 2204 1001 2230 ei
1017 2191 1113 2231 factum
1140 2191 1278 2238 iniuriam,
1297 2191 1455 2238 iquidquam
1483 2205 1516 2231 ab
1530 2213 1563 2231 co
1587 2209 1679 2239 petere

77 2248 126 2274 χεν,
138 2243 175 2273 είς
190 2242 298 2278 ἑξορίαν
311 2242 428 2276 ἀπάγειν
445 2242 564 2268 ἐκέλευε.
585 2243 638 2268 Καὶ
652 2243 665 2267 ὁ
677 2242 726 2276 μὲν
740 2242 789 2275 τῆς
803 2241 846 2273 ἐξ·

77 2286 142 2319 ορίας
161 2289 263 2323 χάρτης
279 2288 430 2322 ἐγράφετο*
443 2289 476 2323 τῇ
502 2289 572 2323 χειρὶ
594 2289 622 2314 δὲ
639 2289 731 2315 τοῦτον
750 2297 847 2323 πειρα-

79 2331 127 2363 θεὶς
152 2330 311 2368 βεϐαιῶσαι,
328 2334 402 2360 οὐδὲν
422 2334 477 2360 τῶν
495 2335 633 2368 στοιχείων
648 2335 753 2370 γράψαι
772 2335 846 2361 δεδύ-

77 2386 140 2412 vnto.
166 2381 194 2406 '0
221 2381 275 2414 γὰρ
302 2380 421 2414 κάλαμος
441 2380 522 2412 εὐθὺς
544 2381 698 2415 συνετρίϐη.
717 2381 794 2407 Ἐπεὶ
818 2381 847 2407 δὲ

78 2427 116 2450 καὶ
131 2428 144 2452 ὸ
156 2427 280 2463 δεύτερος
300 2428 346 2453 καὶ
359 2429 372 2453 ὁ
389 2427 480 2462 τρίτος
496 2427 533 2458 ώς
547 2428 576 2453 τὸ
596 2428 669 2458 εἰκὸς
683 2427 847 2461 εὐθυνούμε-

78 2478 113 2502 νος
131 2473 226 2508 ἐπίσης
239 2473 278 2508 τῷ
299 2473 398 2508 πρώτῳ
413 2473 544 2508 ἔπασχον·
563 2473 602 2499 ἔτι
623 2473 651 2499 δὲ
672 2474 702 2499 τὸ
717 2474 846 2504 δυσσεϐὲς

79 2523 254 2555 γραμματεῖον
269 2522 357 2547 ἐκεῖνο
373 2520 500 2555 βεϐαιοῦν
521 2520 661 2554 ἐπειρᾶτο,
677 2520 777 2546 σείεται
798 2519 847 2554 μὲν

78 2567 141 2602 αὐτῷ
156 2569 171 2602 ἡ
186 2569 246 2604 χεὶρ
270 2568 439 2603 παραδόξως.
466 2567 571 2603 Τρόμος
592 2567 615 2593 δ’
634 2566 747 2602 ἄσχετος
763 2567 848 2601 αὐτὴν

78 2611 207 2648 διεδέχετο.
227 2614 367 2641 Ἐντεῦθεν
382 2614 409 2640 δὲ
420 2613 608 2644 χατασεισθεὶς
623 2614 674 2648 τὴν
688 2612 788 2647 ψυχὴν,
801 2612 848 2638 καὶ

109 2711 142 2745 (l)
158 2712 254 2740 Munus
281 2712 454 2740 otl'ertorium
475 2720 483 2739 :
502 2712 575 2747 quod
605 2712 768 2746 αὐτουργὸς,
796 2712 848 2740 hac

79 2751 183 2782 est.rsua
198 2749 256 2782 ipse
274 2755 354 2774 manu
371 2749 480 2774 obtulit.
499 2748 589 2781 (Greg.
605 2746 683 2781 Naz.)

109 2781 142 2814 (ἓν
160 2781 226 2809 (lqu
255 2788 346 2809 autem
374 2783 400 2809 id
427 2791 480 2809 non
509 2786 644 2809 aunueret
674 2783 848 2816 imperator:

82 2814 194 2880 “gilius,
214 2817 251 2844 De
275 2825 367 2851 puero,
394 2818 492 2853 inquit,
516 2816 636 2844 voluntas
663 2814 768 2844 ηοιὶιίηὶ
793 2817 849 2850 ﬁet.

82 2858 88 2880 l
137 2860 168 2880 r.)

82 2858 168 2886 tbucr.)

899 2248 1053 2276 verebatur.
1076 2248 1193 2276 Basilius
1208 2248 1294 2280 adest,
1311 2253 1339 2275 et
1352 2255 1419 2282 puer
1441 2249 1602 2276 meliuscule
1630 2249 1679 2276 ha-

898 2294 955 2321 bet.
968 2294 1119 2328 Imperator
1128 2293 1306 2320 nihilominus
1318 2293 1470 2328 periculum
1487 2294 1620 2325 facturus,
1645 2294 1678 2320 ad

896 2340 994 2367 illum:
1012 2349 1021 2365 ι
1034 2339 1061 2366 Si
1078 2347 1151 2371 vera,
1168 2338 1268 2373 inquit,
1284 2341 1349 2365 sunt
1367 2345 1426 2372 quae
1448 2338 1482 2365 de
1497 2338 1551 2365 Deo
1579 2339 1674 2368 doces.

898 2392 1020 2420 precare,
1036 2389 1063 2412 et
1076 2384 1160 2411 Deum
1172 2391 1264 2415 exora,
1284 2391 1317 2410 ne
1331 2382 1397 2409 mihi
1410 2382 1619 2410 ﬁliusintereat.
1631 2384 1682 2410 »Αι

898 2431 943 2458 ille
954 2439 976 2457 ι(
986 2430 1013 2457 Si
1022 2430 1092 2457 idem
1100 2429 1172 2464 quod
1183 2438 1232 2464 ego
1243 2429 1343 2462 credis,
1355 2429 1534 2464 morbumqne
1546 2437 1674 2463 grassan-

899 2482 952 2504 tem
965 2477 998 2504 ab
1013 2476 1136 2504 ecclesiis
1156 2476 1300 2510 dispellere
1314 2474 1467 2506 constituis.
1483 2475 1596 2502 omnino
1611 2483 1679 2509 puer

898 2524 1079 2551 convalescet.
1096 2532 1105 2549 ι
1117 2522 1251 2550 Caeterum
1261 2529 1323 2549 cum
1337 2520 1438 2548 Valens
1456 2520 1487 2548 id'
1499 2528 1528 2548 se
1543 2520 1679 2548 facturum

899 2569 1042 2603 reciperet,
1060 2572 1087 2595 et
1103 2567 1182 2594 aliter
1199 2572 1288 2593 tamen
1304 2565 1415 2597 faceret,
1431 2573 1500 2600 puer
1515 2573 1530 2592 e
1555 2565 1610 2592 vita
1631 2573 1679 2592 ex-

898 2614 990 2641 cessit.
1006 2614 1106 2641 Omnes
1123 2616 1212 2639 autem
1224 2616 1427 2643 asseverarunt,
1454 2619 1510 2638 non
1526 2611 1678 2646 periturum

936 2713 972 2746 (3)
988 2712 1073 2740 Alfuit
1099 2713 1144 2739 isti
1167 2712 1305 2748 colloquio
1332 2713 1528 2742 Demosthenes
1556 2713 1680 2748 quidam,

901 2749 1074 2782 imperatoris
1102 2749 1260 2778 Obsonator.
1279 2749 1324 2782 qui
1347 2749 1421 2776 orbis
1444 2749 1565 2775 universi
1587 2750 1681 2775 docto~

902 2791 957 2818 rem
989 2791 1121 2817 carpens.
1147 2783 1261 2810 barbare
1297 2784 1472 2818 loquebatur.
1504 2785 1538 2810 At
1566 2783 1682 2810 Basilius

901 2817 1058 2854 subridens,
1077 2818 1282 2851 Ἐοεασάμεθι,
1311 2817 1417 2854 inquit,
1449 2819 1494 2845 καὶ
1523 2817 1682 2852 Δημοσοένη

903 2852 1095 2887 ἀίράμμαιτηνν
1125 2855 1174 2880 “Uti
1201 2857 1253 2888 051,
1285 2854 1325 2881 Eu
1349 2852 1550 2882 Demosthenem
1581 2860 1681 2887 (νίψῃς
