  <div class='ocr_page' id='page_1' title='image "/cluster/home/n/w/nwhite01/storage/ocr_20150623/146/njp.32101077773156/369.png"; bbox 0 0 1905 3048; ppageno 0'>
   <div class='ocr_carea' id='block_1_1' title="bbox 227 142 280 171">
    <p class='ocr_par' dir='ltr' id='par_1_1' title="bbox 227 142 280 171">
     <span class='ocr_line' id='line_1_1' title="bbox 227 142 280 171; baseline 0.019 -1"><span class='ocrx_word' id='word_1_1' title='bbox 227 142 280 171; x_wconf 63' lang='grc' dir='ltr'><strong>δερ</strong></span> 
     </span>
    </p>
   </div>
   <div class='ocr_carea' id='block_1_2' title="bbox 818 143 1218 174">
    <p class='ocr_par' dir='ltr' id='par_1_2' title="bbox 818 143 1218 174">
     <span class='ocr_line' id='line_1_2' title="bbox 818 143 1218 174; baseline 0.003 -2"><span class='ocrx_word' id='word_1_2' title='bbox 818 143 1028 173; x_wconf 71' lang='lat' dir='ltr'><strong>NICEPHORI</strong></span> <span class='ocrx_word' id='word_1_3' title='bbox 1047 144 1218 174; x_wconf 73' lang='lat' dir='ltr'><strong>CALLlSTl</strong></span> 
     </span>
    </p>
   </div>
   <div class='ocr_carea' id='block_1_3' title="bbox 1792 144 1843 175">
    <p class='ocr_par' dir='ltr' id='par_1_3' title="bbox 1792 144 1843 175">
     <span class='ocr_line' id='line_1_3' title="bbox 1792 144 1843 175; baseline -0.078 1"><span class='ocrx_word' id='word_1_4' title='bbox 1792 144 1843 175; x_wconf 62' lang='lat'><strong>650</strong></span> 
     </span>
    </p>
   </div>
   <div class='ocr_carea' id='block_1_4' title="bbox 225 197 1014 235">
    <p class='ocr_par' dir='ltr' id='par_1_4' title="bbox 225 197 1003 234">
     <span class='ocr_line' id='line_1_4' title="bbox 225 197 1003 234; baseline 0 -8"><span class='ocrx_word' id='word_1_5' title='bbox 225 206 288 226; x_wconf 82' lang='lat' dir='ltr'><strong>eum</strong></span> <span class='ocrx_word' id='word_1_6' title='bbox 307 197 402 225; x_wconf 79' lang='lat' dir='ltr'><strong>ducis?</strong></span> <span class='ocrx_word' id='word_1_7' title='bbox 418 197 450 224; x_wconf 86' lang='lat' dir='ltr'><strong>Et</strong></span> <span class='ocrx_word' id='word_1_8' title='bbox 467 205 574 225; x_wconf 81' lang='lat' dir='ltr'><strong>rursum</strong></span> <span class='ocrx_word' id='word_1_9' title='bbox 591 197 636 224; x_wconf 89' lang='lat' dir='ltr'><strong>illa</strong></span> <span class='ocrx_word' id='word_1_10' title='bbox 653 206 661 224; x_wconf 92' lang='lat'><strong>:</strong></span> <span class='ocrx_word' id='word_1_11' title='bbox 679 198 712 226; x_wconf 91' lang='lat' dir='ltr'><strong>Ut</strong></span> <span class='ocrx_word' id='word_1_12' title='bbox 730 203 756 225; x_wconf 88' lang='lat' dir='ltr'><strong>ct</strong></span> <span class='ocrx_word' id='word_1_13' title='bbox 774 199 848 233; x_wconf 81' lang='lat' dir='ltr'><strong>ipse,</strong></span> <span class='ocrx_word' id='word_1_14' title='bbox 867 200 903 226; x_wconf 87' lang='lat' dir='ltr'><strong>ait</strong></span> <span class='ocrx_word' id='word_1_15' title='bbox 915 219 922 228; x_wconf 83' lang='lat'><em>.</em></span> <span class='ocrx_word' id='word_1_16' title='bbox 941 204 1003 234; x_wconf 84' lang='lat' dir='ltr'><strong>post</strong></span> 
     </span>
    </p>
   </div>
   <div class='ocr_carea' id='block_1_5' title="bbox 1068 197 1843 235">
    <p class='ocr_par' dir='ltr' id='par_1_5' title="bbox 1068 198 1843 235">
     <span class='ocr_line' id='line_1_5' title="bbox 1068 198 1843 235; baseline -0.001 -9"><span class='ocrx_word' id='word_1_17' title='bbox 1068 200 1216 234; x_wconf 70' lang='grc' dir='ltr'>δπέστρεφε</span> <span class='ocrx_word' id='word_1_18' title='bbox 1232 209 1239 215; x_wconf 93' lang='grc'><strong>·</strong></span> <span class='ocrx_word' id='word_1_19' title='bbox 1253 201 1298 226; x_wconf 81' lang='grc' dir='ltr'>καὶ</span> <span class='ocrx_word' id='word_1_20' title='bbox 1314 201 1514 235; x_wconf 69' lang='grc' dir='ltr'><strong>κοινωσάμενος</strong></span> <span class='ocrx_word' id='word_1_21' title='bbox 1532 200 1606 235; x_wconf 75' lang='grc' dir='ltr'>αὐτῴ</span> <span class='ocrx_word' id='word_1_22' title='bbox 1620 198 1738 235; x_wconf 74' lang='grc' dir='ltr'>βασιλεῖ,</span> <span class='ocrx_word' id='word_1_23' title='bbox 1752 200 1843 226; x_wconf 63' lang='lat' dir='ltr'><strong>Enati}:</strong></span> 
     </span>
    </p>
   </div>
   <div class='ocr_carea' id='block_1_6' title="bbox 226 241 1005 280">
    <p class='ocr_par' dir='ltr' id='par_1_6' title="bbox 226 241 1005 280">
     <span class='ocr_line' id='line_1_6' title="bbox 226 241 1005 280; baseline 0.001 -10"><span class='ocrx_word' id='word_1_24' title='bbox 226 243 399 270; x_wconf 81' lang='lat' dir='ltr'><strong>adlictionem</strong></span> <span class='ocrx_word' id='word_1_25' title='bbox 417 247 445 270; x_wconf 89' lang='lat' dir='ltr'><strong>et</strong></span> <span class='ocrx_word' id='word_1_26' title='bbox 463 241 618 270; x_wconf 49' lang='lat' dir='ltr'><strong>:rrumnam&#39;</strong></span> <span class='ocrx_word' id='word_1_27' title='bbox 631 243 773 270; x_wconf 90' lang='lat' dir='ltr'><strong>toleratam</strong></span> <span class='ocrx_word' id='word_1_28' title='bbox 786 265 793 274; x_wconf 91' lang='lat'><strong>,</strong></span> <span class='ocrx_word' id='word_1_29' title='bbox 816 244 927 271; x_wconf 83' lang='lat' dir='ltr'><strong>honoris</strong></span> <span class='ocrx_word' id='word_1_30' title='bbox 946 246 1005 280; x_wconf 82' lang='lat' dir='ltr'><strong>ejus</strong></span> 
     </span>
    </p>
   </div>
   <div class='ocr_carea' id='block_1_7' title="bbox 226 289 1006 324">
    <p class='ocr_par' dir='ltr' id='par_1_7' title="bbox 226 289 1006 324">
     <span class='ocr_line' id='line_1_7' title="bbox 226 289 1006 324; baseline 0.003 -9"><span class='ocrx_word' id='word_1_31' title='bbox 226 289 362 324; x_wconf 75' lang='lat' dir='ltr'><strong>particeps</strong></span> <span class='ocrx_word' id='word_1_32' title='bbox 380 289 435 315; x_wconf 87' lang='lat' dir='ltr'><strong>ﬁat.</strong></span> <span class='ocrx_word' id='word_1_33' title='bbox 454 289 501 315; x_wconf 86' lang='lat' dir='ltr'><strong>Ille</strong></span> <span class='ocrx_word' id='word_1_34' title='bbox 517 289 609 316; x_wconf 88' lang='lat' dir='ltr'><strong>animo</strong></span> <span class='ocrx_word' id='word_1_35' title='bbox 627 289 659 316; x_wconf 83' lang='lat' dir='ltr'><strong>ad</strong></span> <span class='ocrx_word' id='word_1_36' title='bbox 680 295 734 316; x_wconf 90' lang='lat' dir='ltr'><strong>tam</strong></span> <span class='ocrx_word' id='word_1_37' title='bbox 752 298 911 324; x_wconf 75' lang='lat' dir='ltr'><strong>generosam</strong></span> <span class='ocrx_word' id='word_1_38' title='bbox 929 291 1006 317; x_wconf 78' lang='lat' dir='ltr'><strong>forti-</strong></span> 
     </span>
    </p>
   </div>
   <div class='ocr_carea' id='block_1_8' title="bbox 226 335 1005 371">
    <p class='ocr_par' dir='ltr' id='par_1_8' title="bbox 226 335 1005 371">
     <span class='ocr_line' id='line_1_8' title="bbox 226 335 1005 371; baseline 0.001 -9"><span class='ocrx_word' id='word_1_39' title='bbox 226 335 347 362; x_wconf 82' lang='lat' dir='ltr'><strong>tudinem</strong></span> <span class='ocrx_word' id='word_1_40' title='bbox 367 335 490 361; x_wconf 86' lang='lat' dir='ltr'><strong>mulieris</strong></span> <span class='ocrx_word' id='word_1_41' title='bbox 507 339 718 366; x_wconf 81' lang='lat' dir='ltr'><strong>consternatus,</strong></span> <span class='ocrx_word' id='word_1_42' title='bbox 736 335 781 362; x_wconf 90' lang='lat' dir='ltr'><strong>ubi</strong></span> <span class='ocrx_word' id='word_1_43' title='bbox 800 343 832 362; x_wconf 80' lang='lat' dir='ltr'><strong>ex</strong></span> <span class='ocrx_word' id='word_1_44' title='bbox 849 337 908 371; x_wconf 83' lang='lat' dir='ltr'><strong>ejus</strong></span> <span class='ocrx_word' id='word_1_45' title='bbox 924 337 1005 363; x_wconf 86' lang='lat' dir='ltr'><strong>unius</strong></span> 
     </span>
    </p>
   </div>
   <div class='ocr_carea' id='block_1_9' title="bbox 227 380 1005 414">
    <p class='ocr_par' dir='ltr' id='par_1_9' title="bbox 227 380 1005 414">
     <span class='ocr_line' id='line_1_9' title="bbox 227 380 1005 414; baseline 0.001 -8"><span class='ocrx_word' id='word_1_46' title='bbox 227 381 339 406; x_wconf 87' lang='lat' dir='ltr'><strong>aliorum</strong></span> <span class='ocrx_word' id='word_1_47' title='bbox 356 380 479 406; x_wconf 88' lang='lat' dir='ltr'><strong>omnium</strong></span> <span class='ocrx_word' id='word_1_48' title='bbox 496 380 661 413; x_wconf 73' lang='lat' dir='ltr'><strong>coniecisset</strong></span> <span class='ocrx_word' id='word_1_49' title='bbox 676 381 855 411; x_wconf 73' lang='lat' dir='ltr'><strong>alacritatem,</strong></span> <span class='ocrx_word' id='word_1_50' title='bbox 870 381 902 407; x_wconf 90' lang='lat' dir='ltr'><strong>ad</strong></span> <span class='ocrx_word' id='word_1_51' title='bbox 920 382 1005 414; x_wconf 85' lang='lat' dir='ltr'><strong>impe—</strong></span> 
     </span>
    </p>
   </div>
   <div class='ocr_carea' id='block_1_10' title="bbox 228 424 1003 459">
    <p class='ocr_par' dir='ltr' id='par_1_10' title="bbox 228 424 1003 459">
     <span class='ocr_line' id='line_1_10' title="bbox 228 424 1003 459; baseline 0 -8"><span class='ocrx_word' id='word_1_52' title='bbox 228 425 319 452; x_wconf 84' lang='lat' dir='ltr'><strong>rialem</strong></span> <span class='ocrx_word' id='word_1_53' title='bbox 343 424 455 451; x_wconf 91' lang='lat' dir='ltr'><strong>domum</strong></span> <span class='ocrx_word' id='word_1_54' title='bbox 479 432 607 452; x_wconf 82' lang='lat' dir='ltr'><strong>reversus</strong></span> <span class='ocrx_word' id='word_1_55' title='bbox 619 445 626 456; x_wconf 85' lang='lat'><strong>,</strong></span> <span class='ocrx_word' id='word_1_56' title='bbox 643 426 800 459; x_wconf 84' lang='lat' dir='ltr'><strong>imperatori</strong></span> <span class='ocrx_word' id='word_1_57' title='bbox 819 433 875 452; x_wconf 88' lang='lat' dir='ltr'><strong>rem</strong></span> <span class='ocrx_word' id='word_1_58' title='bbox 894 433 1003 452; x_wconf 89' lang='lat' dir='ltr'><strong>omnem</strong></span> 
     </span>
    </p>
   </div>
   <div class='ocr_carea' id='block_1_11' title="bbox 227 469 1006 504">
    <p class='ocr_par' dir='ltr' id='par_1_11' title="bbox 227 469 1006 504">
     <span class='ocr_line' id='line_1_11' title="bbox 227 469 1006 504; baseline 0.001 -9"><span class='ocrx_word' id='word_1_59' title='bbox 227 469 368 500; x_wconf 80' lang='lat' dir='ltr'><strong>indicavit,</strong></span> <span class='ocrx_word' id='word_1_60' title='bbox 385 475 411 496; x_wconf 89' lang='lat' dir='ltr'><strong>et</strong></span> <span class='ocrx_word' id='word_1_61' title='bbox 427 474 457 496; x_wconf 87' lang='lat' dir='ltr'><strong>ut</strong></span> <span class='ocrx_word' id='word_1_62' title='bbox 471 477 485 495; x_wconf 90' lang='lat' dir='ltr'><strong>a</strong></span> <span class='ocrx_word' id='word_1_63' title='bbox 503 470 619 496; x_wconf 87' lang='lat' dir='ltr'><strong>consilio</strong></span> <span class='ocrx_word' id='word_1_64' title='bbox 636 475 779 504; x_wconf 73' lang='lat' dir='ltr'><strong>cmptoqnc</strong></span> <span class='ocrx_word' id='word_1_65' title='bbox 795 478 845 497; x_wconf 87' lang='lat' dir='ltr'><strong>suo</strong></span> <span class='ocrx_word' id='word_1_66' title='bbox 861 470 1006 497; x_wconf 86' lang='lat' dir='ltr'><strong>desisteret</strong></span> 
     </span>
    </p>
   </div>
   <div class='ocr_carea' id='block_1_12' title="bbox 227 514 1005 548">
    <p class='ocr_par' dir='ltr' id='par_1_12' title="bbox 227 514 1005 548">
     <span class='ocr_line' id='line_1_12' title="bbox 227 514 1005 548; baseline 0.003 -8"><span class='ocrx_word' id='word_1_67' title='bbox 227 514 311 541; x_wconf 73' lang='lat' dir='ltr'><strong>suasit</strong></span> <span class='ocrx_word' id='word_1_68' title='bbox 329 523 335 540; x_wconf 91' lang='lat'><strong>:</strong></span> <span class='ocrx_word' id='word_1_69' title='bbox 361 519 468 548; x_wconf 91' lang='lat' dir='ltr'><strong>turpem</strong></span> <span class='ocrx_word' id='word_1_70' title='bbox 487 520 515 542; x_wconf 87' lang='lat' dir='ltr'><strong>et</strong></span> <span class='ocrx_word' id='word_1_71' title='bbox 536 515 678 542; x_wconf 84' lang='lat' dir='ltr'><strong>adversam</strong></span> <span class='ocrx_word' id='word_1_72' title='bbox 702 515 797 542; x_wconf 70' lang='lat' dir='ltr'><strong>dicens</strong></span> <span class='ocrx_word' id='word_1_73' title='bbox 815 524 848 542; x_wconf 78' lang='lat' dir='ltr'><strong>ex</strong></span> <span class='ocrx_word' id='word_1_74' title='bbox 867 516 912 542; x_wconf 91' lang='lat' dir='ltr'><strong>tali</strong></span> <span class='ocrx_word' id='word_1_75' title='bbox 934 516 1005 542; x_wconf 72' lang='lat' dir='ltr'><strong>facto</strong></span> 
     </span>
    </p>
   </div>
   <div class='ocr_carea' id='block_1_13' title="bbox 227 559 1006 594">
    <p class='ocr_par' dir='ltr' id='par_1_13' title="bbox 227 559 1006 594">
     <span class='ocr_line' id='line_1_13' title="bbox 227 559 1006 594; baseline 0.004 -10"><span class='ocrx_word' id='word_1_76' title='bbox 227 564 438 586; x_wconf 78' lang='lat' dir='ltr'><strong>consecuturam</strong></span> <span class='ocrx_word' id='word_1_77' title='bbox 462 560 569 590; x_wconf 78' lang='lat' dir='ltr'><strong>tamam,</strong></span> <span class='ocrx_word' id='word_1_78' title='bbox 593 565 675 594; x_wconf 89' lang='lat' dir='ltr'><strong>atque</strong></span> <span class='ocrx_word' id='word_1_79' title='bbox 699 559 897 587; x_wconf 75' lang='lat' dir='ltr'><strong>Edessenorum</strong></span> <span class='ocrx_word' id='word_1_80' title='bbox 921 561 1006 587; x_wconf 79' lang='lat' dir='ltr'><strong>nihilo</strong></span> 
     </span>
    </p>
   </div>
   <div class='ocr_carea' id='block_1_14' title="bbox 228 605 1005 639">
    <p class='ocr_par' dir='ltr' id='par_1_14' title="bbox 228 605 1005 639">
     <span class='ocr_line' id='line_1_14' title="bbox 228 605 1005 639; baseline 0.004 -8"><span class='ocrx_word' id='word_1_81' title='bbox 228 605 314 639; x_wconf 70' lang='lat' dir='ltr'><strong>magis</strong></span> <span class='ocrx_word' id='word_1_82' title='bbox 343 605 510 633; x_wconf 72' lang='lat' dir='ltr'><strong>alacritatem</strong></span> <span class='ocrx_word' id='word_1_83' title='bbox 538 607 704 633; x_wconf 83' lang='lat' dir='ltr'><strong>exstinctum</strong></span> <span class='ocrx_word' id='word_1_84' title='bbox 731 607 775 633; x_wconf 85' lang='lat' dir='ltr'><strong>iri.</strong></span> <span class='ocrx_word' id='word_1_85' title='bbox 804 607 902 634; x_wconf 81' lang='lat' dir='ltr'><strong>Verbis</strong></span> <span class='ocrx_word' id='word_1_86' title='bbox 930 607 1005 634; x_wconf 82' lang='lat' dir='ltr'><strong>hisce</strong></span> 
     </span>
    </p>
   </div>
   <div class='ocr_carea' id='block_1_15' title="bbox 1060 244 1844 279">
    <p class='ocr_par' dir='ltr' id='par_1_15' title="bbox 1060 244 1844 279">
     <span class='ocr_line' id='line_1_15' title="bbox 1060 244 1844 279; baseline -0.003 -8"><span class='ocrx_word' id='word_1_87' title='bbox 1060 245 1097 279; x_wconf 84' lang='grc' dir='ltr'>μὴ</span> <span class='ocrx_word' id='word_1_88' title='bbox 1118 245 1158 275; x_wconf 79' lang='grc' dir='ltr'><strong>εἰς</strong></span> <span class='ocrx_word' id='word_1_89' title='bbox 1172 246 1256 279; x_wconf 81' lang='grc' dir='ltr'><strong>πέρας</strong></span> <span class='ocrx_word' id='word_1_90' title='bbox 1278 246 1355 278; x_wconf 80' lang='grc' dir='ltr'><strong>ἄγειν</strong></span> <span class='ocrx_word' id='word_1_91' title='bbox 1370 246 1403 271; x_wconf 74' lang='grc' dir='ltr'>τὰ</span> <span class='ocrx_word' id='word_1_92' title='bbox 1431 245 1546 276; x_wconf 77' lang='grc' dir='ltr'>δόξαντα</span> <span class='ocrx_word' id='word_1_93' title='bbox 1561 252 1568 260; x_wconf 88' lang='grc'><strong>·</strong></span> <span class='ocrx_word' id='word_1_94' title='bbox 1595 245 1764 279; x_wconf 77' lang='grc' dir='ltr'><strong>αἰσχρότητα</strong></span> <span class='ocrx_word' id='word_1_95' title='bbox 1791 244 1844 278; x_wconf 71' lang='grc' dir='ltr'>γὰρ</span> 
     </span>
    </p>
   </div>
   <div class='ocr_carea' id='block_1_16' title="bbox 1058 287 1843 325">
    <p class='ocr_par' dir='ltr' id='par_1_16' title="bbox 1058 287 1843 325">
     <span class='ocr_line' id='line_1_16' title="bbox 1058 287 1843 325; baseline -0.001 -10"><span class='ocrx_word' id='word_1_96' title='bbox 1058 287 1129 316; x_wconf 85' lang='grc' dir='ltr'>εἶναι</span> <span class='ocrx_word' id='word_1_97' title='bbox 1144 291 1175 316; x_wconf 84' lang='grc' dir='ltr'>ὲκ</span> <span class='ocrx_word' id='word_1_98' title='bbox 1190 291 1236 316; x_wconf 83' lang='grc' dir='ltr'>τοῦ</span> <span class='ocrx_word' id='word_1_99' title='bbox 1253 291 1393 325; x_wconf 84' lang='grc' dir='ltr'><strong>δρωμένου</strong></span> <span class='ocrx_word' id='word_1_100' title='bbox 1419 291 1466 317; x_wconf 75' lang='grc' dir='ltr'>καὶ</span> <span class='ocrx_word' id='word_1_101' title='bbox 1483 290 1626 316; x_wconf 79' lang='grc' dir='ltr'>δύσκλειαν</span> <span class='ocrx_word' id='word_1_102' title='bbox 1644 298 1651 304; x_wconf 91' lang='grc'>·</span> <span class='ocrx_word' id='word_1_103' title='bbox 1670 289 1789 320; x_wconf 78' lang='grc' dir='ltr'>ἐκείνοις</span> <span class='ocrx_word' id='word_1_104' title='bbox 1805 290 1843 320; x_wconf 78' lang='grc' dir='ltr'>δὲ,</span> 
     </span>
    </p>
   </div>
   <div class='ocr_carea' id='block_1_17' title="bbox 1059 333 1845 370">
    <p class='ocr_par' dir='ltr' id='par_1_17' title="bbox 1059 333 1845 370">
     <span class='ocr_line' id='line_1_17' title="bbox 1059 333 1845 370; baseline -0.003 -9"><span class='ocrx_word' id='word_1_105' title='bbox 1059 336 1095 370; x_wconf 89' lang='grc' dir='ltr'>μὴ</span> <span class='ocrx_word' id='word_1_106' title='bbox 1111 336 1219 369; x_wconf 72' lang='grc' dir='ltr'>ἐφικτὸν</span> <span class='ocrx_word' id='word_1_107' title='bbox 1233 333 1313 368; x_wconf 73' lang='grc' dir='ltr'>εἶναι,</span> <span class='ocrx_word' id='word_1_108' title='bbox 1330 336 1426 361; x_wconf 78' lang='grc' dir='ltr'>σὸἐσαι</span> <span class='ocrx_word' id='word_1_109' title='bbox 1445 335 1494 370; x_wconf 80' lang='grc' dir='ltr'>τὴν</span> <span class='ocrx_word' id='word_1_110' title='bbox 1518 335 1683 369; x_wconf 81' lang='grc' dir='ltr'>προθυμίαν.</span> <span class='ocrx_word' id='word_1_111' title='bbox 1703 333 1788 360; x_wconf 77' lang='grc' dir='ltr'>Ταῦτ’</span> <span class='ocrx_word' id='word_1_112' title='bbox 1808 334 1845 359; x_wconf 80' lang='grc' dir='ltr'>εί-</span> 
     </span>
    </p>
   </div>
   <div class='ocr_carea' id='block_1_18' title="bbox 1057 379 1840 415">
    <p class='ocr_par' dir='ltr' id='par_1_18' title="bbox 1057 379 1840 415">
     <span class='ocr_line' id='line_1_18' title="bbox 1057 379 1840 415; baseline -0.004 -8"><span class='ocrx_word' id='word_1_113' title='bbox 1057 381 1126 412; x_wconf 83' lang='grc' dir='ltr'>πὼν,</span> <span class='ocrx_word' id='word_1_114' title='bbox 1140 382 1170 407; x_wconf 73' lang='grc' dir='ltr'><strong>τὸ</strong></span> <span class='ocrx_word' id='word_1_115' title='bbox 1181 381 1282 415; x_wconf 76' lang='grc' dir='ltr'>πλῆθος</span> <span class='ocrx_word' id='word_1_116' title='bbox 1309 382 1456 415; x_wconf 72' lang='grc' dir='ltr'><strong>ἀπείρατον</strong></span> <span class='ocrx_word' id='word_1_117' title='bbox 1483 381 1611 414; x_wconf 78' lang='grc' dir='ltr'><strong>διετήρει.</strong></span> <span class='ocrx_word' id='word_1_118' title='bbox 1630 379 1840 413; x_wconf 74' lang='grc' dir='ltr'>Λοιδορησὰμε-</span> 
     </span>
    </p>
   </div>
   <div class='ocr_carea' id='block_1_19' title="bbox 1059 425 1844 460">
    <p class='ocr_par' dir='ltr' id='par_1_19' title="bbox 1059 425 1844 460">
     <span class='ocr_line' id='line_1_19' title="bbox 1059 425 1844 460; baseline -0.001 -9"><span class='ocrx_word' id='word_1_119' title='bbox 1059 435 1103 456; x_wconf 83' lang='grc' dir='ltr'><strong>νος</strong></span> <span class='ocrx_word' id='word_1_120' title='bbox 1120 426 1141 451; x_wconf 80' lang='grc' dir='ltr'>δ’</span> <span class='ocrx_word' id='word_1_121' title='bbox 1155 428 1256 457; x_wconf 79' lang='grc' dir='ltr'>ἐκεῖνος</span> <span class='ocrx_word' id='word_1_122' title='bbox 1268 427 1313 452; x_wconf 69' lang='grc' dir='ltr'><strong>τὸν</strong></span> <span class='ocrx_word' id='word_1_123' title='bbox 1324 426 1446 460; x_wconf 80' lang='grc' dir='ltr'>ὕπαρχον</span> <span class='ocrx_word' id='word_1_124' title='bbox 1461 427 1508 452; x_wconf 76' lang='grc' dir='ltr'>καὶ</span> <span class='ocrx_word' id='word_1_125' title='bbox 1537 426 1591 457; x_wconf 80' lang='grc' dir='ltr'><strong>πὺξ</strong></span> <span class='ocrx_word' id='word_1_126' title='bbox 1602 426 1716 457; x_wconf 78' lang='grc' dir='ltr'>παίσας,</span> <span class='ocrx_word' id='word_1_127' title='bbox 1735 425 1804 451; x_wconf 83' lang='grc' dir='ltr'><strong>ἀλλά</strong></span> <span class='ocrx_word' id='word_1_128' title='bbox 1815 433 1844 458; x_wconf 84' lang='grc' dir='ltr'><strong>γε</strong></span> 
     </span>
    </p>
   </div>
   <div class='ocr_carea' id='block_1_20' title="bbox 1059 471 1846 506">
    <p class='ocr_par' dir='ltr' id='par_1_20' title="bbox 1059 471 1846 506">
     <span class='ocr_line' id='line_1_20' title="bbox 1059 471 1846 506; baseline 0.001 -10"><span class='ocrx_word' id='word_1_129' title='bbox 1059 471 1123 502; x_wconf 76' lang='grc' dir='ltr'>τοὺς</span> <span class='ocrx_word' id='word_1_130' title='bbox 1138 472 1306 506; x_wconf 79' lang='grc' dir='ltr'>ἡγουμένους</span> <span class='ocrx_word' id='word_1_131' title='bbox 1335 471 1380 498; x_wconf 83' lang='grc' dir='ltr'>τοῦ</span> <span class='ocrx_word' id='word_1_132' title='bbox 1408 472 1528 506; x_wconf 77' lang='grc' dir='ltr'>πλήθους</span> <span class='ocrx_word' id='word_1_133' title='bbox 1555 472 1722 506; x_wconf 81' lang='grc' dir='ltr'>προσέταττε</span> <span class='ocrx_word' id='word_1_134' title='bbox 1751 472 1846 506; x_wconf 72' lang='grc' dir='ltr'>συλλη-</span> 
     </span>
    </p>
   </div>
   <div class='ocr_carea' id='block_1_21' title="bbox 1061 516 1845 552">
    <p class='ocr_par' dir='ltr' id='par_1_21' title="bbox 1061 516 1845 552">
     <span class='ocr_line' id='line_1_21' title="bbox 1061 516 1845 552; baseline 0 -10"><span class='ocrx_word' id='word_1_135' title='bbox 1061 516 1219 552; x_wconf 79' lang='grc' dir='ltr'>φθέντας,ἢ</span> <span class='ocrx_word' id='word_1_136' title='bbox 1242 519 1279 551; x_wconf 84' lang='grc' dir='ltr'>τῷ</span> <span class='ocrx_word' id='word_1_137' title='bbox 1303 517 1396 552; x_wconf 79' lang='grc' dir='ltr'>Λύκῳ,</span> <span class='ocrx_word' id='word_1_138' title='bbox 1422 519 1470 545; x_wconf 80' lang='grc' dir='ltr'>καὶ</span> <span class='ocrx_word' id='word_1_139' title='bbox 1492 518 1522 543; x_wconf 89' lang='grc' dir='ltr'>οὺ</span> <span class='ocrx_word' id='word_1_140' title='bbox 1551 518 1675 551; x_wconf 77' lang='grc' dir='ltr'>ποιμένι,</span> <span class='ocrx_word' id='word_1_141' title='bbox 1702 519 1845 543; x_wconf 80' lang='grc' dir='ltr'>κοινωνεῖν</span> 
     </span>
    </p>
   </div>
   <div class='ocr_carea' id='block_1_22' title="bbox 1060 562 1844 598">
    <p class='ocr_par' dir='ltr' id='par_1_22' title="bbox 1060 562 1844 598">
     <span class='ocr_line' id='line_1_22' title="bbox 1060 562 1844 598; baseline 0.001 -10"><span class='ocrx_word' id='word_1_142' title='bbox 1060 562 1179 594; x_wconf 75' lang='grc' dir='ltr'><strong>ἑλέσθαι,</strong></span> <span class='ocrx_word' id='word_1_143' title='bbox 1195 563 1212 598; x_wconf 85' lang='grc' dir='ltr'><strong>ἢ</strong></span> <span class='ocrx_word' id='word_1_144' title='bbox 1229 563 1324 590; x_wconf 78' lang='grc' dir='ltr'>Θᾶττον</span> <span class='ocrx_word' id='word_1_145' title='bbox 1339 564 1388 597; x_wconf 80' lang='grc' dir='ltr'>τῆς</span> <span class='ocrx_word' id='word_1_146' title='bbox 1403 564 1505 595; x_wconf 78' lang='grc' dir='ltr'>πόλεως</span> <span class='ocrx_word' id='word_1_147' title='bbox 1516 563 1630 598; x_wconf 77' lang='grc' dir='ltr'>ἁπελᾷν,</span> <span class='ocrx_word' id='word_1_148' title='bbox 1650 563 1697 589; x_wconf 76' lang='grc' dir='ltr'>καὶ</span> <span class='ocrx_word' id='word_1_149' title='bbox 1711 564 1759 589; x_wconf 76' lang='grc' dir='ltr'><strong>ἐπί</strong></span> <span class='ocrx_word' id='word_1_150' title='bbox 1773 572 1844 594; x_wconf 78' lang='grc' dir='ltr'>τινας</span> 
     </span>
    </p>
   </div>
   <div class='ocr_carea' id='block_1_23' title="bbox 1060 607 1472 643">
    <p class='ocr_par' dir='ltr' id='par_1_23' title="bbox 1060 607 1472 643">
     <span class='ocr_line' id='line_1_23' title="bbox 1060 607 1472 643; baseline 0.005 -10"><span class='ocrx_word' id='word_1_151' title='bbox 1060 607 1187 642; x_wconf 77' lang='grc' dir='ltr'>ἐσχατιὰς</span> <span class='ocrx_word' id='word_1_152' title='bbox 1203 609 1253 642; x_wconf 76' lang='grc' dir='ltr'>γῆς</span> <span class='ocrx_word' id='word_1_153' title='bbox 1268 609 1472 643; x_wconf 76' lang='grc' dir='ltr'>παραπέμπειν.</span> 
     </span>
    </p>
   </div>
   <div class='ocr_carea' id='block_1_24' title="bbox 228 653 1845 689">
    <p class='ocr_par' dir='ltr' id='par_1_24' title="bbox 228 653 1845 689">
     <span class='ocr_line' id='line_1_24' title="bbox 228 653 1845 689; baseline 0.001 -10"><span class='ocrx_word' id='word_1_154' title='bbox 228 653 399 680; x_wconf 88' lang='lat' dir='ltr'><strong>innumeram</strong></span> <span class='ocrx_word' id='word_1_155' title='bbox 427 653 630 680; x_wconf 87' lang='lat' dir='ltr'><strong>multitudinem</strong></span> <span class='ocrx_word' id='word_1_156' title='bbox 654 654 799 688; x_wconf 68' lang='lat' dir='ltr'><strong>praefectus</strong></span> <span class='ocrx_word' id='word_1_157' title='bbox 820 655 1004 681; x_wconf 83' lang='lat' dir='ltr'><strong>conservavit.</strong></span> <span class='ocrx_word' id='word_1_158' title='bbox 1026 654 1059 681; x_wconf 85' lang='lat' dir='ltr'><strong>At</strong></span> <span class='ocrx_word' id='word_1_159' title='bbox 1094 655 1244 687; x_wconf 89' lang='lat' dir='ltr'><strong>imperator</strong></span> <span class='ocrx_word' id='word_1_160' title='bbox 1261 656 1304 682; x_wconf 90' lang='lat' dir='ltr'><strong>ubi</strong></span> <span class='ocrx_word' id='word_1_161' title='bbox 1339 656 1416 682; x_wconf 90' lang='lat' dir='ltr'><strong>illum</strong></span> <span class='ocrx_word' id='word_1_162' title='bbox 1431 656 1639 683; x_wconf 78' lang='lat' dir='ltr'><strong>contumeliosis</strong></span> <span class='ocrx_word' id='word_1_163' title='bbox 1652 656 1771 682; x_wconf 82' lang='lat' dir='ltr'><strong>vocibus</strong></span> <span class='ocrx_word' id='word_1_164' title='bbox 1786 663 1845 689; x_wconf 89' lang='lat' dir='ltr'><strong>pro-</strong></span> 
     </span>
    </p>
   </div>
   <div class='ocr_carea' id='block_1_25' title="bbox 227 700 1848 738">
    <p class='ocr_par' dir='ltr' id='par_1_25' title="bbox 227 700 1848 738">
     <span class='ocr_line' id='line_1_25' title="bbox 227 700 1848 738; baseline 0.001 -12"><span class='ocrx_word' id='word_1_165' title='bbox 227 700 326 731; x_wconf 75' lang='lat' dir='ltr'><strong>scidit,</strong></span> <span class='ocrx_word' id='word_1_166' title='bbox 343 708 433 735; x_wconf 79' lang='lat' dir='ltr'><strong>pugno</strong></span> <span class='ocrx_word' id='word_1_167' title='bbox 453 701 534 728; x_wconf 84' lang='lat' dir='ltr'><strong>etiam</strong></span> <span class='ocrx_word' id='word_1_168' title='bbox 557 702 677 728; x_wconf 84' lang='lat' dir='ltr'><strong>cecidit:</strong></span> <span class='ocrx_word' id='word_1_169' title='bbox 712 702 897 728; x_wconf 85' lang='lat' dir='ltr'><strong>multitudinis</strong></span> <span class='ocrx_word' id='word_1_170' title='bbox 936 702 1118 729; x_wconf 86' lang='lat' dir='ltr'><strong>nihilominus</strong></span> <span class='ocrx_word' id='word_1_171' title='bbox 1141 703 1225 729; x_wconf 83' lang='lat' dir='ltr'><strong>duces</strong></span> <span class='ocrx_word' id='word_1_172' title='bbox 1265 704 1477 738; x_wconf 84' lang='lat' dir='ltr'><strong>comprehensos</strong></span> <span class='ocrx_word' id='word_1_173' title='bbox 1493 704 1551 737; x_wconf 82' lang='lat' dir='ltr'><strong>cogi</strong></span> <span class='ocrx_word' id='word_1_174' title='bbox 1571 703 1712 737; x_wconf 72' lang='lat' dir='ltr'><strong>praecepit.</strong></span> <span class='ocrx_word' id='word_1_175' title='bbox 1735 707 1765 728; x_wconf 91' lang='lat' dir='ltr'><strong>ut</strong></span> <span class='ocrx_word' id='word_1_176' title='bbox 1802 710 1848 736; x_wconf 77' lang='grc' dir='ltr'>ιιιτ</span> 
     </span>
    </p>
   </div>
   <div class='ocr_carea' id='block_1_26' title="bbox 228 748 1850 784">
    <p class='ocr_par' dir='ltr' id='par_1_26' title="bbox 228 748 1850 784">
     <span class='ocr_line' id='line_1_26' title="bbox 228 748 1850 784; baseline 0 -10"><span class='ocrx_word' id='word_1_177' title='bbox 228 748 365 782; x_wconf 81' lang='lat' dir='ltr'><strong>optionem</strong></span> <span class='ocrx_word' id='word_1_178' title='bbox 381 749 424 775; x_wconf 78' lang='lat' dir='ltr'><strong>vel</strong></span> <span class='ocrx_word' id='word_1_179' title='bbox 441 756 501 775; x_wconf 90' lang='lat' dir='ltr'><strong>cum</strong></span> <span class='ocrx_word' id='word_1_180' title='bbox 520 749 590 784; x_wconf 82' lang='lat' dir='ltr'><strong>Lyco</strong></span> <span class='ocrx_word' id='word_1_181' title='bbox 607 757 653 776; x_wconf 90' lang='lat' dir='ltr'><strong>seu</strong></span> <span class='ocrx_word' id='word_1_182' title='bbox 673 750 753 784; x_wconf 88' lang='lat' dir='ltr'><strong>lupo,</strong></span> <span class='ocrx_word' id='word_1_183' title='bbox 771 755 798 776; x_wconf 88' lang='lat' dir='ltr'><strong>et</strong></span> <span class='ocrx_word' id='word_1_184' title='bbox 833 758 884 776; x_wconf 92' lang='lat' dir='ltr'><strong>non</strong></span> <span class='ocrx_word' id='word_1_185' title='bbox 901 755 1022 784; x_wconf 84' lang='lat' dir='ltr'><strong>pastore,</strong></span> <span class='ocrx_word' id='word_1_186' title='bbox 1042 751 1278 778; x_wconf 73' lang='lat' dir='ltr'><strong>communicarent</strong></span> <span class='ocrx_word' id='word_1_187' title='bbox 1294 771 1302 783; x_wconf 86' lang='lat'><strong>,</strong></span> <span class='ocrx_word' id='word_1_188' title='bbox 1327 751 1368 777; x_wconf 87' lang='lat' dir='ltr'><strong>vel</strong></span> <span class='ocrx_word' id='word_1_189' title='bbox 1414 752 1481 777; x_wconf 89' lang='lat' dir='ltr'><strong>citra</strong></span> <span class='ocrx_word' id='word_1_190' title='bbox 1509 759 1611 777; x_wconf 80' lang='lat' dir='ltr'><strong>moram</strong></span> <span class='ocrx_word' id='word_1_191' title='bbox 1640 751 1709 777; x_wconf 84' lang='lat' dir='ltr'><strong>urbe</strong></span> <span class='ocrx_word' id='word_1_192' title='bbox 1733 749 1850 776; x_wconf 78' lang='lat' dir='ltr'><strong>excede-</strong></span> 
     </span>
    </p>
   </div>
   <div class='ocr_carea' id='block_1_27' title="bbox 229 796 920 831">
    <p class='ocr_par' dir='ltr' id='par_1_27' title="bbox 229 796 920 831">
     <span class='ocr_line' id='line_1_27' title="bbox 229 796 920 831; baseline 0.003 -9"><span class='ocrx_word' id='word_1_193' title='bbox 229 800 303 829; x_wconf 84' lang='lat' dir='ltr'><strong>rent,</strong></span> <span class='ocrx_word' id='word_1_194' title='bbox 321 800 403 831; x_wconf 80' lang='lat' dir='ltr'><strong>alque</strong></span> <span class='ocrx_word' id='word_1_195' title='bbox 415 796 449 823; x_wconf 88' lang='lat' dir='ltr'><strong>ad</strong></span> <span class='ocrx_word' id='word_1_196' title='bbox 467 797 576 824; x_wconf 88' lang='lat' dir='ltr'><strong>ultimas</strong></span> <span class='ocrx_word' id='word_1_197' title='bbox 591 804 654 824; x_wconf 86' lang='lat' dir='ltr'><strong>oras</strong></span> <span class='ocrx_word' id='word_1_198' title='bbox 670 798 822 825; x_wconf 79' lang='lat' dir='ltr'><strong>exsulatum</strong></span> <span class='ocrx_word' id='word_1_199' title='bbox 838 798 920 825; x_wconf 84' lang='lat' dir='ltr'><strong>irent.</strong></span> 
     </span>
    </p>
   </div>
   <div class='ocr_carea' id='block_1_28' title="bbox 503 853 730 880">
    <p class='ocr_par' dir='ltr' id='par_1_28' title="bbox 503 853 730 880">
     <span class='ocr_line' id='line_1_28' title="bbox 503 853 730 880; baseline -0.004 0"><span class='ocrx_word' id='word_1_200' title='bbox 503 853 614 880; x_wconf 77' lang='lat' dir='ltr'><strong>CAPUT</strong></span> <span class='ocrx_word' id='word_1_201' title='bbox 634 853 730 880; x_wconf 72' lang='lat' dir='ltr'><strong>XXlll.</strong></span> 
     </span>
    </p>
   </div>
   <div class='ocr_carea' id='block_1_29' title="bbox 230 897 1011 933">
    <p class='ocr_par' dir='ltr' id='par_1_29' title="bbox 230 897 1011 933">
     <span class='ocr_line' id='line_1_29' title="bbox 230 897 1011 933; baseline 0 -9"><span class='ocrx_word' id='word_1_202' title='bbox 230 897 269 924; x_wconf 81' lang='lat' dir='ltr'><strong>De</strong></span> <span class='ocrx_word' id='word_1_203' title='bbox 285 897 393 932; x_wconf 85' lang='lat' dir='ltr'><strong>Eulogio</strong></span> <span class='ocrx_word' id='word_1_204' title='bbox 409 903 432 924; x_wconf 86' lang='lat' dir='ltr'><strong>et</strong></span> <span class='ocrx_word' id='word_1_205' title='bbox 445 898 638 933; x_wconf 71' lang='lat' dir='ltr'><strong>Protogene,ut</strong></span> <span class='ocrx_word' id='word_1_206' title='bbox 650 899 842 933; x_wconf 80' lang='lat' dir='ltr'><strong>magnificepra</strong></span> <span class='ocrx_word' id='word_1_207' title='bbox 859 899 910 932; x_wconf 78' lang='lat' dir='ltr'><strong>ﬁde</strong></span> <span class='ocrx_word' id='word_1_208' title='bbox 923 900 1011 926; x_wconf 60' lang='lat' dir='ltr'><strong>decer-</strong></span> 
     </span>
    </p>
   </div>
   <div class='ocr_carea' id='block_1_30' title="bbox 265 934 1011 965">
    <p class='ocr_par' dir='ltr' id='par_1_30' title="bbox 265 934 1011 965">
     <span class='ocr_line' id='line_1_30' title="bbox 265 934 1011 965; baseline 0.003 -7"><span class='ocrx_word' id='word_1_209' title='bbox 265 934 397 960; x_wconf 82' lang='lat' dir='ltr'><strong>taverint:</strong></span> <span class='ocrx_word' id='word_1_210' title='bbox 425 937 449 958; x_wconf 81' lang='lat' dir='ltr'><strong>et</strong></span> <span class='ocrx_word' id='word_1_211' title='bbox 479 938 506 959; x_wconf 88' lang='lat' dir='ltr'><strong>ut</strong></span> <span class='ocrx_word' id='word_1_212' title='bbox 532 939 588 965; x_wconf 71' lang='lat' dir='ltr'><strong>post</strong></span> <span class='ocrx_word' id='word_1_213' title='bbox 613 935 726 960; x_wconf 77' lang='lat' dir='ltr'><strong>reditum</strong></span> <span class='ocrx_word' id='word_1_214' title='bbox 752 935 782 960; x_wconf 88' lang='lat' dir='ltr'><strong>ab</strong></span> <span class='ocrx_word' id='word_1_215' title='bbox 804 934 915 964; x_wconf 58' lang='lat' dir='ltr'><strong>motito,</strong></span> <span class='ocrx_word' id='word_1_216' title='bbox 944 935 1011 960; x_wconf 68' lang='lat' dir='ltr'><strong>alter</strong></span> 
     </span>
    </p>
   </div>
   <div class='ocr_carea' id='block_1_31' title="bbox 265 967 1009 1004">
    <p class='ocr_par' dir='ltr' id='par_1_31' title="bbox 265 967 1009 1004">
     <span class='ocr_line' id='line_1_31' title="bbox 265 967 1009 1004; baseline 0.004 -12"><span class='ocrx_word' id='word_1_217' title='bbox 265 967 382 1004; x_wconf 58' lang='lat' dir='ltr'><strong>Edessa’,</strong></span> <span class='ocrx_word' id='word_1_218' title='bbox 395 967 462 994; x_wconf 76' lang='lat' dir='ltr'><strong>alter</strong></span> <span class='ocrx_word' id='word_1_219' title='bbox 478 973 565 994; x_wconf 79' lang='lat' dir='ltr'><strong>autem</strong></span> <span class='ocrx_word' id='word_1_220' title='bbox 579 968 668 996; x_wconf 76' lang='lat' dir='ltr'><strong>Curris</strong></span> <span class='ocrx_word' id='word_1_221' title='bbox 681 968 802 995; x_wconf 65' lang='lat' dir='ltr'><strong>Ecclesiw</strong></span> <span class='ocrx_word' id='word_1_222' title='bbox 818 969 1009 1004; x_wconf 77' lang='lat' dir='ltr'><strong>episcopiprw~</strong></span> 
     </span>
    </p>
   </div>
   <div class='ocr_carea' id='block_1_32' title="bbox 265 1002 374 1035">
    <p class='ocr_par' dir='ltr' id='par_1_32' title="bbox 265 1002 374 1035">
     <span class='ocr_line' id='line_1_32' title="bbox 265 1002 374 1035; baseline 0.009 -8"><span class='ocrx_word' id='word_1_223' title='bbox 265 1002 374 1035; x_wconf 78' lang='lat' dir='ltr'><strong>fuerint.</strong></span> 
     </span>
    </p>
   </div>
   <div class='ocr_carea' id='block_1_33' title="bbox 266 1057 1009 1096">
    <p class='ocr_par' dir='ltr' id='par_1_33' title="bbox 266 1057 1009 1096">
     <span class='ocr_line' id='line_1_33' title="bbox 266 1057 1009 1096; baseline 0.007 -13"><span class='ocrx_word' id='word_1_224' title='bbox 266 1057 350 1084; x_wconf 81' lang='lat' dir='ltr'><strong>Porro</strong></span> <span class='ocrx_word' id='word_1_225' title='bbox 370 1057 417 1084; x_wconf 90' lang='lat' dir='ltr'><strong>ubi</strong></span> <span class='ocrx_word' id='word_1_226' title='bbox 435 1058 579 1093; x_wconf 72' lang='lat' dir='ltr'><strong>prtefectus</strong></span> <span class='ocrx_word' id='word_1_227' title='bbox 607 1060 667 1087; x_wconf 90' lang='lat' dir='ltr'><strong>illos</strong></span> <span class='ocrx_word' id='word_1_228' title='bbox 695 1067 791 1088; x_wconf 87' lang='lat' dir='ltr'><strong>omnes</strong></span> <span class='ocrx_word' id='word_1_229' title='bbox 804 1066 1009 1096; x_wconf 74' lang='lat' dir='ltr'><strong>congregasset,</strong></span> 
     </span>
    </p>
   </div>
   <div class='ocr_carea' id='block_1_34' title="bbox 230 1103 1011 1139">
    <p class='ocr_par' dir='ltr' id='par_1_34' title="bbox 230 1103 1011 1139">
     <span class='ocr_line' id='line_1_34' title="bbox 230 1103 1011 1139; baseline 0.005 -11"><span class='ocrx_word' id='word_1_230' title='bbox 230 1103 405 1137; x_wconf 77' lang='lat' dir='ltr'><strong>imperatoris</strong></span> <span class='ocrx_word' id='word_1_231' title='bbox 430 1103 555 1130; x_wconf 89' lang='lat' dir='ltr'><strong>mandata</strong></span> <span class='ocrx_word' id='word_1_232' title='bbox 575 1105 600 1130; x_wconf 93' lang='lat' dir='ltr'><strong>in</strong></span> <span class='ocrx_word' id='word_1_233' title='bbox 629 1105 749 1131; x_wconf 83' lang='lat' dir='ltr'><strong>medium</strong></span> <span class='ocrx_word' id='word_1_234' title='bbox 766 1106 889 1139; x_wconf 86' lang='lat' dir='ltr'><strong>protulit,</strong></span> <span class='ocrx_word' id='word_1_235' title='bbox 906 1106 1011 1132; x_wconf 80' lang='lat' dir='ltr'><strong>leuibus</strong></span> 
     </span>
    </p>
   </div>
   <div class='ocr_carea' id='block_1_35' title="bbox 231 1148 1011 1184">
    <p class='ocr_par' dir='ltr' id='par_1_35' title="bbox 231 1148 1011 1184">
     <span class='ocr_line' id='line_1_35' title="bbox 231 1148 1011 1184; baseline 0.004 -10"><span class='ocrx_word' id='word_1_236' title='bbox 231 1153 312 1174; x_wconf 79' lang='lat' dir='ltr'><strong>utens</strong></span> <span class='ocrx_word' id='word_1_237' title='bbox 330 1148 430 1177; x_wconf 86' lang='lat' dir='ltr'><strong>verbis,</strong></span> <span class='ocrx_word' id='word_1_238' title='bbox 464 1149 650 1184; x_wconf 88' lang='lat' dir='ltr'><strong>stolidumque</strong></span> <span class='ocrx_word' id='word_1_239' title='bbox 681 1157 741 1177; x_wconf 87' lang='lat' dir='ltr'><strong>esse</strong></span> <span class='ocrx_word' id='word_1_240' title='bbox 756 1151 868 1182; x_wconf 85' lang='lat' dir='ltr'><strong>dicens,</strong></span> <span class='ocrx_word' id='word_1_241' title='bbox 890 1158 937 1177; x_wconf 89' lang='lat' dir='ltr'><strong>eos</strong></span> <span class='ocrx_word' id='word_1_242' title='bbox 958 1156 1011 1177; x_wconf 89' lang='lat' dir='ltr'><strong>tam</strong></span> 
     </span>
    </p>
   </div>
   <div class='ocr_carea' id='block_1_36' title="bbox 195 1194 1010 1236">
    <p class='ocr_par' dir='ltr' id='par_1_36' title="bbox 195 1194 1010 1236">
     <span class='ocr_line' id='line_1_36' title="bbox 195 1194 1010 1236; baseline 0.004 -17"><span class='ocrx_word' id='word_1_243' title='bbox 195 1228 204 1236; x_wconf 51' lang='lat'>.</span> <span class='ocrx_word' id='word_1_244' title='bbox 233 1201 334 1228; x_wconf 85' lang='lat' dir='ltr'><strong>paucos</strong></span> <span class='ocrx_word' id='word_1_245' title='bbox 348 1199 375 1220; x_wconf 90' lang='lat' dir='ltr'><strong>et</strong></span> <span class='ocrx_word' id='word_1_246' title='bbox 395 1194 546 1222; x_wconf 86' lang='lat' dir='ltr'><strong>imbecilles</strong></span> <span class='ocrx_word' id='word_1_247' title='bbox 562 1196 686 1222; x_wconf 82' lang='lat' dir='ltr'><strong>homines</strong></span> <span class='ocrx_word' id='word_1_248' title='bbox 707 1201 801 1223; x_wconf 88' lang='lat' dir='ltr'><strong>contra</strong></span> <span class='ocrx_word' id='word_1_249' title='bbox 818 1197 1010 1230; x_wconf 72' lang='lat' dir='ltr'><strong>imperatorem</strong></span> 
     </span>
    </p>
   </div>
   <div class='ocr_carea' id='block_1_37' title="bbox 231 1241 1011 1276">
    <p class='ocr_par' dir='ltr' id='par_1_37' title="bbox 231 1241 1011 1276">
     <span class='ocr_line' id='line_1_37' title="bbox 231 1241 1011 1276; baseline 0.006 -12"><span class='ocrx_word' id='word_1_250' title='bbox 231 1243 347 1270; x_wconf 80' lang='lat' dir='ltr'><strong>tantum,</strong></span> <span class='ocrx_word' id='word_1_251' title='bbox 361 1244 388 1266; x_wconf 84' lang='lat' dir='ltr'><strong>et</strong></span> <span class='ocrx_word' id='word_1_252' title='bbox 404 1244 443 1266; x_wconf 92' lang='lat' dir='ltr'><strong>tot</strong></span> <span class='ocrx_word' id='word_1_253' title='bbox 459 1241 566 1275; x_wconf 87' lang='lat' dir='ltr'><strong>populis</strong></span> <span class='ocrx_word' id='word_1_254' title='bbox 586 1242 763 1276; x_wconf 80' lang='lat' dir='ltr'><strong>imperantem</strong></span> <span class='ocrx_word' id='word_1_255' title='bbox 789 1243 848 1269; x_wconf 88' lang='lat' dir='ltr'><strong>niti.</strong></span> <span class='ocrx_word' id='word_1_256' title='bbox 862 1243 901 1269; x_wconf 94' lang='lat' dir='ltr'><strong>llli</strong></span> <span class='ocrx_word' id='word_1_257' title='bbox 919 1247 1011 1269; x_wconf 86' lang='lat' dir='ltr'><strong>autem</strong></span> 
     </span>
    </p>
   </div>
   <div class='ocr_carea' id='block_1_38' title="bbox 233 1286 1012 1323">
    <p class='ocr_par' dir='ltr' id='par_1_38' title="bbox 233 1286 1012 1323">
     <span class='ocr_line' id='line_1_38' title="bbox 233 1286 1012 1323; baseline 0.004 -12"><span class='ocrx_word' id='word_1_258' title='bbox 233 1286 308 1312; x_wconf 83' lang='lat' dir='ltr'><strong>taciti</strong></span> <span class='ocrx_word' id='word_1_259' title='bbox 326 1294 420 1313; x_wconf 89' lang='lat' dir='ltr'><strong>omnes</strong></span> <span class='ocrx_word' id='word_1_260' title='bbox 436 1287 593 1319; x_wconf 85' lang='lat' dir='ltr'><strong>constitere,</strong></span> <span class='ocrx_word' id='word_1_261' title='bbox 618 1289 646 1315; x_wconf 91' lang='lat' dir='ltr'><strong>in</strong></span> <span class='ocrx_word' id='word_1_262' title='bbox 663 1288 761 1315; x_wconf 76' lang='lat' dir='ltr'><strong>ducetur</strong></span> <span class='ocrx_word' id='word_1_263' title='bbox 777 1296 855 1315; x_wconf 91' lang='lat' dir='ltr'><strong>suum</strong></span> <span class='ocrx_word' id='word_1_264' title='bbox 871 1288 1012 1323; x_wconf 76' lang='lat' dir='ltr'><strong>(Eulogius</strong></span> 
     </span>
    </p>
   </div>
   <div class='ocr_carea' id='block_1_39' title="bbox 232 1331 1010 1368">
    <p class='ocr_par' dir='ltr' id='par_1_39' title="bbox 232 1331 1010 1368">
     <span class='ocr_line' id='line_1_39' title="bbox 232 1331 1010 1368; baseline 0.003 -11"><span class='ocrx_word' id='word_1_265' title='bbox 232 1331 258 1358; x_wconf 84' lang='lat' dir='ltr'><strong>is</strong></span> <span class='ocrx_word' id='word_1_266' title='bbox 271 1336 340 1363; x_wconf 88' lang='lat' dir='ltr'><strong>erat,</strong></span> <span class='ocrx_word' id='word_1_267' title='bbox 363 1332 404 1358; x_wconf 86' lang='lat' dir='ltr'><strong>vir</strong></span> <span class='ocrx_word' id='word_1_268' title='bbox 418 1332 473 1358; x_wconf 83' lang='lat' dir='ltr'><strong>vita</strong></span> <span class='ocrx_word' id='word_1_269' title='bbox 491 1333 571 1359; x_wconf 85' lang='lat' dir='ltr'><strong>simul</strong></span> <span class='ocrx_word' id='word_1_270' title='bbox 588 1337 614 1359; x_wconf 89' lang='lat' dir='ltr'><strong>et</strong></span> <span class='ocrx_word' id='word_1_271' title='bbox 632 1333 754 1360; x_wconf 89' lang='lat' dir='ltr'><strong>doctrina</strong></span> <span class='ocrx_word' id='word_1_272' title='bbox 777 1333 938 1368; x_wconf 74' lang='lat' dir='ltr'><strong>condignam</strong></span> <span class='ocrx_word' id='word_1_273' title='bbox 955 1334 1010 1359; x_wconf 90' lang='lat' dir='ltr'><strong>lau-</strong></span> 
     </span>
    </p>
   </div>
   <div class='ocr_carea' id='block_1_40' title="bbox 232 1378 1014 1414">
    <p class='ocr_par' dir='ltr' id='par_1_40' title="bbox 232 1378 1014 1414">
     <span class='ocr_line' id='line_1_40' title="bbox 232 1378 1014 1414; baseline 0.003 -10"><span class='ocrx_word' id='word_1_274' title='bbox 232 1378 294 1405; x_wconf 84' lang='lat' dir='ltr'><strong>dem</strong></span> <span class='ocrx_word' id='word_1_275' title='bbox 308 1379 479 1414; x_wconf 86' lang='lat' dir='ltr'><strong>consecutus)</strong></span> <span class='ocrx_word' id='word_1_276' title='bbox 497 1383 698 1414; x_wconf 84' lang='lat' dir='ltr'><strong>respectantes.</strong></span> <span class='ocrx_word' id='word_1_277' title='bbox 714 1379 752 1406; x_wconf 81' lang='lat' dir='ltr'><strong>Ad</strong></span> <span class='ocrx_word' id='word_1_278' title='bbox 768 1380 842 1406; x_wconf 83' lang='lat' dir='ltr'><strong>hunc</strong></span> <span class='ocrx_word' id='word_1_279' title='bbox 860 1380 943 1411; x_wconf 60' lang='lat' dir='ltr'><strong>igitur</strong></span> <span class='ocrx_word' id='word_1_280' title='bbox 959 1379 1014 1406; x_wconf 87' lang='grc' dir='ltr'><strong>Μο-</strong></span> 
     </span>
    </p>
   </div>
   <div class='ocr_carea' id='block_1_41' title="bbox 233 1422 1013 1459">
    <p class='ocr_par' dir='ltr' id='par_1_41' title="bbox 233 1422 1013 1459">
     <span class='ocr_line' id='line_1_41' title="bbox 233 1422 1013 1459; baseline 0.003 -10"><span class='ocrx_word' id='word_1_281' title='bbox 233 1422 326 1450; x_wconf 80' lang='lat' dir='ltr'><strong>destus</strong></span> <span class='ocrx_word' id='word_1_282' title='bbox 341 1431 502 1450; x_wconf 84' lang='lat' dir='ltr'><strong>conversus:</strong></span> <span class='ocrx_word' id='word_1_283' title='bbox 515 1424 585 1456; x_wconf 86' lang='lat' dir='ltr'><strong>Quid</strong></span> <span class='ocrx_word' id='word_1_284' title='bbox 600 1425 636 1451; x_wconf 86' lang='lat' dir='ltr'><strong>ita</strong></span> <span class='ocrx_word' id='word_1_285' title='bbox 650 1424 769 1455; x_wconf 88' lang='lat' dir='ltr'><strong>tandem,</strong></span> <span class='ocrx_word' id='word_1_286' title='bbox 783 1425 881 1459; x_wconf 74' lang='lat' dir='ltr'><strong>inquit,</strong></span> <span class='ocrx_word' id='word_1_287' title='bbox 893 1433 909 1451; x_wconf 94' lang='lat' dir='ltr'><strong>o</strong></span> <span class='ocrx_word' id='word_1_288' title='bbox 920 1433 1013 1457; x_wconf 79' lang='lat' dir='ltr'><strong>senex.</strong></span> 
     </span>
    </p>
   </div>
   <div class='ocr_carea' id='block_1_42' title="bbox 234 1468 1014 1504">
    <p class='ocr_par' dir='ltr' id='par_1_42' title="bbox 234 1468 1014 1504">
     <span class='ocr_line' id='line_1_42' title="bbox 234 1468 1014 1504; baseline 0.003 -10"><span class='ocrx_word' id='word_1_289' title='bbox 234 1475 288 1494; x_wconf 88' lang='lat' dir='ltr'><strong>non</strong></span> <span class='ocrx_word' id='word_1_290' title='bbox 318 1468 488 1503; x_wconf 85' lang='lat' dir='ltr'><strong>respondes?</strong></span> <span class='ocrx_word' id='word_1_291' title='bbox 514 1470 606 1503; x_wconf 82' lang='lat' dir='ltr'><strong>Atqui,</strong></span> <span class='ocrx_word' id='word_1_292' title='bbox 635 1470 777 1504; x_wconf 87' lang='lat' dir='ltr'><strong>respondit</strong></span> <span class='ocrx_word' id='word_1_293' title='bbox 802 1470 858 1502; x_wconf 85' lang='lat' dir='ltr'><strong>ille,</strong></span> <span class='ocrx_word' id='word_1_294' title='bbox 881 1478 1014 1504; x_wconf 86' lang='lat' dir='ltr'><strong>responso</strong></span> 
     </span>
    </p>
   </div>
   <div class='ocr_carea' id='block_1_43' title="bbox 1340 851 1555 878">
    <p class='ocr_par' dir='ltr' id='par_1_43' title="bbox 1340 851 1555 878">
     <span class='ocr_line' id='line_1_43' title="bbox 1340 851 1555 878; baseline 0 0"><span class='ocrx_word' id='word_1_295' title='bbox 1340 852 1361 877; x_wconf 82' lang='grc' dir='ltr'>Κ</span> <span class='ocrx_word' id='word_1_296' title='bbox 1368 853 1464 878; x_wconf 68' lang='grc' dir='ltr'><strong>ΕΦᾹΑ.</strong></span> <span class='ocrx_word' id='word_1_297' title='bbox 1492 851 1555 878; x_wconf 76' lang='lat' dir='ltr'><strong>Kl&quot;.</strong></span> 
     </span>
    </p>
   </div>
   <div class='ocr_carea' id='block_1_44' title="bbox 1063 895 1850 929">
    <p class='ocr_par' dir='ltr' id='par_1_44' title="bbox 1063 895 1850 929">
     <span class='ocr_line' id='line_1_44' title="bbox 1063 895 1850 929; baseline -0.003 -6"><span class='ocrx_word' id='word_1_298' title='bbox 1063 897 1129 929; x_wconf 76' lang='grc' dir='ltr'>Περὶ</span> <span class='ocrx_word' id='word_1_299' title='bbox 1152 897 1298 928; x_wconf 63' lang='lat' dir='ltr'><strong>Eiulorl&#39;ov</strong></span> <span class='ocrx_word' id='word_1_300' title='bbox 1323 897 1370 922; x_wconf 75' lang='grc' dir='ltr'>καὶ</span> <span class='ocrx_word' id='word_1_301' title='bbox 1399 896 1619 929; x_wconf 73' lang='grc' dir='ltr'><strong>Πρωτογένους,</strong></span> <span class='ocrx_word' id='word_1_302' title='bbox 1646 895 1684 926; x_wconf 88' lang='grc' dir='ltr'>ὼς</span> <span class='ocrx_word' id='word_1_303' title='bbox 1701 896 1781 928; x_wconf 67' lang='grc' dir='ltr'>ὑπὲρ</span> <span class='ocrx_word' id='word_1_304' title='bbox 1795 895 1850 926; x_wconf 77' lang='grc' dir='ltr'>τῆς</span> 
     </span>
    </p>
   </div>
   <div class='ocr_carea' id='block_1_45' title="bbox 1097 930 1850 964">
    <p class='ocr_par' dir='ltr' id='par_1_45' title="bbox 1097 930 1850 964">
     <span class='ocr_line' id='line_1_45' title="bbox 1097 930 1850 964; baseline -0.003 -7"><span class='ocrx_word' id='word_1_305' title='bbox 1097 933 1225 962; x_wconf 69' lang='grc' dir='ltr'>πίστεως</span> <span class='ocrx_word' id='word_1_306' title='bbox 1238 932 1423 964; x_wconf 75' lang='grc' dir='ltr'><strong>ἠγωνίσαντο</strong></span> <span class='ocrx_word' id='word_1_307' title='bbox 1434 939 1441 946; x_wconf 88' lang='grc'><strong>·</strong></span> <span class='ocrx_word' id='word_1_308' title='bbox 1459 931 1508 957; x_wconf 76' lang='grc' dir='ltr'>καὶ</span> <span class='ocrx_word' id='word_1_309' title='bbox 1529 931 1601 963; x_wconf 77' lang='grc' dir='ltr'>μετὰ</span> <span class='ocrx_word' id='word_1_310' title='bbox 1622 930 1679 961; x_wconf 74' lang='grc' dir='ltr'><strong>τὴν</strong></span> <span class='ocrx_word' id='word_1_311' title='bbox 1694 931 1850 956; x_wconf 53' lang='grc' dir='ltr'>ἐπάνοδον</span> 
     </span>
    </p>
   </div>
   <div class='ocr_carea' id='block_1_46' title="bbox 1097 964 1852 1000">
    <p class='ocr_par' dir='ltr' id='par_1_46' title="bbox 1097 964 1852 1000">
     <span class='ocr_line' id='line_1_46' title="bbox 1097 964 1852 1000; baseline -0.003 -8"><span class='ocrx_word' id='word_1_312' title='bbox 1097 969 1112 992; x_wconf 88' lang='lat' dir='ltr'><strong>o&#39;</strong></span> <span class='ocrx_word' id='word_1_313' title='bbox 1127 967 1184 1000; x_wconf 76' lang='grc' dir='ltr'><strong>μὲν</strong></span> <span class='ocrx_word' id='word_1_314' title='bbox 1201 965 1255 997; x_wconf 75' lang='grc' dir='ltr'>τῆς</span> <span class='ocrx_word' id='word_1_315' title='bbox 1273 965 1473 998; x_wconf 76' lang='grc' dir='ltr'>Ἐδεσσηνὼν.</span> <span class='ocrx_word' id='word_1_316' title='bbox 1496 964 1686 998; x_wconf 69' lang='grc' dir='ltr'>Πρωτογένης</span> <span class='ocrx_word' id='word_1_317' title='bbox 1698 965 1731 990; x_wconf 74' lang='grc' dir='ltr'>δέ</span> <span class='ocrx_word' id='word_1_318' title='bbox 1744 964 1801 998; x_wconf 73' lang='grc' dir='ltr'>τῆς</span> <span class='ocrx_word' id='word_1_319' title='bbox 1818 966 1852 990; x_wconf 74' lang='grc' dir='ltr'>ἐν</span> 
     </span>
    </p>
   </div>
   <div class='ocr_carea' id='block_1_47' title="bbox 1098 1000 1633 1034">
    <p class='ocr_par' dir='ltr' id='par_1_47' title="bbox 1098 1000 1633 1034">
     <span class='ocr_line' id='line_1_47' title="bbox 1098 1000 1633 1034; baseline -0.002 -8"><span class='ocrx_word' id='word_1_320' title='bbox 1098 1000 1225 1034; x_wconf 64' lang='grc' dir='ltr'>Κιιρῤιιῖς</span> <span class='ocrx_word' id='word_1_321' title='bbox 1237 1001 1312 1026; x_wconf 60' lang='lat' dir='ltr'><strong>sicle</strong></span> <span class='ocrx_word' id='word_1_322' title='bbox 1318 1001 1407 1033; x_wconf 84' lang='grc' dir='ltr'>ησίας</span> <span class='ocrx_word' id='word_1_323' title='bbox 1426 1001 1633 1033; x_wconf 79' lang='grc' dir='ltr'><strong>προέστησαν.</strong></span> 
     </span>
    </p>
   </div>
   <div class='ocr_carea' id='block_1_48' title="bbox 1101 1055 1850 1090">
    <p class='ocr_par' dir='ltr' id='par_1_48' title="bbox 1101 1055 1850 1090">
     <span class='ocr_line' id='line_1_48' title="bbox 1101 1055 1850 1090; baseline -0.003 -7"><span class='ocrx_word' id='word_1_324' title='bbox 1101 1058 1180 1084; x_wconf 69' lang='grc' dir='ltr'>Ἐπεὶ</span> <span class='ocrx_word' id='word_1_325' title='bbox 1190 1058 1218 1083; x_wconf 81' lang='grc' dir='ltr'>δὲ</span> <span class='ocrx_word' id='word_1_326' title='bbox 1233 1058 1334 1087; x_wconf 73' lang='grc' dir='ltr'>πάντας</span> <span class='ocrx_word' id='word_1_327' title='bbox 1345 1056 1476 1090; x_wconf 78' lang='grc' dir='ltr'>ἀθροίσας</span> <span class='ocrx_word' id='word_1_328' title='bbox 1489 1055 1522 1082; x_wconf 75' lang='grc' dir='ltr'><strong>τὰ</strong></span> <span class='ocrx_word' id='word_1_329' title='bbox 1539 1056 1576 1090; x_wconf 82' lang='grc' dir='ltr'>τῷ</span> <span class='ocrx_word' id='word_1_330' title='bbox 1587 1055 1694 1088; x_wconf 79' lang='grc' dir='ltr'>βασιλεῖ</span> <span class='ocrx_word' id='word_1_331' title='bbox 1713 1063 1850 1089; x_wconf 73' lang='grc' dir='ltr'>προστατ-</span> 
     </span>
    </p>
   </div>
   <div class='ocr_carea' id='block_1_49' title="bbox 1062 1102 1850 1139">
    <p class='ocr_par' dir='ltr' id='par_1_49' title="bbox 1062 1102 1850 1139">
     <span class='ocr_line' id='line_1_49' title="bbox 1062 1102 1850 1139; baseline -0.004 -9"><span class='ocrx_word' id='word_1_332' title='bbox 1062 1105 1161 1139; x_wconf 71' lang='grc' dir='ltr'>τόμενα</span> <span class='ocrx_word' id='word_1_333' title='bbox 1175 1105 1214 1134; x_wconf 70' lang='grc' dir='ltr'><strong>εἰς</strong></span> <span class='ocrx_word' id='word_1_334' title='bbox 1230 1105 1311 1138; x_wconf 78' lang='grc' dir='ltr'>μέσον</span> <span class='ocrx_word' id='word_1_335' title='bbox 1324 1103 1417 1134; x_wconf 76' lang='grc' dir='ltr'>ἐτίθει,</span> <span class='ocrx_word' id='word_1_336' title='bbox 1434 1103 1526 1137; x_wconf 80' lang='grc' dir='ltr'>ὴπίοις</span> <span class='ocrx_word' id='word_1_337' title='bbox 1541 1102 1577 1129; x_wconf 73' lang='grc' dir='ltr'><strong>τὰ.</strong></span> <span class='ocrx_word' id='word_1_338' title='bbox 1597 1102 1693 1137; x_wconf 79' lang='grc' dir='ltr'>πρῶτα</span> <span class='ocrx_word' id='word_1_339' title='bbox 1705 1103 1850 1136; x_wconf 82' lang='grc' dir='ltr'>χρώμενος</span> 
     </span>
    </p>
   </div>
   <div class='ocr_carea' id='block_1_50' title="bbox 1063 1147 1850 1184">
    <p class='ocr_par' dir='ltr' id='par_1_50' title="bbox 1063 1147 1850 1184">
     <span class='ocr_line' id='line_1_50' title="bbox 1063 1147 1850 1184; baseline -0.005 -8"><span class='ocrx_word' id='word_1_340' title='bbox 1063 1151 1152 1183; x_wconf 79' lang='grc' dir='ltr'>λόγοις</span> <span class='ocrx_word' id='word_1_341' title='bbox 1168 1158 1174 1164; x_wconf 76' lang='lat'>&#39;</span> <span class='ocrx_word' id='word_1_342' title='bbox 1192 1150 1297 1184; x_wconf 71' lang='grc' dir='ltr'>ἠλίθιον</span> <span class='ocrx_word' id='word_1_343' title='bbox 1327 1150 1380 1183; x_wconf 86' lang='grc' dir='ltr'><strong>γὰρ</strong></span> <span class='ocrx_word' id='word_1_344' title='bbox 1403 1147 1472 1174; x_wconf 77' lang='grc' dir='ltr'>εἶναι</span> <span class='ocrx_word' id='word_1_345' title='bbox 1497 1149 1573 1182; x_wconf 74' lang='grc' dir='ltr'>ἔλεγε</span> <span class='ocrx_word' id='word_1_346' title='bbox 1599 1148 1704 1182; x_wconf 83' lang='grc' dir='ltr'>βασιλεῖ</span> <span class='ocrx_word' id='word_1_347' title='bbox 1729 1148 1850 1181; x_wconf 73' lang='grc' dir='ltr'>τοσούτῳ</span> 
     </span>
    </p>
   </div>
   <div class='ocr_carea' id='block_1_51' title="bbox 1063 1193 1852 1229">
    <p class='ocr_par' dir='ltr' id='par_1_51' title="bbox 1063 1193 1852 1229">
     <span class='ocr_line' id='line_1_51' title="bbox 1063 1193 1852 1229; baseline -0.006 -6"><span class='ocrx_word' id='word_1_348' title='bbox 1063 1199 1110 1223; x_wconf 87' lang='grc' dir='ltr'>καὶ</span> <span class='ocrx_word' id='word_1_349' title='bbox 1127 1196 1263 1222; x_wconf 67' lang='grc' dir='ltr'>τοσούτων</span> <span class='ocrx_word' id='word_1_350' title='bbox 1284 1196 1458 1229; x_wconf 81' lang='grc' dir='ltr'>κατάρχοντι,</span> <span class='ocrx_word' id='word_1_351' title='bbox 1477 1194 1654 1229; x_wconf 72' lang='grc' dir='ltr'><strong>βραχυτάτοις</strong></span> <span class='ocrx_word' id='word_1_352' title='bbox 1669 1193 1758 1224; x_wconf 77' lang='grc' dir='ltr'>οὓτως</span> <span class='ocrx_word' id='word_1_353' title='bbox 1779 1194 1852 1218; x_wconf 63' lang='grc' dir='ltr'>ἀκτι-</span> 
     </span>
    </p>
   </div>
   <div class='ocr_carea' id='block_1_52' title="bbox 1063 1237 1851 1276">
    <p class='ocr_par' dir='ltr' id='par_1_52' title="bbox 1063 1237 1851 1276">
     <span class='ocr_line' id='line_1_52' title="bbox 1063 1237 1851 1276; baseline -0.008 -7"><span class='ocrx_word' id='word_1_354' title='bbox 1063 1243 1161 1269; x_wconf 80' lang='grc' dir='ltr'>τείνειν</span> <span class='ocrx_word' id='word_1_355' title='bbox 1174 1242 1342 1276; x_wconf 79' lang='grc' dir='ltr'>ἀνθρώποις·</span> <span class='ocrx_word' id='word_1_356' title='bbox 1357 1241 1394 1271; x_wconf 86' lang='grc' dir='ltr'><strong>ὡς</strong></span> <span class='ocrx_word' id='word_1_357' title='bbox 1406 1241 1428 1266; x_wconf 79' lang='grc' dir='ltr'>δ’</span> <span class='ocrx_word' id='word_1_358' title='bbox 1443 1240 1560 1270; x_wconf 73' lang='grc' dir='ltr'>ἅπαντες</span> <span class='ocrx_word' id='word_1_359' title='bbox 1570 1241 1599 1266; x_wconf 76' lang='grc' dir='ltr'>ἐν</span> <span class='ocrx_word' id='word_1_360' title='bbox 1616 1241 1678 1273; x_wconf 85' lang='grc' dir='ltr'>σιγῇ</span> <span class='ocrx_word' id='word_1_361' title='bbox 1691 1237 1851 1273; x_wconf 69' lang='grc' dir='ltr'>ἦσαν,πρδς</span> 
     </span>
    </p>
   </div>
   <div class='ocr_carea' id='block_1_53' title="bbox 1064 1284 1851 1321">
    <p class='ocr_par' dir='ltr' id='par_1_53' title="bbox 1064 1284 1851 1321">
     <span class='ocr_line' id='line_1_53' title="bbox 1064 1284 1851 1321; baseline -0.008 -6"><span class='ocrx_word' id='word_1_362' title='bbox 1064 1291 1109 1315; x_wconf 70' lang='grc' dir='ltr'>τὸν</span> <span class='ocrx_word' id='word_1_363' title='bbox 1136 1288 1237 1314; x_wconf 76' lang='grc' dir='ltr'>τούτων</span> <span class='ocrx_word' id='word_1_364' title='bbox 1265 1287 1415 1321; x_wconf 76' lang='grc' dir='ltr'>ἡγούμενον</span> <span class='ocrx_word' id='word_1_365' title='bbox 1439 1286 1594 1320; x_wconf 79' lang='grc' dir='ltr'><strong>ἀφορῶντες</strong></span> <span class='ocrx_word' id='word_1_366' title='bbox 1613 1284 1851 1319; x_wconf 52' lang='lat' dir='ltr'><strong>(Eoi/1110:0520;</strong></span> 
     </span>
    </p>
   </div>
   <div class='ocr_carea' id='block_1_54' title="bbox 1064 1329 1850 1368">
    <p class='ocr_par' dir='ltr' id='par_1_54' title="bbox 1064 1329 1850 1368">
     <span class='ocr_line' id='line_1_54' title="bbox 1064 1329 1850 1368; baseline -0.006 -10"><span class='ocrx_word' id='word_1_367' title='bbox 1064 1331 1108 1368; x_wconf 79' lang='grc' dir='ltr'>ἦν,</span> <span class='ocrx_word' id='word_1_368' title='bbox 1118 1333 1186 1367; x_wconf 74' lang='grc' dir='ltr'>ἀνὴρ</span> <span class='ocrx_word' id='word_1_369' title='bbox 1194 1332 1242 1366; x_wconf 75' lang='grc' dir='ltr'>βίῳ</span> <span class='ocrx_word' id='word_1_370' title='bbox 1252 1333 1296 1357; x_wconf 68' lang='grc' dir='ltr'>καὶ</span> <span class='ocrx_word' id='word_1_371' title='bbox 1306 1331 1377 1365; x_wconf 82' lang='grc' dir='ltr'>λόγῳ</span> <span class='ocrx_word' id='word_1_372' title='bbox 1390 1331 1419 1356; x_wconf 77' lang='grc' dir='ltr'>τὸ</span> <span class='ocrx_word' id='word_1_373' title='bbox 1433 1329 1688 1363; x_wconf 76' lang='grc' dir='ltr'>ἁξιέπαινονὲχων)·</span> <span class='ocrx_word' id='word_1_374' title='bbox 1699 1330 1713 1354; x_wconf 80' lang='grc' dir='ltr'>ὁ</span> <span class='ocrx_word' id='word_1_375' title='bbox 1725 1329 1850 1362; x_wconf 75' lang='grc' dir='ltr'>ὗπαρχος</span> 
     </span>
    </p>
   </div>
   <div class='ocr_carea' id='block_1_55' title="bbox 1065 1374 1854 1411">
    <p class='ocr_par' dir='ltr' id='par_1_55' title="bbox 1065 1374 1854 1411">
     <span class='ocr_line' id='line_1_55' title="bbox 1065 1374 1854 1411; baseline -0.006 -7"><span class='ocrx_word' id='word_1_376' title='bbox 1065 1378 1131 1410; x_wconf 76' lang='grc' dir='ltr'>πρὸς</span> <span class='ocrx_word' id='word_1_377' title='bbox 1141 1379 1242 1404; x_wconf 77' lang='grc' dir='ltr'>ἐκεῖνον</span> <span class='ocrx_word' id='word_1_378' title='bbox 1253 1376 1392 1411; x_wconf 48' lang='grc' dir='ltr'>πραχθεὶς,</span> <span class='ocrx_word' id='word_1_379' title='bbox 1401 1376 1470 1409; x_wconf 76' lang='grc' dir='ltr'>Τίδή</span> <span class='ocrx_word' id='word_1_380' title='bbox 1481 1383 1555 1407; x_wconf 86' lang='grc' dir='ltr'>ποτε,</span> <span class='ocrx_word' id='word_1_381' title='bbox 1563 1374 1626 1409; x_wconf 78' lang='grc' dir='ltr'>ἔφη,</span> <span class='ocrx_word' id='word_1_382' title='bbox 1637 1374 1792 1408; x_wconf 75' lang='grc' dir='ltr'>πρεσϐύτα,</span> <span class='ocrx_word' id='word_1_383' title='bbox 1803 1375 1854 1399; x_wconf 62' lang='grc' dir='ltr'>οὐκ</span> 
     </span>
    </p>
   </div>
   <div class='ocr_carea' id='block_1_56' title="bbox 1065 1418 1854 1459">
    <p class='ocr_par' dir='ltr' id='par_1_56' title="bbox 1065 1418 1854 1459">
     <span class='ocr_line' id='line_1_56' title="bbox 1065 1418 1854 1459; baseline -0.006 -10"><span class='ocrx_word' id='word_1_384' title='bbox 1065 1425 1217 1459; x_wconf 79' lang='grc' dir='ltr'>ἀποκρίνῃ;</span> <span class='ocrx_word' id='word_1_385' title='bbox 1237 1423 1265 1448; x_wconf 92' lang='lat'><strong>&#39;0</strong></span> <span class='ocrx_word' id='word_1_386' title='bbox 1301 1423 1339 1455; x_wconf 76' lang='grc' dir='ltr'>δὲ,</span> <span class='ocrx_word' id='word_1_387' title='bbox 1360 1423 1416 1448; x_wconf 70' lang='grc' dir='ltr'>Οὐκ</span> <span class='ocrx_word' id='word_1_388' title='bbox 1444 1421 1535 1456; x_wconf 76' lang='grc' dir='ltr'>οἴομαι</span> <span class='ocrx_word' id='word_1_389' title='bbox 1562 1421 1621 1446; x_wconf 79' lang='grc' dir='ltr'>δέον</span> <span class='ocrx_word' id='word_1_390' title='bbox 1650 1418 1733 1451; x_wconf 74' lang='grc' dir='ltr'>εἶναι,</span> <span class='ocrx_word' id='word_1_391' title='bbox 1767 1420 1854 1454; x_wconf 71' lang='grc' dir='ltr'>μηδὲν</span> 
     </span>
    </p>
   </div>
   <div class='ocr_carea' id='block_1_57' title="bbox 1065 1466 1855 1504">
    <p class='ocr_par' dir='ltr' id='par_1_57' title="bbox 1065 1466 1855 1504">
     <span class='ocr_line' id='line_1_57' title="bbox 1065 1466 1855 1504; baseline -0.005 -9"><span class='ocrx_word' id='word_1_392' title='bbox 1065 1469 1250 1504; x_wconf 73' lang='grc' dir='ltr'>ἐρωτώμενος,</span> <span class='ocrx_word' id='word_1_393' title='bbox 1266 1468 1474 1503; x_wconf 74' lang='grc' dir='ltr'>ἀποκρίνεσθαι,</span> <span class='ocrx_word' id='word_1_394' title='bbox 1494 1468 1549 1493; x_wconf 82' lang='grc' dir='ltr'><strong>Καὶ</strong></span> <span class='ocrx_word' id='word_1_395' title='bbox 1576 1466 1628 1501; x_wconf 73' lang='grc' dir='ltr'>μὴν</span> <span class='ocrx_word' id='word_1_396' title='bbox 1651 1467 1768 1497; x_wconf 71' lang='grc' dir='ltr'>ἐκεῖνος,</span> <span class='ocrx_word' id='word_1_397' title='bbox 1784 1466 1855 1492; x_wconf 83' lang='grc' dir='ltr'>Πολ-</span> 
     </span>
    </p>
   </div>
   <div class='ocr_carea' id='block_1_58' title="bbox 234 1511 1014 1550">
    <p class='ocr_par' dir='ltr' id='par_1_58' title="bbox 234 1513 1013 1550">
     <span class='ocr_line' id='line_1_58' title="bbox 234 1513 1013 1550; baseline 0.004 -11"><span class='ocrx_word' id='word_1_398' title='bbox 234 1513 303 1540; x_wconf 92' lang='lat' dir='ltr'><strong>nihil</strong></span> <span class='ocrx_word' id='word_1_399' title='bbox 318 1521 386 1548; x_wconf 89' lang='lat' dir='ltr'><strong>opus</strong></span> <span class='ocrx_word' id='word_1_400' title='bbox 410 1522 481 1547; x_wconf 89' lang='lat' dir='ltr'><strong>esse,</strong></span> <span class='ocrx_word' id='word_1_401' title='bbox 498 1515 545 1549; x_wconf 90' lang='lat' dir='ltr'><strong>qui</strong></span> <span class='ocrx_word' id='word_1_402' title='bbox 568 1516 752 1550; x_wconf 83' lang='lat' dir='ltr'><strong>interrogatus</strong></span> <span class='ocrx_word' id='word_1_403' title='bbox 775 1524 829 1543; x_wconf 88' lang='lat' dir='ltr'><strong>non</strong></span> <span class='ocrx_word' id='word_1_404' title='bbox 847 1524 947 1549; x_wconf 81' lang='lat' dir='ltr'><strong>essem,</strong></span> <span class='ocrx_word' id='word_1_405' title='bbox 965 1524 1013 1550; x_wconf 92' lang='lat' dir='ltr'><strong>pu-</strong></span> 
     </span>
    </p>
   </div>
   <div class='ocr_carea' id='block_1_59' title="bbox 1068 1511 1855 1550">
    <p class='ocr_par' dir='ltr' id='par_1_59' title="bbox 1068 1511 1855 1548">
     <span class='ocr_line' id='line_1_59' title="bbox 1068 1511 1855 1548; baseline -0.005 -7"><span class='ocrx_word' id='word_1_406' title='bbox 1068 1515 1137 1546; x_wconf 77' lang='grc' dir='ltr'>λοὺς,</span> <span class='ocrx_word' id='word_1_407' title='bbox 1154 1515 1229 1548; x_wconf 77' lang='grc' dir='ltr'>φησὶ,</span> <span class='ocrx_word' id='word_1_408' title='bbox 1246 1514 1419 1548; x_wconf 73' lang='grc' dir='ltr'><strong>διεξελήλυθα</strong></span> <span class='ocrx_word' id='word_1_409' title='bbox 1432 1513 1540 1546; x_wconf 81' lang='grc' dir='ltr'>λόγους,</span> <span class='ocrx_word' id='word_1_410' title='bbox 1555 1513 1589 1538; x_wconf 70' lang='grc' dir='ltr'><strong>τὰ</strong></span> <span class='ocrx_word' id='word_1_411' title='bbox 1610 1511 1770 1538; x_wconf 76' lang='grc' dir='ltr'>συνοίσοντα</span> <span class='ocrx_word' id='word_1_412' title='bbox 1786 1512 1855 1545; x_wconf 79' lang='grc' dir='ltr'>ὑμῖν</span> 
     </span>
    </p>
   </div>
   <div class='ocr_carea' id='block_1_60' title="bbox 234 1558 1015 1596">
    <p class='ocr_par' dir='ltr' id='par_1_60' title="bbox 234 1558 1015 1596">
     <span class='ocr_line' id='line_1_60' title="bbox 234 1558 1015 1596; baseline 0.005 -12"><span class='ocrx_word' id='word_1_413' title='bbox 234 1558 300 1585; x_wconf 71' lang='grc' dir='ltr'>ιονί.</span> <span class='ocrx_word' id='word_1_414' title='bbox 317 1559 435 1586; x_wconf 82' lang='lat' dir='ltr'><strong>Rursum</strong></span> <span class='ocrx_word' id='word_1_415' title='bbox 448 1561 593 1594; x_wconf 65' lang='lat' dir='ltr'><strong>praefectus</strong></span> <span class='ocrx_word' id='word_1_416' title='bbox 613 1570 619 1587; x_wconf 91' lang='lat'>:</span> <span class='ocrx_word' id='word_1_417' title='bbox 636 1561 718 1588; x_wconf 88' lang='lat' dir='ltr'><strong>Multa</strong></span> <span class='ocrx_word' id='word_1_418' title='bbox 740 1567 812 1589; x_wconf 90' lang='lat' dir='ltr'><strong>certe</strong></span> <span class='ocrx_word' id='word_1_419' title='bbox 830 1562 862 1589; x_wconf 87' lang='lat' dir='ltr'><strong>ad</strong></span> <span class='ocrx_word' id='word_1_420' title='bbox 882 1570 940 1594; x_wconf 84' lang='lat' dir='ltr'><strong>vos,</strong></span> <span class='ocrx_word' id='word_1_421' title='bbox 955 1569 1015 1596; x_wconf 67' lang='lat' dir='ltr'><strong>qua:</strong></span> 
     </span>
    </p>
   </div>
   <div class='ocr_carea' id='block_1_61' title="bbox 235 1604 1015 1640">
    <p class='ocr_par' dir='ltr' id='par_1_61' title="bbox 235 1604 1015 1640">
     <span class='ocr_line' id='line_1_61' title="bbox 235 1604 1015 1640; baseline 0.005 -11"><span class='ocrx_word' id='word_1_422' title='bbox 235 1604 312 1630; x_wconf 82' lang='lat' dir='ltr'><strong>utilia</strong></span> <span class='ocrx_word' id='word_1_423' title='bbox 335 1605 414 1632; x_wconf 83' lang='lat' dir='ltr'><strong>vobis</strong></span> <span class='ocrx_word' id='word_1_424' title='bbox 436 1611 538 1638; x_wconf 85' lang='lat' dir='ltr'><strong>essent,</strong></span> <span class='ocrx_word' id='word_1_425' title='bbox 566 1614 724 1640; x_wconf 83' lang='lat' dir='ltr'><strong>exponens,</strong></span> <span class='ocrx_word' id='word_1_426' title='bbox 756 1608 839 1634; x_wconf 83' lang='lat' dir='ltr'><strong>verba</strong></span> <span class='ocrx_word' id='word_1_427' title='bbox 860 1607 921 1634; x_wconf 83' lang='lat' dir='ltr'><strong>ieci.</strong></span> <span class='ocrx_word' id='word_1_428' title='bbox 947 1608 1015 1634; x_wconf 87' lang='lat' dir='ltr'><strong>Tum</strong></span> 
     </span>
    </p>
   </div>
   <div class='ocr_carea' id='block_1_62' title="bbox 236 1649 1015 1685">
    <p class='ocr_par' dir='ltr' id='par_1_62' title="bbox 236 1649 1015 1685">
     <span class='ocr_line' id='line_1_62' title="bbox 236 1649 1015 1685; baseline 0.006 -10"><span class='ocrx_word' id='word_1_429' title='bbox 236 1649 367 1684; x_wconf 80' lang='lat' dir='ltr'><strong>Eulogius</strong></span> <span class='ocrx_word' id='word_1_430' title='bbox 384 1660 390 1676; x_wconf 88' lang='lat'>:</span> <span class='ocrx_word' id='word_1_431' title='bbox 410 1649 457 1677; x_wconf 75' lang='lat' dir='ltr'><strong>Ilia</strong></span> <span class='ocrx_word' id='word_1_432' title='bbox 472 1651 583 1685; x_wconf 76' lang='lat' dir='ltr'><strong>quidem</strong></span> <span class='ocrx_word' id='word_1_433' title='bbox 612 1652 644 1678; x_wconf 84' lang='lat' dir='ltr'><strong>ad</strong></span> <span class='ocrx_word' id='word_1_434' title='bbox 674 1654 816 1680; x_wconf 81' lang='lat' dir='ltr'><strong>universos</strong></span> <span class='ocrx_word' id='word_1_435' title='bbox 842 1660 905 1680; x_wconf 88' lang='lat' dir='ltr'><strong>sunt</strong></span> <span class='ocrx_word' id='word_1_436' title='bbox 932 1653 1015 1680; x_wconf 87' lang='lat' dir='ltr'><strong>dicta.</strong></span> 
     </span>
    </p>
   </div>
   <div class='ocr_carea' id='block_1_63' title="bbox 236 1694 1021 1734">
    <p class='ocr_par' dir='ltr' id='par_1_63' title="bbox 236 1694 1021 1734">
     <span class='ocr_line' id='line_1_63' title="bbox 236 1694 1021 1734; baseline 0.005 -13"><span class='ocrx_word' id='word_1_437' title='bbox 236 1694 292 1729; x_wconf 80' lang='lat' dir='ltr'><strong>Ego</strong></span> <span class='ocrx_word' id='word_1_438' title='bbox 304 1699 393 1722; x_wconf 86' lang='lat' dir='ltr'><strong>autem</strong></span> <span class='ocrx_word' id='word_1_439' title='bbox 411 1695 532 1730; x_wconf 88' lang='lat' dir='ltr'><strong>ineptum</strong></span> <span class='ocrx_word' id='word_1_440' title='bbox 549 1704 607 1723; x_wconf 89' lang='lat' dir='ltr'><strong>esse</strong></span> <span class='ocrx_word' id='word_1_441' title='bbox 626 1698 789 1730; x_wconf 80' lang='lat' dir='ltr'><strong>existimavi,</strong></span> <span class='ocrx_word' id='word_1_442' title='bbox 808 1700 828 1724; x_wconf 88' lang='lat' dir='ltr'><strong>si</strong></span> <span class='ocrx_word' id='word_1_443' title='bbox 849 1699 939 1726; x_wconf 86' lang='lat' dir='ltr'><strong>multis</strong></span> <span class='ocrx_word' id='word_1_444' title='bbox 950 1699 1021 1734; x_wconf 83' lang='lat' dir='ltr'><strong>reje-</strong></span> 
     </span>
    </p>
   </div>
   <div class='ocr_carea' id='block_1_64' title="bbox 235 1741 1017 1779">
    <p class='ocr_par' dir='ltr' id='par_1_64' title="bbox 235 1741 1017 1779">
     <span class='ocr_line' id='line_1_64' title="bbox 235 1741 1017 1779; baseline 0.004 -12"><span class='ocrx_word' id='word_1_445' title='bbox 235 1741 298 1771; x_wconf 85' lang='lat' dir='ltr'><strong>ctis,</strong></span> <span class='ocrx_word' id='word_1_446' title='bbox 314 1741 371 1775; x_wconf 86' lang='lat' dir='ltr'><strong>ipse</strong></span> <span class='ocrx_word' id='word_1_447' title='bbox 387 1743 589 1776; x_wconf 84' lang='lat' dir='ltr'><strong>responderem.</strong></span> <span class='ocrx_word' id='word_1_448' title='bbox 607 1743 685 1779; x_wconf 57' lang='lat'><strong>145</strong></span> <span class='ocrx_word' id='word_1_449' title='bbox 713 1743 791 1776; x_wconf 81' lang='lat' dir='ltr'><strong>Quod</strong></span> <span class='ocrx_word' id='word_1_450' title='bbox 810 1745 831 1770; x_wconf 87' lang='lat' dir='ltr'><strong>si</strong></span> <span class='ocrx_word' id='word_1_451' title='bbox 861 1752 905 1771; x_wconf 87' lang='lat' dir='ltr'><strong>me</strong></span> <span class='ocrx_word' id='word_1_452' title='bbox 927 1745 1017 1771; x_wconf 91' lang='lat' dir='ltr'><strong>solum</strong></span> 
     </span>
    </p>
   </div>
   <div class='ocr_carea' id='block_1_65' title="bbox 237 1787 1016 1819">
    <p class='ocr_par' dir='ltr' id='par_1_65' title="bbox 237 1787 1016 1819">
     <span class='ocr_line' id='line_1_65' title="bbox 237 1787 1016 1819; baseline 0.006 -10"><span class='ocrx_word' id='word_1_453' title='bbox 237 1791 430 1818; x_wconf 84' lang='lat' dir='ltr'><strong>percunctatus</strong></span> <span class='ocrx_word' id='word_1_454' title='bbox 446 1787 540 1819; x_wconf 80' lang='lat' dir='ltr'><strong>fueris,</strong></span> <span class='ocrx_word' id='word_1_455' title='bbox 563 1788 636 1814; x_wconf 91' lang='lat' dir='ltr'><strong>illico</strong></span> <span class='ocrx_word' id='word_1_456' title='bbox 657 1789 705 1815; x_wconf 89' lang='lat' dir='ltr'><strong>tibi</strong></span> <span class='ocrx_word' id='word_1_457' title='bbox 736 1790 900 1815; x_wconf 82' lang='lat' dir='ltr'><strong>sententiam</strong></span> <span class='ocrx_word' id='word_1_458' title='bbox 929 1796 1016 1815; x_wconf 86' lang='lat' dir='ltr'><strong>meam</strong></span> 
     </span>
    </p>
   </div>
   <div class='ocr_carea' id='block_1_66' title="bbox 236 1832 1018 1868">
    <p class='ocr_par' dir='ltr' id='par_1_66' title="bbox 236 1832 1018 1868">
     <span class='ocr_line' id='line_1_66' title="bbox 236 1832 1018 1868; baseline 0.004 -11"><span class='ocrx_word' id='word_1_459' title='bbox 236 1837 382 1864; x_wconf 85' lang='lat' dir='ltr'><strong>exponam.</strong></span> <span class='ocrx_word' id='word_1_460' title='bbox 399 1832 436 1859; x_wconf 84' lang='lat' dir='ltr'><strong>lbi</strong></span> <span class='ocrx_word' id='word_1_461' title='bbox 453 1834 596 1867; x_wconf 63' lang='lat' dir='ltr'><strong>praefectus</strong></span> <span class='ocrx_word' id='word_1_462' title='bbox 613 1843 621 1860; x_wconf 83' lang='lat'>:</span> <span class='ocrx_word' id='word_1_463' title='bbox 640 1835 708 1868; x_wconf 78' lang='lat' dir='ltr'><strong>Ergo</strong></span> <span class='ocrx_word' id='word_1_464' title='bbox 727 1839 755 1860; x_wconf 90' lang='lat' dir='ltr'><strong>ut</strong></span> <span class='ocrx_word' id='word_1_465' title='bbox 775 1842 836 1860; x_wconf 91' lang='lat' dir='ltr'><strong>cum</strong></span> <span class='ocrx_word' id='word_1_466' title='bbox 854 1835 1018 1868; x_wconf 82' lang='lat' dir='ltr'><strong>imperatore</strong></span> 
     </span>
    </p>
   </div>
   <div class='ocr_carea' id='block_1_67' title="bbox 240 1875 1019 1913">
    <p class='ocr_par' dir='ltr' id='par_1_67' title="bbox 240 1875 1019 1913">
     <span class='ocr_line' id='line_1_67' title="bbox 240 1875 1019 1913; baseline 0.004 -12"><span class='ocrx_word' id='word_1_467' title='bbox 240 1875 289 1902; x_wconf 78' lang='lat' dir='ltr'><strong>tibi</strong></span> <span class='ocrx_word' id='word_1_468' title='bbox 323 1879 479 1904; x_wconf 88' lang='lat' dir='ltr'><strong>communio</strong></span> <span class='ocrx_word' id='word_1_469' title='bbox 505 1878 550 1909; x_wconf 87' lang='lat' dir='ltr'><strong>sit,</strong></span> <span class='ocrx_word' id='word_1_470' title='bbox 578 1878 670 1906; x_wconf 78' lang='lat' dir='ltr'><strong>facito.</strong></span> <span class='ocrx_word' id='word_1_471' title='bbox 692 1888 702 1904; x_wconf 77' lang='grc' dir='ltr'><strong>ι</strong></span> <span class='ocrx_word' id='word_1_472' title='bbox 719 1878 848 1913; x_wconf 81' lang='lat' dir='ltr'><strong>Eulogius</strong></span> <span class='ocrx_word' id='word_1_473' title='bbox 875 1886 938 1905; x_wconf 91' lang='lat' dir='ltr'><strong>vero</strong></span> <span class='ocrx_word' id='word_1_474' title='bbox 961 1885 1019 1904; x_wconf 83' lang='lat' dir='ltr'><strong>ma-</strong></span> 
     </span>
    </p>
   </div>
   <div class='ocr_carea' id='block_1_68' title="bbox 239 1922 1019 1957">
    <p class='ocr_par' dir='ltr' id='par_1_68' title="bbox 239 1922 1019 1957">
     <span class='ocr_line' id='line_1_68' title="bbox 239 1922 1019 1957; baseline 0.001 -9"><span class='ocrx_word' id='word_1_475' title='bbox 239 1929 290 1956; x_wconf 74' lang='lat' dir='ltr'><strong>gna</strong></span> <span class='ocrx_word' id='word_1_476' title='bbox 306 1930 367 1949; x_wconf 89' lang='lat' dir='ltr'><strong>cum</strong></span> <span class='ocrx_word' id='word_1_477' title='bbox 385 1925 469 1957; x_wconf 74' lang='lat' dir='ltr'><strong>gratia</strong></span> <span class='ocrx_word' id='word_1_478' title='bbox 486 1924 574 1951; x_wconf 80' lang='lat' dir='ltr'><strong>facete</strong></span> <span class='ocrx_word' id='word_1_479' title='bbox 588 1924 734 1951; x_wconf 90' lang='lat' dir='ltr'><strong>admodum</strong></span> <span class='ocrx_word' id='word_1_480' title='bbox 756 1924 881 1951; x_wconf 85' lang='lat' dir='ltr'><strong>arridens</strong></span> <span class='ocrx_word' id='word_1_481' title='bbox 894 1932 901 1950; x_wconf 87' lang='lat'><strong>:</strong></span> <span class='ocrx_word' id='word_1_482' title='bbox 913 1922 1019 1950; x_wconf 70' lang='lat' dir='ltr'><strong>«Oll&#39;ert</strong></span> 
     </span>
    </p>
   </div>
   <div class='ocr_carea' id='block_1_69' title="bbox 238 1962 1018 2005">
    <p class='ocr_par' dir='ltr' id='par_1_69' title="bbox 238 1962 1018 2005">
     <span class='ocr_line' id='line_1_69' title="bbox 238 1962 1018 2005; baseline 0.001 -10"><span class='ocrx_word' id='word_1_483' title='bbox 238 1970 322 2002; x_wconf 84' lang='lat' dir='ltr'><strong>enim,</strong></span> <span class='ocrx_word' id='word_1_484' title='bbox 353 1971 452 2005; x_wconf 87' lang='lat' dir='ltr'><strong>inquit,</strong></span> <span class='ocrx_word' id='word_1_485' title='bbox 468 1975 496 1998; x_wconf 89' lang='lat' dir='ltr'><strong>et</strong></span> <span class='ocrx_word' id='word_1_486' title='bbox 526 1978 578 1997; x_wconf 85' lang='lat' dir='ltr'><strong>una</strong></span> <span class='ocrx_word' id='word_1_487' title='bbox 600 1979 663 1998; x_wconf 90' lang='lat' dir='ltr'><strong>cum</strong></span> <span class='ocrx_word' id='word_1_488' title='bbox 683 1968 807 2005; x_wconf 74' lang='lat' dir='ltr'><strong>imperio</strong></span> <span class='ocrx_word' id='word_1_489' title='bbox 834 1962 1018 1998; x_wconf 73' lang='lat' dir='ltr'><strong>Sacerdotium</strong></span> 
     </span>
    </p>
   </div>
   <div class='ocr_carea' id='block_1_70' title="bbox 238 2016 1019 2051">
    <p class='ocr_par' dir='ltr' id='par_1_70' title="bbox 238 2016 1019 2051">
     <span class='ocr_line' id='line_1_70' title="bbox 238 2016 1019 2051; baseline 0.001 -10"><span class='ocrx_word' id='word_1_490' title='bbox 238 2020 348 2050; x_wconf 81' lang='lat' dir='ltr'><strong>quoque</strong></span> <span class='ocrx_word' id='word_1_491' title='bbox 371 2017 485 2043; x_wconf 87' lang='lat' dir='ltr'><strong>sortitus</strong></span> <span class='ocrx_word' id='word_1_492' title='bbox 507 2021 549 2044; x_wconf 86' lang='lat' dir='ltr'><strong>est</strong></span> <span class='ocrx_word' id='word_1_493' title='bbox 569 2017 617 2051; x_wconf 73' lang='grc' dir='ltr'>(ης</span> <span class='ocrx_word' id='word_1_494' title='bbox 637 2027 646 2042; x_wconf 76' lang='grc' dir='ltr'><strong>ι</strong></span> <span class='ocrx_word' id='word_1_495' title='bbox 662 2017 763 2044; x_wconf 84' lang='lat' dir='ltr'><strong>Verum</strong></span> <span class='ocrx_word' id='word_1_496' title='bbox 781 2017 825 2043; x_wconf 86' lang='lat' dir='ltr'><strong>ille</strong></span> <span class='ocrx_word' id='word_1_497' title='bbox 842 2016 975 2043; x_wconf 90' lang='lat' dir='ltr'><strong>ironicum</strong></span> <span class='ocrx_word' id='word_1_498' title='bbox 991 2020 1019 2043; x_wconf 87' lang='lat' dir='ltr'><strong>et</strong></span> 
     </span>
    </p>
   </div>
   <div class='ocr_carea' id='block_1_71' title="bbox 237 2063 1019 2098">
    <p class='ocr_par' dir='ltr' id='par_1_71' title="bbox 237 2063 1019 2098">
     <span class='ocr_line' id='line_1_71' title="bbox 237 2063 1019 2098; baseline 0.001 -10"><span class='ocrx_word' id='word_1_499' title='bbox 237 2063 438 2089; x_wconf 82' lang='lat' dir='ltr'><strong>amarulentum</strong></span> <span class='ocrx_word' id='word_1_500' title='bbox 457 2063 560 2090; x_wconf 91' lang='lat' dir='ltr'><strong>dictum</strong></span> <span class='ocrx_word' id='word_1_501' title='bbox 576 2064 708 2094; x_wconf 86' lang='lat' dir='ltr'><strong>sentiens,</strong></span> <span class='ocrx_word' id='word_1_502' title='bbox 726 2063 880 2098; x_wconf 80' lang='lat' dir='ltr'><strong>graviterid</strong></span> <span class='ocrx_word' id='word_1_503' title='bbox 899 2063 978 2094; x_wconf 89' lang='lat' dir='ltr'><strong>tulit,</strong></span> <span class='ocrx_word' id='word_1_504' title='bbox 991 2066 1019 2089; x_wconf 87' lang='lat' dir='ltr'><strong>et</strong></span> 
     </span>
    </p>
   </div>
   <div class='ocr_carea' id='block_1_72' title="bbox 235 2108 1020 2143">
    <p class='ocr_par' dir='ltr' id='par_1_72' title="bbox 235 2108 1020 2143">
     <span class='ocr_line' id='line_1_72' title="bbox 235 2108 1020 2143; baseline 0 -8"><span class='ocrx_word' id='word_1_505' title='bbox 235 2109 318 2143; x_wconf 69' lang='lat' dir='ltr'><strong>iactis</strong></span> <span class='ocrx_word' id='word_1_506' title='bbox 334 2110 358 2135; x_wconf 91' lang='lat' dir='ltr'><strong>in</strong></span> <span class='ocrx_word' id='word_1_507' title='bbox 375 2117 467 2135; x_wconf 87' lang='lat' dir='ltr'><strong>senem</strong></span> <span class='ocrx_word' id='word_1_508' title='bbox 483 2110 628 2143; x_wconf 87' lang='lat' dir='ltr'><strong>conviciis,</strong></span> <span class='ocrx_word' id='word_1_509' title='bbox 651 2110 683 2137; x_wconf 87' lang='lat' dir='ltr'><strong>ad</strong></span> <span class='ocrx_word' id='word_1_510' title='bbox 701 2109 753 2136; x_wconf 87' lang='lat' dir='ltr'><strong>alia</strong></span> <span class='ocrx_word' id='word_1_511' title='bbox 769 2109 826 2136; x_wconf 67' lang='lat' dir='ltr'><strong>hate</strong></span> <span class='ocrx_word' id='word_1_512' title='bbox 844 2109 954 2143; x_wconf 80' lang='lat' dir='ltr'><strong>insuper</strong></span> <span class='ocrx_word' id='word_1_513' title='bbox 971 2108 1020 2135; x_wconf 87' lang='lat' dir='ltr'><strong>ad-</strong></span> 
     </span>
    </p>
   </div>
   <div class='ocr_carea' id='block_1_73' title="bbox 238 2149 1018 2187">
    <p class='ocr_par' dir='ltr' id='par_1_73' title="bbox 238 2149 1018 2187">
     <span class='ocr_line' id='line_1_73' title="bbox 238 2149 1018 2187; baseline -0.001 -6"><span class='ocrx_word' id='word_1_514' title='bbox 238 2154 332 2182; x_wconf 90' lang='lat' dir='ltr'><strong>didit:</strong></span> <span class='ocrx_word' id='word_1_515' title='bbox 365 2163 375 2180; x_wconf 76' lang='grc' dir='ltr'><strong>ι</strong></span> <span class='ocrx_word' id='word_1_516' title='bbox 397 2154 454 2181; x_wconf 86' lang='lat' dir='ltr'><strong>Non</strong></span> <span class='ocrx_word' id='word_1_517' title='bbox 480 2155 531 2181; x_wconf 89' lang='lat' dir='ltr'><strong>hoc</strong></span> <span class='ocrx_word' id='word_1_518' title='bbox 559 2149 626 2187; x_wconf 72' lang='lat' dir='ltr'><strong>dixi,</strong></span> <span class='ocrx_word' id='word_1_519' title='bbox 653 2155 767 2182; x_wconf 75' lang='lat' dir='ltr'><strong>attonito</strong></span> <span class='ocrx_word' id='word_1_520' title='bbox 790 2159 817 2181; x_wconf 88' lang='lat' dir='ltr'><strong>et</strong></span> <span class='ocrx_word' id='word_1_521' title='bbox 846 2155 940 2186; x_wconf 87' lang='lat' dir='ltr'><strong>stulte,</strong></span> <span class='ocrx_word' id='word_1_522' title='bbox 970 2153 1018 2180; x_wconf 87' lang='lat' dir='ltr'><strong>sed</strong></span> 
     </span>
    </p>
   </div>
   <div class='ocr_carea' id='block_1_74' title="bbox 239 2200 1017 2234">
    <p class='ocr_par' dir='ltr' id='par_1_74' title="bbox 239 2200 1017 2234">
     <span class='ocr_line' id='line_1_74' title="bbox 239 2200 1017 2234; baseline 0.003 -9"><span class='ocrx_word' id='word_1_523' title='bbox 239 2200 442 2227; x_wconf 68' lang='lat' dir='ltr'><strong>communicare</strong></span> <span class='ocrx_word' id='word_1_524' title='bbox 457 2204 482 2227; x_wconf 77' lang='lat' dir='ltr'><strong>te</strong></span> <span class='ocrx_word' id='word_1_525' title='bbox 497 2200 598 2227; x_wconf 86' lang='lat' dir='ltr'><strong>debere</strong></span> <span class='ocrx_word' id='word_1_526' title='bbox 610 2221 617 2233; x_wconf 91' lang='lat'><strong>,</strong></span> <span class='ocrx_word' id='word_1_527' title='bbox 634 2209 696 2228; x_wconf 91' lang='lat' dir='ltr'><strong>cum</strong></span> <span class='ocrx_word' id='word_1_528' title='bbox 708 2200 807 2234; x_wconf 90' lang='lat' dir='ltr'><strong>quibus</strong></span> <span class='ocrx_word' id='word_1_529' title='bbox 822 2200 865 2226; x_wconf 92' lang='lat' dir='ltr'><strong>ille</strong></span> <span class='ocrx_word' id='word_1_530' title='bbox 884 2200 1017 2234; x_wconf 67' lang='lat' dir='ltr'><strong>praecipit,</strong></span> 
     </span>
    </p>
   </div>
   <div class='ocr_carea' id='block_1_75' title="bbox 238 2246 1019 2281">
    <p class='ocr_par' dir='ltr' id='par_1_75' title="bbox 238 2246 1019 2281">
     <span class='ocr_line' id='line_1_75' title="bbox 238 2246 1019 2281; baseline -0.003 -7"><span class='ocrx_word' id='word_1_531' title='bbox 238 2247 387 2281; x_wconf 81' lang='lat' dir='ltr'><strong>episcopis.</strong></span> <span class='ocrx_word' id='word_1_532' title='bbox 407 2247 440 2273; x_wconf 79' lang='lat' dir='ltr'><strong>At</strong></span> <span class='ocrx_word' id='word_1_533' title='bbox 455 2254 516 2281; x_wconf 78' lang='lat' dir='ltr'><strong>ego,</strong></span> <span class='ocrx_word' id='word_1_534' title='bbox 529 2246 626 2281; x_wconf 89' lang='lat' dir='ltr'><strong>inquit,</strong></span> <span class='ocrx_word' id='word_1_535' title='bbox 642 2251 669 2273; x_wconf 86' lang='lat' dir='ltr'><strong>et</strong></span> <span class='ocrx_word' id='word_1_536' title='bbox 682 2254 763 2273; x_wconf 82' lang='lat' dir='ltr'><strong>senex</strong></span> <span class='ocrx_word' id='word_1_537' title='bbox 779 2254 849 2278; x_wconf 79' lang='lat' dir='ltr'><strong>sum,</strong></span> <span class='ocrx_word' id='word_1_538' title='bbox 865 2250 892 2273; x_wconf 91' lang='lat' dir='ltr'><strong>et</strong></span> <span class='ocrx_word' id='word_1_539' title='bbox 904 2247 1019 2280; x_wconf 85' lang='lat' dir='ltr'><strong>pastoris</strong></span> 
     </span>
    </p>
   </div>
   <div class='ocr_carea' id='block_1_76' title="bbox 240 2291 1018 2327">
    <p class='ocr_par' dir='ltr' id='par_1_76' title="bbox 240 2291 1018 2327">
     <span class='ocr_line' id='line_1_76' title="bbox 240 2291 1018 2327; baseline -0.001 -8"><span class='ocrx_word' id='word_1_540' title='bbox 240 2300 293 2319; x_wconf 93' lang='lat' dir='ltr'><strong>non</strong></span> <span class='ocrx_word' id='word_1_541' title='bbox 313 2300 409 2327; x_wconf 84' lang='lat' dir='ltr'><strong>expers</strong></span> <span class='ocrx_word' id='word_1_542' title='bbox 427 2301 433 2319; x_wconf 86' lang='lat'><strong>:</strong></span> <span class='ocrx_word' id='word_1_543' title='bbox 449 2294 527 2327; x_wconf 83' lang='lat' dir='ltr'><strong>cujus</strong></span> <span class='ocrx_word' id='word_1_544' title='bbox 540 2300 635 2320; x_wconf 89' lang='lat' dir='ltr'><strong>vocem</strong></span> <span class='ocrx_word' id='word_1_545' title='bbox 660 2296 690 2319; x_wconf 87' lang='lat' dir='ltr'><strong>ut</strong></span> <span class='ocrx_word' id='word_1_546' title='bbox 713 2299 869 2326; x_wconf 76' lang='lat' dir='ltr'><strong>germanam</strong></span> <span class='ocrx_word' id='word_1_547' title='bbox 885 2291 1018 2326; x_wconf 75' lang='lat' dir='ltr'><strong>intelligo,</strong></span> 
     </span>
    </p>
   </div>
   <div class='ocr_carea' id='block_1_77' title="bbox 238 2337 1019 2373">
    <p class='ocr_par' dir='ltr' id='par_1_77' title="bbox 238 2337 1019 2373">
     <span class='ocr_line' id='line_1_77' title="bbox 238 2337 1019 2373; baseline -0.003 -7"><span class='ocrx_word' id='word_1_548' title='bbox 238 2343 266 2366; x_wconf 85' lang='lat' dir='ltr'><strong>et</strong></span> <span class='ocrx_word' id='word_1_549' title='bbox 277 2338 428 2365; x_wconf 87' lang='lat' dir='ltr'><strong>doctrinam</strong></span> <span class='ocrx_word' id='word_1_550' title='bbox 443 2346 554 2373; x_wconf 87' lang='lat' dir='ltr'><strong>sequor,</strong></span> <span class='ocrx_word' id='word_1_551' title='bbox 570 2345 659 2372; x_wconf 86' lang='lat' dir='ltr'><strong>neque</strong></span> <span class='ocrx_word' id='word_1_552' title='bbox 675 2337 741 2364; x_wconf 90' lang='lat' dir='ltr'><strong>mihi</strong></span> <span class='ocrx_word' id='word_1_553' title='bbox 760 2343 812 2364; x_wconf 88' lang='lat' dir='ltr'><strong>tam</strong></span> <span class='ocrx_word' id='word_1_554' title='bbox 827 2337 980 2372; x_wconf 84' lang='lat' dir='ltr'><strong>perniciosa</strong></span> <span class='ocrx_word' id='word_1_555' title='bbox 991 2342 1019 2364; x_wconf 89' lang='lat' dir='ltr'><strong>et</strong></span> 
     </span>
    </p>
   </div>
   <div class='ocr_carea' id='block_1_78' title="bbox 239 2383 1019 2419">
    <p class='ocr_par' dir='ltr' id='par_1_78' title="bbox 239 2383 1019 2419">
     <span class='ocr_line' id='line_1_78' title="bbox 239 2383 1019 2419; baseline -0.003 -8"><span class='ocrx_word' id='word_1_556' title='bbox 239 2384 369 2419; x_wconf 72' lang='lat' dir='ltr'><strong>pestifera</strong></span> <span class='ocrx_word' id='word_1_557' title='bbox 388 2384 474 2411; x_wconf 80' lang='lat' dir='ltr'><strong>herba</strong></span> <span class='ocrx_word' id='word_1_558' title='bbox 487 2391 554 2418; x_wconf 86' lang='lat' dir='ltr'><strong>opus</strong></span> <span class='ocrx_word' id='word_1_559' title='bbox 567 2389 618 2410; x_wconf 90' lang='lat' dir='ltr'><strong>est.</strong></span> <span class='ocrx_word' id='word_1_560' title='bbox 640 2393 649 2410; x_wconf 74' lang='grc' dir='ltr'><strong>ι</strong></span> <span class='ocrx_word' id='word_1_561' title='bbox 665 2383 744 2411; x_wconf 84' lang='lat' dir='ltr'><strong>Hisce</strong></span> <span class='ocrx_word' id='word_1_562' title='bbox 761 2383 852 2411; x_wconf 87' lang='lat' dir='ltr'><strong>verbis</strong></span> <span class='ocrx_word' id='word_1_563' title='bbox 873 2383 965 2410; x_wconf 79' lang='lat' dir='ltr'><strong>furore</strong></span> <span class='ocrx_word' id='word_1_564' title='bbox 979 2383 1019 2409; x_wconf 87' lang='lat' dir='ltr'><strong>in-</strong></span> 
     </span>
    </p>
   </div>
   <div class='ocr_carea' id='block_1_79' title="bbox 238 2427 1016 2463">
    <p class='ocr_par' dir='ltr' id='par_1_79' title="bbox 238 2427 1016 2463">
     <span class='ocr_line' id='line_1_79' title="bbox 238 2427 1016 2463; baseline -0.003 -7"><span class='ocrx_word' id='word_1_565' title='bbox 238 2437 348 2461; x_wconf 80' lang='lat' dir='ltr'><strong>consus,</strong></span> <span class='ocrx_word' id='word_1_566' title='bbox 362 2428 489 2456; x_wconf 84' lang='lat' dir='ltr'><strong>celeriter</strong></span> <span class='ocrx_word' id='word_1_567' title='bbox 500 2429 636 2463; x_wconf 74' lang='lat' dir='ltr'><strong>octoginta</strong></span> <span class='ocrx_word' id='word_1_568' title='bbox 657 2437 687 2455; x_wconf 81' lang='lat' dir='ltr'><strong>ex</strong></span> <span class='ocrx_word' id='word_1_569' title='bbox 707 2429 747 2456; x_wconf 90' lang='lat' dir='ltr'><strong>eis</strong></span> <span class='ocrx_word' id='word_1_570' title='bbox 768 2428 815 2462; x_wconf 89' lang='lat' dir='ltr'><strong>qui</strong></span> <span class='ocrx_word' id='word_1_571' title='bbox 832 2427 1016 2454; x_wconf 88' lang='lat' dir='ltr'><strong>multitudinis</strong></span> 
     </span>
    </p>
   </div>
   <div class='ocr_carea' id='block_1_80' title="bbox 238 2473 1016 2510">
    <p class='ocr_par' dir='ltr' id='par_1_80' title="bbox 238 2473 1016 2510">
     <span class='ocr_line' id='line_1_80' title="bbox 238 2473 1016 2510; baseline -0.004 -8"><span class='ocrx_word' id='word_1_572' title='bbox 238 2480 332 2502; x_wconf 85' lang='lat' dir='ltr'><strong>essent</strong></span> <span class='ocrx_word' id='word_1_573' title='bbox 342 2475 416 2502; x_wconf 90' lang='lat' dir='ltr'><strong>velut</strong></span> <span class='ocrx_word' id='word_1_574' title='bbox 430 2475 563 2502; x_wconf 73' lang='lat' dir='ltr'><strong>columna:</strong></span> <span class='ocrx_word' id='word_1_575' title='bbox 575 2495 583 2507; x_wconf 92' lang='lat'><strong>,</strong></span> <span class='ocrx_word' id='word_1_576' title='bbox 600 2475 813 2510; x_wconf 87' lang='lat' dir='ltr'><strong>comprehensos</strong></span> <span class='ocrx_word' id='word_1_577' title='bbox 833 2475 860 2500; x_wconf 87' lang='lat' dir='ltr'><strong>in</strong></span> <span class='ocrx_word' id='word_1_578' title='bbox 872 2473 1016 2500; x_wconf 88' lang='lat' dir='ltr'><strong>Thraciam</strong></span> 
     </span>
    </p>
   </div>
   <div class='ocr_carea' id='block_1_81' title="bbox 240 2520 1019 2556">
    <p class='ocr_par' dir='ltr' id='par_1_81' title="bbox 240 2520 1019 2556">
     <span class='ocr_line' id='line_1_81' title="bbox 240 2520 1019 2556; baseline -0.001 -9"><span class='ocrx_word' id='word_1_579' title='bbox 240 2522 380 2556; x_wconf 76' lang='lat' dir='ltr'><strong>relegavit.</strong></span> <span class='ocrx_word' id='word_1_580' title='bbox 399 2522 488 2556; x_wconf 80' lang='lat' dir='ltr'><strong>Atque</strong></span> <span class='ocrx_word' id='word_1_581' title='bbox 510 2521 548 2548; x_wconf 91' lang='lat' dir='ltr'><strong>illi</strong></span> <span class='ocrx_word' id='word_1_582' title='bbox 574 2522 656 2549; x_wconf 90' lang='lat' dir='ltr'><strong>vincti</strong></span> <span class='ocrx_word' id='word_1_583' title='bbox 672 2522 883 2552; x_wconf 85' lang='lat' dir='ltr'><strong>circumeuntes.</strong></span> <span class='ocrx_word' id='word_1_584' title='bbox 904 2520 1019 2555; x_wconf 73' lang='lat' dir='ltr'><strong>benigne</strong></span> 
     </span>
    </p>
   </div>
   <div class='ocr_carea' id='block_1_82' title="bbox 239 2565 1021 2594">
    <p class='ocr_par' dir='ltr' id='par_1_82' title="bbox 239 2565 1021 2594">
     <span class='ocr_line' id='line_1_82' title="bbox 239 2565 1021 2594; baseline -0.004 0"><span class='ocrx_word' id='word_1_585' title='bbox 239 2575 255 2594; x_wconf 85' lang='lat' dir='ltr'><strong>a</strong></span> <span class='ocrx_word' id='word_1_586' title='bbox 273 2567 365 2594; x_wconf 91' lang='lat' dir='ltr'><strong>multis</strong></span> <span class='ocrx_word' id='word_1_587' title='bbox 375 2572 439 2594; x_wconf 83' lang='lat' dir='ltr'><strong>sunt</strong></span> <span class='ocrx_word' id='word_1_588' title='bbox 451 2568 549 2594; x_wconf 85' lang='lat' dir='ltr'><strong>curati.</strong></span> <span class='ocrx_word' id='word_1_589' title='bbox 565 2567 620 2594; x_wconf 86' lang='lat' dir='ltr'><strong>Vici</strong></span> <span class='ocrx_word' id='word_1_590' title='bbox 639 2567 711 2594; x_wconf 90' lang='lat' dir='ltr'><strong>enim</strong></span> <span class='ocrx_word' id='word_1_591' title='bbox 730 2571 758 2593; x_wconf 82' lang='lat' dir='ltr'><strong>et</strong></span> <span class='ocrx_word' id='word_1_592' title='bbox 780 2566 904 2593; x_wconf 89' lang='lat' dir='ltr'><strong>civitates</strong></span> <span class='ocrx_word' id='word_1_593' title='bbox 917 2565 957 2592; x_wconf 87' lang='lat' dir='ltr'><strong>eis</strong></span> <span class='ocrx_word' id='word_1_594' title='bbox 970 2565 1021 2592; x_wconf 88' lang='lat' dir='ltr'><strong>ob-</strong></span> 
     </span>
    </p>
   </div>
   <div class='ocr_carea' id='block_1_83' title="bbox 241 2610 1021 2647">
    <p class='ocr_par' dir='ltr' id='par_1_83' title="bbox 241 2610 1021 2647">
     <span class='ocr_line' id='line_1_83' title="bbox 241 2610 1021 2647; baseline 0 -10"><span class='ocrx_word' id='word_1_595' title='bbox 241 2611 313 2638; x_wconf 84' lang='lat' dir='ltr'><strong>viam</strong></span> <span class='ocrx_word' id='word_1_596' title='bbox 332 2612 548 2647; x_wconf 82' lang='lat' dir='ltr'><strong>progredientes,</strong></span> <span class='ocrx_word' id='word_1_597' title='bbox 561 2617 688 2646; x_wconf 85' lang='lat' dir='ltr'><strong>tanquam</strong></span> <span class='ocrx_word' id='word_1_598' title='bbox 707 2619 779 2638; x_wconf 68' lang='lat' dir='ltr'><strong>verae</strong></span> <span class='ocrx_word' id='word_1_599' title='bbox 799 2610 911 2646; x_wconf 88' lang='lat' dir='ltr'><strong>pietatis</strong></span> <span class='ocrx_word' id='word_1_600' title='bbox 922 2611 1021 2638; x_wconf 81' lang='lat' dir='ltr'><strong>defen-</strong></span> 
     </span>
    </p>
   </div>
   <div class='ocr_carea' id='block_1_84' title="bbox 241 2656 1021 2692">
    <p class='ocr_par' dir='ltr' id='par_1_84' title="bbox 241 2656 1021 2692">
     <span class='ocr_line' id='line_1_84' title="bbox 241 2656 1021 2692; baseline -0.003 -7"><span class='ocrx_word' id='word_1_601' title='bbox 241 2657 351 2686; x_wconf 81' lang='lat' dir='ltr'><strong>soribus</strong></span> <span class='ocrx_word' id='word_1_602' title='bbox 378 2659 500 2686; x_wconf 88' lang='lat' dir='ltr'><strong>debitum</strong></span> <span class='ocrx_word' id='word_1_603' title='bbox 535 2658 721 2692; x_wconf 63' lang='lat' dir='ltr'><strong>praestiterunt</strong></span> <span class='ocrx_word' id='word_1_604' title='bbox 758 2657 902 2684; x_wconf 89' lang='lat' dir='ltr'><strong>honorem.</strong></span> <span class='ocrx_word' id='word_1_605' title='bbox 936 2656 1021 2684; x_wconf 87' lang='lat' dir='ltr'><strong>Porro</strong></span> 
     </span>
    </p>
   </div>
   <div class='ocr_carea' id='block_1_85' title="bbox 240 2701 1023 2737">
    <p class='ocr_par' dir='ltr' id='par_1_85' title="bbox 240 2701 1023 2737">
     <span class='ocr_line' id='line_1_85' title="bbox 240 2701 1023 2737; baseline -0.003 -7"><span class='ocrx_word' id='word_1_606' title='bbox 240 2702 344 2734; x_wconf 78' lang='lat' dir='ltr'><strong>invidia</strong></span> <span class='ocrx_word' id='word_1_607' title='bbox 367 2709 507 2737; x_wconf 82' lang='lat' dir='ltr'><strong>nunquam</strong></span> <span class='ocrx_word' id='word_1_608' title='bbox 523 2711 578 2730; x_wconf 92' lang='lat' dir='ltr'><strong>non</strong></span> <span class='ocrx_word' id='word_1_609' title='bbox 597 2703 682 2730; x_wconf 83' lang='lat' dir='ltr'><strong>aciem</strong></span> <span class='ocrx_word' id='word_1_610' title='bbox 694 2703 841 2735; x_wconf 78' lang='lat' dir='ltr'><strong>instruens,</strong></span> <span class='ocrx_word' id='word_1_611' title='bbox 851 2702 886 2729; x_wconf 85' lang='lat' dir='ltr'><strong>ad</strong></span> <span class='ocrx_word' id='word_1_612' title='bbox 904 2701 1023 2736; x_wconf 88' lang='lat' dir='ltr'><strong>impera-</strong></span> 
     </span>
    </p>
   </div>
   <div class='ocr_carea' id='block_1_86' title="bbox 1067 1558 1853 1595">
    <p class='ocr_par' dir='ltr' id='par_1_86' title="bbox 1067 1558 1853 1595">
     <span class='ocr_line' id='line_1_86' title="bbox 1067 1558 1853 1595; baseline -0.003 -9"><span class='ocrx_word' id='word_1_613' title='bbox 1067 1561 1270 1595; x_wconf 67' lang='grc' dir='ltr'>εἰσηγούμενος.</span> <span class='ocrx_word' id='word_1_614' title='bbox 1289 1560 1317 1588; x_wconf 84' lang='grc'><strong>’0</strong></span> <span class='ocrx_word' id='word_1_615' title='bbox 1340 1560 1361 1585; x_wconf 77' lang='grc' dir='ltr'>δ’</span> <span class='ocrx_word' id='word_1_616' title='bbox 1379 1560 1517 1592; x_wconf 75' lang='grc' dir='ltr'>Εὺλόγιος,</span> <span class='ocrx_word' id='word_1_617' title='bbox 1531 1558 1640 1584; x_wconf 79' lang='grc' dir='ltr'>Ἐκεῖνα</span> <span class='ocrx_word' id='word_1_618' title='bbox 1654 1558 1704 1592; x_wconf 81' lang='grc' dir='ltr'>μὲν</span> <span class='ocrx_word' id='word_1_619' title='bbox 1729 1560 1802 1593; x_wconf 60' lang='grc' dir='ltr'>πρὸς</span> <span class='ocrx_word' id='word_1_620' title='bbox 1820 1559 1853 1585; x_wconf 75' lang='lat' dir='ltr'><strong>a-</strong></span> 
     </span>
    </p>
   </div>
   <div class='ocr_carea' id='block_1_87' title="bbox 1068 1603 1854 1639">
    <p class='ocr_par' dir='ltr' id='par_1_87' title="bbox 1068 1603 1854 1639">
     <span class='ocr_line' id='line_1_87' title="bbox 1068 1603 1854 1639; baseline 0 -9"><span class='ocrx_word' id='word_1_621' title='bbox 1068 1614 1170 1636; x_wconf 73' lang='grc' dir='ltr'>παντας</span> <span class='ocrx_word' id='word_1_622' title='bbox 1181 1605 1304 1639; x_wconf 68' lang='grc' dir='ltr'>εἴρηται*</span> <span class='ocrx_word' id='word_1_623' title='bbox 1321 1604 1366 1630; x_wconf 90' lang='grc' dir='ltr'><strong>καί</strong></span> <span class='ocrx_word' id='word_1_624' title='bbox 1384 1613 1416 1638; x_wconf 87' lang='grc' dir='ltr'><strong>γε</strong></span> <span class='ocrx_word' id='word_1_625' title='bbox 1431 1604 1531 1629; x_wconf 74' lang='grc' dir='ltr'>ἄτοπον</span> <span class='ocrx_word' id='word_1_626' title='bbox 1548 1603 1639 1638; x_wconf 74' lang='grc' dir='ltr'>ᾤμην,</span> <span class='ocrx_word' id='word_1_627' title='bbox 1653 1604 1716 1634; x_wconf 80' lang='grc' dir='ltr'>τοὺς</span> <span class='ocrx_word' id='word_1_628' title='bbox 1731 1603 1854 1635; x_wconf 61' lang='grc' dir='ltr'>πολλοὺς</span> 
     </span>
    </p>
   </div>
   <div class='ocr_carea' id='block_1_88' title="bbox 1067 1650 1857 1685">
    <p class='ocr_par' dir='ltr' id='par_1_88' title="bbox 1067 1650 1857 1685">
     <span class='ocr_line' id='line_1_88' title="bbox 1067 1650 1857 1685; baseline -0.001 -9"><span class='ocrx_word' id='word_1_629' title='bbox 1067 1652 1286 1685; x_wconf 78' lang='grc' dir='ltr'>παρωσάμενος,</span> <span class='ocrx_word' id='word_1_630' title='bbox 1309 1651 1390 1676; x_wconf 79' lang='grc' dir='ltr'>αὑτὸν</span> <span class='ocrx_word' id='word_1_631' title='bbox 1430 1650 1631 1684; x_wconf 80' lang='grc' dir='ltr'>ἀποκρίνασθαι</span> <span class='ocrx_word' id='word_1_632' title='bbox 1650 1657 1657 1665; x_wconf 90' lang='grc'><strong>·</strong></span> <span class='ocrx_word' id='word_1_633' title='bbox 1681 1651 1706 1675; x_wconf 76' lang='grc' dir='ltr'>εἰ</span> <span class='ocrx_word' id='word_1_634' title='bbox 1743 1650 1767 1675; x_wconf 83' lang='grc' dir='ltr'>δ’</span> <span class='ocrx_word' id='word_1_635' title='bbox 1805 1651 1857 1684; x_wconf 74' lang='grc' dir='ltr'><strong>ἐμὲ</strong></span> 
     </span>
    </p>
   </div>
   <div class='ocr_carea' id='block_1_89' title="bbox 1069 1694 1857 1730">
    <p class='ocr_par' dir='ltr' id='par_1_89' title="bbox 1069 1694 1857 1730">
     <span class='ocr_line' id='line_1_89' title="bbox 1069 1694 1857 1730; baseline -0.001 -9"><span class='ocrx_word' id='word_1_636' title='bbox 1069 1696 1148 1729; x_wconf 74' lang='grc' dir='ltr'>μόνον</span> <span class='ocrx_word' id='word_1_637' title='bbox 1171 1694 1254 1730; x_wconf 80' lang='grc' dir='ltr'>ἔροιο,</span> <span class='ocrx_word' id='word_1_638' title='bbox 1271 1696 1300 1721; x_wconf 75' lang='grc' dir='ltr'>τὸ</span> <span class='ocrx_word' id='word_1_639' title='bbox 1326 1695 1423 1721; x_wconf 75' lang='grc' dir='ltr'>δοκοῦν</span> <span class='ocrx_word' id='word_1_640' title='bbox 1439 1695 1518 1726; x_wconf 77' lang='grc' dir='ltr'>εὐθύς</span> <span class='ocrx_word' id='word_1_641' title='bbox 1547 1703 1589 1720; x_wconf 90' lang='grc' dir='ltr'><strong>σοι</strong></span> <span class='ocrx_word' id='word_1_642' title='bbox 1607 1694 1731 1729; x_wconf 76' lang='grc' dir='ltr'>δηλώσω.</span> <span class='ocrx_word' id='word_1_643' title='bbox 1756 1695 1816 1721; x_wconf 80' lang='grc' dir='ltr'><strong>Καὶ</strong></span> <span class='ocrx_word' id='word_1_644' title='bbox 1844 1697 1857 1720; x_wconf 86' lang='grc' dir='ltr'>ὁ</span> 
     </span>
    </p>
   </div>
   <div class='ocr_carea' id='block_1_90' title="bbox 1068 1740 1856 1776">
    <p class='ocr_par' dir='ltr' id='par_1_90' title="bbox 1068 1740 1856 1776">
     <span class='ocr_line' id='line_1_90' title="bbox 1068 1740 1856 1776; baseline -0.001 -8"><span class='ocrx_word' id='word_1_645' title='bbox 1068 1741 1199 1776; x_wconf 74' lang='grc' dir='ltr'>ὕπαρχος,</span> <span class='ocrx_word' id='word_1_646' title='bbox 1217 1741 1320 1776; x_wconf 79' lang='grc' dir='ltr'>Τοιγάρ</span> <span class='ocrx_word' id='word_1_647' title='bbox 1334 1750 1375 1767; x_wconf 86' lang='grc' dir='ltr'><strong>τοι</strong></span> <span class='ocrx_word' id='word_1_648' title='bbox 1393 1741 1499 1775; x_wconf 75' lang='grc' dir='ltr'>βασιλεῖ</span> <span class='ocrx_word' id='word_1_649' title='bbox 1512 1741 1676 1774; x_wconf 74' lang='grc' dir='ltr'>κοινωνῆσαι</span> <span class='ocrx_word' id='word_1_650' title='bbox 1691 1740 1766 1770; x_wconf 61' lang='lat' dir='ltr'><strong>exon,</strong></span> <span class='ocrx_word' id='word_1_651' title='bbox 1781 1742 1794 1766; x_wconf 77' lang='grc' dir='ltr'>ὁ</span> <span class='ocrx_word' id='word_1_652' title='bbox 1814 1741 1856 1774; x_wconf 80' lang='grc' dir='ltr'>δὲ,</span> 
     </span>
    </p>
   </div>
   <div class='ocr_carea' id='block_1_91' title="bbox 1068 1785 1856 1821">
    <p class='ocr_par' dir='ltr' id='par_1_91' title="bbox 1068 1785 1856 1821">
     <span class='ocr_line' id='line_1_91' title="bbox 1068 1785 1856 1821; baseline 0 -9"><span class='ocrx_word' id='word_1_653' title='bbox 1068 1787 1181 1817; x_wconf 78' lang='grc' dir='ltr'>ἀστείως</span> <span class='ocrx_word' id='word_1_654' title='bbox 1199 1786 1269 1820; x_wconf 77' lang='grc' dir='ltr'>μάλα</span> <span class='ocrx_word' id='word_1_655' title='bbox 1291 1786 1338 1812; x_wconf 66' lang='grc' dir='ltr'>καὶ</span> <span class='ocrx_word' id='word_1_656' title='bbox 1355 1787 1476 1821; x_wconf 83' lang='grc' dir='ltr'>χαρίεντι</span> <span class='ocrx_word' id='word_1_657' title='bbox 1490 1786 1527 1820; x_wconf 83' lang='grc' dir='ltr'>τῷ</span> <span class='ocrx_word' id='word_1_658' title='bbox 1542 1786 1602 1821; x_wconf 71' lang='grc' dir='ltr'>ἡοει</span> <span class='ocrx_word' id='word_1_659' title='bbox 1618 1785 1856 1820; x_wconf 80' lang='grc' dir='ltr'>προσμειδιάσας,</span> 
     </span>
    </p>
   </div>
   <div class='ocr_carea' id='block_1_92' title="bbox 1068 1831 1858 1867">
    <p class='ocr_par' dir='ltr' id='par_1_92' title="bbox 1068 1831 1858 1867">
     <span class='ocr_line' id='line_1_92' title="bbox 1068 1831 1858 1867; baseline 0 -9"><span class='ocrx_word' id='word_1_660' title='bbox 1068 1833 1221 1867; x_wconf 62' lang='grc' dir='ltr'>ιῐροσφὲρει</span> <span class='ocrx_word' id='word_1_661' title='bbox 1249 1833 1315 1865; x_wconf 87' lang='grc' dir='ltr'>γὰρ,</span> <span class='ocrx_word' id='word_1_662' title='bbox 1339 1832 1405 1865; x_wconf 71' lang='grc' dir='ltr'>ἔφη,</span> <span class='ocrx_word' id='word_1_663' title='bbox 1422 1833 1469 1858; x_wconf 77' lang='grc' dir='ltr'>καὶ</span> <span class='ocrx_word' id='word_1_664' title='bbox 1487 1832 1556 1866; x_wconf 78' lang='grc' dir='ltr'>μετὰ</span> <span class='ocrx_word' id='word_1_665' title='bbox 1575 1831 1624 1866; x_wconf 82' lang='grc' dir='ltr'>τῆς</span> <span class='ocrx_word' id='word_1_666' title='bbox 1646 1831 1786 1865; x_wconf 75' lang='grc' dir='ltr'>βασιλείας</span> <span class='ocrx_word' id='word_1_667' title='bbox 1808 1833 1858 1858; x_wconf 78' lang='grc' dir='ltr'>καὶ</span> 
     </span>
    </p>
   </div>
   <div class='ocr_carea' id='block_1_93' title="bbox 1066 1877 1857 1912">
    <p class='ocr_par' dir='ltr' id='par_1_93' title="bbox 1066 1877 1857 1912">
     <span class='ocr_line' id='line_1_93' title="bbox 1066 1877 1857 1912; baseline 0 -9"><span class='ocrx_word' id='word_1_668' title='bbox 1066 1879 1096 1903; x_wconf 67' lang='grc' dir='ltr'>τδ</span> <span class='ocrx_word' id='word_1_669' title='bbox 1115 1878 1238 1912; x_wconf 75' lang='grc' dir='ltr'>ἱερᾶσθαι</span> <span class='ocrx_word' id='word_1_670' title='bbox 1265 1878 1451 1912; x_wconf 75' lang='grc' dir='ltr'>κεκλήρωται.</span> <span class='ocrx_word' id='word_1_671' title='bbox 1475 1886 1484 1902; x_wconf 74' lang='grc' dir='ltr'><strong>ι</strong></span> <span class='ocrx_word' id='word_1_672' title='bbox 1508 1877 1540 1903; x_wconf 87' lang='lat'>&#39;0</span> <span class='ocrx_word' id='word_1_673' title='bbox 1566 1877 1596 1903; x_wconf 78' lang='grc' dir='ltr'>δὲ</span> <span class='ocrx_word' id='word_1_674' title='bbox 1624 1877 1753 1911; x_wconf 75' lang='grc' dir='ltr'>χαλεπῶς</span> <span class='ocrx_word' id='word_1_675' title='bbox 1770 1879 1857 1911; x_wconf 83' lang='grc' dir='ltr'>εἰρω-</span> 
     </span>
    </p>
   </div>
   <div class='ocr_carea' id='block_1_94' title="bbox 1067 1921 1858 1957">
    <p class='ocr_par' dir='ltr' id='par_1_94' title="bbox 1067 1921 1858 1957">
     <span class='ocr_line' id='line_1_94' title="bbox 1067 1921 1858 1957; baseline 0 -9"><span class='ocrx_word' id='word_1_676' title='bbox 1067 1923 1140 1952; x_wconf 79' lang='grc' dir='ltr'>νείας</span> <span class='ocrx_word' id='word_1_677' title='bbox 1165 1922 1372 1957; x_wconf 81' lang='grc' dir='ltr'>ὲπῃσθημένος,</span> <span class='ocrx_word' id='word_1_678' title='bbox 1402 1921 1629 1957; x_wconf 80' lang='grc' dir='ltr'>λοιδορησάμενος</span> <span class='ocrx_word' id='word_1_679' title='bbox 1650 1922 1678 1947; x_wconf 84' lang='grc' dir='ltr'>δὲ</span> <span class='ocrx_word' id='word_1_680' title='bbox 1699 1921 1739 1955; x_wconf 81' lang='grc' dir='ltr'>τῷ</span> <span class='ocrx_word' id='word_1_681' title='bbox 1767 1931 1858 1956; x_wconf 83' lang='grc' dir='ltr'>πρεσ-</span> 
     </span>
    </p>
   </div>
   <div class='ocr_carea' id='block_1_95' title="bbox 1068 1966 1857 2003">
    <p class='ocr_par' dir='ltr' id='par_1_95' title="bbox 1068 1966 1857 2003">
     <span class='ocr_line' id='line_1_95' title="bbox 1068 1966 1857 2003; baseline 0 -10"><span class='ocrx_word' id='word_1_682' title='bbox 1068 1967 1149 2003; x_wconf 75' lang='grc' dir='ltr'>ϐύτῃ,</span> <span class='ocrx_word' id='word_1_683' title='bbox 1167 1968 1235 2002; x_wconf 73' lang='grc' dir='ltr'>πρὸς</span> <span class='ocrx_word' id='word_1_684' title='bbox 1247 1968 1304 1998; x_wconf 85' lang='grc' dir='ltr'>τοῖς</span> <span class='ocrx_word' id='word_1_685' title='bbox 1320 1967 1412 1998; x_wconf 76' lang='grc' dir='ltr'>ἄλλοις</span> <span class='ocrx_word' id='word_1_686' title='bbox 1436 1968 1482 1993; x_wconf 75' lang='grc' dir='ltr'>καὶ</span> <span class='ocrx_word' id='word_1_687' title='bbox 1508 1966 1595 1993; x_wconf 84' lang='grc' dir='ltr'>ταῦτα</span> <span class='ocrx_word' id='word_1_688' title='bbox 1607 1967 1769 2002; x_wconf 75' lang='grc' dir='ltr'>ἐπήγαγεν·</span> <span class='ocrx_word' id='word_1_689' title='bbox 1787 1977 1796 1993; x_wconf 88' lang='grc'><strong>‹</strong></span> <span class='ocrx_word' id='word_1_690' title='bbox 1819 1969 1857 1995; x_wconf 68' lang='grc' dir='ltr'><strong>Οὔ</strong></span> 
     </span>
    </p>
   </div>
   <div class='ocr_carea' id='block_1_96' title="bbox 1067 2009 1859 2047">
    <p class='ocr_par' dir='ltr' id='par_1_96' title="bbox 1067 2009 1859 2047">
     <span class='ocr_line' id='line_1_96' title="bbox 1067 2009 1859 2047; baseline 0 -9"><span class='ocrx_word' id='word_1_691' title='bbox 1067 2011 1148 2038; x_wconf 80' lang='grc' dir='ltr'>τοῦτο</span> <span class='ocrx_word' id='word_1_692' title='bbox 1168 2010 1257 2045; x_wconf 75' lang='grc' dir='ltr'>εἶπον,</span> <span class='ocrx_word' id='word_1_693' title='bbox 1277 2012 1458 2047; x_wconf 74' lang='grc' dir='ltr'>ἐμϐρόντητε,</span> <span class='ocrx_word' id='word_1_694' title='bbox 1471 2012 1539 2038; x_wconf 70' lang='grc' dir='ltr'>ἀλλὰ</span> <span class='ocrx_word' id='word_1_695' title='bbox 1550 2012 1714 2046; x_wconf 81' lang='grc' dir='ltr'>κοινωνῆσαι</span> <span class='ocrx_word' id='word_1_696' title='bbox 1730 2009 1772 2044; x_wconf 75' lang='grc' dir='ltr'>οἷς</span> <span class='ocrx_word' id='word_1_697' title='bbox 1787 2014 1859 2039; x_wconf 61' lang='grc' dir='ltr'>ἐκεῐπ</span> 
     </span>
    </p>
   </div>
   <div class='ocr_carea' id='block_1_97' title="bbox 1069 2055 1857 2091">
    <p class='ocr_par' dir='ltr' id='par_1_97' title="bbox 1069 2055 1857 2091">
     <span class='ocr_line' id='line_1_97' title="bbox 1069 2055 1857 2091; baseline -0.001 -7"><span class='ocrx_word' id='word_1_698' title='bbox 1069 2066 1112 2088; x_wconf 80' lang='grc' dir='ltr'><strong>νος</strong></span> <span class='ocrx_word' id='word_1_699' title='bbox 1125 2057 1285 2088; x_wconf 72' lang='grc' dir='ltr'>ἐπισκόποις</span> <span class='ocrx_word' id='word_1_700' title='bbox 1316 2057 1434 2083; x_wconf 78' lang='grc' dir='ltr'>κελεύει.</span> <span class='ocrx_word' id='word_1_701' title='bbox 1448 2056 1518 2082; x_wconf 77' lang='grc' dir='ltr'>Ἀλλ’</span> <span class='ocrx_word' id='word_1_702' title='bbox 1538 2055 1604 2090; x_wconf 74' lang='grc' dir='ltr'>ἐγὼ,</span> <span class='ocrx_word' id='word_1_703' title='bbox 1620 2058 1702 2091; x_wconf 77' lang='grc' dir='ltr'>φησὶν</span> <span class='ocrx_word' id='word_1_704' title='bbox 1723 2059 1736 2082; x_wconf 87' lang='grc' dir='ltr'><strong>ὀ</strong></span> <span class='ocrx_word' id='word_1_705' title='bbox 1769 2067 1857 2091; x_wconf 60' lang='grc' dir='ltr'>πρεσ-</span> 
     </span>
    </p>
   </div>
   <div class='ocr_carea' id='block_1_98' title="bbox 1069 2099 1856 2138">
    <p class='ocr_par' dir='ltr' id='par_1_98' title="bbox 1069 2099 1856 2138">
     <span class='ocr_line' id='line_1_98' title="bbox 1069 2099 1856 2138; baseline 0 -10"><span class='ocrx_word' id='word_1_706' title='bbox 1069 2103 1162 2138; x_wconf 77' lang='grc' dir='ltr'>ϐύτης,</span> <span class='ocrx_word' id='word_1_707' title='bbox 1191 2103 1239 2128; x_wconf 83' lang='grc' dir='ltr'>καὶ</span> <span class='ocrx_word' id='word_1_708' title='bbox 1256 2102 1384 2136; x_wconf 78' lang='grc' dir='ltr'>ποιμένος</span> <span class='ocrx_word' id='word_1_709' title='bbox 1411 2102 1462 2128; x_wconf 77' lang='grc' dir='ltr'>οὐκ</span> <span class='ocrx_word' id='word_1_710' title='bbox 1477 2101 1593 2136; x_wconf 76' lang='grc' dir='ltr'>ἄμοιρος</span> <span class='ocrx_word' id='word_1_711' title='bbox 1607 2110 1614 2117; x_wconf 91' lang='grc'><strong>·</strong></span> <span class='ocrx_word' id='word_1_712' title='bbox 1633 2099 1663 2128; x_wconf 75' lang='grc' dir='ltr'>οὗ</span> <span class='ocrx_word' id='word_1_713' title='bbox 1692 2103 1742 2136; x_wconf 83' lang='grc' dir='ltr'>τῆς</span> <span class='ocrx_word' id='word_1_714' title='bbox 1761 2106 1856 2137; x_wconf 64' lang='grc' dir='ltr'>φωνῆς</span> 
     </span>
    </p>
   </div>
   <div class='ocr_carea' id='block_1_99' title="bbox 1069 2147 1858 2182">
    <p class='ocr_par' dir='ltr' id='par_1_99' title="bbox 1069 2147 1858 2182">
     <span class='ocr_line' id='line_1_99' title="bbox 1069 2147 1858 2182; baseline 0 -8"><span class='ocrx_word' id='word_1_715' title='bbox 1069 2149 1106 2179; x_wconf 81' lang='grc' dir='ltr'>ὡς</span> <span class='ocrx_word' id='word_1_716' title='bbox 1127 2147 1241 2182; x_wconf 81' lang='grc' dir='ltr'>γνησίας</span> <span class='ocrx_word' id='word_1_717' title='bbox 1259 2147 1460 2182; x_wconf 74' lang='grc' dir='ltr'>ἐπῃσθημένος,</span> <span class='ocrx_word' id='word_1_718' title='bbox 1478 2147 1524 2172; x_wconf 78' lang='grc' dir='ltr'>καὶ</span> <span class='ocrx_word' id='word_1_719' title='bbox 1542 2148 1598 2178; x_wconf 85' lang='grc' dir='ltr'>τοῖς</span> <span class='ocrx_word' id='word_1_720' title='bbox 1617 2147 1723 2172; x_wconf 66' lang='grc' dir='ltr'>ἐκείνου</span> <span class='ocrx_word' id='word_1_721' title='bbox 1750 2148 1858 2182; x_wconf 72' lang='grc' dir='ltr'>δογμα-</span> 
     </span>
    </p>
   </div>
   <div class='ocr_carea' id='block_1_100' title="bbox 1035 2188 1856 2228">
    <p class='ocr_par' dir='ltr' id='par_1_100' title="bbox 1035 2188 1856 2228">
     <span class='ocr_line' id='line_1_100' title="bbox 1035 2188 1856 2228; baseline -0.001 -8"><span class='ocrx_word' id='word_1_722' title='bbox 1035 2188 1057 2215; x_wconf 80' lang='grc' dir='ltr'><strong>ι)</strong></span> <span class='ocrx_word' id='word_1_723' title='bbox 1071 2202 1113 2220; x_wconf 84' lang='grc' dir='ltr'><strong>σιν</strong></span> <span class='ocrx_word' id='word_1_724' title='bbox 1125 2194 1246 2228; x_wconf 75' lang='grc' dir='ltr'>ἕπομαι·</span> <span class='ocrx_word' id='word_1_725' title='bbox 1262 2194 1308 2219; x_wconf 71' lang='grc' dir='ltr'>καὶ</span> <span class='ocrx_word' id='word_1_726' title='bbox 1325 2193 1359 2218; x_wconf 86' lang='grc' dir='ltr'><strong>οὺ·</strong></span> <span class='ocrx_word' id='word_1_727' title='bbox 1371 2193 1423 2227; x_wconf 85' lang='grc' dir='ltr'><strong>χρή</strong></span> <span class='ocrx_word' id='word_1_728' title='bbox 1443 2201 1487 2226; x_wconf 84' lang='grc' dir='ltr'><strong>μοι</strong></span> <span class='ocrx_word' id='word_1_729' title='bbox 1503 2194 1552 2226; x_wconf 84' lang='grc' dir='ltr'>τῆς</span> <span class='ocrx_word' id='word_1_730' title='bbox 1578 2192 1708 2227; x_wconf 76' lang='grc' dir='ltr'>τοιαύτης</span> <span class='ocrx_word' id='word_1_731' title='bbox 1736 2196 1856 2228; x_wconf 63' lang='grc' dir='ltr'>νοπερὶς</span> 
     </span>
    </p>
   </div>
   <div class='ocr_carea' id='block_1_101' title="bbox 1072 2236 1857 2271">
    <p class='ocr_par' dir='ltr' id='par_1_101' title="bbox 1072 2236 1857 2271">
     <span class='ocr_line' id='line_1_101' title="bbox 1072 2236 1857 2271; baseline 0 -7"><span class='ocrx_word' id='word_1_732' title='bbox 1072 2238 1138 2269; x_wconf 79' lang='grc' dir='ltr'>πόας</span> <span class='ocrx_word' id='word_1_733' title='bbox 1153 2238 1199 2264; x_wconf 85' lang='grc' dir='ltr'>καὶ</span> <span class='ocrx_word' id='word_1_734' title='bbox 1215 2237 1376 2271; x_wconf 85' lang='grc' dir='ltr'>θανασίμου.</span> <span class='ocrx_word' id='word_1_735' title='bbox 1403 2246 1412 2261; x_wconf 72' lang='grc' dir='ltr'><strong>ι</strong></span> <span class='ocrx_word' id='word_1_736' title='bbox 1437 2236 1548 2267; x_wconf 81' lang='grc' dir='ltr'>Τούτοις</span> <span class='ocrx_word' id='word_1_737' title='bbox 1566 2237 1730 2270; x_wconf 71' lang='grc' dir='ltr'>ἀναφλεγεὶς</span> <span class='ocrx_word' id='word_1_738' title='bbox 1747 2239 1788 2268; x_wconf 87' lang='grc' dir='ltr'><strong>εἰς</strong></span> <span class='ocrx_word' id='word_1_739' title='bbox 1808 2239 1857 2264; x_wconf 82' lang='grc' dir='ltr'><strong>ου-</strong></span> 
     </span>
    </p>
   </div>
   <div class='ocr_carea' id='block_1_102' title="bbox 1074 2282 1856 2319">
    <p class='ocr_par' dir='ltr' id='par_1_102' title="bbox 1074 2282 1856 2319">
     <span class='ocr_line' id='line_1_102' title="bbox 1074 2282 1856 2319; baseline 0 -9"><span class='ocrx_word' id='word_1_740' title='bbox 1074 2284 1134 2319; x_wconf 75' lang='grc' dir='ltr'>μδν,</span> <span class='ocrx_word' id='word_1_741' title='bbox 1152 2284 1249 2310; x_wconf 74' lang='grc' dir='ltr'>θᾶττον</span> <span class='ocrx_word' id='word_1_742' title='bbox 1264 2283 1432 2317; x_wconf 79' lang='grc' dir='ltr'>ὀγδοήκοντα</span> <span class='ocrx_word' id='word_1_743' title='bbox 1446 2283 1549 2309; x_wconf 78' lang='grc' dir='ltr'>τούτων</span> <span class='ocrx_word' id='word_1_744' title='bbox 1568 2282 1717 2314; x_wconf 76' lang='grc' dir='ltr'>συλλαῦὼν,</span> <span class='ocrx_word' id='word_1_745' title='bbox 1735 2284 1796 2310; x_wconf 80' lang='grc' dir='ltr'>ὅσοι</span> <span class='ocrx_word' id='word_1_746' title='bbox 1807 2285 1856 2310; x_wconf 77' lang='grc' dir='ltr'>τοῦ</span> 
     </span>
    </p>
   </div>
   <div class='ocr_carea' id='block_1_103' title="bbox 1072 2328 1855 2366">
    <p class='ocr_par' dir='ltr' id='par_1_103' title="bbox 1072 2328 1855 2366">
     <span class='ocr_line' id='line_1_103' title="bbox 1072 2328 1855 2366; baseline 0 -10"><span class='ocrx_word' id='word_1_747' title='bbox 1072 2331 1191 2365; x_wconf 79' lang='grc' dir='ltr'>πλήθους</span> <span class='ocrx_word' id='word_1_748' title='bbox 1216 2328 1286 2366; x_wconf 81' lang='grc' dir='ltr'>ἦσαν</span> <span class='ocrx_word' id='word_1_749' title='bbox 1309 2329 1404 2363; x_wconf 79' lang='grc' dir='ltr'>ὥσπερ</span> <span class='ocrx_word' id='word_1_750' title='bbox 1423 2329 1606 2364; x_wconf 78' lang='grc' dir='ltr'>στηρίγματα,</span> <span class='ocrx_word' id='word_1_751' title='bbox 1637 2329 1705 2362; x_wconf 58' lang='grc' dir='ltr'>προς</span> <span class='ocrx_word' id='word_1_752' title='bbox 1737 2329 1855 2365; x_wconf 76' lang='grc' dir='ltr'>Θρᾴκην</span> 
     </span>
    </p>
   </div>
   <div class='ocr_carea' id='block_1_104' title="bbox 1071 2375 1856 2410">
    <p class='ocr_par' dir='ltr' id='par_1_104' title="bbox 1071 2375 1856 2410">
     <span class='ocr_line' id='line_1_104' title="bbox 1071 2375 1856 2410; baseline 0 -8"><span class='ocrx_word' id='word_1_753' title='bbox 1071 2377 1237 2410; x_wconf 75' lang='grc' dir='ltr'>ἐξέπεμπεν.</span> <span class='ocrx_word' id='word_1_754' title='bbox 1269 2376 1302 2402; x_wconf 84' lang='lat' dir='ltr'><strong>Ol</strong></span> <span class='ocrx_word' id='word_1_755' title='bbox 1332 2376 1360 2402; x_wconf 71' lang='grc' dir='ltr'>δὲ</span> <span class='ocrx_word' id='word_1_756' title='bbox 1384 2376 1489 2410; x_wconf 76' lang='grc' dir='ltr'>δέσμιοι</span> <span class='ocrx_word' id='word_1_757' title='bbox 1513 2375 1638 2407; x_wconf 82' lang='grc' dir='ltr'>διιόντες,</span> <span class='ocrx_word' id='word_1_758' title='bbox 1662 2375 1766 2409; x_wconf 84' lang='grc' dir='ltr'>πολλῆς</span> <span class='ocrx_word' id='word_1_759' title='bbox 1783 2385 1856 2408; x_wconf 82' lang='grc' dir='ltr'>τινος</span> 
     </span>
    </p>
   </div>
   <div class='ocr_carea' id='block_1_105' title="bbox 1069 2421 1856 2457">
    <p class='ocr_par' dir='ltr' id='par_1_105' title="bbox 1069 2421 1856 2457">
     <span class='ocr_line' id='line_1_105' title="bbox 1069 2421 1856 2457; baseline 0 -9"><span class='ocrx_word' id='word_1_760' title='bbox 1069 2423 1208 2457; x_wconf 82' lang='grc' dir='ltr'>ἀπήλαυον</span> <span class='ocrx_word' id='word_1_761' title='bbox 1222 2422 1272 2457; x_wconf 84' lang='grc' dir='ltr'>τῆς</span> <span class='ocrx_word' id='word_1_762' title='bbox 1295 2422 1459 2456; x_wconf 79' lang='grc' dir='ltr'>κηδεμονίας</span> <span class='ocrx_word' id='word_1_763' title='bbox 1469 2429 1476 2436; x_wconf 87' lang='grc'><strong>·</strong></span> <span class='ocrx_word' id='word_1_764' title='bbox 1492 2421 1538 2447; x_wconf 75' lang='grc' dir='ltr'>καὶ</span> <span class='ocrx_word' id='word_1_765' title='bbox 1552 2421 1645 2455; x_wconf 83' lang='grc' dir='ltr'>κῶμαι</span> <span class='ocrx_word' id='word_1_766' title='bbox 1660 2421 1715 2455; x_wconf 76' lang='grc' dir='ltr'><strong>γὰρ</strong></span> <span class='ocrx_word' id='word_1_767' title='bbox 1744 2423 1794 2448; x_wconf 71' lang='grc' dir='ltr'>καὶ</span> <span class='ocrx_word' id='word_1_768' title='bbox 1809 2424 1856 2448; x_wconf 73' lang='grc' dir='ltr'><strong>πό-</strong></span> 
     </span>
    </p>
   </div>
   <div class='ocr_carea' id='block_1_106' title="bbox 1070 2466 1856 2503">
    <p class='ocr_par' dir='ltr' id='par_1_106' title="bbox 1070 2466 1856 2503">
     <span class='ocr_line' id='line_1_106' title="bbox 1070 2466 1856 2503; baseline -0.001 -8"><span class='ocrx_word' id='word_1_769' title='bbox 1070 2470 1124 2499; x_wconf 88' lang='grc' dir='ltr'>λεις</span> <span class='ocrx_word' id='word_1_770' title='bbox 1139 2468 1260 2500; x_wconf 76' lang='grc' dir='ltr'>ὲξιοῦσαι</span> <span class='ocrx_word' id='word_1_771' title='bbox 1279 2469 1489 2502; x_wconf 80' lang='grc' dir='ltr'>προσυπήντων,</span> <span class='ocrx_word' id='word_1_772' title='bbox 1519 2467 1556 2498; x_wconf 82' lang='grc' dir='ltr'><strong>ὡς</strong></span> <span class='ocrx_word' id='word_1_773' title='bbox 1577 2466 1720 2498; x_wconf 73' lang='grc' dir='ltr'>εὖσεόείας</span> <span class='ocrx_word' id='word_1_774' title='bbox 1742 2469 1856 2503; x_wconf 77' lang='grc' dir='ltr'>προμά-</span> 
     </span>
    </p>
   </div>
   <div class='ocr_carea' id='block_1_107' title="bbox 1070 2513 1858 2550">
    <p class='ocr_par' dir='ltr' id='par_1_107' title="bbox 1070 2513 1858 2550">
     <span class='ocr_line' id='line_1_107' title="bbox 1070 2513 1858 2550; baseline 0 -10"><span class='ocrx_word' id='word_1_775' title='bbox 1070 2523 1128 2550; x_wconf 86' lang='grc' dir='ltr'>χοις</span> <span class='ocrx_word' id='word_1_776' title='bbox 1140 2515 1171 2540; x_wconf 72' lang='grc' dir='ltr'><strong>τὸ</strong></span> <span class='ocrx_word' id='word_1_777' title='bbox 1187 2515 1259 2545; x_wconf 75' lang='grc' dir='ltr'>εἰκὸς</span> <span class='ocrx_word' id='word_1_778' title='bbox 1273 2515 1470 2548; x_wconf 74' lang='grc' dir='ltr'>ἀφοσιούμεναι</span> <span class='ocrx_word' id='word_1_779' title='bbox 1487 2515 1582 2548; x_wconf 83' lang='grc' dir='ltr'>γέρας.</span> <span class='ocrx_word' id='word_1_780' title='bbox 1604 2513 1634 2539; x_wconf 85' lang='lat'>&#39;0</span> <span class='ocrx_word' id='word_1_781' title='bbox 1650 2513 1677 2539; x_wconf 75' lang='grc' dir='ltr'>δὲ</span> <span class='ocrx_word' id='word_1_782' title='bbox 1694 2513 1795 2546; x_wconf 70' lang='grc' dir='ltr'>φθόνος</span> <span class='ocrx_word' id='word_1_783' title='bbox 1813 2516 1858 2542; x_wconf 75' lang='grc' dir='ltr'><strong>ἀεὶ</strong></span> 
     </span>
    </p>
   </div>
   <div class='ocr_carea' id='block_1_108' title="bbox 1071 2559 1859 2595">
    <p class='ocr_par' dir='ltr' id='par_1_108' title="bbox 1071 2559 1859 2595">
     <span class='ocr_line' id='line_1_108' title="bbox 1071 2559 1859 2595; baseline -0.001 -8"><span class='ocrx_word' id='word_1_784' title='bbox 1071 2562 1240 2595; x_wconf 79' lang='grc' dir='ltr'>στρατεύων,</span> <span class='ocrx_word' id='word_1_785' title='bbox 1257 2561 1296 2591; x_wconf 74' lang='grc' dir='ltr'>εἰς</span> <span class='ocrx_word' id='word_1_786' title='bbox 1309 2561 1422 2595; x_wconf 85' lang='grc' dir='ltr'>βασιλέα</span> <span class='ocrx_word' id='word_1_787' title='bbox 1438 2561 1534 2586; x_wconf 79' lang='grc' dir='ltr'>θᾶττον</span> <span class='ocrx_word' id='word_1_788' title='bbox 1547 2559 1683 2594; x_wconf 79' lang='grc' dir='ltr'>ἀπέτρεχε</span> <span class='ocrx_word' id='word_1_789' title='bbox 1694 2567 1701 2573; x_wconf 90' lang='grc'><strong>·</strong></span> <span class='ocrx_word' id='word_1_790' title='bbox 1717 2561 1766 2586; x_wconf 78' lang='grc' dir='ltr'>καὶ</span> <span class='ocrx_word' id='word_1_791' title='bbox 1784 2570 1859 2595; x_wconf 81' lang='grc' dir='ltr'>παμ-</span> 
     </span>
    </p>
   </div>
   <div class='ocr_carea' id='block_1_109' title="bbox 1072 2605 1858 2642">
    <p class='ocr_par' dir='ltr' id='par_1_109' title="bbox 1072 2605 1858 2642">
     <span class='ocr_line' id='line_1_109' title="bbox 1072 2605 1858 2642; baseline -0.001 -9"><span class='ocrx_word' id='word_1_792' title='bbox 1072 2607 1184 2640; x_wconf 80' lang='grc' dir='ltr'>πόλλης,</span> <span class='ocrx_word' id='word_1_793' title='bbox 1200 2607 1287 2640; x_wconf 77' lang='grc' dir='ltr'>ἔλεγε,</span> <span class='ocrx_word' id='word_1_794' title='bbox 1302 2606 1430 2642; x_wconf 75' lang='grc' dir='ltr'>πρόξενος</span> <span class='ocrx_word' id='word_1_795' title='bbox 1444 2607 1528 2640; x_wconf 85' lang='grc' dir='ltr'>τιμῆς</span> <span class='ocrx_word' id='word_1_796' title='bbox 1539 2606 1659 2640; x_wconf 75' lang='grc' dir='ltr'>ἐγεγόνει</span> <span class='ocrx_word' id='word_1_797' title='bbox 1675 2605 1692 2639; x_wconf 84' lang='grc' dir='ltr'><strong>ὴ</strong></span> <span class='ocrx_word' id='word_1_798' title='bbox 1708 2606 1776 2639; x_wconf 79' lang='grc' dir='ltr'>παρ’</span> <span class='ocrx_word' id='word_1_799' title='bbox 1793 2607 1858 2640; x_wconf 79' lang='grc' dir='ltr'>ὑμῖν</span> 
     </span>
    </p>
   </div>
   <div class='ocr_carea' id='block_1_110' title="bbox 1072 2651 1858 2687">
    <p class='ocr_par' dir='ltr' id='par_1_110' title="bbox 1072 2651 1858 2687">
     <span class='ocr_line' id='line_1_110' title="bbox 1072 2651 1858 2687; baseline -0.001 -9"><span class='ocrx_word' id='word_1_800' title='bbox 1072 2652 1233 2686; x_wconf 79' lang='grc' dir='ltr'>νομισοεῖσα</span> <span class='ocrx_word' id='word_1_801' title='bbox 1261 2653 1354 2687; x_wconf 79' lang='grc' dir='ltr'>ὲξορία</span> <span class='ocrx_word' id='word_1_802' title='bbox 1370 2654 1427 2684; x_wconf 82' lang='grc' dir='ltr'>τοῖς</span> <span class='ocrx_word' id='word_1_803' title='bbox 1456 2651 1624 2683; x_wconf 74' lang='grc' dir='ltr'>καταδίκαις.</span> <span class='ocrx_word' id='word_1_804' title='bbox 1642 2651 1675 2677; x_wconf 84' lang='lat'>&#39;0</span> <span class='ocrx_word' id='word_1_805' title='bbox 1704 2651 1738 2685; x_wconf 82' lang='grc' dir='ltr'>δὴ</span> <span class='ocrx_word' id='word_1_806' title='bbox 1760 2652 1858 2685; x_wconf 77' lang='grc' dir='ltr'>μαθὼν</span> 
     </span>
    </p>
   </div>
   <div class='ocr_carea' id='block_1_111' title="bbox 1073 2697 1858 2733">
    <p class='ocr_par' dir='ltr' id='par_1_111' title="bbox 1073 2697 1858 2733">
     <span class='ocr_line' id='line_1_111' title="bbox 1073 2697 1858 2733; baseline -0.004 -8"><span class='ocrx_word' id='word_1_807' title='bbox 1073 2700 1188 2732; x_wconf 77' lang='grc' dir='ltr'>ἐκεῖνος,</span> <span class='ocrx_word' id='word_1_808' title='bbox 1218 2699 1288 2725; x_wconf 77' lang='grc' dir='ltr'>κατὰ</span> <span class='ocrx_word' id='word_1_809' title='bbox 1314 2699 1361 2725; x_wconf 87' lang='grc' dir='ltr'>δύο</span> <span class='ocrx_word' id='word_1_810' title='bbox 1393 2698 1561 2733; x_wconf 78' lang='grc' dir='ltr'>διαιρεθῆναι</span> <span class='ocrx_word' id='word_1_811' title='bbox 1591 2697 1781 2732; x_wconf 72' lang='grc' dir='ltr'>προστάττει·</span> <span class='ocrx_word' id='word_1_812' title='bbox 1810 2699 1858 2723; x_wconf 75' lang='grc' dir='ltr'>καὶ</span> 
     </span>
    </p>
   </div>
   <div class='ocr_carea' id='block_1_112' title="bbox 285 2788 1859 2830">
    <p class='ocr_par' dir='ltr' id='par_1_112' title="bbox 285 2788 1859 2830">
     <span class='ocr_line' id='line_1_112' title="bbox 285 2788 1859 2830; baseline -0.003 -10"><span class='ocrx_word' id='word_1_813' title='bbox 285 2794 323 2828; x_wconf 57' lang='lat' dir='ltr'><strong>ti)</strong></span> <span class='ocrx_word' id='word_1_814' title='bbox 338 2794 415 2829; x_wconf 80' lang='lat' dir='ltr'><strong>Apud</strong></span> <span class='ocrx_word' id='word_1_815' title='bbox 430 2794 596 2822; x_wconf 81' lang='lat' dir='ltr'><strong>Theodoret.</strong></span> <span class='ocrx_word' id='word_1_816' title='bbox 610 2795 712 2823; x_wconf 88' lang='lat' dir='ltr'><strong>dictum</strong></span> <span class='ocrx_word' id='word_1_817' title='bbox 737 2794 789 2822; x_wconf 89' lang='lat' dir='ltr'><strong>hoc</strong></span> <span class='ocrx_word' id='word_1_818' title='bbox 805 2802 854 2830; x_wconf 88' lang='lat' dir='ltr'><strong>per</strong></span> <span class='ocrx_word' id='word_1_819' title='bbox 877 2793 1117 2829; x_wconf 79' lang='lat' dir='ltr'><strong>interrogationem</strong></span> <span class='ocrx_word' id='word_1_820' title='bbox 1131 2792 1264 2820; x_wconf 80' lang='lat' dir='ltr'><strong>eﬂ&#39;ertur:</strong></span> <span class='ocrx_word' id='word_1_821' title='bbox 1294 2791 1336 2817; x_wconf 83' lang='grc' dir='ltr'><em>Αη</em></span> <span class='ocrx_word' id='word_1_822' title='bbox 1350 2798 1409 2817; x_wconf 85' lang='lat' dir='ltr'><strong>cum</strong></span> <span class='ocrx_word' id='word_1_823' title='bbox 1439 2790 1550 2826; x_wconf 78' lang='lat' dir='ltr'><strong>imperio</strong></span> <span class='ocrx_word' id='word_1_824' title='bbox 1567 2788 1746 2824; x_wconf 73' lang='lat' dir='ltr'><strong>episcopatum</strong></span> <span class='ocrx_word' id='word_1_825' title='bbox 1777 2790 1859 2816; x_wconf 82' lang='lat' dir='ltr'><strong>etiam</strong></span> 
     </span>
    </p>
   </div>
   <div class='ocr_carea' id='block_1_113' title="bbox 239 2829 583 2865">
    <p class='ocr_par' dir='ltr' id='par_1_113' title="bbox 239 2829 583 2865">
     <span class='ocr_line' id='line_1_113' title="bbox 239 2829 583 2865; baseline -0.006 -7"><span class='ocrx_word' id='word_1_826' title='bbox 239 2830 300 2862; x_wconf 75' lang='grc' dir='ltr'>ιηιιι</span> <span class='ocrx_word' id='word_1_827' title='bbox 311 2829 322 2857; x_wconf 75' lang='grc' dir='ltr'><em>ῖ·</em></span> <span class='ocrx_word' id='word_1_828' title='bbox 334 2830 393 2858; x_wconf 81' lang='lat' dir='ltr'><strong>Lib.</strong></span> <span class='ocrx_word' id='word_1_829' title='bbox 410 2837 447 2865; x_wconf 79' lang='lat' dir='ltr'><strong>IV,</strong></span> <span class='ocrx_word' id='word_1_830' title='bbox 463 2834 522 2865; x_wconf 75' lang='lat' dir='ltr'><strong>t‘ap.</strong></span> <span class='ocrx_word' id='word_1_831' title='bbox 541 2829 583 2856; x_wconf 76' lang='grc' dir='ltr'><strong>ιε.</strong></span> 
     </span>
    </p>
   </div>
  </div>
