1905 3048
213 89 265 121 647

820 84 1028 118 NICEPIIORI
1046 83 1220 117 CALUSTI

1777 86 1831 120 6H

217 145 256 173 eis
268 153 311 172 me
326 143 353 172 id
368 143 458 172 facere
468 143 569 172 debere
586 153 593 171 :
606 143 782 177 facturosque
803 141 829 168 id
850 141 918 168 adeo
931 149 998 168 con-

1057 150 1116 173 των,
1130 143 1158 167 ὲν
1174 141 1269 175 εἰρήνη
1288 139 1343 166 τῶν
1358 139 1476 174 Χριστοῦ
1494 140 1660 175 θρεμμάτων
1684 144 1832 177 μενόντων.

217 197 322 220 stanter
347 192 452 218 fueram
465 211 472 221 .
487 191 509 218 si
536 198 587 225 pax
610 190 712 217 Christi
729 189 827 216 ovibus
845 192 927 215 esset.
945 187 998 215 Sed

218 246 281 265 cum
295 238 379 264 multa
393 235 643 271 qutedam'insauitc
661 236 747 269 caligo
766 235 824 261 loca
840 234 930 260 omnia
951 241 998 260 0c-

220 284 338 317 euparit,
363 288 390 310 et
413 282 548 309 maximus
572 281 684 313 insuper
695 281 824 314 subrepat
847 280 939 309 timor.
965 285 999 305 ne

221 329 340 363 plurimo
356 328 516 354 imminente
528 326 660 361 periculo.
680 333 693 351 a
709 325 772 351 feris
783 332 849 351 oves
865 323 1000 350 dilanien-

222 377 277 402 tur.
304 371 451 398 necessitas
466 371 531 397 Inibi
545 377 653 404 quoque
673 369 819 401 incumbit,
833 374 861 394 ut
878 369 998 403 vigilem,

222 425 387 451 omnemque
404 417 496 443 funem
517 424 658 447 moveant,
677 423 710 442 ne
725 415 795 449 qttod
813 423 876 446 arex
898 415 1000 442 Christi

221 464 312 497 capiat
343 463 547 490 detrimentum.
573 463 626 495 Age
642 461 733 492 enim.
752 469 768 487 0
791 461 948 494 imperator,
978 460 1000 486 si

223 511 313 544 puella
328 517 416 536 essent
442 509 515 535 domi
532 509 559 534 in
581 508 702 535 conclavi
719 507 822 536 abdita.
846 507 920 533 fusos
944 514 1000 533 ma-

185 559 187 561 ’
221 557 303 584 nibus
318 561 447 586 tractans,
459 559 485 581 et
506 554 652 587 laniﬁcium
672 561 760 579 meum
784 560 883 579 curans
899 573 905 583 ,
919 557 1001 587 atque

221 602 348 629 alicunde
363 601 453 627 subito
469 599 653 633 conspicerem
672 598 808 625 ﬂammam
825 602 958 628 exortam,
974 601 1002 624 et

223 648 297 675 omni
318 655 351 674 ex
363 652 438 681 parte
455 650 573 679 paterna:
595 644 686 671 domui
704 644 907 674 circumfusam.
929 643 1002 671 fcedo

222 693 349 720 incendio
377 700 435 719 eam
459 691 568 725 jamjam
597 695 832 724 consumpturam,
862 690 927 723 quid
959 697 1002 715 me

206 739 313 765 .facere
328 736 488 772 oporteret?
503 737 563 766 dic.
579 739 604 762 te
633 743 682 770 per
695 736 777 761 Deum
798 742 858 761 oro.
872 734 1003 762 Utrumne

224 791 267 810 me
291 783 330 810 sic
360 781 466 810 sedere.
495 785 522 807 et
541 785 652 814 penates
676 779 780 814 patrios
805 778 1003 812 conﬂagrantes

225 829 377 862 despicere,
394 828 537 861 ignemque
555 830 758 859 proserpentem
777 829 952 858 exspectare:
969 832 1002 851 an

226 875 347 902 conclavi
361 873 450 900 statim
466 873 569 904 relicto,
585 878 692 898 sursum
706 874 733 896 et
743 871 870 897 deorsum
882 877 1004 901 currere,

225 928 323 955 aquam
353 919 380 946 iu
408 917 535 945 manibus
570 917 686 948 habere,
710 921 738 943 et
763 916 851 942 modis
878 914 1005 941 omnibus

225 966 360 992 flammant
375 965 546 998 exsﬁnguere
577 961 668 989 conari
689 960 848 995 oporteret?
866 959 944 995 150
954 959 1005 987 Sa-

227 1011 261 1037 lis
277 1017 341 1037 sane
357 1009 425 1042 scio,
450 1009 589 1035 dicturum
606 1011 642 1038 to,
659 1006 812 1033 faciendum
839 1006 905 1032 Inibi
933 1013 1004 1036 esse.

225 1055 298 1091 quod
312 1060 341 1082 et
358 1055 460 1089 sagacis
475 1060 600 1087 sameque
629 1052 729 1079 mentis
745 1052 834 1086 puella
853 1052 965 1079 faceret.
977 1051 1005 1078 ld

227 1103 315 1136 ipsum
344 1109 408 1128 vero
435 1107 508 1126 nunc
532 1105 642 1134 quoque
676 1099 734 1125 fieri
750 1098 851 1125 debere
866 1098 1004 1125 existimo.

225 1148 331 1176 Cumtu
344 1147 416 1174 enim
430 1145 506 1180 quasi
527 1144 630 1171 fulnien
652 1144 789 1179 quoddam
815 1144 843 1170 in
865 1148 1005 1178 paternam

227 1195 338 1222 domum
362 1197 483 1219 nostram
516 1190 645 1218 incideris
658 1210 665 1223 ,
682 1195 710 1218 et
726 1190 861 1217 veriorem
876 1190 1006 1225 pietatem

226 1249 333 1268 onmem
351 1240 412 1275 igne
426 1244 515 1265 vastes
525 1259 533 1272 ,
554 1238 729 1272 undiquaque
744 1237 1005 1268 circumcursamus,

224 1288 359 1314 ﬂammam
373 1287 532 1321 gliscentem
544 1285 717 1317 exstinguere
739 1288 905 1317 satagentes.
923 1292 931 1308 ›
943 1283 1007 1310 Hau:

225 1334 335 1368 quidem
354 1333 398 1359 ille
413 1332 493 1359 dixit.
504 1331 654 1365 Imperator
667 1335 758 1356 autem
773 1329 805 1356 ad
817 1330 904 1356 minas
920 1337 1007 1364 usque

213 1374 395 1415 progressus,
418 1378 499 1405 silere
515 1385 577 1403 eum
590 1377 688 1411 coegit.
705 1376 742 1402 Ex
757 1375 933 1403 cubiculariis
953 1385 1004 1402 att-

226 1431 279 1452 tctn
295 1423 467 1458 imperatoris
486 1422 606 1456 quidam,
625 1421 671 1455 qui
686 1425 810 1448 sanctum
830 1422 922 1448 virum
942 1429 1007 1456 pro-

225 1476 286 1505 pter
300 1470 381 1497 animi
397 1469 576 1496 temeritatem
593 1467 701 1501 gravius
718 1471 894 1499 tractavarat,
906 1467 933 1494 in
950 1468 1007 1494 bal-
1019 1478 1041 1509 ρ

226 1525 306 1544 neunt
319 1515 462 1543 confestim
483 1515 632 1548 ingressus,
651 1519 682 1540 ut
704 1513 820 1548 principi
840 1513 1003 1540 lavationem

227 1565 404 1597 praepararet,
422 1564 512 1586 mente
523 1563 629 1593 captus,
651 1563 678 1586 et
689 1560 716 1585 in
727 1559 829 1586 calidas
842 1567 925 1594 aquas
933 1558 1007 1586 dela-

226 1617 303 1643 psus.
320 1608 358 1634 ibi
380 1607 460 1633 vitam
483 1606 580 1632 finivit.
612 1605 762 1640 ltnperator
782 1606 941 1640 aliquandiu
961 1613 1007 1632 ex-

226 1658 362 1688 spectans,
377 1657 404 1679 et
417 1651 522 1678 extrahi
536 1659 567 1678 ea
587 1659 662 1677 mora
679 1657 786 1686 tempus
800 1659 930 1685 querens,
946 1651 1007 1677 aliis

226 1705 337 1725 camam
353 1697 411 1732 ejus
431 1697 470 1723 rei
490 1697 644 1730 inquisitam
664 1697 715 1723 sibi
732 1697 889 1723 renuntiare
905 1703 1007 1731 praece-

228 1744 276 1778 pit.
295 1743 344 1776 Qui
361 1750 421 1769 cum
435 1750 467 1769 eo
482 1742 631 1773 venissent,
648 1746 676 1768 et
691 1743 779 1768 omnia
797 1743 1016 1777 circutnspexis—‘

227 1793 298 1821 seut,
306 1788 379 1814 illum
392 1787 418 1813 in
428 1786 523 1813 calidis
533 1786 614 1813 undis
624 1792 709 1814 morte
721 1787 816 1821 frigida
836 1793 1004 1822 peremptum

227 1839 396 1868 repererunt.
422 1834 499 1867 Quod
529 1835 575 1861 ubi
599 1834 748 1868 imperator
777 1834 915 1867 cognovit,
937 1841 1007 1867 opus

227 1880 254 1906 id
271 1881 379 1914 quidem
398 1881 555 1914 pelulantis,
578 1881 722 1915 Aphraataa
732 1885 826 1907 sancto
840 1880 921 1907 illam:
934 1880 1007 1915 inju-

227 1929 275 1954 τίσι
300 1933 327 1954 et
346 1928 522 1954 contumeliae
543 1934 614 1959 esse.
630 1933 703 1954 recte
719 1927 868 1954 arbitratus
881 1930 942 1953 est:
973 1926 1007 1953 de

227 1975 310 2009 intpio
336 1980 425 2001 autent
460 1971 585 2008 degmate
615 1974 761 2006 etttttdem,
788 1975 863 2007 juxta
888 1973 1007 2000 indurati

226 2020 318 2047 cordis
347 2021 527 2051 Pharaonem,
550 2020 664 2047 retinuit
692 2020 824 2046 animum.
837 2019 871 2047 Et
896 2019 1007 2055 perinde

227 2071 307 2100 atqtte
330 2065 442 2092 fultnine
458 2065 563 2092 adlatus
578 2070 605 2092 et
624 2065 756 2091 attonitus
776 2066 924 2100 imperator
935 2085 942 2097 ,
955 2065 1007 2092 nti-

227 2111 319 2137 raculo
344 2119 377 2137 eo
402 2111 487 2145 magis
499 2111 582 2137 etiam
602 2115 642 2137 est
657 2116 750 2138 contra
767 2119 860 2138 veram
876 2112 1006 2146 pietatem

1056 188 1130 213 Ἐπεὶ
1145 187 1173 212 δὲ
1188 186 1273 221 πολλή
1288 195 1332 217 τις
1347 186 1377 212 τὸ
1391 187 1444 213 πᾶν
1466 187 1576 221 κατέχει
1593 188 1774 222 σκοτόμαινα,
1788 192 1834 217 καὶ

1050 234 1107 265 δέος
1122 235 1238 269 ὑφέρπει
1256 233 1393 266 πλεῖστον,
1415 233 1453 267 μὴ
1469 233 1626 269 Θηριάλωτα
1646 236 1773 269 γένηται,
1788 245 1835 271 με-

1050 279 1143 313 γίστου
1160 280 1354 314 ἐπηρτημένου
1371 279 1506 309 κινδύνου,
1523 279 1631 315 ἀνάγκη
1642 280 1716 315 κάμὲ
1734 289 1834 316 γρηγο-

1051 326 1118 360 ρεῖν,
1135 326 1182 352 καὶ
1199 327 1288 353 πάντα
1310 326 1400 353 κάλων
1417 327 1515 357 κινεῖν,
1535 326 1677 361 ἁλώὸητον
1700 328 1835 354 διασῶσαι

1051 371 1099 406 τὴν
1117 372 1234 407 ποίμνην
1257 373 1390 407 Χριστοῦ.
1404 373 1477 406 ’Δρα
1494 373 1560 407 γὰρ,
1584 369 1608 398 ὦ
1637 373 1761 407 βασιλεῦ,
1778 373 1834 407 εἴγε

1055 419 1124 452 κόρη
1140 426 1182 449 τις
1194 418 1342 453 ἐτύγχανον
1357 418 1405 450 ὢν,
1423 420 1493 445 οἴκοι
1509 427 1537 444 τε
1555 419 1601 445 καὶ
1617 419 1685 452 προς
1712 418 1834 452 θάλαμον

1052 465 1242 498 κεκρυμμένη,
1260 464 1305 489 καὶ
1325 464 1392 498 πρὸς
1410 464 1543 499 ἄτρακτον
1565 464 1707 499 ὲρείδουσα
1729 466 1833 500 χεῖρας,

1052 509 1159 544 καὶτῆς
1172 509 1273 540 οἰκείας
1289 509 1420 540 ταλασίας
1432 509 1591 535 καθεστῶσα
1604 510 1644 540 εἰς
1655 509 1833 543 ἐπιμέλειαν

1052 553 1113 581 εἶτά
1136 554 1220 580 ποθεν
1235 553 1367 588 ἐξαπίνης
1388 554 1474 588 φλόγα
1501 553 1712 588 προσπεσοῦσαν
1721 546 1833 588 ’ἐώρων,

1052 599 1101 633 τὴν
1125 599 1256 634 πατρῴαν
1281 599 1370 625 οἰκίαν
1393 599 1550 633 ἁπανταχοῦ
1576 598 1770 633 περιθέουσαν,
1792 599 1836 624 καὶ

1053 645 1288 680 κατεπειγομὲνην
1315 646 1501 680 ἀπηνέστερον
1522 642 1655 679 δαπανᾷν,
1671 645 1698 670 τί
1720 653 1755 679 με
1771 645 1835 679 δρᾷν

1054 690 1116 723 ἔδει,
1143 692 1204 717 εἰπὲ
1230 692 1298 726 πρὸς
1314 691 1382 718 Θεοῦ
1395 699 1403 723 ;
1416 687 1480 725 Ἆρ’
1491 691 1573 726 ἐχρῆν
1586 691 1674 725 ἡσυχῆ
1687 690 1835 725 καθῆσθαι.

1054 737 1100 763 καὶ
1114 737 1163 772 τὴν
1184 738 1321 772 πατρικὴν
1337 737 1431 764 ἑστίαν
1451 737 1537 768 οὕτως
1552 737 1770 771 ἐμπιπραμένην
1789 746 1837 762 πε-

1056 781 1161 816 ριορᾷν,
1180 781 1227 807 καὶ
1240 781 1271 807 τὸ
1286 781 1342 816 πῦρ
1356 781 1441 816 ἕρπον
1462 782 1628 816 προσμένειν
1639 789 1646 796 δ
1661 781 1676 814 ἢ
1691 781 1738 807 τὸν
1755 781 1836 807 0&1:-

1057 835 1106 860 μον
1120 826 1253 852 λιποῦσαν
1268 826 1359 859 εὐθὺς,
1375 827 1432 853 ἄνω
1454 827 1501 852 καὶ
1531 826 1606 853 κάτω
1632 826 1745 861 χωρεῖν,
1768 826 1838 859 ὕδωρ

1057 874 1125 905 μετὰ
1142 873 1235 906 χεῖρας
1256 872 1381 906 ἔχουσαν,
1407 873 1454 899 καὶ
1479 873 1560 898 παντὶ
1583 873 1676 907 τρόπῳ
1699 872 1839 898 σϐεννύειν

1056 917 1201 952 πειρᾶσθαι
1213 918 1263 953 τὴν
1274 919 1361 952 φλόγα
1375 927 1382 951 ;
1395 916 1467 945 Ὀἶδα
1490 919 1610 950 πάντως,
1630 919 1711 944 τοῦτο
1728 919 1812 952 ὲρεῖς,
1828 919 1840 944 ὃ

1056 964 1102 989 καὶ
1120 964 1188 998 κόρη
1213 965 1352 998 ἀγχίνους,
1372 965 1419 991 καὶ
1446 965 1546 1000 φρενὸς
1571 965 1665 999 ὑγιοῦς
1680 966 1840 992 ἀντιποιου-

1058 1009 1139 1044 μένη,
1150 1010 1263 1044 ἔδρασεν
1278 1010 1310 1037 ἄν
1321 1019 1328 1027 ·
1342 1010 1356 1036 ὃ
1367 1010 1445 1043 κάγὼ
1459 1010 1562 1044 νομίζω
1575 1011 1636 1045 ἄρτι
1651 1011 1839 1046 χρῆναιδρᾷν.

1056 1056 1107 1093 ξοῦ
1125 1056 1179 1090 γὰρ
1193 1054 1239 1082 οἶά
1252 1065 1326 1087 τινος
1341 1056 1475 1090 κεραυνοῦ
1491 1057 1537 1082 ἐπὶ
1549 1058 1598 1091 τὴν
1613 1057 1746 1092 πατρῴαν
1762 1058 1840 1092 ἡμῶν

1056 1103 1145 1130 οίκιαν
1157 1102 1397 1137 κατασκήψαντος,
1417 1102 1463 1129 καὶ
1477 1103 1506 1128 τὸ
1533 1103 1645 1137 σύμπαν
1670 1104 1840 1138 πυρπολοῦν-

1056 1158 1102 1180 τος
1118 1149 1167 1183 τῆς
1194 1148 1346 1180 εὐσεὸείας,
1370 1148 1530 1183 ἁπανταχοῦ
1554 1149 1719 1183 περιῢέομεν
1735 1150 1768 1176 τὺ
1793 1151 1841 1183 τῆς

1057 1194 1155 1229 φλογὸς
1169 1194 1292 1228 ἀκμάζον
1306 1194 1400 1221 σϐέσαι
1421 1195 1597 1229 πειρώμενοι.
1620 1204 1629 1220 ι
1646 1195 1742 1222 Ταῦτα
1759 1195 1774 1221 δ
1794 1196 1842 1229 μὲν

1057 1239 1151 1266 εἶπεν·
1177 1239 1192 1265 δ
1215 1240 1243 1265 δὲ
1272 1239 1368 1274 μέχρις
1391 1236 1507 1273 ἀπειλῆς
1532 1240 1729 1275 προχωρήσας,
1763 1242 1842 1275 σιγᾷν

1056 1285 1239 1320 ἠναγκάζετο.
1256 1285 1317 1312 Τῶν
1333 1295 1374 1316 τις
1389 1284 1416 1311 δὲ
1431 1286 1492 1319 περὶ
1508 1285 1553 1311 τὸν
1565 1285 1707 1320 βασιλικὸν
1723 1280 1843 1312 κοιτῶνα

1059 1321 1226 1366 Θρασύτερον
1244 1330 1282 1365 τῷ
1299 1331 1365 1366 ὁσίῳ
1396 1331 1541 1363 διατεθεὶς,
1558 1332 1620 1366 περὶ
1647 1331 1677 1358 τὸ
1701 1331 1843 1366 βαλανεῖον

1057 1376 1136 1406 εὐθὺς
1153 1375 1255 1409 εἰσιὼν,
1273 1375 1338 1402 ὥστ’
1362 1375 1428 1403 αὐτὸ
1446 1375 1552 1410 βασιλεῖ
1566 1377 1739 1410 εὐτρεπίσαι,
1753 1378 1784 1403 τὸ
1800 1378 1844 1403 λο-

1058 1422 1180 1454 γιστικὸν
1189 1422 1346 1457 ὲκτραπεὶς,
1361 1423 1400 1453 εἰς
1411 1422 1459 1455 τὴν
1473 1422 1644 1457 θερμοῤῥὸην
1656 1422 1845 1458 διολισίΗιο-ας,

1059 1469 1104 1492 καὶ
1118 1467 1238 1501 ἀκράτου
1261 1466 1404 1501 μετασχὼν
1419 1466 1467 1493 τοῦ
1488 1467 1601 1501 θερμοῦ,
1620 1467 1667 1492 τδν
1693 1467 1752 1502 βίον
1776 1469 1843 1495 ἁπέ-

1059 1512 1148 1539 λιπεν.
1179 1511 1254 1538 Ἐπεὶ
1269 1513 1290 1538 δ’
1313 1513 1326 1538 δ
1347 1512 1474 1547 βασιλεὺς
1496 1512 1611 1539 ἐπιπολὺ
1637 1513 1789 1548 διατρίϐων
1817 1515 1846 1541 τὸ

1061 1557 1144 1593 βραδὺ
1159 1559 1311 1594 κατῃτιᾶτο
1327 1558 1373 1584 τοῦ
1392 1557 1500 1592 χρόνον,
1516 1559 1619 1593 ἑτέροις
1635 1560 1772 1595 ἐπέτρεπε
1796 1571 1847 1596 μη-

1061 1604 1137 1630 νύειν
1152 1604 1183 1630 τδ
1196 1604 1291 1630 αἴτιον.
1311 1604 1353 1635 Ὠς
1373 1603 1395 1630 δ’
1409 1602 1476 1640 ἧκον
1493 1605 1581 1631 πάντα
1601 1607 1847 1639 περισκοποῦντες,

1059 1650 1160 1684 ὁρῶσιν
1177 1651 1283 1676 ἐκεῖνον
1299 1649 1373 1675 ἔνδον
1388 1650 1434 1675 τοῦ
1448 1650 1568 1684 ἀκράτου
1585 1651 1699 1685 θερμοῦ,
1714 1650 1754 1687 τῷ
1765 1653 1848 1688 ψύχει

1060 1695 1235 1730 διαλυόμενον
1254 1695 1302 1729 τῆς
1318 1694 1489 1729 νεκρὼσεως.
1510 1696 1542 1721 '0
1557 1695 1589 1729 δὴ
1604 1695 1628 1721 ot
1649 1696 1715 1730 περὶ
1731 1697 1779 1723 τὶν
1801 1698 1846 1733 βα-

1061 1740 1137 1766 σιλέα
1157 1740 1297 1774 μαθόντες,
1317 1740 1396 1775 ἔργον
1412 1740 1462 1774 μὲν
1476 1739 1545 1767 εἶναι
1562 1741 1612 1776 τῆς
1627 1743 1655 1773 ἐς
1671 1742 1849 1779 Ἀφραάτην,

1062 1787 1109 1812 τὸν
1134 1787 1218 1819 ὅσιον,
1246 1787 1390 1821 παροινίας
1413 1787 1501 1818 καλῶς
1529 1787 1705 1821 ἑλογίσαντο·
1729 1790 1800 1823 πρός
1819 1798 1849 1824 γε

1063 1832 1115 1867 μὴν
1134 1833 1164 1859 τὸ
1193 1833 1322 1864 δυσσεδὲς
1351 1833 1439 1868 δόγμα
1465 1834 1535 1860 κατὰ
1560 1834 1606 1861 τὺν
1629 1835 1849 1872 σκληροκάρδιοι

1061 1880 1191 1906 διέκειντο
1214 1880 1322 1914 Φαραώ.
1341 1880 1372 1906 Ὀ
1394 1880 1421 1906 δὲ
1446 1880 1630 1915 ὲμῆρὸντητος
1659 1881 1792 1915 βασιλεὺς
1819 1884 1849 1918 τῇ

1061 1926 1270 1962 θαυματουργία
1281 1927 1382 1962 μᾶλλον
1395 1927 1465 1953 κατὰ
1477 1928 1527 1961 τῆς
1544 1928 1686 1959 εὐσεϐείας
1699 1928 1850 1960 ὡπλίζετο.

1062 1973 1130 2000 Κατ’
1156 1973 1244 1998 ἐκεῖνο
1257 1974 1286 1999 δὲ
1302 1973 1400 2007 καιροῦ
1428 1973 1463 1999 τὰ
1481 1973 1524 1999 ἴσα
1542 1973 1580 2008 τῷ
1599 1973 1743 2010 ’Δφραᾶιτῃ
1773 1976 1826 2001 καὶ
1841 1977 1850 2000 ί

1062 2017 1249 2053 πολυύμνητος
1263 2018 1407 2049 Ἰουλιανὸς
1419 2018 1537 2053 ἔπραττε
1552 2027 1557 2034 ·
1576 2019 1625 2050 τὰς
1646 2018 1700 2054 γὰρ
1712 2020 1742 2046 ἐν
1755 2021 1850 2055 ὲρήμιι

1061 2065 1201 2099 διατριΰὰς
1216 2065 1263 2090 καὶ
1279 2062 1356 2096 οὗτος
1370 2065 1539 2097 καταλιπὼν,
1553 2066 1602 2101 τὴν
1618 2066 1764 2101 Ἀντιόχου
1785 2076 1851 2094 κατ·
1890 2095 1892 2097 _

1062 2111 1168 2138 ἐλαϐεν.
1183 2111 1259 2137 Ἐπεὶ
1288 2112 1342 2146 γὰρ
1368 2112 1392 2138 οι
1415 2111 1461 2137 τοῦ
1482 2111 1597 2146 ψεύδους
1618 2113 1747 2147 ἐργάται,
1767 2114 1794 2139 οἱ
1822 2114 1851 2139 τὲ

227 2158 388 2184 concitatus.
407 2156 508 2183 Eadem
533 2161 692 2190 tempestate
709 2157 780 2184 idem
796 2157 868 2192 quod
886 2157 1005 2192 Aphraa-

1065 2157 1169 2192 Ἀρείου
1191 2157 1264 2190 λέγω
1288 2157 1467 2192 φρονοῦντες,
1491 2160 1669 2192 συκοφαντεῖν
1691 2159 1853 2194 ἐπειρῶντο

228 2207 276 2234 tes,
294 2203 440 2237 plurimutn
457 2202 583 2229 laudatus
598 2203 641 2229 ille
658 2203 783 2230 Julianus
794 2203 867 2230 fecit.
881 2203 947 2231 Nam
963 2203 1010 2230 hic

225 2254 334 2282 quoque
350 2246 498 2273 solitudine
519 2247 630 2279 relicta,
648 2248 820 2274 Antiochiam
839 2249 922 2276 venit.
939 2248 1008 2275 Cum

225 2294 296 2320 enim
312 2293 446 2320 tuendaeti
463 2293 591 2324 artifices,
610 2293 701 2320 Ariani
719 2294 842 2328 inquam,
859 2302 908 2329 per
930 2302 1008 2330 syco-

226 2340 365 2374 phantiam
394 2339 482 2366 virum
508 2346 631 2366 sanctum
662 2340 804 2366 traducere
831 2345 1007 2371 conarentur,

226 2386 308 2411 veluti
336 2385 462 2411 factionis
484 2393 578 2411 eorum
606 2391 688 2415 esset,
713 2390 740 2412 et
763 2385 881 2419 dogmati
908 2384 1008 2411 Ariano

225 2432 394 2458 Consentiret
411 2439 418 2457 :
440 2430 602 2462 Flavianus,
621 2431 756 2457 Diodorus
769 2450 776 2461 ,
796 2436 823 2456 et
845 2430 1008 2464 Aphraatcs.

225 2477 348 2503 veritatis
378 2477 491 2509 lumina,
514 2477 641 2503 Acacium
665 2476 742 2502 illum
760 2475 806 2510 qui
830 2481 921 2510 pestea
947 2476 1012 2502 Ber-

226 2529 358 2548 τωοιιδοιιι
381 2522 519 2548 civitatem
542 2528 679 2547 sacrorum
703 2521 818 2547 antistes
842 2521 944 2555 opliute
963 2522 1011 2547 ad-

226 2566 397 2597 ιιιίιιίηιτςινὶι,
419 2566 452 2591 ad
473 2566 609 2591 celebrem
629 2566 704 2592 illum
723 2567 811 2592 virum
837 2573 898 2592 cum
914 2566 1008 2601 hujus'<

226 2611 295 2637 Intuli
322 2611 466 2646 postulatis
487 2611 604 2643 misnre,
623 2617 650 2637 ut
668 2612 816 2639 multorum
838 2612 876 2646 (l)
893 2611 1007 2637 millium

225 2657 365 2684 hominum
384 2658 509 2684 misertus
522 2659 637 2690 veniiet,
653 2663 680 2686 et
708 2667 769 2685 cutn
792 2657 1009 2684 adversariorum

224 2703 399 2735 redargueret
409 2703 653 2735 tncndaeium,tum
666 2706 807 2731 veritatem
820 2702 904 2728 libere
914 2703 1012 2727 contir-

261 2793 299 2827 (l)
315 2792 420 2820 Thcod.
437 2801 495 2828 cap.
512 2795 557 2821 27.

1060 2203 1106 2230 τὸν
1120 2204 1205 2234 ὅσιον,
1221 2203 1258 2234 ὡς
1270 2205 1320 2238 τῆς
1337 2204 1427 2229 αὐτῶν
1439 2205 1480 2238 εῐη
1500 2205 1626 2239 φατρίας,
1642 2205 1690 2230 καὶ
1706 2207 1765 2235 τοῖς
1779 2206 1854 2231 ἐκεί-

1061 2257 1114 2275 νων
1138 2250 1241 2283 στοιχεϊ
1260 2249 1376 2284 δόγμασι
1389 2256 1398 2265 ο
1411 2249 1561 2280 Φλοειανδς
1577 2250 1625 2276 καὶ
1648 2250 1784 2284 Διόδωρος
1806 2253 1855 2277 x2".

1067 2294 1225 2329 Ἀφραάτης
1241 2291 1330 2326 οὗτος,
1349 2295 1373 2320 oi
1386 2295 1434 2328 τῆς
1449 2294 1577 2330 ἀληθείας
1595 2296 1755 2330 φωστῆρες,
1768 2296 1855 2322 Ἀκά-

1061 2349 1119 2366 κιον
1135 2341 1251 2372 ἐκεῖνον,
1275 2340 1305 2371 ὃς
1331 2340 1381 2375 τὴν
1408 2340 1575 2376 Βερροιαίων
1594 2341 1672 2367 πόλιν
1703 2343 1856 2368 sicine-.12

1061 2385 1176 2411 διίθυνεν
1191 2385 1303 2420 ἄριστα,
1324 2386 1392 2419 πρὸς
1418 2385 1463 2412 τὸν
1481 2386 1662 2420 πανεύφημον
1678 2387 1790 2412 ἐκεῖνον
1810 2389 1855 2414 ἄν»

1059 2431 1111 2466 δρα
1127 2431 1321 2464 προσάγοντες,
1350 2430 1441 2466 δέησιν
1459 2431 1595 2464 ἔπεμπον,
1619 2431 1724 2457 πολλῶν
1742 2433 1857 2466 ἀνθρὼ-

1061 2482 1120 2500 πων
1137 2474 1268 2508 μυριάδας
1290 2476 1441 2510 οίκτεῑραι·
1473 2476 1539 2502 ὥστ’
1554 2476 1638 2507 ἰόντα,
1662 2476 1692 2502 τὸ
1718 2477 1774 2510 μὲν
1801 2478 1858 2503 τῶν

1063 2521 1195 2547 ἐναντίων
1211 2521 1348 2555 διελέγξαι
1375 2522 1484 2556 ψεῦδος,
1510 2522 1560 2556 τὴν
1579 2522 1602 2548 δ’
1631 2522 1763 2557 ἀλήθειαν
1784 2526 1849 2559 παῤ

1064 2567 1206 2600 ῥηπιάσαι,
1222 2567 1269 2592 καὶ
1288 2568 1318 2592 τὸ
1334 2568 1383 2600 τῆς
1402 2567 1517 2599 πίστεως
1537 2569 1626 2603 δόγμα
1643 2569 1779 2602 κηρύξαι.
1801 2571 1859 2596 Καὶ

1065 2611 1082 2638 ἃ
1096 2612 1145 2646 μὲν
1160 2610 1237 2644 οὗτος
1255 2613 1301 2639 καὶ
1316 2613 1389 2646 ἅπαξ
1414 2614 1458 2639 καὶ
1474 2613 1599 2648 δεύτερον
1615 2614 1707 2640 εἰσιὼν
1724 2615 1778 2648 τὴν
1795 2617 1859 2642 Ἀν-

1064 2658 1155 2692 τιόχοο
1184 2659 1324 2693 πλράδοξα
1351 2659 1527 2694 διεπράξατο,
1557 2661 1573 2695 ή
1599 2661 1722 2694 φιλόθεος
1740 2663 1860 2694 ἱστορία

1064 2703 1165 2736 διδάξει
1180 2706 1234 2736 τοῖς
1248 2705 1420 2739 βουλομένοις
1433 2715 1439 2721 ·
1457 2707 1497 2732 ὅτι
1513 2706 1539 2732 δὲ
1553 2707 1582 2732 τὸ
1594 2706 1641 2740 τῆς
1662 2706 1771 2738 πόλεως
1787 2710 1850 2742 σύμ
