1905 3048
177 123 229 156 655

780 126 988 167 ΝΜἚΡΠΟΙᾘ
1013 126 1179 157 (ΣΑῌᾸΒΤῘ

1744 124 1796 156 63ίῖ

178 185 268 211 lorum
301 182 509 209 cunvulsionem
535 181 604 209 adeo
631 182 814 216 laborantem,
849 189 878 210 ut
907 183 960 210 illis

1019 185 1044 218 δὴ
1058 185 1152 210 τοῦτον
1169 184 1250 218 ἐλαίῳ
1271 183 1424 217 χρίσαντες,
1451 183 1666 218 παρεκελεύοντο
1691 186 1737 210 ἐπὶ
1762 186 1801 218 τῷ

179 229 308 256 insistere
328 236 380 255 non
407 232 511 264 posset,
529 228 577 256 sed
604 227 775 262 scipionibus
796 228 961 263 quibusdam

179 276 291 303 illorum
317 276 405 302 vicem
429 280 457 302 et
481 281 561 302 usum
585 274 718 309 expleret.
740 274 818 302 Hune
841 275 880 302 illi
903 275 963 302 oleo

180 327 293 349 uueuttn
307 322 334 348 in
352 321 460 348 nomine
475 320 588 352 Christi,
602 328 683 355 quetn
699 320 799 347 Lucius
811 327 962 354 perseque-

181 372 277 399 retur,
301 374 413 401 surgere
438 370 466 393 et
488 365 599 393 domum
626 365 666 392 ire
683 366 832 400 jusserunt.
859 366 893 391 At
919 365 964 392 ille

181 415 323 445 exsiliens,
345 412 435 440 statim
452 412 505 439 iter
520 411 644 446 perfecit,
658 411 753 438 eadem
770 419 883 445 prorsus
900 418 962 438 eum

181 459 325 487 monachis
353 458 412 486 istis
439 457 554 486 colenda
581 464 642 485 esse
672 457 841 491 prmd‘teans,
863 457 965 491 quibus

180 507 270 538 Deus,
297 505 411 531 Lucium
439 503 477 538 (i)
502 502 717 534 accusantibus,
743 503 857 537 gratiam
886 510 965 530 suam

181 551 358 582 concederet,
375 555 401 577 et
415 556 509 577 aurem
528 555 579 576 tam
595 548 711 583 benigne
727 548 873 582 praeberet,
893 553 922 575 ut
938 555 967 575 se

182 602 236 624 tam
259 596 392 623 diuturno
417 593 514 621 morbo
539 592 693 620 liberarint.
713 591 791 627 155
809 591 910 619 Verum
933 599 967 619 ne

181 643 215 670 iis
228 641 339 677 quidem
362 641 428 675 ipsis
452 640 536 666 rebus
558 639 599 666 eis
624 638 733 665 consilii
759 640 899 672 emptique
924 638 966 665 sui

181 687 344 724 paenitentia
373 686 496 714 incessit.
523 685 608 712 Noctu
637 685 712 711 enim
742 684 792 711 hos
819 691 968 719 oppressos

181 738 263 768 atque
277 732 498 767 comprehensos
514 732 542 758 in
557 731 676 758 insulam
693 732 840 765 quamdam
851 730 966 757 circum-

180 780 254 807 circa
277 779 337 806 lacu
364 777 469 812 ingenti
495 776 699 804 circumdatam
723 776 870 807 miserunt,
886 783 968 810 quam

181 824 335 858 antiquitus
353 823 480 850 homines
496 822 704 856 superstitionis
718 821 906 854 daemoniaezc,
920 821 967 856 qui

1014 231 1133 266 Χριστοῦ
1157 231 1280 265 ὀνόματι,
1308 230 1338 256 ὂν
1367 229 1480 261 Λούκιος
1503 230 1606 263 διὼκει,
1626 230 1801 259 auferrem.

1014 277 1060 302 καὶ
1075 276 1165 303 οἴκαδε
1180 276 1296 302 ἐπιέναι.
1319 275 1348 301 Ὀ
1366 275 1388 301 δ’
1404 275 1486 306 εὐθὺς
1504 275 1662 310 ἁλλόμενος,
1680 275 1729 310 τὴν
1743 277 1803 302 ὅδὶν

1013 322 1104 357 ἦνυεν,
1123 322 1206 356 ἄρδην
1223 323 1364 356 κηρύττων
1379 322 1415 352 ὡς
1445 322 1479 348 τὰ
1505 322 1549 348 ἴσα
1579 321 1686 353 τούτοις
1713 322 1803 356 χρεὼν

1015 368 1114 399 σέεειν,
1130 366 1171 396 οἷς
1200 369 1247 394 καὶ
1261 368 1327 399 Θεὸς
1355 369 1405 402 τὴν
1433 367 1516 402 χάριν
1542 367 1749 401 ἐπιψηφίζεται,
1767 370 1799 402 τῇ

1014 414 1166 449 κατηγορίᾳ
1181 413 1297 441 Λουκίου
1317 422 1324 429 ο
1339 411 1380 445 οἷς
1394 415 1439 439 καὶ
1457 414 1503 444 οὓς
1524 414 1658 448 παρέσχεν
1676 414 1800 447 εὐήκοον.

1015 461 1060 487 τὸν
1080 461 1217 495 κάμνοντα
1231 460 1277 486 τοῦ
1296 459 1412 487 παλαιοῦ
1441 459 1598 492 ἀπαλλάξας
1619 459 1734 490 πάθους.
1763 459 1803 485 Οὐ

1018 507 1071 542 μὴν
1084 507 1130 533 καὶ
1142 507 1242 534 τούτων
1254 507 1419 540 γενομένων,
1440 506 1591 541 μετάμελος
1611 506 1727 535 ἐκείνοις
1743 505 1800 531 ela-

1015 553 1058 589 ῄει
1080 552 1284 579 ἐπιϐουλεύουσι
1297 561 1304 568 ·
1322 553 1429 587 νύκτωρ
1462 553 1509 579 καὶ
1526 552 1581 588 γὰρ
1592 552 1729 583 ἐπιόντες,
1756 552 1804 577 καὶ

1017 598 1125 629 τούτους
1137 599 1374 633 ὰναρπαπέιμενοι,
1388 599 1434 625 ἐπί
1449 607 1508 624 τινα
1534 599 1615 632 νῆσον
1643 598 1801 632 ἀπήγαγον.

1017 646 1109 679 κύκλῳ
1143 646 1243 680 λίμνην
1275 645 1511 679 περιϐεϐλημένην
1552 644 1678 679 πολλὴν,
1706 644 1741 679 ἢν
1776 644 1805 675 ἐξ

1018 692 1132 727 ἀρχαίου
1145 691 1239 726 ἄνδρες
1251 691 1340 725 ᾤκουν
1358 691 1555 726 δεισιδαιμονίᾳ
1572 690 1641 725 μάλα
1656 690 1804 721 συζῶντες,

1018 737 1065 763 καὶ
1079 736 1125 764 τοῦ
1139 737 1198 763 καθ’
1209 737 1281 771 ἡμᾶς
1296 736 1429 771 δόγματος
1442 736 1558 771 πάμπαν
1574 735 1695 769 ἀνήκοοι.
1710 732 1767 760 Ἦν
1783 733 1806 759 δ’

1019 784 1112 814 αὐτοῖς
1137 783 1226 809 ἐκεῖσε
1259 781 1306 808 καὶ
1332 781 1496 808 παλσίτατον
1519 781 1631 815 τέμενος
1656 780 1807 814 ἀλάστορος

1019 829 1155 863 δαίμονος.
1173 826 1202 855 ob
1217 828 1283 855 πολῦ
1298 827 1328 854 τὸ
1346 828 1427 858 σέϐας
1452 827 1517 862 παρ’
1544 828 1635 858 αὺτοῖς
1660 826 1806 861 ἐντετηκὸς

182 871 336 898 doctrinam
354 873 476 896 nostram
492 875 605 902 prorsus
619 875 673 894 non
690 867 846 900 audissent,
862 867 967 894 incole-

1019 859 1189 908 pa'titcmrﬁv.
1210 874 1286 900 Ἐπεὶ
1298 874 1325 900 δὲ
1337 874 1386 907 τῆς
1409 859 1498 905 νήσου·
1521 872 1671 903 ἐπέϐαινον,
1697 859 1806 906 δαίμονι

182 917 258 943 bant.
281 916 347 942 Erat
360 920 451 941 autem
467 915 559 941 adhuc
577 914 613 941 ibi
635 914 784 948 perniciosi
801 918 828 941 ct
843 913 966 948 pestiferi

183 961 318 989 damonis
343 959 566 994 antiquissimum
594 959 738 986 delubrum
754 979 762 991 ,
787 959 866 994 cujus
892 959 967 986 cultu

184 1008 333 1035 etiamnum
358 1006 475 1034 maxime
503 1006 678 1033 tenebantur.
704 1005 850 1040 Postquam
875 1008 966 1032 autem

185 1053 303 1081 insulam
317 1053 478 1087 attigerunt.
494 1050 646 1078 sacerdotis
660 1051 724 1082 lilia.
741 1058 755 1077 a
771 1050 895 1078 daemone
910 1050 968 1085 agi-

185 1103 250 1132 tata,
276 1098 311 1125 ad
337 1105 385 1125 eos
409 1098 494 1124 venit.
521 1097 587 1130 Qua!
614 1097 660 1124 ubi
687 1104 770 1124 cursu
795 1101 823 1123 et
848 1096 968 1124 clamore

185 1142 322 1171 indecenti
335 1142 369 1170 ad
386 1149 434 1169 eos
450 1142 642 1173 contenderet,
654 1142 750 1168 insulze
768 1141 875 1178 incolas,
892 1141 969 1168 novi-

186 1194 241 1217 tate
255 1189 314 1223 ejus
323 1189 362 1216 rei
375 1188 556 1219 consternati.
569 1195 628 1215 eam
641 1191 707 1214 sunt
720 1187 820 1214 secuti.
836 1186 888 1214 Ubi
901 1194 968 1214 vero

184 1235 218 1263 ad
235 1242 343 1266 navem,
359 1241 413 1269 qua
435 1234 521 1261 divini
546 1234 585 1260 illi
604 1241 683 1261 senes
707 1233 740 1261 ad
759 1233 836 1260 littus
857 1233 970 1268 appule-

184 1287 258 1313 rant,
277 1281 406 1313 accessit,
431 1280 596 1307 daemonium
620 1280 692 1306 illam
717 1279 874 1307 convellens
893 1278 968 1306 humi

184 1327 313 1363 projccit,
332 1331 360 1354 et
380 1333 480 1361 magno
495 1333 545 1361 per
561 1325 634 1352 illam
658 1326 780 1352 clamore
801 1325 876 1352 edito
890 1325 970 1351 obse-

185 1372 290 1405 cravit,
315 1381 324 1397 t
349 1371 504 1404 Quidnam,
531 1371 675 1405 inquiens,
704 1370 738 1397 ad
765 1378 815 1397 tios
843 1371 969 1403 venistis,

186 1419 278 1454 magni
301 1418 349 1445 Dei
366 1417 507 1445 ministri?
528 1417 647 1444 lnsulatn
666 1424 786 1451 namque
804 1416 885 1444 istaut
900 1417 970 1451 jam-

185 1464 289 1492 dudum
313 1471 363 1491 ttos
385 1463 489 1497 absque
508 1462 635 1489 molestia
658 1467 686 1489 et
705 1463 782 1489 turba
801 1462 875 1488 omni
896 1467 971 1488 tene-

187 1517 258 1540 mus.
276 1514 303 1536 et
317 1509 448 1536 omnibus
468 1515 553 1543 prope
570 1507 730 1534 ltominihus
743 1507 839 1542 ignoti,
855 1513 882 1534 et
897 1507 971 1533 lacu-

189 1557 242 1584 bus
269 1556 328 1583 istis
363 1554 562 1582 circumvallati
604 1553 648 1579 hic
675 1553 802 1580 latemus.
843 1552 921 1585 Quod
947 1551 969 1579 si

188 1603 319 1636 deinceps
338 1601 415 1628 vobis
433 1600 503 1627 hanc
520 1600 660 1633 regionem
680 1599 800 1626 incolere
815 1598 904 1626 visum
917 1603 969 1631 est,

189 1649 308 1676 libenter
334 1646 510 1674 decedemus.
531 1654 541 1671 ι
568 1645 643 1672 Talia
660 1645 765 1672 daemon
780 1652 829 1680 per
852 1645 970 1680 puellam

189 1693 404 1721 vociferabatur.
422 1692 474 1725 Qui
500 1691 667 1726 simulatque
685 1691 720 1718 ab
742 1691 796 1718 illis
818 1690 971 1725 increpitus

190 1740 270 1767 silere
288 1739 383 1774 jussus
398 1743 450 1772 est,
472 1738 562 1773 puella
583 1745 598 1764 e
616 1737 732 1772 vestigio
748 1745 810 1764 cutn
823 1737 929 1771 pudore
944 1742 972 1764 et

190 1785 323 1812 modestia
339 1786 372 1811 ad
399 1784 516 1818 seipsatn
538 1783 633 1810 rediit.
653 1782 684 1808 Et
708 1787 786 1817 pater
807 1783 867 1817 ejus
888 1786 971 1816 atque

190 1831 278 1858 insula
291 1831 380 1858 omnis
392 1837 453 1857 eum
470 1829 568 1856 incolis
581 1828 718 1855 universis
732 1827 971 1855 Christianismum

189 1877 309 1911 suscepit
326 1885 332 1903 :
346 1876 534 1911 templumque
549 1874 620 1909 quod
638 1874 675 1901 ibi
693 1878 763 1906 erat,
778 1878 968 1908 repurgatum,

189 1929 274 1958 atque
295 1923 323 1950 in
339 1922 485 1950 ecclesiam
509 1920 747 1952 transformatum.
767 1919 878 1947 Christo
896 1919 973 1947 dedi-

190 1969 269 1997 cavit.
295 1969 332 1996 Ea
356 1976 401 1995 res
424 1967 627 2002 quamprimum
652 1965 845 1992 Alexandriam
869 1973 972 1993 renun-

191 2017 256 2043 tiata
279 2015 363 2042 Lucio
381 2022 436 2041 non
459 2020 556 2048 parum
585 2012 678 2039 attulit
696 2012 835 2039 mmroris.
860 2012 972 2039 Factum

190 2060 263 2088 enim
289 2059 352 2086 inde
376 2064 427 2090 est,
450 2064 479 2085 ut
499 2065 553 2084 non
579 2057 667 2084 solum
692 2057 856 2087 alienorum.
875 2064 971 2084 verum

191 2107 274 2134 etiam
311 2105 483 2140 popularium
518 2111 631 2130 suorum
668 2103 762 2130 odium
794 2103 969 2136 incurreret;

192 2151 305 2186 perndc
321 2156 403 2184 atque
417 2152 440 2177 is
456 2151 503 2184 qui
519 2157 644 2176 nottcuut
661 2149 832 2183 hominibus,
847 2150 893 2176 sed
910 2158 972 2176 cum

1017 921 1183 954 κατάσχετον
1198 921 1348 953 γενομένην
1359 919 1407 952 τὴν
1422 919 1467 944 τοῦ
1481 918 1573 952 ἱερέως
1589 917 1725 952 θυγατέρι
1739 917 1809 951 παρ’

1017 964 1138 995 ἐκείνους
1157 963 1247 999 ἥκειν.
1268 963 1313 993 Ὠς
1332 963 1360 990 δὲ
1379 962 1472 997 δρόμῳ
1489 961 1588 988 Θέουσα
1618 961 1666 996 βοῇ
1689 961 1806 994 ἀκόσμῳ

1016 1009 1064 1037 τοῦ
1078 1010 1171 1044 πρόσω
1188 1009 1284 1044 εἴχετ’),
1300 1009 1323 1034 οἱ
1344 1008 1397 1040 τὴν
1414 1007 1494 1041 νῆσον
1514 1006 1662 1038 οἰκοῦντες,
1677 1005 1717 1041 τῷ
1736 1006 1806 1041 ξένῳ

1017 1055 1062 1082 τοῦ
1071 1054 1232 1089 πράγματος
1241 1053 1387 1088 ἐκπληκτοι
1397 1052 1546 1086 γεγονότες,
1555 1051 1670 1077 κατόπιν
1680 1051 1807 1080 ἐδίωκον.

1024 1101 1098 1127 Ἐπεὶ
1111 1100 1134 1127 δ’
1151 1102 1196 1127 ἐπὶ
1210 1101 1260 1134 τὴν
1270 1099 1336 1126 ναῦν
1351 1099 1437 1134 ἢτοὺς
1454 1098 1541 1129 θείους
1567 1097 1722 1132 πρεσϐύτας
1737 1098 1807 1124 καθ-

1018 1147 1149 1182 ώρμιζεν,
1184 1146 1318 1180 ἐγεγόνει,
1335 1145 1478 1179 σπαράξαν
1506 1144 1632 1178 αὐτὴντὸ
1654 1143 1809 1178 δαιμόνιον,

1017 1194 1057 1224 el;
1070 1193 1122 1227 γῆν
1135 1193 1245 1227 Ξίὶριπτε
1260 1200 1267 1207 ·
1287 1191 1358 1226 μέγα
1377 1191 1405 1217 δὲ
1422 1191 1521 1226 κράζον
1539 1190 1573 1216 δι’
1598 1190 1718 1223 ἐκείνης,
1742 1191 1808 1216 ἐπο-

1018 1239 1119 1268 τνιᾶτο.
1134 1247 1143 1264 ‹
1163 1238 1219 1264 ’Ίνα
1232 1238 1267 1270 τί,
1281 1237 1378 1271 λέγων,
1395 1237 1461 1271 πρὸς
1475 1237 1547 1272 ἡμᾶς
1558 1236 1650 1271 ἥκετε,
1670 1235 1739 1262 Θεοῦ
1753 1244 1810 1270 με-

1018 1285 1100 1318 γάλου
1109 1284 1291 1319 Βεράποντεςς
1321 1283 1399 1318 τήνδε
1415 1283 1469 1318 γὰρ
1484 1283 1565 1317 ἡμεῖς
1582 1282 1631 1316 τὴν
1662 1282 1746 1316 νῆσον
1774 1283 1809 1307 ὲκ

1020 1329 1117 1356 πολλοῦ
1155 1329 1346 1363 κατοικοῦμεν,
1375 1329 1462 1355 οὐδενὶ
1491 1328 1524 1355 δι’
1546 1329 1625 1362 ὄχλου
1654 1328 1809 1362 γινόμενοι,

1020 1377 1085 1402 πᾶσι
1101 1376 1123 1402 δ’
1140 1375 1291 1410 αιορὼποις
1305 1375 1397 1410 σχεδὸν
1411 1375 1533 1408 ἀγνῶτες
1547 1374 1623 1406 ὄντες
1636 1382 1643 1388 ·
1667 1374 1716 1401 καὶ
1743 1383 1811 1401 ταυ-

1019 1422 1095 1448 ταισὶ
1124 1422 1184 1451 ταῖς
1212 1421 1323 1455 λίμναις
1348 1420 1602 1454 περιπεφραγμένοι
1626 1418 1810 1454 λανθάνομεν.

1022 1466 1052 1491 Εἰ
1067 1466 1094 1491 δὲ
1107 1465 1152 1491 τοῦ
1168 1465 1260 1491 λοῖποῦ
1278 1465 1354 1499 φίλον
1369 1465 1432 1499 ὑμῖν
1446 1465 1484 1498 τῷ
1505 1465 1585 1499 χώρῳ
1599 1465 1685 1498 τούτῳ
1704 1464 1810 1490 ἐνδιαι-

1021 1511 1129 1543 τᾶ;θαι,
1147 1511 1255 1542 ἑκόντες
1279 1511 1503 1545 ἀναχωρήσομεν.
1518 1519 1527 1536 ›
1545 1511 1596 1536 Καὶ
1612 1511 1724 1537 τοιαῦτα
1759 1510 1814 1543 μὲν

1022 1558 1035 1583 ό
1047 1557 1152 1591 δαίμων
1163 1557 1207 1583 διὰ
1221 1557 1270 1591 τῆς
1285 1557 1369 1591 κόρης
1384 1555 1547 1589 ἐφθέγγετο.
1580 1555 1655 1581 Ἐπεὶ
1671 1555 1694 1581 δ’
1715 1556 1812 1580 ἐπετι-

1023 1604 1094 1638 μᾶτο
1110 1603 1174 1637 παρ’
1184 1603 1296 1628 ἐκείνων
1315 1603 1434 1637 σιγᾷν,ἠ
1453 1602 1503 1636 μὲν
1534 1602 1597 1632 παῖς
1624 1601 1725 1627 αὐτίκα
1754 1600 1812 1626 σώ-

1022 1657 1098 1684 φρων
1111 1647 1145 1684 ἦν
1159 1657 1166 1663 ’
1177 1650 1192 1675 ὁ
1208 1648 1234 1674 δὲ
1245 1649 1295 1682 τῆς
1308 1648 1390 1682 κόρης
1403 1649 1493 1683 πατὴρ
1508 1647 1553 1673 καὶ
1568 1647 1584 1680 ἡ
1608 1647 1687 1681 νῆσος
1713 1646 1813 1672 ἁπασα

1023 1694 1158 1728 πανδημεὶ
1182 1693 1215 1718 τὰ
1241 1692 1411 1727 Χριστιανῶν
1441 1690 1632 1725 κατησπάζετο
1648 1699 1654 1706 ·
1684 1691 1732 1717 καὶ
1761 1691 1814 1717 τὸν

1022 1741 1111 1767 ἐκεῖσε
1127 1739 1194 1765 νεὼν
1209 1738 1490 1772 μετασκευασάμενοι,
1506 1739 1545 1769 εις
1554 1737 1703 1772 ἐκκλησίαν
1727 1737 1812 1763 καθί-

1023 1794 1093 1812 στων
1105 1784 1234 1820 Χριστοῦ.
1256 1784 1343 1819 Τάχος
1369 1784 1397 1810 δέ
1421 1783 1507 1810 ταῦτα
1530 1785 1580 1816 τὴν
1604 1783 1815 1818 Ἀλεξάνδρειαν

1022 1831 1121 1866 ἔφθανε
1137 1839 1144 1846 ·
1163 1831 1210 1857 καὶ.
1222 1831 1251 1856 οὺ
1267 1831 1363 1865 μέτρια
1381 1829 1473 1855 ἐλύπει
1488 1830 1532 1855 τὸν
1544 1829 1668 1855 Λούκιον.
1681 1829 1813 1855 Συνέὃαι-

1023 1886 1051 1905 νε
1066 1877 1120 1912 γὰρ
1138 1877 1274 1909 ἐντεῦθεν,
1292 1877 1330 1911 μὴ
1360 1876 1434 1911 παρὰ
1449 1876 1502 1902 τῶν
1534 1875 1681 1910 ἀλλοτρίων
1717 1877 1812 1911 μόνον,

1023 1923 1091 1950 ἀλλὰ
1103 1923 1150 1950 καὶ
1159 1923 1235 1957 παρὰ
1253 1922 1307 1948 τῶν
1318 1922 1426 1949 οἰκείων
1444 1923 1471 1948 ἐν
1490 1922 1564 1957 μίσει
1590 1919 1671 1954 εἶναι,
1703 1922 1754 1948 ἅτε
1778 1922 1814 1956 δὴ

1025 1969 1062 2004 μὴ
1079 1969 1243 2003 ἀνθρώποις,
1259 1968 1317 1994 ἀλλ’
1330 1969 1461 2002 ἀντικρὺς
1482 1968 1543 2003 Θεῷ
1559 1968 1602 1994 διὰ
1636 1968 1728 2003 μάχης
1753 1968 1814 1994 ίών.

1024 2015 1079 2041 Καὶ
1090 2014 1189 2040 αὐτίκα
1206 2014 1293 2049 λάθρα
1309 2015 1370 2045 τοὺς
1384 2014 1457 2048 ἀμφὶ
1468 2014 1611 2048 Μακάρων
1634 2014 1682 2040 ἐπὶ
1708 2014 1743 2039 τὰ
1769 2014 1813 2040 oi-

1024 2061 1085 2086 κεῑα
1110 2059 1162 2094 ἢθη
1183 2060 1229 2085 καὶ
1250 2059 1298 2092 τὴν
1323 2059 1426 2094 ἔρημον
1448 2060 1588 2085 ἐπανιέναι
1614 2059 1813 2093 προσέταττεν.

1029 2105 1121 2132 Ἱκανὰ
1140 2106 1188 2140 μὲν
1203 2103 1249 2132 οὖν
1264 2107 1311 2131 καὶ
1332 2105 1416 2131 ταύτα
1440 2104 1486 2130 τοῦ
1510 2105 1625 2131 Λουκίου
1647 2105 1735 2137 δεῖξαι
1761 2105 1815 2139 τὴν

1023 2152 1072 2186 τῆς
1088 2151 1214 2181 ἀσεϐείας
1228 2151 1357 2186 ὠμότητα
1378 2152 1558 2186 ’λεπτότερον
1579 2150 1609 2177 δὲ
1634 2148 1711 2185 οἶμαι
1736 2150 1812 2176 διδά-

191 2198 251 2232 ipso
268 2204 380 2231 prorsus
404 2196 460 2223 Deo
483 2196 584 2222 bellum
605 2194 722 2230 gereret.
746 2196 841 2230 Itaque
863 2196 968 2222 occulte

1025 2196 1079 2228 Εειν
1097 2197 1142 2222 τοῦ
1173 2196 1318 2223 θεσπεσίου
1345 2197 1447 2230 Πέτρου
1474 2196 1508 2222 τὰ
1531 2195 1684 2230 γράμματα
1710 2195 1741 2221 τὸ
1761 2196 1813 2229 τῆς

191 2243 295 2276 statim,
313 2246 342 2270 ut
357 2242 469 2269 Macarii
483 2242 516 2269 ad
538 2241 627 2269 studia
642 2248 691 2268 sua
704 2246 732 2268 et
749 2242 776 2268 itt
793 2241 969 2269 solitudinem

192 2290 326 2322 redirent,
356 2289 494 2324 prmeepit.
520 2287 593 2315 Satis
614 2287 724 2322 quidem
749 2287 808 2314 haae
833 2287 971 2313 crudelem

191 2336 268 2364 anli
292 2337 459 2371 impietatem
476 2335 608 2362 indicant.
630 2334 759 2361 Exactius
781 2338 873 2359 tamen
889 2333 971 2360 animi

191 2383 252 2419 ejus
266 2383 495 2410 inhumanitatetn
510 2381 594 2408 divini
612 2381 686 2408 Petri
700 2380 797 2407 littera:
810 2379 950 2406 declarant
965 2388 971 2406 :

1026 2242 1137 2277 γνώμης
1147 2241 1343 2277 ἀπάνορωπον.
1365 2241 1436 2276 Ἐγὼ
1451 2242 1478 2267 δὲ
1492 2241 1521 2268 τὺ
1537 2241 1625 2276 μῆκος
1641 2241 1688 2276 τῆς
1703 2242 1815 2267 ἐπιστο-

1026 2289 1075 2323 λῆς
1090 2289 1209 2322 (pain-iv,
1228 2289 1277 2315 ὅσα
1307 2289 1450 2323 πρόσφορα
1465 2290 1497 2323 τῇ
1518 2288 1587 2322 μετὰ
1601 2289 1693 2323 χεῖρας
1711 2288 1812 2314 ὑποϐέ-

1027 2343 1077 2365 σει,
1090 2335 1193 2360 ἐκεῖθεν
1209 2335 1416 2369 ἐρλνισάμενος,
1432 2336 1464 2370 τῇ
1487 2336 1630 2370 συγγραφῇ
1645 2334 1811 2368 περεθήσω.

1027 2381 1129 2414 Γράφει
1153 2379 1181 2406 δὲ
1195 2379 1266 2406 οὓτω
1279 2388 1286 2395 °

191 2439 306 2466 quarum
327 2439 378 2466 ego
393 2431 577 2465 prolixitatem
601 2429 720 2463 fugiens,
748 2435 808 2462 quae
836 2428 897 2456 loco
917 2428 982 2455 huic
1001 2428 1207 2456 accommodata
1223 2433 1306 2461 sunt,
1336 2436 1368 2455 ex
1391 2428 1432 2455 eis
1455 2428 1609 2463 decerpam,
1632 2432 1660 2455 et
1686 2428 1814 2455 historia:

191 2478 326 2512 adjiciam.
342 2477 444 2505 Scribit
461 2482 552 2504 autetu
566 2475 598 2502 ad
615 2476 689 2502 hunc
705 2473 817 2500 modum
835 2483 841 2500 :

227 2555 264 2590 (ι)
280 2555 308 2582 1η
325 2555 368 2581 his
397 2555 586 2582 Theodoretus
609 2553 694 2580 fuisse
717 2550 812 2581 scribit
831 2551 900 2579 ducs
927 2550 1070 2584 Macarios,
1089 2556 1117 2579 et
1140 2551 1285 2585 lsidorum,
1312 2552 1361 2579 lib.
1387 2559 1425 2584 tv,
1440 2550 1500 2587 πή».
1518 2552 1563 2579 2t.
1598 2551 1715 2586 l'l‘hcod.
1747 2552 1810 2581 cod.

191 2598 250 2625 cap.
266 2591 295 2618 2|
304 2590 323 2624 .)
