1905 3048
37 141 78 168 F61
492 136 796 168 ECCLESIASTICE
815 137 826 167 1

879 135 1009 166 ιΤΟΒΙιΕ
1028 137 1102 167 LIB.
1124 137 1177 169 Χῐ.

1607 135 1663 166 δί’ἓ·

37 197 172 229 Istas-tm,
188 191 232 218 ἐπ’
250 191 374 226 εὐλόγοις
387 192 447 224 ταῖς
467 192 639 226 προφάσεσιν
653 192 757 226 ὶπέστη
775 193 823 219 πὸ-

879 192 964 220 venit.
982 193 1041 220 Non
1057 193 1130 220 enim
1147 194 1246 225 solum,
1261 196 1290 219 ut
1307 191 1417 219 infamis
1431 190 1476 219 ille
1495 190 1522 217 in
1543 189 1660 218 Psalmis

36 250 94 271 »εως
104 249 111 255 ·
139 240 173 266 οὐ
189 239 245 274 γὰρ
255 239 294 274 (Ι)
311 239 403 274 μόνον,
417 239 455 270 ὡς
470 240 484 265 ὸ
500 238 646 274 δύσφημος
662 239 692 266 ἑν
701 239 826 275 Ψαλμοῖς

36 289 125 322 ἄφρων
142 287 230 320 λέγει,
262 286 318 312 οὐκ
335 285 394 312 ἐστι
410 286 477 317 Θεὸς
500 286 629 320 ἀληθινὸς
653 287 668 313 ὁ
688 286 826 321 Χριστὸς,

37 332 99 358 ma
116 331 165 358 καὶ
177 332 234 362 τοῖς
251 331 453 366 ἐπιτηδεύμασι
465 331 597 366 διεφθάρη
606 339 612 348 ·
624 331 670 358 καὶ
680 332 826 367 διέφθειρε,

37 377 133 411 ιαίρων
145 377 193 402 ἐπὶ
205 378 266 407 ταῖς
276 372 462 411 βλασφημίαις
476 379 535 409 ταῖς
555 377 625 404 κατὰ
643 377 689 404 τοῦ
701 377 827 412 Σωτῆρος

36 422 229 457 πεμπομέναις
251 423 328 458 παρὰ
336 423 391 449 τῶν
400 425 434 458 τῇ
448 424 536 450 κτίσει
548 423 735 458 λατρευόντων
751 425 827 460 παρὰ

34 470 74 495 τὸν
87 470 224 496 κτίσαντα
235 478 242 486 ι
259 468 318 501 πῶς
334 470 388 505 γὰρ
403 469 473 504 οὐχὶ,
496 469 563 496 ὅπου
589 477 621 503 γε
635 469 827 505 παραπλήσιον

36 515 164 549 Ἕλλησιν
179 515 252 550 ιχων
268 516 299 541 τὸ
314 516 454 550 φρόνημα,
468 515 619 550 προσφάτῳ
634 516 723 552 τολμᾷ
742 517 756 542 ό
767 516 826 542 ἀλι-

35 561 124 596 τήριος
151 561 248 588 σέϐειν
269 561 345 596 Θεῷ;
367 561 426 588 Ἐπ’
441 562 520 596 ὄψεσι
538 563 594 596 γὰρ
614 561 697 588 αὑτοῦ
713 561 827 593 τούτους

35 609 92 638 τοὺς
117 608 251 639 δπαίνους
270 607 412 642 ἔπεμπον·
437 608 533 639 Καλῶς
557 606 651 643 ἦλθες,
676 609 826 642 ιπίσκοπε,

35 654 92 681 Υἰὸν
106 655 145 688 μὴ
165 655 266 688 λέγων.
291 655 320 682 ’0
338 655 460 687 Σαράπις
474 663 504 681 σε
519 655 604 689 φιλῶν
620 656 774 689 εἰσήνεγκε,
797 656 827 682 τὸ

36 702 146 736 πάτριον
170 701 283 727 εἴδωλον
311 701 417 728 ἑαυτῶν
440 700 630 735 ὀνομάζοντες.
647 702 751 727 Αὐτίκα
772 701 828 736 γὰρ

36 747 258 781 ῥοπῆςοὺῖεμιᾶς
267 746 468 782 παρελθούσης,
477 748 490 773 ὸ
499 738 696 782 προειρημένος
704 747 827 780 Μάγνος,

35 793 103 828 ὁτῆς
115 793 252 824 ἀσεϐείας
269 792 345 827 αὑτῷ
359 793 487 823 κοινωνὸς
503 792 669 828 ἀδιαίρετος,
690 794 737 820 καὶ
751 793 829 830 δορυ-

36 841 110 873 φόρος
125 839 231 872 πικρδς
250 840 296 866 καὶ
316 839 462 874 σατράπης
476 838 630 874 ὠμότατος,
647 839 828 874 συναθροίσας

37 884 121 911 καὶτὰ
129 885 187 911 ὑπὸ
199 885 251 918 τὴν
267 884 364 911 ἑαυτοῦ
378 884 507 919 φροντίδα
515 884 717 919 ὲπανακείμενα
726 884 829 918 πλήθη.

37 930 241 963 πρεσϐυτέρους
264 930 313 956 καὶ
338 929 477 960 διακόνους
499 929 544 956 τὸν
555 929 672 965 ἀριθμὸν
687 930 830 957 ἐννεακαί-

36 972 95 998 δεκα
115 973 325 1007 συλλαϐόμενος
339 993 346 1002 .
362 969 399 999 ὦν
414 981 488 1005 τινες
501 973 531 1000 τὸ
550 973 727 1009 ὀγδοηκοστὸν
745 975 830 1010 ὑπερ-

38 1017 184 1052 ϐεϐήκασιν
215 1018 287 1051 ἔτος,
313 1017 350 1048 ὥς
374 1019 489 1050 ἁλόντας
506 1019 552 1046 ἐπὶ
572 1020 689 1055 μυσαρῷ
707 1029 758 1047 τινι
782 1022 830 1048 καὶ

39 1063 104 1096 νὲμῳ
139 1063 291 1097 Ῥωμαίων
318 1063 418 1098 ἐχθρῷ.
445 1064 575 1100 δημόσιον
605 1066 702 1099 ὁρίσας
732 1067 829 1101 κριτή-

39 1118 89 1142 ριον
103 1109 318 1145 κατηνάγκαζεν
333 1110 394 1143 (οὐκ
407 1110 484 1142 είδὼς
498 1111 561 1142 τοὺς
573 1111 644 1147 ὑπὲρ
658 1112 708 1146 τῆς
728 1113 829 1147 ἀρετῆς

39 1152 209 1187 Χριστιανῶν
226 1153 337 1189 νόμους)
350 1155 400 1189 τὴν
413 1156 542 1190 πατρῴαν
556 1157 632 1191 παρὰ
643 1156 696 1183 τῶν
711 1158 828 1184 ἀποστό-

42 1199 88 1224 ὶων
106 1199 151 1225 διὰ
167 1200 225 1226 τῶν
246 1200 374 1235 [Ιατέρων
389 1201 572 1228 ἀποδοθεῖσαν
588 1203 654 1238 ἡμῖν
672 1204 828 1238 προδιδόναι

38 1243 122 1271 πίστιν
134 1253 142 1260 ⁸
162 1245 299 1279 ἡδόμενον
314 1245 361 1272 ἐπὶ
376 1245 463 1281 τούτῳ
481 1247 528 1273 καὶ
538 1247 583 1273 τὸν
599 1247 829 1283 φιλανθρωπότα-

38 1297 78 1314 τον
90 1289 252 1324 Δεγουστον
263 1291 401 1318 Οὐάλεντα
419 1293 669 1328 διισχυριζόμενος·
683 1295 828 1329 Πείσθητε,

36 1335 156 1368 τάλανες,
175 1336 267 1370 λέγων
284 1334 392 1373 μεγάλῃ
407 1339 438 1373 τῇ
455 1339 543 1372 φωνῇ,
557 1338 596 1373 τῷ
613 1340 666 1366 τῶν
681 1339 828 1375 Ἀρεισνῶν

37 1385 204 1417 φρονήματι,
224 1383 372 1418 πείσθητε·
393 1386 620 1420 συγγνωμονήσει
637 1386 692 1421 γὰρ
720 1387 783 1422 ὑμῖν
799 1388 828 1414 τὸ

36 1428 118 1460 Θεῖον,
136 1429 193 1455 κᾶν
207 1429 295 1464 ἀληίῆ
309 1429 404 1464 σέϐητε
419 1429 580 1465 θρησκείαν,
596 1432 645 1458 οὐκ
659 1432 829 1468 αὐθαιρέτως

37 1475 99 1500 ἀλλὰ
126 1475 201 1509 πρὸς
229 1475 353 1510 ἀνάγκην
375 1475 453 1502 τοῦτο
480 1476 608 1512 πράξασι.
636 1477 675 1513 Τῇ
705 1479 754 1513 μὲν
775 1479 828 1514 γὰρ

878 237 1024 273 insipiens,
1039 239 1107 266 dicit
1121 249 1129 267 :
1143 240 1201 267 Non
1218 244 1260 267 est
1276 239 1348 266 Deus
1365 245 1447 266 verus
1462 236 1599 268 Christus,
1613 236 1660 263 sed

878 284 961 311 etiam
982 285 1082 312 studiis
1104 286 1162 312 suis
1181 291 1210 313 et
1227 286 1285 320 ipse
1307 289 1456 318 corruptus
1476 288 1529 316 est,
1545 286 1573 310 et
1596 281 1664 308 alios

878 329 1020 364 corrupit;
1048 330 1226 364 blasphetniis
1242 338 1303 365 quae
1329 330 1356 356 in
1380 329 1555 356 Servatorcm
1573 326 1607 353 ab
1623 325 1664 352 cis

878 375 1070 408 effunduntur,
1101 376 1147 410 qui
1180 382 1334 403 creaturam
1369 374 1508 410 praeterito
1534 373 1664 400 Creatore

878 421 984 453 colunt,
1000 420 1134 456 gaudens.
1151 421 1252 454 Quidni
1278 426 1370 448 autem
1394 420 1446 447 hoc
1467 419 1580 449 faceret.
1601 426 1664 445 cum

879 465 1052 492 consimilem
1071 473 1132 492 cum
1149 466 1251 493 Grzecis
1270 465 1398 493 obtinens
1419 471 1543 494 sensum,
1559 463 1664 490 cultum

878 509 980 536 audeat
1006 510 1138 537 exhibere
1165 518 1262 538 recens
1285 510 1459 545 promulgato
1482 509 1554 542 Deo,
1581 509 1665 536 homo

879 555 1146 590 pestilentissimus?
1164 556 1230 583 Nam
1248 558 1274 583 in
1290 557 1378 591 ipsius
1392 560 1540 591 conspectu
1557 555 1665 590 eiusce-

878 600 953 628 modi
976 601 1129 629 decantata:
1143 607 1207 629 sunt
1221 602 1316 629 laudes
1333 610 1340 628 :
1358 602 1438 637 159
1453 601 1600 636 Auspicalo
1615 600 1665 626 ad-

878 646 991 679 venisti,
1008 648 1148 682 episcopo,
1164 648 1209 682 qui
1222 647 1319 674 Filium
1331 655 1384 674 non
1399 648 1485 675 dicas.
1501 647 1612 681 Serapis
1627 651 1664 678 te,

878 692 924 719 cui
948 692 1049 720 charus
1075 701 1116 725 es,
1135 693 1276 720 adduxit:
1295 693 1386 728 patrio
1409 694 1448 720 sic
1471 701 1567 719 eorum
1592 692 1665 719 idolo

880 738 1033 766 nominato.
1050 737 1200 766 Confestim
1219 744 1360 766 momento
1377 739 1452 766 nullo
1469 739 1664 774 prmtcrmisso.

879 783 903 810 is
916 791 998 818 quem
1015 784 1136 812 diximus
1152 785 1276 819 Magnus,
1293 785 1538 820 conjunctissimus
1557 785 1595 812 illi
1613 785 1665 811 im-

879 828 991 863 pietatis
1019 830 1130 863 socius,
1154 837 1182 858 et
1206 831 1316 858 satelles
1340 831 1553 862 acerbissitnus.
1580 835 1666 858 satra-

881 882 985 910 pesque
1002 876 1223 909 crudelissimus,
1240 877 1366 905 collectis
1381 885 1442 912 quae
1460 878 1510 905 sub
1527 878 1587 913 ejus
1601 884 1666 904 cura

881 926 946 948 sunt
969 921 1145 954 cohortibus,
1165 922 1342 958 presbyteros
1366 928 1393 950 et
1416 923 1548 950 diaconos
1571 922 1666 949 decem

880 970 908 992 et
931 973 1030 993 novem
1056 967 1278 1002 comprehendit,
1299 976 1414 1003 quorum
1441 968 1566 995 nonnulli
1590 972 1668 995 octo-

880 1011 1016 1046 gesimum
1037 1020 1182 1040 excessere
1202 1022 1318 1040 annum.
1343 1014 1433 1048 Atque
1452 1021 1500 1041 eos
1518 1021 1572 1040 non
1588 1013 1668 1039 aliter

880 1061 962 1091 atque
979 1057 1004 1084 in
1020 1057 1205 1085 abominando
1226 1059 1354 1093 quopiam
1371 1064 1398 1086 et
1413 1058 1519 1093 legibus
1536 1057 1669 1086 Romanis

882 1103 1000 1130 adverso
1022 1103 1128 1131 scelere
1150 1108 1259 1138 captos,
1281 1104 1392 1139 publico
1413 1104 1667 1140 institutojudicio,

880 1155 979 1182 cogere
993 1149 1225 1184 (Christianorum
1248 1150 1360 1177 \irtutis
1378 1151 1450 1186 leges
1469 1150 1620 1186 ignorans),
1639 1155 1670 1176 ut

880 1194 996 1229 patriam
1022 1195 1057 1222 ab
1077 1195 1211 1230 apostolis
1232 1203 1281 1230 per
1303 1197 1415 1223 Patrum
1438 1197 1602 1224 traditiones
1625 1205 1670 1223 ac-

880 1244 988 1275 ceptam
1016 1241 1096 1268 fidem
1123 1243 1282 1276 proderent.
1303 1248 1420 1270 conatus
1439 1245 1493 1270 est.
1523 1243 1614 1277 anue
1639 1250 1669 1269 rc

879 1287 1046 1314 delectatum
1064 1287 1098 1314 iri
1114 1287 1344 1315 humanissimum
1359 1289 1501 1317 Valentem
1515 1289 1667 1324 Augustum

880 1333 1055 1360 eonfirtnavit
1081 1342 1087 1361 :
1111 1332 1280 1368 Sequimini.
1305 1343 1321 1361 ο
1347 1334 1458 1367 miseri,
1483 1343 1578 1370 magna
1602 1342 1669 1362 voce

880 1379 987 1411 dicens,
1007 1380 1173 1408 Arianorum
1201 1381 1388 1410 sententiam:
1413 1381 1572 1416 sequimini,
1591 1386 1618 1408 et
1641 1381 1668 1408 id

880 1425 1042 1461 persuaderi
1067 1426 1145 1454 vobis
1174 1426 1313 1462 patimini.
1339 1427 1465 1462 ignoscet
1491 1427 1564 1454 enim
1589 1427 1669 1455 vobis

880 1473 963 1504 Deus,
981 1472 1091 1500 etiamsi
1118 1480 1208 1499 veram
1236 1473 1328 1500 colitis
1353 1473 1527 1508 religionem,
1545 1474 1593 1508 qui
1612 1481 1669 1500 non

36 1520 138 1556 ἀνάγκη
167 1519 304 1553 ἀπολογία
330 1520 537 1556 περιλείπεται·
553 1522 592 1557 τῷ
619 1522 648 1549 δὲ
673 1523 826 1560 αὐθαιρέτῳ

880 1518 997 1545 arbitrio
1012 1518 1038 1545 id
1057 1523 1159 1551 vestro,
1174 1517 1222 1546 scd
1239 1519 1404 1546 necessitate
1419 1519 1532 1547 adducti
1551 1519 1668 1547 faciatis.

37 1566 179 1592 ἀκολουθεί
205 1566 357 1601 κατηγορία
370 1575 376 1581 ·
398 1567 437 1592 διὸ
453 1567 588 1599 τοιούτους
606 1568 753 1604 λογισμοὺς
773 1571 826 1606 πρὸ

36 1612 180 1646 ὀρθαλμῶν
212 1612 360 1647 τιθέμενοι,
391 1613 475 1648 ἥκετε
502 1614 639 1649 πρόθυμοι
671 1616 826 1651 μελλησμδν

37 1659 202 1694 ἀποθέμενοι
211 1659 312 1689 παπ-τι,
322 1659 475 1694 τῷἈρείου
487 1661 691 1696 ὑπογράφοντες
699 1662 824 1697 δόγματι,

38 1702 50 1728 ὃ
66 1703 110 1729 νῦν
125 1703 261 1738 κηρύττει
277 1703 406 1738 ὀνομαστὶ
420 1703 535 1734 Λούκιος
552 1704 639 1739 λέγων
654 1714 660 1720 ·
678 1705 707 1733 εὖ
725 1707 825 1740 ειδότες

37 1748 70 1779 ὡς
93 1749 333 1785 πειθαρχοῦντες,
350 1750 481 1785 χρήματα
497 1751 544 1776 καὶ
558 1751 659 1786 πόρους
675 1752 723 1778 καὶ
741 1753 827 1787 γέρας

39 1795 108 1830 napi
123 1795 260 1830 βασιλέως
271 1795 357 1827 ἕξετε·
369 1796 581 1830 ἁπανιινόμενοι
597 1796 635 1828 δὲ,
649 1798 765 1833 εἱρκτῆς
780 1799 827 1825 καὶ

39 1842 193 1877 στρεϐὦν,
213 1844 261 1868 καὶ
279 1842 414 1877 βασάνων,
440 1846 486 1870 καὶ
511 1844 663 1880 μαστίγων,
679 1845 726 1871 καὶ
742 1845 828 1880 δαμα·

39 1889 153 1923 σεηρίων
169 1890 272 1923 πεῖραν
287 1888 406 1924 λήψεσθε
418 1897 424 1904 ·
443 1890 594 1923 χρημάτων
615 1890 683 1925 ὁμοῦ
696 1891 743 1917 καὶ
759 1899 826 1926 κτη-

38 1935 126 1968 μάτων
137 1935 328 1970 στερηθέντες,
338 1935 385 1961 καὶ
396 1935 446 1969 τῆς
456 1936 585 1970 πατρίδος
597 1937 826 1969 μεταναστάντες,

37 1981 71 2010 εἰς
84 1979 224 2015 χαλεποὺς
244 1979 354 2013 οἰκῆσαι
373 1979 472 2011 τόπους
486 1981 736 2016 κατακριθήσεσθε.
756 1981 827 2008 Ἀλλ’

37 2024 107 2058 οὗτος
125 2028 176 2062 μὲν
193 2028 206 2052 ό
223 2027 358 2059 γενναῖος,
375 2025 470 2062 ἀγάπῃ
490 2026 539 2062 τὴν
556 2027 672 2061 ἀπειλὴν
687 2028 826 2063 κεράσας,

38 2073 246 2106 μετιναστῆσαι
269 2072 317 2105 τῆς
332 2071 461 2102 εὐσεϐοῦς
482 2072 546 2103 τοὺς
566 2072 668 2104 πάντας
684 2073 730 2100 καί
744 2074 829 2108 πρού-

36 2119 145 2151 τρέπετο
158 2118 208 2144 καὶ
223 2117 420 2150 κατηνάγκαζε
439 2117 553 2153 γνώμης
564 2126 571 2133 ”
588 2118 612 2144 oi
623 2118 650 2144 δὲ
666 2119 828 2154 πικρότερον

38 2164 150 2197 βασάνου
168 2164 261 2196 πάσης
281 2164 329 2198 τὴν
344 2165 383 2195 είς
401 2163 544 2190 εὐσέϐειαν
557 2164 705 2198 προδοσίαν
721 2166 827 2200 ἡγησά-

39 2218 108 2241 μενοι
125 2210 199 2244 (ἔχει
219 2210 274 2243 γὰρ
288 2208 383 2242 οὕτω),
402 2209 517 2235 τοιοῖσδε
530 2210 599 2244 πρὸς
609 2209 692 2236 αὐτὸν
706 2211 827 2244 ἀναγκα-
844 2204 865 2230 D

37 2254 142 2288 ζ·2μενοι
156 2255 324 2290 ἀπήντησαν
335 2255 466 2290 ῥήμασιν,
482 2255 566 2290 ἀρετῇ
578 2256 626 2281 καὶ
637 2256 752 2291 γεννςιίῳ
764 2265 828 2292 φρο-

37 2301 131 2333 νήματι
145 2299 218 2333 ὁμοῦ
234 2299 283 2335 τὴν
298 2300 407 2333 ἀπάτην
426 2301 534 2331 καὶτὰς
550 2301 664 2332 ἀπειλὰς
677 2302 828 2334 ὑποτάξανο

36 2352 92 2375 τ;ς·
110 2345 244 2371 Πέπαυσο
270 2343 374 2376 λοιπὸν,
403 2344 528 2370 πέπαυσο
552 2344 656 2375 τούτοις
679 2345 752 2380 ἡμᾶς
783 2347 829 2372 ὲκ-

37 2390 121 2422 edith
136 2391 197 2419 τοῖς
209 2389 344 2424 ῥήμασιν·
360 2388 441 2423 ἔπεχε
456 2390 548 2415 εἰκαῖα
563 2389 712 2424 προφέρειν
726 2391 829 2424 ἐπιχει-

39 2437 155 2470 ρήματα.
179 2436 278 2470 Ἡμεῖς
298 2435 353 2470 γὰρ
375 2434 437 2461 οὕτε
461 2435 561 2468 νέηλυν
586 2435 648 2461 οὗτε
670 2436 828 2471 πρόσφατον

38 2484 157 2515 agam“;
177 2483 256 2514 Θεὸν,
280 2481 331 2508 κᾶν
357 2482 511 2517 ὲπαφρίζῃς
542 2481 684 2516 κυμαίνων
703 2482 766 2516 εικῆ
781 2483 829 2510 καὶ

37 2531 214 2565 προσρήσσῃς
240 2528 277 2560 ὡς
290 2527 378 2562 βίαιος
394 2528 505 2562 ἄνεμος,
526 2529 573 2562 τῆς
595 2527 736 2559 εὐσεϐείας
764 2529 827 2564 ἄχρι

38 2576 148 2603 θανάτου
172 2575 411 2610 ἐμπολιτευόμεθα
427 2575 559 2609 δόγμασιν
575 2583 581 2589 ·
599 2574 650 2600 οὐκ
668 2573 806 2608 ἀδᾶναμον
817 2595 825 2608 ,

38 2624 82 2649 οὐκ
97 2625 212 2657 ἄσοφον,
227 2622 258 2648 οὐ
275 2622 359 2657 χωρὶς
369 2621 499 2656 ἀληθείας
516 2621 625 2647 πώποτε
640 2621 826 2655 φρονήσ,.ντες

36 2671 95 2696 θεόν
107 2680 114 2686 ο
136 2672 168 2697 οὗ
198 2669 263 2695 ποτὲ
281 2669 330 2704 μὲν
355 2669 420 2695 ὄντα
437 2669 556 2704 Πατέρα,
572 2669 635 2694 ποτὲ
650 2669 678 2695 δὲ
697 2668 734 2703 μὴ
749 2669 824 2700 ὄντα,

39 2715 102 2741 uti
113 2716 160 2741 τὸν
174 2713 296 2748 δυσσεϐῆ
307 2713 402 2740 τοῦτον
412 2713 560 2748 ’Δρεια.ὺν,
576 2713 701 2748 χρονικόν
713 2713 730 2748 ἢ
741 2714 826 2747 πρόσ-

40 2769 127 2795 καιρον
158 2759 320 2792 δοξάζοντες
346 2759 392 2785 τὸν
410 2759 483 2786 Υίόν.
499 2760 530 2785 Εἰ
546 2760 599 2794 γὰρ
622 2759 728 2794 κτίσμα
753 2760 826 2786 κατὰ

39 2808 93 2837 τοὺς
122 2805 352 2843 Δρειομανίταςό
370 2805 445 2839 Υίὺς,
464 2805 513 2840 οὐχ
529 2806 660 2841 ὑπάρχων
675 2805 763 2840 Πατρὶ
785 2807 824 2838 είς

39 2854 63 2878 τὸ
86 2852 153 2880 εἶναι
176 2853 361 2884 συστήσεται,
378 2852 424 2880 καὶ
442 2853 456 2879 ὁ
485 2852 578 2888 Πατὴρ
595 2851 644 2886 οὐχ
668 2852 825 2887 ὑφεστῶτος

878 1565 1041 1592 Necessitati
1068 1573 1186 1600 namque
1203 1573 1251 1592 sua
1272 1565 1376 1600 reliqua
1395 1570 1438 1593 est
1454 1566 1579 1593 defensio
1596 1575 1602 1593 :
1622 1573 1670 1593 vo-

877 1611 983 1638 luntate
1004 1616 1097 1638 autem
1117 1619 1166 1638 sua
1188 1611 1316 1639 consulto
1340 1612 1492 1647 quidquam
1519 1612 1665 1640 facientem

878 1658 984 1684 crimen
1004 1662 1034 1685 et
1057 1658 1196 1685 accusatio
1217 1656 1407 1693 consequitur.
1431 1659 1603 1694 Quapropter
1623 1667 1666 1686 ra-

878 1702 966 1731 tiones
974 1703 1108 1739 ejusmodi
1117 1703 1152 1731 ob
1161 1704 1254 1731 oculos
1263 1704 1340 1731 vobis
1351 1709 1494 1739 ponentes,
1506 1705 1578 1732 nulla
1589 1712 1665 1732 mora

879 1749 1052 1784 interposita,
1067 1750 1214 1785 propensis
1229 1751 1329 1778 animis
1340 1750 1378 1780 ad
1395 1755 1487 1785 partes
1505 1751 1587 1778 hasce
1602 1759 1668 1778 con-

877 1798 977 1830 cedite,
994 1801 1021 1825 et
1039 1798 1141 1826 Ariano
1158 1798 1279 1834 dogmati
1297 1799 1476 1831 subscribite,
1497 1801 1571 1834 quod
1594 1807 1668 1827 nunc

879 1844 1046 1871 nominatim
1063 1844 1166 1871 Lucius
1184 1844 1315 1878 praedicat
1331 1853 1338 1871 :
1355 1844 1423 1870 illud
1440 1852 1600 1878 persuasum
1617 1845 1668 1871 ha-

879 1889 987 1922 bentes,
1003 1891 1026 1917 si
1044 1890 1119 1917 dicto
1137 1890 1270 1924 principis
1289 1891 1434 1917 audientes
1448 1890 1566 1920 fueritis.
1585 1898 1667 1924 pecu-

879 1935 950 1964 nias.
967 1943 1034 1970 opes
1049 1940 1076 1963 et
1094 1935 1213 1962 honorcs
1231 1936 1387 1970 acripieiis;
1407 1936 1448 1962 sin
1476 1942 1571 1962 eonlra
1592 1937 1665 1963 uite-

879 1980 966 2013 mini,
991 1987 1146 2012 carcerem,
1175 1980 1315 2012 fidiculas,
1340 1985 1493 2013 tormenta,
1517 1980 1617 2015 ﬂagra,
1639 1986 1667 2008 et

878 2025 1053 2052 coercionem
1071 2025 1271 2060 experieuiini;
1295 2029 1323 2052 ct
1345 2033 1408 2053 cum
1432 2027 1559 2061 pecuniis
1582 2027 1664 2054 simul

878 2077 904 2098 et
931 2071 1155 2105 possessionibus
1179 2072 1300 2103 multati,
1324 2076 1380 2099 tum
1405 2073 1493 2107 patria
1517 2073 1610 2108 ejecti,
1632 2074 1665 2101 ad

880 2117 937 2144 loca
964 2117 1033 2144 dura
1060 2121 1088 2144 et
1113 2117 1206 2152 gravia
1234 2117 1380 2145 incolenda
1404 2119 1666 2148 contleinnabimini,

880 2163 920 2190 ita
942 2163 1053 2198 quidem
1073 2171 1224 2199 generosus
1241 2165 1276 2198 (si
1301 2165 1358 2192 Deo
1375 2165 1474 2200 placet)
1499 2166 1558 2198 vir,
1578 2166 1668 2193 minas

880 2210 1015 2237 charitate
1036 2214 1203 2245 temperans,
1220 2211 1413 2238 cohortatione
1432 2212 1514 2239 simul
1531 2217 1560 2240 et
1574 2219 1668 2240 neces-

880 2257 970 2288 sitate,
991 2265 1007 2284 ο
1036 2258 1078 2292 pia
1105 2258 1242 2284 sententia
1267 2266 1363 2285 omnes
1388 2258 1524 2286 abducere
1547 2259 1667 2287 volebat.

880 2304 914 2330 At
939 2304 976 2330 illi
1000 2304 1168 2331 cruciatibus
1193 2304 1323 2332 omnibus
1347 2305 1457 2339 pietatis
1480 2305 1665 2340 proditionem

880 2350 1054 2377 acerbiorem
1078 2358 1139 2377 esse
1166 2355 1303 2385 putantes.
1325 2354 1354 2377 et
1380 2355 1454 2377 reete
1481 2351 1591 2385 quidem
1616 2352 1667 2386 (sic

880 2395 954 2421 cnim
970 2402 1012 2421 res
1028 2395 1134 2427 habet),
1149 2394 1338 2429 hujuscemodi
1352 2395 1378 2421 ei
1391 2395 1481 2421 verbis
1496 2396 1664 2428 necessario,

881 2440 983 2466 virtute
999 2444 1026 2466 et
1043 2439 1137 2466 animo
1153 2439 1292 2475 praesenti,
1310 2438 1425 2466 insidias
1439 2439 1519 2466 simul
1535 2444 1562 2466 et
1577 2440 1665 2466 minas

879 2486 939 2519 ejus
965 2485 1140 2517 refcllentes,
1168 2484 1277 2512 obviam
1306 2485 1389 2512 iere:
1410 2485 1510 2512 Desine
1535 2485 1662 2517 tandem.

879 2531 973 2558 desine
990 2530 1089 2557 talibus
1106 2538 1155 2558 nos
1172 2534 1277 2558 terrere
1292 2531 1404 2558 verbis:
1427 2530 1578 2558 intermitte
1594 2539 1663 2560 vana

877 2578 977 2605 afferre
987 2577 1189 2612 epiclieremata
1202 2583 1229 2605 et
1241 2578 1445 2613 aggressiones.
1459 2578 1513 2605 Nos
1526 2578 1663 2613 siquidem

879 2632 968 2658 neque
994 2630 1131 2658 nuperum
1156 2630 1246 2657 neque
1269 2624 1404 2652 novilium
1423 2625 1546 2652 colcntcs
1565 2625 1664 2657 Deum,

878 2670 1006 2705 quamvis
1024 2669 1154 2696 fluctibus
1172 2668 1273 2696 frustra
1292 2675 1450 2698 tumescens
1466 2671 1623 2705 despumes,
1637 2676 1665 2699 et

879 2722 1008 2750 tanquam
1029 2715 1167 2742 violentus
1186 2720 1286 2742 ventus
1304 2715 1460 2749 incumbas,
1479 2717 1559 2752 160
1574 2721 1663 2744 tatncn

877 2762 910 2789 ad
939 2767 1055 2788 mortetn
1083 2768 1170 2795 usque
1197 2760 1226 2787 in
1250 2767 1321 2788 verae
1347 2761 1460 2796 pictatis
1488 2762 1664 2798 dogmatibus

878 2807 1093 2843 perdurabimus
1111 2815 1118 2834 :
1138 2814 1193 2834 non
1217 2805 1380 2839 invalidum,
1401 2814 1455 2834 non
1476 2808 1663 2843 insipientem,

878 2861 932 2880 nou
949 2861 963 2880 a
979 2852 1095 2880 veritate
1111 2852 1265 2888 seiunctum
1281 2850 1426 2880 credentes
1444 2856 1526 2888 atque
1541 2853 1664 2882 colentes
