1905 3048
221 132 273 165 667

223 243 285 263 vera
297 235 370 270 justa
392 234 534 268 sepultura
550 233 709 261 fraudantes
723 241 730 260 :
744 240 806 259 cum
826 230 935 266 quidem
953 236 1001 264 pa-

224 286 315 308 rentes
329 284 357 307 et
370 280 467 307 fratres
484 284 512 306 et
532 280 652 314 cognati,
670 279 737 306 urbs
754 277 873 312 denique
892 277 1004 310 (βπ-ονε-

225 326 360 359 modum)
382 329 447 358 tota,
472 317 556 352 unum
582 325 636 352 hec
658 331 725 351 suos
746 322 895 358 sepeliendi
915 325 1004 348 extre-

225 380 298 399 mum
316 372 442 398 solatium
466 371 517 397 sibi
543 371 656 398 concedi
678 373 814 404 peterent.
831 368 895 400 Sed.
917 375 932 393 o
953 367 1006 393 im.

225 425 344 445 mensam
363 417 487 450 praetoris
503 421 530 443 et
545 416 655 449 judieis,
672 423 704 442 ac
724 415 817 449 potius
836 413 1000 440 condemna-

226 463 291 490 toris
305 461 550 489 inhumanitatem!
572 461 618 496 qni
635 469 684 495 pro
701 460 802 495 pietate
817 459 1002 489 decertarunt.

225 515 257 534 ne
274 507 421 534 homicidis
434 506 557 541 quidem.
576 507 737 540 corporibus
753 512 847 531 corttm
864 503 1003 538 sepultura

224 552 400 583 carentibus,
432 551 628 583 conferuntur;
660 551 706 584 qui
738 549 840 576 bonum
873 555 1004 582 peregere

224 600 374 626 certamen.
399 595 464 622 feris
486 599 515 622 et
539 594 696 620 volucribus
721 600 782 620 esr‘a
797 592 1002 627 projiciunlur;

224 641 269 676 qui
287 641 410 675 patribus
426 644 545 677 propter
563 640 760 667 conscientiam
781 646 830 673 pro
850 638 1005 664 misericor-

224 687 276 713 dia:
293 686 392 713 all'ectu
413 685 614 713 condolendum
639 685 692 712 sihi
710 692 771 711 esse
794 688 925 714 statuere.
943 690 1004 716 per-

224 732 287 759 inde
306 737 387 766 atque
407 732 536 765 injustum
554 731 619 766 quid
638 736 666 758 et
685 731 798 764 impium
817 729 1004 759 admisissent.

223 778 313 812 capite
330 779 498 813 plectuntur.
518 778 646 810 Quantam
671 776 857 803 Romanorum
875 775 928 805 lex.
944 781 1004 808 qua!

225 824 404 850 barbarorum
430 823 578 853 sententia,
601 823 627 849 in
655 830 703 849 eos
728 822 774 856 qui
802 828 850 854 per
874 820 1002 854 pietatem

815 119 1021 156 NICEPHORI
1044 116 1210 148 CALLISTI

223 195 299 218 earct
316 195 442 224 corpora,
460 187 586 215 nonnulli
604 187 675 223 apud
688 194 720 215 ea
734 190 911 222 permansere
926 181 1004 210 cada-

1059 177 1137 211 ὒῆναι
1166 175 1216 209 τὴν
1242 175 1290 201 ὐστ

1790 109 1844 146 663

1292 174 1359 208 άτην
1384 172 1487 207 ταύτην
1515 171 1701 206 παράκλησιν.
1727 169 1798 197 Ἀλλ’
1820 170 1842 196 ὣ

1053 223 1154 257 πολλῆς
1165 220 1363 255 ἀπανθρωπίας
1385 219 1433 245 τοῦ
1447 217 1617 250 δικάζοντος,
1634 216 1736 252 μᾶλλον
1749 216 1779 242 δὲ
1795 216 1841 242 τοῦ

1053 269 1262 303 κατακρίναντος
1275 268 1281 293 !
1297 267 1364 293 olEt'
1381 265 1521 292 εὐσέϐειαν
1530 264 1699 298 ἀθλήσαντες
1714 263 1843 297 φονεῦσιν

1053 315 1082 342 οὐ
1112 312 1427 350 συνεκρίνοντοιᾰταφοι
1453 311 1581 345 μένοντες
1597 309 1631 336 τὰ
1657 309 1794 342 σώματαο
1816 309 1841 334 οἱ

1055 361 1143 390 καλῶς
1155 358 1352 392 ἀγωνιζόμενοι
1366 357 1470 392 θηρίοις
1482 358 1528 383 καὶ
1539 356 1652 391 πτηνοῖς
1668 355 1741 390 πρδς
1758 355 1841 390 βορὰν

1054 404 1231 441 ἐρριπτοῦντο
1239 411 1246 418 ·
1262 405 1287 430 οἱ
1300 412 1332 429 συ
1337 403 1430 437 μπαοῆ
1435 411 1479 429 σαι
1495 401 1622 436 βεϐουλευ
1627 401 1703 436 μένοι
1719 409 1775 426 ¹κατ
1780 400 1841 434 ράσι

1054 452 1097 479 διὰ
1108 453 1156 484 τὴν
1170 451 1332 485 συνείδησιν,
1354 450 1409 483 τὴν
1423 449 1544 483 κεφαλὴν
1565 448 1603 480 ὠς
1617 447 1769 482 παράνομα
1779 446 1841 480 δρά-

1055 505 1148 528 σαντες
1163 497 1357 530 ἅπετέμνοντο.
1374 496 1452 527 Ποῖος
1468 495 1551 529 νόμος
1569 493 1726 528 Ῥωμαίων,
1737 491 1803 518 ποία
1812 491 1842 518 δὲ

1052 544 1150 578 γνώμη
1169 543 1317 577 βτρὸἑιρων
1331 542 1388 572 τοῖς
1402 541 1524 575 πατράσι
1540 538 1759 573 συμπαθοῦντας
1770 537 1840 570 ἠμύ-

1055 598 1118 616 νατο
1129 599 1136 622 ;
1150 589 1202 615 Ποῦ
1213 597 1254 618 τις
1262 588 1316 614 τῶν
1329 587 1452 614 παλαιῶν
1474 595 1540 612 ποτε
1553 586 1650 620 ἔδρασε
1673 584 1797 610 τοιοῦτόν
1816 592 1842 609 τι

1055 635 1213 668 παράνομον
1225 632 1381 666 ;Ἑκέλευσέ
1396 640 1461 658 ποτε
1473 630 1573 665 Φαραὼ
1584 651 1592 662 ,
1606 629 1780 664 ἀναιρεῖσθαι
1792 628 1844 654 τῶν

1067 679 1200 714 Ἐϐραίων
1216 680 1250 705 τὰ
1265 679 1384 714 ἇρῤεναυ
1400 678 1466 704 ἀλλὰ
1481 677 1576 711 φθόνος
1593 677 1641 703 καὶ
1653 676 1714 706 δέος
1726 674 1844 701 ὑπέὸαλε

1054 726 1133 752 τοῦτο
1144 727 1172 757 το
1182 724 1436 760 πρόσταγμαλῐόσῳ
1445 723 1479 749 τὰ
1493 722 1552 748 τότε
1561 722 1617 748 τῶν
1628 721 1675 747 νῦν
1688 720 1845 754 φιλανθρω-

1056 772 1169 807 πότεριι;
1183 772 1258 805 πόσῳ
1268 771 1381 796 ποθεινὰ
1394 770 1460 804 πρδς
1471 769 1574 803 αἵρεσιν
1584 767 1757 802 “tumtum;
1772 765 1846 799 πόσῳ

1059 818 1182 852 βελτίονα
1197 817 1264 852 πρὸς
1284 817 1426 850 σύγκρισιν
1443 815 1625 849 ἁνομήματας
1644 813 1704 839 Κᾶν
1720 811 1845 842 ἀλλήλων

224 869 348 903 patrihus
373 868 562 899 condolerent,
580 867 791 895 animadvertit?
808 866 858 894 Ubi
878 870 1002 892 veterum

1059 851 1084 890 αἱ
1097 864 1191 889 κακίαι
1261 862 1442 897 χωρίζωνται,
1458 861 1555 887 ἄπεστι
1566 859 1600 885 τὰ
1610 859 1747 892 λεγόμενα
1759 857 1846 884 ἀπάν-

224 914 368 948 quisquam
392 921 511 948 unquam
528 917 581 940 tam
598 913 767 947 illegitimum
787 916 814 938 et
832 911 946 944 impium
962 911 1001 937 fa-

1055 909 1152 942 θρωπα
1160 909 1208 935 καὶ
1216 907 1299 938 δεινὰ,
1309 907 1371 941 ὠμὰ
1381 907 1428 933 καὶ
1437 905 1571 941 βάρϐαρα,
1582 904 1680 938 ἀνηλεῆ
1690 904 1739 930 κα¹ι
1748 905 1845 938 πικρᾶ-

224 962 303 989 ciuus
326 962 414 995 fecit?
428 962 515 989 Jussit
541 961 677 996 quondam
703 960 809 987 Pharao
833 960 1007 987 Hobra-ornm
1029 958 1117 985 occidi
1152 958 1300 984 masculos.
1320 956 1396 991 163
1429 956 1462 981 At
1476 951 1578 981 invidia
1591 957 1620 980 et
1632 957 1723 979 metus
1738 952 1793 979 hoc
1808 952 1845 978 illi

224 1009 342 1044 subjecit
358 1009 490 1036 edit-tum.
509 1008 608 1035 Verum
622 1012 724 1042 quanto
742 1007 786 1034 illa
803 1011 904 1038 vetera.
924 1013 1004 1040 quam
1024 1004 1167 1039 prmsentia
1185 1003 1253 1032 hac.
1271 1001 1452 1029 bumaniora?
1464 1005 1568 1035 quanto
1583 999 1616 1026 ad
1634 1000 1778 1034 optionem
1805 998 1846 1024 in-

225 1057 304 1092 iurirc
321 1056 567 1083 desiderabiliora?
583 1061 684 1090 quanto
699 1055 731 1082 ad
750 1055 921 1082 collationem
938 1053 1091 1087 iniquitatis
1109 1051 1239 1079 meliora?
1255 1050 1385 1083 Quamvis
1401 1049 1565 1077 vitiositates
1582 1056 1596 1075 a
1616 1047 1714 1082 scipsis
1730 1047 1804 1073 inter
1817 1053 1846 1074 se

225 1111 279 1131 non
298 1103 501 1138 disgrcgentur;
518 1111 548 1131 ea
566 1111 625 1138 quae
640 1103 711 1130 dicta
728 1107 802 1134 sunt,
819 1102 912 1134 infida,
933 1101 1094 1129 inhumana.
1109 1100 1211 1134 gravia,
1234 1099 1302 1131 fera,
1318 1098 1446 1129 barbara,
1469 1097 1590 1124 crudelia
1608 1101 1637 1123 et
1653 1096 1751 1123 acerba
1767 1100 1846 1122 sunt.

262 1159 272 1176 ‹
285 1153 373 1184 Atque
388 1150 463 1177 hisce
477 1151 570 1180 rebus,
585 1151 630 1184 qui
645 1149 771 1176 Arianam
789 1149 924 1175 insaniam
937 1155 1004 1174 con-

224 1197 400 1223 sectabantur
417 1196 614 1230 gloriabantur.
632 1195 740 1222 Etcum
758 1195 855 1222 civitas
869 1194 959 1220 omnis
976 1194 1003 1220 in

225 1240 300 1266 luctu
325 1244 398 1267 esset
426 1241 491 1274 (non
515 1240 588 1267 enim
606 1244 666 1267 erat
694 1240 749 1266 ulla
775 1239 885 1270 domus,
905 1240 1004 1273 inqua

226 1295 280 1313 non
297 1291 370 1314 essu
387 1291 521 1318 mortuus.
539 1286 620 1314 sicuti
639 1286 664 1312 in
680 1285 776 1314 Exodo
792 1286 924 1320 scriptum
939 1284 1003 1315 est),

226 1340 279 1359 non
298 1333 462 1367 quieverunt
480 1338 583 1364 tamen,
596 1332 642 1366 qui
657 1332 838 1359 insatiabilem
855 1331 907 1358 sibi
923 1338 1004 1358 exer-
1021 1351 1043 1381 c

224 1379 292 1405 citio
318 1379 351 1405 ad
378 1379 552 1413 iniquitatem
581 1378 703 1405 habitum
726 1380 931 1411 compararunt.
951 1376 1006 1402 Vo-

226 1424 332 1450 luntate
358 1425 431 1450 enim
460 1428 488 1450 et
512 1423 628 1450 arbitrio
647 1430 698 1449 suo
724 1422 757 1449 ad
787 1430 831 1449 res
853 1422 1007 1449 deteriores

225 1469 388 1498 assuefacto,
403 1469 639 1502 improbitatisque
656 1475 762 1495 veneno
777 1468 810 1494 ad
826 1467 1006 1501 provinciales

225 1516 371 1549 episcopos
385 1523 469 1549 usque
481 1519 601 1545 extento,
617 1515 795 1549 largitionum
810 1514 911 1541 comite
924 1520 1005 1548 quem

226 1559 347 1585 diximus
366 1557 461 1592 Magno
482 1558 598 1585 satellite
613 1559 696 1585 etiam
716 1558 750 1585 ad
775 1558 936 1592 injustitiam
955 1557 1006 1587 usi.

227 1604 334 1637 aliquos
359 1603 469 1638 quidem
495 1603 713 1637 curiatjudicum
740 1603 931 1633 tradiderunt.
956 1603 1006 1629 ali—

226 1649 327 1683 quibus
345 1654 436 1676 autem
453 1649 554 1683 quibus
574 1649 685 1676 voluere
697 1649 908 1676 tnodisinsidias
924 1653 1008 1675 teten-

227 1694 337 1725 derunt,
359 1694 433 1721 omni
460 1701 493 1720 cx
518 1699 596 1728 parte
621 1701 728 1726 omnes,
749 1694 817 1721 nihil
842 1695 1006 1721 intentatum

227 1739 419 1772 relinquendo.
443 1739 475 1765 ad
493 1739 661 1773 impietatem
686 1740 763 1774 quasi
789 1740 884 1766 venari
902 1744 930 1766 et
945 1747 1007 1773 pcr-

227 1784 336 1811 trahere
361 1784 494 1811 volentes.
525 1785 653 1811 Sedenim
689 1785 781 1811 omnia
808 1785 1006 1811 circumeundo

223 1830 300 1864 juxta
327 1831 436 1857 hmrcsis
457 1838 512 1857 suae
540 1835 644 1864 patrem
669 1830 821 1862 diabolum.
852 1835 1007 1864 quaerentes

226 1884 307 1911 quem
320 1876 464 1907 devorent.
482 1877 554 1911 quod
574 1877 608 1904 de
626 1884 733 1903 summa
760 1884 850 1903 reruut
876 1876 1007 1911 despera-

225 1928 298 1952 rent.
316 1923 442 1950 undecim
464 1930 497 1949 ex
516 1922 631 1957 Egypto
654 1922 808 1957 episcopos,
824 1922 898 1949 viros
922 1923 967 1957 qui
992 1931 1006 1949 a

225 1975 318 2000 pueris
340 1967 372 1994 ad
399 1973 570 1994 Senectutem
597 1975 684 2001 usque
709 1967 820 1994 virtutis
846 1972 874 1994 et
898 1968 1008 2001 pietatis

223 2013 385 2040 exercendae
407 2014 494 2047 gratia
515 2013 694 2040 solitudinem
712 2013 863 2046 incoluere,
881 2013 1006 2040 doctrina

224 2065 252 2085 ct
267 2059 346 2085 factis
371 2059 528 2092 voluptates
548 2058 741 2093 subjugavere,
759 2058 873 2086 verioris
897 2059 1007 2093 pietatis

226 2105 305 2131 tidem
331 2105 518 2138 deprmdicare
534 2112 589 2130 non
604 2104 752 2136 erubuere,
775 2104 885 2139 pictatis
910 2104 1007 2139 dogma

226 2158 279 2176 una
297 2157 360 2177 cum
376 2150 446 2176 laete
462 2149 605 2180 imhibere,
621 2149 761 2176 victoriam
779 2157 850 2184 smpe
873 2156 887 2175 a
907 2149 1008 2175 daemo-

225 2195 307 2222 nibus
338 2195 468 2227 retulere,
493 2195 592 2222 virtute
616 2195 804 2222 adversarium
835 2195 951 2228 fregere,
978 2199 1006 2221 et
1024 2187 1044 2214 ι)

225 2242 352 2268 Arianam
376 2245 478 2268 sectam
496 2241 620 2268 oratione
645 2241 845 2275 sapientissima
869 2240 955 2267 veluti
976 2240 1004 2266 in

224 2288 379 2314 columnam
398 2287 510 2314 incisam
530 2287 687 2320 traduxere,
704 2287 917 2314 instrumentum
938 2285 1004 2312 feri-

225 2332 287 2359 tatis
303 2340 364 2359 eum
375 2340 456 2367 quem
471 2341 540 2367 saepe
551 2333 671 2360 diximus
685 2324 832 2363 habentes,
845 2331 1003 2359 exsulatum

225 2379 250 2404 in
270 2378 337 2406 orbe
362 2384 456 2406 nostro
476 2379 547 2413 apud
564 2378 671 2405 Domini
695 2382 872 2412 perc'ussiircs
895 2377 1005 2404 Judmos

224 2424 250 2450 in
269 2425 408 2452 civitatem
439 2425 635 2451 Diocaesaream
665 2424 776 2450 misere.
797 2423 1004 2456 Verumtamen,

223 2471 304 2498 sicuti
321 2472 407 2498 Orcus
426 2478 473 2498 seu
492 2471 626 2502 infernus,
645 2470 759 2496 fratrum
775 2476 863 2496 morte
880 2471 1000 2497 nondum

222 2516 336 2550 expleti,
352 2515 453 2550 ubique
466 2521 602 2542 terrarum
616 2514 759 2542 dementes
770 2519 797 2541 et
812 2515 914 2549 stupidi
931 2523 1006 2542 mor-

224 2562 291 2588 tales
308 2561 417 2589 satvitize
433 2569 490 2589 suae
503 2565 710 2588 monumentum
725 2561 834 2596 aliquod
849 2562 1004 2596 relinquere

201 2640 205 2643 ι
223 2611 287 2633 sunt
301 2609 371 2640 ausi,
390 2609 564 2636 nobilitatem
589 2615 623 2634 ex
643 2608 796 2635 malefactis
823 2614 1002 2643 aucupantes.

224 2654 293 2680 καθα
322 2656 395 2682 enim
421 2662 531 2682 rursum
559 2654 691 2682 Ecclesiae
716 2655 859 2683 catholicae
889 2655 1005 2682 clericos

223 2700 376 2728 Antiochiae
395 2701 537 2734 degentes,
551 2708 605 2728 una
621 2708 683 2728 cum
705 2701 831 2736 probatis
849 2700 1002 2732 monachis,

222 2748 268 2781 qui
284 2755 379 2774 corum
399 2747 547 2774 insolentes
559 2748 682 2775 actiones
698 2747 857 2774 testimonio
871 2753 921 2773 suo
935 2753 1003 2772 con-

225 2797 376 2822 tinuarent.
406 2794 451 2821 ubi
476 2794 633 2828 imperiales
663 2801 745 2821 aures
763 2793 882 2828 querelis
908 2797 1003 2819 contra

224 2843 273 2866 has
302 2840 435 2867 institutis
460 2839 650 2872 obtudcrunt,
679 2839 885 2867 Neocaesaream
923 2838 1002 2865 l’onti

1097 1146 1167 1172 Ἀλλ’
1184 1147 1213 1172 ὲν
1231 1145 1337 1177 τούτοις
1353 1144 1491 1179 ὲγαυρίων
1507 1145 1531 1170 οἱ
1548 1144 1598 1178 τῆς
1620 1142 1728 1176 Ἀρείου
1747 1143 1847 1176 μανίας

1057 1193 1173 1226 ὑπήκοοι
1189 1190 1360 1227 χορεύοντες.
1374 1190 1428 1224 Τῆς
1443 1189 1471 1215 δὲ
1488 1189 1593 1220 πόλεως
1608 1187 1699 1220 πάσης
1712 1187 1847 1222 ὀλοφυρο-

1058 1238 1142 1272 μένης
1154 1237 1215 1272 (οὐκ
1229 1235 1263 1272 ἦν
1280 1238 1334 1271 γὰρ
1344 1236 1418 1262 οίκία
1427 1232 1483 1270 ὲν
1499 1235 1549 1261 οὐκ
1557 1232 1590 1269 ἦν
1601 1233 1752 1268 τεθνηκὼς,
1769 1233 1808 1264 ὡς
1819 1234 1847 1258 ὲν

1057 1286 1090 1319 τῇ
1118 1284 1215 1318 Ἑξὸδῳ
1227 1282 1468 1318 γέγραπται),οὖκ
1476 1281 1619 1316 ἠρέμησαν
1635 1279 1727 1310 πάλιν,
1749 1279 1775 1306 οἱ
1798 1279 1849 1313 τὴν

1058 1329 1115 1362 ἕξιν
1130 1330 1281 1364 ἀκόρεστον
1299 1329 1365 1363 πρὸς
1384 1327 1558 1361 παρανομίαν
1584 1327 1774 1360 ἁσκήσαντες’
1801 1326 1849 1351 ἐπὶ

1060 1375 1115 1410 γὰρ
1129 1375 1163 1401 τὰ
1178 1376 1261 1409 χείρω
1285 1375 1335 1409 τὴν
1352 1373 1512 1408 προαίρεσιν
1534 1372 1733 1407 γυμνάζοντες,
1765 1371 1850 1406 μέχρι

1058 1419 1113 1445 τῶν
1128 1419 1179 1452 τῆς
1208 1420 1341 1453 ἐπαρχίας
1357 1417 1517 1444 ἐπισκόπων
1531 1417 1576 1443 τδν
1595 1417 1660 1443 ἴδιον
1677 1417 1726 1451 τῆς
1751 1418 1849 1448 κακίας

1061 1465 1099 1492 ἰὸν
1113 1466 1328 1495 ἐπεκτείνοντες,
1344 1464 1488 1499 δορυφόρῳ
1511 1465 1580 1499 πρὸς
1605 1463 1714 1489 ἀδικίαν
1730 1463 1772 1497 τῷ
1796 1464 1850 1490 τῶν

1059 1513 1240 1547 λαργιτιόνων
1268 1513 1406 1546 χρώμενοι
1434 1512 1555 1546 κόμη-ει,
1587 1511 1626 1546 τῷ
1650 1512 1849 1546 προειρημένῳ

1059 1559 1174 1593 Μάγνῳ,
1191 1558 1254 1588 τοὺς
1279 1558 1329 1592 μὲν
1350 1557 1538 1592 βουλευτηρίῳ
1555 1557 1721 1592 παρέδοσαν.
1747 1559 1815 1587 τοὺς
1828 1557 1850 1583 δ’

1059 1603 1156 1634 ἄλλους
1170 1604 1198 1629 ὃν
1215 1603 1359 1630 ἐϐούλοντο
1378 1603 1478 1637 τρόπον
1501 1602 1659 1637 ἐνήδρευον,
1675 1603 1850 1638 πανταχόθεν

1060 1649 1128 1684 πρὸς
1144 1649 1272 1676 ἀσέϐειαν
1293 1650 1357 1680 τοὺς
1383 1649 1487 1681 πάντας
1511 1649 1643 1682 θηρεῦσαι
1673 1649 1849 1684 βουλόμενοι,

1059 1696 1135 1722 οὐδὲν
1161 1696 1275 1730 ἀφέντες
1302 1695 1456 1730 ἀτάλμητον
1473 1703 1479 1710 ·
1511 1695 1578 1722 ἀλλὰ
1601 1696 1656 1729 γὰρ
1684 1695 1732 1723 καὶ
1758 1696 1851 1723 πάντα

1059 1741 1278 1776 περιερχόμενοι.
1294 1741 1364 1767 κατὰ
1384 1741 1430 1767 τ’»ν
1441 1740 1507 1767 ι’διον
1521 1740 1571 1773 τῆς
1587 1740 1725 1774 αἱρέσεως
1739 1742 1850 1776 πατέρα

1058 1787 1192 1816 διάὸολον,
1212 1786 1359 1822 ζητοῦντές
1381 1795 1443 1812 τινα
1468 1788 1624 1813 καταπιεῖν.
1643 1786 1769 1814 Καθόλου
1792 1788 1850 1814 τοί-

1059 1841 1108 1859 νυν
1124 1833 1200 1867 παρὰ
1227 1833 1335 1860 πάντων
1357 1833 1554 1869 ἀπορούμενοι,
1578 1833 1607 1860 ὲν
1630 1833 1696 1859 δέκα
1721 1833 1778 1860 τῶν
1797 1833 1850 1860 ἀπὸ

1059 1879 1109 1913 τῆς
1128 1878 1266 1912 Αἰγύπτου
1293 1879 1340 1905 τὸν
1369 1879 1488 1914 ἀριθμὸν
1507 1879 1677 1909 ἐπισκόπων.
1694 1879 1800 1913 ἄνδρας
1820 1880 1850 1905 ὲν.

1060 1927 1167 1952 παιδίου
1195 1926 1277 1960 μέχρι
1300 1926 1394 1961 γήρως
1409 1925 1459 1961 τὴν
1483 1925 1588 1960 ἔρημον
1603 1926 1751 1960 ἀσκήσεως
1768 1927 1849 1961 χάριν

1059 1973 1234 2006 οἰκήσαντας,
1251 1973 1299 1998 καὶ
1310 1971 1382 2006 λόγῳ
1393 1971 1440 1998 καὶ
1457 1971 1555 2006 πράξει
1568 1973 1617 2003 τὰς
1633 1972 1731 2006 ἡδονὰς
1747 1972 1850 1999 ὑποτά-

1061 2017 1170 2050 ξαντας,
1187 2017 1235 2043 καὶ
1251 2018 1300 2051 τὴν
1323 2017 1424 2046 εὐσεσῆ
1441 2017 1535 2044 πίστιν
1550 2017 1781 2052 ἀνεπαισχύντως
1798 2027 1850 2052 κη-

1061 2061 1215 2095 ρύττοντας,
1245 2061 1292 2088 καὶ
1318 2063 1352 2088 τὰ
1384 2062 1436 2095 τῆς
1459 2061 1602 2092 εὐσεϐείας
1624 2062 1848 2097 γαλουχηθέντας

1059 2107 1195 2141 δόγματα,
1212 2106 1260 2132 καὶ
1282 2106 1361 2140 νίκην
1377 2105 1510 2138 πολλάκις
1530 2107 1600 2132 κατὰ
1626 2105 1768 2140 δαιμόνων
1782 2106 1849 2132 ἑπά-

1061 2160 1172 2187 ραντας,
1185 2152 1271 2187 ἀρετῇ
1285 2151 1480 2182 δυσωποῦντας
1496 2152 1542 2178 τδν
1558 2152 1719 2184 ἀντίπαλον,
1737 2153 1786 2178 καὶ
1800 2153 1848 2186 τὴν

1064 2198 1208 2233 Ἀρειανὴν
1225 2197 1375 2232 σοφωτάτῳ
1392 2197 1464 2232 λόγῳ
1483 2196 1692 2231 στηλιτεύοντας
1719 2198 1847 2232 αἵρεσιν·

1061 2243 1178 2277 ὕργανον
1194 2242 1335 2277 ὠμότητος
1347 2241 1395 2268 τοῦ
1408 2242 1611 2277 προειρημένου
1624 2241 1742 2274 ἔχοντες,
1762 2242 1846 2276 ὑπερ·

1060 2288 1154 2323 ορίους
1182 2289 1364 2322 πεποιήκασιν
1380 2288 1409 2314 ἐν
1426 2288 1573 2323 οἰκουμένῃ
1591 2287 1666 2322 παρὰ
1680 2288 1735 2313 τῶν
1754 2297 1847 2323 κυριο-

1061 2335 1163 2361 κτόνων
1180 2334 1318 2360 Ἰουδαίων
1331 2334 1408 2360 πόλει
1426 2333 1548 2365 τοῦνομα
1561 2334 1768 2368 Διοκαισαρείᾳ.
1792 2334 1847 2360 Καὶ

1060 2380 1134 2414 ὅμως
1155 2380 1192 2411 ὡς
1206 2381 1220 2405 ὁ
1235 2379 1300 2415 ᾷίης
1318 2379 1364 2405 ἐπὶ
1381 2379 1490 2414 θανάτῳ
1511 2380 1565 2405 τῶν
1579 2379 1704 2413 ἀδελφῶν
1728 2380 1781 2406 οὐκ
1801 2382 1848 2414 ἑμ-

1061 2425 1237 2459 πιπλάμενοι,
1256 2425 1413 2460 ἁπανταχοῦ
1430 2425 1483 2459 γῆς
1496 2425 1648 2460 ἐτόλμησαν
1662 2427 1686 2451 οί
1699 2427 1846 2461 παράφρο-

1060 2480 1103 2502 νες
1124 2471 1171 2497 καὶ
1188 2471 1330 2505 ἀϐέλτεροι
1346 2472 1395 2504 τῆς
1408 2471 1511 2502 οἰκείας
1525 2471 1666 2505 ὠμότητος
1682 2471 1846 2507 καταλείψαι

1063 2518 1246 2552 μνημόσυνον,
1265 2518 1298 2543 ὲκ
1313 2517 1406 2543 κακῶν
1417 2517 1490 2551 ἔχειν
1511 2518 1541 2543 τὸ
1554 2517 1700 2552 γνώρισμα
1714 2517 1847 2552 βουλόμε-

1059 2572 1109 2590 νοι.
1127 2563 1194 2590 Ἰδοὺ
1211 2563 1266 2598 γὰρ
1291 2563 1373 2589 πάλιν
1391 2563 1540 2597 κληρικοὺς
1555 2563 1606 2597 τῆς
1621 2563 1772 2597 καθολικῆς
1789 2564 1847 2590 Ἐκ-

1060 2610 1188 2643 κλησίας,
1200 2611 1229 2636 ἐν
1244 2609 1396 2644 1Δντιοχείςι
1409 2610 1600 2644 διατρίϐοντας
1616 2611 1674 2645 ἅμα
1688 2611 1846 2640 σπουδαίοις

1065 2655 1209 2689 μονάζουσι
1222 2655 1258 2681 τὰ
1276 2655 1325 2689 τῆς
1341 2654 1566 2690 δραματουργίας
1581 2655 1670 2682 αὐτῶν
1694 2656 1846 2691 διαμαρτύ-

1062 2701 1161 2735 ρασθαι
1175 2700 1374 2735 προθεμένους,
1393 2700 1537 2734 βασιλικὰς
1553 2701 1705 2736 ἠχήσαντες
1721 2703 1784 2729 κατ’
1800 2703 1845 2728 αὺ-

1061 2747 1116 2773 τῶν
1133 2747 1229 2778 ἀκοὰς,
1252 2747 1302 2781 τὴν
1324 2746 1544 2781 Νεοκαισὰρειαν
1569 2747 1617 2773 τοῦ
1634 2747 1737 2774 Πόντου
1761 2749 1844 2774 οίκεῖν

1061 2793 1292 2827 παρεσκεύασαν·
1308 2793 1333 2819 οῖ
1357 2793 1427 2827 τάχα
1453 2794 1499 2820 καὶ
1520 2794 1566 2820 τοῦ
1583 2794 1632 2828 ζῇν
1656 2794 1844 2829 ἐστερήθησαν

1057 2839 1100 2864 διὰ
1119 2838 1166 2873 τὴν
1186 2839 1238 2864 τῶν
1264 2838 1353 2865 τόπων
1373 2839 1535 2874 ἀγριότητα.
1562 2840 1696 2868 Tomi)“:
1719 2841 1732 2866 ὁ
1749 2840 1843 2870 καιρὸς
