1905 3048
232 133 284 166 667

825 124 1033 160 NICEPHORI
1055 122 1221 153 CALLISTI

1801 118 1859 154 (363

233 197 309 220 caret
326 197 452 226 corpora,
470 190 596 218 nonnulli
615 190 685 226 apud
699 198 730 219 ea
745 195 922 226 permansere
936 186 1008 214 cada-

1066 183 1147 216 Θῆναι
1177 182 1227 215 τὴν
1253 181 1369 214 ὑστάτην
1394 179 1498 214 ταύτην
1526 179 1712 214 παράκλησιν.
1737 178 1809 205 Ἀλλ’
1833 178 1857 205 ὣ

233 245 295 264 vera
308 237 380 272 justa
402 237 544 271 sepultura
560 236 719 264 fraudautes
734 245 740 263 :
755 244 816 264 cum
835 234 945 270 quidem
964 241 1012 268 pa-

234 287 325 310 rentes
339 286 367 309 et
380 281 478 309 fratres
494 286 522 309 et
542 283 662 318 cognati,
680 282 747 310 urbs
763 282 883 316 denique
902 281 1014 315 (prope-

234 328 369 360 modum)
392 332 457 360 tota,
482 319 566 355 unum
593 328 646 355 hoc
668 335 734 355 suos
755 326 905 362 sepeliendi
924 329 1014 353 extre-

235 382 307 400 mum
326 374 452 400 solatium
475 373 526 400 sibi
552 375 666 401 concedi
688 377 824 408 peterent.
841 372 906 404 Sed,
926 379 941 397 o
963 371 1015 398 ima

235 427 353 447 mensam
372 419 496 452 praetoris
513 424 540 446 et
555 419 665 452 iudicis.
682 427 713 446 ac
733 419 827 453 potius
846 418 1009 445 condemna-

235 464 300 492 toris
314 465 560 491 inhumanitateml
581 464 627 499 qui
644 473 693 499 pro
710 464 811 499 pietate
826 464 1012 494 decertarunt,

234 517 266 536 ne
283 509 430 536 homicidis
443 509 566 544 quidem.
585 510 746 544 corporibus
762 516 856 535 eorum
873 508 1013 542 sepultura

233 554 409 585 carentibus.
441 553 637 586 conferuntur;
668 555 714 588 qui
747 553 848 580 bonum
883 559 1013 587 peregere

233 602 383 628 certamen.
408 597 473 624 feris
495 602 523 625 et
547 597 705 624 volucribus
729 604 791 624 esca
806 596 1010 631 proﬁciuntur;

232 643 277 677 qui
295 643 418 677 patribus
434 647 554 680 propter
571 643 769 670 conscientiam
790 651 839 677 pro
859 642 1014 669 misericor-

232 688 284 715 diae,
302 688 401 715 affectu
421 688 622 716 condoleudum
648 688 700 715 sibi
719 696 779 715 esse
802 692 934 718 statuere.
952 695 1012 721 per-

232 734 295 761 inde
314 739 395 768 atque
415 735 544 768 injustum
562 735 627 770 quid
646 739 673 762 et
693 734 806 768 itnpium
825 734 1012 765 admisissent,

231 780 320 814 capite
337 781 506 815 plectuntur.
525 781 654 813 Quaenam
679 780 865 807 Romanorum
883 780 936 810 lex.
952 786 1012 813 qua:

233 826 412 852 barbarorum
437 826 586 857 sententia,
609 826 635 852 in
662 835 710 853 eos
736 826 782 860 qui
810 833 858 858 per
882 825 1009 858 pietatem

1064 228 1164 263 πολλῆς
1176 226 1374 262 ἀπανθρωπίας
1395 226 1444 252 τοῦ
1458 225 1627 257 δικάζοντος,
1644 225 1747 260 μᾶλλον
1760 225 1789 251 δὲ
1805 225 1855 251 τοῦ

1063 275 1272 309 κατακρίναντος
1285 274 1291 300 l
1307 273 1332 299 οί
1341 273 1374 300 δι’
1391 272 1532 299 εὐσέϐειαν
1540 272 1710 306 ἀθλήσαντες
1725 271 1857 305 φονεῦσιν

1063 321 1092 347 οὐ
1121 320 1325 356 συνεκρίνοντο,
1337 319 1437 352 ἄταφοι
1463 318 1591 352 μένοντες
1607 317 1642 344 τὰ
1667 317 1804 351 adigatur
1827 317 1853 343 οἱ

1064 367 1153 396 καλῶς
1165 365 1362 399 ἀγωνιζόμενοι
1376 364 1481 399 θηρίοις
1492 365 1538 390 καὶ
1550 364 1662 399 πτηνοτς
1679 364 1751 397 πρὸς
1767 363 1854 398 βορὰν

1064 410 1256 446 ὲρῥιπτοῦντο·
1271 411 1297 436 οί
1310 410 1489 444 συμπαθῆσαι
1505 408 1713 444 βεϐουλευμένοι
1728 409 1853 443 πατράσι

1063 458 1106 484 διὰ
1117 459 1165 489 τὴν
1180 458 1342 492 συνείδησιν,
1369 457 1418 490 τὴν
1432 457 1554 491 κεφαλὴν
1574 456 1612 488 ὡς
1627 455 1777 491 παράνομα
1786 455 1853 488 δρά-

1063 511 1157 534 σαντες
1172 503 1366 536 ἁπετέμνοντο.
1383 503 1461 534 [Ιοῖος
1478 503 1560 536 νόμος
1578 501 1735 536 Ῥωμαίων,
1746 500 1812 527 ποία
1821 501 1853 526 δὲ

1061 549 1159 584 γνώμη
1178 549 1326 583 βιρὸἄιρων
1340 549 1397 579 τοῖς
1412 549 1532 582 πατράσι
1549 546 1766 581 συμπαθοῦντας
1777 546 1851 579 ἠμύ-

1064 604 1144 627 νατο;
1158 596 1210 621 [ἰοῦ
1222 603 1263 625 τις
1270 595 1325 621 τῶν
1337 594 1461 620 παλαιῶν
1483 602 1549 620 ποτε
1561 594 1659 628 ἔδρασε
1682 593 1805 619 τοιοῦτόν
1825 601 1852 618 τι

1064 641 1222 674 παράνομον
1233 639 1390 672 ;”Εκέλευσέ
1405 648 1469 665 ποτε
1481 638 1582 673 Φαραὼ
1593 659 1600 670 ,
1615 637 1787 672 ἀναιρεῖσθαι
1800 637 1854 663 τῶν

1076 685 1208 720 Ἐϐραίων
1225 686 1258 711 τὰ
1273 686 1375 720 ἄρρενα
1385 693 1393 701 ⁶
1408 685 1474 711 ἀλλὰ
1489 685 1584 718 φθόνος
1601 685 1649 710 καὶ
1661 684 1722 715 δέος
1734 683 1854 710 ὑπέϐαλε

1062 731 1141 758 τοῦτο
1152 733 1180 758 τι
1190 731 1444 766 πρόσταγμαλῐὸσῳ
1453 730 1487 756 τὰ
1501 730 1561 756 τότε
1570 729 1625 756 τῶν
1636 729 1684 755 νῦν
1696 728 1854 762 φιλανθρω-

1063 778 1177 813 ard-cepa;
1191 778 1265 811 πόσῳ
1275 777 1388 803 ποθεινὰ
1402 777 1469 811 πρὺς
1479 776 1582 810 αἵρεσιν
1591 776 1764 810 ἁδικήματας
1778 774 1854 808 πόσῳ

1067 823 1190 858 βελτίονα
1205 823 1272 858 πρὸς
1292 823 1435 857 σύγκρισιν
1450 823 1632 856 ὰνομήματα;
1652 821 1711 847 Κᾶν
1728 820 1854 851 ἀλλήλων

232 870 356 904 patrihus
381 871 569 903 condolerent,
587 871 798 899 animadvertit?
816 871 865 898 Ubi
885 875 1008 897 veterum

1063 857 1092 896 αἱ
1105 870 1198 895 κακίαι
1268 868 1450 904 χωρίζωνται,
1465 868 1563 894 ἄπεστι
1573 867 1607 893 τὰ
1617 867 1754 901 λεγόμενα
1766 865 1855 892 ἀπάν-

231 915 375 950 quisquam
400 924 518 950 unquam
535 921 588 943 tam
605 917 774 951 illegitimum
794 921 822 942 et
840 915 953 949 impium
969 916 1008 942 fa-

1062 915 1159 948 θρωπα
1167 915 1216 941 καὶ
1223 914 1306 944 δεινὰ,
1317 913 1379 948 ὼμὰ
1389 914 1436 940 καὶ
1444 913 1579 948 βάρσαρα,
1589 912 1687 946 ἀνηλεῆ
1697 913 1746 938 καὶ
1755 913 1852 947 πικρά.

231 963 310 991 ciuus
333 964 417 991 fecit?
435 965 522 991 Jussit
548 965 684 999 quondam
710 964 817 991 Pharao
840 964 1014 991 Hebra'orttm
1036 963 1124 990 occidi
1159 964 1307 990 masculos.
1327 963 1404 997 163
1436 963 1468 988 At
1483 958 1585 988 invidia
1599 965 1627 988 et
1639 965 1731 988 metus
1745 961 1799 988 hoc
1815 961 1852 987 illi

231 1010 349 1045 subjecit
366 1011 498 1038 edit-tum.
515 1011 614 1038 Verum
629 1016 730 1045 quanto
749 1011 793 1038 illa
810 1016 911 1042 vetera,
931 1018 1011 1045 quam
1031 1010 1174 1044 prmsentia
1192 1010 1260 1038 haec.
1278 1009 1459 1036 bumanim‘a?
1471 1012 1575 1042 quanto
1590 1007 1622 1034 ad
1641 1008 1785 1042 optionem
1812 1007 1853 1033 in-

231 1058 311 1093 jurim
328 1059 574 1086 desiderabiliora?
590 1065 691 1093 quanto
706 1059 738 1085 ad
756 1059 928 1086 collationem
945 1058 1098 1092 iniquitatis
1115 1057 1246 1085 meliora?
1262 1057 1391 1090 Quamvis
1407 1057 1572 1084 vitiositates
1589 1063 1603 1083 a
1623 1056 1721 1090 seipsis
1737 1055 1811 1082 inter
1824 1062 1852 1082 se

231 1113 285 1133 non
304 1105 508 1140 disgregentur;
525 1114 555 1134 ea
572 1114 632 1141 qua!
647 1106 718 1133 dicta
735 1111 808 1138 sunt,
825 1106 919 1139 infida,
940 1106 1100 1135 inhumana.
1115 1106 1218 1139 gravia,
1241 1106 1308 1137 fera,
1325 1105 1452 1136 barbara,
1475 1105 1597 1132 crudelia
1615 1109 1643 1131 et
1659 1105 1758 1131 acerba
1774 1109 1852 1131 sunt.

268 1160 278 1177 ‹
292 1153 379 1186 Atque
394 1153 469 1179 hisce
484 1154 576 1183 rebus.
591 1154 637 1187 qui
651 1153 778 1180 Ariauam
795 1153 930 1180 insaniam
943 1160 1010 1179 con—

231 1199 406 1224 sectabantur
423 1198 621 1233 gloriabantur.
638 1199 746 1225 Etcum
764 1198 861 1226 civitas
875 1199 965 1225 omnis
982 1198 1008 1225 in

230 1241 306 1268 luctu
331 1247 404 1269 esset
432 1244 497 1277 (non
521 1243 594 1270 enim
612 1247 672 1270 erat
699 1243 755 1270 ulla
781 1243 891 1275 domus,
911 1244 938 1270 in
957 1251 1010 1278 qua

231 1296 285 1315 non
303 1294 376 1316 esset
392 1294 526 1321 mortuus.
544 1289 625 1317 sicuti
644 1289 669 1316 iu
686 1289 781 1318 Exodo
797 1290 929 1324 scriptum
944 1289 1008 1321 est).

231 1341 284 1360 non
303 1335 468 1368 quieverunt
485 1341 588 1366 tamen.
601 1336 647 1370 qui
662 1335 843 1363 insatiabilem
860 1336 911 1362 sibi
928 1343 1009 1362 exer-

230 1380 296 1406 citio
323 1380 356 1407 ad
383 1381 556 1415 iniquitatem
586 1381 708 1408 habitum
731 1385 936 1416 compararunt.
956 1381 1011 1408 Vo—

230 1425 337 1452 luntate
363 1427 436 1452 enim
465 1430 493 1453 ct
517 1426 633 1453 arbitrio
652 1434 702 1453 suo
729 1426 761 1453 ad
792 1435 835 1453 res
858 1427 1012 1454 deteriores

229 1471 393 1500 assuefacto.
408 1471 643 1505 improbitatisque
660 1479 766 1499 veneno
781 1472 814 1498 ad
831 1472 1011 1506 provinciales

229 1517 375 1550 episcopos
389 1525 474 1551 usque
485 1522 605 1548 extento.
622 1518 800 1552 largitionum
814 1519 914 1545 comite
928 1525 1009 1552 quem

231 1560 352 1587 diximus
370 1559 465 1594 Magno
486 1561 602 1588 satellite
617 1562 700 1588 etiam
720 1562 754 1588 ad
779 1562 940 1596 injustitiam
959 1562 1010 1592 usi.

230 1605 338 1638 aliquos
363 1605 473 1640 quidem
498 1606 717 1640 curizejudicum
743 1607 935 1638 tradiderunt,
959 1608 1010 1634 ali-

230 1651 331 1684 quibus
349 1656 439 1678 autcm
456 1651 558 1685 quibus
578 1651 689 1679 voluere
701 1652 789 1679 modis
799 1652 912 1680 insidias
927 1657 1013 1680 teten-

230 1695 341 1726 derunt,
363 1696 436 1722 omni
464 1703 496 1722 ex
522 1701 599 1730 parte
625 1704 732 1729 omnes,
753 1697 821 1725 nihil
847 1698 1010 1726 intentatum

231 1740 422 1774 relinquendo.
446 1741 479 1767 ad
496 1741 664 1776 impietatem
690 1743 767 1777 quasi
793 1744 887 1770 vcnari
905 1748 933 1770 et
949 1752 1011 1778 pcr-

230 1785 340 1812 trahere
364 1786 497 1813 volentes.
529 1787 656 1814 Sedenim
692 1788 784 1815 omnia
811 1789 1010 1816 circumeundo

226 1831 303 1866 juxta
330 1833 439 1859 In'cresis
460 1841 515 1859 suae
543 1838 647 1867 patrem
672 1833 824 1865 diabolum,
855 1840 1010 1868 quaerentes

228 1885 310 1912 quem
323 1878 467 1909 devorent,
485 1879 558 1913 quod
577 1879 611 1906 de
629 1887 736 1907 sutnma
762 1888 853 1907 rerum
879 1881 1010 1916 despera-

227 1929 300 1954 rent.
318 1924 445 1952 undecim
467 1932 499 1951 ex
519 1925 633 1960 Egypto
656 1926 810 1960 episcopos,
826 1927 901 1954 viros
924 1928 970 1961 qui
995 1936 1009 1954 a

227 1976 320 2001 pueris
342 1969 375 1995 ad
402 1975 572 1997 senectutem
599 1978 686 2004 usque
712 1971 822 1998 virtutis
848 1977 876 1998 et
901 1973 1010 2006 pietatis

225 2015 386 2041 exercet-dte
409 2016 496 2049 gratia
517 2016 696 2043 solitudinem
714 2017 865 2050 incoluere,
883 2017 1008 2046 doctrina

226 2066 254 2086 et
269 2060 348 2087 factis
372 2061 529 2094 voluptates
550 2062 742 2096 subjugavere,
761 2063 876 2090 verioris
899 2064 1009 2097 pietatis

227 2105 307 2132 fidem
333 2106 519 2140 deprtedicare
535 2115 590 2133 non
605 2107 754 2139 erubuere,
777 2108 887 2142 pietatis
912 2108 1009 2143 dogma

227 2159 281 2177 una
299 2158 362 2178 eum
378 2151 447 2178 lacte
463 2151 606 2183 imbibere,
623 2152 763 2178 victoriatu
781 2160 852 2186 stupe
875 2160 888 2179 a
909 2153 1009 2180 daemo-

227 2196 308 2223 nibus
339 2197 469 2229 retulere,
494 2197 594 2224 virtute
617 2197 806 2224 adversarium
836 2198 952 2232 fregere,
979 2203 1008 2226 et
1025 2192 1046 2220 υ

226 2242 353 2268 Arianant
377 2246 479 2268 sectam
498 2243 622 2270 oratione
647 2243 846 2278 sapientissima
869 2245 956 2272 veluti
977 2245 1005 2271 in

225 2288 380 2315 columnam
399 2289 511 2315 incisam
532 2289 688 2322 traduxcre,
705 2290 918 2317 instrumentum
939 2290 1005 2317 feri-

226 2333 288 2359 tatis
303 2341 457 2368 cumquem
472 2342 541 2368 saepe
553 2335 671 2362 diximus
685 2335 832 2368 habentes,
846 2336 1004 2363 exsulatum

226 2380 251 2405 in
270 2379 337 2406 orbe
362 2385 457 2406 nostro
477 2381 547 2415 apud
565 2381 672 2408 Domini
695 2386 872 2416 perc‘uss‘orcs
896 2381 1005 2409 Iudaeos

224 2425 251 2452 in
270 2426 409 2452 civitatem
440 2426 635 2454 Diocwsarcam
665 2428 775 2454 misere.
797 2427 1004 2461 Verumtamen,

223 2472 304 2499 sicuti
322 2473 408 2499 Oreus
426 2480 473 2499 seu
492 2473 626 2505 infernus,
644 2473 759 2499 fratrum
776 2480 863 2500 morte
880 2474 1000 2502 nondum

222 2517 335 2550 expleti,
351 2517 453 2552 ubique
466 2522 602 2545 terrarum
616 2518 758 2544 dementes
769 2523 797 2544 et
812 2519 914 2552 stupidi
930 2527 1006 2546 mor-

224 2562 291 2588 tales
308 2563 416 2590 saevitiae
433 2571 489 2591 sua:
502 2568 709 2591 monumentum
725 2564 834 2599 aliquod
848 2566 1003 2600 relinquere

200 2641 205 2643 _
223 2612 286 2634 sunt
300 2610 371 2641 ausi,
390 2611 562 2637 nobilitatem
588 2618 622 2637 ex
643 2610 795 2638 malefactis
823 2618 1001 2647 aucupantes.

223 2655 292 2681 licce
321 2656 395 2682 enim
420 2664 530 2684 rursum
558 2657 690 2685 Ecclesiae
715 2658 858 2686 catholica
888 2659 1004 2686 clericos

223 2701 375 2729 Antiochia:
394 2702 536 2737 degentes,
551 2711 604 2730 una
620 2711 682 2731 eum
704 2704 830 2738 probatis
848 2704 1001 2738 monachis,

221 2749 266 2781 qui
282 2756 378 2775 corum
397 2749 545 2776 insolentes
557 2750 681 2778 actiones
696 2750 856 2778 testimonio
869 2758 919 2777 suo
933 2758 1002 2777 cou-

222 2798 374 2824 tiriuareut.
405 2795 449 2822 ubi
474 2795 631 2830 imperiales
661 2805 743 2824 aures
761 2797 881 2831 querelis
906 2801 1001 2823 contra

222 2844 271 2867 Ims
300 2842 432 2868 institutis
457 2841 649 2875 obludcrunt,
677 2843 883 2871 Neon-:esareuut
921 2843 1000 2870 l‘outi

1103 1152 1173 1178 Ἀλλ’
1191 1153 1219 1178 ὲν
1237 1151 1343 1183 τούτοις
1359 1151 1497 1186 ὲγαυρίων
1513 1152 1537 1178 οἱ
1554 1152 1604 1185 τῆς
1625 1151 1734 1184 Ἀρείου
1753 1151 1854 1184 μανίας

1063 1199 1179 1232 ὑπήκοοι
1195 1197 1366 1233 χορεύοντες.
1379 1197 1434 1231 Τῆς
1449 1196 1477 1222 δὲ
1494 1197 1599 1227 πόλεως
1614 1195 1705 1228 πάσης
1718 1196 1853 1230 ὀλοφυρο-

1064 1244 1147 1278 μένης
1159 1244 1221 1279 (οὐκ
1235 1240 1269 1278 ἦν
1285 1244 1340 1277 γὰρ
1349 1242 1423 1269 οίκία
1433 1239 1489 1278 ἐν
1505 1242 1555 1268 οὐκ
1563 1239 1596 1277 ἦν
1607 1241 1758 1276 τεθνηκὼς,
1776 1242 1814 1272 ὡς
1825 1242 1854 1267 ὲν

1063 1291 1095 1324 τῇ
1123 1290 1220 1324 Ἑξόδῳ
1233 1288 1625 1324 γέγραπται),οὒκὴρέμησαν
1640 1288 1733 1319 πάλιν,
1755 1288 1782 1314 οί
1803 1288 1853 1321 τὴν

1063 1334 1120 1367 ἕξιν
1136 1336 1286 1370 ἀκόρεστον
1304 1335 1371 1370 πρὸς
1389 1334 1564 1369 παρανομίαν
1589 1334 1780 1368 ἀσκήσαντες·
1806 1335 1852 1359 ἐπὶ

1065 1381 1120 1416 γὰρ
1135 1381 1167 1407 τά
1183 1382 1266 1415 χείρω
1290 1381 1340 1415 τὴν
1357 1381 1517 1415 προαίρεσιν
1540 1380 1738 1415 γυμνάζοντες,
1769 1380 1851 1414 μέχρι

1063 1424 1118 1450 τῶν
1133 1425 1183 1458 τῆς
1213 1426 1347 1460 ἐπαρχίας
1362 1425 1521 1452 ἐπισκόπων
1536 1425 1581 1451 τὸν
1600 1425 1665 1451 ἴδιον
1682 1426 1732 1459 τῆς
1755 1426 1851 1456 κακίας

1065 1471 1104 1498 ίδν
1118 1472 1332 1501 ἐπεκτείνοντες,
1349 1471 1493 1506 δορυφόρῳ
1516 1473 1585 1506 πρὸς
1610 1471 1718 1498 ἀδικίαν
1734 1471 1776 1506 τῷ
1798 1472 1852 1498 τῶν

1063 1518 1245 1552 λαργιτιόνων
1272 1520 1410 1553 χρώμενοι
1438 1519 1560 1554 κόμητι,
1591 1519 1630 1553 τῷ
1655 1520 1851 1554 προειρημένῳ

1063 1564 1178 1599 Μάγνῳ,
1195 1564 1259 1595 τοὺς
1283 1565 1334 1598 μὲν
1354 1564 1542 1600 βουλευτηρίῳ
1559 1565 1725 1600 παρέδοσαν.
1751 1567 1817 1596 τοὺς
1831 1565 1852 1591 δ’

1063 1609 1160 1640 ἄλλους
1174 1610 1202 1635 δν
1219 1609 1363 1637 ἑδοὺλοντο
1382 1610 1482 1644 τρόπον
1505 1610 1663 1644 ἐνήδρευον,
1679 1611 1853 1646 πανταχόθεν

1063 1655 1132 1689 πρὸς
1148 1655 1276 1682 ἀσέϐειαν
1297 1657 1361 1687 τοὺς
1387 1656 1491 1688 πάντας
1514 1657 1647 1690 θηρεῦσαι
1677 1657 1851 1692 βουλόμενοι,

1063 1702 1138 1728 οὐδὲν
1164 1702 1278 1736 ἀφέντες
1306 1702 1459 1737 ἀτόλμητον
1476 1710 1483 1718 ⁸
1514 1703 1581 1729 ἀλλὰ
1605 1704 1659 1738 γὰρ
1688 1704 1736 1731 καὶ
1762 1704 1853 1732 πάντα

1063 1747 1281 1782 περιερχόμενοι.
1297 1748 1368 1774 κατὰ
1387 1748 1433 1774 τ“ιν
1444 1748 1510 1774 [διον
1524 1748 1574 1781 τῆς
1591 1748 1728 1782 αἱρέσεως
1742 1750 1853 1784 πατέρι

1061 1792 1195 1822 διάϐολον,
1215 1792 1362 1828 ζητοῦντές
1385 1802 1446 1820 τινα
1471 1795 1628 1821 καταπιεῖν.
1647 1794 1772 1822 Καθόλου
1794 1796 1852 1822 τοί-

1062 1847 1111 1864 νυν
1127 1839 1203 1873 παρὰ
1230 1840 1338 1866 πάντων
1360 1840 1557 1876 ἀπορούμενοι,
1581 1841 1611 1867 ὲν
1633 1841 1700 1868 δέκα
1723 1841 1780 1868 τῶν
1797 1842 1852 1868 ἀπὸ

1061 1884 1112 1918 τῆς
1132 1884 1269 1918 Αἰγύπτου
1296 1885 1342 1912 τὸν
1372 1885 1490 1921 ἀριθμὸν
1510 1887 1680 1917 ἐπισκόπων,
1697 1887 1801 1922 ἄνδρας
1820 1888 1852 1913 ἐκ

1063 1932 1170 1958 παιδίου
1198 1932 1279 1967 μέχρι
1303 1933 1397 1968 γήρως
1412 1933 1462 1968 τὴν
1486 1933 1590 1967 ἔρημον
1605 1934 1753 1972 ἀσκήσεως
1769 1934 1852 1970 χάριν

1061 1979 1237 2011 οἰκήσαντας,
1253 1979 1302 2005 καὶ
1312 1978 1383 2013 λόγῳ
1395 1978 1443 2005 καὶ
1459 1979 1557 2014 πράξει
1571 1981 1619 2010 τὰς
1635 1980 1732 2014 ἡδονὰς
1748 1981 1852 2008 ὕποτά-

1063 2022 1172 2055 ξαντας,
1189 2023 1237 2049 καὶ
1253 2024 1302 2058 τὴν
1325 2023 1426 2053 εὐσεϐῆ
1443 2025 1537 2051 πίστιν
1552 2026 1782 2060 ἀνεπαισχύντως
1799 2035 1853 2060 κη-

1063 2067 1217 2101 ρύττοντας,
1246 2068 1294 2094 κα)⁸
1319 2069 1354 2095 τὰ
1386 2069 1437 2103 τῆς
1461 2068 1604 2101 εὐσεϐείας
1626 2070 1851 2106 γαλουχηθέντας

1060 2112 1196 2146 δόγματα,
1213 2112 1261 2138 καὶ
1284 2113 1363 2147 νίκην
1379 2113 1512 2145 πολλάκις
1531 2114 1601 2140 κατὰ
1628 2113 1769 2148 δαιμόνων
1783 2115 1852 2141 ἑπά-

1063 2165 1174 2192 ραντας,
1186 2158 1272 2193 ἀρετῇ
1286 2158 1482 2190 δυσωποῦντας
1497 2160 1543 2186 τδν
1559 2160 1720 2196 ἀντίπαλον,
1739 2162 1786 2187 καὶ
1801 2161 1851 2195 τὴν

1066 2203 1209 2238 Ἀρειανὴν
1226 2204 1376 2238 σοφωτάτῳ
1393 2203 1465 2239 λόγῳ
1485 2204 1693 2239 στηλιτεύοντας
1719 2206 1831 2241 αἵρεσιν
1842 2213 1850 2222 ⁶

1062 2247 1179 2283 ὄργανον
1195 2248 1336 2282 ὠμότητος
1349 2248 1396 2275 τοῦ
1409 2250 1612 2284 προειρημένου
1626 2250 1743 2283 έχοντεῆ
1762 2250 1850 2286 ὑπερο

1062 2294 1155 2328 ορίους
1183 2295 1365 2328 πεποιήκασιν
1381 2295 1410 2321 ἐν
1426 2296 1573 2331 οἰκουμένῃ
1592 2295 1667 2330 παρᾶ
1681 2297 1736 2322 τῶν
1754 2305 1850 2332 κυριο-

1061 2340 1164 2366 κτόνων
1181 2339 1318 2366 Ἰουδαίων
1332 2341 1408 2367 πόλει
1427 2340 1549 2373 τοῦνομα
1561 2342 1768 2376 Διοκαισαρείᾳ.
1793 2343 1850 2370 Καὶ

1061 2386 1134 2419 ὅμως
1156 2386 1192 2417 ὡς
1207 2386 1220 2411 ὁ
1235 2385 1300 2420 ᾆῖης
1319 2386 1364 2412 ἐπὶ
1381 2385 1490 2422 θανάτῳ
1512 2388 1565 2413 τῶν
1579 2387 1704 2421 ἀδελφῶν
1728 2389 1781 2414 οὐκ
1802 2391 1851 2423 έμ-

1061 2431 1237 2465 πιπλάμενοι,
1256 2432 1413 2467 ἁπανταχοῦ
1430 2433 1483 2466 γῆς
1497 2433 1648 2467 ἐτόλμησαν
1662 2435 1685 2460 οί
1699 2436 1849 2470 παράφρο-

1060 2485 1103 2508 νες
1124 2477 1171 2503 καὶ
1188 2476 1329 2511 ἀϐέλτεροι
1346 2479 1395 2511 τῆς
1408 2478 1511 2509 οἰκείας
1524 2478 1666 2514 ὠμότητος
1682 2480 1849 2516 καταλείψαι

1063 2524 1245 2558 μνημόσυνον,
1265 2524 1297 2549 ἐκ
1312 2524 1406 2550 κακῶν
1417 2524 1489 2558 ἔχειν
1511 2525 1541 2551 τὸ
1554 2525 1700 2560 γνώρισμα
1714 2525 1849 2561 βουλόμε-

1059 2578 1109 2595 νοι.
1127 2569 1194 2595 Ἰδοὺ
1211 2569 1265 2604 γὰρ
1290 2570 1372 2596 πάλιν
1391 2570 1539 2604 κληρικοὺς
1554 2571 1605 2605 τῆς
1620 2571 1770 2606 καθολικῆς
1788 2573 1849 2599 Ἐκ-

1060 2615 1187 2649 κλησίας,
1199 2617 1228 2642 ὲν
1243 2616 1395 2651 ’Δντιοχείᾳ
1408 2617 1599 2651 διιτρίῦοντας
1615 2619 1673 2652 ἆμα
1687 2619 1846 2650 σπουδαίοις

1064 2660 1208 2694 μονάζουσι
1221 2661 1256 2688 τὰ
1275 2661 1324 2695 τῆς
1340 2661 1565 2696 δραματουργίας
1580 2663 1669 2690 αὐτῶν
1694 2664 1846 2699 διαμαρτύ-

1061 2706 1160 2741 ρασθαι
1174 2706 1373 2741 προθεμένους,
1391 2707 1535 2741 βασιλικὰς
1551 2709 1705 2744 ὴχήσαντες
1719 2711 1781 2737 κατ’
1797 2712 1844 2737 αὐ-

1059 2752 1114 2778 τῶν
1131 2753 1228 2784 ἀκοὰς,
1251 2753 1300 2787 τὴν
1323 2752 1542 2788 Νεοκαισάρειαν
1568 2755 1615 2781 τοῦ
1632 2756 1735 2782 Πόντου
1759 2757 1842 2783 οίκεῖν

1059 2799 1271 2832 παρεσκεύασαν
1283 2807 1290 2815 ·
1307 2799 1331 2826 οἳ
1356 2799 1425 2834 τάχα
1451 2801 1498 2827 ναὶ
1517 2801 1564 2827 τοῦ
1581 2801 1631 2836 ζῇν
1654 2802 1842 2837 ἐστερήθησαν

1055 2844 1098 2870 διὰ
1117 2845 1164 2879 τὴν
1184 2845 1236 2870 τῶν
1262 2844 1351 2872 τόπων
1371 2846 1533 2881 ἀγριότητα.
1560 2847 1694 2876 Τοιαύτας
1717 2850 1729 2874 ὀ
1747 2849 1840 2879 καιρὸς
