1906 3043
50 112 92 142 757
487 114 787 145 ECCLESIASTIC/E
807 116 1001 148 HISTORLE
1021 119 1094 150 LIB-
1117 121 1184 152 XII.

1607 122 1661 153 758

46 170 87 196 νοῦ
101 169 312 204 προϐάλλοντος,
325 170 454 202 Παυλῖνος
463 171 647 206 διισχυρίζετο
663 171 742 203 αὐτὸς
755 171 823 199 εἶναι

879 177 962 201 tenus
984 182 1016 202 ex
1042 175 1174 210 Gregorio
1192 168 1364 205 Nazianzeno
1380 178 1548 212 retulimus),
1566 180 1659 213 opinio

43 216 88 250 τῆς
100 216 230 250 Δαμάσου
253 217 371 252 μερίδος.
387 217 502 252 Ἐπίσης
514 218 541 244 δὲ
558 218 606 244 καὶ
618 218 825 254 Ἀπολλινάριος

44 262 112 294 ἔλεγε
126 262 332 296 κατακρύπτων
348 263 399 297 τὴν
414 263 502 290 νόσον.
528 263 633 298 Ἡσυχῆ
657 264 686 291 δὲ
702 265 825 300 καθῆστο

43 308 165 338 Μελέτιος
183 307 238 333 τῶν
261 309 400 343 ἑκατέρων
429 309 516 342 λόγων
543 311 768 345 ἑπακροώμενος.
790 312 820 338 Ὁ

42 355 68 380 δέ
80 363 108 387 γε
127 354 198 386 Beia;
215 355 366 386 Φλαδιανὺς
381 356 420 382 ἔτι
445 365 472 382 τι
495 356 533 391 τῷ
551 357 606 384 τῶν
630 357 826 393 πρεσϐυτέριον

42 401 187 436 ἐμπρέπων
201 401 309 436 βαομῷ,
327 402 419 437 ἡρέμα
437 402 485 429 τοῦ
500 404 655 439 στρατηγοῦ
670 405 823 437 ὲπαΐοντος,

43 447 107 481 πρὸς
134 448 265 474 Παυλῖνον
292 449 362 483 ἔφη·
382 458 392 475 ι
417 450 449 476 Ei.
466 449 484 476 ἆ
509 450 668 486 δογματίζει
698 451 824 485 Δάμασος

43 495 172 528 στέργεις,
188 491 211 521 ὦ
226 494 314 527 οὗτος,
340 496 425 528 δεῖξον
443 497 508 530 ἡμῖν
523 497 573 532 τὴν
589 497 639 532 τῆς
655 497 734 531 δόξης
758 506 824 532 συγ-

42 540 144 573 γένειαν
155 549 162 554 ·
177 541 283 572 ἐκεῖνος
298 541 353 576 γὰρ
370 542 434 576 μίαν
449 542 546 568 οὐσίαν
559 543 609 577 τῆς
629 543 742 578 Τριάδος
758 545 824 578 ὁμο-

41 586 121 619 λογεῖ,
135 587 182 612 καὶ
198 587 247 617 τὰς
258 587 332 621 τρεῖς
346 587 510 619 ὑποστάσεις
521 587 670 623 διαρρήδην
683 587 823 623 κηρύττει.

42 633 74 657 Σὺ
98 632 120 657 δ’
147 632 241 664 ἔοικας
262 633 292 664 ἐξ
308 629 344 659 ὧν
370 632 471 666 λέγεις,
497 634 547 668 τὴν
574 633 628 660 τῶν
648 634 825 660 ὑποστάσεων

41 677 159 711 ἀναιρεῖν
173 677 283 712 τριάδα.
302 676 446 711 Συμφὼνει
462 677 554 704 τοίνυν
574 676 670 711 ἐκείνῳ
687 678 742 708 τοῖς
761 677 824 710 δόγ-

43 731 115 755 μασι,
132 723 180 749 καὶ
206 723 278 750 κατὰ
305 723 351 750 τὸν
373 723 425 757 τῆς
453 724 621 758 Ἐκκλησίας
649 723 751 759 Θεσμδν
777 724 825 756 τὰς

42 767 186 800 sumsit-it;
212 767 344 801 ἀσφαλῶς
363 768 472 802 κὰτεχε.
506 779 516 794 ι
547 768 602 794 Καὶ
618 767 665 794 τὸν
687 769 736 803 μὲν
754 768 825 795 οὕτω

41 813 238 846 ιατασιγάσας,
258 814 326 847 πρὸς
342 814 386 840 τὸν
408 813 614 849 ’Λπολλινάριον
631 815 824 849 ἐπιστραφεὶς,

41 861 88 894 ἔφη
102 867 109 875 ·
129 869 138 885 ι
155 860 257 896 Θαῦμά
273 870 318 895 μοι
336 861 454 893 ἔπεισιν,
471 858 493 888 ὧ
513 861 635 896 φιλότης,
652 862 710 893 πῶς
738 862 826 892 οὕτως

41 907 132 942 ἀνέδην
145 907 215 941 πρὸς
232 908 264 934 τὸ
276 907 374 942 ψεῦδος
391 908 423 943 δὴ
436 908 559 942 κεχηνὼς
573 909 622 935 οὐκ
634 909 764 944 ὲντρέπῃ,
779 910 825 936 καὶ

40 953 112 979 ταῦτ’
124 953 247 988 ἀκριϐῶς
258 954 335 985 εἰδὼς
349 954 386 986 ὡς
397 955 410 981 ὁ
423 954 566 985 θεσπέσιος
583 955 708 988 Δάμασος
719 955 826 982 τελείαν

41 999 175 1033 εἰληφέναι
194 1000 244 1034 τὴν
260 1000 398 1035 ἡμετέραν
413 1000 494 1034 φύσιν
507 1001 553 1026 τὸν
571 1001 636 1027 Θεὸν
651 1000 737 1034 Λόγον
756 1001 826 1028 πλα-

42 1045 78 1070 τεῖ
95 1043 254 1078 δογματίζει
268 1044 306 1080 τῷ
319 1045 446 1080 στόματι.
461 1045 497 1071 Σὺ
518 1045 540 1071 δ’
558 1046 597 1076 είς
616 1047 691 1072 ἅπαν
716 1047 825 1072 ἐναντία

43 1090 110 1123 μάλα
123 1092 234 1125 φρονεῖς
248 1100 254 1107 '
271 1091 308 1126 μὴ
322 1092 376 1127 γὰρ
393 1091 493 1126 ψυχὴν,
513 1092 582 1126 μηδὲ
607 1092 669 1118 νοῦν
686 1093 715 1119 τὸ
728 1093 826 1127 ἡμέτε-

43 1146 84 1171 ρον
99 1137 299 1172 προσειλῆφθαι
315 1138 368 1173 φῂς
391 1138 505 1173 ἐκείνῳ·
523 1137 540 1164 ἃ
555 1138 588 1173 δὴ
604 1139 652 1172 τῆς
677 1139 738 1165 καθ’
751 1140 826 1174 ἡμᾶς

42 1184 142 1217 φύσεως
165 1184 336 1220 καιριώτερα
349 1191 357 1199 ·
377 1185 425 1210 καὶ
447 1184 491 1211 διὰ
506 1184 585 1211 τοῦτο
607 1186 653 1211 καὶ
671 1185 720 1219 τῆς
737 1193 826 1220 σωτη-

43 1230 100 1263 ρίας
116 1231 211 1257 ἐκεῖνα
224 1232 341 1265 στερείς.
360 1230 429 1257 Εὶδὲ
444 1230 528 1265 ψευδῆ
544 1239 589 1257 σου
605 1230 825 1266 κατηγοροῦμεν,

40 1275 105 1301 ἀλλὰ
135 1275 185 1302 νῦν
208 1275 295 1307 δεῖξοι
310 1276 348 1307 ὠς
372 1277 532 1310 συμφωνεῖς
560 1276 682 1310 Δαμάσῳ
697 1275 827 1302 τάναντία

42 1329 79 1347 σοι
98 1321 304 1356 δογματίζοντι,
328 1322 378 1357 τήν
401 1330 443 1348 σοι
472 1321 721 1356 καινοτομηοεῖσαν
749 1321 826 1347 νόσον

41 1365 271 1400 ἁποὸαλλόμενος,
290 1365 337 1392 καὶ
361 1366 423 1396 τοὺς
440 1365 528 1400 ἱεροὺς
547 1365 648 1400 σηκοὺς
678 1365 788 1400 κάτεχε.
813 1373 823 1390 ι

46 1411 72 1438 ὐ
92 1411 140 1446 μὲν
153 1409 202 1438 οὖν
233 1410 307 1442 θεῖος
332 1410 484 1443 Φλαὸιανὺς
511 1410 584 1437 οὕτω
613 1412 671 1442 τοῖς
698 1411 826 1445 ἀληθέσιν

39 1457 160 1491 ἐλέγχοις
173 1456 287 1492 τὴντῶν
299 1457 464 1492 ἀμφοτέρων
472 1457 636 1491 ἐπεστόμισε
651 1458 808 1493 παρρησίαν
817 1465 823 1473 ·

41 1503 168 1534 Μελέτιος
185 1503 225 1535 δὲ,
242 1503 351 1530 πάντων
366 1503 520 1538 ἀνθρώπων
535 1504 698 1538 πραότατος,
713 1505 824 1540 ἡμέρως

40 1549 105 1583 πρὸς
119 1549 254 1575 Παυλῖνον
273 1548 326 1584 ἔφη
339 1557 345 1564 ·
363 1558 372 1575 ι
391 1548 469 1574 Ἐπεὶ
482 1549 520 1584 μή
539 1557 580 1575 σοι
599 1549 681 1584 μόνῳ,
697 1549 765 1576 ἀλλὰ
778 1551 825 1577 καὶ

41 1597 99 1630 ἐμοὶ
125 1596 217 1630 λόγοις
244 1593 284 1627 οἷς
312 1594 382 1622 οἶδεν
398 1597 412 1622 ό
438 1596 566 1630 ἀληθινὸς
585 1596 688 1631 ποιμὴν
705 1598 752 1623 καὶ
771 1597 825 1624 τῶν

41 1642 183 1677 προϐάτων
195 1641 304 1677 Κύριος,
315 1642 363 1677 τὴν
371 1641 473 1668 τούτων
481 1643 630 1677 ἐνεχείρισε
644 1643 825 1678 προστασίαν,

41 1689 119 1722 ἀμςρω
129 1689 156 1714 δὲ
171 1689 206 1714 τὰ
219 1688 333 1722 ποίμνια
349 1688 473 1723 ἀλλήλοις
485 1688 522 1720 ὡς
534 1689 607 1719 εἰκὸς
625 1690 764 1721 κοινωνεῖ,
779 1689 825 1715 καὶ

40 1736 84 1768 τὴν
93 1734 156 1768 ὑγιᾶ
166 1733 283 1768 βοτάνην
295 1733 346 1769 τῆς
360 1733 500 1765 εὐσεῦείας
513 1735 672 1767 σιτίζονται,
682 1735 732 1770 τὴν
742 1735 825 1762 Θανά-

41 1789 115 1814 σιμιιν
125 1782 198 1807 πόαν
210 1781 258 1808 καὶ
269 1781 383 1816 νοσερὰν
396 1781 448 1807 τῶν
464 1780 610 1815 αἱρετικῶν
623 1781 824 1816 ἐκτρεπόμενα,

39 1828 60 1852 εἰ
75 1827 157 1860 δοκεῖ,
174 1826 352 1861 συνάψωμεν,
368 1822 389 1852 ὧ
416 1826 539 1862 φιλότης,
556 1827 606 1861 τῆς
633 1825 776 1858 εὐσεὸείας
791 1826 825 1852 τὰ

39 1872 198 1908 θρέμματα,
223 1873 272 1899 καὶ
287 1872 339 1904 ὑπὸ
361 1872 426 1906 μίαν
447 1871 567 1907 μάνδραν
589 1872 760 1907 ποιήσωμεν,
775 1872 825 1907 τὴν

39 1921 84 1954 τῆς
101 1918 287 1954 ποιμαντικῆς
305 1919 482 1949 διαλύσαντες
499 1918 570 1952 ἔριν.
586 1917 642 1944 Καὶ
657 1917 741 1952 ἄμφω
753 1918 781 1944 δὲ
793 1919 826 1944 τὰ

40 1965 160 1999 πρόϐατα
177 1965 317 1999 νέμοντες,
334 1964 428 1999 κοινὴν
443 1964 490 1990 καὶ
504 1964 552 1998 τὴν
570 1963 719 1998 θεραπείαν
735 1965 767 1990 ὲκ
777 1965 825 1998 τῆς

38 2011 212 2042 διδασκαλίας
223 2010 418 2045 προσάγωμεν.
435 2010 465 2036 El
482 2010 510 2036 es
524 2010 537 2036 ὁ
559 2010 641 2045 μέσος
663 2010 757 2046 Θρόνος
776 2010 835 2045 τὴν.

39 2056 206 2090 φιλονεικίαν
217 2055 372 2090 διερεθίζει,
397 2056 442 2082 καὶ
458 2055 541 2088 τοῦτ’,
559 2057 583 2081 εὶ
609 2055 709 2090 βούλει,
728 2055 825 2082 ϐάττον

38 2101 160 2128 διαλῦσαι
187 2100 365 2136 πειράσομαι.
386 2101 493 2136 Χρῆναι
523 2100 577 2135 γὰρ
604 2101 779 2135 είσηγοῦμαι,
797 2101 824 2127 ἐν

41 2148 86 2181 μὲν
103 2147 144 2183 τῷ
162 2147 253 2182 θρόνῳ
269 2147 345 2182 μέσῳ
363 2146 485 2178 εὐλαϐῶς
509 2146 539 2172 τὸ
565 2147 637 2182 ἱερὸν
658 2147 824 2181 Εὐαγγέλιον

39 2193 203 2227 προτεθῆναι
217 2200 224 2208 ·
242 2192 316 2226 ἡμᾶς
333 2191 361 2218 δὲ
390 2191 455 2227 παρ’
479 2191 598 2227 ἑκάτερα
624 2191 759 2226 καθῆσθαι
774 2193 823 2227 τὴν

40 2240 167 2275 ὑφεδρίαν
184 2239 405 2273 ἀσπαζομένους.
417 2238 472 2265 Καὶ
488 2239 512 2264 εί
527 2238 577 2273 μὲν
601 2238 662 2273 ἐμοὶ
678 2238 780 2273 πρώτῳ
795 2239 824 2264 τὸ

39 2289 120 2322 πέρας
137 2286 186 2313 τοῦ
204 2286 264 2321 βίον
279 2285 399 2319 ἐπέλθοι,
418 2285 500 2316 αὐτὸς
528 2286 608 2320 μόνος
635 2284 764 2321 κληρώσῃ
778 2285 825 2311 τὸν

40 2332 130 2366 ῢρόνον
144 2341 150 2348 ·
172 2333 196 2358 εί
211 2332 240 2357 δὲ
254 2331 286 2356 σὺ
300 2330 380 2357 τοῦτο
393 2330 527 2365 πρότερον
551 2330 659 2362 πάθοις,
673 2329 728 2363 ἐγὼ
744 2329 824 2355 πάλιν

39 2379 72 2410 ὦς
85 2388 116 2414 γε
131 2379 248 2413 δύναμις
263 2378 312 2411 τῆς
329 2376 446 2411 ποίμνης
461 2376 612 2411 ἡγήσομαι.
638 2375 731 2402 Ταῦτα
749 2376 824 2410 φιλο-

39 2427 140 2460 φρόνως
161 2427 190 2451 ἐν
204 2424 315 2450 εὑλαὸεἰ
326 2423 518 2457 καταστήματι
542 2424 554 2449 ὁ
574 2422 644 2453 θεῖος
661 2420 719 2449 εἶπε
736 2422 823 2449 Μελέ-

39 2481 102 2504 τιος,
120 2473 151 2499 'U
167 2472 196 2498 δὲ
225 2471 356 2502 Παυλῖνος
386 2470 485 2505 ἥκιστα
499 2471 554 2501 τοῖς
579 2469 670 2503 λόγοις
683 2469 821 2497 συνέθετο.

42 2521 165 2556 Σάπωρις
176 2520 205 2546 δὲ
219 2519 316 2554 κριτὴς
330 2519 383 2546 τῶν
395 2519 482 2552 λόγων
496 2519 650 2554 γενόμενος,
664 2518 702 2553 τῷ
713 2519 824 2553 μεγάλῳ

39 2568 162 2602 Μιλετῖῳ
179 2567 227 2597 τὰς
244 2566 392 2602 ἐκκλησίας
411 2565 571 2599 ἐπέτρεψεν.
595 2565 623 2592 ὀ
645 2565 673 2591 δὲ
691 2565 822 2596 Παυλῖνος

39 2610 111 2645 αὖθις
141 2614 192 2647 τῆς
218 2611 415 2646 ἁποκριθείσης
449 2605 547 2642 ἐκείνηιὶ
577 2607 674 2644 μοίρας
704 2609 822 2641 εἰσάπαξ

40 2659 137 2693 ἠγεῖτο.
155 2659 284 2686 Ἔπειτα.
300 2657 395 2691 ὥσπερ
410 2655 513 2683 ἄνωθεν
528 2656 647 2691 εἴρηται,
664 2655 717 2682 τῶν
733 2656 823 2691 ὅρκων

42 2705 229 2740 γεγενημένων
245 2704 301 2734 τοῖς
317 2703 483 2738 ὑποψήφοις,
512 2703 579 2736 πρὸς
603 2701 730 2736 ὁμόνοιαν
742 2700 823 2736 ἦλθον

42 2752 69 2776 τὰ
84 2751 187 2787 πλήθη.
210 2749 414 2784 ’Δπολλινέριος
428 2748 457 2774 δὲ
475 2747 635 2783 διαμαρτὼν
647 2747 693 2772 τοῦ
709 2748 822 2779 σκοποῦ,

877 220 1045 254 pullulavit:
1065 227 1092 249 et
1112 223 1166 250 alia
1184 228 1316 258 praeterea
1334 231 1394 259 quae
1412 225 1495 260 228
1512 230 1539 252 et
1565 226 1660 252 multi-

878 266 966 293 tudini
976 268 1071 302 etejus
1081 269 1240 300 antistibus.
1256 271 1459 298 contentionem
1474 273 1501 298 in
1515 272 1660 299 maximam

876 311 1034 348 bellumque
1045 313 1217 348 implacabile
1227 323 1368 350 peperere,
1380 317 1659 351 prodierunt.Veruin

877 358 935 385 haec
964 364 1059 393 postea
1086 361 1223 389 accidere.
1249 362 1318 388 Tum
1344 367 1448 396 autem,
1470 364 1555 390 sicuti
1587 364 1659 396 dixi,

877 413 938 431 eum
972 407 1126 435 Antiochia:
1149 408 1268 443 Sapores
1300 408 1355 436 dux
1378 415 1463 441 esset,
1489 415 1573 444 atque
1590 410 1661 438 Gra-

880 451 947 478 tiani
963 453 1202 488 constitutionem,
1223 459 1252 482 ut
1267 462 1348 489 quam
1364 455 1444 482 [idem
1464 455 1598 482 Damasus
1614 457 1662 482 de-

876 498 1051 533 prazdicaret,
1079 499 1104 528 in
1120 507 1151 526 ea
1170 507 1280 535 quoque
1296 500 1441 528 Antiochia
1459 501 1660 536 acquiesceret,

876 544 1081 578 praetenderet,
1112 546 1333 581 servandamque
1359 547 1469 581 juberet
1491 555 1498 574 :
1525 546 1658 574 Paulinus

876 589 987 623 quidem
1005 591 1114 618 Damasi
1135 593 1254 626 partium
1271 600 1300 620 se
1326 600 1386 621 esse
1410 593 1565 620 aﬂirmavit.
1586 593 1659 620 Idem

876 643 987 670 quoque
1007 636 1184 671 Apollinaris,
1203 640 1330 665 morbum
1355 639 1460 671 celans,
1476 639 1555 666 dixit.
1575 639 1661 666 Mele-

877 681 932 708 tius
949 687 1042 710 autem
1060 684 1204 719 utriusque
1214 685 1298 712 verba
1309 685 1436 717 audiens,
1459 686 1560 713 tacitus
1577 685 1659 713 sedit.

876 727 915 754 lbi
950 733 1008 755 tum
1041 729 1151 757 divinus
1177 731 1344 764 Flavianus,
1379 732 1407 759 in
1435 733 1660 767 presbylerorum

877 774 1031 802 etiamnum
1047 776 1145 803 ordine
1161 778 1327 811 consistens,
1340 778 1410 805 duce
1428 778 1535 813 placide
1548 779 1662 806 audien-

878 824 914 851 te,
943 820 978 848 ad
1005 821 1150 848 Paulinum
1172 831 1179 849 :
1204 831 1213 848 ι
1235 823 1262 850 Si
1290 823 1318 850 in
1342 824 1451 857 eadem,
1472 825 1572 858 inquit,
1599 832 1661 852 cum

878 866 1005 898 Damaso,
1023 875 1039 894 ο
1055 868 1138 902 bone,
1156 869 1294 897 sententia
1312 870 1478 904 acquiesds,
1495 871 1596 898 echibe
1612 879 1664 898 no-

877 912 919 939 bis
947 914 1086 947 opinionis
1112 915 1337 950 conjunctionem
1365 922 1393 944 et
1419 915 1589 945 aﬂiuitatem.
1616 916 1664 944 Ille

878 967 997 993 namque
1024 960 1206 988 substantiam
1233 969 1314 988 unam
1340 962 1486 989 Trinitatis
1508 963 1662 997 proﬁtetur,

877 1009 905 1031 ct
935 1010 991 1032 tres
1017 1006 1212 1034 subsistentias
1235 1007 1348 1035 disertis
1365 1009 1458 1035 verbis
1485 1008 1662 1043 depraedicat.

878 1049 916 1076 Tu
935 1057 1009 1082 vero,
1030 1051 1110 1078 sicuti
1130 1051 1215 1078 verba
1233 1057 1278 1078 tua
1295 1052 1450 1085 declarant,
1472 1053 1664 1081 subsistentia-

878 1104 938 1122 rum
972 1096 1122 1123 trinitatem
1153 1104 1266 1131 prorsus
1296 1098 1382 1125 tollis.
1421 1099 1595 1133 Quapropter
1629 1099 1663 1126 ad

879 1141 954 1168 illius
981 1145 1017 1174 te,
1034 1149 1083 1176 per
1109 1149 1290 1175 consensum,
1315 1143 1442 1177 dogmala
1466 1144 1583 1179 adjunge
1605 1153 1611 1170 :
1638 1149 1664 1171 et

877 1186 1021 1216 ecclesias.
1041 1186 1118 1221 juxta
1143 1194 1239 1214 earum
1257 1188 1427 1220 sanctiones,
1446 1193 1504 1214 tuto
1523 1188 1627 1214 obtine.
1652 1199 1659 1212 ι

878 1231 967 1266 Atque
992 1231 1038 1258 ubi
1057 1231 1130 1259 hunc
1152 1233 1190 1259 ita
1211 1232 1294 1260 silere
1312 1232 1411 1267 coegit,
1431 1233 1464 1259 ad
1480 1233 1662 1268 Apollinarim

877 1284 1030 1304 conversus
1047 1286 1053 1304 :
1077 1286 1086 1303 ‹
1103 1277 1187 1305 Valde
1203 1282 1229 1305 te
1245 1277 1380 1310 admiror,
1399 1278 1448 1310 ait,
1463 1285 1479 1304 ο
1497 1278 1597 1308 amice,
1616 1278 1663 1312 qui

879 1329 932 1357 tam
947 1323 1122 1358 impudenter
1133 1324 1279 1351 mendacio
1291 1324 1412 1356 inhians,
1426 1331 1480 1351 non
1495 1323 1661 1351 erubescas:

877 1377 939 1397 cum
958 1369 1069 1403 quidem
1087 1373 1164 1397 certo
1183 1369 1264 1402 scias,
1275 1369 1436 1401 Damasum,
1454 1368 1593 1396 hominem
1615 1367 1663 1395 ad-

879 1416 1047 1448 mirandum,
1059 1417 1132 1451 quod
1147 1417 1219 1444 Deus
1239 1417 1358 1445 Verbum
1372 1416 1520 1452 perfectam
1535 1421 1661 1442 naturam

878 1466 998 1487 noslram
1019 1461 1184 1495 susceperit,
1209 1468 1258 1488 ore
1286 1461 1366 1496 pleno
1391 1460 1531 1495 propalam
1549 1460 1662 1486 docere.

839 1507 860 1536 C
878 1505 918 1532 Tu
943 1513 1008 1532 Vero
1032 1506 1171 1533 contraria
1195 1513 1308 1540 prorsus
1333 1506 1430 1533 sentis.
1452 1505 1513 1533 Non
1530 1504 1603 1532 enim
1629 1505 1664 1532 ab

878 1551 925 1578 illo
948 1552 1068 1579 animam
1086 1556 1113 1579 et
1132 1556 1253 1579 mentem
1272 1556 1406 1585 nostram,
1430 1559 1490 1586 qua!
1515 1551 1541 1578 in
1566 1555 1663 1577 natura

877 1604 972 1625 nostra
988 1598 1215 1633 praestantissima
1234 1602 1309 1631 sunt,
1324 1602 1492 1632 assumptam
1505 1605 1566 1624 esse
1582 1597 1662 1627 dicis,

877 1647 903 1670 et
931 1647 1076 1678 propterea
1112 1643 1200 1670 salute
1233 1648 1379 1678 utramque
1407 1643 1511 1678 privas.
1535 1641 1612 1674 Quod
1640 1641 1663 1668 si

877 1688 947 1716 falso
966 1693 992 1716 te
1014 1688 1167 1723 arguimus,
1193 1694 1221 1716 at
1242 1693 1271 1716 tu
1292 1696 1426 1716 novarum
1442 1695 1534 1715 rerum
1555 1692 1662 1714 tuarqu

878 1734 976 1760 morbo
999 1733 1119 1767 abiecto,
1137 1738 1163 1760 te
1186 1733 1303 1760 Damaso
1324 1733 1435 1760 diversa
1462 1740 1577 1767 prorsus
1595 1741 1610 1758 a
1637 1737 1664 1759 te

876 1781 998 1813 docenti,
1019 1781 1178 1808 consentire
1203 1780 1328 1810 05lende.
1347 1784 1375 1807 et
1393 1787 1533 1806 sacrarum
1562 1779 1661 1805 aediqu

877 1834 971 1854 curam
991 1826 1097 1865 obtine.
1115 1835 1124 1851 ι
1149 1826 1183 1854 Et
1201 1826 1312 1853 divinus
1327 1826 1438 1860 quidem
1456 1825 1611 1855 Flavianus,
1628 1823 1662 1850 ad

877 1873 951 1900 hune
963 1874 1074 1899 modum
1086 1873 1176 1899 veraci
1186 1872 1376 1900 eonfutatione
1393 1872 1540 1904 utriusque
1551 1870 1662 1897 dicendi

876 1919 1017 1947 obturavit
1049 1920 1202 1947 licentiam.
1235 1919 1361 1945 Meietius
1391 1922 1483 1945 autem
1519 1918 1662 1952 hominum

877 1966 1001 1993 omnium
1029 1965 1206 1997 mitissimus,
1238 1965 1395 1999 perplacide
1425 1963 1540 1990 Paulino
1565 1963 1660 1990 dixit:

878 2021 887 2038 ι
905 2011 1134 2046 Quandoquidem
1149 2012 1186 2045 (ί)
1198 2018 1253 2038 non
1268 2011 1316 2037 tibi
1329 2010 1390 2042 soli,
1403 2010 1451 2037 sed
1466 2009 1533 2036 mihi
1549 2016 1661 2044 quoque

878 2058 984 2085 ratione
1000 2063 1028 2084 et
1043 2057 1220 2091 verbis,_qua¢
1233 2064 1313 2083 verus
1329 2060 1422 2090 pastor
1438 2061 1466 2083 et
1479 2055 1550 2082 idem
1569 2055 1662 2082 ovium

878 2105 1011 2132 Dominus
1032 2104 1120 2136 novit,
1145 2104 1263 2131 istorum
1280 2110 1375 2130 curam
1391 2107 1418 2130 et
1443 2102 1661 2129 administratio-

878 2159 940 2178 nem
969 2150 1120 2182 mandavit,
1137 2156 1164 2177 et
1185 2158 1282 2185 greges
1306 2149 1418 2184 utrique
1442 2157 1492 2184 pro
1519 2156 1553 2175 eo
1580 2153 1663 2183 atque

878 2197 1024 2228 convenit,
1057 2199 1129 2223 inter
1154 2204 1184 2223 se
1209 2196 1432 2228 communicant,
1459 2199 1486 2222 et
1513 2195 1663 2222 salutarem

877 2243 991 2270 herbam
1011 2241 1094 2269 noxio
1119 2242 1165 2269 illo
1186 2246 1214 2269 et
1237 2242 1331 2269 lethali
1349 2241 1542 2268 harreticorum
1563 2241 1664 2275 pabulo

877 2287 963 2314 vitato
985 2289 1177 2322 depascuntet
1197 2291 1315 2322 carpunt
1330 2297 1336 2314 :
1353 2286 1435 2320 229
1450 2286 1662 2320 conjungamus,

877 2342 893 2361 ο
909 2333 1008 2366 amice,
1025 2333 1048 2360 si
1070 2333 1191 2365 videtur,
1206 2341 1277 2360 verae
1292 2333 1403 2367 pietatis
1424 2339 1500 2363 oves,
1512 2339 1614 2365 easque
1631 2331 1660 2357 in

878 2379 950 2407 ovile
976 2387 1060 2406 unum
1082 2387 1271 2415 aggregemus,
1290 2384 1374 2413 atque
1397 2386 1458 2412 qua:
1482 2377 1561 2404 nobis
1579 2377 1664 2403 inter-

880 2426 965 2453 cessit
991 2426 1025 2452 de
1050 2427 1181 2460 pastorali
1211 2433 1324 2452 munere
1350 2425 1528 2452 contentione
1554 2423 1662 2454 soluta,

881 2477 997 2507 uterque
1014 2480 1079 2499 oves
1096 2477 1199 2506 pascat,
1219 2471 1458 2505 eommunitcrque
1473 2470 1524 2500 eis.
1539 2469 1664 2496 docendo

880 2527 974 2546 curam
989 2519 1139 2545 exhibeat:
1156 2519 1198 2545 sin
1217 2526 1294 2551 vero,
1309 2518 1356 2552 qui
1378 2518 1405 2544 in
1420 2516 1511 2543 medio
1527 2520 1580 2546 est,
1595 2522 1663 2542 con-

880 2565 1023 2598 tendendi,
1040 2573 1072 2592 ac
1097 2565 1251 2592 dissidendi
1277 2564 1400 2592 studium
1419 2564 1519 2591 excilat
1536 2564 1662 2593 thronus,

877 2617 905 2640 et
918 2613 946 2638 id
967 2612 1059 2646 sopire
1073 2611 1164 2638 Slatim
1181 2611 1355 2638 conabimur.
1374 2609 1509 2644 Oportere
1525 2609 1664 2643 siquidm“

879 2666 991 2691 Censeo,
1011 2666 1041 2687 In
1062 2657 1153 2684 medio
1170 2657 1271 2684 throno
1286 2663 1348 2682 cum
1366 2655 1521 2683 reverentia
1537 2655 1664 2689 religiose

878 2712 988 2732 sacrum
1012 2703 1076 2738 pani
1102 2702 1279 2738 Evangelium
1294 2710 1300 2727 ι
1316 2709 1366 2728 nos
1379 2706 1470 2727 autem
1490 2706 1606 2736 utraque
1630 2708 1662 2727 ex

879 2754 956 2786 parte
977 2749 1136 2782 considere,
1155 2750 1182 2776 in
1198 2747 1329 2775 inferiore
1344 2747 1476 2774 subsellio
1489 2748 1664 2782 acquiesocn-

72 2814 107 2847 (1)
122 2813 230 2840 Theod.
243 2812 293 2839 lib.
309 2821 337 2842 ν.
363 2819 424 2846 cap.
439 2811 456 2838 5
470 2818 477 2847 ς
492 2809 719 2847 Quandoquidem
739 2815 767 2838 et
787 2811 854 2840 mihi
876 2812 972 2840 harum
1003 2819 1096 2840 curam
1126 2812 1218 2839 ovium
1245 2809 1384 2837 mandavit
1418 2809 1606 2843 Dominus,et
1635 2813 1665 2835 tu

42 2845 150 2876 aliarum
171 2848 353 2884 regendarum
371 2845 514 2880 suscepisti
528 2846 709 2880 provinciam,
723 2851 776 2874 etc.

169 2974 182 2984 κ
