1906 3043
260 147 311 179 7'.’I

500 203 580 238 237
601 201 712 230 CAPUT
733 201 779 228 tx.

262 250 481 287 DeAmphilochii
493 249 575 276 Iconii
589 248 703 287 episcopi
712 249 746 274 ad
759 247 930 275 Theodosium
945 248 1051 274 (λᾶι-σημὶ

587 285 718 323 libertam.

299 344 361 371 Haec
375 350 436 370 cum
459 343 494 369 ita
520 342 628 372 ﬁerent.
645 350 677 368 ae
698 342 757 376 ejus
783 341 822 368 rei
840 341 962 367 studium
978 339 1050 375 apud

264 390 378 417 Arianos
403 389 522 424 vigeret,
550 396 665 423 magnus
688 388 911 422 Amphilochius,
936 387 970 414 de
995 394 1050 420 quo

262 442 342 464 antea
357 443 467 471 quoque
483 436 651 462 mentionem
668 434 793 469 fecimus,
811 441 885 460 unus
897 440 930 460 ex
946 434 986 460 eis
1002 433 1048 467 qui

261 490 318 511 tum
337 481 605 516 Constantinopolim
627 481 807 511 advenerant,
826 479 974 514 episcopis,
995 487 1049 505 non

261 530 306 556 ille
321 529 431 563 quidem
451 529 477 555 in
495 528 580 555 rebus
597 527 711 562 agendis
727 531 863 558 versatus,
880 526 928 553 sed
945 525 1049 560 alioqui

261 583 346 602 senex
374 574 567 606 venerandus,
590 578 673 608 atque
698 573 726 600 in
755 573 838 600 rebus
864 573 967 600 divinis
990 574 1048 600 acri

259 627 353 648 mente
380 621 530 656 praditns,
556 620 750 655 imperatorem
776 620 894 649 adiisse.
917 621 997 654 eique
1020 625 1050 647 ut

257 667 423 694 Arianorum
445 671 600 694 conventus
618 666 651 693 ab
671 667 785 692 urbibus
803 671 968 699 semoveret,
985 674 1050 701 sup-

258 714 376 748 plicasse
389 713 501 740 dicitur.
514 713 668 747 Imperator
679 718 782 744 autem,
797 713 959 747 petitionem
975 721 1048 744 eam,

257 759 331 794 quod
358 759 455 786 durior
479 759 714 793 inhumaniorque
737 766 798 786 esse
823 758 975 791 videretur,
994 767 1049 786 non

257 806 462 839 comprobavit.
481 805 516 832 At
539 805 650 839 sapiens
677 805 723 832 ille
748 812 831 831 senex
854 809 911 831 tum
935 805 1048 840 quidem

258 853 358 878 tacitus
374 852 452 882 abiit.
467 857 495 879 et
512 851 628 878 consilio
642 851 742 877 deinde
759 850 923 886 sapientiore
939 851 1045 879 facinus

258 898 393 925 memoria
409 898 522 932 dignum
546 897 621 924 fecit.
638 897 705 924 Cum
723 891 840 932 namque
856 905 965 925 rursum
983 905 1046 924 cum

259 945 373 979 reliquis
386 945 524 979 episcopis
544 945 569 971 in
589 944 679 971 aulam
703 945 834 977 venisset,
850 949 878 972 et
899 945 1047 979 imperato-

258 999 327 1024 rem,
345 992 380 1018 ita
399 996 429 1018 ut
444 991 533 1024 decet,
553 995 635 1025 atque
657 995 686 1017 ut
708 991 753 1018 alii
772 991 895 1026 episcopi
913 993 1046 1024 fecerant,

259 1038 303 1072 pie
327 1042 355 1065 et
381 1038 504 1064 suaviter
529 1037 676 1064 admodum
703 1038 904 1065 consalutasset
925 1048 931 1064 :
960 1037 1046 1065 ﬁlium

259 1084 345 1117 ipsius
367 1083 525 1115 Arcadium,
544 1083 590 1118 qui
618 1091 707 1118 nuper
729 1084 763 1111 ad
786 1084 932 1119 imperium
959 1085 1047 1113 lectus

257 1129 357 1161 fuerat,
376 1138 429 1156 non
446 1130 540 1157 eadem
561 1130 598 1157 illi
617 1131 757 1165 impertita
772 1132 935 1158 reverentiae
952 1132 1046 1159 obser-

257 1181 320 1202 vattl
334 1185 359 1205 a.
378 1177 573 1204 inhonoratum
593 1178 715 1212 reliquit.
738 1178 838 1205 Verum
860 1179 894 1206 ad
915 1186 977 1206 eum
999 1187 1045 1206 ac-

256 1223 366 1253 rudens.
381 1228 408 1250 et
425 1223 507 1250 veluti
527 1231 588 1250 cum
610 1231 698 1258 puero
717 1225 890 1259 colloquens,
906 1233 1045 1260 manuque

255 1276 318 1295 eum
346 1269 505 1296 tlemuleens
524 1278 531 1296 :
555 1279 563 1294 ι
586 1269 665 1296 Salve
681 1274 709 1297 et
727 1274 768 1301 tu,
784 1278 801 1297 o
816 1278 896 1305 puer,
914 1271 1011 1306 inquit.
1033 1281 1042 1297 ι

256 1313 419 1347 Imperator,
447 1314 520 1348 quod
552 1322 647 1341 senem
674 1315 901 1351 Amphilochium
939 1317 1045 1344 rudiori

254 1361 347 1386 animo
362 1368 434 1392 esse,
462 1365 490 1387 et
519 1361 650 1388 rusticius
667 1369 748 1397 agere
771 1363 954 1396 existimaret,
975 1372 1044 1398 quo-

257 1405 339 1432 modo
365 1406 451 1432 lilium
475 1406 596 1434 salutare
609 1407 735 1440 deberet,
756 1408 859 1436 docuit.
878 1409 968 1444 Atque
987 1410 1043 1442 ille,

255 1451 381 1479 sufficere
395 1452 420 1478 ei
436 1452 568 1479 honorem
585 1453 678 1485 talem,
692 1454 770 1481 dixit.
785 1455 936 1490 Imperator
952 1462 1043 1483 autem

255 1498 294 1524 ira
313 1497 446 1531 percitus,
463 1503 490 1524 et
508 1499 593 1526 veluti
614 1498 687 1527 [ilius
702 1499 803 1535 injuria
825 1500 938 1528 allectus
958 1507 1042 1533 esset,

872 143 1091 174 NICEPIIOIII
1114 143 1287 175 CALLIS’I‘I
1848 150 1893 179 ’ἷῖὲ

1403 203 1528 232 ΚΕΦᾹΛ.
1550 204 1588 232 Θ’.

1103 247 1172 281 Περι
1196 247 1252 287 τῆς
1267 248 1520 287 πρὸςγΘεοδιίο-ιρν
1546 251 1718 284 παρῤησΐας
1737 251 1792 279 τοῦ
1809 253 1892 287 ἁγίου

1196 284 1389 318 Ἀμφιλοχίαν
1405 285 1456 311 τοῦ
1474 285 1646 312 ἐπισκόπου
1668 288 1807 314 Ἰκονίου.

1137 340 1276 368 Τοιούτων
1307 342 1340 377 δὴ
1370 343 1534 378 γινομένων.
1562 345 1610 371 καὶ
1638 346 1688 378 τῆς
1720 347 1788 381 περὶ
1810 346 1893 373 ταῦτα

1103 387 1220 422 σπουδῆς
1248 389 1322 423 παρὰ
1340 388 1492 423 ’Λρειανοῖς
1509 391 1699 426 ἀκμαζούσης,
1721 392 1834 425 λέγεται
1850 395 1892 420 τὸν

1103 432 1186 458 πολὺν
1204 433 1390 470 ’Δμφιλόχιον,
1404 435 1434 461 οῦ
1452 437 1499 462 καὶ
1517 437 1613 472 πρώην
1638 438 1830 473 ἐμνήσθημεν,
1848 440 1892 466 Eu

1101 485 1133 509 γε
1153 477 1218 503 ὄντα
1244 478 1298 504 τῶν
1314 480 1522 515 ἐπιδημούντων
1549 482 1720 515 ἐπισκόπων,
1743 485 1890 519 πράγμασι

1104 522 1153 556 μὲν
1167 523 1269 558 ἥκιστα
1285 525 1408 561 ἐντριὸἦ,
1434 527 1596 562 πρεσϐύτην
1609 528 1632 554 δ’
1652 529 1743 561 ἄλλως
1766 532 1815 557 καὶ
1831 535 1890 566 περὶ

1101 569 1134 594 τὰ
1146 568 1205 595 θεῖα
1223 569 1287 596 νοῦν
1303 571 1411 606 ἔχοντα,
1426 573 1533 608 βασιλεῖ
1548 575 1705 609 προσιέναι,
1724 578 1772 603 καὶ
1788 579 1891 604 ἀντιϐο-

1100 615 1182 649 λῆσαι
1206 616 1270 648 τοὺς
1296 618 1351 644 τῶν
1363 618 1513 654 Ἀρειανῶν
1538 622 1684 656 συλλόγους
1711 624 1767 650 τῶν
1789 625 1889 650 πόλεων

1101 661 1304 694 ἐξελαύνεσθαι.
1326 665 1356 691 ὐ
1383 667 1412 692 δὲ
1428 667 1568 701 βασιλεὺς,
1595 669 1633 699 ὡς
1661 669 1694 696 ἂν
1722 671 1821 706 ἀπηνῆ
1844 672 1888 706 τὴν

1100 711 1210 746 αἴτησιν
1223 713 1409 748 ἡγησάμενος,
1425 715 1476 740 οὐκ
1493 714 1615 747 ἐδέξατο.
1636 716 1665 742 '0
1679 716 1709 742 δέ
1724 717 1809 751 σοφὸς
1823 718 1889 743 ἐκεῖ-

1101 766 1145 788 νος
1171 760 1341 794 πρεσϐύτης,
1367 760 1398 786 τό
1415 769 1447 794 γε
1472 761 1521 788 νῦν
1536 762 1598 797 ἕχον
1612 763 1642 789 ἐν
1667 765 1732 798 σιγῇ
1747 764 1888 798 παρελθὼν

1101 805 1208 840 ἐπινοίᾳ
1222 807 1375 842 σοφωτέρᾳ.
1393 807 1506 843 μνήμης
1521 809 1597 840 ἄξιον
1618 809 1798 844 διεπράξατο.
1811 810 1889 841 Αὖθις

1101 851 1155 886 γὰρ
1182 853 1232 879 σὺν
1248 854 1304 884 τοῖς
1330 854 1437 885 λοιποῖς
1452 856 1616 888 ἐπισκόποις
1640 858 1681 889 εἰς
1707 858 1743 884 τὰ
1769 858 1889 892 βασίλεια⁵

1102 898 1258 933 παρελθὼν,
1277 899 1322 926 τὸν
1342 901 1392 935 μὲν
1405 901 1527 936 βασιλέα,
1545 902 1583 933 ὥς
1603 911 1635 937 γε
1652 903 1739 935 εἰκὸς.
1755 904 1830 931 καθὰ
1845 906 1887 930 καὶ

1101 944 1126 970 οί
1139 945 1229 971 λοιποὶ
1239 946 1295 972 τῶν
1313 947 1420 982 ἱερέων,
1436 948 1582 983 ἠσπάσατο
1603 950 1725 982 εὐσεϐῶς
1741 952 1791 978 καὶ
1804 951 1888 986 ὴπΞι-ις

1102 991 1193 1025 μάλα’
1209 992 1249 1027 τῷ
1260 993 1289 1019 δὲ
1305 993 1351 1020 τοῦ
1379 994 1511 1029 βασιλέως
1530 996 1608 1022 παιδὶ
1623 996 1776 1032 ’Λρκαδίῳ,
1795 1001 1887 1024 νεωστὶ

1100 1037 1127 1062 δὲ
1141 1037 1191 1072 τὴν
1205 1037 1253 1072 ⁴τῆς
1269 1039 1406 1071 βασιλείας
1421 1041 1587 1075 χειροτονίαν
1600 1041 1720 1076 εἰλήφει,
1736 1044 1886 1078 ἀγέραστον

1100 1084 1280 1111 καταλέλοιπε
1314 1086 1351 1120 μὴ
1372 1087 1422 1122 τὴν
1446 1088 1507 1122 ίσην
1520 1088 1673 1123 ἀπονείμας
1696 1091 1792 1126 τιμήν.
1809 1090 1887 1116 Ἀλλὰ

1100 1131 1268 1164 προσελθὼν,
1300 1133 1372 1159 καθὰ
1393 1133 1426 1168 δὴ
1451 1133 1542 1170 νηπίῳ
1562 1135 1768 1171 διαλεγόμενος,
1783 1137 1822 1172 τῷ
1843 1138 1886 1164 δα-

1101 1176 1190 1212 κτύλῳ
1203 1178 1316 1210 σαίνων,
1338 1188 1347 1204 ι
1368 1180 1484 1215 Χαίροις
1501 1182 1550 1208 καὶ
1575 1182 1619 1214 σὺ,
1637 1183 1757 1214 παιδίον,
1783 1193 1790 1209 ι
1814 1187 1885 1218 φησῖ.

1101 1222 1233 1254 Βασιλεὺς
1251 1224 1279 1250 δὲ
1293 1225 1504 1262 ἰδιωτικώτερον
1519 1224 1564 1254 οἷά
1579 1236 1610 1262 γε
1630 1229 1792 1264 πρεσϐύτην
1816 1230 1888 1264 νομί-

1100 1277 1149 1298 σας
1167 1269 1320 1297 διακεῖσθαι
1347 1271 1393 1297 τὸν
1414 1272 1602 1308 ’Δμφιλόχιον,
1618 1274 1694 1305 ὅπως
1713 1275 1755 1301 δεῖ
1769 1276 1887 1307 ἀσπάζε-

1099 1315 1160 1342 σθαι
1173 1315 1218 1342 τὸν
1228 1316 1296 1350 υἱὸν,
1311 1317 1496 1349 ὲξεπαίδευεν.
1513 1319 1543 1346 '0
1559 1319 1592 1353 δ’,
1609 1329 1618 1346 ι
1633 1321 1768 1357 ’Δπόχρη,
1779 1331 1788 1347 ι
1802 1322 1885 1355 ἔλεγε,

1101 1370 1109 1385 ι
1137 1363 1183 1388 καὶ
1208 1363 1309 1398 ταύτης
1338 1364 1413 1399 αὺτῷ
1447 1365 1497 1400 τῆς
1521 1367 1617 1402 τιμῆς.
1646 1376 1655 1392 ι
1682 1369 1838 1405 Περιοργὴ;
1860 1370 1884 1396 δι

1097 1407 1245 1442 γενόμενος
1274 1409 1403 1444 βασιλεὺς
1430 1411 1467 1443 ὠς
1494 1413 1724 1449 περιυϐρισμένῳ
1747 1416 1787 1450 τῷ
1814 1417 1884 1442 παιδὶ

1097 1453 1280 1488 χαλεπαίνων,
1299 1456 1359 1490 μεθ’
1367 1457 1473 1492 ὕϐρεων
1485 1459 1593 1492 ἐξάγειν
1603 1459 1648 1485 τὸν
1661 1460 1736 1495 ἱερέα
1750 1461 1884 1489 ἐκέλευεν.

1102 1501 1132 1529 Ὀ
1150 1502 1178 1529 δὲ
1193 1503 1294 1539 καίπερ
1309 1504 1476 1540 ὠθούμενος,
1495 1507 1595 1543 μικρὸν
1611 1509 1808 1544 ἐπιστραφεὶς,
1825 1511 1882 1544 ἔφη,

253 1543 376 1577 graviter
397 1549 563 1578 commotus,
587 1552 650 1572 cum
671 1546 797 1573 convicio
814 1548 974 1581 episcopum
993 1547 1043 1574 ab-

1099 1549 1142 1574 τὸν
1169 1550 1277 1584 ἐπινοίᾳ
1314 1552 1507 1587 κρυπτόμενον
1536 1554 1739 1582 ἀνακαλύπτων
1767 1559 1882 1585 σκοπόν·

253 1590 316 1616 duci
328 1590 421 1624 jussit.
440 1590 487 1618 Ille
500 1598 582 1625 porro
598 1592 724 1626 quamvis
739 1592 960 1627 protrttdcretttr,
978 1602 1044 1621 con-

255 1642 352 1662 versus
376 1640 465 1663 tamen
495 1637 656 1671 paululum,
680 1639 879 1674 consiliumque
901 1639 928 1666 in
952 1641 1044 1668 animo

253 1682 422 1708 occultatum
456 1683 601 1716 proferens
617 1693 623 1711 :
644 1694 653 1710 ι
673 1685 801 1717 Videsne,
815 1686 912 1720 inquit,
926 1695 941 1714 ο
958 1687 1045 1722 impe-

255 1733 341 1761 rator,
353 1737 434 1764 quam
451 1734 478 1755 tu
492 1731 645 1764 procaciter
659 1731 715 1759 [ilio
728 1732 830 1759 illatam
846 1734 1042 1761 contumeliam

255 1782 309 1801 non
333 1774 405 1807 fers,
427 1776 473 1803 sed
495 1778 682 1804 amarulenter
702 1783 815 1812 propter
833 1779 1043 1808 submissiorem

255 1821 512 1856 compellationem,
531 1823 557 1849 in
581 1831 632 1850 nos
655 1825 852 1853 excandescis?
873 1827 918 1854 Sic
939 1827 1044 1854 scilicet

253 1867 413 1894 existimare
429 1873 455 1894 te
471 1869 606 1903 oportuit,
624 1877 790 1897 succensere
804 1871 886 1898 etiam
902 1872 1042 1900 caelestem

253 1913 452 1947 Imperatorem
467 1919 495 1941 et
507 1915 615 1942 Patrem
633 1916 784 1951 Unigeniti,
802 1922 915 1952 propter
930 1925 978 1945 eos
996 1919 1043 1952 qui

251 1968 306 1986 non
326 1968 499 1988 communem
523 1962 563 1988 illi
586 1963 712 1990 tribuunt
727 1963 872 1996 Itonorem,
893 1965 939 1991 sed
961 1965 1042 1992 dissi-

252 2007 345 2034 milem
370 2013 399 2034 et
422 2007 503 2042 longe
525 2009 660 2036 minorem
681 2009 762 2037 Patre
776 2017 875 2037 vocare
896 2011 1008 2038 audent.
1031 2021 1040 2037 ι

252 2053 404 2087 Imperator
426 2062 488 2081 cum
515 2055 579 2082 inde
607 2063 663 2082 rem
688 2060 777 2083 actam
802 2057 985 2092 intelligeret,
1015 2063 1043 2085 et

251 2099 336 2126 verba
356 2107 388 2126 ea
407 2100 604 2132 admiraretur,
622 2103 826 2137 quamprimum
847 2103 880 2130 ad
903 2111 932 2131 se
951 2111 1043 2131 sacnr-

251 2144 345 2171 dotem
360 2144 408 2172 Dei
424 2147 581 2180 accersivit,
599 2152 626 2174 et
640 2147 674 2174 ad
692 2148 776 2182 pedes
793 2149 854 2183 ejus
869 2149 1040 2184 provolutus,

251 2191 359 2217 veniam
374 2191 408 2218 ab
425 2199 458 2219 eo
477 2194 566 2227 petiit.
583 2194 678 2229 Neque
695 2195 774 2222 aliter
788 2203 870 2230 quam
885 2197 943 2231 ipse
957 2197 1040 2224 dixis-

251 2240 304 2266 set,
320 2243 350 2263 se
368 2244 424 2264 rem
444 2238 553 2270 habere,
571 2244 712 2274 professus
733 2249 785 2268 051.
804 2242 887 2277 238
901 2243 990 2278 Atque
1012 2245 1037 2271 in
1057 2235 1077 2261 9

251 2289 283 2308 ea
308 2283 446 2311 sententia
472 2285 670 2317 conﬁrmatus,
696 2293 792 2322 postea
815 2296 863 2316 eos
889 2289 935 2324 qui
959 2290 1040 2318 aliter

249 2336 332 2362 quatit
347 2329 444 2357 Nicmw
459 2335 590 2358 statutum
607 2331 707 2366 fuerat,
721 2333 913 2368 opinarentur,
929 2343 1040 2363 aversa-

250 2378 295 2400 tus
312 2379 364 2402 est.
380 2374 580 2404 Contentiones
596 2378 624 2405 in
648 2378 707 2405 foro
724 2385 752 2406 et
771 2380 867 2408 inanes
884 2387 1039 2410 conventus

249 2420 371 2448 inhibuit
387 2422 437 2456 (1),
454 2422 688 2458 disputationibus
704 2426 737 2452 de
755 2425 809 2453 Deo
821 2432 850 2454 et
865 2433 962 2455 natura
975 2430 1036 2464 ejus

249 2466 331 2493 i‘mem
356 2469 470 2496 omnino
494 2471 646 2505 imposuit:
662 2476 690 2499 et
710 2473 908 2502 constitutione
928 2477 1038 2510 publice

249 2515 401 2547 proposita,
419 2517 569 2549 periculum
588 2518 635 2552 qui
657 2519 681 2545 ei
701 2527 756 2546 non
774 2527 909 2556 parerent,
930 2523 1037 2551 denun--

1100 1605 1108 1620 ι
1135 1596 1227 1632 Ὁρᾷς.
1244 1594 1266 1623 ὦ
1293 1598 1418 1633 βασιλεῦ,
1436 1599 1473 1632 ὡς
1498 1600 1528 1627 οὺ
1546 1601 1640 1636 φέρεις
1659 1603 1708 1638 τὴν
1722 1604 1770 1630 τοῦ
1795 1606 1884 1636 παιδζς

1097 1643 1252 1678 παροινίαν,
1283 1644 1341 1670 ἀλλ’
1361 1647 1430 1680 ἡμῖν
1455 1647 1631 1681 χαλεπαίνεις
1659 1650 1769 1685 πικρῶς
1789 1652 1828 1686 τῷ
1841 1654 1884 1685 τῆς

1097 1691 1277 1726 προσρήσεως
1304 1692 1465 1728 ὑφειμένως
1483 1693 1562 1721 Οὕτω
1592 1695 1625 1730 δὴ
1648 1697 1773 1731 νομίζειν
1799 1700 1884 1734 χρεὼν

1096 1737 1204 1762 καὶτὸν
1221 1738 1351 1772 οὐράνιον
1368 1739 1488 1765 Βασιλέα
1513 1742 1559 1766 καὶ
1584 1742 1697 1776 Πατέρα
1720 1744 1884 1778 ἀγανακτεῖν

1095 1781 1142 1807 τοῦ
1156 1782 1338 1816 Μονογενοῦς,
1356 1784 1420 1816 τοὺς
1447 1785 1484 1820 μὴ
1500 1786 1531 1811 τὸ
1557 1786 1614 1813 ἴσον
1642 1788 1743 1823 ἐκείνῳ
1771 1793 1884 1825 προτνέ-

1097 1836 1198 1860 μοντας
1213 1829 1309 1863 γέρας,
1324 1830 1382 1857 ἀλλ’
1408 1831 1502 1858 ἄνισον
1528 1834 1575 1859 καὶ
1599 1833 1691 1869 πολλῷ
1715 1836 1763 1862 τοῦ
1781 1838 1883 1872 [ἰατρὸς

1094 1874 1195 1908 ἥττονα
1221 1876 1383 1911 τολμῶντας
1399 1878 1562 1908 ἀποκαλεῖν,
1586 1889 1596 1906 »
1614 1881 1709 1913 Συνεὶς
1723 1883 1748 1908 δ’
1760 1885 1884 1911 ἐντεῦθεν

1094 1921 1107 1945 ὁ
1124 1920 1251 1955 βασιλεὺς
1267 1923 1302 1949 τά
1316 1932 1346 1950 τε
1362 1927 1547 1961 πεπραγμένα
1563 1928 1609 1953 καὶ
1626 1929 1661 1955 τὰ
1673 1930 1811 1964 εἰρημένα
1825 1934 1884 1959 οιν-

1096 1969 1197 2001 μάσας,
1212 1969 1250 2000 ὠς
1265 1970 1349 2005 τάχος
1360 1971 1406 1997 τὸν
1424 1972 1501 2007 ίερέα
1513 1974 1582 2000 Θεοῦ
1602 1977 1802 2009 μετεστέλλετο
1814 1987 1820 1993 ·
1840 1980 1882 2005 καὶ

1093 2015 1150 2046 τοῖς
1166 2016 1246 2041 ποσὶν
1265 2017 1371 2044 ἐκείνου
1397 2018 1493 2045 ἑαυτὸν
1505 2019 1697 2055 ἐπιρῥίπτων,
1717 2025 1882 2060 συγγνώμην

1094 2060 1165 2095 ᾔτει,
1184 2063 1231 2088 καὶ
1247 2062 1286 2097 μὴ
1302 2063 1388 2095 ἄλλως
1401 2064 1475 2099 ἔχειν
1498 2065 1612 2092 ἐτίθετο.
1631 2068 1684 2094 Καὶ
1702 2069 1731 2099 ἐν
1746 2069 1784 2104 τῷ
1796 2071 1883 2104 ἀσφα-

1094 2107 1137 2134 λεῖ
1151 2110 1309 2144 γενόμενος,
1335 2111 1381 2136 τοῦ
1399 2111 1494 2138 λοιποῦ
1520 2112 1584 2144 τοὺς
1609 2114 1687 2148 παρά
1703 2116 1733 2141 τὸ
1757 2116 1839 2148 δόξαν
1857 2119 1882 2142 ἐν

1093 2153 1198 2189 Νικαίᾳ
1215 2154 1388 2188 δοξάζοντας,
1404 2157 1569 2192 ἐξετρέπετο
1580 2168 1587 2175 ·
1611 2160 1661 2192 τὰς
1680 2161 1705 2187 τ’
1720 2161 1765 2188 ἐπ’
1780 2163 1880 2197 ἀγορᾶς

1093 2200 1185 2234 ἐριδας
1214 2201 1262 2227 καὶ
1290 2202 1353 2232 τοὺς
1382 2203 1513 2238 ἐπικενῆς
1531 2205 1680 2240 συλλόγους
1699 2207 1818 2243 ἀνέσχε·
1837 2210 1880 2235 καὶ

1094 2249 1158 2282 περὶ
1173 2247 1240 2274 Θεοῦ
1256 2249 1304 2275 καὶ
1319 2249 1368 2283 τῆς
1385 2251 1468 2277 αὐτοῦ
1484 2251 1594 2285 φύσεως
1609 2253 1708 2287 λόγους
1720 2257 1806 2281 κινεῖν
1819 2265 1881 2282 παν-

1093 2293 1213 2320 τάπασιν
1223 2294 1339 2322 ἔπαυσε.
1357 2296 1410 2322 Καὶ
1419 2297 1502 2332 νόμον
1515 2298 1538 2324 δ’
1551 2299 1597 2325 ἐτιὶ
1614 2299 1699 2334 μέσου
1716 2302 1821 2336 ὁρίσας,
1832 2303 1878 2328 olx

1093 2341 1236 2369 ἀκίνδυνον
1253 2343 1370 2369 ἐποιεῖτο
1384 2343 1430 2369 τὸν
1445 2344 1483 2379 μὴ
1498 2345 1669 2378 φυλάττοντα
1680 2355 1686 2361 ·
1701 2349 1878 2383 προσηπείλει

1096 2387 1189 2422 μέντοι
1207 2389 1253 2415 καὶ
1272 2390 1407 2424 τιμωρίαν
1422 2391 1538 2424 ἐπάγειν
1563 2391 1602 2426 τῷ
1620 2393 1756 2429 τολμητῇ.
1772 2394 1878 2426 Ἐξελα-

1094 2433 1198 2459 θέντων
1223 2434 1246 2460 δ’
1262 2435 1388 2461 ἐντεῦθεν
1405 2437 1555 2471 Ἀρειανῶν
1571 2447 1602 2464 τε
1621 2439 1668 2464 καὶ
1692 2439 1877 2474 Εὑνομιανὼν,

1092 2481 1115 2505 ol
1130 2480 1178 2514 τῆς
1195 2480 1344 2515 ὁμοουσίθυ
1364 2482 1483 2513 πίστεως
1499 2483 1553 2509 τῶν
1575 2483 1731 2518 ἐκκλησιῶν
1745 2487 1878 2521 κατεκρά-

1091 2535 1188 2560 τησαν.

251 2561 342 2592 tinvit,
360 2571 468 2597 poenam
494 2565 517 2592 ei
534 2573 645 2601 quoque
662 2568 708 2602 qui
729 2575 823 2597 contra
842 2572 935 2599 venire
971 2582 1055 2603 ausus
1073 2581 1156 2606 esset,
1172 2577 1368 2604 comminatus.
1401 2577 1439 2605 Ita
1457 2579 1571 2613 factum,
1586 2585 1616 2608 ut
1631 2581 1742 2609 Arianis
1752 2587 1777 2609 et
1790 2583 1876 2609 Ευηοο

250 2608 350 2636 niianis
367 2611 463 2644 pulsis,
479 2613 526 2640 τοῦ
550 2615 707 2650 ὸμοουείου,
732 2615 987 2654 cohsubstantialis,
1013 2622 1076 2651 ﬁdei
1097 2624 1267 2658 professores
1281 2625 1414 2653 ecclesias
1427 2628 1651 2656 modi-rarentur.

285 2681 323 2716 (I)
337 2681 506 2714 Theodosius
516 2689 696 2716 conventibus
707 2691 821 2725 publicis
835 2697 916 2720 secta:
927 2693 1033 2721 Arianae
1054 2695 1203 2727 interdicit,
1218 2697 1236 2724 Ι.
1254 2705 1271 2724 ιι
1287 2697 1316 2725 C.
1337 2698 1372 2725 De
1389 2707 1458 2726 sum.
1471 2699 1542 2727 Trin.
1559 2705 1583 2726 et
1597 2700 1645 2734 fid.
1661 2703 1732 2729 cum.
