1906 3043
197 128 248 161 ’191

486 187 598 215 CAPUT
623 187 692 214 ιινι.

790 130 1000 162 NlCEPHORl
1020 133 1193 166 CALLlSTI

1776 136 1830 167 792

1323 191 1451 218 ΚΕΦᾹΛ.
1471 192 1529 224 ιεῖν.

201 232 323 267 Ερίείοία
336 233 635 272 Constantinopolimmv
643 233 746 272 synodi,
756 232 790 259 ad
805 231 984 260 Occidentales

1051 235 1276 272 Emafol'hfrﬁg
1297 235 1332 262 ἐν
1347 236 1664 272 Κωνᾳταντινουπόλει
1690 236 1830 264 συνόδου

461 269 592 302 episcopos
611 269 721 301 scripta.

239 333 248 349 ε
266 324 513 352 Rcverendissimis
535 324 664 357 dominis,
681 330 709 353 et
728 326 843 353 maxime
859 326 913 360 piis
929 327 985 354 l'ra-

203 369 291 396 tribus
305 374 387 405 atque
400 370 522 404 collegis,
537 369 664 403 Damaso,
679 371 833 404 Ambrosio,
856 371 983 404 Brittoui,

202 415 355 445 Valeriano.
383 415 521 446 Ascholio,
542 415 666 448 Anemio,
685 420 713 443 et
740 416 854 451 reliquis
880 417 985 444 sanctis

202 459 347 493 episcopis,
364 459 391 486 in
407 468 505 495 magna
530 461 598 487 urbe
616 461 736 488 Romana
755 461 875 494 coactis;
891 467 985 490 sancta

201 504 320 538 synodus
335 505 550 533 orthodosorum
565 512 589 534 et
603 512 675 535 recte
691 507 867 535 sentientium
878 509 987 543 episeo—

201 556 298 582 porum
326 549 353 576 in
371 557 466 585 magna
494 551 563 578 urbe
592 551 893 587 Constantinopolitana
918 560 985 580 con-

201 599 387 629 gregatarum,
403 596 430 623 in
445 596 559 624 Domino
576 597 703 625 salutem.
719 598 850 625 Pietatem
868 602 984 626 vestram

202 646 329 675 tauquam
346 641 466 676 ignaram
482 642 593 675 docere,
604 648 631 670 et
642 651 824 670 aerumnarum
834 644 890 671 vim
906 644 986 671 nobis

200 686 234 713 ab
268 687 620 721 impotenti-dominatione
649 689 815 716 Arianorum
848 690 985 717 illatarum

201 739 427 765 commemorare,
441 734 610 768 superﬂuum
631 733 747 761 fortasse
761 739 812 762 est.
830 734 890 762 Non
911 735 985 762 enim

201 779 406 808 exsistimamus
432 783 560 815 pietatem
584 787 716 815 vestram,
735 791 778 810 res
803 788 911 811 nostras
931 788 984 811 tam

200 825 268 852 nihil
284 825 316 852 ad
337 834 366 853 se
379 827 516 861 pertinere
531 827 666 862 judicare.
683 832 712 854 ut
729 828 763 855 de
777 828 818 854 eis
829 836 985 855 commone-

202 871 328 898 facienda
354 873 400 904 sit,
420 873 447 899 in
467 873 568 907 quibus
591 873 739 901 condolere
761 881 820 901 eam
844 874 985 902 nobiscum

202 916 335 950 oportuit.
353 916 447 952 Ncquc
473 919 541 945 tales
565 924 709 953 suntquas
732 919 895 953 pertulimus
921 924 988 947 tem-

203 967 333 996 pestates,
351 969 381 991 ut
392 963 477 992 latere
494 965 626 992 tenuitate
641 972 690 993 sua
708 962 857 1000 potuerint.
870 966 904 993 Et
919 971 988 993 tem-

202 1015 253 1041 pus
282 1010 505 1042 persecutionum
522 1012 717 1046 propinquum,
745 1017 880 1039 recentem
898 1012 988 1039 adltuc

203 1055 364 1082 memoriam
387 1061 541 1089 conservat,
566 1064 620 1084 non
646 1058 687 1085 eis
709 1062 813 1085 tantum
827 1058 873 1092 qui
897 1058 988 1085 amicti

202 1105 278 1133 sunt,
303 1101 350 1128 sed
385 1102 467 1129 etiam
492 1103 539 1137 qui
563 1111 611 1138 per
638 1103 799 1131 eluerit-atem
826 1104 988 1132 aillictorum

203 1146 338 1179 miserias,
357 1155 422 1174 suas
450 1149 572 1183 ipsorum
601 1157 738 1177 aerumnas
764 1157 825 1178 esse
849 1155 987 1185 reputant.

203 1191 267 1218 llcri
289 1201 417 1227 namque,
437 1194 651 1228 propemodum,
672 1200 700 1222 et
725 1203 813 1229 nuper
828 1196 987 1228 admodum,

202 1237 248 1264 alii
265 1238 375 1272 quidem
390 1239 478 1266 exsilii
496 1239 612 1267 vinculis
627 1241 720 1273 solutil
736 1241 768 1268 ad
783 1241 914 1269 ecclesias
925 1249 990 1269 suas

203 1292 250 1318 per
260 1285 422 1313 aillictioncs
434 1286 648 1314 innumerabiles
656 1287 825 1321 postliminio
837 1287 988 1316 redierunt.

201 1331 386 1363 Qttnt‘tttttdam
413 1337 503 1359 autem
521 1334 546 1360 in
561 1333 658 1361 exsilio
679 1333 870 1361 defunctorum
899 1335 990 1362 relatae

203 1380 268 1403 suttt
300 1377 434 1411 reliquiae.
448 1377 564 1410 Quidam
584 1378 668 1405 etiam
692 1384 754 1413 post
775 1378 907 1412 reditum,
925 1387 988 1406 cum

203 1421 232 1448 in
247 1421 398 1449 ferventem
414 1423 508 1450 adhuc
521 1424 712 1451 haereticorum
735 1424 898 1452 incidissent
912 1424 990 1452 furo-

203 1468 433 1501 remhacerbiora
451 1476 561 1503 quoque
586 1469 671 1502 domi,
691 1477 772 1504 quam
795 1470 821 1496 in
835 1470 992 1505 longinquis

204 1519 232 1540 et
248 1513 345 1540 alienis
355 1515 447 1546 terris,
465 1514 534 1541 mala
556 1515 692 1549 pertulere
707 1523 714 1542 ι
731 1515 868 1550 lapidibus
888 1516 922 1543 ad
942 1524 992 1544 ne—

206 1567 265 1586 cem
291 1567 389 1594 usque,
414 1560 494 1587 sicuti
514 1560 610 1589 beatus
635 1561 802 1596 Stephanus,
820 1562 922 1590 obruti.
941 1563 992 1590 Alii

205 1605 290 1632 variis
304 1605 407 1633 concisi
420 1606 583 1633 verberibus
594 1611 619 1633 et
631 1607 731 1642 ﬂagris.
740 1608 865 1642 stigmata
874 1612 902 1635 et
915 1613 994 1636 notas

205 1651 298 1678 adhuc
309 1651 411 1679 Christi
436 1656 464 1678 et
482 1651 589 1679 vibices
602 1652 629 1679 in
650 1659 766 1687 corpore
779 1660 830 1680 suo
849 1653 995 1681 circumfe-

207 1702 282 1724 runt.
296 1698 480 1725 Pecuni-arum
501 1705 566 1724 vero
583 1698 692 1729 multas,
712 1703 739 1726 et
751 1699 929 1727 cxcussiones
946 1706 993 1726 ur-

206 1743 295 1774 bium,
309 1748 337 1770 et
350 1743 519 1777 privatorum
539 1742 672 1770 bonorum
692 1743 894 1778 publicationcs
906 1763 912 1774 .
929 1744 995 1771 insi-

206 1789 267 1816 dias
292 1793 419 1822 strttctas,
450 1790 640 1822 contumelias,
670 1794 697 1817 et
719 1790 841 1822 vincula,
868 1790 993 1824 quisnam

207 1843 369 1863 enumerare
394 1836 496 1870 queat?
518 1836 624 1863 Revera
644 1836 769 1870 profecto
783 1835 810 1863 in
828 1835 910 1863 nobis
927 1835 995 1863 allii-

206 1882 312 1910 etiones
327 1883 513 1917 multiplicata:
527 1888 592 1910 sunt
612 1890 695 1918 supra
712 1873 995 1915 nitmerumJortasse

207 1930 249 1957 vel
275 1930 348 1965 quod
375 1935 549 1964 peccatorum
576 1937 670 1964 pcenas
686 1927 893 1964 persalvimus:
914 1928 993 1964 251

206 1976 249 2003 vel
265 1975 337 2010 quod
352 1975 486 2010 benignus
497 1975 568 2002 Deus
581 1982 629 2011 pro
645 1982 695 2003 suo
703 1975 737 2002 in
755 1975 880 2002 homines
892 1983 994 2006 amore,

208 2031 257 2057 per
287 2027 388 2051 tantam
408 2023 461 2050 vim
488 2027 516 2049 et
546 2013 912 2050 multitudinemmalorum
945 2029 995 2048 nos

206 2070 343 2098 exercuit.
361 2069 421 2101 Quo
436 2069 548 2096 nomine
567 2069 621 2096 Deo
632 2068 738 2104 agimus
753 2069 865 2104 gratias,
885 2068 931 2103 qui
948 2076 996 2102 per

208 2120 248 2143 tot
272 2121 299 2143 et
316 2119 407 2142 tantas
422 2115 584 2142 atﬂictiones
605 2122 698 2142 servos
719 2122 783 2142 suos
796 2114 954 2149 castigarit,
968 2117 996 2140 et

208 2161 361 2189 secundum
375 2161 579 2188 multitudinem
594 2161 801 2188 miserationum
818 2167 928 2187 suarum
945 2167 996 2186 nos

1090 270 1165 305 πρὸς
1175 270 1246 304 τοὺς
1260 271 1400 302 δυτικοὺς
1412 270 1598 303 ἐπισκόπους
1613 271 1773 305 τραφεῖσα.

1075 337 1085 354 ι
1104 328 1217 360 Κυρίοις
1229 327 1406 362 τιμιωτάτοις
1418 327 1466 354 καὶ
1476 326 1684 357 εὐλαϐεστάτοις
1696 327 1829 361 ἀδελφοῖς

1035 375 1082 401 καὶ
1099 374 1329 408 συλλειτουργοίς,
1343 374 1477 407 Δαμάσῳ,
1493 372 1661 407 Ἀμΰροσίῳ,
1676 373 1826 407 Βρίττωνι,

1035 420 1221 455 Οὑαλεριανῷ,
1240 419 1383 454 Ἀσχολίῳ,
1401 419 1532 454 Ἀνεμίῳ,
1550 419 1695 454 Βασιλείῳ,
1707 419 1829 450 καὶτοῖς

1034 466 1140 497 λοιποῖς
1153 466 1243 499 ἁγίοις
1259 466 1421 496 ἐπισκόποις
1434 466 1491 496 τοῖς
1510 464 1723 498 συνεληλυθόσιν
1739 465 1770 490 ὲν
1792 465 1826 499 τῇ

1038 511 1144 546 μεγάλῃ
1167 511 1244 537 πόλει
1265 510 1406 546 Ῥώμῃ,ή
1427 510 1493 543 ἁγία
1513 509 1624 540 σύνοδος
1645 510 1702 535 τῶν
1716 509 1829 542 6900a-

1037 557 1089 588 ξων
1113 556 1272 583 ἐπισκόπων
1296 556 1351 583 τῶν
1376 555 1598 590 συνεληλυθότων
1617 556 1646 580 ὲν
1663 555 1698 589 τῇ
1721 555 1829 590 μεγάλῃ

1036 603 1113 629 πόλει
1128 601 1418 628 Κωνσταντινσυπόλει
1429 601 1457 626 ἒν
1482 600 1577 635 Κυρίῳ
1590 599 1707 635 χαίρειν.
1723 600 1761 625 Τδ
1778 600 1829 634 μὲν

1034 647 1072 678 ὡς
1090 647 1243 681 ἀγνοοῦσαν
1257 646 1394 673 διδάσκειν
1402 647 1453 681 τὴν
1466 645 1766 681 ὖμετέρανεὺλάσειαν,
1782 646 1829 672 καὶ

1036 692 1190 727 διηγεῖσθαι
1215 692 1271 719 τῶν
1299 692 1473 727 παθημάτων
1495 691 1525 718 τὸ
1549 691 1662 725 πλῆθος,
1680 691 1737 717 τῶν
1759 691 1828 717 ἐπα-

1036 738 1155 774 χθέντων
1168 739 1234 773 ἡμῖν
1250 738 1325 773 παρὰ
1340 738 1392 772 τῆς
1415 737 1563 772 Ἀρειανῶν
1583 737 1758 767 δυναστείας,
1773 744 1827 762 πε-

1039 783 1129 818 ριττὸν
1146 784 1222 815 ἴσως.
1240 783 1309 810 οὕτε
1322 783 1377 818 γὰρ
1390 782 1462 809 οὕτω
1475 784 1614 817 πάρεργον
1629 782 1665 808 τὰ
1682 782 1830 817 καθ’ἠμᾶς

1037 829 1141 864 κρίνειν
1156 829 1206 863 τὴν
1223 829 1359 863 ὑμετέραν
1374 827 1517 863 ἡγούμεθα
1535 827 1702 859 θεοσέϐειαν,
1719 827 1759 858 ὡς
1771 827 1829 854 δεί-

1039 875 1101 901 σθαι
1115 874 1162 900 τοῦ
1187 874 1284 908 μαθεῖν
1297 874 1385 900 ταῦτα
1408 870 1447 903 οἷς
1472 872 1557 907 ἐχρῆν
1581 871 1728 905 συναλγεῖν
1741 879 1748 887 ·
1766 871 1830 898 οὔτε

1038 919 1159 946 τοιοῦτοί
1174 927 1247 951 τινες
1264 919 1289 946 οἱ
1319 918 1499 952 περισχόντες
1525 917 1600 951 ἡμᾶς
1626 916 1775 951 χειμῶνες,
1790 916 1830 948 ὤς

1039 964 1183 991 λανθάνειν
1197 964 1249 990 ὑπὸ
1274 963 1458 997 σμικρότητος
1469 970 1476 977 '
1490 962 1503 988 ὅ
1520 970 1549 987 τε
1565 961 1662 996 χρόνος
1677 961 1733 987 τῶν
1747 961 1830 994 διωγ-

1041 1011 1100 1046 μῶν
1115 1010 1222 1045 νεαρὸς,
1240 1009 1353 1035 ἔναυλον
1377 1008 1416 1034 ἔτι
1439 1008 1585 1042 φυλάττων
1598 1007 1648 1042 τὴν
1669 1007 1784 1041 μνήμην
1797 1006 1829 1033 οὐ

1038 1058 1094 1088 τοῖς
1110 1055 1259 1083 πεπονθόσι
1281 1055 1372 1090 μόνον,
1391 1054 1460 1081 ἀλλὰ
1476 1054 1522 1080 καὶ
1540 1054 1597 1084 τοῖς
1618 1052 1653 1078 δι’
1665 1051 1781 1086 ἀγάπην
1794 1052 1830 1078 τὰ

1039 1103 1094 1129 τῶν
1106 1102 1280 1129 πεπονθότων
1294 1100 1498 1135 οίχειουμένοις.
1516 1099 1587 1130 XM;
1600 1098 1664 1132 γὰρ,
1679 1098 1717 1129 ὡς
1728 1099 1829 1130 simitu,
1848 1119 1851 1121 .

1040 1148 1080 1175 ἔτι
1093 1149 1141 1175 καὶ
1158 1149 1255 1183 πρώην
1270 1147 1295 1173 ol
1313 1146 1363 1180 μὲν
1375 1146 1428 1172 τῶν
1443 1145 1493 1180 τῆς
1510 1144 1617 1179 ἑξορίας
1630 1143 1759 1174 λυθέντες
1772 1143 1831 1170 δεσ-

1042 1195 1100 1230 μῶν
1114 1195 1154 1226 είς
1168 1194 1216 1226 τὰς
1235 1193 1341 1220 ἑαυτῶν
1368 1192 1518 1228 ἐκκλησίας
1533 1191 1578 1218 διὰ
1595 1191 1701 1226 μυρίων
1723 1191 1828 1225 ἐπανή-

1041 1250 1106 1268 κασι
1135 1240 1270 1274 θλίψεωνι
1285 1239 1341 1266 τῶν
1367 1238 1396 1266 δὲ
1413 1239 1460 1265 καὶ
1491 1237 1696 1264 τελειωθέντων
1715 1237 1747 1263 ἐν
1770 1238 1830 1267 ταῖς

1040 1286 1159 1322 ὲξορίαις
1172 1284 1378 1319 ὲπανεκομίσθη
1389 1284 1422 1311 τὰ
1435 1283 1559 1318 λείψανα.
1572 1283 1650 1314 Τινὲς
1660 1282 1688 1309 δὲ
1698 1283 1746 1309 καὶ
1762 1282 1832 1316 μετὰ

1041 1332 1091 1367 τὴν
1105 1332 1154 1367 τῆς
1179 1331 1287 1366 ὲξορίας
1314 1331 1453 1362 ἐπάνοδον,
1481 1330 1522 1357 ἔτι
1548 1329 1699 1365 βράσσοντι
1722 1327 1763 1362 τῷ
1777 1327 1833 1354 τῶν

1043 1378 1191 1412 αἱρετικῶν
1217 1377 1415 1413 περιπεσόντες
1430 1376 1519 1411 θυμῷ,
1538 1377 1691 1411 πικρότεροι
1714 1374 1770 1400 τῶν
1786 1375 1834 1400 ἐπὶ

1042 1422 1093 1457 τῆς
1107 1423 1264 1455 ἀλλοτρίας,
1282 1422 1329 1448 ἐπὶ
1345 1421 1393 1456 τῆς
1421 1421 1525 1452 οικείας
1553 1420 1715 1454 ὑπέμειναν,
1740 1417 1834 1448 λίθους

1044 1468 1110 1504 παρ’
1126 1469 1215 1495 αὐτῶν
1241 1468 1432 1499 τελειωθέντες
1448 1467 1529 1501 κατὰ,
1550 1466 1597 1492 τὸν
1611 1465 1752 1500 μακάριον
1770 1464 1836 1490 Στέ-

1045 1523 1129 1550 φανον
1142 1524 1149 1532 '
1171 1515 1247 1542 ἄλλοι
1264 1515 1405 1549 διαφόροις
1424 1512 1640 1546 καταξανθέντες
1657 1511 1773 1542 αἰκίαις,
1792 1510 1835 1536 ἔτι

1044 1561 1080 1588 τὰ
1097 1563 1239 1596 στίγματα
1251 1560 1298 1587 τοῦ
1312 1559 1433 1594 Χριστοῦ
1447 1559 1570 1589 καὶτοὺς
1587 1557 1728 1593 μώλωπας
1751 1557 1781 1582 ἐν
1795 1555 1836 1590 τῷ

1046 1607 1155 1642 σώματι
1168 1606 1361 1642 περιφέρουσι.
1375 1606 1535 1642 Χρημάτων
1551 1605 1580 1632 δὲ
1589 1604 1691 1640 ζημίας
1707 1603 1757 1630 καὶ
1767 1610 1836 1637 προ-

1044 1654 1173 1689 τιμήσεις
1189 1654 1305 1686 πόλεων,
1324 1653 1371 1680 καὶ
1392 1652 1442 1684 τὰς
1463 1652 1518 1678 τῶν
1539 1650 1602 1679 καθ’
1617 1650 1665 1678 ἕνα
1685 1650 1838 1684 δημεύσεις

1046 1699 1093 1724 καὶ
1110 1697 1259 1729 συσκευὰς,
1274 1697 1324 1723 καὶ
1349 1695 1444 1731 ΰσρεις
1462 1697 1510 1723 καὶ
1524 1694 1710 1729 δεσμωτήρια,
1727 1693 1771 1724 τίς
1801 1692 1838 1719 ἂν

1046 1745 1287 1780 ἐξαριθμήσασθαι
1300 1744 1427 1775 δύναιτο;
1447 1743 1553 1773 Ὄντως
1576 1742 1619 1776 ἐφ’
1636 1742 1710 1776 ἡμᾶς
1725 1741 1754 1766 at
1776 1739 1838 1766 θλί-

1047 1790 1107 1824 ψεις
1120 1788 1329 1824 ὲπληθύνθησαν
1345 1789 1414 1824 ὑπὲρ
1429 1787 1563 1822 ἀριθμόν·
1580 1787 1645 1817 1ἰιιιως
1665 1785 1727 1820 μὲν,
1740 1784 1838 1818 ἐπειδὴ

1047 1834 1125 1864 δίκας
1138 1833 1349 1868 ἁμαρτημάτων
1363 1833 1507 1866 ὲτίνομεν·
1524 1831 1589 1860 ἴσως
1604 1829 1643 1862 δὲ,
1663 1829 1711 1856 καὶ
1727 1827 1776 1856 τοῦ
1790 1837 1839 1862 φι-

1046 1879 1207 1913 λανθρώπου
1224 1878 1292 1905 Θεοῦ
1308 1879 1354 1905 διὰ
1376 1879 1423 1905 τοῦ
1441 1877 1563 1912 πλήθους
1586 1876 1641 1903 τῶν
1663 1875 1839 1910 παθημάτων

1045 1926 1120 1961 ἡμᾶς
1141 1924 1339 1960 γυμνάζοντος.
1355 1923 1532 1959 Τούτωνκμὲν
1546 1920 1592 1949 οὖν
1615 1921 1655 1956 τῷ
1669 1920 1730 1954 Θεῷ
1742 1919 1838 1955 χάρις,

1046 1973 1075 2004 ὃς
1088 1972 1136 1999 καὶ
1149 1972 1195 1998 διὰ
1208 1971 1343 1998 τοσούτων
1359 1972 1423 2001 τοὺς
1441 1968 1541 1996 ἑαυτοῦ
1555 1968 1666 1999 δούλους
1678 1967 1837 1998 ἐπαίδευσε,

1048 2020 1094 2046 καὶ
1107 2018 1179 2045 κατὰ
1193 2018 1222 2044 τὺ
1238 2017 1339 2052 πλῆθος
1352 2016 1406 2042 τῶν
1418 2014 1571 2050 οἰκτιρμῶν
1582 2013 1664 2041 αὐτοῦ
1678 2012 1761 2039 πάλιν
1775 2012 1839 2046 ἑξή-

1047 2073 1133 2100 γαγεν
1153 2065 1227 2100 ἡμᾶς
1249 2065 1288 2095 είς
1306 2062 1468 2097 ἀναψυχήν·
1485 2062 1552 2097 ἡμῖν
1577 2060 1616 2091 δὲ.
1643 2059 1755 2094 μακρᾶς
1787 2058 1840 2093 μὲν

1047 2112 1103 2138 ἔδει
1117 2111 1215 2146 σχολῆς
1230 2111 1277 2137 καὶ
1291 2109 1391 2136 πολλοῦ
1408 2109 1506 2144 χρόνου
1519 2107 1588 2143 πρὸς
1599 2106 1647 2145 τῂν
1662 2105 1717 2132 τῶν
1735 2105 1839 2138 ἐκκλη-

1049 2158 1115 2185 σιῶν
1132 2157 1332 2192 ἐπανόρθωσιν,
1349 2156 1383 2182 ἶν’
1401 2155 1496 2189 ὥσπερ
1512 2155 1544 2181 ὲκ
1557 2153 1667 2189 μακρᾶς
1679 2151 1839 2186 ἀρρωστίας

208 2215 319 2235 rursum
342 2207 471 2235 eduxerit
493 2207 520 2234 in
536 2207 720 2242 refrigerium.
737 2206 823 2234 Nobis
840 2213 903 2233 vero
934 2205 991 2232 diu-

1051 2205 1109 2236 ταϊς
1122 2204 1193 2231 κατά
1205 2204 1303 2238 μικρὸν
1320 2200 1491 2236 ἐπιμελείαις
1506 2201 1536 2227 τὸ
1559 2199 1639 2234 σῶμα
1656 2197 1708 2233 τῆς
1722 2196 1842 2230 Ἐκκλη-

209 2259 291 2282 turno
304 2262 373 2289 optts
386 2259 458 2281 esset
481 2254 547 2286 otio,
567 2257 595 2281 et
609 2258 732 2288 tempore
746 2253 843 2285 multo,
859 2252 892 2279 ad
909 2252 997 2280 cccle—

207 2302 311 2328 siarum
339 2301 552 2333 restitutionem,
576 2305 605 2328 ut
621 2300 734 2335 perinde
757 2305 840 2334 atque
863 2307 895 2326 ex
917 2299 996 2333 longa

207 2348 381 2383 aegritudine,
399 2347 530 2382 paulatim
555 2347 650 2375 sedula
668 2354 734 2373 cura
751 2345 879 2373 Ecclesia:
898 2351 998 2379 corpus

208 2395 418 2427 conﬁrmantcs,
432 2394 464 2421 ad
484 2394 629 2428 pristinam
649 2391 834 2420 valetudinem
851 2396 877 2418 et
896 2391 998 2418 sanita-

210 2447 264 2469 tem
285 2442 491 2469 reduceremus.
510 2441 672 2474 Quanquam
694 2439 768 2466 enim
787 2438 904 2465 maxime
919 2445 934 2464 a
950 2445 998 2465 ve-

210 2489 332 2516 hementi
351 2488 449 2523 injuria
469 2487 692 2522 persecutionum
713 2486 840 2512 videmur
855 2492 916 2512 esse
929 2485 999 2513 libe-

211 2534 274 2567 rati,
287 2540 313 2562 ει
327 2535 459 2562 ecclesias
468 2533 573 2561 diutius
585 2533 619 2559 ab
633 2531 903 2559 itaareticisdetentas
913 2539 999 2565 nuper

211 2582 436 2614 recuperavimus
453 2588 461 2607 :
478 2586 575 2615 graves
595 2583 684 2605 tamen
702 2578 794 2605 adhuc
814 2577 894 2605 nobis
907 2577 999 2604 immi-

212 2631 279 2652 nent
292 2626 359 2660 lupi,
374 2627 421 2661 qui
439 2626 520 2653 etiam
537 2632 569 2652 ex
593 2624 710 2652 ovilibus
728 2623 847 2659 depulsi,
878 2624 904 2650 in
923 2623 1000 2650 silvis

213 2677 241 2698 et
257 2672 372 2700 saltibus
384 2681 478 2708 greges
494 2672 644 2707 diripiunt,
663 2676 816 2699 conventus
829 2675 924 2698 contra
937 2671 1000 2703 {nos

213 2722 324 2751 cogunt,
340 2719 411 2753 vulgi
444 2718 594 2746 seditiones
611 2722 730 2750 movent,
750 2722 776 2744 et
797 2717 866 2744 nihil
881 2716 954 2751 quod
974 2716 999 2742 in

212 2765 390 2791 ecclesiarum
407 2766 602 2792 detrimentum
621 2764 709 2794 cedat.
729 2772 781 2790 non
800 2767 915 2794 tentant,
929 2763 1001 2794 Qua-

212 2816 334 2848 propter.
361 2812 434 2846 quod
450 2811 581 2843 diximus,
597 2811 729 2845 ampliore
746 2818 795 2836 nos
809 2809 866 2836 otio
890 2815 915 2836 et
934 2813 1001 2834 tcm-

214 2857 417 2912 umq‘lhttttciorc
443 2856 584 2885 abundare
605 2856 757 2884 orortcbut.
778 2855 830 2882 Sed
847 2855 919 2882 enim
937 2862 997 2881 cum

1050 2251 1108 2281 σίας
1123 2248 1361 2284 ὲκνοσηλεὺοντες,
1377 2247 1446 2281 πρὸς
1458 2247 1508 2281 τὴν
1523 2245 1641 2280 ἀρχαίαν
1654 2243 1704 2278 τῆς
1723 2243 1842 2278 Ἐκκληο

1049 2297 1110 2328 σίας
1127 2295 1234 2329 ὑγίειαν
1246 2294 1476 2328 ὲπαναγάγωμεν.
1490 2292 1547 2319 Καὶ
1561 2292 1614 2325 γὰρ
1626 2290 1650 2316 εί
1666 2290 1701 2316 τὰ
1718 2289 1841 2324 μάλιστα

1049 2341 1184 2376 δοκοῦμεν
1198 2342 1246 2374 τῆς
1261 2340 1316 2366 τῶν
1331 2339 1461 2374 διωγμῶν
1489 2336 1664 2372 ἀπηλλάχθαι
1690 2335 1842 2370 σφοδρόττῇ

1050 2398 1105 2420 τος,
1121 2391 1167 2415 καὶ
1181 2388 1229 2420 τὰς
1245 2386 1393 2422 ἐκκλησίας
1404 2385 1521 2421 χρονίως
1534 2384 1610 2419 παρὰ
1624 2382 1678 2409 τῶν
1690 2381 1842 2416 αἱρετικῶν

1051 2433 1269 2469 κατασχεθείσας
1296 2433 1397 2466 ἀρτίως
1423 2428 1650 2465 ἁνακομίζεσθαι,
1671 2427 1741 2462 πλὴν
1772 2426 1842 2453 ἀλλὰ

1053 2480 1147 2515 βαρεῖς
1162 2481 1227 2514 ἡμῖν
1245 2478 1269 2505 οἱ
1282 2478 1368 2510 λύκοι,
1379 2477 1426 2503 καὶ
1444 2477 1514 2511 μετὰ
1528 2476 1558 2501 τὸ
1568 2475 1616 2509 τῆς
1632 2473 1755 2508 μάνδρας
1771 2472 1842 2504 ἔξω-

1053 2526 1159 2559 σθῆναι,
1177 2523 1247 2550 κατὰ
1263 2524 1312 2554 τὰς
1330 2521 1421 2551 νάπας
1445 2520 1480 2546 τὰ
1496 2519 1612 2554 ποίμνια
1627 2517 1841 2552 διαρπάζοντες,

1052 2570 1239 2602 ἀντισυνάξεις
1263 2568 1430 2604 τολμῶντες,
1451 2567 1546 2601 δήμων
1567 2565 1707 2596 κινοῦντες
1738 2565 1845 2591 ἐπανα-

1053 2618 1173 2648 στάσεις,
1191 2615 1336 2646 ὀκνοῦντες
1359 2614 1436 2640 οὐδὲν
1460 2614 1500 2644 εἰς
1518 2613 1567 2647 τὴν
1598 2612 1651 2638 τῶν
1671 2610 1844 2645 Ἐκκλησιῶν

1053 2665 1164 2699 βλάῆην.
1181 2661 1235 2688 ῚΙν
1255 2662 1304 2696 μὲν
1333 2659 1389 2693 οὖν,
1406 2661 1474 2694 ὅπερ
1500 2660 1664 2693 εἰρήκαμεν,
1691 2658 1845 2691 ἀναγκαῖον

1053 2711 1164 2737 πλείονα
1197 2711 1270 2743 ipa;
1303 2707 1562 2744 προσασχοληθῆναι
1592 2705 1707 2740 χρόνον·
1745 2703 1842 2738 ἐπειδὴ

1056 2759 1147 2792 μέντοι
1167 2757 1216 2791 τὴν
1229 2755 1293 2790 περὶ
1305 2756 1378 2790 ἡμεῖς
1400 2753 1549 2786 ἀδελφικὴν
1565 2752 1697 2783 σώζοντες
1710 2750 1844 2785 στοργὴν,

1053 2805 1101 2830 καὶ
1120 2803 1170 2838 τὴν
1195 2803 1308 2836 ἀγάπην
1332 2800 1564 2835 ἐπιδεικνύμενοι,
1584 2797 1694 2824 σύνοδον
1720 2798 1768 2823 ἐπὶ
1793 2799 1845 2831 τῆς

1059 2850 1168 2882 Ῥώμης
1186 2849 1253 2876 (ί)ξοῖ
1270 2845 1631 2881 90911315::uj’zpvzoi‘nsg
1647 2845 1692 2872 καὶ
1709 2845 1783 2878 ἡμᾶς
1807 2843 1846 2877 ὡς
