1906 3043
55 139 102 169 793

516 137 817 168 ΕΟΕΙΑΕΞΙΛΒΤΙΟᾹΞ
837 137 1033 168 ΗΙδΤΟΒῐιΕ
1053 140 1128 170 LIB.
1145 139 1215 169 XII.

1615 137 1668 169 ’794

53 193 138 221 sinsi:
149 193 222 227 μέλ-η
246 192 485 227 προσεκαλέσασθε
500 193 545 220 διὰ
567 192 621 219 τῶν
637 192 683 219 τοῦ
714 193 830 227 Θεοφιλει

889 193 1036 222 fraternam
1050 200 1168 223 vestram
1180 201 1243 229 erga
1257 201 1306 221 nos
1319 194 1448 228 pietatem
1464 196 1667 226 conservantes,

54 241 147 267 στάτου
174 239 313 273 βασιλέως
338 239 521 273 γραμμάτων,
541 239 575 265 ἵν’
592 239 686 273 ἐπειδὴ
710 240 770 265 τότε
787 239 837 270 τὰς

53 285 151 319 ολίψεις
164 285 247 318 μόνοι
260 284 512 318 κατεδικάσοημεν,
525 284 573 310 νῦν
588 284 618 310 ὲν
635 285 668 318 τῇ
684 284 739 310 τῶν
755 284 836 310 αὺτο-

53 330 190 365 κρατόρων
215 330 280 364 περὶ
294 329 345 365 τὴν
361 329 505 356 εὐσέϐειαν
528 329 673 365 συμφωνίᾳ
691 330 729 364 μὴ
753 329 837 364 χωρὶς

52 374 125 409 ἡμῶν
139 373 335 409 βασιλεύσητε,
352 374 420 401 ἀλλὰ
439 375 488 401 καὶ
510 375 593 408 ἡμεῖς
614 375 678 408 ὑμῖν
701 375 772 401 κατὰ
787 374 836 408 τὴν

51 419 236 452 ἁποστολικὴν
250 419 344 452 φωνὴν
359 418 625 453 συμϐασιλεὺσωμεν
637 427 644 434 ·
660 418 727 454 εὐχὴ
743 419 792 452 μὲν
802 417 836 454 ἦν

52 466 122 498 ἡμῖν,
145 465 171 490 εἰ
189 464 307 490 δυνατὸν
330 464 432 491 ἅπασιν
461 464 568 499 ἀθρόως
590 464 772 491 καταλιποῦσι
787 465 836 496 τὰς

52 509 210 543 ἐκκλησίας,
229 509 268 543 τῷ
285 509 362 544 πόθῳ
388 510 404 544 ἢ
432 511 465 544 τῇ
485 510 566 545 χρείᾳ
591 510 768 545 χαρίσασθαι.
788 511 836 542 Ἰῖίς

52 556 100 588 γὰρ
112 555 180 588 ἡμῖν
195 554 234 588 δῷ
251 555 390 588 πτέρυγας
404 555 473 582 ὡσεὶ
489 557 667 591 περιστερᾶς,
685 556 732 583 καὶ
753 564 837 583 πετα-

53 600 219 639 σθησὸμεθα,
241 600 289 626 καὶ
304 600 373 634 πρὸς
390 601 462 633 ὑμᾶς
478 601 695 634 καταπαύσομεν
708 601 835 637 ;Ἐπειδὴ

53 645 77 670 Et
89 645 170 671 τοῦτο
187 645 330 676 παντελῶς
344 645 463 680 ἐγύμνου
477 647 526 677 τὰς
546 646 694 682 ἐκκλησίας
707 646 770 681 ἄρτι
786 648 836 682 τῆς

53 690 226 721 ἀνανεώσεως
239 691 405 726 ἀρχομένας,
422 692 468 718 καὶ
481 691 510 718 τὺ
526 693 642 728 πρᾶγμα
660 693 836 720 παντάπασιν

53 734 81 770 ἦν
95 737 151 766 τοῖς
170 737 285 767 πολλοῖς
314 736 444 763 ἀδύνατον
457 745 464 753 ·
484 738 753 773 συνδεδραμήκειμεν
780 739 835 772 γὰρ

53 783 86 812 εἰς
99 784 148 816 τὴν
161 782 456 808 Κωνσταντινούπολιν
467 783 500 809 ὲκ
517 783 572 809 τῶν
589 785 689 818 πέρυσι
704 785 836 819 γραμμάς

52 835 98 851 των
113 825 168 852 τῶν
185 826 264 861 παρά
290 826 341 860 τῆς
357 827 494 862 ὑμετέρας
512 830 670 864 τιμιότητος
694 830 763 864 μετὰ
785 830 834 864 τὴν

57 871 198 906 ’Διιυληῖας
230 872 341 898 σύνοδωδ
356 872 424 906 πρὸς
437 873 482 899 τὸν
499 874 705 907 θεοφιλέστατον
721 874 833 909 βασιλέα

53 917 182 942 Θεοδόσιον
205 917 438 950 ἐπισταλθέντων,
463 919 533 953 πρὸς
557 920 642 954 μόνην
665 920 768 955 ταύτην
783 921 833 954 τὴν

54 963 126 998 μέχρι
143 963 463 995 Κωνσταντινουπόλεως
477 965 766 1000 παρασκευασάμενοι,
788 966 834 993 καὶ

54 1008 122 1042 παρὰ
137 1009 245 1043 ταύτης
267 1009 350 1043 μόνης
373 1009 423 1044 τῆς
439 1010 549 1036 συνόδου
564 1009 619 1037 τῶν
632 1011 662 1036 ὲν
677 1013 734 1042 ταῖς
747 1012 834 1047 ἔπαρ-

55 1055 119 1089 χίαις
135 1056 291 1089 μεινάντων
303 1055 462 1082 ἐπισκόπων
478 1056 679 1089 συγκατάθεσιν
695 1057 835 1090 ἑπαγόμεο

54 1107 103 1124 νοι⁶
123 1099 252 1133 μείζονος
273 1099 301 1125 δὲ
323 1098 488 1134 ἀποδημίας,
506 1100 575 1134 μήτε
597 1100 834 1134 προσδοκήσαντες

55 1144 149 1177 χρείαν,
170 1145 242 1178 μήτε
272 1144 490 1179 προακούσαντες
511 1145 590 1178 ὅλως,
618 1145 683 1180 πρὶν
705 1146 734 1172 ὲν
758 1147 835 1172 Κων-

56 1191 271 1216 σταντινουπόλει
286 1190 423 1216 συνελθεῖν
434 1198 441 1206 ·
465 1190 533 1225 πρὸς
550 1191 577 1217 δὲ
602 1191 707 1222 τούτοις
722 1192 769 1217 καὶ
785 1192 832 1226 τῆς

55 1235 217 1270 προθεσμίας
242 1236 287 1263 διὰ
313 1237 460 1271 στενότητα
480 1237 548 1271 μήτε
568 1237 635 1272 πρὸς
657 1237 833 1272 παρασκευὴν

57 1281 221 1316 μακροτέρας
255 1281 411 1316 ἀποδημίας
438 1281 593 1315 ἐνδιδούσης
628 1282 734 1317 καιρὸν,
762 1282 831 1316 μήτε

56 1327 150 1359 πάντας
164 1329 231 1359 τοὺς
246 1329 277 1354 ὲν
290 1329 350 1358 ταῖς
361 1328 509 1362 ἐπαρχίαις
530 1329 705 1359 κοινωνικοὺς
719 1328 832 1354 ἐπισκό-

56 1381 116 1404 πους
135 1374 416 1409 ὑπομνηματισθῆναι
437 1375 484 1400 καὶ
500 1376 549 1406 τὰς
579 1374 643 1408 παρ’
659 1374 750 1400 αὐτῶν
769 1382 833 1408 συγ-

56 1419 205 1451 καταθέσεις
230 1419 342 1446 λαϐεῖν·
359 1419 452 1454 ἐπειδὴ
467 1419 564 1453 ταῦτα,
579 1420 627 1446 καὶ
658 1419 745 1446 πολλὰ
762 1419 831 1454 πρὸς

56 1467 150 1498 τούτοις
169 1466 254 1501 ἕτερα
266 1467 316 1502 τὴν
332 1474 385 1492 των
399 1466 528 1493 πλειόνων
543 1466 636 1500 αφιξιν
647 1465 811 1493 διεκώλυσεν
822 1473 830 1482 ·

56 1511 68 1535 ὅ
83 1511 204 1547 δεύτερον
218 1511 254 1547 ἦν
267 1513 307 1543 είς
326 1521 355 1538 τε
372 1508 424 1539 τῶν
441 1513 612 1548 πραγμάτων
632 1513 830 1550 ἐπανόρθωσιν,
845 1525 867 1556 ο

59 1557 98 1582 καὶ
109 1558 156 1592 τὴν
167 1558 218 1591 τῆς
234 1559 369 1592 ὑμετέρας
379 1560 441 1593 περὶ
459 1560 531 1593 ἡμᾶς
556 1559 668 1595 ἀγάπης
681 1560 828 1593 ἀπόδειξιν,

56 1602 124 1629 τοῦτο
135 1605 340 1639 πεποιήκαμεν,
355 1606 418 1636 τοὺς
429 1605 659 1640 αἰδεσιμωτάτους
675 1607 722 1632 καὶ
733 1614 831 1640 τιμιω-

56 1649 140 1680 τάτους
154 1650 285 1684 ἀδελφοὺς
301 1650 347 1676 καὶ
371 1650 600 1685 συλλειτουργοὺς
615 1651 694 1686 ἡμῶν
716 1651 829 1678 ἐπισκό-

57 1701 124 1725 πους,
137 1694 286 1728 κυριακὸν,
306 1694 443 1727 Εὑσέόιον,
467 1697 514 1722 καὶ
529 1696 704 1729 Πρισκιανὺν,
727 1695 830 1730 προθύ-

57 1745 106 1770 μως
120 1742 218 1774 καμεῖν
232 1740 313 1774 ἄχρις
329 1740 407 1773 ὑμῶν
424 1740 636 1775 δυσωπήσαντες
647 1749 655 1758 ο
673 1741 707 1768 δι’
728 1739 766 1768 ὧν
780 1742 829 1777 τὴν

55 1785 181 1819 ἡμετέραν
202 1785 365 1820 προαίρεσιν
383 1785 526 1821 εἰρηνικὴν
541 1785 625 1812 οὖσαν
649 1787 697 1813 καὶ
726 1787 828 1814 σκοπὸν

57 1829 165 1863 ὲνώσεως
178 1832 295 1868 ἔχουσαν
308 1832 500 1867 ἐπιδείκνυμεν
511 1840 517 1848 ·
531 1833 578 1859 καὶ
593 1833 639 1860 τὸν
656 1833 737 1868 ζῆλον
750 1834 828 1868 ἡμῶν

55 1875 93 1900 τὸν
107 1876 172 1912 ὑπὲρ
197 1877 249 1911 τῆς
278 1876 372 1910 ὑγιοῦς
397 1877 516 1908 πίστεως
544 1877 661 1911 φανερὸν
686 1877 828 1911 ποιοῦμεν.

60 1919 146 1954 Ἡμεῖς
158 1924 223 1958 γὰρ,
240 1922 295 1949 εἴτε
308 1922 456 1956 διωγμοὺς,
474 1921 529 1948 εἴτε
544 1922 661 1956 θλίψεις,
678 1923 734 1949 εἴτε
751 1923 829 1957 βασι-

55 1964 122 1998 λικὰς
145 1968 273 2000 ἀπειλὰς,
293 1966 348 1993 εἴτε
364 1966 412 1997 τὰς
426 1966 481 1992 τῶν
507 1967 645 2001 ἀρχόντων
671 1966 826 2001 ὠμότητας,

55 2012 103 2038 εἴτε
120 2014 178 2041 τινὰ
195 2014 349 2048 πειρασμὸν
375 2013 470 2048 ἕτερον
497 2013 573 2048 παρὰ
599 2013 654 2040 τῶν
682 2013 827 2048 αἱρετικῶν

56 2058 245 2095 ὑπεμείναμεν,
275 2061 346 2093 ὑπὲρ
373 2060 422 2094 τῆς
444 2060 627 2094 εὐαγγελικῆς
644 2060 761 2090 πίστεως
777 2061 826 2093 τῆς

56 2105 79 2129 ἐν
94 2105 191 2142 Νικαίᾳ
219 2107 268 2140 τῆς
287 2105 410 2137 Βιθυνίας
426 2106 502 2140 παρὰ
525 2106 578 2132 τῶν
595 2106 760 2141 τριακοσίων
785 2106 828 2131 δε-

57 2152 153 2178 καοκτὼ
177 2153 307 2187 Πατέρων
333 2151 505 2186 κυρωθείσης
532 2151 699 2185 ὑπέστημεν.
719 2151 825 2185 Ταύτην

56 2196 101 2229 γάρ
113 2199 158 2225 καὶ
172 2200 241 2234 ἡμῖν
268 2199 314 2225 καὶ
336 2199 403 2225 πᾶσι
430 2199 488 2228 τοῖς
511 2197 548 2232 μὴ
573 2198 765 2232 διαστρέφουσι
781 2199 825 2223 τὸν
839 2197 866 2228 D

56 2238 123 2273 λόγον
146 2243 196 2277 τῆς
211 2242 331 2276 ἀληθοῦς
357 2243 474 2273 πίστεως
495 2242 675 2277 συναρεσκειν
702 2242 764 2268 δεῖ·
791 2243 824 2276 ἦν

57 2285 122 2317 μόλις
138 2288 202 2314 ποτὲ
230 2287 421 2322 πρεσϐυτάτην
447 2287 530 2314 οὒσαν
555 2287 601 2314 καὶ
627 2287 773 2314 ἀκόλουθον
786 2286 826 2321 τῷ

56 2329 223 2367 βαπτίσματι,
238 2334 286 2360 καὶ
303 2334 482 2360 διδάσκουσαν
501 2334 573 2368 ἡμᾶς
591 2333 730 2360 πιστεύειν
745 2335 784 2364 εἰς
795 2333 825 2359 τὸ

55 2374 127 2410 δνομα
152 2381 199 2406 τοῦ
226 2381 332 2415 Πατρὸς
364 2380 412 2407 καὶ
428 2381 474 2406 τοῦ
503 2381 569 2407 Υἱοῦ
598 2381 645 2407 καὶ
670 2380 717 2407 τοῦ
746 2381 824 2414 ἁγίου

57 2421 219 2458 Πνεῦματοςτ
237 2426 337 2461 δηλαδὴ
354 2427 482 2461 θεότητος
495 2429 542 2453 καὶ
558 2427 701 2461 δυνάμεως
721 2427 769 2454 καὶ
780 2427 826 2452 οὐν

57 2466 106 2498 σίας
131 2472 193 2504 μιᾶς
206 2472 253 2498 τοῦ
272 2472 379 2508 Πατρὺς
393 2473 441 2499 καὶ
458 2472 506 2499 τοῦ
526 2473 591 2499 Υῐοῦ
618 2473 664 2500 καὶ
681 2473 728 2500 τοῦ
745 2473 823 2506 ἁγίου

59 2511 201 2549 Πνεύματος
227 2518 437 2554 πιστευομένης,
461 2519 596 2553 ὸμοτίμου
613 2527 642 2544 τε
666 2518 717 2552 τῆς
745 2518 824 2550 ἀξίας

58 2559 96 2584 καὶ
110 2564 240 2590 συναῑδίου
269 2565 317 2598 τῆς
335 2564 474 2598 βασιλείας
495 2565 523 2590 ἐν
551 2565 625 2598 τρισὶ
640 2564 823 2594 τελειοτάταις

58 2606 107 2637 ταῖς
122 2607 311 2641 ὑποστάσει-ιν,
326 2610 409 2644 ἡγουν
422 2611 496 2645 τρισί
512 2610 625 2640 τελείοις
646 2608 803 2644 προσώποις
814 2617 822 2624 ·

59 2648 88 2681 ὡς
101 2654 162 2687 μήτε
177 2657 225 2690 τὴν
237 2655 382 2682 Σαϐελλίου
396 2656 473 2682 νόσον
487 2655 578 2691 χώραν
593 2655 697 2688 λαϐεῖν,
711 2662 824 2689 συγχεο-

59 2697 133 2728 μένων
147 2702 199 2729 τῶν
214 2703 401 2736 ὑποστάσεων,
419 2703 506 2729 εἴτουν
521 2703 574 2729 τῶν
595 2702 734 2737 ἱδιοτήτων
747 2702 825 2729 ἀναι-

60 2746 190 2783 Ρουμένων,
209 2749 279 2784 μήτε
296 2751 348 2784 μὴν
365 2749 413 2784 τὴν
425 2749 597 2784 Εὖνομιανῶν
614 2749 660 2776 καὶ
675 2748 822 2783 ’Δρειανῶν

59 2790 96 2815 καὶ
120 2793 353 2830 Πνευματομὰχων
368 2795 544 2830 βλασφημίαν
566 2794 679 2829 ἰσχύειν,
697 2796 748 2829 τῆς
777 2794 823 2820 οὺ-

62 2833 110 2868 σίας
122 2838 136 2873 ἦ
150 2841 194 2876 τῆς
207 2841 316 2876 cpiam;
336 2841 352 2877 ἢ
368 2841 417 2874 τῆς
435 2841 562 2876 Oed-v.19;
580 2840 760 2876 τεμνομένης,
773 2839 821 2866 καὶ

887 242 914 265 et
929 239 1104 267 dilectionem
1126 239 1297 270 exhibentes,
1323 238 1426 265 indicto
1444 237 1547 269 Romae.
1561 237 1594 264 de
1620 244 1670 264 vo-

888 284 992 312 luntate
1007 285 1066 317 Dei,
1085 285 1212 317 concilio,
1227 292 1276 319 per
1293 279 1339 310 Dei
1356 283 1535 311 amantissimi
1554 283 1670 316 impera-

888 329 956 356 toris
973 329 1088 361 litteras,
1103 337 1153 356 nes
1168 336 1276 363 quoque
1291 347 1298 360 ,
1313 333 1342 355 ut
1359 328 1480 355 membra
1501 331 1590 354 vestra
1605 333 1670 360 pro-

887 374 957 408 pria,
981 382 1014 402 eo
1027 374 1218 404 evocaveritis.
1241 378 1271 400 ut
1285 377 1462 408 posteaquam
1479 377 1536 399 tum
1558 371 1670 406 quidem

887 419 937 446 soli
969 427 1019 447 nos
1045 420 1246 446 calamitatibus
1274 418 1376 446 addicti
1404 422 1486 452 atque
1519 417 1670 452 adjudicati

887 465 999 496 fuimus,
1019 473 1093 492 nunc
1111 464 1219 492 tandem
1239 465 1265 492 in
1280 463 1464 491 consentienti
1479 463 1602 497 ipsorum
1617 462 1670 488 im-

888 515 1044 546 peratorum
1072 511 1107 538 de
1137 518 1201 538 vera
1232 510 1335 545 pietate
1349 508 1506 540 concordia,
1528 515 1582 534 non
1609 507 1670 533 sine

887 555 967 584 nobis
987 555 1107 590 regnetis
1122 575 1129 586 ,
1145 555 1192 582 sed
1209 559 1238 582 et
1269 561 1322 582 nos
1338 562 1391 581 una
1417 553 1571 584 vobiscum.
1591 552 1669 586 juxta

886 601 1063 634 apostolicam
1079 608 1184 633 vocem,
1199 607 1359 635 regnemus:
1376 600 1404 626 in
1420 599 1492 626 votis
1509 598 1587 625 nobis
1598 603 1667 630 erat,

886 644 909 672 si
926 644 985 672 ﬁeri
1007 649 1109 679 posset,
1123 649 1153 671 ut
1175 645 1257 671 simul
1276 651 1382 676 omnes,
1406 642 1531 670 ccclesiis
1554 642 1668 674 relictis,

886 697 934 717 seu
950 689 1088 717 desiderio
1103 697 1150 718 seu
1169 690 1229 718 usui
1243 693 1346 721 vestro,
1359 696 1407 723 per
1420 688 1591 723 gratiﬁcandi
1611 695 1670 715 stu-

885 735 961 762 dium
980 735 1211 762 satisfaceremus.
1227 733 1294 766 Quis
1317 734 1390 761 enim
1410 733 1491 760 nobis
1506 732 1562 760 alas
1582 732 1668 759 veluti

885 781 1018 808 columba:
1037 781 1151 811 tribuat,
1175 784 1205 806 ut
1228 779 1385 810 volitemus,
1408 782 1436 805 et
1461 778 1533 813 apud
1556 785 1604 805 vos
1628 785 1670 804 re-

885 825 1077 861 quiescamus‘?
1093 824 1160 852 Cum
1176 832 1240 852 vero
1257 824 1294 854 id.
1309 824 1331 851 si
1351 824 1439 855 ﬁeret,
1457 829 1571 858 prorsus
1583 823 1669 849 eccle-

884 871 939 898 sias
956 871 1084 903 nudaret,
1097 878 1157 905 qua:
1172 878 1258 904 nuper
1273 869 1397 897 renovari
1410 873 1566 903 cceperunt,
1582 872 1610 894 et
1626 875 1669 894 res

885 917 942 944 haec
962 917 1056 943 multis
1070 916 1184 943 omnino
1212 915 1390 950 impossibilis
1410 914 1467 940 sit:
1487 913 1669 940 convenimus

885 970 1003 997 namque
1012 961 1278 996 Constantinopolim
1290 960 1390 988 litteris
1404 959 1536 994 proximis
1545 958 1669 991 adducti,

884 1015 953 1041 quas
981 1007 1135 1034 reverentia
1154 1011 1243 1033 vestra
1274 1009 1336 1040 post
1353 1004 1486 1040 synodum
1511 1003 1670 1037 Aquileien-

883 1060 951 1086 sem,
970 1053 1003 1079 ad
1027 1053 1075 1080 Dei
1090 1051 1309 1079 amantissimum
1333 1050 1526 1085 imperatorem
1544 1048 1670 1075 Theodo-

883 1099 953 1127 sium
967 1098 1051 1130 dedit,
1065 1098 1097 1125 ad
1107 1098 1191 1124 solam
1205 1095 1558 1128 hanc,Constantinopolim
1569 1102 1669 1128 usque,

883 1145 1079 1180 profectionem
1094 1142 1232 1175 instructi,
1242 1141 1322 1176 252
1338 1145 1366 1168 et
1380 1141 1413 1168 de
1433 1148 1487 1168 una
1504 1141 1553 1166 hac
1564 1139 1668 1175 synodo

883 1190 918 1217 ab
942 1190 983 1217 eis
1008 1189 1056 1223 qui
1088 1188 1115 1215 in
1136 1187 1287 1222 provinciis
1317 1193 1491 1221 permansere
1519 1184 1667 1219 episcopis,

883 1235 1068 1263 assensionem
1086 1238 1225 1268 acceptam
1241 1233 1381 1259 habentes.
1392 1231 1428 1257 De
1439 1231 1560 1265 longiore
1575 1234 1668 1256 autem

882 1280 1052 1316 profectione
1066 1286 1155 1313 neque
1175 1277 1366 1306 necessitatem
1389 1277 1507 1310 aliquam
1525 1279 1668 1310 exspecta-

882 1327 972 1355 vimus
990 1335 997 1353 :
1015 1333 1103 1360 neque
1115 1324 1264 1359 quidquam
1280 1323 1393 1350 omnino
1409 1321 1485 1356 prius
1500 1320 1667 1353 audivimus,

883 1380 964 1408 quam
973 1369 1214 1404 Constantinopoli
1228 1368 1417 1396 convenimus.
1432 1367 1472 1394 Ad
1492 1367 1559 1397 bzec,
1576 1373 1607 1393 ca
1624 1370 1668 1393 est

882 1417 1025 1445 constituti
1039 1416 1172 1451 temporis
1185 1414 1323 1448 angustia,
1338 1416 1369 1441 ut
1391 1420 1480 1448 neque
1495 1411 1528 1438 ad
1542 1411 1594 1438 iter
1607 1411 1668 1438 lon-

883 1465 944 1499 gius
960 1471 1010 1490 nos
1027 1462 1178 1490 instruendi
1190 1461 1309 1496 spatium
1326 1459 1491 1487 habeamus:
1509 1465 1598 1492 neque
1609 1464 1668 1484 om-

884 1518 933 1540 nes
950 1510 976 1539 in
995 1508 1145 1546 provinciis
1163 1505 1365 1534 communionis
1388 1508 1486 1532 nostra:
1510 1503 1666 1537 episcopos,

883 1558 918 1586 de
933 1557 1104 1592 profectione
1124 1553 1169 1580 tali
1184 1553 1316 1580 certiores
1339 1551 1445 1583 facere,
1460 1553 1487 1576 et
1501 1554 1665 1576 consensqu

882 1610 977 1631 eorum
988 1602 1113 1636 accipere
1127 1599 1273 1635 possimus.
1289 1596 1357 1626 Cum
1371 1596 1438 1629 haec,
1456 1599 1484 1623 et
1501 1595 1585 1622 multa
1596 1601 1664 1629 pra:-

882 1655 954 1677 terea
968 1646 1188 1680 alia,adventum
1204 1644 1385 1679 complurium
1401 1639 1663 1677 impedirentzquod

881 1697 1016 1731 reliquum
1031 1700 1100 1727 erat,
1114 1694 1194 1722 simul
1207 1697 1236 1720 et
1250 1692 1283 1718 ad
1303 1699 1347 1719 res
1362 1692 1506 1726 plerasque
1525 1689 1664 1724 corrigen-

881 1742 942 1775 dos,
956 1745 984 1770 et
1000 1744 1122 1768 nostram
1141 1746 1205 1773 erga
1220 1745 1268 1764 vos
1282 1737 1444 1764 cliaritatem
1461 1735 1664 1768 declarandam,

880 1787 1034 1816 faciendum
1051 1786 1190 1815 duximus.
1211 1789 1239 1811 ut
1257 1783 1502 1811 reverendissimos
1518 1788 1599 1817 atque
1614 1782 1665 1808 lio-

880 1832 1017 1861 norandos
1031 1831 1148 1858 maxime
1163 1830 1262 1856 fratres
1286 1833 1314 1856 et
1333 1829 1452 1863 collegas
1477 1832 1598 1859 nostros,
1614 1827 1666 1861 Cy-

880 1879 997 1911 riacum,
1012 1876 1171 1908 Eusebium,
1192 1879 1219 1902 et
1237 1874 1419 1904 Priscianum.
1435 1874 1592 1907 episcopos,
1611 1880 1665 1907 quo

879 1928 931 1954 viae
941 1926 1061 1952 laborem
1078 1923 1193 1950 Romam
1210 1928 1297 1956 usque
1314 1920 1452 1948 alacribus
1467 1920 1591 1947 subirent
1607 1920 1666 1946 ani-

880 1971 941 2002 mis,
957 1975 1136 1997 exoraremus
1155 1976 1162 1994 :
1182 1974 1231 2002 per
1246 1973 1316 2000 quos
1328 1966 1495 1992 voluntatem
1513 1969 1541 1992 et
1553 1968 1665 1991 senten-

881 2018 945 2045 tiam
975 2021 1095 2042 nostram
1120 2013 1261 2049 paciﬁcam
1277 2019 1348 2043 esse,
1364 2015 1392 2038 et
1416 2010 1525 2038 unionis
1548 2011 1664 2045 conjun-

879 2061 1032 2095 ctisnisque
1061 2058 1205 2086 consilium
1253 2063 1281 2084 ct
1328 2057 1409 2083 ﬁnem
1440 2057 1492 2083 sibi
1523 2056 1663 2091 proposita

879 2107 992 2138 habere,
1012 2105 1196 2133 ostendimus:
1213 2104 1394 2138 ardoremque
1403 2103 1483 2131 simul
1493 2111 1542 2138 pro
1553 2103 1664 2131 saniore

880 2154 932 2180 ﬁde
943 2157 1078 2183 nostrum,
1089 2150 1234 2178 manifesto
1248 2149 1432 2177 declaramus.
1442 2149 1496 2177 Nos
1510 2149 1596 2183 enim,
1607 2149 1664 2177 sive

880 2197 1098 2233 persecutiones,
1123 2203 1172 2223 seu
1192 2195 1366 2227 aﬁlictiones,
1381 2195 1440 2222 sive
1467 2195 1663 2230 imperatorum

879 2245 978 2275 minas,
993 2250 1041 2270 seu
1054 2243 1261 2277 magistratuum
1276 2242 1467 2270 crudelitatem
1477 2262 1484 2274 ,
1500 2241 1558 2269 sive
1578 2242 1662 2270 etiam

878 2291 958 2318 aliam
975 2289 1131 2324 quampiam
1149 2289 1327 2316 tentationcm
1347 2292 1374 2315 et
1389 2288 1539 2322 periculum
1552 2287 1588 2314 ab
1607 2288 1663 2315 ha:-

879 2337 971 2365 reticis
987 2337 1180 2366 sustinuimus,
1193 2344 1241 2370 pro
1252 2335 1408 2370 evangelica
1419 2335 1471 2361 ﬁde
1486 2334 1581 2361 Nicaeae
1589 2336 1662 2370 apud

876 2384 1007 2418 Bithynos
1024 2391 1039 2410 a
1065 2382 1197 2410 trecentis
1215 2383 1308 2408 decem
1321 2384 1348 2408 ct
1375 2384 1438 2407 octo
1459 2380 1586 2407 l’atribus
1600 2387 1664 2406 cou-

878 2430 994 2462 ﬁrmata,
1015 2428 1148 2464 quidquid
1166 2428 1191 2454 id
1220 2427 1281 2459 fuit,
1295 2426 1469 2461 pertulimus.
1490 2425 1553 2451 Eam
1587 2425 1660 2452 enim

875 2477 903 2500 et
917 2473 1005 2503 nobis.
1022 2478 1050 2499 et
1065 2472 1155 2504 vobis,
1168 2471 1285 2506 aliisque
1299 2470 1367 2497 adeo
1386 2469 1515 2497 omnibus
1527 2469 1573 2503 qui
1590 2477 1660 2496 vera:

876 2519 938 2546 ﬁdei
952 2518 1064 2545 verbum
1081 2525 1135 2544 non
1147 2522 1307 2552 pervertunt
1320 2537 1326 2550 ,
1344 2516 1514 2550 complacere
1528 2520 1636 2550 oportet
1652 2522 1660 2541 :

876 2565 977 2600 quippe
991 2572 1052 2598 quze
1064 2563 1254 2597 antiquissima
1278 2567 1306 2590 et
1327 2562 1462 2597 baptismo
1477 2565 1660 2588 consentanea

875 2611 920 2643 sit,
934 2611 1047 2638 credere
1067 2617 1117 2636 nos
1134 2609 1236 2636 docens
1255 2609 1281 2635 in
1298 2616 1397 2636 nomen
1418 2607 1505 2636 Patris
1520 2613 1546 2634 et
1557 2607 1617 2634 Filii
1632 2611 1661 2634 et

876 2655 996 2691 Spiritus
1020 2654 1119 2686 sancti,
1142 2653 1271 2680 videlicet
1287 2658 1317 2680 ut
1340 2653 1468 2680 divinitas
1485 2658 1513 2680 ct
1540 2656 1662 2688 potestas

877 2710 929 2728 una
953 2701 1041 2728 Patris
1056 2704 1085 2727 et
1107 2699 1169 2727 Filii
1191 2704 1218 2726 et
1233 2699 1354 2733 Spiritus
1369 2699 1466 2731 sancti,
1487 2703 1515 2726 et
1536 2698 1661 2734 ejusdem

877 2747 990 2774 honoris
1012 2745 1144 2780 dignitas,
1173 2750 1199 2772 et
1218 2749 1384 2772 coaeternum
1402 2752 1516 2779 regnum
1533 2745 1558 2772 in
1574 2744 1661 2772 tribus

876 2792 1003 2828 perfectis
1011 2790 1207 2824 subsistentiis,
1222 2791 1279 2817 sive
1291 2790 1378 2816 tribus
1388 2790 1517 2824 perfectis
1527 2790 1662 2825 personis,

876 2839 1001 2867 crelatur
1019 2845 1026 2864 τ
1046 2839 1081 2864 ita
1107 2842 1135 2864 ut
1163 2845 1250 2872 neque
1279 2837 1387 2865 Sabellii
1415 2836 1540 2872 contagio
1569 2837 1663 2864 locum
