1906 3043
224 112 276 143 787

840 109 1049 141 NICEPHORI
1069 111 1239 141 CALHSTI

1796 109 1849 141 78‘»

228 175 341 195 vacuam
365 167 571 201 inducerentur,
588 176 641 196 Ποη
660 174 747 202 parva!
762 170 863 193 (ΣΧοτιὲ
876 170 940 193 SUlll
956 170 1010 193 tur-

1064 165 1117 191 én’;
1131 165 1180 200 τῆς
1195 167 1308 194 καθόλου
1323 167 1498 202 Ἐκκλησίας,
1513 167 1562 194 οὐκ
1577 166 1717 202 ἐλάχισται
1731 167 1850 200 ταραχαὶ

227 214 281 240 btc.
313 213 485 248 Quapropter
506 215 654 248 imperator
677 212 848 240 Theodosius
873 212 970 246 exiguo
995 218 1008 237 a

227 259 319 294 priore
347 259 450 294 synodo
478 259 608 293 temporis
636 258 789 290 intervallo,
818 257 1010 292 antesignanos

227 305 377 339 vigentium
397 309 453 332 tum
485 304 629 332 haeresium
658 312 764 331 rursum
791 303 961 333 convocavit,
981 306 1010 329 ut

229 351 364 378 alternum
379 351 491 378 istorum
507 351 584 377 ﬁeret
601 359 608 377 :
625 350 760 380 videlicet.
776 355 806 376 ut
822 349 864 376 vel
881 349 932 383 ipsi
948 348 1009 375 aliis

228 397 384 431 opinionem
410 404 485 422 suam
513 396 722 430 persuaderent,
750 395 793 422 vel
821 395 855 421 ab
885 394 945 421 aliis
974 394 1008 421 ad

227 441 307 469 aliam
338 441 571 475 complectendam
597 440 839 476 persuaderentur,
866 440 900 468 de
926 440 1009 467 rebus

227 495 287 522 qua:
306 487 332 513 in
344 487 532 514 controversia
557 490 649 514 essent
664 494 671 515 :
687 486 714 513 in
735 493 814 513 unam
830 486 1009 520 eamdemque

226 532 388 559 sententiam
412 540 506 560 omnes
523 531 670 560 adductum
694 532 727 559 iri
745 536 835 564 ratus,
860 532 882 558 si
909 532 936 559 in
959 540 1008 567 pu-

226 577 299 605 blico
314 578 452 605 auditorio
468 578 612 612 opiniones
628 577 717 605 dubize
735 585 784 612 per
795 578 1006 612 disputationem

226 623 438 651 discuterentnr.
463 623 530 651 Cum
551 629 642 651 autem
673 620 1009 651 univcrsi‘convenissent

227 669 339 704 (factum
368 669 394 697 id
411 677 443 697 eo
468 677 539 697 anno
552 690 560 702 ,
573 677 627 704 quo
650 669 733 696 ﬁlium
752 669 898 696 Arcadium
918 670 1009 703 Augu-

225 719 296 742 stum
312 714 500 748 renuntiavit).
513 715 655 742 consilium
671 713 706 741 de
725 714 829 749 synodo
846 713 1007 741 celebranda

225 768 286 787 cum
312 760 439 787 Nectario
463 759 768 793 Constantinopolitano
781 759 1006 791 communicavit,

226 805 396 836 cohortatus.
413 809 442 832 ut
453 805 619 839 qnmstiones
633 805 704 832 unde
725 804 842 832 haereses
855 805 1005 836 orirentur,

226 858 332 880 onmes.
345 851 372 878 in
397 850 532 885 publicam
558 849 760 878 deducerentur
781 850 1005 885 disputationem,
1021 837 1044 866 Β

226 903 280 930 quo
302 903 364 923 cum
395 904 446 922 una
471 896 547 923 ﬁeret
562 895 701 927 Ecclesia,
718 899 801 929 atque
826 902 908 921 unum
936 894 1008 921 inter

227 949 323 969 omnes
335 942 511 969 consentiens
524 942 736 969 constitueretur
750 940 857 976 dogma,
874 945 930 967 tum
946 941 1008 967 uni-

226 988 297 1016 versi
326 988 485 1022 religionem
499 1007 507 1020 ,
533 987 570 1015 ita
593 987 631 1014 uti
660 986 748 1017 decet.
767 986 900 1018 colerent,
919 993 1008 1021 neque

226 1034 375 1069 quidquam
405 1033 597 1062 controversiae
624 1033 836 1068 relinqueretur.
863 1031 1008 1058 Nectarins

227 1081 342 1115 plurima
369 1088 462 1108 secum
493 1081 583 1110 animo
612 1080 771 1112 revolvens,
793 1078 1006 1106 Novatianorum

225 1127 384 1161 episcopum
400 1126 524 1161 Agelium
552 1126 690 1158 accersiit,
711 1125 933 1160 ejusdancujns
949 1125 1008 1158 ipse

225 1175 283 1198 erat
313 1172 346 1198 de
372 1171 598 1199 consubstantiali
624 1171 766 1197 sementim
793 1171 883 1197 virtuti
900 1179 906 1196 :
926 1169 1009 1204 248

225 1217 271 1250 qui
288 1217 360 1252 quod
378 1217 457 1244 factis
472 1217 562 1252 potius
580 1216 708 1243 virtutem
734 1216 771 1250 (l)
799 1215 959 1245 declararet,
981 1220 1008 1241 et

225 1271 238 1289 a
269 1263 412 1290 verborum
441 1262 615 1297 nugamentis
636 1268 665 1289 et
689 1262 758 1289 l‘astn
774 1262 879 1289 alienus
895 1269 1008 1296 prorsus

225 1315 306 1343 esset,
333 1310 415 1336 alium
442 1310 529 1336 vicem
560 1316 636 1336 suam
662 1309 694 1335 ad
720 1308 921 1342 dispiciendum
941 1307 1006 1342 quid

226 1354 297 1382 facto
311 1362 380 1389 opus
392 1360 474 1386 esset,
495 1359 576 1388 atque
600 1354 681 1380 etiam
706 1354 737 1385 (si
752 1353 804 1380 hoc
824 1361 890 1381 usus
915 1353 1007 1386 ferret)

226 1399 256 1425 ad
269 1399 475 1434 disputandum,
492 1398 653 1432 designavit,
676 1397 806 1425 Sisinium
822 1398 941 1429 nomine,
960 1398 1008 1432 qui

227 1449 281 1469 tum
297 1444 325 1470 in
353 1443 484 1470 lectorum
510 1443 606 1470 ordine
632 1442 773 1475 enitebat;
800 1447 827 1469 et
853 1442 930 1469 brevi
947 1446 1009 1477 post

227 1489 416 1523 episcopatum
433 1489 493 1524 ejus
508 1488 628 1523 suscepit
645 1497 650 1514 :
667 1488 805 1515 hominem
820 1488 853 1515 ad
867 1488 1007 1515 invenien—
1021 1502 1044 1532 α

228 1535 291 1560 dum
316 1541 446 1568 perquam
469 1534 653 1568 ingeniosum,
668 1538 695 1561 et
708 1533 740 1560 ad
761 1533 787 1560 id
801 1533 873 1568 quod
889 1534 1010 1561 invenis-

229 1583 279 1611 set,
294 1579 478 1615 eloquendum
493 1580 569 1607 valde
587 1579 759 1606 commodum
779 1587 786 1606 :
805 1587 855 1606 nec
874 1579 963 1606 minus
976 1579 1009 1606 ad

230 1633 344 1652 arcanos
361 1630 388 1652 et
402 1626 518 1653 latentes
535 1633 618 1653 sacrm
640 1625 789 1659 Scriptura:
806 1632 903 1652 sensus
918 1625 1010 1659 inqui-

230 1672 355 1706 rendum,
373 1680 475 1707 eosque
492 1672 602 1707 copiose
615 1672 690 1699 suavi
704 1672 796 1706 lingua
808 1671 1009 1706 exponendum,

231 1725 294 1745 sane
312 1726 392 1753 quam
416 1719 555 1750 idoneum,
581 1726 700 1746 necnon
727 1718 848 1754 profana:
876 1719 958 1745 simul
985 1722 1012 1745 et

232 1770 313 1790 saera:
342 1763 519 1798 philosophiae
534 1764 642 1799 egregie
667 1765 797 1799 peritum.
818 1764 853 1795 ls,
871 1763 944 1799 quod
970 1771 1013 1790 re-

231 1818 244 1836 c
258 1810 351 1838 issinte
367 1815 424 1838 tum
440 1811 532 1838 dicere
548 1810 623 1838 visus
647 1815 705 1843 est,
724 1818 820 1838 suasor
836 1810 896 1843 fuit,
912 1819 946 1838 ne
960 1818 1013 1845 qua

231 1864 291 1883 eum
304 1856 344 1884 eis
356 1858 402 1892 qui
415 1857 494 1884 aliter
504 1856 694 1891 opinarentur,
711 1856 897 1890 susciperetur
912 1856 1011 1891 dispu-

232 1904 308 1934 tatio,
326 1908 355 1930 ut
366 1911 425 1938 qum
449 1903 529 1930 aliam
543 1910 576 1930 ex
597 1902 648 1929 alia
663 1903 748 1930 rixam
764 1906 792 1929 et
806 1902 1012 1930 contentionem

232 1957 328 1984 parcre
342 1949 442 1976 soleret
457 1957 463 1975 :
483 1948 529 1975 sed
545 1952 575 1975 ut
598 1947 636 1974 illi
658 1948 902 1982 interrogarentur,
920 1954 953 1974 an
967 1954 1014 1973 eos

232 2003 371 2023 sacrorum
389 1995 564 2022 oraculorum
585 1994 749 2028 interpretes
759 2015 765 2026 ,
779 1995 824 2028 qui
837 1993 913 2028 prius
928 1992 1013 2020 exsti-

235 2041 327 2073 terint,
344 2048 422 2074 quam
438 2040 571 2066 dissensio
589 2039 615 2066 in
628 2039 752 2066 ecclesiis
766 2043 826 2066 orta
841 2038 894 2070 sit,
914 2038 1014 2065 admit-

235 2091 333 2112 tcrent.
349 2086 387 2112 Ar
410 2085 546 2119 siquidem
567 2086 718 2111 sententias
732 2084 841 2110 illorum
859 2084 1014 2118 rejicerent,

234 2137 290 2157 tum
320 2132 376 2158 fore
392 2131 470 2163 dixit,
485 2135 515 2158 ut
532 2138 579 2157 eos
597 2130 678 2157 etiam
701 2129 826 2156 factionis
848 2137 903 2156 suae
931 2136 1016 2163 popu—

233 2178 305 2204 lares
323 2177 432 2212 cjiciant
447 2186 453 2204 :
479 2177 521 2204 sin
538 2183 601 2203 vero
627 2175 740 2202 idoneos
760 2175 821 2202 illos
843 2175 875 2202 ad
893 2175 1016 2202 declara-
1032 2165 1054 2192 D

234 2225 335 2250 tionem
357 2232 406 2251 scu
427 2223 592 2250 decisionem
616 2222 865 2249 controversiarum
892 2230 951 2250 csse
967 2230 1016 2257 pu-

235 2275 332 2302 tarent,
352 2270 443 2297 statim
472 2269 581 2296 illorum
605 2267 692 2294 libros
715 2267 742 2294 in
767 2269 885 2295 medium
899 2268 1016 2303 proferri

234 2319 346 2345 debere.
372 2317 460 2351 Atque
487 2316 539 2342 hoc
561 2316 600 2342 sic
626 2315 722 2347 suasit,
745 2315 816 2350 quod
830 2320 905 2342 certo
921 2314 1016 2346 sciret.

233 2369 343 2391 veteres
365 2370 427 2390 cum
453 2362 480 2388 in
506 2360 607 2387 divinis
628 2360 727 2388 litteris
752 2365 916 2388 coaeternum
944 2359 1017 2386 Patri

234 2411 331 2437 l-‘ilium
359 2408 536 2440 invenerint,
565 2407 775 2442 haudquaquam
817 2405 896 2432 initio
925 2405 1016 2439 aliquo

233 2455 438 2488 generationem
455 2454 515 2488 ejus
538 2453 672 2488 incepisse
684 2472 692 2485 ,
711 2452 804 2478 dicere
819 2459 901 2478 ausos
920 2451 1014 2478 fuisse.

233 2502 268 2529 l't
284 2506 375 2528 autem
397 2505 425 2527 et
443 2499 569 2528 Nectario
586 2504 610 2526 et
636 2497 793 2532 imperatori
807 2496 940 2531 optimum
965 2497 1018 2523 hoc

234 2547 379 2575 consilium
406 2554 467 2574 esse
491 2547 581 2573 visum
614 2549 668 2574 est.
692 2543 819 2570 omnibus
845 2543 890 2578 qni
911 2543 1018 2570 evocati

233 2594 342 2620 fuerant
359 2594 470 2622 coactis.
487 2598 652 2626 cognoscere
678 2590 795 2624 primum
810 2611 816 2621 ,
834 2589 898 2624 quid
918 2589 951 2616 de
972 2597 1017 2615 \‘e-

235 2643 325 2665 lerunt
341 2639 449 2672 scriptis
465 2637 503 2664 illi
520 2635 665 2668 sentirent,
681 2636 805 2662 tentavit.
816 2635 905 2668 Atque
921 2633 966 2660 ubi
980 2633 1017 2660 illi

234 2686 353 2712 olamore
369 2689 396 2710 et
411 2683 592 2711 admiratione
604 2689 680 2709 suam
695 2689 758 2716 erga
771 2680 832 2707 illos
844 2679 1016 2707 allectioncm

233 2738 261 2759 τι
287 2731 414 2766 pietatem
440 2730 610 2761 indicarunt.
632 2733 725 2763 aperte
754 2725 961 2762 pronuntiavit:
994 2727 1016 2753 si

1061 211 1167 243 τούτοις
1189 213 1358 247 συνέὸησαν·
1377 210 1407 239 οὗ
1428 212 1508 248 χάριν
1525 213 1538 238 ὁ
1560 212 1688 247 βασιλεὺς
1709 211 1852 242 Θεοδόσιος

1060 257 1150 291 ὀλίγον
1168 257 1301 285 διαλιπὼν
1316 259 1366 293 τῆς
1384 259 1521 294 προτέρας
1538 258 1660 290 συνόδου,
1678 259 1744 289 τοὺς
1760 259 1850 292 ἀρχη-

1060 303 1125 335 γοὺς
1143 303 1196 329 τῶν
1213 303 1395 338 ἀκμαξουσῶν
1410 303 1559 336 τηνικαῦτα
1577 303 1712 332 αἱρέσεων
1732 309 1850 335 μετεκα-

1060 348 1134 374 λεῖτο
1148 346 1236 380 αὖθις,
1253 349 1297 376 ἕνα
1312 349 1425 382 θάτερον
1442 350 1552 384 γένηται
1565 357 1573 364 ·
1589 349 1637 376 καὶ
1652 348 1667 383 ἢ
1685 349 1818 374 πείσωσιν
1833 346 1848 380 ῆ

1061 392 1210 419 πεισθῶσιν
1232 391 1273 424 οἷς
1295 393 1460 427 διεφέροντο.
1483 394 1613 428 Οῑόμενος
1632 396 1687 428 γὰρ
1708 391 1744 427 ἦν
1766 393 1850 420 scuto

1061 439 1188 473 φρόνημα
1205 440 1288 465 πᾶσιν
1303 439 1429 471 ἐνθεῖναι,
1444 439 1478 465 τὰ
1491 439 1543 465 τῶν
1558 440 1640 471 δοξῶν
1654 439 1795 474 ἀμφίϐολα
1808 440 1849 469 εἰς

1060 483 1153 518 κοινὴν
1173 485 1304 519 ἀκρόασιν
1324 486 1347 512 εξ
1370 486 1547 520 γυμνάσειεν.
1565 485 1641 512 Ἐπεὶ
1660 485 1688 511 δὲ
1711 485 1848 519 συνῄεσαν

1061 531 1191 563 ἅπαντες,
1214 530 1295 566 ἡνίκα
1317 532 1364 557 καὶ
1384 531 1431 558 τὴν
1454 531 1511 557 υἱὶν
1527 531 1668 565 Ἀρκάδων
1691 530 1848 563 Αὔγουστον

1061 575 1222 610 ἀνηγόρευε,
1239 576 1278 611 τῷ
1293 576 1341 608 τῆς
1357 576 1559 603 Κωνσταντίνου
1575 576 1719 611 Nan/.mpqu
1736 577 1846 602 ἐκοινω-

1060 621 1138 647 νοῦτο
1155 622 1218 656 περὶ
1234 622 1284 655 τῆς
1300 622 1485 656 γενησομένης
1504 622 1614 648 σινέόον
1625 630 1632 638 ·
1651 622 1801 656 παρηγγύα
1816 629 1845 647 τε

1059 666 1109 692 ὅσα
1126 666 1177 692 τῶν
1193 667 1359 702 ζητημάτων
1375 668 1422 699 τὰς
1438 668 1558 699 αἱρέσεις
1574 667 1680 699 ἐποίει,
1696 668 1737 698 είς
1755 667 1847 701 κοινὴν

1060 712 1222 746 προκεῖσθαι
1238 713 1355 745 διάλεξιν
1369 721 1375 728 ·
1392 713 1430 744 ὡς
1445 713 1477 740 ἂν
1490 713 1638 748 Ἐκκλησία
1657 713 1706 748 μία
1723 714 1829 747 γένοιτο
1839 733 1848 744 ,

1059 759 1103 785 καὶ
1127 758 1156 786 ἓν
1180 758 1270 793 δόγμα
1295 759 1440 793 σύμφωνον
1466 759 1552 785 ἅπασι
1578 758 1733 792 κατασταίη
1748 767 1756 774 ·
1781 758 1848 784 καθὸ

1059 803 1222 838 θρησκεύειν
1241 805 1345 835 πάντας
1371 805 1515 838 προσήκει,
1539 803 1575 838 μή
1596 812 1620 829 τι
1642 803 1704 837 ἔχον
1724 804 1849 838 ἀμφήρι-

1060 857 1132 875 στον.
1146 850 1261 876 Πλεῖστα
1274 849 1302 876 δὲ
1318 849 1457 885 μεριμνῶν
1470 849 1633 884 Νεκτάριος,
1642 849 1771 883 ’Λγέλιον
1784 858 1849 883 μετ-

1058 896 1198 922 εστέλλετο
1218 896 1265 922 τὸν
1285 896 1336 929 τῆς
1357 896 1537 922 Νιυατιανῶν
1559 895 1691 930 αἱρέσεως
1714 896 1850 930 προϊστά-

1060 948 1153 976 μενον·
1165 941 1214 975 τῆς
1225 939 1280 974 γὰρ
1292 939 1375 973 αὐτῆς
1387 939 1465 974 δόξης
1477 939 1575 974 ἐκείνῳ
1585 940 1654 966 κατὰ
1663 940 1694 965 τὸ
1703 940 1849 974 ὀμοοὺσιον

1058 984 1109 1022 ἦν’
1133 987 1147 1012 ὁ
1166 986 1194 1012 δέ
1214 987 1271 1016 τοῖς
1291 985 1380 1020 ἔργοις
1402 985 1503 1018 μᾶλλον
1522 987 1573 1020 τὴν
1593 985 1696 1020 ἀρετὴν
1718 985 1849 1012 ἐπιδεδει-

1059 1031 1159 1065 γμένος
1172 1039 1180 1047 ·
1201 1031 1234 1065 τῇ
1253 1031 1281 1056 δὲ
1298 1030 1428 1065 τερθρεέᾳ
1445 1031 1499 1055 τῶν
1516 1030 1604 1063 λόγων
1622 1030 1668 1056 καὶ
1686 1031 1729 1064 τῷ
1745 1030 1849 1065 ταύτης

1059 1077 1156 1113 κομψῷ
1178 1079 1353 1105 παντάπασιν
1369 1078 1485 1113 ἁτριΰὴς
1508 1077 1562 1111 ὢν,
1580 1079 1675 1112 ἕτερον
1694 1078 1752 1104 ἀντ’
1766 1077 1849 1104 αὖτοῦ

1059 1123 1105 1150 τοῦ
1122 1124 1251 1158 ποιητέου
1268 1122 1487 1157 προσεϐάλλετο,
1505 1121 1562 1155 εἴγε
1579 1121 1661 1156 χρεία
1678 1120 1788 1154 γένοιτο
1802 1121 1850 1147 καὶ

1059 1171 1099 1201 εἰς
1114 1169 1230 1203 ἅμιλλαν
1245 1169 1414 1202 καταστῆναι
1429 1167 1533 1201 λόγων,
1551 1167 1667 1193 Σισῐνιον
1682 1166 1788 1201 ὄνομα,
1802 1175 1850 1201 τη-

1059 1216 1173 1242 νικαῦτα
1195 1215 1233 1251 τῷ
1253 1215 1306 1242 τῶν
1327 1214 1509 1248 ἀναγνωστῶν
1531 1213 1628 1248 βαθμῷ
1648 1213 1848 1248 διαπρέποντα,

1059 1260 1088 1292 ὃς
1103 1261 1172 1295 μετὰ
1187 1260 1285 1295 μικρδν
1299 1261 1346 1286 καὶ
1357 1260 1405 1294 τὴν
1419 1259 1501 1286 αὐτοῦ
1516 1259 1658 1293 ἐπετράπη
1672 1258 1830 1292 ἐπισκοπὴν
1841 1266 1849 1274 '

1059 1308 1154 1341 νοῆσαι
1170 1307 1219 1341 μὲν
1231 1306 1333 1340 δεξιὸν,
1347 1305 1450 1341 φράσαι
1463 1305 1491 1332 δὲ
1504 1305 1535 1331 τὸ
1549 1305 1644 1339 νοηθὲν
1658 1304 1734 1338 μάλα
1746 1304 1848 1330 δεινόν·

1059 1353 1212 1388 ἐπιτήδειον
1228 1352 1256 1379 δὲ
1275 1353 1363 1383 ἄλλως
1380 1352 1429 1386 τῆς
1452 1352 1528 1385 ἱερᾶς
1549 1351 1661 1386 Γραφῆς
1683 1350 1852 1383 άναδιιρῆσαι

1059 1397 1089 1423 es
1107 1396 1197 1430 βάθος,
1213 1397 1260 1423 καὶ
1275 1396 1386 1430 λαμυρᾷ
1402 1395 1513 1430 γλώσσῃ
1531 1394 1763 1430 ὲπεξηγήσασθαι,
1781 1395 1852 1428 ἴδριν

1059 1451 1090 1468 τε
1109 1443 1163 1469 τῶν
1185 1442 1249 1477 παρ’
1263 1443 1376 1478 Ἕλλησι
1399 1444 1446 1469 καὶ
1464 1443 1519 1475 τῶν
1539 1442 1682 1477 παρ’ήμϊν
1702 1442 1853 1475 φιλοσοφη-

1062 1487 1167 1514 σάντων
1179 1497 1187 1504 ·
1203 1488 1231 1520 ὃς
1247 1488 1278 1523 δὴ
1294 1489 1349 1515 τότ’
1362 1489 1460 1522 ἄριστα
1475 1488 1566 1522 λέγειν
1581 1488 1678 1519 δοκῶν,
1697 1488 1853 1522 σὺμὸουλος

1060 1532 1094 1569 ἦν
1107 1555 1114 1567 ,
1129 1534 1167 1567 ὥς
1182 1544 1210 1561 τε
1226 1535 1275 1567 τὰς
1293 1535 1343 1569 μὲν
1359 1534 1413 1561 τῶν
1429 1534 1517 1566 ἄλλως
1533 1534 1700 1566 δοξαζόντων
1717 1534 1854 1566 διαλέξεις

1061 1581 1194 1614 ἐκκλῖναι,
1211 1581 1257 1608 ate
1273 1581 1305 1616 δὴ
1322 1581 1412 1615 μάχην
1427 1580 1474 1606 καὶ
1489 1580 1547 1615 ἔριν
1561 1581 1659 1615 γεννᾷν
1676 1580 1773 1611 ἱκανάς
1785 1587 1793 1594 ·
1810 1580 1855 1610 εἰς

1062 1627 1195 1663 ἐρώτησιν
1212 1635 1244 1661 γε
1265 1628 1319 1662 μὴν
1337 1627 1423 1652 ἐλθεῖν
1436 1646 1443 1657 ,
1466 1627 1490 1652 εί
1509 1627 1570 1656 τοὺς
1587 1625 1642 1652 τῶν
1661 1626 1744 1660 ἱερῶν
1761 1626 1855 1659 λόγων

1062 1674 1234 1710 καθηγητὰς,
1250 1674 1274 1701 οἳ
1291 1674 1355 1708 πρὶν
1368 1673 1383 1707 ἢ
1399 1672 1448 1708 τὴν
1462 1673 1603 1699 διάστασιν
1616 1673 1676 1703 ταῖς
1691 1671 1855 1706 ἐκκλησίαις

1061 1723 1205 1757 γεννῆσαι,
1224 1721 1397 1756 ¹προσίενται.
1420 1720 1479 1746 Κᾶν
1500 1720 1554 1754 ἄρα
1573 1720 1622 1750 τὰς
1642 1719 1756 1746 ἐκείνων
1773 1719 1856 1751 δόξας

1063 1767 1237 1799 ἀπώσωνται,
1257 1767 1366 1797 πάντως
1383 1765 1430 1792 καὶ
1448 1765 1500 1791 ὑπὸ
1517 1765 1571 1791 τῶν
1588 1764 1622 1791 τὰ
1640 1765 1758 1800 σφέτερα
1776 1765 1857 1797 δοξα-

1064 1813 1164 1845 ζόντων
1186 1812 1395 1847 ἐξελαθήσονται
1409 1820 1415 1826 ·
1434 1812 1458 1838 εἱ
1478 1812 1505 1837 δὲ
1525 1812 1564 1843 είς
1586 1809 1722 1843 ἀπόδειξιν
1744 1811 1858 1842 ἱκανοὺς

1064 1856 1134 1885 εῖναι
1159 1858 1213 1884 τῶν
1239 1858 1451 1894 παρισταμένων
1476 1857 1648 1890 λογίσονται,
1675 1857 1778 1883 αὐτίκα
1803 1857 1857 1886 τὰς

1064 1905 1176 1931 ἐκείνων
1194 1903 1302 1938 βίὸλους
1323 1903 1368 1930 ἐπὶ
1390 1903 1473 1937 μέσου
1495 1903 1702 1938 προσενεγκεῖν.
1716 1902 1858 1936 Ἀκριϐὦς

1064 1951 1119 1985 γὰρ
1135 1950 1270 1985 ἠπίστατο
1284 1950 1320 1981 ὡς
1335 1950 1360 1975 οί
1375 1949 1483 1975 παλαιοὶ
1501 1949 1635 1975 σνναῖδιον
1651 1948 1689 1984 τῷ
1705 1949 1794 1983 Πατρὶ
1808 1949 1858 1974 τὸν

1066 1997 1129 2023 Υἱὺν
1153 1996 1300 2031 εὑρηκότες
1321 1997 1381 2026 ταῖς
1402 1995 1490 2026 Θείαις
1512 1995 1652 2029 Γραφαῐς,
1674 1995 1803 2029 οὐδαμῶς
1827 1995 1858 2027 ἐξ

1065 2042 1153 2078 ἂρχῆς
1175 2050 1246 2073 τινος
1265 2042 1315 2076 τὴν
1335 2041 1462 2075 γέννησιν
1483 2040 1554 2075 ἔχειν
1577 2041 1665 2067 εἰπεῖν
1685 2041 1855 2075 ἐτόλμησαν.

1071 2089 1116 2121 Ὦς
1135 2089 1163 2115 δὲ
1185 2088 1231 2115 καὶ
1253 2087 1397 2121 Νεκταρίῳ
1418 2087 1464 2113 καὶ
1486 2086 1591 2121 βασιλεῖ
1610 2086 1709 2120 ἀρίστη
1731 2087 1748 2121 ἡ
1771 2086 1857 2121 βουλὴ

1069 2136 1220 2166 συνεδόκει,
1239 2132 1400 2168 συναγαγὼν
1418 2133 1557 2165 ἅπαντας,
1575 2132 1706 2166 ἐπειρᾶτο
1722 2132 1856 2166 διαγινώ-

1069 2188 1156 2212 σκειν,
1174 2179 1232 2210 πῶς
1252 2187 1316 2204 ποτε
1340 2178 1452 2212 γνώμης
1470 2178 1563 2212 ἔχουσι
1584 2178 1649 2212 περὶ
1666 2178 1715 2208 τὰς
1732 2178 1788 2203 τῶν
1806 2185 1859 2203 1::-

1068 2227 1216 2261 λαιοτέρων
1237 2225 1356 2260 γραφάς.
1382 2225 1443 2250 Τῶν
1466 2224 1494 2250 δέ
1519 2224 1566 2259 βοῇ
1590 2224 1638 2250 καὶ
1660 2216 1784 2258 θαῦματι
1806 2225 1859 2257 τὴν

1070 2271 1134 2306 περὶ
1155 2271 1274 2301 ἐκείνους
1296 2270 1481 2305 μη-θυοτάνιςιιιν¹
1497 2271 1628 2305 σιοργὴν,
1652 2271 1692 2299 είς
1714 2267 1859 2303 προῦπτον

1069 2317 1175 2351 ἐδήλου,
1195 2317 1233 2347 ὡς
1253 2317 1278 2342 εἰ
1301 2315 1437 2350 μάρτυρες
1460 2315 1533 2342 οὗτοι
1554 2315 1600 2342 τοῦ
1622 2316 1758 2350 δόγματος
1781 2317 1859 2349 ἀξιό-

1070 2371 1152 2397 χρεῳ,
1169 2363 1222 2397 ἄρα
1236 2370 1267 2396 γε
1285 2362 1331 2388 καλ⁴
1344 2363 1395 2393 τὰς
1411 2361 1453 2396 ἐφ’
1467 2362 1574 2396 ἑκάστῳ
1587 2361 1717 2396 ζητήσεις
1735 2362 1861 2387 παύσου-

1069 2415 1121 2439 σιν,
1135 2407 1161 2433 εῐ
1174 2415 1206 2440 γε
1224 2406 1374 2441 στέρξειαν,
1390 2406 1427 2437 ὡς
1441 2406 1484 2441 ἄρ’
1497 2405 1611 2437 ἐκείνοις
1625 2406 1737 2437 δοξάσαι
1753 2407 1802 2432 καὶ
1817 2408 1859 2433 εί-

1069 2454 1131 2479 πείν
1148 2453 1213 2488 περὶ
1227 2452 1327 2478 τούτων
1341 2451 1460 2485 ἐγένετο.
1481 2451 1555 2477 Ἐπεὶ
1570 2451 1599 2477 δὲ
1614 2453 1660 2478 καὶ
1675 2452 1740 2486 περὶ
1754 2452 1858 2478 τούτων

1067 2498 1093 2524 οἱ
1109 2498 1165 2523 τῶν
1181 2498 1312 2532 αἱρέσεων
1329 2497 1445 2532 ἀρχηγοὶ
1464 2496 1525 2531 διχῆ
1546 2497 1675 2532 διῄρηντο
1691 2497 1740 2531 (οὐ
1758 2498 1792 2524 τὶ
1811 2499 1859 2523 ῐσςι

1069 2545 1122 2580 γὰρ
1138 2546 1205 2571 πᾶσι
1222 2545 1285 2579 περὶ
1299 2546 1347 2575 τὶς
1361 2545 1415 2569 τῶν
1433 2542 1619 2577 παλαιοτέρων
1635 2543 1713 2574 δόξας
1730 2543 1836 2577 ἐδόκει)
1848 2563 1858 2575 ,

1071 2591 1233 2617 καθ’ἐαυτὺν
1244 2591 1386 2624 γενόμενος
1398 2591 1411 2615 ὀ
1423 2589 1540 2624 κρατῶν,
1554 2588 1667 2621 συνῆκεν
1678 2588 1715 2620 ὡς
1726 2589 1770 2615 διὰ
1780 2588 1860 2615 τοῖτο

1071 2637 1100 2662 τὸ
1119 2637 1250 2671 προτεθὲν
1271 2636 1457 2668 ειποσείονται,
1477 2634 1523 2660 at;
1542 2634 1574 2668 δὴ
1593 2635 1648 2664 τοῖς
1667 2634 1780 2665 οἰκ;ίοι;
1797 2634 1859 2660 διι-

1070 2682 1159 2715 λόγοις
1171 2682 1380 2716 τεθαρρηκότες.
1395 2682 1448 2707 Καὶ
1461 2680 1527 2715 δῆτα
1539 2680 1578 2714 τῷ
1589 2680 1638 2714 τῆς
1651 2679 1765 2715 γνώμης
1777 2680 1860 2714 ἀχθε-

1072 2727 1145 2759 σθεὶς
1165 2728 1311 2762 ἀνωμάλῳ,
1331 2727 1476 2754 ἐκέλευσεν
1495 2726 1614 2760 ἑκάστην
1634 2726 1743 2760 αἰρεσιν
1764 2727 1858 2760 γραιςῇ

268 2789 305 2821 (t)
320 2786 374 2822 Τὴν
389 2788 486 2823 ἀρετὴν
501 2787 546 2815 τοῦ
565 2788 622 2823 βίον
648 2786 691 2814 διὰ
717 2786 772 2812 τῶν
806 2784 895 2820 ἔργων
928 2784 1028 2820 φέρων*
1048 2786 1218 2823 κομψότητος
1241 2786 1268 2813 δὲ
1291 2787 1338 2814 καὶ
1375 2784 1517 2821 τερθρείας
1544 2783 1632 2818 λόγων
1659 2783 1783 2819 ὰτριϐἠς.
1807 2784 1862 2810 So-

233 2830 303 2850 1.0m.
