1906 3043
66 129 117 159 78Ί

551 132 846 162 ECCLESIASTICxE
866 131 1058 162 HlSTORl/E
1080 132 1152 162 ΗΒ.
1176 133 1244 162 ΧΗ.

1637 127 1688 158 791)

66 186 114 216 τὴν
127 186 234 212 οἰκείαν
250 186 472 221 ὲγχσράττουσαν
486 186 574 221 δόξαν,
591 189 752 224 ἐγχειρίζειν
767 188 850 223 αὐτῷ.

912 194 987 216 ,estes
1008 189 1045 216 illi
1060 189 1195 224 dogmatis
1213 187 1322 215 classici
1344 192 1371 214 et
1390 186 1479 213 idonei
1495 188 1596 213 essent.
1610 183 1688 210 facile.

71 231 144 262 Ὠςδ¹
159 228 230 266 ἧκεν
241 232 332 267 ἡμέρα
348 233 409 259 καθ’
422 233 455 268 ἣν
467 233 568 268 ὥριστο
582 235 679 264 ταῦτα,
693 237 724 261 ὲκ
742 235 791 269 μὲν
800 235 856 261 τῶν

66 277 213 310 ὀμοοὺπιον
229 277 396 309 δοξαζόντων
412 279 514 313 Τριάδα
534 279 624 314 παρῆν
641 280 794 314 Νεκτάριος
809 281 857 306 καὶ

73 322 207 355 Ἆγέλιος,
227 323 283 348 τῶν
307 323 336 349 δὲ
356 323 406 357 τῆς
433 324 566 359 αἱρέσεως
589 325 696 360 ’Δρείου
720 334 858 361 παρασπι-

69 366 172 392 ξόντων
190 368 357 401 Δημόφιλος,
376 369 509 403 Εὖνόμιος
522 370 551 396 δὲ
576 370 657 402 αὐτὸς
672 371 743 406 ὑπὲρ
759 372 808 405 τῆς
820 371 858 397 ol-

68 412 145 442 κεῐας
172 413 254 446 δόξης
274 413 382 448 παρῆνο
407 414 543 446 Ἐλεύσιος
560 415 587 441 δὲ
607 417 621 442 ὁ
645 416 764 448 Κυζίκου
788 417 857 451 ὑπὲρ

68 457 121 482 τῶν
133 458 314 492 καλουμένων
337 460 556 487 Μακεδονιανῶν.
580 461 674 492 Πὰσας
688 462 716 487 δὲ
738 462 788 492 τὰς
803 463 857 488 τῶν

69 503 205 537 αἱρέσεων
222 504 344 530 ἐπελθὼν
357 505 436 537 δόξας
450 506 464 532 ὁ
487 505 625 540 βασιλεὺς,
641 508 724 541 μόνην
748 508 858 543 ἔκρινεν

70 548 157 582 ἁληοῆ
174 548 223 574 καὶ
247 549 291 575 διὰ
308 549 445 583 θαύματος
459 549 538 585 ἦγεν,
553 552 570 586 ἡ
584 551 614 588 δὴ
632 553 737 587 Τριάδα
759 554 858 588 ὁμοσύ-

70 601 128 618 σιον
162 595 323 628 εἰσηγεῖτο’
351 597 400 627 τὰς
413 596 441 622 δὲ
463 597 560 628 λοιπὰς
582 598 731 634 διερῤήγνυ
758 600 795 631 ὼς
824 601 857 634 τῇ

70 638 187 673 ἀληθείᾳ
200 640 416 675 διαμαχομένας.
429 643 460 668 Οί
473 643 523 677 μὲν
541 641 588 670 οὖν
603 644 653 679 τὴν
676 645 801 672 Ναυάτου
817 653 860 671 νο-

72 684 187 716 σοῦντες
199 686 308 718 αἰρεσιν
322 687 427 722 οὐδαμῆ
441 688 535 720 κακῶς
555 689 700 724 ἔπραττον,
715 690 762 716 ἆτε
778 690 809 725 δὴ
825 691 857 726 τῇ

71 729 190 756 καθόλου
211 731 369 767 Ἧκκλησίςι,
388 732 458 767 πλὴν
482 733 550 765 ἐνὸς,
567 734 600 761 τὰ
624 735 668 761 [ea
686 735 857 769 φρονοῦντες,

71 775 173 809 καὶτῷ
192 776 330 812 ὀμοουσίῳ
346 777 420 811 μάλα
439 779 650 814 προσκείμενοι·
669 781 696 806 αἱ
712 780 740 807 δὲ
764 781 858 807 λοιπαὶ

71 820 124 847 τῶν
142 821 290 855 αἱρέσεων,
314 825 408 855 κακῶς
429 825 498 860 πρὸς
519 825 582 856 τοὺς
603 827 751 861 σφετέρους
774 827 857 862 ἱερεῖς

72 867 264 900 ὲχαλὲπαινςν,
278 869 325 895 ἅτε
341 869 372 904 δὴ
387 870 499 904 ἀμαθῶς
514 872 553 906 τῷ
572 872 719 907 κρατοῦντι
733 873 855 908 διομιλη-

72 911 189 944 σάμενοι
203 919 211 927 ·
225 909 264 938 ὧν
278 913 302 938 oi
318 915 440 940 πλεῖστοι
456 917 501 941 καὶ
520 916 570 947 τὰς
582 917 695 943 ἐκείνων
708 917 787 949 δόξας
799 917 857 944 δια-

72 955 248 988 πτύσαντες,
270 958 338 991 πρὸς
368 959 418 994 τὴν
440 960 632 987 ἐπαινεθεῖσαν
667 956 857 997 μετεῤῥύησαν

72 1001 176 1028 πίστιν.
190 1002 323 1035 Βασιλεὺς
336 1005 360 1031 δ’
376 1006 502 1032 ἐντεῦθεν
525 1007 607 1042 νόμον
624 1007 718 1039 ἐτῖθει,
735 1009 858 1040 καὶτοὺς

73 1047 110 1081 μὴ
133 1048 175 1082 τῷ
193 1049 334 1085 όμοουσῖῳ
355 1051 531 1086 στοιχοῦντας
557 1054 667 1080 ἐκέλευε
700 1055 762 1090 μηδ’
791 1056 859 1088 ὅλως

56 1093 286 1128 .ἑκκλησιάζειν·
305 1097 372 1124 ἀλλὰ
387 1099 454 1133 μηδὲ
472 1100 536 1134 περὶ
563 1101 681 1132 πίστεως
700 1102 748 1128 τοῦ
763 1102 858 1128 λοιποῦ

71 1142 177 1176 τολμᾷν
193 1141 334 1168 διδάσκειν
345 1151 352 1158 ·
369 1143 437 1169 ἀλλὰ
456 1145 523 1178 μηδὲ
539 1145 589 1180 τὴν
608 1146 668 1173 οταν
683 1147 714 1183 δή
729 1156 790 1174 τινα
804 1157 862 1182 χει-

74 1188 200 1222 ροτονίαν
227 1188 334 1216 ποιεῐντ
366 1189 558 1221 ἐξελαύνεσθαι
586 1191 613 1218 δὲ
643 1193 705 1224 τοὺς
738 1194 787 1228 μὲν
811 1195 859 1220 καὶ

72 1232 167 1267 ἀγρῶν
177 1233 226 1259 καὶ
243 1234 347 1260 πόλεων
357 1242 363 1250 ·
380 1235 495 1270 ἀτίμους
509 1237 532 1263 δ’
551 1237 648 1270 ἄλλους
659 1236 741 1271 εἶναι,
758 1240 806 1266 καὶ
822 1239 860 1275 μὴ

71 1280 120 1313 τῆς
137 1279 203 1314 ἴσης
223 1280 362 1312 πολιτείας
379 1282 504 1316 μετέχειν
518 1284 575 1314 τοῖς
601 1284 704 1316 ἄλλοις.
719 1285 861 1320 Προσεπέ-

71 1332 165 1359 ama-ps
182 1325 213 1350 δὲ
226 1325 283 1357 τοῖς
296 1325 389 1360 νόμοις
417 1328 464 1354 καὶ
486 1329 622 1364 τιμωρίας
642 1330 771 1365 σφοδρὰς.
796 1332 822 1358 εί
834 1340 860 1358 τι

73 1372 152 1407 γνοίη
180 1373 258 1408 παρὰ
286 1374 317 1400 τὺ
338 1374 521 1410 νομοθετηοὲν
547 1376 698 1412 δρώμενον.
722 1377 793 1404 Ἀλλ’
810 1378 861 1404 οὒκ

73 1417 186 1452 ἐπεξῄει
199 1425 206 1432 ·
222 1419 251 1449 ἐς
264 1418 324 1450 δέος
339 1420 393 1455 γὰρ
405 1421 470 1452 τοὺς
491 1422 663 1454 σπουδαστὰς
680 1424 794 1450 ἐκείνων
810 1425 860 1459 ἑμ-

73 1463 186 1491 6ἀλλειν
217 1464 307 1500 ἤθελε.
325 1466 385 1494 Καὶ
409 1467 510 1502 σπουδή
530 1476 573 1499 τις
588 1466 622 1503 ἦν
645 1469 695 1504 τὴν
718 1470 766 1496 ὑπ’
787 1470 861 1505 αὐτῷ

73 1511 235 1545 ἀρχομένην
260 1512 425 1546 ὁμοφρονεῖν
451 1513 527 1549 αὐτῷ
553 1516 616 1548 περὶ
643 1516 693 1551 τὴν
715 1516 762 1542 τοῦ
788 1516 861 1543 θείου

74 1557 165 1589 δόξαν.
185 1558 270 1584 ’Ὅθεν
288 1559 335 1585 καὶ
351 1555 523 1594 διὰ’πολλῆς
537 1558 589 1595 ἦγε
604 1562 699 1596 τιμῆς,
711 1562 758 1594 οὒς
779 1572 864 1598 μετα-

74 1603 238 1638 τιθεμένους
254 1603 284 1635 ὲξ
296 1605 429 1640 αἱρέσεων
444 1606 614 1640 διεγίνωσκε.
628 1607 684 1642 Τῆς
699 1608 727 1635 δὲ
751 1610 863 1636 συνόδου

75 1648 179 1683 ταύτης
193 1651 437 1686 συγκροτουμένης
452 1652 483 1678 ὲκ
498 1652 626 1687 δευτέρου
639 1654 671 1688 τῇ
688 1655 865 1681 Κωνσταντί-

75 1703 132 1726 νου,
147 1696 186 1726 ὡς
216 1695 345 1730 εἴρηται,
366 1696 507 1724 Θεοδοσίου
534 1698 709 1733 κρατοῦντος,
740 1697 809 1736 ἧκεν
835 1701 865 1732 ἐξ

81 1739 222 1773 Ἐτπέρας
238 1741 344 1772 τούτοις
356 1742 485 1776 ἐπιστολή
496 1749 503 1757 ·
520 1742 591 1769 (bne
608 1743 676 1778 πρὸς
687 1744 736 1779 τὴν
755 1744 865 1780 Ῥώμην

75 1787 122 1813 καὶ
135 1786 240 1817 αὐτοὺς
257 1788 405 1820 ἀφικέσθαι
422 1788 531 1816 συνόδου
550 1790 684 1825 μεγίστης
702 1791 783 1818 κάκεῖ
800 1800 866 1824 κρο-

74 1834 223 1868 τονμέιιης,
241 1834 289 1859 καὶ
305 1834 346 1860 ἵνα
360 1835 407 1861 καὶ
428 1835 462 1861 τὰ
477 1835 538 1862 κατ’
555 1837 724 1871 Ἀντιόχειαν
738 1838 864 1872 Παυλίνῳ

74 1880 122 1906 καὶ
134 1880 284 1915 Φλαδιανῷ
311 1882 447 1915 γενόμενα
475 1883 618 1917 διαγνοῖεν.
642 1883 724 1910 Ἀλλὰ
740 1885 790 1919 τὴν
815 1885 865 1920 μὲν

74 1925 146 1959 πρὸς
161 1925 274 1959 Ῥώμην
290 1926 458 1961 ἀποδημίαν,
475 1927 513 1960 ὡς
528 1929 644 1963 ἁκερδῆ,
657 1929 682 1955 οί
697 1929 725 1956 ἐν
740 1931 773 1965 τῇ
789 1931 866 1957 Κων-

75 1971 220 1998 σταντίνου
249 1972 442 2007 ἀθροισθέντες
480 1974 623 2001 ἐπίσκοποι
650 1977 864 2011 παρῃτήσαντο·

74 2018 239 2044 ἐπέστελλον
252 2019 280 2044 δὲ
296 2021 341 2044 καὶ
355 2019 439 2052 οὗτοι,
453 2020 500 2046 τόν
514 2020 536 2046 τ’
549 2021 735 2058 ὲπεγερθέντα
752 2024 785 2058 τῇ
805 2023 866 2049 Ἐκ-

74 2064 181 2099 κλησῗᾳ
207 2063 339 2098 μέγιστον
360 2064 484 2091 κλύδωνα
509 2065 564 2092 τῶν
591 2067 725 2102 αἱρέσεων
745 2068 866 2102 διαγγέλ-

73 2110 170 2141 λοντες
185 2118 191 2124 ·
211 2110 305 2144 ἠρέμα
328 2110 357 2136 δέ
380 2119 439 2142 πως
456 2111 504 2137 καὶ
528 2112 577 2147 τῆς
599 2113 706 2139 ἐκείνου
733 2114 865 2148 ἀμελείας

74 2155 251 2190 καθήπτοντο
263 2163 269 2170 ·
284 2156 312 2181 ὲν
329 2156 470 2191 κεφαλαίῳ
482 2157 510 2184 δὲ
525 2157 556 2184 τὸ
585 2158 766 2185 ἀποστολικὺν
797 2161 865 2196 φρό-

906 243 954 263 eos
974 235 1152 269 qumstionem
1170 236 1209 261 rei
1221 233 1369 268 cujuslibet
1391 232 1543 259 decisnros.
1559 230 1580 256 si
1594 230 1643 262 ipsi
1662 231 1688 254 in

907 289 940 308 co
956 282 1173 315 acquiescerent,
1190 279 1262 314 quod
1292 279 1330 305 illi
1352 279 1384 305 de
1406 276 1600 305 controversiis
1617 277 1691 309 eius.

908 327 980 354 modi
991 331 1018 354 et
1033 326 1170 353 senserint
1182 329 1209 352 et
1221 325 1348 352 dixerint.
1363 322 1588 357 Quandoquidem
1600 326 1689 347 autem

907 373 989 399 etiam
1012 372 1045 399 de
1074 379 1108 398 eo
1133 371 1278 398 incresiunt
1302 370 1386 397 duces
1410 367 1608 395 dissentiebant
1624 366 1689 400 (non

909 418 1037 445 omnibus
1049 417 1123 445 enim
1142 416 1237 444 eadem
1249 415 1283 443 de
1297 419 1419 442 veterum
1435 411 1612 448 opinionibus
1625 418 1691 437 sen—

910 463 994 491 tentia
1010 464 1091 498 erat),
1109 471 1166 490 rem
1184 469 1276 489 secum
1298 461 1356 496 ipse
1375 459 1547 495 perpendens
1570 457 1691 491 impera-

910 515 953 537 tor
968 509 1102 536 intellexit
1124 513 1267 543 propterea
1291 507 1353 535 illos
1368 506 1534 542 propositam
1554 503 1605 531 sibi
1627 510 1692 530 con-

909 556 1040 582 ditionem
1071 555 1240 590 repudiare,
1267 554 1339 589 quod
1375 550 1607 587 disputationibus
1634 549 1692 575 suis

909 600 1089 628 conﬁderent.
1097 600 1280 634 Quamobrem
1293 599 1414 632 iniquam
1424 596 1587 625 sententiam
1595 601 1691 621 eorum

911 646 1022 673 moleste
1038 646 1139 677 ferens,
1165 645 1288 672 haeresim
1308 651 1447 678 quamque,
1470 641 1606 669 libellum.
1634 640 1695 673 opi-

910 692 1018 718 nionem
1057 691 1189 726 cujusque
1228 690 1477 722 complectentem,
1510 686 1611 712 offerre
1640 684 1692 711 sihi

908 736 998 769 jussit.
1011 735 1093 770 2&9
1109 735 1197 770 Atque
1225 735 1267 761 ubi
1285 734 1344 761 dies
1359 732 1509 761 constituta
1525 730 1647 759 advenit.
1662 736 1694 755 ex

911 781 1174 815 cisqui'l‘rinitatem
1185 780 1337 815 ὁμοούσιον,
1349 776 1619 808 consubstantialem,
1634 783 1698 810 prc—

914 827 1073 858 ﬁtebantur,
1087 826 1232 853 Nectarius
1252 825 1340 856 aﬁuit,
1354 829 1381 852 et
1393 824 1503 858 Agelius
1517 831 1524 849 :
1541 831 1572 850 ex
1589 821 1696 848 Arianis

910 876 1011 902 autem.
1034 871 1210 906 Demophilus
1230 879 1237 898 :
1265 870 1379 898 hmresis
1398 877 1454 897 suae
1472 869 1592 899 nomine.
1606 867 1697 894 Euno-

909 920 1003 946 tnius:
1033 917 1160 945 Eleusius
1179 924 1270 945 autem
1301 917 1461 952 Cyziccnus,
1486 914 1697 942 Macedoniam-

909 973 968 992 rum
984 969 1075 1000 partes
1085 970 1271 998 propugnans.
1293 961 1379 989 Porro
1395 961 1543 995 imperator
1556 957 1696 992 opinioni-

910 1011 961 1038 bus
987 1010 1178 1037 haereticorum
1195 1007 1325 1036 omnibus
1341 1006 1484 1042 perlectis,
1506 1005 1593 1032 solam
1612 1003 1698 1030 admi-

909 1061 986 1083 ratus
997 1061 1050 1087 est.
1067 1060 1095 1083 et
1107 1063 1199 1082 veram
1216 1061 1276 1081 esse
1295 1053 1442 1084 indicavit,
1459 1059 1518 1086 qua:
1533 1049 1696 1077 Trinitatem

910 1102 1063 1136 ὸμοούσιον,
1079 1100 1356 1131 consubstantialem,
1368 1097 1536 1133 depraedicat
1555 1106 1561 1124 :
1577 1097 1698 1130 reliquas

909 1156 976 1176 vero
992 1154 1023 1175 ut
1041 1148 1148 1175 veritati
1172 1151 1365 1182 repugnantes,
1388 1145 1533 1173 conscidit.
1551 1144 1701 1170 Enimvero

910 1195 951 1222 eis
966 1194 1014 1229 qui
1030 1194 1127 1221 Novati
1140 1193 1239 1220 haeresi
1256 1193 1393 1222 laborant,
1417 1191 1485 1218 nihil
1501 1190 1609 1217 adversi
1624 1189 1697 1215 acci-

911 1240 975 1268 dit:
1001 1239 1102 1275 quippe
1114 1239 1161 1274 qui
1185 1239 1316 1266 Ecclesiae
1340 1238 1492 1269 catholicae,
1513 1241 1695 1271 praeterquam

911 1287 937 1313 in
956 1294 984 1313 re
1005 1293 1068 1318 una,
1084 1284 1282 1316 consentirent,
1303 1284 1488 1318 οιόμοουσίῳ,
1518 1281 1699 1308 consubstan-

913 1332 980 1364 tiali,
991 1331 1138 1359 admodum
1151 1330 1319 1357 inhaererent
1339 1328 1462 1362 Reliquae
1473 1331 1563 1354 autem
1579 1326 1701 1352 haereses

911 1379 1029 1413 graviter
1047 1378 1191 1413 episcopos
1210 1383 1275 1404 suos
1302 1382 1431 1410 accepere
1443 1396 1449 1407 ,
1466 1373 1540 1408 quod
1561 1379 1615 1398 non
1630 1372 1698 1397 satis

912 1425 1083 1453 considerate
1098 1431 1161 1451 cum
1175 1423 1340 1457 imperatore
1350 1419 1603 1457 egissent.Plurimi
1615 1419 1698 1445 etiam

912 1478 945 1497 ex
958 1470 1009 1503 eis,
1020 1469 1151 1504 opinione
1163 1469 1272 1496 illorum
1290 1473 1392 1503 spreta,
1410 1467 1443 1494 ad
1464 1466 1629 1494 sententiam
1639 1465 1701 1492 lau-

875 1524 896 1552 ο
913 1517 1002 1543 datam
1019 1514 1161 1543 transiere.
1178 1515 1281 1543 Deinde
1304 1515 1453 1548 imperator
1466 1514 1552 1548 legem
1569 1511 1632 1538 tulit
1648 1510 1698 1545 (Ι),

914 1570 949 1589 ne
963 1570 978 1588 a
988 1561 1234 1589 Consubstantialis
1248 1560 1310 1587 ﬁdei
1321 1560 1492 1595 professione
1508 1558 1701 1587 abhorrentes,

914 1613 1066 1636 conventus
1092 1607 1199 1642 aliquos
1227 1606 1429 1634 ecclesiasticos
1457 1610 1569 1640 agerent
1593 1612 1599 1630 :
1630 1610 1701 1629 neve

915 1659 1010 1688 postea
1031 1654 1066 1681 de
1082 1653 1134 1681 ﬁde
1156 1653 1255 1681 docere
1274 1653 1426 1685 auderent,
1441 1658 1487 1679 aut
1502 1650 1619 1686 eligendi
1638 1657 1704 1676 eou-

914 1700 1095 1735 secrandique
1107 1700 1272 1736 quempiam,
1282 1704 1443 1735 potestatem
1455 1699 1597 1726 haberent.
1608 1697 1704 1725 Saux‘t

914 1751 1058 1781 praeterea,
1085 1752 1115 1774 ut
1135 1747 1174 1774 illi
1188 1747 1285 1781 partim
1308 1754 1340 1773 ex
1358 1746 1431 1781 agris
1448 1750 1475 1772 et
1490 1745 1606 1771 urbibus
1620 1743 1704 1778 pelle-

915 1797 1023 1824 rentur,
1031 1792 1130 1827 partim
1144 1791 1255 1819 infantia
1272 1795 1442 1821 notarentur,
1452 1797 1541 1823 neque
1551 1789 1704 1823 quidquam

915 1847 976 1866 cum
1002 1838 1117 1872 reliquis
1132 1837 1239 1873 civ-ibus
1260 1844 1405 1864 commune
1432 1835 1576 1861 haberent.
1595 1834 1705 1861 Consti-

916 1883 1068 1911 tutionibus
1084 1882 1121 1918 (‘2)
1148 1883 1281 1916 ejusmodi
1307 1889 1401 1916 pmnas
1422 1888 1518 1915 graves
1541 1879 1664 1910 addidit,
1681 1880 1704 1905 si

915 1938 1081 1965 quemquam
1099 1934 1194 1957 contra
1211 1929 1320 1956 decreta
1340 1937 1390 1956 sua
1403 1928 1573 1956 commisisse
1591 1934 1705 1960 compe-

918 1977 1007 2004 risset.
1024 1977 1076 2004 Sed
1092 1984 1139 2003 eas
1162 1975 1331 2003 exsecutioni
1347 1982 1400 2002 non
1418 1973 1576 2001 mandavit:
1594 1977 1698 1999 metqu

916 2023 988 2050 enim
1007 2027 1111 2049 tantum
1124 2021 1269 2049 haaresium
1284 2021 1415 2048 studiosis
1425 2021 1548 2048 incutere
1560 2018 1663 2051 voluit;
1676 2023 1705 2044 et

917 2071 943 2098 id
969 2069 1085 2097 maxime
1109 2069 1201 2096 studio
1225 2068 1332 2100 habuit,
1352 2071 1382 2095 ut
1402 2067 1496 2102 populi
1515 2066 1630 2101 imperio
1645 2065 1705 2100 ejus

917 2115 1180 2151 subjecti.eamdem
1196 2122 1288 2142 secum
1306 2114 1340 2142 de
1356 2114 1411 2141 Deo
1425 2113 1582 2141 obtinerent
1595 2110 1705 2146 cpiuioo

917 2169 990 2188 nem.
1004 2161 1177 2195 Quapropter
1193 2167 1292 2195 magno
1309 2160 1391 2187 etiam
1418 2167 1466 2186 eos
1485 2162 1648 2193 prosccutus
1664 2161 1706 2183 est

74 2211 152 2236 νημα
167 2201 208 2236 τῷ
224 2202 372 2237 γράμματι
396 2203 627 2239 ἔγκατέσπειραν.
644 2205 813 2240 Σαφέστερον
836 2206 858 2232 δὲ

918 2208 1033 2239 honore,
1048 2215 1118 2242 quos
1138 2207 1172 2234 ab
1188 2206 1325 2234 haereticis
1338 2206 1372 2233 ad
1397 2206 1540 2233 ecclesiam
1564 2204 1704 2230 universa-

74 2251 122 2275 τὶν
151 2249 278 2282 ἀνδρεῖον
293 2248 407 2275 ἐκείνων
433 2249 497 2276 νοῦν
513 2250 560 2276 καὶ
576 2249 625 2284 τὴν
641 2250 728 2286 ἀληθῆ
756 2251 863 2285 σοφίαν,

76 2294 147 2321 αὑτά
159 2294 186 2328 γ’
201 2294 292 2320 ἐκεῖνα
303 2294 477 2329 παραστήσει
493 2295 527 2321 τὰ
538 2295 701 2331 γράμματα,
715 2296 777 2322 τάδε
794 2298 865 2324 κατὰ

76 2342 154 2377 ῥῆμα
171 2340 306 2373 διεξιόντα
316 2349 323 2356 ⁶

919 2253 971 2279 lem
985 2252 1125 2279 transiisse
1138 2253 1275 2287 cognovit.
1294 2251 1362 2279 Cum
1375 2251 1496 2287 synodus
1513 2249 1707 2277 Constantino-

920 2299 975 2333 poli
1006 2299 1125 2331 itcrum,
1153 2297 1233 2325 sicuti
1251 2297 1354 2324 dictum
1382 2301 1434 2329 est,
1466 2296 1517 2322 sub
1542 2296 1707 2329 imperatore

922 2344 1076 2371 Theodosio
1090 2348 1228 2378 ageretur,
1238 2351 1270 2370 ex
1287 2342 1434 2370 Occidente
1450 2341 1549 2368 littera:
1562 2345 1705 2370 venerunt,

76 2396 105 2416 ut
120 2390 174 2424 ipsi
192 2397 302 2424 quoque
319 2389 432 2417 Romam
452 2391 484 2417 ad
501 2391 648 2418 concilium
665 2391 701 2418 ibi
720 2391 866 2418 maximum
889 2392 1095 2424 iustitutum,in
1110 2400 1164 2426 quo
1174 2392 1208 2419 de
1234 2392 1315 2419 rebus
1326 2391 1408 2417 etiam
1424 2389 1603 2416 Antiocheuis
1633 2389 1707 2414 inter

74 2437 223 2464 l‘anlinum
238 2442 267 2464 et
280 2437 437 2464 Flavianum
469 2437 653 2469 decideretur,
688 2437 825 2464 venirent.
862 2438 994 2464 Cancrum
1024 2439 1070 2473 qui
1096 2438 1331 2473 Fonstantittopoli
1357 2435 1512 2471 congregati
1546 2440 1625 2462 erant
1646 2435 1705 2469 epi-

75 2484 164 2518 scopi,
181 2483 379 2517 prolct-tionem
398 2483 546 2511 Romanam
560 2489 589 2510 ut
615 2484 815 2510 incommodam
849 2484 1047 2512 detrectarunt.
1088 2485 1237 2519 Epistolam
1265 2490 1355 2511 autent
1384 2483 1563 2517 scripserunt;
1599 2482 1625 2508 in
1652 2489 1706 2515 qua

75 2531 224 2558 e\citalam
243 2529 268 2555 in
289 2530 407 2557 Ecclesia
426 2531 459 2557 ab
485 2531 621 2558 lmreticis
646 2531 792 2565 procellam
832 2531 976 2557 maximam
1010 2537 1211 2565 exposuerunt:
1227 2536 1255 2558 et
1281 2530 1478 2565 aliquantulum
1515 2528 1706 2562 negligentiam

76 2581 103 2603 et
122 2576 262 2603 incuriam
277 2577 385 2604 illorum
420 2577 650 2612 pcrstrinxcrunt,
671 2577 882 2612 summalintque
904 2578 1079 2612 apostolicam
1109 2578 1272 2604 sententiam
1292 2577 1478 2604 inseruerunt.
1498 2574 1580 2610 250
1599 2574 1651 2601 Sed
1670 2574 1707 2599 vi-

76 2625 155 2650 rilcm
183 2631 279 2651 eorum
300 2625 433 2657 animum,
470 2631 619 2659 veramque
638 2623 820 2658 sapientiam.
853 2625 905 2651 ilhc
924 2624 988 2659 ips:c
1018 2625 1115 2652 littera:
1147 2613 1342 2656 declarabant,
1375 2624 1402 2650 iu
1434 2623 1492 2649 haec
1527 2620 1609 2648 verba
1640 2626 1706 2647 cou-

76 2677 163 2707 CCIHﬂ!
182 2680 188 2700 ζ

111 2752 151 2783 (Ι)
167 2751 198 2779 Ι..
215 2751 310 2778 Omnes
327 2752 412 2779 velim
427 2751 456 2778 (Σ.
474 2753 511 2781 De
528 2753 650 2780 luerelic.
665 2758 692 2780 et
709 2752 828 2780 Manielt.

112 2788 152 2822 ('3)
186 2786 217 2814 L.
247 2787 341 2814 Cuncti
364 2789 491 2815 Iucrclici.
523 2797 584 2816 cum
609 2789 653 2815 LI.
681 2789 873 2821 sequentibus.
897 2786 964 2814 liud.
