1906 3043
191 113 242 146 791
263 139 264 142 η

252 197 253 201 η
479 172 591 201 CAPUT
616 172 685 200 XVI.

194 217 316 253 Epistola
329 218 628 258 Constantinopolitanrv
636 218 739 258 synodi,
750 218 784 245 ad
799 217 977 246 Occidentales

454 261 585 287 episcopos
604 258 715 286 scripta.

232 319 240 335 ι
259 309 506 337 Revercndissimis
528 310 657 343 dominis,
674 315 702 338 et
721 312 837 339 rnaxime
853 313 906 346 piis
922 313 978 340 fra-

196 354 284 382 tribus
297 359 380 390 atque
394 355 515 389 collegis,
531 355 657 389 Damaso,
672 357 827 390 Ambrosio,
849 357 976 390 Brittoui,

195 400 348 430 Valeriano.
375 400 515 431 Ascholio,
535 401 660 433 Auentio,
677 406 706 429 et
733 402 847 437 reliquis
873 403 978 430 sanctis

195 444 340 478 episcopis,
357 444 384 471 in
400 453 499 480 magna
523 446 591 473 urbe
609 447 729 473 Romana
748 447 868 480 coactis;
885 453 978 476 sancta

193 489 313 523 synodus
329 490 543 519 orthodexorum
558 497 583 519 et
595 497 668 520 recte
683 493 860 521 sentientium
872 494 980 529 episco-

193 541 291 567 parum
318 534 345 561 in
364 543 460 571 magna
487 537 555 564 urbe
585 537 887 572 Constantinopolitaua
911 546 978 566 con-

193 584 380 614 gregatarum,
396 581 422 608 in
438 582 552 610 Domino
569 583 695 610 salutem.
711 584 843 611 Pietatem
860 588 977 611 vestram

195 631 321 660 tauquam
338 627 459 661 ignaram
475 627 623 661 docere,et
634 636 817 656 mrumnarum
827 629 882 657 vim
899 630 979 657 nobis

192 671 226 698 ab
260 672 612 706 impotenti-dominatione
642 674 807 702 Arianorum
841 675 978 703 illatarum

193 723 419 750 commemorare,
433 719 603 753 superﬂuum
623 719 739 747 fortasse
753 724 805 747 est.
822 720 882 747 Non
904 721 977 748 enim

193 764 398 793 exsistimamus
424 768 553 800 pietatem
577 773 708 800 vestram,
727 776 771 796 res
796 773 904 798 nostras
923 775 977 797 tam

193 810 260 837 nihil
276 810 309 837 ad
329 819 358 838 se
371 812 509 846 pertinere
523 813 658 848 judicare.
675 817 705 839 ut
722 813 755 840 de
770 813 810 840 eis
821 821 977 841 commone-

194 855 320 883 facienda
347 858 392 889 sit,
412 858 438 884 in
460 858 561 892 quibus
583 859 731 886 eondolerc
754 867 812 886 eam
836 860 978 887 nobiseum

193 901 327 934 oportuit.
345 901 439 936 Neque
465 903 533 930 tales
557 909 701 938 suutquas
724 905 888 939 pertulimus
913 910 981 932 tem-

194 951 326 980 pestates,
343 949 469 977 utlatcre
486 951 618 977 tenuitate
634 958 681 978 sua
699 947 850 985 potuerint.
863 951 897 978 Et
911 957 980 979 tern-

194 1000 246 1025 pus
274 995 497 1027 persecutionum
514 997 708 1031 propinquum,
736 1002 872 1025 recenlem
890 998 981 1026 adhuc

195 1040 356 1066 memoriam
380 1046 533 1074 conservat,
559 1049 613 1069 non
637 1043 678 1070 eis
701 1044 865 1078 tantumqui
889 1044 980 1072 amicti

194 1089 271 1117 sunt,
295 1086 342 1113 sed
377 1087 459 1114 etiam
484 1088 531 1123 qui
555 1096 603 1123 per
630 1089 791 1117 charitatem
818 1089 979 1118 afﬂictarum

194 1131 330 1164 miserias,
349 1139 414 1160 suas
442 1134 564 1168 ipsorum
593 1142 730 1162 aerumnas
756 1143 816 1163 esse
841 1141 979 1170 reputant.

195 1176 258 1203 llcri
281 1185 409 1212 namque.
429 1179 642 1213 propemodum,
664 1185 692 1208 et
717 1188 805 1215 nuper
820 1181 979 1213 admodum,

194 1222 240 1249 alii
257 1223 367 1257 quidem
381 1225 470 1252 exsilii
487 1224 604 1253 vinculis
619 1226 712 1258 soluti,
728 1227 760 1253 ad
775 1227 906 1254 ecclesias
917 1235 981 1255 suas

194 1276 242 1302 per
252 1269 414 1297 aillictioucs
425 1271 639 1300 innumerabiles
648 1272 817 1307 postliminio
829 1273 981 1301 redierunt.-

193 1316 377 1348 Quorumdam
404 1321 495 1344 autem
513 1319 538 1344 in
553 1319 650 1346 exsilio
671 1319 862 1346 defunctorum
892 1320 982 1347 relatae

195 1365 260 1387 sunt
292 1361 426 1396 reliquus.
440 1362 556 1395 Quidam
576 1364 659 1390 etiam
683 1369 746 1398 post
767 1364 898 1398 reditum,
917 1373 980 1392 cum

195 1406 224 1433 in
239 1406 390 1434 ferventem
405 1408 499 1435 adhuc
512 1409 704 1436 haereticorum
727 1409 889 1437 incidissent
904 1410 981 1437 furo-

195 1453 424 1485 remLacerbiora
442 1461 553 1488 quoque
577 1454 663 1487 domi,
683 1462 764 1489 quam
786 1455 812 1482 in
827 1455 983 1490 longinquis

784 117 994 148 NICEPBORI
1014 120 1186 152 CALLISTI

1768 123 1822 154 792

1317 177 1444 204 ΚΕΦΑΔ.
1464 178 1522 211 ις’.

1035 222 1201 254 Ἐπιστολὴ
1214 222 1270 255 τῆς
1290 222 1325 248 ἐν
1340 223 1658 249 Κωνσταντινουπόλει
1683 223 1822 250 συνόδου

1083 257 1158 291 πρὸς
1168 257 1239 290 τοὺς
1253 257 1393 289 δυτικοὺς
1405 257 1591 290 ἐπισκόπους
1606 258 1765 292 τραφεῖσα.

1068 323 1078 340 ι
1097 315 1210 346 κυρίοις
1222 314 1399 348 τιμιωτάτοις
1411 314 1458 340 καὶ
1469 313 1677 344 εὑλαδεστάτοις
1689 314 1822 348 ἀδελφοῖς

1028 361 1076 388 καὶ
1092 360 1322 395 συλλειτουργοῖς,
1337 360 1470 394 Δαμάσῳ.
1486 359 1653 394 ’Δμὸροσίῳ,
1669 360 1819 394 Βρίττωνι,

1028 406 1214 441 Οὑαλεριανῷ,
1233 406 1376 440 Ἀσχολίῳ,
1394 406 1524 440 ’Δνεμίῳ,
1542 405 1687 440 Βασιλείῳ,
1700 406 1822 436 καὶτοῖς

1027 452 1133 483 λοιποῖς
1146 452 1236 485 ἁγίοις
1252 452 1414 482 ἐπισκόποις
1427 452 1483 482 τοῖς
1503 451 1714 485 συνεληλυθόσιν
1730 451 1762 476 ὲν
1785 453 1820 486 τῇ

1031 497 1136 532 μεγάλῃ
1159 497 1236 524 πόλει
1257 496 1399 533 Ῥώμῃ,ἠ
1419 497 1486 530 ἁγία
1506 496 1616 527 σύνοδος
1638 497 1694 522 τῶν
1708 495 1822 529 698066-

1030 543 1082 574 ξων
1105 542 1265 569 ἐπισκόπων
1289 542 1344 569 τῶν
1369 541 1591 577 συνεληλυθότων
1610 542 1640 567 ὲν
1656 542 1690 576 τῇ
1713 542 1822 577 μεγάλῃ

1029 589 1106 614 πόλει
1121 587 1411 615 Κωνσταντινουπόλιι
1422 588 1450 613 ἂν
1475 586 1569 621 Κυρίῳ
1583 586 1698 622 χαίρειν.
1714 587 1751 612 Τδ
1769 587 1822 621 μὲν

1028 633 1065 664 ὡς
1083 633 1181 667 ἀγνοοῦ
1187 641 1236 659 σαν
1249 633 1387 659 διδάσκειν
1395 633 1446 667 τὴν
1459 633 1595 667 ὑμετέραν
1602 632 1756 665 εὐλάϐειαν,
1773 632 1822 659 καὶ

1028 678 1182 713 διηγεῖσθαι
1208 678 1263 705 τῶν
1291 678 1465 713 παθημάτων
1487 678 1518 704 τὸ
1542 678 1655 712 πλῆθος,
1672 677 1728 704 τῶν
1749 677 1821 704 ἔτεα-

1029 724 1147 760 χθέντων
1160 725 1226 759 ἡμῖν
1243 725 1318 759 παρὰ
1332 724 1384 758 τῆς
1407 723 1556 758 ’Δρειανῶν
1575 723 1748 754 δυναστείας,
1765 731 1820 749 1::-

1031 769 1121 805 ριττδν
1138 769 1214 801 ἴσως.
1232 769 1302 796 Οὔτε
1315 769 1370 804 γὰρ
1383 769 1455 796 οὕτω
1467 770 1607 803 πάρεργον
1622 769 1656 795 τὰ
1673 769 1824 804 καθ’ήμᾶς

1030 815 1133 850 κρίνειν
1148 815 1198 850 τὴν
1216 815 1352 849 ὑμετέραν
1366 814 1510 850 ἡγούμεθα
1527 814 1693 845 θεοσέϐειαν,
1710 814 1750 845 ὡς
1762 814 1822 840 δει-

1032 861 1093 886 σοαι
1107 860 1154 886 τοῦ
1179 860 1276 895 μαθεῖν
1290 860 1378 886 ταῦτα
1401 856 1440 890 οἷς
1464 859 1550 893 ἐχρῆν
1573 858 1719 892 συναλγεῖν
1732 865 1739 874 ο
1757 857 1823 884 οὒτε

1030 905 1151 932 τοιοῦτοί
1166 913 1240 937 τινες
1256 906 1280 932 οἱ
1311 904 1491 939 περισχόντες
1518 903 1593 938 ἡμᾶς
1618 903 1766 938 χειμῶνες,
1782 903 1823 935 ὡς

1031 950 1175 977 λανθάνειν
1189 950 1241 976 ὑπὸ
1266 949 1451 984 σμικρότητος
1461 957 1468 964 ·
1482 949 1496 975 ὅ
1512 957 1542 974 τε
1558 948 1653 982 χρόνος
1668 947 1724 974 τῶν
1738 948 1824 980 διωγ-

1033 997 1092 1031 μῶν
1107 996 1214 1031 νεαρδς,
1232 995 1345 1022 ἔναυλον
1369 995 1409 1020 ἔτι
1432 994 1577 1028 φυλάττων
1590 993 1640 1028 τὴν
1661 994 1774 1028 μνήμην
1789 993 1822 1020 οὐ

1030 1043 1086 1074 τοῖς
1102 1042 1251 1068 πεπονθόσι
1274 1041 1365 1076 μόνον,
1384 1040 1453 1067 ἀλλὰ
1468 1040 1515 1066 καὶ
1531 1040 1589 1070 τοῖς
1609 1039 1644 1065 δι’
1657 1039 1771 1073 ἀγάπην
1786 1038 1823 1065 τὰ

1031 1089 1086 1115 τῶν
1098 1088 1272 1115 πεπονθότων
1285 1086 1490 1121 οίκειουμένοις,
1508 1085 1579 1116 Χθὲς
1592 1085 1656 1119 γὰρ,
1669 1085 1708 1115 ὡς
1719 1085 1822 1117 εἰπεῖν,
1841 1105 1845 1107 ν

1032 1134 1072 1160 ἔτι
1085 1135 1133 1161 καὶ
1150 1135 1246 1169 πρώην
1261 1134 1287 1159 ot
1305 1132 1355 1167 μὲν
1367 1132 1421 1159 τῶν
1435 1132 1486 1166 τῆς
1503 1131 1609 1165 ἑξορίας
1623 1130 1750 1161 λυθέντες
1762 1130 1824 1157 δεσ-

1034 1181 1092 1216 μῶν
1106 1181 1145 1212 είς
1159 1179 1207 1211 τὰς
1226 1179 1333 1206 ἑαυτῶν
1361 1178 1510 1214 ἐκκλησίας
1525 1177 1570 1204 διὰ
1587 1177 1692 1212 μυρίων
1714 1177 1820 1212 ἐπανή-

1033 1235 1098 1254 κασι
1126 1226 1262 1261 θλίψεων·
1277 1225 1332 1252 τῶν
1359 1225 1388 1252 δὲ
1405 1225 1453 1251 καὶ
1483 1223 1687 1251 τελειωθέντων
1707 1223 1738 1250 ἐν
1761 1224 1823 1254 ταῖς

1032 1272 1151 1307 ὲξορίαις
1163 1270 1370 1305 ὲπανεκομίσθη
1381 1271 1414 1297 τὰ
1427 1270 1550 1304 λείψανα.
1564 1270 1642 1300 Τινὲς
1651 1269 1679 1296 δὲ
1690 1269 1737 1296 καὶ.
1753 1268 1824 1303 μετὰ

1032 1318 1082 1353 τὴν
1097 1318 1146 1352 τῆς
1171 1317 1279 1352 ὲξορίας
1306 1317 1445 1348 ἐπάνοδον,
1473 1316 1513 1343 ἔτι
1541 1315 1690 1351 βράσσοντι
1713 1315 1754 1349 τῷ
1768 1314 1825 1340 τῶν

1034 1363 1182 1398 αίρετικῶν
1209 1364 1407 1399 περιπεσόντες
1421 1362 1511 1397 θυμῷ,
1529 1363 1682 1397 πικρότερα
1705 1361 1761 1387 τῶν
1777 1362 1826 1388 ἐπὶ

1033 1408 1084 1443 τῆς
1099 1408 1255 1441 ἀλλοτρίας,
1274 1408 1321 1434 ἐπὶ
1337 1408 1385 1442 τῆς
1413 1407 1517 1438 οἰκείας
1545 1406 1706 1441 ὑπέμειναν,
1731 1404 1826 1435 λίθους

1035 1454 1101 1489 παρ’
1117 1455 1206 1480 αὐτῶν
1233 1454 1424 1485 τελειωθέντες
1440 1453 1521 1488 κατὰ⁸
1543 1453 1589 1478 τὸν
1603 1452 1744 1487 μακάριον
1762 1450 1829 1477 Στέ-

195 1504 223 1525 ct
240 1498 336 1525 alienis
347 1500 438 1532 terris,
456 1499 525 1526 mala
547 1500 683 1534 pertulere
698 1508 705 1526 :
723 1501 859 1535 lapidibus
880 1501 914 1528 ad
934 1509 982 1529 ne-

1041 1509 1120 1535 pavov
1133 1509 1140 1517 '
1163 1501 1239 1528 ἄλλοι
1256 1501 1396 1536 διαφόροις
1415 1499 1630 1532 καταξανθέντες
1648 1498 1765 1529 αἰκίαις,
1784 1497 1827 1523 ἑτι

197 1552 256 1571 cem
282 1552 380 1579 usque,
406 1545 486 1572 sicuti
505 1546 601 1574 beatus
626 1546 793 1581 Stephanus,
812 1547 914 1576 obruti.
931 1548 983 1575 Alii

196 1590 281 1617 variis
296 1591 398 1618 concisi
411 1591 574 1618 verberibus
586 1597 610 1618 et
623 1592 723 1627 ﬂagris,
732 1593 856 1627 stigmata
865 1598 893 1621 et
906 1599 985 1622 notas

197 1636 289 1663 adhuc
301 1635 402 1664 Christi
427 1641 455 1664 et
473 1637 580 1664 vibices
593 1637 621 1664 in
642 1645 757 1672 corpore
771 1646 821 1665 suo
840 1639 986 1671 circumfe-

197 1687 273 1708 runt.
287 1683 470 1709 Pecuniarum
491 1690 558 1710 vero
574 1683 684 1714 multas,
703 1688 731 1711 et
742 1685 921 1712 exeussiones
937 1692 984 1711 ur-

197 1727 286 1758 bium.
300 1733 328 1755 et
341 1728 510 1762 privatorum
530 1727 663 1755 bouorutn
683 1728 902 1763 publicationes.
920 1729 986 1756 insi-

197 1774 258 1801 dias
283 1777 410 1807 struclas,
441 1775 630 1808 contumelias,
661 1779 688 1802 et
711 1775 832 1808 vincula,
859 1775 984 1810 quisnam

198 1827 360 1848 enumerare
385 1821 487 1855 queat?
509 1821 614 1848 Revera
635 1821 760 1856 profecto
774 1821 801 1848 in
819 1821 901 1849 nobis
917 1820 986 1848 allii-

197 1867 302 1894 ctiones
317 1867 504 1902 multiplicatae
518 1873 583 1895 sunt
602 1875 686 1903 supra
702 1859 986 1900 nitmerumJortasse

198 1914 240 1941 vel
266 1915 338 1949 quod
366 1919 540 1949 peccatorum
566 1922 661 1949 poenas
676 1914 859 1949 persOlvimus
877 1922 883 1941 :
904 1914 984 1949 25],

197 1960 240 1988 vel
256 1960 328 1995 quod
343 1960 477 1995 benignus
488 1960 559 1987 Deus
572 1967 621 1996 pro
636 1967 685 1988 suo
694 1961 727 1987 ~in
746 1960 871 1988 homines
883 1968 984 1992 amore,

199 2016 247 2042 per
278 2012 379 2036 tantam
399 2008 453 2034 vim
480 2011 507 2034 et
537 1998 903 2035 multitudinem‘Inalorum
936 2015 986 2034 nos

197 2055 334 2082 exercuit.
352 2053 413 2086 Quo
428 2054 540 2081 nomine
557 2054 612 2081 Deo
623 2054 728 2088 agimus
744 2054 855 2089 gratias,
876 2054 922 2088 qui
938 2061 986 2088 per

198 2105 239 2128 tot
262 2105 290 2128 et
307 2105 398 2127 tantas
413 2099 575 2127 alliictioues
596 2107 689 2126 servos
709 2107 774 2127 suos
787 2099 944 2134 castigarit,
959 2103 986 2126 et

199 2147 352 2174 secundum
366 2146 569 2173 multitudinem
585 2145 791 2173 miserationum
808 2153 918 2173 suarum
935 2153 986 2172 nos

1035 1547 1070 1574 τὰ
1089 1548 1230 1582 στίγματα
1242 1546 1290 1573 τοῦ
1304 1545 1424 1581 Χριστοῦ
1438 1545 1562 1575 κοντοὺς
1579 1544 1719 1579 μώλωπας
1742 1544 1773 1569 ἐν
1787 1542 1828 1577 τῷ

1038 1593 1146 1628 σώματι
1159 1592 1352 1628 περιφέρουσι.
1367 1592 1527 1628 Χρημάτων
1543 1592 1571 1618 δὲ
1581 1591 1682 1625 ζημίας
1699 1590 1749 1617 καὶ
1759 1597 1828 1624 προ-

1035 1639 1164 1675 τιμήσεις
1181 1639 1297 1672 πόλεων,
1316 1639 1363 1666 καὶ
1383 1639 1434 1670 τὰς
1454 1639 1509 1664 τῶν
1530 1637 1593 1665 καθ’
1608 1637 1656 1664 ἕνα
1677 1636 1830 1671 δημεύσεις

1037 1684 1084 1710 καὶ
1101 1683 1250 1715 συσκευάς,
1266 1683 1315 1710 καὶ
1340 1681 1436 1717 ὔὸρεις
1453 1683 1501 1710 καὶ
1515 1681 1701 1716 δεσμωτήρια,
1718 1679 1763 1711 τίς
1792 1679 1831 1706 ἄν

1037 1730 1278 1766 ἐξαριθμήσασθαι
1291 1730 1418 1761 δύναιτο;
1438 1729 1544 1759 Ὄντως
1567 1728 1610 1761 ἐφ’
1627 1728 1701 1762 ἡμᾶς
1716 1727 1745 1753 ai
1768 1726 1830 1754 θλί-

1038 1776 1098 1811 ψεις
1111 1775 1320 1810 ὲπληθύνθησαν
1336 1775 1405 1810 ὑπὲρ
1419 1774 1554 1809 ἀριθμόν·
1571 1773 1636 1804 ἴσως
1657 1771 1717 1806 μὲν.
1732 1771 1830 1806 ἐπειδὴ

1038 1819 1116 1850 δίκας
1130 1819 1340 1854 ἁμαρτημάτων
1354 1819 1480 1852 ὲτίνομεν
1490 1825 1498 1832 ·
1515 1817 1580 1848 ἴσως
1594 1816 1634 1849 δὲ,
1654 1816 1702 1842 καλ⁵
1718 1814 1768 1842 τοῦ
1781 1823 1831 1849 φι-

1037 1865 1198 1899 λανθρώπου
1215 1865 1283 1891 Θεοῦ
1299 1865 1345 1892 διὰ
1367 1865 1414 1891 τοῦ
1431 1863 1554 1899 πλήθους
1576 1862 1632 1889 τῶν
1654 1861 1832 1897 παθημάτων

1036 1912 1111 1947 ἡμᾶς
1132 1911 1329 1946 γυμνάζοντος.
1346 1909 1522 1945 Τούτωνκμὲν
1537 1906 1583 1936 οὗν
1606 1907 1645 1943 τῷ
1660 1906 1722 1940 Θεῷ
1733 1907 1830 1942 χάρις,

1037 1958 1066 1990 ὃς
1079 1958 1126 1984 καὶ
1140 1958 1185 1984 διὰ
1199 1958 1334 1984 τοσούτων
1349 1957 1413 1988 τοὺς
1431 1955 1532 1982 ἑαυτοῦ
1546 1955 1657 1985 δούλους
1668 1953 1830 1984 ἐπαίδευσε,

1039 2005 1084 2032 καὶ
1098 2004 1170 2031 κατὰ
1184 2004 1214 2030 τὸ
1229 2003 1330 2037 πλῆθος
1342 2002 1396 2029 τῶν
1410 2001 1562 2036 οἰκτιρμῶν
1572 2000 1654 2027 αὑτοῦ
1669 1998 1752 2026 πάλιν
1766 1999 1832 2033 ἐξή-

1038 2059 1124 2085 γαγεν
1143 2051 1218 2086 ἡμᾶς
1240 2051 1279 2081 είς
1297 2048 1459 2084 ἀναψυχήνυ
1476 2049 1542 2083 ἡμῖν
1567 2047 1607 2077 δὲ,
1634 2046 1746 2080 μακρᾶς
1778 2045 1833 2080 μὲν

1038 2098 1093 2124 ἔδει
1108 2097 1206 2132 σχολῆς
1220 2096 1268 2123 καὶ
1281 2095 1382 2122 πολλοῦ
1398 2095 1497 2130 χρόνου
1509 2094 1578 2129 πρὸς
1589 2093 1637 2131 τῂν
1652 2092 1708 2119 τῶν
1725 2092 1832 2125 ἐκκλη-

1039 2144 1105 2171 σιῶν
1123 2143 1322 2178 ἐπανόρθωσιν,
1340 2142 1373 2167 ἶν’
1391 2141 1486 2176 ὥσπερ
1502 2141 1534 2167 ὲκ
1548 2139 1658 2175 μακρᾶς
1669 2138 1831 2173 ἀρρωστίας

198 2200 309 2220 rursum
333 2192 462 2220 eduxerit
484 2192 511 2219 in
527 2191 710 2227 refrigerium.
727 2191 813 2219 Nobis
830 2199 894 2218 vero
924 2191 982 2218 diu-

1041 2191 1099 2222 ταῖς
1112 2189 1183 2217 κατὰ
1196 2190 1294 2224 μικρὸν
1310 2187 1482 2222 ἐπιμελείαις
1496 2187 1526 2213 τὸ
1549 2186 1629 2220 σῶμα
1647 2184 1698 2219 τῆς
1712 2183 1834 2217 Ἐκκλη-

200 2244 281 2266 ιιιιηο
294 2247 364 2274 opus
376 2244 449 2266 esset
471 2239 538 2270 otio.
557 2243 586 2266 et
600 2243 722 2273 tempore
736 2238 833 2270 multo,
849 2238 882 2265 ad
899 2238 987 2265 eccle-

198 2286 301 2313 siarum
330 2286 542 2318 restitutionem,
567 2289 594 2312 ut
611 2285 725 2320 perinde
748 2290 829 2319 atque
853 2292 886 2312 ex
907 2284 986 2319 longa

197 2332 372 2367 aegritudine,
390 2332 521 2367 paulatim
545 2331 640 2360 sedula
658 2339 724 2358 cura
741 2330 869 2358 Ecclesia:
888 2337 988 2364 corpus

199 2379 408 2411 conlirmantes,
422 2379 455 2406 ad
475 2379 619 2413 pristinam
638 2377 824 2405 valetudinem
840 2381 867 2403 et
886 2377 988 2404 sanita-

201 2432 254 2454 lem
275 2427 482 2454 reduceremus.
500 2425 662 2460 Quanquam
684 2424 758 2451 enim
777 2423 893 2450 maxime
909 2431 924 2450 a
939 2431 987 2451 ve-

199 2474 322 2501 hementi
341 2473 439 2508 injuria
459 2472 682 2507 persecutionum
703 2470 829 2498 videmur
845 2478 906 2498 esse
918 2471 989 2499 libe-

201 2520 264 2552 rati,
277 2525 303 2547 et
317 2519 449 2547 ecclesias
458 2518 563 2545 diutius
575 2517 609 2544 ab
623 2516 892 2544 ltaareticisdetentas
903 2524 989 2551 nuper

200 2566 426 2599 recupernvimus
443 2573 451 2591 :
468 2571 564 2599 graves
585 2567 674 2590 tamen
692 2562 783 2590 adhuc
804 2563 883 2590 nobis
897 2563 988 2589 intuti-

201 2615 269 2637 ncnt
282 2611 349 2645 lupi,
365 2611 411 2646 qui
429 2610 510 2637 etiam
526 2617 559 2636 ex
582 2609 700 2637 ovilibus
718 2609 837 2643 depulsi,
868 2609 894 2634 in
913 2608 990 2635 silvis

201 2663 229 2684 et
247 2657 362 2684 saltibus
374 2665 468 2692 greges
485 2656 634 2692 diripiunt,
652 2660 806 2684 conventus
819 2660 914 2682 contra
927 2656 989 2687 {nos

201 2708 313 2737 ruerint,
330 2703 401 2737 vulgi
434 2703 583 2730 seditiones
601 2707 720 2734 movent,
739 2706 766 2729 et
787 2701 856 2727 nihil
871 2700 944 2735 (μιηή
963 2701 988 2727 in

201 2750 381 2776 ecclesiarum
397 2750 592 2776 detrimentum
610 2749 698 2779 cedat,
718 2756 771 2774 non
790 2750 905 2777 tentant,
919 2747 990 2779 Qua-

201 2801 324 2831 propter.
351 2795 424 2829 quod
440 2795 570 2827 diximus,
586 2795 718 2830 atnplicre
734 2801 784 2820 nos
799 2792 856 2819 otio
879 2798 905 2819 ct
924 2797 991 2819 lem-

204 2851 267 2871 ωλι-υ
285 2841 406 2871 ιυιιιςίυτο
433 2841 573 2869 abundare
594 2841 745 2869 ocorlcbat.
768 2838 820 2866 Sed
837 2838 908 2866 enim
926 2846 987 2865 cum

1040 2233 1098 2267 cla;
1114 2234 1351 2270 ἑκνοσηλεύοντες,
1368 2233 1436 2268 πρὸς
1448 2233 1499 2266 τὴν
1513 2231 1631 2267 ἀρχαίαν
1644 2230 1694 2264 τῆς
1712 2229 1834 2265 Ἐκκλη-

1039 2282 1100 2313 σίας
1117 2281 1224 2315 ὑγίειαν
1236 2280 1466 2313 ὲπαναγάγωμεν.
1480 2278 1537 2305 Καὶ
1551 2278 1604 2311 γὰρ
1616 2276 1640 2302 ει
1656 2277 1691 2302 τὰ
1708 2276 1833 2311 μάλιστα

1039 2327 1173 2361 δοκοῦμεν
1188 2327 1237 2360 τῆς
1251 2326 1306 2352 τῶν
1322 2325 1451 2360 διωγμῶν
1479 2322 1653 2359 ἀπηλλάχθαι
1680 2322 1835 2357 σφοδρότη-

1039 2383 1095 2406 το;,
1111 2377 1157 2401 καὶ
1171 2374 1219 2405 τὰς
1235 2372 1383 2408 ἐκκλησίας
1394 2371 1511 2407 χρονίως
1524 2370 1599 2405 παρὰ
1613 2369 1668 2396 τῶν
1680 2368 1834 2402 αἱρετικῶν

1040 2419 1259 2454 κατασχεθείσας
1285 2418 1387 2451 ἀρτίως
1413 2415 1640 2451 ἀνακομίζεσθαι,
1660 2414 1732 2448 πλὴν
1763 2413 1834 2440 ἁ).λᾶ

1042 2466 1136 2501 βαρεῖς
1151 2466 1217 2500 ἡμῖν
1235 2465 1259 2491 οἱ
1271 2463 1358 2495 λύκοι,
1369 2463 1416 2490 καὶ
1434 2463 1504 2497 μετὰ
1518 2462 1606 2495 τὸτῆς
1622 2459 1746 2495 μάνδρα;
1762 2459 1833 2491 ἐξωη

1043 2511 1149 2545 σθῆναι,
1166 2510 1237 2536 κατὰ
1252 2510 1302 2540 τὰς
1320 2508 1410 2537 νάπας
1435 2506 1469 2532 τὰ
1486 2505 1602 2540 ποίμνια
1617 2504 1834 2539 διαρπάζοντες,

1041 2556 1229 2588 ἀντισυνὰξεις
1252 2554 1420 2590 τολμῶντες,
1440 2554 1536 2588 δήμων
1557 2551 1697 2582 κινοῦντες
1727 2552 1836 2578 ἐπανα-

1042 2604 1162 2634 στάσεις,
1181 2602 1326 2632 ὀκνοῦντες
1349 2601 1425 2627 οὐδὲν
1450 2601 1489 2630 εἰς
1507 2599 1557 2634 τὴν
1587 2599 1640 2625 τῶν
1660 2597 1835 2632 Ἐκκλησιών

1043 2650 1153 2684 eum.
1170 2647 1225 2674 Ἦν
1245 2647 1294 2682 μὲν
1322 2645 1379 2679 οὖν,
1396 2648 1464 2680 ὅπερ
1489 2647 1653 2680 εἰρήκαμεν,
1680 2645 1835 2678 ἀναγκαῖον

1043 2697 1153 2722 πλείονα
1186 2697 1260 2729 ipsi;
1292 2693 1551 2729 προσασχοληθῆναι
1582 2691 1696 2726 χρόνον·
1735 2690 1834 2725 ἐπειδὴ

1045 2744 1136 2777 μέντοι
1156 2743 1206 2777 τὴν
1218 2742 1282 2775 περὶ
1295 2742 1367 2776 ἡμᾶς
1389 2739 1538 2773 ἀδελφικὴν
1554 2738 1686 2770 σώζοντες
1699 2737 1833 2773 στοργήν,

1043 2790 1090 2816 καὶ
1109 2789 1159 2823 τὴν
1185 2789 1297 2822 ἀγάπην
1321 2787 1554 2821 ἐπιδεικνύμενοι,
1572 2784 1683 2811 σύνοδον
1709 2785 1756 2810 ἐπὶ
1782 2785 1834 2818 τῆς

1049 2835 1157 2868 Ῥώμης
1176 2835 1243 2861 lto-3
1259 2835 1382 2866 ἓουλήτει
1396 2832 1620 2867 σαγκρυτοῦνῖεῖ,
1635 2832 1681 2858 καὶ
1697 2832 1772 2865 ἡμᾶς
1795 2830 1836 2864 ὡς,
