1906 3043
65 127 115 158 ’193

529 126 830 157 ECCLESIASTIC/E
850 126 1046 157 HISTORl/E
1066 128 1141 158 LIB.
1158 127 1227 158 XII.

1627 126 1681 158 794

64 183 152 210 οἰκεῖα·
164 182 234 217 μέλη
259 181 498 216 προσεκαλέσασθε
513 182 558 209 διὰ
579 182 634 209 τῶν
650 181 696 208 τοῦ
726 182 843 216 θεοφιλε¹

901 182 1048 210 fraternam
1062 189 1180 211 vestram
1193 190 1256 218 erga
1269 189 1319 210 nos
1332 183 1460 217 pietatem
1476 185 1679 214 conservantes,

64 230 162 256 στάτου
189 228 326 263 βασιλέως
351 228 534 262 γραμμάτων,
553 228 588 254 ἵν’
605 228 699 262 ἐπειδὴ
723 228 783 254 τότε
799 228 850 259 τὰς

63 274 166 308 θλίψεις
180 273 260 308 μόνοι
273 273 525 308 κατεδικὰσοημεν,
538 273 585 300 νῦν
601 273 630 299 ὲν
647 274 681 308 τῇ
697 273 752 299 τῶν
768 273 849 299 αὺτο-

63 320 205 354 κρατόρων
229 319 292 353 περὶ
307 319 358 354 τὴν
374 318 518 346 εὐσέϐειαν
541 319 686 354 συμφωνίᾳ
704 319 741 353 μὴ
765 318 850 353 χωρὶς

62 364 140 398 ἡμῶν
154 363 348 398 βασιλεύσητε,
365 363 433 390 ἀλλὰ
453 364 500 390 καὶ
523 364 606 398 ἡμεῖς
626 364 691 397 ὑμῖν
714 364 785 390 κατὰ
799 363 849 397 τὴν

62 407 249 441 ἁποστολικὴν
263 408 357 441 φωνὴν
371 407 638 442 συμϐασιλεύσωμεν
651 416 657 423 ·
673 407 740 442 εὐχὴ
756 408 804 441 μὲν
815 406 848 443 ἦν

61 455 137 487 ἡμῖν,
161 454 187 479 εί
204 453 320 480 δυνατὸν
343 453 445 480 ἅπασιν
473 453 581 488 ἀθρόως
603 453 785 480 καταλιποῦσι
800 454 849 485 τὰς

62 498 225 532 ἐκκλησίας,
243 498 282 532 τῷ
298 499 375 533 πόθῳ
401 499 417 533 ἢ
445 500 478 533 τῇ
497 499 579 534 χρείᾳ
604 499 781 534 χαρίσασθαι.
801 500 849 531 Τίς

61 545 115 578 γὰρ
127 544 196 578 ἡμῖν
211 544 248 578 δῷ
264 544 403 577 πτέρυγας
417 544 486 570 ὡσεὶ
502 545 680 580 περιστερᾶς,
698 545 746 572 καὶ
766 553 849 572 πετα-

63 589 233 628 σθησόμεθα,
255 589 302 615 καὶ
317 589 385 624 πρὸς
403 590 476 622 ὑμᾶς
491 590 708 623 καταπαύσομεν
721 590 848 626 ;Ἐπειδὴ

62 635 89 660 δὲ
103 634 187 660 τοῦτο
203 634 343 665 παντελῶς
357 634 477 669 ἐγύμνου
491 636 539 666 τὰς
559 635 706 671 ἐκκλησίας
720 635 782 670 ἄρτι
799 637 849 671 τῆς

63 680 240 710 ἀνανεώσεως
253 681 418 716 ἀρχομένας,
435 681 481 707 καὶ
494 681 523 707 τὺ
539 683 655 718 πρᾶγμα
672 683 848 709 παντάπασιν

61 724 94 760 ἦν
109 727 167 756 τοῖς
186 726 298 756 πολλοῖς
327 725 458 752 ἀδύνατον
470 733 477 742 ·
497 727 766 762 συνδεδραμήκιιμεν
793 727 848 761 γὰρ

62 772 100 801 εἰς
113 773 164 805 τὴν
178 771 469 797 Κωνσταντινούπολιν
480 772 513 798 ὲκ
530 772 585 798 τῶν
602 774 702 808 πέρυσι
717 773 849 808 γραμμά-

60 825 111 841 των
128 815 184 841 τῶν
200 815 277 850 παρὰ
303 815 354 849 τῆς
370 816 508 851 ὑμετέρας
525 819 683 853 τιμιότητος
707 819 776 853 μετὰ
798 819 847 853 τὴν

67 861 213 896 Ἀκυληῖας
244 860 355 888 σύνοδον
369 861 437 895 πρὸς
451 862 495 888 τὸν
512 863 719 897 θεοφιλέστατον
734 863 847 898 βασιλέα

61 907 198 932 Θεοδόσιον
220 906 451 939 ὲπισταλθέντων,
477 907 546 942 πρὸς
570 909 655 943 μόνην
678 909 781 943 ταύτην
797 909 846 943 τὴν

61 953 139 987 μέχρι
159 953 476 984 Κωνσταντινουπὸλιως
491 954 779 989 παρασκευασάμενοι,
801 955 847 982 καὶ

61 998 136 1032 παρὰ
151 998 259 1032 ταύτης
280 998 363 1032 μόνης
386 998 436 1033 τῆς
452 999 562 1026 συνόδου
578 998 632 1026 τῶν
645 1000 675 1025 ὲν
690 1001 748 1031 ταῖς
760 1001 847 1036 ἐπαρ-

63 1046 132 1080 χίαις
149 1045 304 1078 μεινάντων
315 1044 475 1070 ἐπισκόπων
491 1045 692 1078 συγκατάθεσιν
708 1046 848 1079 ἐπαγόμε-

61 1097 115 1114 νοι·
136 1088 265 1123 μείζονος
286 1088 315 1114 δὲ
336 1087 501 1122 ἀποδημίας,
520 1089 588 1123 μήτε
611 1089 847 1123 προσδοκήσαντες

62 1133 165 1167 χρείαν,
186 1134 256 1167 μήτε
285 1133 503 1168 προακούσαντες
525 1134 603 1167 ὅλως,
631 1135 696 1169 πρὶν
718 1135 747 1161 ἂν
771 1135 848 1161 Κων-

64 1179 285 1205 σταντινουτνόλει
299 1179 437 1205 συνελθεῖν
447 1187 454 1195 ·
479 1179 546 1214 πρὸς
563 1179 591 1205 δὲ
615 1180 720 1211 τούτοις
735 1181 782 1206 καὶ
798 1181 846 1214 τῆς

62 1225 232 1260 προθεσμίας
256 1225 301 1252 διὰ
327 1225 473 1260 στενότητα
493 1226 562 1259 μήτε
581 1226 649 1260 πρὸς
670 1225 846 1260 παρασκευὴν

63 1271 236 1306 μακροτέρας
269 1270 424 1305 ἀποδημίας
451 1270 606 1304 ἐνδιδούσης
641 1271 748 1306 καιρὸν,
776 1271 845 1305 μήτε

62 1318 166 1348 πάντας
179 1318 245 1348 τοὺς
260 1318 290 1343 ὲν
303 1317 364 1347 ταῖς
375 1317 523 1351 ἐπαρχίαις
543 1318 719 1347 κοινωνικοὺς
732 1317 845 1343 ἐπισκό-

60 1373 128 1395 ιωυς
149 1363 430 1398 ὑπομνηματισθῆναι
451 1364 498 1389 καὶ
514 1364 563 1395 τὰς
592 1363 657 1397 παρ’
672 1363 763 1389 αὐτῶν
782 1371 847 1396 συγ-

57 1409 221 1440 καταθέσεις
245 1409 338 1435 λαὸεῖν
349 1416 355 1423 ·
373 1409 466 1443 ἐπειδὴ
481 1408 578 1441 ταῦτα,
593 1409 641 1435 καὶ
671 1408 759 1435 πολλὰ.
776 1408 845 1443 πρὸς

57 1458 166 1487 τούτοις
185 1455 268 1490 ἕτερα
279 1455 330 1491 τὴν
346 1463 399 1481 των
412 1455 542 1481 πλειόνων
557 1455 650 1489 ἄφιξιν
661 1454 824 1481 διεκώλυσεν
835 1462 844 1470 ·

863 845 883 873 Β

57 1503 72 1528 ὃ
91 1502 221 1536 δεύτερον
234 1499 268 1536 ἦν
281 1501 320 1532 εις
339 1510 369 1528 τε
385 1497 438 1528 τῶν
454 1502 626 1536 πραγμάτων
645 1501 844 1538 ἐπανόρθωσιν,
859 1514 880 1545 c

59 1549 106 1574 καὶ
120 1548 171 1582 τὴν
183 1548 234 1580 τῆς
249 1547 383 1582 ὑμετέρας
393 1548 455 1582 περὶ
473 1549 545 1582 ἡμᾶς
570 1548 681 1583 ἀγάπης
695 1549 842 1582 ἀπόδειξιν,

57 1594 137 1620 τοῦτο
150 1594 354 1628 πεποιήκαμεν,
369 1595 432 1625 τοὺς
443 1594 672 1628 αἰδεσιμωτάτους
688 1595 736 1621 καὶ
747 1603 845 1629 τιμιω-

55 1640 155 1670 τᾱτους
169 1639 298 1672 ἀδελφοὺς
314 1639 360 1665 καὶ
385 1639 614 1674 συλλειτουργοὺς
629 1640 708 1674 ἡμῶν
730 1640 842 1666 ἐπισκό-

56 1693 137 1715 πους,
151 1684 300 1718 κυριακὸν,
320 1683 457 1716 Εὑσέὸιον,
481 1685 528 1710 καὶ
543 1684 718 1718 Πρισκιανὸν,
741 1684 843 1720 προθύ-

57 1738 116 1764 μως
131 1730 234 1764 καμεῖν
247 1729 326 1763 ἄχρις
343 1729 421 1762 ὑμῶν
438 1729 650 1764 δυσωπήσαντες
661 1738 669 1746 ·
687 1730 721 1757 δι’
742 1727 780 1757 ὧν
794 1731 843 1766 τὴν

55 1775 198 1810 ἡμετέραν
218 1774 379 1810 προαίρεσιν
397 1774 540 1810 εἰρηνικὴν
555 1774 639 1801 οὖσαν
664 1775 711 1802 καὶ
740 1775 842 1803 σκοπὸν

56 1822 180 1853 ἔνὼσεως
195 1821 309 1856 ἔχουσαν
321 1821 514 1856 ἐπιδείκνυμεν
525 1829 531 1837 ·
545 1821 592 1848 καὶ
607 1821 653 1848 τὸν
670 1822 751 1857 ζῆλον
764 1822 842 1857 ήμῶν

54 1869 100 1894 τὸν
117 1868 188 1901 ὑπὲρ
214 1865 263 1900 τῆς
292 1865 385 1899 ὑγιοῦς
412 1865 530 1897 πίστεως
558 1866 675 1900 φανερὸν
700 1866 842 1900 ποιοῦμεν.

59 1914 160 1947 Ἡμεῖς
173 1913 238 1946 γὰρ,
254 1912 309 1938 εἴτε
321 1911 470 1945 διωγμοὺς,
488 1910 543 1937 εἴτε
558 1911 675 1945 θλίψεις,
693 1911 748 1938 εἴτε
765 1912 843 1946 βασι-

52 1958 133 1989 λικὰς
160 1957 287 1989 ἀπειλὰς,
307 1955 362 1982 εἴτε
378 1956 426 1986 τὰς
440 1955 494 1981 τῶν
521 1955 659 1990 ἀρχόντων
685 1955 840 1990 ὠμότητας,

52 2006 110 2032 εἴτε
131 2004 194 2030 τινὰ
210 2003 363 2038 πειρασμὸν
389 2002 484 2036 ἕτερον
511 2002 588 2037 παρὰ
613 2002 668 2028 τῶν
696 2002 840 2037 αῑρετικῶν

52 2051 259 2086 ὑπεμείναμεν,
289 2049 360 2082 ὑπὲρ
387 2049 436 2084 τῆς
458 2049 642 2083 εὖαγγελικῆς
658 2049 775 2079 πίστεως
791 2049 840 2082 τῆς

53 2100 82 2124 ἐν
100 2096 206 2131 Natat;
234 2096 282 2129 τῆς
301 2095 424 2126 Βιθυνίας
441 2094 516 2129 παρὰ
539 2095 592 2121 τῶν
609 2095 774 2130 τριακοσίων
799 2095 842 2121 δε-

53 2143 167 2170 καοκτὼ
193 2141 321 2176 Πατέρων
347 2140 519 2175 κυρωθείσης
546 2140 713 2173 ὑπέστημεν.
733 2139 840 2174 Ταύτην

900 231 927 254 et
941 227 1116 255 dilectionem
1139 228 1310 258 exhibentes.
1336 226 1438 254 indicto
1457 225 1559 257 Romae,
1574 226 1607 253 de
1633 233 1682 253 v0-

901 273 1004 300 luntate
1020 274 1079 306 Dei,
1098 273 1224 306 concilio,
1239 280 1288 307 per
1306 273 1352 299 Dei
1368 272 1547 300 amantissimi
1566 271 1682 305 impera-

901 318 969 345 toris
986 318 1101 350 litteras,
1116 325 1166 345 nos
1181 325 1289 352 quoque
1303 336 1311 348 ,
1325 322 1355 343 ut
1371 316 1493 343 membra
1513 320 1602 342 vestra
1617 322 1682 349 pro-

899 363 970 397 pria,
993 371 1027 391 eo
1039 363 1231 393 evocaveritis.
1254 367 1283 389 ut
1298 366 1474 396 posteaquam
1491 365 1549 387 tum
1570 360 1682 394 quidem

899 409 950 435 soli
981 416 1032 436 nos
1057 409 1259 435 calamitatibus
1286 406 1388 434 addicti
1417 411 1498 440 atque
1531 405 1682 441 adjudicati

900 454 1012 485 fuimus.
1032 462 1106 481 nunc
1124 453 1232 481 tandem
1251 453 1279 480 in
1293 452 1476 480 consentienti
1492 451 1615 486 ipsorum
1630 450 1683 477 im-

900 504 1057 535 peratorum
1086 499 1119 526 de
1150 507 1214 526 vera
1245 499 1348 534 pietate
1362 497 1518 529 concordia,
1541 503 1595 523 non
1622 496 1683 522 sine

900 545 980 572 nobis
1000 544 1120 579 regnetis
1135 563 1142 575 ,
1158 543 1205 571 sed
1222 548 1251 571 et
1282 550 1334 571 nos
1350 551 1404 570 una
1430 542 1584 572 vobiscum,
1603 541 1682 575 juxta

899 590 1076 623 apostolicam
1092 596 1198 621 vocem,
1211 596 1372 624 regnemus:
1390 589 1417 615 in
1432 587 1504 614 votis
1521 587 1599 614 nobis
1611 591 1680 619 erat,

899 633 922 660 si
939 633 998 661 ﬁeri
1020 638 1123 668 posset,
1136 638 1166 660 ut
1189 633 1270 660 simul
1289 640 1395 664 omnes,
1419 631 1543 658 ecclesiis
1566 630 1680 662 relictis,

899 687 947 706 seu
963 679 1101 706 desiderio
1116 686 1163 706 seu
1182 678 1242 706 usui
1257 682 1359 710 vestro,
1372 685 1420 711 per
1433 676 1603 711 gratiﬁcandi
1624 683 1683 703 stu-

898 724 974 751 dium
993 723 1224 751 satisfaceremus.
1240 722 1307 755 Quis
1330 721 1403 749 enim
1423 722 1503 748 nobis
1519 721 1575 748 alas
1595 720 1681 748 veluti

898 770 1031 798 columba:
1050 769 1164 800 tribuat,
1188 772 1219 796 ut
1241 768 1399 798 volitetnus.
1420 771 1449 794 et
1475 766 1546 801 apud
1569 773 1617 793 vos
1641 773 1683 792 re-

898 814 1090 850 quiescamus?
1106 813 1173 841 Cum
1189 820 1253 841 vero
1270 813 1308 843 id,
1322 813 1345 839 si
1364 812 1452 844 ﬁeret,
1470 818 1583 846 prorsus
1595 811 1682 838 eccle—

897 860 952 887 sias
970 860 1098 893 nudaret,
1111 867 1171 894 qua:
1184 867 1271 893 nuper
1286 857 1411 885 renovari
1422 861 1579 891 coeperunt.
1595 861 1623 883 et
1639 863 1682 882 res

898 905 956 933 hate
975 905 1069 932 multis
1083 905 1197 932 omnino
1225 903 1403 938 impossibilis
1423 903 1480 929 sit:
1500 901 1682 928 convenimus

898 959 1016 986 namque
1026 950 1291 985 Constantinopolim
1303 949 1402 976 litteris
1417 948 1549 983 proximis
1558 947 1682 979 adducti,

897 1003 966 1030 quas
994 995 1148 1022 reverentia
1167 999 1257 1022 vestra
1287 998 1349 1028 post
1365 993 1499 1028 synodum
1524 991 1683 1026 Aquileien-

896 1049 965 1075 sem,
983 1042 1017 1068 ad
1040 1041 1088 1068 Dei
1103 1040 1322 1067 amantissimum
1346 1039 1539 1073 imperatorem
1557 1037 1683 1064 Theodo-

896 1088 966 1115 sium
980 1087 1065 1119 dedit,
1078 1087 1110 1113 ad
1121 1087 1204 1113 solam
1218 1084 1571 1117 banc,Constantinopolim
1583 1089 1682 1117 usque,

897 1133 1092 1168 profectionem
1107 1130 1335 1165 instructi,252
1351 1134 1379 1156 et
1393 1129 1427 1156 de
1446 1137 1500 1156 una
1517 1129 1566 1154 hac
1577 1127 1682 1163 synodo

897 1179 931 1206 ab
956 1179 997 1206 eis
1022 1178 1069 1211 qui
1102 1177 1129 1204 in
1149 1176 1300 1210 provinciis
1331 1181 1504 1209 permansere
1532 1173 1680 1208 episcopis,

897 1224 1081 1252 assensionem
1100 1226 1238 1257 acceptam
1254 1221 1394 1248 habentes.
1405 1220 1442 1246 De
1452 1219 1573 1253 longiore
1589 1223 1681 1245 autem

896 1269 1065 1304 profectione
1079 1275 1169 1302 neque
1188 1266 1379 1294 necessitatem
1403 1265 1520 1298 aliquam
1539 1267 1682 1297 exspecta-

896 1316 986 1343 vimus
1004 1323 1011 1342 :
1029 1321 1116 1348 neque
1129 1313 1278 1348 quidquam
1294 1311 1407 1338 omnino
1423 1310 1499 1345 prius
1514 1309 1681 1341 audivimus,

896 1368 978 1397 quam
987 1357 1228 1392 Constantinopoli
1242 1356 1430 1384 convenimus.
1445 1355 1485 1382 Ad
1504 1354 1572 1385 haec.
1589 1361 1621 1381 ea
1638 1359 1682 1380 est

896 1406 1039 1434 canstituti
1053 1405 1185 1440 temporis
1199 1402 1336 1437 angustia,
1352 1405 1382 1429 ut
1404 1408 1494 1435 neque
1508 1400 1541 1427 ad
1556 1400 1607 1426 iter
1621 1399 1682 1426 lon-

897 1453 957 1488 gius
974 1459 1024 1480 nos
1041 1450 1192 1479 instruendi
1204 1450 1322 1485 spatium
1340 1447 1505 1475 habeamus:
1522 1453 1611 1480 neque
1623 1452 1682 1472 om-

898 1507 946 1529 nes
963 1499 990 1528 in
1008 1497 1158 1534 provinciis
1177 1493 1378 1523 communionis
1401 1497 1500 1519 nostrae
1524 1491 1679 1526 episcopos,

897 1546 932 1574 de
946 1545 1117 1581 profectione
1138 1542 1182 1569 tali
1197 1541 1330 1568 certiores
1353 1539 1458 1571 facere,
1473 1542 1501 1565 et
1514 1542 1678 1564 consensum

895 1599 991 1620 eorum
1002 1591 1126 1625 accipere
1141 1588 1288 1624 possimus.
1302 1585 1370 1614 Cum
1384 1584 1452 1618 haec,
1470 1587 1498 1612 et
1514 1583 1599 1610 multa
1610 1589 1678 1617 prm-

896 1643 968 1666 terea
982 1635 1201 1669 alia,adventum
1217 1632 1399 1667 complurium
1414 1630 1577 1665 impedirent
1587 1637 1593 1654 :
1603 1628 1677 1663 quod

895 1687 1030 1720 reliquum
1045 1688 1113 1716 erat,
1127 1682 1208 1710 simul
1221 1685 1249 1708 et
1264 1681 1297 1707 ad
1317 1687 1361 1707 res
1376 1680 1520 1714 plerasque
1539 1677 1678 1712 corrigen-

895 1731 956 1764 das,
969 1735 998 1758 et
1014 1733 1136 1757 nostram
1155 1734 1219 1761 erga
1234 1734 1282 1752 vos
1296 1725 1457 1752 charitatem
1474 1723 1677 1756 declarandam,

894 1776 1048 1805 faciendum
1065 1775 1204 1804 duximus,
1224 1777 1253 1799 ut
1270 1771 1515 1799 reverendissimos
1532 1777 1612 1805 atque
1628 1770 1679 1797 lto-

894 1821 1031 1850 norandos
1045 1820 1162 1847 maxime
1177 1818 1276 1845 fratres
1300 1821 1327 1844 et
1346 1817 1466 1851 collegas
1490 1820 1612 1847 nostros,
1627 1815 1681 1850 Cy-

893 1868 1011 1899 riacum,
1026 1865 1185 1896 Eusebium,
1206 1868 1233 1890 et
1251 1862 1432 1893 Priscianum,
1449 1861 1605 1896 episcopos,
1625 1869 1680 1896 quo

894 1916 945 1942 via:
955 1914 1075 1940 laborem
1092 1912 1206 1938 Romam
1224 1916 1310 1944 usque
1328 1909 1465 1936 alacribus
1481 1909 1606 1936 subirent
1621 1908 1680 1935 ani-

894 1960 956 1991 mis,
971 1963 1150 1985 emraremus
1169 1965 1176 1982 ι
1196 1962 1245 1990 per
1260 1961 1330 1989 quos
1341 1954 1509 1981 voluntatem
1527 1957 1555 1980 et
1567 1956 1679 1980 senten-

895 2007 960 2034 tium
989 2009 1109 2031 nostrain
1134 2001 1276 2037 paciﬁcam
1291 2007 1361 2032 esse,
1378 2004 1406 2026 et
1430 1999 1539 2027 unionis
1563 1999 1678 2033 conjun-

893 2050 1046 2084 ctisnisque
1075 2047 1219 2075 consilium
1267 2051 1295 2073 et
1342 2045 1424 2072 ﬁnem
1454 2045 1506 2072 sibi
1537 2044 1677 2080 proposita

893 2097 1005 2128 habere,
1026 2094 1210 2122 ostendimus:
1227 2092 1408 2127 ardoremque
1418 2092 1497 2120 simul
1508 2100 1556 2126 pro
1567 2092 1678 2119 saniore

894 2143 946 2170 ﬁde
957 2145 1092 2172 nostrum,
1103 2139 1248 2167 manifesto
1262 2138 1446 2165 declaramus.
1456 2137 1510 2166 Nos
1525 2138 1610 2171 enim,
1621 2137 1678 2166 sive

51 2191 108 2224 γὰρ
122 2189 172 2215 καὶ
188 2189 255 2222 ἡμῖν
282 2188 329 2214 καὶ
350 2188 416 2213 πᾶσι
444 2188 501 2218 τοῖς
525 2186 562 2221 μὴ
586 2187 779 2221 διαστρέφουσι
795 2188 839 2212 τὸν

895 2185 1112 2222 persecutiones,
1137 2191 1186 2211 seu
1207 2183 1380 2216 alﬂictiones,
1395 2184 1454 2210 sive
1482 2184 1677 2218 imperatorum

51 2235 133 2267 λόγον
159 2233 211 2266 τῆς
226 2231 345 2266 ἀληθοῦς
371 2231 488 2262 πίστεως
510 2231 689 2265 συναρὲσκειν
717 2231 778 2256 δεῖ·
806 2231 838 2265 ἡν

52 2279 132 2313 μόλις
150 2277 217 2303 ποτὲ
244 2276 435 2311 πρεσϐυτάτην
461 2276 543 2303 οὖσαν
570 2276 615 2302 καὶ
641 2276 787 2302 ἀκόλουθον
800 2275 840 2310 τῷ

50 2324 238 2359 βαπτίσματι,
252 2323 300 2349 καὶ
317 2322 496 2349 διδάσκουσαν
515 2323 587 2357 ἡμᾶς
605 2321 744 2348 πιστεύειν
759 2323 799 2352 εἰς
809 2322 840 2347 τὸ

49 2372 138 2405 ὄνομα
166 2370 214 2395 τοῦ
241 2369 346 2404 [ἰατρὸς
379 2369 489 2396 καὶτοῦ
517 2370 583 2396 Tim?
612 2370 659 2395 καὶ
684 2369 731 2395 τοῦ
760 2369 838 2402 ἁγίου

50 2416 234 2450 Πνεύματοςτ
251 2415 351 2450 δηλαδὴ
369 2416 496 2450 θεότητος
510 2418 556 2443 καὶ
572 2415 715 2450 δυνάμεως
736 2415 784 2442 καὶ
794 2415 839 2440 οὺ-

51 2462 112 2493 σίας
142 2462 208 2496 μιᾶς
221 2462 267 2487 τοῦ
285 2461 393 2497 Πατρδς
408 2462 455 2488 καὶ
472 2461 519 2488 τοῦ
540 2462 606 2488 Υίοῦ
632 2462 679 2488 καὶ
696 2461 742 2488 τοῦ
759 2461 837 2495 ἁγίου

52 2507 216 2542 [ἰνεὺματος
242 2507 452 2542 πιστευομένης,
476 2507 610 2542 ὁμοτίμου
627 2516 657 2533 τε
681 2507 732 2541 τῆς
760 2507 838 2538 ἀξίας

51 2555 98 2582 καὶ
116 2553 255 2580 συναῖδίου
283 2554 332 2587 τῆς
349 2553 488 2587 βασιλείας
509 2554 538 2579 ὲν
565 2554 639 2587 τρισὶ
654 2553 838 2583 τελειοτάταις

50 2602 112 2632 ταῖς
130 2599 326 2631 ύποστάσεσιν,
339 2599 424 2633 ἠγουν
437 2600 510 2634 τρισὶ
527 2599 640 2629 τελείοις
660 2597 818 2632 προσώποις
828 2605 836 2613 ⁸

50 2647 87 2678 ὼς
103 2647 175 2680 μήτε
190 2647 240 2679 τὴν
251 2644 396 2671 Σαϐελλίου
410 2645 487 2671 νόσον
501 2644 593 2679 χώραν
607 2644 711 2676 λαϐεῖν,
726 2651 838 2678 συγχεο-

51 2694 142 2728 μένων
158 2691 214 2718 τῶν
229 2691 415 2725 ὑποστάσεων,
433 2692 521 2719 εῖτουν
535 2692 589 2718 τῶν
610 2690 749 2726 ἰδιοτήτων
762 2691 839 2717 ἀναι-

51 2740 204 2774 ρουμένων,
224 2739 293 2773 μήτε
310 2741 362 2773 μὴν
380 2738 428 2774 τὴν
439 2738 612 2773 Εὑνομιανῶν
629 2738 675 2764 καὶ
689 2736 837 2772 ’Δρειανῶν

51 2788 97 2812 καὶ
126 2786 368 2819 Πνευματομάχων
383 2783 558 2819 βλασφημίαν
580 2783 694 2818 ἰσχύειν,
711 2784 762 2817 τῆς
792 2783 838 2809 οὺ-

53 2832 112 2865 σίας
127 2831 144 2867 ἧ
160 2831 209 2866 τῆς
223 2831 330 2865 cpiam;
351 2830 366 2866 ἢ
382 2831 431 2863 τῆς
450 2830 577 2865 θεέτητος
595 2828 775 2864 τεμνομένης,
788 2828 836 2854 καὶ

893 2234 992 2264 minas,
1007 2239 1055 2259 seu
1069 2231 1276 2266 magistratuum
1290 2230 1498 2262 crudelitatem,
1514 2231 1572 2257 sive
1592 2230 1676 2258 etiam

892 2280 972 2307 aliam
990 2278 1145 2313 quampiam
1163 2277 1341 2304 tentationetu
1361 2281 1388 2303 et
1403 2276 1554 2311 periculum
1567 2275 1602 2303 ab
1621 2276 1677 2303 ha:-

894 2326 985 2353 reticis
1001 2325 1195 2354 sustinuimus,
1207 2331 1255 2358 pro
1267 2323 1422 2358 evangelica
1433 2323 1484 2350 lide
1500 2323 1596 2350 Νίσαιαν
1604 2324 1676 2358 apud

891 2373 1021 2406 Bithynos
1038 2379 1053 2398 ιι
1080 2371 1211 2398 trecentis
1229 2371 1363 2396 decernet
1390 2373 1452 2395 octo
1473 2368 1601 2395 Patribus
1614 2376 1678 2394 con-

892 2418 1008 2450 ﬁrmata,
1030 2417 1162 2452 quidquid
1180 2416 1206 2443 id
1234 2416 1295 2447 fuit,
1310 2414 1484 2450 pertulimus.
1504 2413 1568 2440 Eam
1601 2414 1674 2440 cnitn

890 2466 918 2489 et
931 2461 1019 2492 nobis.
1036 2465 1064 2488 et
1080 2460 1169 2492 vobis,
1183 2461 1299 2494 aliisque
1314 2458 1382 2486 adeo
1401 2458 1529 2486 omnibus
1542 2458 1587 2492 qui
1604 2465 1675 2485 verte

891 2507 953 2534 ﬁdei
966 2506 1078 2534 verbum
1096 2513 1150 2532 non
1161 2510 1341 2540 pervertunt,
1359 2504 1528 2538 complacere
1542 2509 1650 2538 oportet
1667 2511 1674 2530 :

891 2553 992 2589 quippe
1006 2560 1066 2587 qua:
1078 2551 1269 2586 antiquissima
1293 2555 1320 2578 et
1342 2551 1477 2585 baptismo
1491 2553 1675 2576 consentanea

889 2600 935 2632 sit,
949 2599 1062 2626 credere
1081 2605 1132 2624 nos
1149 2597 1250 2624 ducens
1269 2597 1295 2623 in
1312 2604 1412 2623 nomen
1432 2596 1520 2624 Patris
1534 2601 1561 2622 et
1572 2595 1631 2622 Filii
1647 2599 1675 2622 et

891 2644 1011 2679 Spiritus
1035 2642 1134 2674 sancti,
1156 2641 1286 2668 videlicet
1301 2646 1331 2667 ut
1354 2640 1483 2669 divinitas
1499 2646 1527 2668 et
1554 2643 1677 2675 potestas

892 2698 944 2717 una
968 2689 1055 2716 Patris
1071 2692 1099 2716 et
1122 2688 1183 2715 Filii
1206 2692 1233 2714 et
1248 2686 1369 2721 Spiritus
1383 2687 1481 2719 sancti,
1502 2691 1529 2714 et
1551 2686 1676 2721 ejusdem

891 2735 1005 2763 honoris
1027 2734 1158 2769 dignitas,
1188 2738 1213 2760 et
1233 2736 1399 2760 coaeternum
1417 2739 1531 2766 regnum
1547 2732 1573 2759 in
1589 2731 1676 2759 tribus

891 2781 1018 2816 perfectis
1026 2779 1222 2812 subsistentiis,
1237 2779 1295 2805 sive
1306 2777 1394 2804 tribus
1403 2778 1531 2812 perfectis
1541 2777 1676 2812 personis.

890 2828 1016 2856 Creialur
1034 2834 1040 2852 :
1060 2827 1096 2853 ita
1122 2830 1150 2853 ut
1178 2833 1265 2860 neque
1293 2823 1402 2852 Sube‘Jii
1430 2824 1555 2859 contagio
1584 2824 1677 2851 locum
