1906 3043
59 128 119 160 801

59 183 197 213 ελθόντας
211 181 276 218 ἄχρι
288 180 418 208 τοσούτου
433 180 488 207 ἀπὸ
507 181 557 215 τῆς
568 182 707 216 ἡμετέρας
721 181 864 212 κοινωνίας

59 230 230 265 ἀλλοτρίους
249 229 358 264 ἔχομεν,
372 228 452 263 ἄχρις
462 224 493 253 οὗ
508 227 575 262 πρὸς
589 228 674 259 αὐτὰς
690 227 860 254 ὲπανέλθωσι

58 277 118 309 τὰς
140 277 247 307 πόλεις.
273 276 301 302 ὲν
319 272 363 306 αἷς
388 274 497 310 πρῶτον
519 274 773 309 ἐχειροτονήθησαν.
799 273 862 300 Ἐὶν

59 323 92 349 δέ
115 331 172 354 τις,
188 322 272 349 ἄλλου
287 321 342 348 ἀπο
364 321 446 348 τόπου
461 321 502 352 είς
523 321 607 347 τόπον
630 320 815 355 μετελθόντος,
833 321 862 346 ὲν

59 364 142 403 τόπῳ
155 369 205 396 τοῦ
222 369 322 401 ζῶντος
343 367 546 403 ἐχειροτονήθη,
566 367 631 402 ἄχρι
651 366 780 392 τοσούτου
801 375 863 401 σχοο

58 416 143 442 licet
169 415 225 442 ἀπὸ
239 414 286 441 τοῦ
303 413 499 449 ἀρχιερατικοῦ
515 413 671 447 ἀξιώματος
696 414 709 439 ὁ
727 413 776 448 τὴν
795 412 862 440 ἰδίαν

59 462 144 488 πόλιν
164 460 348 494 καταλείψας,
374 460 452 495 ἄχρις
476 456 507 486 οὗ
525 461 540 486 ὁ
560 459 754 493 διαδεξάμενος
783 459 864 486 αὐτὸν

60 507 265 541 ἁναπαύσηται
282 507 310 532 ὲν
326 507 431 541 Κυρίῳ,
451 506 483 531 Et
497 514 539 536 τις
561 505 597 540 μὴ
615 505 679 540 εἴπῃ
695 505 741 531 ἀεὶ
755 506 799 532 τὸν
810 505 863 531 Πα-

59 551 133 585 τέρα
155 550 203 577 καὶ
219 549 263 577 ἀεὶ
286 549 331 575 τὸν
347 549 411 575 Υίὺν
429 549 476 575 καὶ
492 549 536 575 ἀεὶ
556 548 586 575 τὸ
606 547 719 583 Πνεῦμα
741 548 770 575 τὺ
786 548 864 583 ἅγιον

59 592 150 626 εἶναι,
167 594 295 628 ἀνάθεμα
320 593 399 620 ἔστω.
417 593 449 619 Et
465 602 506 624 τις
525 593 563 628 μὴ
575 594 639 629 εῐπῃ
651 593 778 628 ἀληθινὸν
798 594 864 620 Θεὸν

60 639 113 664 τὴν
132 638 198 664 Υίὺν
215 636 264 663 τοῦ
280 637 361 669 Θεοῦ,
377 637 415 668 ὡς
434 637 563 672 ἀληθινὸν
579 637 626 663 τὸν
643 637 753 672 Πατέρα
768 637 864 669 αὑτοῦ,

60 686 112 711 καὶ
127 685 221 711 πάντα
237 682 380 714 δύνασθαι.
396 683 442 709 καὶ
459 683 549 709 πάντα
566 682 676 714 είδέναι,
689 683 737 710 καὶ
751 683 792 718 τῷ
810 684 867 710 Πα-

59 731 110 765 {pi
128 730 200 763 ἴσον,
227 729 352 763 ἀνάθεμα
369 728 450 755 ἔστω.
469 727 503 756 ΕΖ
517 737 560 761 τις
584 729 648 765 εῐττῃ
675 730 715 755 δτι
731 729 760 755 ιν
783 731 867 764 σαρκὶ

60 776 169 809 διάγων
185 776 200 801 ὁ
212 775 275 806 Tib;
289 774 336 800 τοῦ
350 774 417 801 Θεοῦ
433 774 477 800 ὅτε
492 772 526 809 ἦν
546 775 575 801 ἐν
590 776 623 810 τῇ
640 777 687 808 γῇ,
705 776 733 801 ὲν
748 776 805 807 τοῖς
819 776 866 802 οὑ-

62 821 161 855 ρανοῖς
183 820 234 847 καὶ
250 820 298 846 σὺν
312 819 351 854 τῷ
365 821 452 854 Πατρὶ
467 820 517 846 οὐκ
534 818 578 856 ἢν,
597 820 722 856 ἀνάθεμα
739 820 818 848 ἔστω.
834 821 868 853 Et

62 874 109 897 τις
132 865 203 901 εἴπῃ
213 866 255 892 ὅτι
278 867 308 892 ὲν
322 865 361 901 τῷ
379 865 460 892 πάθει
475 865 524 892 τοῦ
549 865 670 901 σταυροῦ
695 865 746 901 τὴν
771 866 869 902 ὀδύνην

63 913 219 947 ὑπέμεινεν
234 913 249 939 ὁ
266 911 331 943 Υἱὸς
345 912 391 938 τοῦ
409 911 476 938 Θεοῦ
493 913 540 938 καὶ
556 911 622 943 Θεὸς
636 912 734 945 Λόγος,
746 913 796 940 καὶ
809 913 870 948 οὐχὶ

64 958 83 992 ἡ
102 957 173 992 σὰρξ
190 957 241 991 σὺν
258 958 291 991 τῇ
304 957 377 992 ψυχῇ
390 957 478 992 ἥνπερ
495 957 649 989 ἐνεδύσατο,
667 958 684 992 ἢ
699 957 792 993 μορφὴ
807 958 870 984 δού-

63 1003 111 1029 λου
123 1003 216 1037 ἥνπερ
231 1002 320 1037 ἑαυτῷ
331 1001 474 1035 ἀνέλαϐεν,
488 1001 525 1033 ὡς
532 1003 644 1038 εἴρηκεν
657 1003 672 1037 ή
684 1003 748 1034 ἁγία
760 1003 867 1038 Γραιρὴ,

65 1049 198 1084 ἀνάθεμα
214 1048 297 1075 ἔστω.
314 1049 345 1074 Ei
359 1057 401 1080 τις
420 1047 457 1083 μὴ
471 1048 537 1084 εἴπῃ
551 1049 598 1075 τὸν
612 1048 680 1075 Θεοῦ
696 1049 783 1082 Λόγον
816 1058 870 1076 πα-

65 1093 152 1120 θῦντα
170 1093 255 1128 σαρκὶ
276 1092 325 1119 καὶ
344 1093 554 1128 ἐσταυρωμένον
579 1095 672 1129 σαρκὶ,
694 1095 741 1121 καὶ
752 1094 868 1121 Θανάτου

65 1141 245 1175 γευσάμενον
261 1140 354 1174 σαρκὶ,
372 1139 504 1174 γεγονότα
521 1149 551 1166 τε
568 1141 742 1175 πρωτότοκῡν
766 1141 797 1168 ἐκ
813 1141 868 1168 τῶν

66 1187 177 1221 νεκρῶν
195 1185 265 1212 καθὸ
277 1185 335 1220 ζωή
354 1186 413 1212 ἐστι
427 1187 475 1212 καὶ
487 1186 633 1219 ζωοποιὸς,
653 1187 691 1218 ὡς
707 1187 784 1219 Θεὸς,
805 1188 869 1214 ἀνά-

67 1231 142 1265 θεμα
160 1230 246 1257 Ξστω.
265 1229 298 1256 Εἴ
310 1238 353 1261 τις
371 1230 408 1265 μὴ
431 1231 495 1265 εῖπῃ
509 1230 549 1257 ὅτι
567 1232 597 1257 ὲν
609 1232 641 1266 τῇ
658 1232 741 1266 σαρκὶ
757 1232 790 1266 ἣν
804 1233 867 1259 ἀνέ-

67 1277 148 1310 λαϐε,
164 1276 311 1308 καθέζεται
327 1277 356 1303 ἐν
369 1277 444 1310 δεξιᾷ
456 1277 503 1303 τοῦ
519 1277 635 1312 Πατρος,
652 1278 680 1304 ὲν
732 1279 779 1306 καὶ
793 1279 869 1305 ἐλεύ-

68 1334 149 1352 σεται
168 1326 261 1360 κρῖναι
278 1324 383 1356 ζῶντας
398 1325 445 1350 καὶ
458 1323 583 1358 νεκροὺς,
602 1324 727 1358 ἀνάθεμα
741 1325 821 1352 ἔστω.
836 1326 870 1352 Εἴ

67 1381 112 1404 τις
129 1371 170 1408 μὴ
187 1371 253 1407 εἴπῃ
273 1371 304 1398 τὸ
336 1369 450 1405 Πνεῦμα
465 1370 492 1396 τὶ
506 1369 584 1403 ἅγιον
596 1371 626 1396 ὲκ
639 1369 686 1396 τοῦ
703 1371 810 1406 Πατρδς
826 1369 867 1398 εἴ·

67 1427 114 1445 ναι
127 1417 240 1452 ἀληθῶς
255 1416 302 1443 καὶ
312 1415 426 1450 κυρίως,
442 1415 480 1446 ὡς
493 1415 542 1442 καὶ
557 1415 602 1441 τὸν
614 1415 677 1443 Υίὸν
688 1417 720 1442 ὲκ
732 1418 780 1451 τῆς
792 1416 869 1448 θείας

67 1463 167 1495 οὐσίας
183 1463 232 1489 καὶ
246 1461 314 1488 Θεὸν
338 1461 406 1487 Θεοῦ
426 1461 524 1495 Λόγον,
541 1460 667 1496 ἀνάθεμα
680 1461 760 1488 ἔστω.
774 1461 810 1489 Εῐ
825 1470 868 1493 τις

70 1510 109 1545 μὴ
130 1509 199 1544 είπῃ
221 1509 311 1535 πάντα
331 1507 504 1534 δύνασθαιτὸ
520 1506 633 1541 Πνεῦμα
658 1507 688 1534 τδ
712 1508 799 1541 ἅγιον,
823 1509 869 1535 καὶ

70 1557 164 1583 πάντα
188 1555 294 1587 εἰδέναι
313 1554 362 1580 καὶ
376 1553 515 1588 πανταχοῦ
536 1554 676 1588 παρεῖναι,
698 1554 737 1585 ὡς
758 1555 804 1580 καὶ
824 1556 869 1581 τὴν

69 1603 137 1630 Υἱὸν
152 1603 202 1629 καὶ
216 1602 263 1628 τὸν
280 1601 401 1636 Πατέρα,
418 1600 545 1635 ἀνάθεμα
558 1600 639 1628 ἔστω.
651 1601 682 1627 Et
695 1610 736 1633 τις
753 1603 824 1629 είποι
839 1602 869 1628 τὸ

72 1651 190 1685 Πνεῦμα
200 1650 231 1676 τὸ
245 1650 323 1684 ἆγιον
333 1649 450 1683 ποίημα,
466 1648 482 1684 ἢ
496 1649 540 1675 διὰ
550 1648 597 1675 τοῦ
611 1648 676 1675 Υίοῦ
692 1650 866 1683 γεγενῆσθαι,

71 1698 201 1732 ἀνάθεμα
215 1696 296 1724 ἔστω.
313 1696 346 1722 Εἴ
368 1704 409 1726 τις
435 1695 472 1730 μὴ
489 1695 555 1730 εἴπῃ
574 1695 661 1722 πάντα
675 1695 719 1722 διὰ
735 1695 781 1721 τοῦ
799 1696 868 1722 Υἷοῦ

73 1744 121 1770 καὶ
136 1744 187 1770 τοῦ
204 1743 282 1777 ἁγίου
303 1742 464 1777 Πνεύματος
479 1741 524 1767 τὸν
548 1742 658 1776 Πατέρα
677 1742 867 1775 πεποιηκέναι,

71 1790 202 1816 τουτέστι
218 1789 252 1815 τὰ
269 1789 354 1823 ὁρατὰ
372 1788 464 1815 καὶτὰ
475 1788 590 1822 ἀόρατα,
606 1788 731 1822 ἀνάθεμα
743 1787 822 1815 ἔστω.
839 1788 872 1814 Εἴ

73 1845 115 1868 τις
129 1836 169 1872 μὴ
185 1836 252 1871 είπῃ
266 1833 313 1862 τοῦ
333 1834 438 1868 Πατρὸς
455 1833 502 1860 καὶ
519 1833 566 1859 τοῦ
588 1833 653 1860 Υίοῦ
669 1834 770 1860 καὶτοῦ
790 1834 869 1868 ἁγίου

72 1883 233 1917 Πνεύμντος
252 1882 316 1916 μίαν
335 1880 450 1914 θεότητα
463 1899 471 1912 ,
486 1879 620 1912 ἓξουσῐαν,
637 1879 773 1914 θειότητα,
791 1881 870 1907 δυνα-

72 1930 179 1962 στείαν,
196 1928 261 1963 μίαν
276 1927 367 1959 δόξαν,
382 1928 542 1962 κυριότητα,
556 1927 620 1962 μίαν
639 1927 788 1961 βασιλείαν,
805 1928 869 1961 μίαν

71 1976 197 2010 θέλησιν,
215 1975 263 2001 καὶ
288 1973 430 2009 ἀλήθειαν,
456 1972 582 2006 ἀνάθεμα
599 1971 678 1998 ἔστω.
706 1971 740 1998 Εἴ
750 1980 792 2003 τις
807 1972 871 2006 τρία

71 2022 213 2056 πρόσωπα
231 2020 268 2055 μὴ
283 2019 348 2056 είπῃ
365 2018 482 2054 ἀληθινὰ
495 2018 542 2044 τοῦ
557 2018 664 2053 Πατρδς
679 2017 726 2044 καὶ
742 2017 788 2044 τοῦ
805 2017 870 2044 Υίοῦ

71 2068 121 2094 καὶ
138 2066 188 2093 τοῦ
207 2065 289 2100 ἁγίου
306 2065 477 2099 Πνεῦμαεος,
493 2064 550 2096 ἴσα,
566 2063 610 2090 ἀεὶ
627 2063 726 2096 ζῶντα,
737 2064 771 2091 τὰ
782 2065 871 2092 πάντα

71 2114 227 2147 κατέχοντα
245 2111 277 2137 τὰ
294 2111 380 2145 ὁρατά
394 2111 440 2137 καὶ
449 2109 482 2137 τὰ
496 2110 611 2144 ἀόρατα,
626 2110 714 2137 πάντα
723 2110 870 2145 δυνάμενα,

71 2159 168 2184 πάντα
180 2156 416 2191 κρίνοντα,πάντα
431 2154 628 2186 ζωοποιοῦντα,
643 2155 732 2182 πάντα
742 2155 872 2190 δημιουρ-

72 2203 191 2238 γοῦντα,
206 2202 296 2228 πάντα
320 2200 452 2233 σώζοντα,
477 2200 602 2235 ἀνάθεμα
624 2199 703 2227 ἔστω.
723 2200 757 2228 Ei'
774 2209 814 2232 τις
834 2202 871 2236 μὴ

73 2249 142 2284 εἴπῃ
163 2247 353 2282 προσκυνητὶν
371 2247 401 2272 τὸ
421 2246 535 2281 Πνεῦμα
551 2246 580 2273 τὸ
597 2246 676 2280 ἅγιον
692 2247 767 2281 παρὰ
784 2247 874 2280 πάσης

73 2296 124 2329 τῆς
141 2294 271 2325 κτίσεως,
286 2293 324 2324 ὡς
341 2293 388 2319 καὶ
403 2292 448 2319 τὸν
469 2292 528 2319 {ibi
545 2291 652 2319 καὶτὸν
670 2293 791 2326 Πατέρα,
808 2293 873 2319 ἀνά-

74 2342 148 2376 θεμα
164 2341 246 2367 ἔστω.
261 2339 294 2366 Ei
306 2348 348 2370 τις
363 2339 428 2374 περὶ
443 2337 490 2365 τοῦ
500 2337 608 2373 Πατρὺς
620 2338 727 2364 καὶτοῦ
746 2338 812 2365 Υίοῦ
826 2347 875 2365 κα-

74 2388 130 2418 i-I-g
146 2386 281 2421 φρονήσῃ,
303 2385 368 2419 περὶ
382 2384 410 2411 δὲ
425 2383 472 2410 τοῦ
488 2383 566 2418 ἁγίου
587 2383 747 2418 Πνεύματος
765 2383 814 2409 οὐκ
830 2384 875 2418 ὀρ-

75 2433 130 2463 θῶς
148 2432 225 2466 ἔχει,
244 2430 384 2465 αἰρετικός
402 2431 459 2456 ἐστι
472 2437 478 2445 “
494 2429 536 2456 ὄτι
562 2429 661 2460 πάντες
688 2429 713 2455 oi
730 2429 874 2464 aipzctxoi,

75 2479 142 2514 περὶ
156 2477 204 2504 τοῦ
219 2477 285 2504 Υίοῦ
303 2477 350 2503 τοῦ
360 2471 427 2502 Θεοῦ
444 2475 490 2502 καὶ
505 2474 571 2510 περὶ
584 2474 631 2501 τοῦ
649 2475 728 2508 ἁγῖου
748 2474 875 2509 Πνεύμα-

74 2533 120 2555 τος
136 2523 230 2554 κακῶς
248 2521 423 2557 φρονοῦντες,
439 2521 467 2547 ἐν
485 2522 517 2555 τῇ
544 2520 598 2546 τῶν
618 2520 750 2546 Ἰουδαίων
775 2521 821 2546 καὶ
840 2522 874 2555 τῇ

74 2572 130 2598 τῶν
148 2568 264 2596 ἐθνικῶν
293 2568 409 2603 ἀπιστίᾳ
427 2567 574 2601 τυγχάνειν
593 2565 759 2600 ἐλέγχονται.
788 2566 821 2592 Εἴ
834 2575 874 2597 τις

75 2617 102 2643 δὲ
120 2615 225 2650 μερίσῃ
245 2613 371 2647 θεότητα,
384 2613 452 2638 Θεὸν
467 2612 513 2637 τὸν
530 2611 640 2645 Πατέρα
655 2610 742 2644 λέγων
759 2611 810 2638 ἀνὰ
829 2612 876 2646 μέ-

79 2671 136 2697 ρος,
159 2660 207 2687 καὶ
232 2659 299 2685 Θεὸν
327 2657 372 2684 τὸν
397 2657 472 2686 Υἰδν.
500 2657 549 2683 καὶ
575 2656 641 2682 Θεὸν
655 2656 685 2682 τὺ
704 2655 816 2690 Πνεῦμα
846 2657 876 2683 τὺ

77 2710 167 2742 ἅγιον,
194 2703 433 2740 διισχυριζόμενος
461 2704 535 2737 τρεῖς
564 2702 648 2733 Θεοῦς
672 2702 812 2736 λέγεσθαι,
828 2704 876 2729 καὶ

76 2755 138 2789 οὐχὶ
163 2753 231 2788 μίαν
254 2751 370 2786 θεότητα
387 2751 416 2777 ὲν
433 2750 524 2784 τρισὶν
542 2749 720 2780 ὑποστάσεσι,
747 2749 793 2776 καὶ
811 2749 876 2784 μίαν

112 2845 152 2879 (Ξ)
169 2841 300 2875 Quasdam
317 2839 484 2873 exemplaria
502 2847 556 2867 non
573 2838 686 2871 habent,
703 2842 766 2865 (res.

533 125 836 155 ECCLESIASTICIE
860 125 884 154 Η
893 124 1056 154 [STORI/E
1076 124 1151 153 LIB.
1172 122 1240 152 XII.

1653 119 1708 155 802

881 183 901 211 Α
916 188 931 207 a
940 180 1135 208 communione
1148 184 1240 207 nostra
1252 177 1456 208 essedueimus,
1470 177 1534 204 dum
1543 177 1576 204 ad
1587 179 1708 206 easdem.

914 226 942 253 in
955 226 1059 261 quibus
1073 225 1191 260 primum
1203 224 1322 252 ordinati
1334 227 1409 255 sunt,
1424 223 1507 250 urbes
1520 229 1708 252 revertantur.

915 272 943 299 Si
952 273 1014 307 quis
1021 279 1098 304 vero,
1107 272 1171 304 alio,
1181 278 1213 297 ex
1223 278 1279 297 uno
1292 270 1352 297 loco
1365 268 1488 296 in'alium
1501 273 1673 301 transeunte,
1683 271 1709 297 in

924 318 997 345 illius
1006 317 1096 345 adhuc
1107 317 1223 344 viventis
1236 316 1324 342 locum
1334 315 1369 342 sit
1383 323 1429 350 per
1440 315 1641 349 ordinationem
1650 324 1712 343 sur—

916 369 1038 399 rogatus,
1048 363 1151 390 tamdiu
1163 363 1207 389 ille
1219 362 1266 397 qui
1278 362 1372 388 urbem
1383 368 1460 387 suam
1471 361 1711 395 reliquit,episro-

916 410 968 444 pali
978 410 1109 444 dignitate
1118 409 1231 440 carebit,
1239 408 1326 434 dom-e
1336 414 1478 434 suecessm
1491 407 1550 441 ejus
1558 407 1584 433 in
1595 407 1711 434 Domino

922 456 1111 483 obdormierit.
1122 455 1150 482 Si
1160 454 1220 489 quis
1231 462 1284 480 non
1294 459 1426 488 perpetuo
1443 452 1551 480 Patrem
1569 456 1596 479 et
1611 461 1710 488 perpe-

917 509 965 531 tuo
991 503 1103 536 Filium,
1134 506 1161 529 et
1192 506 1326 537 perpetuo
1357 501 1489 536 Spiritum
1506 505 1631 527 sanctum
1649 509 1710 527 esse

917 551 1000 582 dicat,
1028 550 1172 577 anathema
1192 549 1239 575 sit.
1255 547 1285 574 Si
1298 547 1361 582 quis
1382 554 1434 573 non
1453 546 1537 578 dicat,
1548 546 1645 573 Filium
1662 554 1709 581 ge-

919 597 1047 624 uitumex
1067 596 1156 627 Patre,
1170 595 1222 622 hoc
1239 598 1290 624 est,
1303 601 1336 620 ex
1354 592 1509 620 substantia
1523 593 1582 626 ejus
1604 592 1709 622 divina.

919 642 1064 669 anathema
1079 641 1125 668 sit.
1139 640 1167 668 Si
1187 640 1250 675 quis
1262 647 1317 666 nou
1336 638 1422 670 dicat,
1443 646 1538 665 verum
1548 639 1633 665 Deum
1651 646 1710 665 essu

919 687 967 714 Dei
980 686 1090 718 Filium,
1115 686 1156 713 sic
1171 686 1210 712 uti
1228 691 1324 711 verum
1350 684 1436 710 Deum
1459 683 1567 710 Patrem
1583 683 1655 716 ejus,
1682 687 1708 708 et

919 732 996 759 illum
1011 731 1102 759 omnia
1119 738 1209 766 posse,
1227 734 1256 758 et
1270 730 1362 757 omnia
1378 737 1469 762 nosse,
1489 728 1619 763 Patrique
1633 729 1709 755 simi-

919 777 972 804 lem
988 785 1059 808 esse,
1072 778 1244 803 anathemata
1273 776 1319 802 sit.
1340 774 1368 802 Si
1398 775 1460 808 quis
1483 773 1566 806 dicat,
1595 781 1658 801 cum
1682 773 1709 799 in

922 830 1005 850 carne
1022 823 1124 857 degens
1137 822 1224 849 Filius
1250 820 1297 847 Dei
1316 820 1342 847 in
1361 820 1442 848 terris
1464 819 1526 852 fuit,
1541 820 1668 847 eumdem
1682 819 1709 846 in

922 869 1000 896 caelis
1010 873 1038 896 et
1057 876 1118 895 cum
1133 867 1213 895 Patre
1242 875 1296 894 non
1323 867 1417 898 fuisse,
1447 866 1594 893 anathema
1611 866 1657 893 sit.
1682 865 1709 892 Si

922 915 985 948 quis
997 914 1080 946 dicat,
1094 914 1121 940 in
1133 913 1260 948 passione
1276 913 1367 940 crucis
1385 913 1484 940 Filium
1508 912 1556 939 Dei
1583 917 1610 939 et
1624 912 1709 939 Deum

923 960 1056 992 Verbum,
1073 959 1228 991 divinitate,
1240 964 1268 986 et
1283 966 1337 985 non
1354 966 1436 985 carne
1452 966 1504 985 una
1525 965 1586 985 cum
1606 958 1709 989 anima,

922 1014 1003 1041 quam
1018 1006 1044 1033 in
1061 1005 1132 1034 servi
1146 1005 1198 1032 sibi
1209 1009 1347 1039 assumpta
1367 1005 1466 1035 forma,
1485 1009 1514 1030 ut
1528 1009 1622 1030 sancta
1637 1003 1712 1030 Scri-

923 1057 1003 1088 ptura
1021 1052 1100 1084 dixit,
1116 1050 1350 1083 induit,dolorem
1381 1050 1537 1085 pertulisse,
1565 1048 1710 1076 anathema

921 1099 968 1125 sit.
984 1097 1013 1124 Si
1029 1097 1092 1132 quis
1108 1105 1163 1123 non
1175 1097 1246 1123 dicat
1264 1095 1311 1122 Dei
1328 1095 1445 1122 Verbum
1458 1102 1540 1121 carne
1556 1099 1712 1133 passuumet

921 1152 1006 1171 carne
1020 1143 1197 1175 cruciﬁxum,
1213 1148 1241 1170 et
1257 1150 1339 1169 carne
1358 1148 1474 1169 mortem
1498 1146 1632 1176 gustasse,
1653 1147 1711 1174 prt-

922 1188 1091 1223 mogenitum
1109 1187 1209 1214 factum
1219 1194 1252 1214 ex
1272 1187 1401 1219 mortuis,
1417 1194 1467 1220 pro
1496 1193 1530 1213 eo
1550 1191 1632 1218 atque
1657 1185 1711 1212 vita

920 1239 962 1261 est
979 1239 1006 1261 et
1029 1233 1180 1265 viviticans,
1209 1234 1311 1268 quippe
1327 1233 1411 1263 Deus,
1444 1234 1592 1259 anathema
1609 1234 1654 1258 sit.
1682 1233 1710 1257 Si

902 1305 905 1308 .
920 1281 982 1314 quis
999 1287 1051 1307 non
1070 1279 1154 1310 dicat,
1174 1286 1236 1305 eum
1254 1279 1279 1305 in
1297 1285 1380 1305 carne
1395 1285 1477 1312 quam
1494 1278 1654 1311 assumpsit,
1676 1277 1710 1303 ad

921 1326 1045 1353 dextram
1060 1326 1150 1352 Patris
1164 1325 1272 1357 sedere,
1290 1325 1316 1351 in
1333 1332 1386 1359 qua
1403 1325 1485 1351 etiam
1503 1324 1628 1351 adveniet
1643 1324 1713 1356 iudi-

920 1376 1033 1399 caturus
1046 1371 1120 1397 vivos
1130 1376 1158 1398 et
1171 1375 1306 1403 mortuos,
1319 1370 1464 1397 anathema
1480 1370 1527 1397 sit.
1540 1370 1567 1397 Si
1581 1371 1643 1404 quis
1657 1378 1711 1397 nou

920 1418 1006 1451 dicat,
1030 1418 1162 1453 Spiritqu
1177 1422 1300 1444 sanetum
1316 1424 1380 1444 vere
1395 1422 1422 1444 et
1440 1417 1551 1452 proprie
1581 1425 1613 1443 ex
1632 1417 1713 1444 Patre

921 1471 992 1495 esse.
1010 1463 1242 1499 quemadmodum
1259 1468 1286 1491 et
1300 1462 1412 1496 Filium,
1427 1463 1610 1497 eumdemque
1626 1463 1712 1490 Deum

884 1527 904 1554 ο
923 1510 971 1538 Dei
989 1510 1124 1542 Verbum,
1145 1519 1178 1537 ex
1200 1510 1293 1538 divina
1315 1509 1481 1543 substantia,
1497 1510 1643 1538 anathema
1666 1511 1713 1538 sit.

924 1557 953 1584 Si
969 1557 1032 1592 quis
1046 1557 1132 1589 dicat,
1149 1557 1282 1592 Spiritum
1299 1561 1425 1584 sanctum
1443 1565 1498 1584 non
1514 1557 1630 1590 perinde
1656 1565 1715 1584 om-

923 1603 968 1629 nia
985 1610 1078 1638 posse,
1095 1603 1187 1630 omnia
1203 1602 1285 1635 scire,
1303 1607 1331 1630 et
1347 1602 1449 1637 ubique
1461 1608 1596 1630 terrarum
1608 1603 1713 1635 adesse,

925 1652 955 1674 ut
969 1648 1077 1675 Patrem
1095 1653 1122 1675 et
1137 1648 1247 1679 Filium,
1263 1648 1407 1675 anathema
1425 1649 1470 1676 sit.
1489 1648 1517 1675 Si
1552 1648 1613 1682 quis
1631 1649 1714 1678 dicat.

924 1693 1056 1728 Spiritum
1066 1699 1190 1720 sanctum
1206 1699 1372 1727 creaturam,
1389 1699 1491 1729 autper
1503 1694 1600 1721 Filiqu
1614 1695 1716 1722 factum

925 1747 997 1772 esse,
1012 1740 1158 1767 anathema
1175 1740 1221 1767 sit.
1242 1740 1269 1767 Si
1286 1741 1348 1775 quis
1363 1748 1418 1767 non
1438 1741 1523 1773 dicat,
1542 1741 1648 1768 Patrem
1665 1748 1715 1775 per

926 1785 1027 1812 Filium
1053 1791 1148 1820 postea
1172 1787 1345 1814 iucarnatum
1374 1791 1402 1814 et
1430 1787 1562 1821 Spiritum
1590 1792 1715 1815 sanctum

924 1839 1033 1859 creasse
1044 1833 1146 1862 omnia.
1159 1833 1278 1860 visibilia
1291 1833 1428 1865 videlicet,
1442 1839 1470 1860 et
1481 1833 1641 1862 invisibilia.
1653 1843 1718 1862 aua-

926 1876 1016 1904 theiua
1026 1878 1071 1904 sit.
1084 1877 1110 1904 Si
1119 1878 1182 1911 quis
1191 1886 1245 1904 non
1259 1878 1343 1910 dicat,
1355 1879 1443 1905 Patris
1451 1883 1477 1905 et
1489 1879 1547 1905 Filii
1558 1884 1585 1905 et
1597 1880 1718 1913 Spiritus

924 1922 1011 1949 sancti
1031 1930 1112 1949 unam
1126 1923 1265 1953 deitatem,
1284 1928 1458 1958 potestatem,
1474 1924 1655 1958 divinitatem,
1668 1933 1716 1959 ρο)-

926 1968 1048 2001 tentiam,
1069 1977 1150 1996 unam
1165 1970 1293 2004 gloriam,
1309 1977 1390 1996 unam
1408 1971 1612 2005 prnprictntcm,
1631 1979 1715 1998 unum

926 2021 1052 2049 regnum,
1068 2023 1149 2042 unam
1170 2016 1339 2043 voluntatem
1352 2021 1379 2044 et
1400 2017 1555 2048 veritatem,
1571 2018 1716 2046 anathema

926 2061 972 2088 sit.
982 2060 1009 2088 Si
1022 2062 1084 2096 quis
1093 2069 1147 2088 non
1160 2062 1243 2092 dicat.
1258 2067 1312 2090 tres
1324 2070 1385 2089 esse
1398 2070 1476 2090 veras
1489 2071 1619 2098 personas
1629 2064 1718 2092 Patris

925 2106 1022 2134 ctFilii
1038 2111 1066 2134 ct
1077 2107 1196 2142 Spiritus
1210 2108 1309 2139 salicti,
1319 2108 1449 2142 aequales,
1459 2117 1568 2143 semper
1583 2111 1716 2145 viventes,

926 2154 1017 2181 omnia
1033 2159 1060 2182 et
1074 2154 1194 2181 visibiiia
1210 2160 1237 2181 et
1249 2155 1398 2182 invisibilia
1424 2156 1609 2187 continentes,
1625 2157 1718 2185 omnia

891 2203 1065 2233 Dpotentes,
1094 2201 1185 2227 omnia
1221 2200 1390 2235 iudicantes.
1417 2202 1509 2228 omnia
1535 2203 1718 2236 viviﬁcantes,

927 2245 1020 2272 omnia
1041 2247 1286 2280 ercantes,omnia
1315 2251 1468 2279 servantes,
1498 2249 1643 2276 anathema
1672 2251 1717 2277 sit.

926 2291 1009 2326 258
1024 2291 1052 2319 Si
1070 2293 1132 2327 quis
1157 2301 1211 2320 nou
1225 2293 1298 2320 dicat
1313 2293 1444 2327 Spiritum
1462 2300 1588 2321 sant-tum
1607 2296 1721 2329 perinde

926 2342 1010 2373 atque
1024 2338 1122 2366 Filium
1134 2344 1162 2367 et
1185 2340 1295 2367 Patrem
1308 2340 1343 2368 ab
1358 2339 1433 2366 omni
1459 2345 1587 2367 creatura
1602 2341 1721 2369 adorau-

927 2382 992 2409 dum
1011 2391 1083 2415 esse.
1098 2385 1245 2413 anathema
1267 2386 1312 2413 sit.
1327 2386 1354 2412 Si
1374 2385 1436 2420 quis
1452 2385 1486 2413 de
1512 2385 1592 2413 Patre
1607 2391 1635 2413 et
1653 2387 1721 2414 Filio

933 2432 1007 2456 recte
1024 2431 1137 2463 sentiat,
1151 2431 1185 2458 de
1200 2431 1303 2466 Spiritu
1318 2439 1382 2459 vero
1400 2436 1497 2459 sancto
1525 2431 1719 2464 halluciuetur,

928 2475 1076 2502 hazreticus
1093 2481 1145 2503 est.
1162 2477 1297 2510 Quoniam
1313 2485 1408 2505 omnes
1421 2478 1576 2509 ha't'etieos,
1598 2477 1632 2504 de
1654 2477 1722 2505 Filio

929 2520 987 2551 Dei,
1005 2525 1034 2548 et
1051 2521 1084 2548 de
1098 2522 1203 2556 Spiritu
1223 2529 1319 2550 sancto
1332 2531 1475 2558 perperam
1501 2523 1666 2556 sentientes,
1695 2524 1722 2551 in

927 2565 1083 2593 Judzenrum
1093 2568 1303 2595 ctethnicorum
1316 2569 1477 2596 infidelitate
1491 2570 1594 2597 interere
1605 2575 1723 2597 constat.

929 2610 956 2638 Si
968 2611 1211 2646 quisdivinitatem
1239 2613 1359 2646 dividat,
1389 2616 1530 2650 sigillatim
1564 2616 1649 2643 Deum
1675 2616 1725 2643 Pa-

929 2661 998 2685 trem
1019 2658 1125 2689 dicens.
1148 2664 1175 2687 et
1192 2660 1276 2687 Deum
1302 2661 1411 2693 Filium,
1428 2667 1456 2688 et
1472 2663 1557 2690 Deum
1591 2663 1724 2698 Spiritttm

927 2711 1062 2740 sanetum,
1078 2713 1105 2734 et
1119 2707 1266 2735 contendat
1281 2709 1381 2743 tres(l)
1399 2708 1464 2736 deos
1476 2710 1608 2737 dicendos
1617 2717 1689 2741 esse,
1699 2713 1726 2735 et

927 2760 982 2780 non
999 2761 1083 2781 unum
1097 2754 1181 2782 Deum
1196 2760 1308 2791 propter
1318 2762 1398 2781 unam
1409 2754 1582 2783 ditiuitateiu
1597 2756 1622 2783 iu
1637 2755 1727 2782 tribus
