1906 3043
67 91 120 123 RS7

544 90 850 121 ECCLESMSTICR
869 92 1064 122 IllSTORle
1086 94 1161 124 LIB.
1184 94 1252 124 ΧΙῘ.

1651 99 1704 129 ἓῆδ

68 154 140 179 κατὰ
155 153 206 184 τὰς
222 152 375 188 ἐκκλησίας
390 153 583 187 φυλάττουσιν.
599 155 631 180 0i
648 155 703 189 γὰρ
717 156 766 188 τῆς
782 155 864 189 alti}:

920 152 1010 180 nionis
1027 158 1130 184 essent.
1147 153 1258 181 easdem
1284 153 1446 182 traditiones
1465 154 1491 182 in
1508 155 1629 184 ecclesiis
1644 165 1703 184 ser-

69 200 188 230 πίστεως
210 199 342 231 πολλάκις
363 199 435 226 κατὰ
453 201 487 226 τὶ
511 199 559 234 ἔθη
581 200 705 236 διάφοροι
727 200 862 234 καθεστή-

68 254 133 271 κασι
145 254 153 261 ·
171 246 221 272 καὶ
238 246 316 272 οὐδὲν
331 246 410 272 τοῦτο
424 247 457 281 τῇ
474 246 601 281 εὐσεϐείᾳ
616 247 786 282 λυμαίνεται.
806 248 863 274 Ἐνο

67 291 156 318 ταῦοα
179 292 208 318 δὲ
231 292 383 327 γενομένῳ,
403 292 509 318 δίκαιον
532 294 618 326 μικρά
638 302 699 319 τινα
724 294 788 328 περὶ
808 294 864 320 τῶν

68 339 139 365 κατὰ
151 339 204 370 τὰς
220 339 371 372 ἐκκλησίας
386 339 526 373 διαφόρων
541 340 610 366 ἐθῶν
624 340 746 374 ἡγοῦμαι
764 341 863 373 διεξελ-

68 387 125 412 θεῖν
139 395 146 401 ·
164 386 182 414 ἃ
200 387 337 421 πρότερον
356 387 404 421 μὲν
420 386 508 422 εἶχον,
525 386 572 414 νῦν
588 387 615 414 δὲ
632 387 700 414 Θεοῦ
717 388 810 422 χάριτι
825 388 864 422 τῷ

66 433 157 468 γρόνῳ
183 433 425 467 μεταϐληθέντων,
448 434 487 464 ei;
510 433 540 460 ἓν
559 434 751 468 ὁμοφρονῆσαι
774 434 864 464 πάσας

67 479 190 512 ἐγένετο.
207 480 264 505 Καὶ
280 479 389 513 πρῶτον
404 488 436 513 γε
453 481 518 514 περὶ
534 479 616 506 αὐτοῦ
631 479 679 506 τοῦ
694 481 788 515 Πάσχα
804 481 863 507 δια-

67 526 189 560 ληπτέον
199 534 207 541 ·
221 525 273 556 τὰς
289 526 344 560 γὰρ
359 526 412 559 πρὸ
426 526 523 553 τούτου
537 526 666 559 νηστείας
681 526 820 561 διαφόρως
836 527 864 552 ἐν

67 574 196 600 ἑκάστοις
207 574 240 600 τὸ
251 574 281 605 ἐξ
294 574 382 608 ἀρχῆς
395 574 598 608 φυλαττομένας
611 574 783 608 εὑρίσκομεν.
798 574 865 609 Ῥως

68 621 145 652 peior.
160 621 212 655 μὲν
226 619 281 655 γὰρ
296 621 370 655 τρεῖς
384 620 447 654 ἑξῆς
463 621 643 654 συνημμένος
656 621 810 654 ἑϐδομάδας
822 630 864 655 νη-

68 667 215 694 στεύουσιν
229 667 442 702 ὗφαιρουμὲνων
455 667 509 694 τῶν
523 667 672 695 Σαϐϐάτων
684 669 731 695 καὶ
744 669 798 695 τῶν
813 669 865 695 Κυ-

69 713 175 745 ριακῶν
184 721 191 728 °
204 713 322 748 Ἰλλυρὶς
332 714 360 740 δὲ
373 714 448 740 πᾶσα
461 716 505 740 xu."
519 715 535 748 ὴ
549 713 653 747 Ἑλλὰς,
667 715 734 750 πρδς
746 715 774 741 δὲ
786 715 834 742 καὶ
847 715 863 750 ἠ

72 760 278 794 Ἀλεξάνδρεια,
290 761 337 787 καὶ
349 760 436 795 Λιϐύη
451 761 526 787 πᾶσι
538 761 586 786 καὶ
598 761 736 794 Αἴγυπτος
749 761 796 787 καὶ
808 761 864 786 Πα-

66 806 193 840 λαιστίνη
203 827 210 837 ,
223 807 253 832 ἐν
263 806 294 838 ἐξ
304 806 436 840 ἑϐδομάσι
445 806 494 840 τὴν
506 806 558 839 πρὸ
569 806 615 832 τοῦ
628 807 724 841 Πάσχα
736 807 865 840 νηστείαν

66 852 241 885 περαίνουσι,
252 852 484 887 Τεσταρακοστὴν
492 853 577 886 αὐτὴν
586 853 776 887 ὀνομάζοντες.
785 854 863 880 Ἐτε-

67 907 107 928 ροι
118 899 147 924 δὲ
158 899 212 932 προ
221 899 292 925 ἑπτὰ
301 898 459 932 ἑϐδομάδων
466 899 516 933 τῆς
523 900 652 930 νηστείας
661 900 862 934 κατάρχονται,

66 945 103 975 ὡς
119 945 148 970 ὲν
164 944 452 972 Κωνσταντινουπόλει
469 945 517 971 καὶ
533 945 614 980 πέριξ
627 945 692 980 ἄχρι
707 946 841 972 Φοινίκων
853 953 861 961 ·

68 989 145 1023 τρεῖς
162 988 186 1014 δ’
201 989 232 1014 ἐν
243 989 342 1020 αὑταῖς
354 989 428 1016 ἄλλοι
445 989 637 1024 πενθημέρους
651 991 682 1016 ἐκ
696 990 863 1025 διαλειμμά-

67 1043 123 1061 των
138 1035 333 1068 νηστεύοντες,
352 1035 452 1070 ἐπίσης
469 1036 516 1062 καὶ
536 1036 616 1062 αὐτοὶ
631 1036 863 1072 Τεσσαρακοστὴν

68 1081 115 1107 τὸν
138 1081 240 1116 χρόνον
263 1080 361 1108 τοῦτον
377 1081 520 1108 καλοῦσιν’
538 1083 562 1108 οἱ
578 1082 607 1108 δὲ
632 1082 677 1108 δύο
693 1083 717 1108 oi
733 1082 768 1108 τὰ
789 1082 863 1109 Μον-

67 1127 163 1153 τανοῦ.
183 1127 229 1153 Ἐν
244 1123 286 1157 οἷς
305 1127 354 1154 καὶ
373 1127 468 1162 Θαῦμά.
484 1136 530 1162 μοι
547 1127 648 1161 ἔπεισι,
665 1128 724 1160 πῶς
742 1128 863 1159 ἅπαντες

68 1169 142 1200 ὀῦτοι
169 1173 404 1208 Τεσσαρακοστὴν
431 1173 518 1208 αὐτὴν
546 1174 720 1208 ὀνομάζουσι,
740 1175 809 1201 κατὰ
832 1175 864 1201 τὸ

70 1220 173 1254 μέτρον
190 1219 247 1246 τῶν
262 1219 376 1255 ἡμερῶν
397 1219 474 1246 οὐδὲν
491 1217 573 1256 ἦττον
590 1220 793 1255 διαφερόμενον
812 1220 863 1248 κᾶν

69 1265 149 1296 ἄλλος
173 1265 257 1292 ἄλλον
274 1266 354 1299 λόγον
376 1266 593 1301 συρράπτοντες,
613 1266 732 1301 τοῦνομα
755 1266 864 1301 σεμνῶς

69 1312 261 1346 ἐγκαλύπτειν
278 1312 442 1347 πειρῶνται.
459 1314 496 1339 Οὺ
521 1313 602 1347 μόνον
619 1314 647 1340 δὲ
671 1314 736 1348 περὶ
758 1314 788 1340 τὸ
808 1314 864 1341 τῶν

68 1359 186 1393 ἡμερῶν
210 1358 380 1393 διαφωνοῦσι
403 1358 497 1390 ποσὸν,
518 1360 587 1386 ἀλλὰ
601 1360 648 1386 καὶ
668 1360 707 1394 τῷ
724 1360 796 1394 ποιῷ
809 1360 864 1387 τῶν

69 1404 242 1438 ἐδεσμάτων,
259 1403 309 1431 καὶ
320 1405 354 1439 τῇ
371 1406 541 1439 προσαγωγῇ
558 1413 589 1431 τε
605 1405 652 1432 καὶ
668 1406 758 1440 ἀποχῇ
773 1405 864 1440 πολλῷ

69 1450 259 1485 διεστήκασιν·
291 1451 315 1477 ol
345 1450 395 1484 μὲν
421 1451 477 1485 γὰρ
507 1451 628 1485 πάμπαν
657 1451 790 1486 ἐμψύχων
813 1451 863 1486 οὺχ

69 1495 219 1521 ἅπτονται·
230 1495 307 1522 ἄλλοι
320 1495 348 1522 δὲ
360 1496 408 1522 καὶ
422 1495 569 1527 ἅπτονται,
583 1496 641 1522 ἀλλ’
655 1497 755 1531 ἰχθύων
770 1496 862 1532 μόνον.
878 1507 902 1539 C

71 1541 130 1567 Εἰσὶ
146 1541 177 1568 δὲ
192 1541 219 1567 οἳ
231 1541 286 1567 τῶν
303 1541 436 1576 ἐμψύχων
447 1542 494 1568 καὶ
510 1543 558 1569 σὺν
570 1543 627 1573 τοῖς
641 1542 731 1578 ἰχθύσι
749 1543 864 1570 καὶτῶν

71 1585 184 1619 πτηνῶν
202 1585 400 1619 ἀπογεύονται,
414 1585 543 1619 λέγοντες
560 1586 590 1618 ἐξ
605 1585 703 1618 ὕδατος
718 1586 863 1613 καὶταῦτα

72 1629 222 1664 ἐσχηκέναι
248 1630 298 1664 τὴν
326 1630 444 1663 γένεσιν,
461 1630 500 1661 ὦς
525 1639 593 1664 φησι
620 1631 754 1664 Μωῦτῆς.
780 1631 812 1657 Ol
836 1630 864 1656 δὲ

72 1675 132 1702 ὠῶν
149 1676 313 1710 ἀπέχονται·
331 1676 406 1702 ἄλλοι
424 1676 453 1702 δὲ
472 1676 610 1711 ἀκρόδρυα
625 1677 729 1710 τροφὴν
745 1675 862 1711 ἔχουσιν.

73 1722 131 1748 Εἰσὶ
143 1722 172 1748 δὲ
189 1722 216 1748 οἳ
233 1722 281 1748 καὶ
297 1721 382 1758 ξηροῦ
398 1721 483 1757 ἄρτου
501 1723 584 1757 μόνου
607 1722 779 1757 μετέχουσιν
797 1722 822 1748 οἱ
835 1722 864 1748 δὲ

72 1768 130 1794 οὐδὲ
147 1769 258 1794 τούτου.
272 1768 406 1803 Διάφορος
422 1768 450 1795 δὲ
467 1768 516 1795 καὶ
531 1769 547 1803 ἠ
563 1767 623 1803 ὥρα
636 1768 685 1803 τῆς
700 1768 864 1799 ἐστιὰσεωςο

71 1815 95 1840 οἱ
114 1815 165 1848 μὲν
182 1816 240 1849 γὰρ
255 1814 336 1850 ἄχρις
357 1815 466 1850 ἐνάτης,
483 1816 508 1841 oi
533 1816 561 1841 δὲ
586 1815 657 1850 μετὰ
676 1815 753 1842 δύσιν
774 1815 863 1851 ἡλίου,

72 1861 146 1887 ἄλλοι
162 1861 193 1887 δὲ
209 1861 281 1895 μετὰ
295 1861 360 1895 μίαν
375 1862 484 1897 ἡμέραν
499 1861 622 1888 ἐσθίουσι
635 1862 685 1897 τὴν
702 1862 777 1897 ἐξῆςσ
789 1861 865 1889 ἄλλοι

71 1907 96 1932 δὲ
113 1907 162 1933 καὶ
179 1907 228 1933 ἐπὶ
241 1908 317 1942 τρεῖς
330 1908 376 1933 καὶ
388 1907 526 1942 τέσσαρας
541 1908 589 1934 καὶ
604 1907 697 1939 πέντε,
714 1909 762 1934 καὶ
781 1908 864 1943 μέχρι

70 1953 126 1980 τῶν
140 1953 216 1980 ἑπτὰ
231 1954 373 1988 προΐασιν,
388 1953 426 1985 ὡς
443 1955 552 1990 ἑκάστῳ
568 1955 685 1989 δύναμις
702 1963 731 1981 τε
745 1955 791 1982 καὶ
804 1955 866 1988 βού-

71 1999 162 2034 λησις.
179 1999 235 2025 Καὶ
256 1999 325 2026 ἄλλα
341 2000 405 2035 παρ’
421 2000 513 2032 ἄλλοις
528 2002 622 2035 γένεσι
645 2001 694 2027 καὶ
717 2001 820 2034 φύλοιςι
836 2001 867 2028 ἐν

70 2043 110 2077 οἷς
134 2046 184 2073 καὶ
212 2046 310 2080 μυρίαι
327 2046 413 2073 αἰτίαι
438 2047 494 2074 τῶν
516 2047 646 2074 τοιούτων
669 2047 749 2074 εξσίνι
767 2047 809 2081 ἐφ’
825 2044 866 2080 οἷς

72 2093 180 2119 ἅπασιν
198 2091 278 2118 οὐδέν
297 2101 323 2119 τι
345 2093 486 2128 ἔγγραφον
511 2093 699 2127 παράγγελμα
716 2094 803 2127 δεῖξαι
825 2102 868 2125 τις

71 2136 140 2171 ἔχει.
158 2136 205 2168 Ὠς
219 2135 300 2171 δῆλον
315 2134 397 2168 εἶναι,
413 2136 451 2168 ὡς
467 2137 500 2164 τὰ
516 2137 620 2172 ἑκάστῃ
643 2137 775 2164 δοκοῦντα
797 2147 866 2173 προ-

71 2182 195 2218 ἐτρεψαν
212 2182 237 2209 οἱ
253 2182 300 2209 ἀπ’
315 2183 558 2230 ἀρχῆς-ὑπηρέται
581 2183 629 2210 τοῦ
645 2184 742 2230 Λόγους
768 2183 804 2230 ἶνῖ
816 2185 865 2230 ἐξῇ
883 2200 907 2230 D

71 2229 194 2263 ἑκάστῳ,
212 2227 251 2263 μὴ
264 2227 339 2262 φόὸῳ
353 2227 415 2262 μηδ’
430 2227 538 2263 ἀνάγκῃ
552 2228 604 2255 τινὶ
617 2228 647 2254 τὸ
661 2228 763 2262 ἀγαθὸν
776 2228 866 2262 αἱρετ-

72 2276 147 2302 σθαι.
163 2275 248 2302 ’Δλλὰ
261 2275 326 2308 περὶ
344 2275 394 2310 μὲν
413 2276 548 2309 νηστειῶν
567 2275 614 2302 τοῦ
639 2275 735 2310 Πάσχα
751 2275 799 2302 καὶ
815 2275 866 2309 τῆς

71 2322 176 2356 τροφῆς
193 2320 326 2347 τοσαῦται
349 2321 498 2355 διαφωνίαι
513 2321 544 2348 τὸ
567 2321 597 2354 ἐξ
620 2321 708 2357 ἀρχῆς
725 2321 795 2348 κατὰ
816 2321 866 2353 τὰς

71 2367 224 2402 ἐκκλησίας
238 2364 320 2402 ἦσαν.
339 2367 420 2394 Ἀλλὰ
435 2368 489 2402 μὴν
503 2368 550 2394 καὶ
565 2368 629 2403 περὶ
645 2367 783 2400 συνάξεων
798 2367 866 2394 ἄλλα

73 2415 192 2441 πλεῖστα
208 2414 255 2440 καὶ
269 2414 404 2448 ἀδιάφορα
428 2414 502 2440 ἐστιν
518 2414 620 2448 εὑρεῖν
637 2414 692 2440 τῶν
710 2414 764 2449 γὰρ
779 2414 868 2440 ἀπανη-

72 2461 157 2496 ταχοῦ
170 2462 222 2495 τῆς
235 2461 402 2495 οἰκουμένης
416 2460 572 2494 ἐκκλησιῶν
585 2461 613 2486 ἐν
625 2461 686 2491 ταῖς
697 2460 750 2486 τῶν
763 2459 868 2486 2166i-

72 2516 126 2534 των
141 2506 264 2541 ἡμέραις
279 2506 308 2538 ἐξ
321 2505 398 2537 ἔθους
413 2507 534 2541 ἐχουσῶν
548 2506 610 2532 καθ’
626 2501 774 2540 ἐὸδομάδος
788 2500 867 2538 περι-

74 2554 180 2588 τροπὴν
198 2553 233 2580 τὰ
246 2552 307 2579 θεῖα
326 2553 465 2587 μυστήρια
483 2553 756 2587 ἐκτελεῐν,”Ρωμαῖοί
773 2561 802 2578 τε
819 2552 867 2578 καὶ

80 2599 270 2635 Ἀλεξανδρεῖς
296 2599 346 2626 καὶ
374 2599 432 2626 ὅσοι
459 2599 509 2634 τὴν
542 2598 663 2634 Θηὸαἲδα
693 2598 867 2634 περιοικοῦσι

77 2648 205 2681 ουνὰξεις
227 2647 278 2681 μὶν
300 2646 371 2673 κατὰ
391 2645 532 2674 Σάὸϐατον
554 2645 738 2672 ἐπιτελοῦσιν·
756 2645 787 2671 οὐ
813 2645 868 2680 μὴν

76 2695 168 2728 ὥσπερ
181 2692 216 2726 ἦν
231 2693 292 2724 ἔθος
304 2694 366 2719 τότε
380 2692 448 2718 πᾶσι
462 2693 646 2725 Χριστιανοῖς,
658 2692 706 2718 καὶ
721 2692 774 2717 τῶν
787 2691 868 2718 θείων

78 2740 258 2775 ἅγια-τμάτων
273 2741 408 2774 μετεῖχον.
427 2738 507 2765 Ἀλλὰ
525 2740 594 2774 μετᾶ
609 2739 639 2766 τὸ
652 2738 753 2769 ἱκανῶς
764 2739 870 2773 εὐωχη-

916 202 1025 225 varunt.
1054 199 1084 225 Et
1115 199 1162 234 qui
1194 200 1319 227 eamdem
1347 201 1476 229 colebant
1504 201 1604 234 ﬁdem.
1632 211 1706 238 smpe

916 245 1148 272 consuetudinum
1179 247 1375 275 observatione
1402 248 1475 276 inter
1499 256 1529 276 se
1552 251 1703 278 variarunt.

916 290 1010 326 Neque
1027 292 1054 319 id
1076 300 1147 319 verte
1164 293 1258 327 pietati
1278 294 1446 322 detrimento
1461 295 1630 333 fuit._Porro
1642 304 1704 324 cum

917 337 949 364 ad
975 337 1048 365 hunc
1066 338 1157 365 locum
1173 339 1397 373 pervenerimus,
1419 348 1529 374 aequum
1547 341 1634 368 visum
1653 347 1705 374 est,

917 391 1004 417 pauca
1029 385 1153 418 qutedam
1180 385 1214 412 de
1234 384 1354 413 diversis
1378 386 1558 414 ecclesiarum
1583 388 1707 415 moribus

916 437 1158 458 commemorare:
1182 431 1228 465 qui
1251 436 1331 459 antea
1351 432 1460 467 quidem
1477 433 1518 460 sic
1535 433 1610 460 varie
1635 435 1708 462 obti-

915 481 1046 509 nuerunt,
1064 485 1137 504 nunc
1162 482 1253 504 autem
1277 485 1326 511 per
1345 478 1459 512 gratiam
1483 479 1530 506 Dei
1553 487 1615 506 cum
1640 481 1708 507 tem-

916 531 982 556 pore
1007 524 1114 555 mutati,
1138 523 1171 550 ad
1196 524 1416 552 consentientem
1437 525 1612 552 concordiam
1634 527 1705 560 apud

915 577 1011 596 omnes
1034 575 1227 602 pervenerunt.
1253 570 1284 596 Et
1310 570 1430 605 primum
1455 570 1488 597 de
1513 570 1707 598 observatione

915 615 1054 642 Paschalis
1082 615 1143 642 l'esti
1167 615 1327 643 dicendum.
1350 615 1416 649 Qum
1439 617 1513 644 enim
1539 624 1584 644 eas
1607 625 1708 652 prmce-

915 661 986 688 dunt
1001 661 1086 694 ferias
1104 661 1222 696 jejunia,
1242 663 1318 689 varie
1337 662 1410 697 apud
1430 671 1556 698 quosque
1573 663 1607 690 ab
1627 664 1707 691 initio

916 712 1025 735 servata
1044 707 1239 742 comperimus.
1262 708 1378 736 Romani
1396 717 1514 743 namque
1537 714 1592 737 tres
1616 711 1706 737 conti-

915 762 984 782 nuas
1008 754 1205 785 hebdomadas,
1232 754 1361 782 Sabbatis
1385 759 1414 782 et
1437 755 1588 783 Dominicis
1609 756 1707 784 diebus

915 800 1045 834 exceptis.
1060 800 1230 835 iejnnaruut.
1244 800 1346 834 lllyrici
1363 805 1467 831 autem.
1481 806 1509 828 et
1521 806 1619 829 cuncta
1633 801 1708 830 Grae-

879 837 901 866 Β
916 847 968 878 eia,
994 851 1126 880 praeterea
1149 845 1317 873 Alexandria
1341 851 1365 874 et
1385 846 1469 882 Libya
1495 848 1602 879 omnis,
1625 847 1708 883 Egy-

916 896 978 925 ptus
994 896 1021 918 et
1036 891 1194 922 Palaestina,
1214 899 1261 918 sex
1283 891 1504 920 hebdomadibus
1524 897 1587 920 ante
1606 893 1707 921 festum

915 937 1027 965 Pascbze
1051 937 1188 973 jejunium
1217 938 1434 971 continuarunt,
1462 939 1706 975 Quadragesimam

916 985 1023 1016 tempus
1049 981 1076 1008 id
1102 981 1289 1010 nominantes.
1316 982 1369 1010 Alii
1395 991 1493 1011 rursus
1515 989 1578 1011 ante
1601 988 1706 1018 septem

915 1026 1106 1054 hebdomades
1117 1027 1245 1061 ieiunare
1261 1027 1427 1063 inceperunt
1445 1038 1453 1056 :
1475 1029 1556 1057 sicuti
1571 1029 1708 1058 Constan-

916 1073 1052 1108 tinopoli.
1079 1077 1107 1100 et
1129 1073 1312 1101 circuntcirca
1340 1075 1374 1102 ad
1407 1075 1576 1103 Pltmniciam
1606 1084 1706 1111 usque,

915 1119 996 1154 295
1011 1119 1100 1147 tribus
1113 1123 1218 1146 tantum
1236 1120 1457 1149 hebdomadibus
1475 1122 1578 1155 quinos
1598 1122 1659 1150 dies
1673 1131 1707 1150 ex

916 1165 1061 1192 intervallo
1073 1165 1124 1199 (1).
1139 1165 1214 1193 binis
1229 1166 1395 1200 septimanis
1413 1166 1591 1198 intermissis.
1608 1175 1622 1194 a
1636 1168 1708 1196 cibis

915 1217 944 1237 se
961 1210 1145 1242 abstinentes,
1161 1211 1257 1238 itidem
1270 1212 1515 1247 Quadragcsimam
1531 1217 1639 1248 tempus
1653 1215 1707 1242 tale

914 1260 1049 1282 vocarunt
1075 1265 1082 1282 :
1107 1255 1282 1284 Montanistre
1302 1265 1368 1285 vero
1394 1258 1512 1286 duabus.
1537 1260 1612 1293 Quos
1639 1261 1706 1288 mihi

915 1303 1046 1331 demirari
1067 1303 1093 1331 in
1110 1308 1230 1331 mentem
1250 1304 1336 1336 venit,
1352 1305 1492 1339 quomodo
1508 1313 1604 1333 omnes
1617 1307 1661 1333 isti
1679 1307 1706 1333 in

915 1349 1023 1384 dierum
1042 1357 1157 1376 numero
1173 1350 1214 1377 sic
1232 1352 1384 1382 variantes,
1398 1350 1643 1386 Quadragesimam
1663 1356 1705 1379 tat

915 1403 979 1422 men
993 1395 1090 1430 jcjnnii
1106 1400 1214 1431 tempus
1229 1401 1341 1424 vocent.
1356 1396 1488 1430 Quamvis
1503 1397 1549 1424 alii
1565 1398 1646 1424 aliam
1666 1406 1707 1425 ra-

917 1443 1020 1469 tionem
1039 1447 1175 1474 texentes.
1193 1443 1300 1470 nomini
1319 1443 1346 1470 ei
1371 1443 1520 1471 honestum
1544 1450 1708 1478 praetextum

917 1488 1081 1516 obtendant.
1107 1488 1166 1516 Non
1190 1489 1279 1517 solun.
1304 1497 1371 1516 vero
1393 1490 1428 1517 de
1445 1489 1555 1517 dierum
1581 1499 1709 1523 numero,

916 1542 1012 1562 verum
1028 1535 1111 1562 etiam
1128 1535 1161 1562 de
1175 1536 1246 1563 cibis
1262 1535 1340 1571 ipsis,
1359 1537 1393 1564 de
1408 1537 1486 1564 aditu
1504 1537 1538 1564 ad
1555 1545 1633 1564 sacra
1651 1546 1711 1573 my-

914 1581 1009 1612 steria,
1029 1585 1057 1608 et
1080 1581 1258 1612 abstinentia.
1281 1582 1398 1609 multum
1421 1582 1495 1610 inter
1509 1590 1538 1610 se
1555 1583 1707 1610 dissident.

915 1627 1032 1660 Quidam
1049 1629 1124 1654 enim
1143 1628 1263 1656 animata
1278 1636 1393 1664 prorsus
1406 1636 1460 1656 non
1476 1629 1617 1663 attingunt
1634 1639 1640 1657 :
1659 1630 1708 1657 alii

915 1677 1009 1702 autem
1033 1674 1185 1709 attingunt,
1203 1674 1251 1702 sed
1276 1674 1367 1709 pisces
1391 1675 1476 1702 solos.
1494 1675 1565 1702 Sunt
1585 1675 1632 1710 qui
1650 1677 1711 1703 ani—

916 1725 988 1748 mata
1005 1728 1115 1755 quoque
1127 1727 1190 1748 cum
1208 1720 1332 1755 piscibus
1348 1720 1469 1748 Volatilia
1483 1720 1632 1755 degustant
1650 1730 1656 1747 :
1675 1729 1710 1749 ex

916 1766 998 1801 aquis
1015 1774 1048 1793 ea
1064 1773 1176 1800 quoque
1198 1766 1342 1801 progenita
1358 1773 1432 1798 esse,
1450 1771 1480 1793 ut
1503 1766 1592 1794 Moses
1608 1767 1708 1802 inquit.

918 1813 1050 1840 dicentes.
1067 1812 1198 1840 Nonnulli
1214 1813 1248 1839 ab
1264 1813 1325 1839 ovis
1344 1816 1372 1839 ct
1395 1812 1516 1839 nucibus
1539 1813 1598 1839 sive
1616 1813 1710 1840 baccis

917 1860 1068 1887 abstinent.
1097 1858 1226 1886 Nonnulli
1252 1865 1318 1885 vero
1343 1857 1474 1884 arborum
1503 1858 1642 1885 fructibus
1661 1867 1709 1885 ve-

918 1910 1044 1932 scuntur.
1057 1904 1173 1937 Quidam
1187 1910 1285 1938 panem
1299 1903 1404 1930 siccum
1419 1907 1524 1930 tantum
1537 1903 1686 1930 comedunt
1700 1913 1708 1931 :

918 1950 1029 1985 quidam
1047 1956 1112 1976 vero
1128 1957 1162 1976 ne
1183 1949 1257 1976 hunc
1270 1948 1380 1983 quidem
1398 1948 1548 1983 attingunt.
1563 1948 1708 1975 Diversum

919 1997 1005 2024 etiam
1032 2000 1075 2024 est
1098 1995 1152 2023 cibi
1178 1995 1307 2030 capiendi
1331 2000 1449 2029 tempus.
1474 1994 1566 2028 Aliqui
1591 2001 1710 2028 namque

920 2044 987 2070 hora
1011 2036 1093 2075 nona,
1115 2042 1202 2077 aliqui
1226 2047 1288 2077 post
1318 2048 1447 2069 occasum
1471 2041 1573 2071 solum.
1597 2040 1710 2075 quidam

920 2095 981 2126 post
994 2090 1067 2117 diem
1085 2097 1166 2116 unam
1180 2088 1308 2123 sequenti
1324 2088 1368 2115 die
1385 2087 1476 2114 cibum
1489 2088 1603 2122 capiunt
1618 2097 1624 2114 :
1642 2095 1712 2114 non-

921 2137 990 2164 nulli
1009 2144 1075 2164 vero
1095 2135 1128 2163 ad
1148 2140 1215 2168 tres,
1232 2134 1264 2162 ad
1280 2139 1411 2168 quatuor,
1429 2134 1462 2161 ad
1482 2134 1616 2168 quinque.
1633 2138 1661 2160 et
1677 2132 1710 2160 ad

921 2189 1025 2217 septem
1043 2190 1132 2218 usque
1144 2182 1202 2210 dies
1214 2181 1333 2216 dapibus
1349 2181 1523 2208 abstinentes
1536 2179 1690 2215 procedunt
1704 2188 1710 2206 :

921 2236 971 2263 pro
995 2235 1029 2255 eo
1054 2232 1138 2262 atque
1163 2228 1282 2262 quisque
1305 2226 1368 2254 cibo
1391 2233 1487 2253 carere
1513 2225 1557 2253 vel
1582 2225 1652 2256 vult.
1669 2224 1712 2252 vel

921 2279 1021 2310 potest.
1037 2274 1070 2302 Et
1087 2275 1138 2301 alia
1154 2274 1226 2308 apud
1247 2273 1316 2300 alias
1334 2278 1429 2308 gentes
1449 2276 1476 2299 et
1496 2271 1613 2306 populos
1633 2271 1712 2303 ﬁunt,

920 2321 992 2355 apud
1006 2328 1076 2355 quos
1087 2328 1182 2348 rerum
1197 2319 1291 2346 talium
1310 2319 1462 2345 innumera:
1477 2320 1585 2343 exstant
1596 2324 1686 2343 causa:
1703 2325 1711 2344 :

920 2368 955 2395 de
972 2367 1075 2402 quibus
1098 2367 1231 2394 onmibus
1249 2365 1359 2393 nullum
1385 2368 1565 2398 praeceptum,
1588 2363 1661 2396 qttod
1685 2362 1712 2390 in

920 2414 1054 2448 scriptum
1072 2412 1189 2440 relatum
1206 2411 1262 2443 sit,
1276 2409 1385 2438 ostendi
1402 2413 1504 2443 potest.
1516 2408 1551 2436 Ut
1564 2408 1631 2435 satis
1645 2415 1713 2434 σου·

922 2465 986 2488 stet.
1007 2460 1111 2494 primos
1132 2459 1194 2486 illos
1208 2458 1288 2485 verbi
1306 2456 1459 2488 ministros,
1473 2457 1507 2482 ab
1524 2455 1603 2482 initio
1616 2455 1713 2482 obser-

922 2506 1048 2532 vationes
1065 2505 1199 2541 ejusmodi
1222 2503 1341 2531 arbitrio
1357 2510 1534 2538 quorumque
1552 2501 1711 2536 reliquisse,

923 2557 952 2579 ut
967 2552 1084 2587 quisque
1103 2559 1158 2579 non
1179 2556 1253 2578 metu
1272 2554 1320 2577 aut
1336 2549 1503 2576 necessitate
1516 2547 1643 2583 quapiam
1665 2548 1713 2575 ad-

921 2598 1033 2630 ductus,
1049 2597 1123 2632 quod
1142 2597 1244 2623 bonum
1258 2601 1310 2627 est,
1329 2595 1451 2628 deligere
1466 2598 1493 2621 et
1511 2593 1588 2628 sequi
1608 2598 1711 2628 posset.

921 2645 1007 2673 Porro
1030 2645 1056 2671 iu
1074 2643 1186 2679 jejuniis
1201 2642 1284 2670 ferias
1309 2641 1455 2669 Pascltaies
1475 2641 1712 2676 pralcedentibus.

922 2699 950 2720 et
973 2693 999 2719 in
1017 2690 1200 2728 jejunantium
1227 2689 1307 2721 cibis,
1327 2697 1343 2716 a
1367 2688 1506 2723 principio
1533 2688 1561 2715 in
1586 2688 1714 2716 ecclesiis

897 2763 900 2770 ,
924 2736 1083 2772 luxjusntodi
1101 2735 1248 2762 diversitas
1264 2733 1327 2762 iuit.
1345 2734 1446 2762 Verum
1464 2735 1491 2761 in
1507 2734 1608 2770 Synaxi
1625 2733 1712 2769 pluri-

111 2835 150 2870 (i)
171 2835 255 2869 Τρεῖς
284 2835 367 2870 μόνας
394 2835 585 2871 πενθημὲρους
616 2837 646 2861 ἐκ
673 2833 866 2869 διαλεμμάτων
886 2833 1072 2870 νηστεύοντες.
1090 2833 1195 2861 Soct‘ut.
