1906 3043
186 93 239 151 sua

800 120 1011 151 NICEPHORI
1033 119 1208 150 CALLISTI

1764 121 1828 153 865

187 173 306 206 diaconi,
335 172 363 200 in
386 173 478 201 multis
504 181 569 202 vero
587 175 648 202 aliis
674 175 723 203 soli
751 177 919 208 sacerdotes,
945 177 973 203 in

1035 177 1133 208 πολλοῖς
1148 177 1204 202 τῶν
1231 175 1358 210 μοναχῶν
1383 175 1509 209 ἄγεσθαι’
1528 176 1606 210 λόγος
1623 184 1654 210 γε
1672 176 1728 212 μὴν
1743 176 1829 212 εἶχεν

187 218 328 246 nonnullis
343 226 453 253 quoque
472 219 569 247 diebus
591 220 794 248 celebrim'ibus
818 222 900 248 etiam
914 221 972 256 epi-

187 263 276 297 scopi.
299 263 326 290 ld
343 263 414 301 quod
433 264 513 291 hodie
533 272 644 299 quoque
665 265 906 302 Constantinopoli
931 267 971 298 fit,

187 314 216 335 ιιι
241 309 359 336 maxime
387 310 559 337 Paschaliqu
583 311 714 339 feriarum
742 312 786 339 die
813 314 920 348 prima,
945 319 973 341 ct

188 355 278 389 primo
292 356 356 382 anni
372 356 458 390 ipsius
476 357 611 392 ingressu.
630 357 718 392 Atque
732 366 763 385 ea
782 359 864 386 lectio
881 360 971 394 dupli-

189 401 259 428 citer
275 401 314 427 lit.
330 402 467 433 Quantum
484 410 602 437 namque
617 405 769 439 evangelici
784 406 880 440 scripti
897 406 973 440 prior
1006 403 1017 415 “

189 447 235 473 ille
249 447 355 480 recitat,
378 452 482 474 tantum
497 455 591 484 postea
611 458 722 485 quoque
742 452 874 479 diaconus
895 460 972 486 repe-

188 493 222 519 tit
237 492 352 524 scilicet,
366 493 448 520 sicuti
464 502 515 529 ego
530 496 671 529 existimo,
685 502 713 524 ut
725 498 872 532 episcopus
889 500 971 526 etiam

188 537 378 571 Evangﬂium,
400 544 428 565 et
452 547 507 566 non
530 545 636 568 tantum
663 542 710 576 qui
735 542 920 570 ministerium
945 544 971 570 id

187 583 276 609 sortiti
293 589 370 614 οιιιιι,
389 585 536 618 ιιιαιιὶὶεοιο
555 587 689 614 videatur.
707 587 737 614 Et
751 588 865 616 fortasse
877 589 972 621 etiam,

190 632 218 653 ιιι
238 627 264 654 id
288 629 397 656 caelitus
424 629 547 658 fulminis
569 639 644 658 mare
669 633 797 660 intonans
819 634 972 666 audientes,

187 673 295 701 sincere
312 675 416 709 absque
441 677 616 704 simulatione
637 682 665 705 et
684 680 879 713 depravatione
898 680 973 707 omni

188 720 395 748 annuntiemus.
411 721 563 757 Episcopus
580 731 645 750 vero
658 726 742 751 etiam
759 726 878 759 primum
892 731 975 753 testa-

188 766 273 793 menti
298 767 475 802 Evangelium
496 770 571 804 legit,
593 771 675 798 veluti
702 772 851 806 perfectam
879 781 974 808 perso—

189 820 250 838 nam
266 813 370 840 Christi
389 815 521 842 referens.
542 817 627 843 Parro
645 818 818 851 precationes
834 819 927 846 itidem
946 825 974 846 et

190 857 365 892 psalmodias,
380 859 462 886 sicuti
483 861 587 888 dictum
601 867 653 894 est,
674 870 727 889 non
744 864 856 891 easdem
882 865 974 892 eccle-

189 904 237 930 sia}
249 911 347 931 omnes
361 905 472 938 habent,
492 907 538 934 sed
558 915 647 942 neque
670 909 758 937 libros
776 915 823 937 aut
842 911 974 939 lectiones

186 949 312 977 easdem.
328 951 395 977 Nam
410 959 470 978 eam
487 960 547 987 qua:
563 953 665 981 dicitur
681 955 754 982 Petri
771 948 973 991 Apocalypsim,

191 998 220 1019 ut
243 993 414 1022 subdimiam
437 1002 463 1023 ct
489 997 658 1032 illc-gitimam
683 1007 698 1026 ι
716 1001 856 1028 veteribus
870 1001 977 1036 judica-

192 1045 257 1072 nun,
283 1042 353 1074 apud
377 1041 536 1070 Palaestinos
558 1044 586 1070 in
606 1045 731 1073 ecclesiis
750 1047 915 1080 quihusdam
935 1055 976 1074 se-

193 1085 246 1111 mel
269 1087 418 1119 quotannis
433 1081 469 1115 'in
492 1088 537 1115 die
553 1089 717 1117 Parasceves
740 1090 901 1125 aliquandiu
921 1093 975 1128 legi

192 1129 300 1156 solitam
316 1130 399 1158 fuisse
417 1132 572 1160 invenimus
588 1142 595 1160 :
613 1142 667 1169 qua
682 1135 726 1162 die
744 1136 975 1172 populus-magna

192 1182 255 1201 cum
278 1176 409 1210 religione
431 1182 459 1205 et
482 1179 648 1207 contritione
672 1182 822 1209 salutiferae
840 1183 977 1217 paSsionis

189 1220 293 1247 Christi
319 1223 457 1250 memoriae
476 1231 543 1259 ergo
558 1225 673 1260 jejunat.
694 1227 812 1255 Rursum
835 1236 894 1255 eam
915 1234 976 1263 qua

191 1265 267 1292 Pauli
294 1268 412 1301 apostoli
436 1269 509 1296 dicta
535 1275 578 1298 est
605 1271 807 1307 Apocalypsim,
834 1282 916 1309 quam
943 1283 977 1302 ex

190 1312 290 1346 priscis
305 1313 466 1342 hominibus
479 1323 558 1343 nemo
572 1317 651 1350 vidit,
664 1319 791 1346 monachi
806 1320 900 1354 plures
914 1329 976 1348 cum

190 1360 368 1386 veneratione
385 1359 568 1390 admirantur.
594 1363 675 1390 Fama
693 1365 805 1398 quidem
825 1365 976 1398 increbuit,

191 1403 242 1431 hoc
267 1404 327 1439 ipso
347 1406 508 1440 imperantis
534 1408 684 1436 Theodosii
708 1414 843 1445 tempore,
871 1413 977 1440 revela-

193 1450 267 1477 tione
280 1451 373 1478 divina
390 1458 528 1486 repertum
544 1462 606 1481 esse
622 1454 726 1482 librum
741 1464 815 1488 eutn,
832 1458 858 1484 in
875 1460 976 1492 patria,

1023 223 1070 249 ἐπὶ
1084 223 1133 256 τῆς
1147 221 1289 248 Θεοδοσίου
1306 221 1446 256 βασιλείας
1458 223 1508 256 τὴν
1529 222 1621 257 βίΰλον
1635 223 1741 257 ταύτην
1755 223 1787 249 Oa
1794 224 1828 258 εᾳ

1023 268 1076 294 τινὶ
1090 267 1238 302 ἐπιφανείᾳ
1251 267 1368 302 ὀφθῆναι
1383 267 1437 293 ἀνὰ
1451 267 1500 303 τὴν
1513 268 1642 302 πατρίδα,
1660 271 1708 295 καὶ
1724 270 1828 295 οὲκίαν

1025 314 1133 340 Παύλου
1145 315 1174 339 ὲν
1189 313 1290 348 Ταρσῷ
1302 314 1352 348 τῆς
1365 314 1503 346 Κιλικίας,
1519 315 1681 351 μαρμαρίνῃ
1693 315 1825 350 λάρνακι

1025 360 1218 395 κρυπτομένην
1238 360 1278 391 είς
1300 359 1364 394 γῆνι
1383 360 1412 385 ἐν
1479 359 1530 394 τὴν
1547 359 1638 393 βίϐλον
1665 360 1786 386 κεῖσθαι·
1809 360 1827 386 ὃ

1024 407 1066 441 δὴ,
1085 406 1182 440 ψεῦδος
1195 404 1267 431 εἶναι
1285 405 1364 437 Κίλιξ
1389 404 1458 440 ἀνὴρ
1475 405 1660 440 πρεσὸύτερος
1675 406 1826 440 ὡμολόγει

1023 453 1072 487 τῆς
1085 454 1113 478 ὲν
1128 453 1226 487 Ταρσῷ
1251 451 1411 485 ἐκκλησίας.
1423 451 1488 477 Ὅτι
1504 451 1533 477 δὲ
1550 451 1656 478 πολλῶν
1672 452 1744 478 ὲτών
1770 450 1821 487 ἦν,

1026 498 1128 532 ἐμήνυε
1144 499 1191 524 καὶ
1210 498 1225 532 ἡ
1243 497 1333 523 πολιά.
1349 495 1555 532 Διεμαρτύρετο
1568 496 1596 522 δὲ
1621 496 1706 531 μηδὲν
1722 497 1825 523 τοιοῦ-

1024 552 1070 569 τον
1086 543 1128 568 ἐπ’
1145 542 1226 569 αὑτοῦ
1247 543 1395 577 συμϐῆναι·
1409 542 1559 576 θαυμάζων
1574 542 1601 567 δὲ
1617 542 1776 575 διετείνετο,
1791 542 1822 568 εἰ

1027 590 1066 624 μὴ
1080 589 1167 615 ταῦτα
1193 587 1263 622 πρὸς
1287 587 1434 622 αἱρετικῶν
1462 587 1632 622 ἁνεπλάσθη·
1656 588 1694 619 ὡς
1717 589 1768 614 καὶ
1786 589 1822 615 ἐν

1025 633 1120 664 ἄλλαις
1145 632 1258 663 πολλαῖς
1283 631 1338 657 τῶν
1366 631 1466 666 βίϐλων
1493 632 1610 666 ἐγένετο,
1631 633 1695 666 περὶ
1712 629 1751 659 ὧν
1769 634 1824 659 καὶ

1026 679 1159 714 πρότερον
1173 677 1345 712 διελᾲδομεν.
1355 678 1503 712 Ῥωμαίοις
1519 678 1581 709 ἔθος
1595 679 1666 704 κατὰ
1677 679 1732 705 πᾶν
1748 679 1825 705 Σάε-

1026 725 1107 751 6ατον
1124 724 1279 760 νηστεύειν.
1300 724 1343 750 Ἑν
1368 724 1524 759 Καισαρείᾳ
1540 725 1590 759 τῆς
1616 725 1821 756 Καππαδοκίας

1027 773 1089 801 τοὺς
1106 771 1303 806 ἡμαρτηκότας
1320 772 1389 805 μετὰ
1404 771 1433 796 τὺ
1447 771 1590 805 βάπτισμα
1603 771 1653 805 τῆς
1671 773 1822 804 κοινωνῐας

1027 816 1155 850 ἐξώθουν,
1168 818 1205 848 ὡς
1218 817 1264 844 καὶ
1281 817 1449 844 Ναυατιανοὶ
1468 817 1590 844 ποιοῦσι.
1605 818 1645 843 Τὰ
1667 817 1712 844 ἴσα
1726 818 1756 844 δὲ
1770 821 1821 845 καὶ

1027 864 1056 889 ἐν
1074 863 1264 899 Ἑλλησπόντῳ
1278 863 1445 890 Ναυατιανοὶ
1463 863 1667 898 διεπράττοντο,
1684 864 1732 890 καὶ
1745 865 1771 890 ol
1790 866 1822 890 ἐν

1033 909 1111 943 Ἀσίᾳ
1146 909 1491 942 Τεσσαρεσκαιδεκατῖται.
1529 909 1561 935 0i
1595 910 1661 943 περὶ
1697 910 1822 944 Φρυγίαν

1026 951 1191 978 Ναυατιανοὶ
1202 953 1263 983 τοὺς
1273 952 1408 986 διγάμους
1421 952 1450 978 οὐ
1467 952 1600 987 δέχονται.
1613 954 1645 979 Ol
1657 953 1685 979 δὲ
1695 953 1725 980 ἐν
1738 954 1821 980 Κων-

1027 999 1250 1025 σταντινουπόλει
1265 998 1328 1026 οὕτε
1344 999 1472 1034 φανερῶς
1493 999 1629 1034 δέχονται,
1646 999 1708 1026 οὒτε
1735 1008 1822 1034 φανε-

1029 1044 1084 1079 ρῶς
1097 1045 1286 1077 ὲκῧὰλλουσιν,
1302 1044 1354 1071 ἀνὰ
1371 1045 1400 1071 δὲ
1415 1044 1465 1080 τὴν
1490 1045 1613 1079 ἑσπέραν
1629 1045 1716 1076 ἀδεῶς
1736 1046 1820 1072 τοῦτο

1027 1090 1187 1125 πράττεται.
1204 1090 1257 1121 Τὰς
1278 1090 1306 1116 δὲ
1326 1091 1453 1120 τοιαύτας
1469 1090 1618 1124 διαφωνίας
1640 1091 1700 1122 cui;
1718 1091 1821 1126 ἐκκλη-

1029 1137 1100 1166 σίαις
1114 1136 1244 1170 γενέσθαι
1261 1137 1354 1171 οἴομαι
1370 1136 1440 1163 αίδοῖ
1457 1136 1512 1163 τῶν
1528 1137 1558 1168 ἐξ
1575 1137 1664 1172 ἀρχῆς
1678 1138 1821 1172 προεστώ-

1028 1190 1082 1208 των
1095 1183 1124 1208 ὲν
1137 1182 1261 1215 ταύταις,
1275 1183 1323 1208 καὶ
1339 1182 1394 1208 τῶν
1407 1184 1529 1214 ἐκείνους
1544 1183 1759 1218 διαδεξαμένων.
1769 1181 1821 1211 Οἷα

1027 1227 1082 1261 γάρ
1097 1235 1157 1253 τινα
1181 1227 1263 1262 νόμον
1289 1228 1508 1263 παραλαϐόντες,
1530 1229 1586 1259 τοῖς
1609 1229 1821 1263 ἐπιγενομένοις

1029 1272 1228 1306 παρέπεμψαν,
1241 1273 1290 1308 οὐχ
1308 1273 1383 1299 ὅσιον
1398 1273 1586 1308 λογισάμενοι,
1603 1274 1664 1300 οῦδὲ
1690 1275 1822 1308 ἀνεκτὸν,

1027 1319 1052 1344 οῑ
1075 1318 1182 1350 τούτοις
1207 1319 1400 1352 ἐντραφέντες,
1418 1319 1572 1354 ἀγέραστον
1588 1319 1756 1346 καταλιπεῖν
1773 1321 1825 1355 τὴν

1029 1364 1189 1398 παράδοσιν.
1205 1364 1341 1399 Ἐργῶδες
1365 1365 1388 1390 δ’
1402 1364 1498 1399 ἔμοιγε
1522 1365 1569 1391 καὶ
1591 1365 1826 1399 δυσεπιχείρητον

1030 1407 1118 1434 πάντα
1135 1408 1169 1434 τὰ
1191 1409 1261 1435 κατὰ
1277 1409 1368 1439 πόλεις
1381 1409 1431 1435 καὶ
1454 1408 1546 1443 χώρας
1562 1408 1612 1443 ἔθη
1628 1409 1750 1443 διάφορα
1768 1408 1826 1435 τῶν

1031 1454 1186 1488 ἐκκλησιῶν
1204 1454 1382 1489 ἀριθμεῖσθαι
1405 1455 1454 1480 καὶ
1472 1456 1564 1490 γραφῇ
1586 1454 1698 1480 διδόναι·
1723 1454 1825 1489 σχεδὸν

191 1497 274 1531 299
284 1503 453 1533 paternaque
468 1499 550 1527 domo
566 1500 641 1528 Pauli
657 1501 734 1529 Tarsi
749 1503 860 1535 Ciliciae,
877 1504 904 1531 in
917 1513 977 1532 arca

1035 1499 1060 1525 δὲ
1075 1500 1123 1525 καὶ
1141 1498 1285 1526 ἀδύνατον.
1305 1500 1418 1533 Ἐπίσης
1435 1499 1464 1526 δὲ
1490 1499 1635 1534 νομιστέον
1655 1499 1826 1526 πεπονθέναι

192 1551 346 1571 marmorea
372 1546 544 1579 repositum,
563 1552 592 1574 ct
618 1548 645 1574 in
671 1552 744 1575 terra
770 1549 910 1587 defossum
929 1551 980 1586 (l).

191 1590 270 1622 Quod
283 1598 349 1617 sane
363 1591 461 1618 falsum
477 1600 550 1626 esse,
567 1593 712 1629 presbyter
734 1595 845 1629 quidam
858 1596 981 1624 ecclesia:

194 1635 338 1663 Tarsensis
354 1637 515 1671 grandaevus
532 1638 681 1666 admodum
697 1640 706 1674 (
721 1648 784 1667 nam
811 1641 836 1668 id
865 1643 980 1670 canities

194 1683 359 1718 testabatur)
372 1683 514 1711 confessus
527 1688 569 1712 est
585 1694 591 1712 ς
610 1685 680 1713 nihil
691 1686 764 1713 enim
778 1687 914 1722 ejusmodi
930 1696 980 1716 suo

195 1733 318 1763 tempore
340 1730 465 1757 evenisse
489 1731 673 1760 confirmavit.
691 1732 768 1765 Quod
785 1741 848 1761 cum
871 1742 981 1762 asseve-

195 1779 281 1807 raret,
302 1775 453 1804 admiratus
468 1782 520 1810 est,
539 1778 563 1805 si
583 1786 637 1805 non
654 1780 688 1806 ab
705 1779 841 1807 haereticis
857 1781 926 1807 fama
947 1788 980 1808 ea

195 1817 311 1850 conficta
322 1826 404 1849 esset.
425 1822 453 1850 Id
474 1823 546 1858 quod
565 1823 592 1851 in
612 1816 706 1851 multis
724 1825 806 1851 etiam
825 1825 887 1852 aliis
903 1826 982 1853 libris

196 1867 298 1894 factum
325 1875 396 1900 esse,
417 1873 497 1896 antea
526 1869 656 1897 diximus.
685 1870 816 1897 Romanis
844 1878 901 1897 tuos
928 1875 982 1903 est,

197 1913 315 1940 Sahbato
329 1914 366 1948 {2)
382 1915 479 1948 quovis
488 1915 625 1950 jejunarc.
639 1915 768 1943 Casarea-
778 1912 981 1950 Cappadocum,

195 1959 244 1993 qui
269 1965 329 1994 post
354 1960 520 1995 baptismum
549 1966 720 1995 peccassent,
748 1970 794 1990 eos
822 1970 836 1989 a
863 1969 985 1989 commu-

196 2005 278 2032 nione
298 2006 429 2033 arcebant
452 2008 550 2040 :quod
578 2007 673 2035 itidem
697 2008 845 2035 Novatiani
869 2008 984 2034 faciunt.

1033 1545 1078 1571 καὶ
1093 1546 1155 1576 τοὺς
1169 1545 1300 1579 ἀρχαίους
1315 1545 1415 1579 ἄνδρας
1432 1547 1480 1572 καὶ
1497 1546 1562 1581 περὶ
1579 1545 1684 1580 ταύτην
1698 1545 1749 1581 τὴν
1761 1545 1826 1579 ἑορ-

1029 1591 1092 1625 τήν,
1107 1587 1141 1624 ἦς
1155 1591 1237 1617 ἕνεκα
1260 1592 1301 1622 εις
1316 1592 1381 1623 τοὺς
1397 1593 1463 1627 περὶ
1479 1591 1583 1618 τούτων
1606 1591 1763 1626 ἐξήχθημεν
1775 1591 1826 1617 λό-

1034 1645 1109 1671 γους·
1119 1637 1156 1668 ὡς
1170 1637 1201 1663 ἐκ
1212 1645 1287 1668 τινος
1302 1637 1448 1672 συνηθείας
1461 1637 1590 1672 διάφορον
1605 1637 1668 1672 ἔσχε
1681 1637 1711 1663 τὸ
1723 1637 1825 1672 Πάσχα

1033 1683 1130 1718 τιμήν.
1147 1683 1203 1709 Νῦν
1216 1683 1244 1709 δὲ
1259 1683 1328 1709 Θεοῦ
1342 1683 1435 1717 χάριτι
1450 1682 1504 1709 τῶν
1519 1683 1549 1709 ἐν
1569 1682 1645 1718 μέσῳ
1660 1683 1771 1709 πάντων
1782 1682 1828 1716 τῷ

1033 1730 1122 1764 χρόνῳ
1145 1728 1337 1760 διαλυθέντων,
1362 1728 1509 1762 σύμφωνος
1531 1728 1608 1762 παρὰ
1631 1728 1715 1754 πᾶσιν
1735 1729 1752 1758 ὴ
1774 1728 1828 1754 τοῦ

1035 1775 1130 1810 Πάσχα
1155 1775 1234 1810 ἑορτὴ
1258 1777 1318 1805 ταῖς
1333 1775 1494 1810 ἐκκλησίαις
1509 1773 1632 1809 Χριστοῦ
1655 1774 1826 1807 ὲπιγίνεταυ

1033 1822 1081 1847 καὶ
1096 1821 1186 1847 τοίνυν
1202 1821 1339 1855 ἐστάλθαι
1356 1829 1402 1855 μοι
1423 1820 1547 1847 δοκοῦσιν
1566 1821 1590 1846 oi
1605 1819 1829 1855 διαθρυλλήσαν-

1033 1876 1079 1898 τες
1093 1867 1143 1901 τὴν
1157 1867 1186 1892 ὲν
1203 1867 1307 1901 Νικαία
1323 1866 1416 1893 πίστιν
1431 1866 1607 1901 παρατρέψαι
1623 1866 1655 1892 τὸ
1670 1866 1781 1900 Πάσχα.
1791 1865 1828 1892 Ἠ

1035 1914 1090 1949 γὰρ
1107 1913 1215 1944 σύνοδος
1238 1913 1384 1947 σύμφωνον
1400 1913 1572 1947 καταστῆσαι
1589 1911 1691 1946 μᾶλλον
1718 1911 1827 1938 ἐσπού-

1035 1961 1101 1988 δασε
1115 1960 1162 1985 τὸν
1176 1959 1252 1993 λαὸν,
1268 1959 1456 1994 διαφωνοῦντα
1472 1958 1503 1986 το
1518 1959 1655 1997 πρότερον
1673 1959 1744 1994 πρὸς
1760 1959 1829 1991 τοὺς

1040 2005 1177 2036 πλείονας.

196 2053 270 2080 idem
291 2053 479 2082 Macedoniani
515 2063 625 2090 quoque
654 2056 686 2083 in'
716 2057 902 2090 Hellesponto,
920 2061 948 2083 et
967 2055 1031 2083 item
1059 2053 1299 2087 Quartodecimani
1323 2053 1351 2080 in
1376 2052 1440 2080 Asia
1466 2053 1654 2080 observavere.
1678 2051 1829 2080 Novatiani

197 2099 224 2126 in
246 2099 363 2135 Phrygia
383 2101 518 2135 digamos,
542 2107 571 2129 et
593 2111 642 2130 eos
656 2104 702 2137 qui
729 2103 762 2130 ad
796 2103 931 2130 secundas
952 2101 1062 2136 nuptias
1088 2101 1273 2132 transiissent,
1301 2108 1356 2126 non
1384 2100 1528 2134 recipiunt.
1567 2099 1619 2132 Qui
1655 2106 1721 2125 vero
1749 2098 1828 2126 Con-

196 2146 377 2180 stantinopoli
396 2152 460 2174 sunt
479 2156 575 2175 eorum
611 2149 767 2184 populares,
791 2149 931 2184 propalam
955 2157 1002 2176 eos
1023 2156 1112 2182 neque
1151 2148 1311 2178 admittunt,
1339 2154 1429 2181 neque
1454 2146 1593 2180 rejiciuut.
1619 2145 1648 2172 1n
1675 2144 1830 2172 Occidente

195 2195 290 2218 autem
307 2192 333 2219 id
351 2193 468 2221 liberum
493 2200 535 2221 cst
557 2203 680 2229 prorsus.
709 2196 762 2222 Sed
796 2196 871 2222 enim
896 2195 1086 2222 dissensiones
1124 2195 1193 2221 tales
1217 2195 1243 2220 in
1282 2193 1407 2220 ecclesiis
1431 2193 1578 2219 invaluisse
1612 2192 1722 2226 opinor,
1746 2198 1830 2218 reve-

197 2240 287 2267 rentia
302 2249 399 2268 eorum
422 2243 468 2277 qui
485 2243 526 2270 eis
549 2244 583 2270 ab
603 2245 680 2271 initio
698 2245 876 2279 praefuerunt,
894 2249 920 2271 et
953 2243 1000 2278 qui
1022 2243 1076 2270 illis
1111 2243 1210 2270 deinde
1235 2247 1437 2269 successerunt.
1463 2241 1529 2268 Nam
1554 2240 1573 2266 ii
1599 2245 1728 2274 tanquam
1753 2241 1830 2275 leges

196 2289 329 2323 quasdam
345 2291 379 2319 ab
395 2291 449 2319 illis
462 2297 600 2327 acceptas.
618 2300 666 2328 per
702 2301 798 2320 manus
832 2293 950 2328 posteris
984 2291 1122 2319 tradidore
1147 2300 1155 2318 :
1182 2299 1235 2317 non
1262 2290 1330 2317 satis
1362 2289 1455 2324 pium,
1475 2296 1565 2323 neque
1593 2287 1738 2315 ferendum
1765 2295 1827 2316 esse

195 2339 338 2372 arbitrati,
364 2341 385 2367 si
403 2341 572 2370 traditiones.
590 2342 616 2368 in
635 2343 735 2376 quibus
767 2342 877 2370 educati
896 2345 997 2373 essent,
1020 2348 1074 2367 non
1099 2339 1250 2366 honorifice
1275 2340 1409 2369 colerent,
1438 2337 1485 2364 sed
1526 2337 1705 2371 contemptim
1731 2337 1828 2372 rejice-

196 2391 270 2413 rent.
290 2386 325 2414 At
348 2387 415 2414 mihi
441 2389 517 2415 valde
537 2389 705 2416 laboriosum
724 2393 751 2416 et
767 2388 877 2415 diﬂicile
896 2391 980 2420 esset,
1019 2387 1156 2414 variantes
1189 2394 1238 2421 per
1253 2386 1335 2412 urbes
1351 2390 1378 2412 et
1393 2385 1517 2419 regiones
1530 2391 1626 2410 omncs
1642 2383 1824 2410 ecclesiarum

194 2437 412 2464 consuetudines
438 2445 597 2465 enumerare
627 2444 655 2464 et
682 2439 863 2472 perscribere.
893 2437 961 2463 Fere
989 2436 1064 2463 enim
1088 2435 1145 2462 lieri
1176 2435 1202 2461 id
1242 2435 1356 2483 omnino
1377 2433 1480 2468 nequit.
1513 2431 1827 2483 Eamdetnaulem‘pri-

198 2491 259 2510 scos
272 2483 398 2511 homines
414 2484 624 2511 existimandum
638 2489 680 2511 est
695 2484 850 2511 obtinuisse
867 2484 900 2510 de
913 2484 983 2510 festo
1005 2483 1057 2510 hoc
1091 2482 1147 2515 die,
1181 2482 1260 2517 cujus
1269 2478 1361 2516 'gratia
1387 2481 1414 2507 in
1439 2480 1512 2507 hunc
1530 2480 1622 2507 locum
1646 2478 1764 2513 digressi
1782 2485 1828 2504 su-

200 2538 272 2562 mus,
296 2530 455 2565 opinionem
480 2539 486 2556 :
511 2531 583 2565 quod
610 2531 717 2558 scilicet
752 2538 784 2558 ex
809 2530 1008 2558 consuetudine
1024 2529 1141 2564 quadam
1167 2528 1307 2555 diversum
1343 2527 1442 2554 habuit
1462 2527 1561 2553 festum
1578 2525 1690 2553 Pascha:
1707 2525 1826 2552 cultum.

240 2619 278 2655 (I)
296 2621 403 2647 Sozom.
420 2621 468 2648 lib.
482 2629 530 2653 vn,
543 2629 604 2656 cap.
624 2622 666 2650 l9.

1034 2620 1140 2652 quando
1173 2620 1263 2648 Rome
1286 2628 1355 2652 sum,
1378 2618 1473 2652 jejuno
1488 2617 1613 2644 Sabbnto.
1631 2615 1665 2642 Et
1679 2616 1715 2642 ad
1734 2623 1834 2650 quarm.

238 2657 275 2689 (‘2)
293 2656 418 2683 Consulit
429 2658 602 2683 Ambrosium
613 2658 750 2685 lmminem
761 2657 806 2684 Dei
816 2657 984 2692 Augustinus

1035 2663 1136 2689 cunque
1165 2656 1301 2682 ecclesiam
1325 2654 1466 2684 ueneritis,
1501 2652 1606 2689 inquit.
1635 2652 1691 2686 ejus
1717 2658 1822 2689 morem

200 2693 291 2719 adhuc
314 2692 541 2722 catechumenos.
571 2697 662 2720 utrunt
692 2692 842 2720 secundum
879 2700 982 2719 morem

201 2736 258 2754 sum
272 2725 495 2762 civitatismatcr
523 2727 582 2762 ejus
602 2728 720 2756 Sahbato
735 2728 867 2762 jejuunre.
883 2736 916 2754 an
931 2727 984 2753 Me-

202 2761 370 2790 diolanensis
396 2761 524 2788 Ecclesia:
539 2761 622 2790 inore
646 2761 778 2797 prandere
803 2763 927 2790 deberet.
951 2761 985 2788 At

205 2800 262 2829 ille,
280 2797 348 2830 Quid
363 2805 478 2834 possunt,
492 2798 590 2834 inquit,
612 2799 652 2825 hic
667 2799 758 2825 docere
776 2798 891 2834 uiitplius
905 2805 984 2831 quam

206 2842 260 2868 ipse
279 2833 364 2868 latio?
379 2833 488 2864 Quando
505 2833 546 2860 hic
562 2841 631 2867 sum,
655 2842 705 2860 non
723 2834 816 2868 jejuna
846 2833 959 2862 Sabbnto
975 2841 983 2864 ;

1033 2687 1144 2722 servate,
1160 2691 1182 2717 si
1207 2694 1264 2726 μιιὶ
1288 2688 1445 2728 scandalum
1464 2696 1514 2715 non
1535 2687 1630 2727 vultis,‘
1644 2691 1688 2728 aut
1710 2687 1820 2728 facere

1036 2721 1165 2752 custodita
1194 2721 1292 2753 s'clicet
1319 2732 1406 2752 comm
1428 2724 1496 2750 inter
1518 2730 1580 2756 quos
1606 2722 1716 2749 vivimus
1737 2722 1765 2747 in
1787 2721 1823 2745 his

1038 2761 1113 2786 rebus
1130 2761 1258 2796 ina/ferum
1275 2761 1398 2797 societate
1412 2779 1419 2797 ,_
1431 2764 1454 2785 et
1465 2757 1589 2797 _caveudo
1600 2778 1606 2789 ,
1627 2760 1823 2797 rte-tempestate

1038 2792 1212 2822 εοηιυιιίίοἰὶιε
1237 2796 1365 2823 serenitas
1396 2794 1534 2821 Charilaus
1559 2792 1736 2820 obuubilctnr.
1756 2792 1822 2824 Aug-

1038 2830 1119 2863 cpist.
1139 2832 1184 2857 86.
