1906 3043
42 131 83 162 δΜ
512 127 816 157 ECCLESIASTlC/E
837 127 1031 158 HISTORL'E
1050 128 1123 158 LIB.
1146 127 1212 158 ΧΠ,

1614 127 1666 157 8512

43 187 154 219 μάλιστα
183 185 213 211 δὲ
233 186 267 220 τῇ
292 185 392 218 γνώσει
417 184 471 210 τῶν
498 184 637 219 ἐσομένων
664 186 826 219 εἰρήκαμεν.

886 186 1021 217 monachi,
1041 185 1172 213 utendum
1203 184 1256 212 sibi
1275 191 1334 211 esse
1351 184 1458 216 statuit,
1477 191 1556 218 quem
1587 192 1667 218 supra

41 233 88 263 Ti};
104 232 156 265 γὰρ
177 231 256 262 Θείας
275 230 436 265 μεταλαχὼν
459 230 571 265 χάριτος
598 232 612 257 ὀ
636 231 716 265 ἀνὴρ,
742 230 827 256 πολλὰ

58 279 94 308 ιίς
119 277 339 311 πυνθανομένοις
356 277 507 311 προῦλεγεν
523 272 572 302 ὀὗ
597 276 631 311 δὴ
654 278 752 309 πεῖραν
782 278 828 302 καὶ

41 325 82 349 ἐπὶ
98 324 136 358 τῷ
162 324 262 358 πρώην
285 324 346 358 ἔσχε
358 324 494 358 τυράννῳ,
521 324 658 358 ἀναιμωτὶ
678 324 728 357 τὴν
752 324 829 357 νίκην

41 369 366 404 ἐκείνηνπροαγορεὺσας
391 369 514 396 ἔσεσθαι.
537 369 594 395 Καὶ
621 369 652 404 δὴ
679 370 829 404 Εὑτρὸπιον

42 417 82 441 τὸν
95 415 236 450 εὐνοῦχον,
249 415 276 446 ὃς
291 413 324 450 ἦν
335 415 432 450 ἐκείνῳ
449 416 622 446 πιστότατος,
647 416 698 442 ἀνὰ
717 416 766 451 τὴν
784 417 830 442 Αί-

41 470 138 494 τνπτον
156 462 346 494 ἔπεμπεν-εί
380 461 430 495 μὲν
461 462 573 496 εὐχερὲς
602 461 716 495 γένοιτο,
749 462 829 488 αὐτὸν

42 506 137 530 ἐκεῖνον
151 505 197 530 τὸν
215 505 290 531 ὅσιον
308 505 368 539 μεθ’
384 505 482 531 ἑαυτοῦ
499 505 600 537 ἄξοντα
617 513 624 520 ο
649 506 673 530 εἰ
703 506 727 531 δ’
755 507 829 539 ξοχυ-

43 552 90 584 ρῶς
104 552 281 584 ἀπαγορεύοι
294 551 343 586 τὴν
360 552 463 585 ἄφιξιν,
477 551 507 578 τὸ
525 551 651 585 ποιητέον
669 552 714 578 ἐπὶ
729 553 763 586 τῇ
778 553 831 586 μά-

41 606 70 632 χῃ
81 598 180 631 μαθεῖν
198 598 359 632 βιάσασθαι.
376 599 430 624 Καὶ
453 600 466 625 ὁ
481 597 530 632 μὲν
554 597 707 633 Εὑτρέπιος
729 599 769 630 εἰς
785 598 831 625 Δῖ-

41 651 138 675 γυπτον
157 643 248 678 ἥκων,
264 643 391 677 οὐδαμῶς
405 643 514 669 ἔπειθεν
534 643 662 678 Ἰωάννην
675 644 702 674 ἐς
718 643 831 678 βασιλέα

41 689 122 714 ἐὶ.θείν
140 697 146 704 '
164 689 316 723 παρηγγύα
328 689 357 715 δὲ
370 689 460 722 λέγειν
480 690 595 717 ἐκεῖνος.
614 689 651 720 ὼς
664 690 735 723 μετὰ
748 690 831 716 πολὺν

41 736 113 767 φόνον
139 736 250 769 νικήσει
266 735 317 769 μὲν
336 735 382 761 τὸν
399 735 535 769 τύραννον
548 743 554 750 ”
574 735 643 768 μετὰ
657 735 685 761 δὲ
712 735 760 770 τὴν
792 735 831 762 νί-

40 789 95 815 κην,
107 781 140 807 οὐ
157 780 251 814 πολλῷ
268 780 382 814 ὕστερον
398 781 469 807 κατὰ
484 781 534 814 τὴν
555 779 671 806 Ἰταλίαν
684 781 731 806 καὶ
750 781 830 812 αὐτὸς

42 826 248 858 μετολλάξειτὸ
265 826 324 861 ζῇν.
348 826 506 860 Ἀμῳότερα
534 825 561 852 δὲ
583 826 608 852 εί
633 826 708 858 τέλος
740 827 829 862 ἔσχον,

40 873 53 904 ἠ
68 872 175 906 ἱστορία
189 871 319 906 δηλώσει.
345 871 423 897 Ἐπεὶ
437 873 490 906 γὰρ
520 872 679 906 ἀρκούντως
697 872 771 906 αὐτῷ
796 873 830 899 τα

40 917 102 949 πρὸς
120 917 167 942 τὸν
182 917 303 951 πόλεμον
316 917 532 951 παρεσκεύαστο,
546 917 828 952 ἀναγορεύειβασιλέσ.

39 961 82 985 καὶ
100 960 148 986 τὸν
170 960 229 986 υἱὸν
242 960 347 987 ἐκείνου
363 959 493 994 Ὀνώριον
508 968 516 975 ·
538 961 681 996 ’Λρκάδιον
695 962 750 996 γὰρ
761 962 830 997 ἔφθη

41 1005 171 1040 πρότερον
199 1007 240 1037 είς
255 1006 305 1040 τὴν
333 1005 472 1040 βασιλείαν
498 1006 656 1041 ἀναγαγών.
676 1007 794 1040 Τούτους
808 1007 831 1034 δ’

39 1052 120 1085 ἄμφω
135 1053 169 1086 τῇ
188 1052 397 1079 Κωνσταντίνου
420 1052 518 1084 λιπὼν,
552 1053 632 1084 αὐτὸς
663 1054 753 1080 πᾶσαν
782 1054 830 1089 τὴν

40 1098 104 1131 πρὸς
112 1097 172 1124 Ἕω
185 1098 417 1133 περιεαλλόμενος
427 1099 552 1134 δύναμιν,
562 1099 630 1133 πρὸς
640 1099 688 1134 τὴν
696 1099 831 1135 Ἑσπέραν

39 1144 181 1177 taetram.
201 1144 272 1171 Πολὺ
288 1144 356 1170 δέτι
376 1145 479 1178 πλῆθος
506 1145 554 1171 καὶ
578 1138 637 1172 τῶν
663 1147 831 1180 παριστρίων

40 1189 188 1224 βαρϐάρων
208 1190 350 1224 ἐφείπετο,
371 1191 481 1222 ἑκόντες
494 1193 650 1226 συμμαχεῖν
668 1191 742 1228 αὐτῷ
764 1193 833 1228 ᾑρη-

42 1237 129 1269 μένοι,
144 1236 207 1262 Τῶν
220 1235 249 1262 δὲ
262 1237 425 1271 «cpt-1.11176»
441 1237 549 1270 ὀλίγους
569 1235 709 1270 εἶναιτοὺς
723 1239 831 1274 συμμά-

39 1291 99 1316 χους
114 1282 276 1317 φησάντων,
290 1284 337 1309 καὶ
353 1284 450 1316 ἀργεῖν
469 1283 519 1317 τὴν
536 1284 644 1318 κίνησιν
672 1284 833 1319 βουλευομέ-

39 1336 100 1358 νων,
112 1326 152 1358 ὡς
171 1327 205 1353 ἂν
218 1325 285 1361 ἦρος
298 1327 450 1362 ἀρχομένου
474 1328 523 1354 καὶ
542 1327 627 1362 ἄλλην
653 1327 832 1361 ἑπιλέξωνται

39 1373 184 1407 στρατιὰν,
205 1373 239 1399 ἵν’
254 1373 350 1408 εἴητῷ
377 1374 478 1408 πλήθει
509 1375 663 1409 ἁνακράτος
691 1375 833 1408 περιγενέ-

40 1420 100 1446 σθαι
114 1420 171 1446 τῶν
188 1420 344 1453 δυσμενῶν,
377 1421 479 1454 ἣκιστα
506 1422 565 1451 ταῖς
586 1421 640 1446 τῶν
670 1421 832 1456 στρατηγῶν

39 1467 201 1501 εἰσηγήσεσι
219 1466 397 1501 προσέσχενό
427 1466 564 1498 θειότατος
588 1466 714 1502 βασιλεύς
729 1475 736 1482 ·
764 1467 832 1502 μηδὲ

883 231 910 258 in
936 236 1034 259 eorum
1062 232 1108 266 qui
1141 237 1262 258 sanctam
1285 230 1369 257 vitam
1391 235 1516 265 egerunt,
1548 229 1669 263 catalogo

882 277 1078 309 clarissimum,
1106 282 1134 303 et
1154 285 1215 304 eum
1246 276 1308 303 aliis
1331 276 1503 303 admirandis
1529 275 1668 309 operibus.

882 328 938 350 tum
959 324 1077 350 maxime
1097 323 1252 351 futurorum
1280 322 1395 350 scientia
1421 322 1558 348 celebrem
1586 322 1670 347 fuisse

881 369 1010 397 diximus.
1029 370 1098 396 Cum
1116 370 1187 396 enim
1218 370 1241 396 is
1266 369 1380 404 gratiam
1407 369 1528 395 divinam
1555 368 1670 394 scrtiIus

881 420 965 445 esset.
979 415 1065 442 multa
1079 423 1141 442 eum
1158 415 1365 442 consulentibus
1383 414 1520 449 prmdixit.
1535 413 1621 446 Cujus
1632 415 1670 440 rei

881 460 1033 495 periculum
1049 465 1076 487 et
1087 461 1227 494 specimen
1241 461 1269 487 in
1279 460 1404 494 proximo
1417 464 1531 494 tyranno
1545 459 1670 493 prtebuc-

882 515 933 537 rat,
959 507 1130 534 incruentam
1158 506 1231 533 illam
1253 507 1396 534 victoriam
1425 506 1608 533 Theodosium
1628 513 1670 532 re-

881 556 1055 586 portaturum
1088 559 1150 579 esse
1180 551 1358 579 vaticinatus.
1388 552 1481 586 Itaque
1508 551 1667 578 ﬁdissimum

881 598 933 625 sibi
954 598 1113 625 eunuchum
1130 597 1293 632 Eutropium
1317 597 1344 624 in
1358 597 1505 632 Egyptum
1537 597 1621 628 misit,
1641 602 1669 623 ut

880 649 928 670 aut
955 644 1056 673 virumv
1073 649 1211 676 sanctum,
1237 644 1260 671 si
1288 643 1367 671 facile
1393 645 1419 671 id
1442 644 1499 670 fieri
1519 648 1619 677 posset,
1635 643 1668 669 ad

881 697 911 716 se
922 689 1073 717 adduceret
1094 699 1101 717 :
1115 695 1163 716 aut
1177 690 1211 716 ab
1231 690 1286 723 illo,
1308 690 1331 716 si
1347 693 1507 717 constanter
1521 689 1668 716 adventum

881 734 1059 766 detrectaret,
1074 735 1139 769 qtiid
1153 735 1186 762 de
1203 735 1274 762 bello
1299 735 1454 762 faciendum
1471 740 1554 765 essu,
1571 743 1669 769 cogno-

882 787 959 808 scere
984 786 1144 808 conaretur.
1165 781 1313 816 Eutropius
1339 789 1372 809 eo
1399 783 1547 816 profectus,
1568 789 1671 816 nequa-

882 835 962 861 quam
980 827 1078 854 Joanui
1099 833 1127 854 ut
1143 827 1176 854 ad
1198 829 1392 862 imperatorem
1415 829 1531 859 veniret,
1556 834 1670 859 persna-

882 872 928 899 sit.
945 872 1118 907 Quapropter
1133 873 1218 903 illum.
1236 877 1265 899 ut
1276 877 1405 900 eventum
1421 873 1483 900 belli
1498 872 1669 906 prtediceret.

882 919 998 953 rogavit.
1015 919 1102 952 Atque
1117 919 1173 951 ille,
1189 919 1375 946 Theodosium
1401 919 1511 953 quidem
1541 923 1603 952 post
1618 927 1670 945 ca:—

882 964 943 990 dem
964 964 1090 996 multant,
1108 965 1251 991 victoriam
1265 965 1300 992 dc
1317 970 1433 1000 tyranno
1441 968 1668 992 consecuturum:

883 1017 937 1036 non
968 1010 1055 1037 multo
1079 1014 1170 1037 autem
1199 1015 1261 1044 post
1287 1010 1375 1044 ipsum
1407 1017 1517 1044 quoque
1544 1009 1572 1036 in
1596 1009 1670 1037 ltalia

883 1056 1048 1083 moriturum
1067 1063 1128 1083 esse
1144 1056 1294 1091 respondit.
1313 1055 1465 1090 Utrumque
1477 1057 1528 1084 hoc
1542 1065 1574 1083 an
1590 1064 1672 1084 even-

883 1107 941 1129 tum
954 1102 1036 1129 talem
1059 1102 1197 1133 habuerit,
1211 1102 1326 1129 historia
1340 1102 1504 1130 declarabit.
1524 1102 1670 1137 Postquam

882 1147 955 1175 enim
974 1155 1006 1174 ea
1020 1147 1119 1182 quibus
1132 1147 1159 1174 in
1182 1147 1254 1174 bello
1267 1155 1338 1181 opus
1364 1153 1417 1179 est,
1436 1147 1545 1175 abunde
1561 1155 1671 1182 compa-

884 1193 973 1221 ravit.
996 1191 1147 1218 Honorium
1174 1192 1257 1218 etiam
1286 1190 1372 1217 ﬁlium
1407 1191 1600 1226 imperatorem
1630 1199 1674 1218 res

882 1237 1200 1266 nuntiavit:Arcadium
1229 1245 1348 1272 namque
1377 1242 1457 1265 antea
1473 1238 1506 1265 ad
1527 1238 1671 1272 imperium

881 1287 1020 1312 evexerat.
1052 1283 1132 1319 311
1160 1283 1303 1310 Ambobus
1345 1283 1407 1310 ﬁliis
1433 1283 1672 1318 Constantinopoli

882 1330 996 1362 relictis,
1028 1330 1086 1364 ipse
1114 1337 1175 1356 cum
1197 1328 1284 1364 copiis
1324 1329 1511 1357 Orientalibus
1544 1331 1672 1358 omnibus

882 1377 909 1403 iu
921 1375 1096 1403 Occidentem
1112 1380 1154 1403 est
1167 1375 1317 1409 profectus.
1336 1374 1432 1409 Ingens
1450 1381 1541 1402 autem
1572 1376 1660 1403 Barba

882 1422 1044 1456 rorum,qui
1060 1421 1093 1448 ad
1113 1421 1212 1449 Istrum
1233 1422 1337 1453 colunt,
1356 1421 1512 1453 multitudo,
1530 1421 1673 1449 voluntate

883 1477 931 1496 sua
952 1468 1085 1495 auvilium
1102 1469 1206 1499 l'erens,
1233 1475 1296 1495 eum
1329 1472 1422 1494 secuta
1439 1473 1490 1494 ρει.
1507 1468 1593 1494 Porro
1608 1475 1670 1495 cum

38 1512 91 1544 γὰρ
106 1512 210 1545 χρῆναι
234 1510 370 1544 τοσαύτην
389 1514 439 1544 μέν
475 1510 618 1536 ἀσθένειαν
635 1510 674 1544 τῷ
703 1512 830 1536 παντοδυ-

886 1515 1013 1541 ordinum
1028 1514 1112 1541 duces
1128 1514 1295 1548 paucitatem
1325 1513 1464 1540 sociorum
1479 1519 1672 1545 causarentur,

39 1555 120 1589 γάμῳ
140 1553 219 1588 ὅπλῳ
250 1553 299 1580 τοῦ
326 1553 444 1589 σταυροῦ
467 1555 620 1588 μαρτυρεῖν
635 1562 642 1569 ·
669 1555 832 1589 ἀντίρροπον

38 1599 60 1625 δ’
75 1601 108 1625 ὲκ
127 1599 175 1625 τοῦ
190 1599 314 1625 ἐναντίου
329 1599 446 1633 δύναμιν
458 1600 490 1633 τῇ
502 1598 548 1624 τοῦ
573 1598 721 1633 Ἡρακλέος
736 1600 831 1625 εικόνι.

43 1655 52 1671 ι
65 1645 120 1672 Τοῦ
135 1645 191 1680 γὰρ
205 1644 273 1679 ἐμοῦ
287 1646 301 1671 ὀ
316 1644 443 1680 σταυρὸς,
462 1645 568 1671 ἐκείνου
584 1644 612 1670 δὲ
627 1645 734 1678 ἡγεῖται
750 1645 764 1670 ὁ
788 1645 834 1670 'H-

42 1692 158 1726 ρακλῆς.
175 1701 185 1717 ›
201 1691 297 1722 Οὕτως
317 1691 414 1723 είπὼν,
438 1691 590 1726 ἀπεχώρει.
613 1691 688 1716 Ἐπεὶ
707 1690 730 1717 δ’
755 1689 835 1722 ἐξιὼν

40 1740 89 1772 τῆς
108 1737 319 1764 Κωνσταντίνου
346 1738 415 1772 πρὸς
441 1737 482 1772 τῷ
515 1737 639 1771 Ἑϐδόμῳ
660 1737 781 1770 ἐγένετο,
801 1738 834 1772 τῇ

41 1784 137 1810 ἐνθάδε
155 1783 302 1818 ἐκκλησίᾳ,
318 1784 350 1818 ἢν
378 1783 472 1815 αὐτὸς,
490 1783 674 1817 διαφερόντως
711 1783 835 1818 Ἰωάννην

40 1832 86 1856 τὸν
97 1829 258 1864 Βαπτιστὴν
279 1829 379 1864 τιμῶν,
393 1829 566 1864 ἀνεδείματο,
596 1829 686 1864 εἰσῄει
717 1830 836 1864 προσεύ-

41 1877 140 1909 ξασθαι
159 1876 209 1910 μὲν
236 1875 295 1910 θεῷ
311 1884 318 1892 ’
334 1875 376 1906 είς
403 1875 516 1910 ἀρωγὴν
541 1875 571 1901 δὲ
599 1875 835 1910 μετακαλέσασοαι

39 1923 88 1949 καὶ
104 1924 153 1948 τὸν
174 1921 344 1956 Βαπτιστὴν,
362 1920 427 1948 ὥστ’
455 1922 548 1948 αίσίον
566 1921 640 1956 αὐτῷ
666 1930 697 1948 τε
730 1922 778 1948 καὶ
802 1923 834 1956 τῇ

41 1970 162 2004 στρατιᾷ
181 1968 325 2001 Ῥωμαίων
333 1968 383 2003 τὴν
399 1967 512 1994 ἔκϐασιν
527 1967 575 2002 τῆς
590 1968 682 2003 μάχης
695 1968 835 2001 γενέσθαι·

40 2017 87 2042 καὶ
95 2015 129 2049 δὴ
148 2015 180 2041 τὸ
194 2014 268 2044 εἰκὸς
291 2013 529 2048 ἀφοσιωσάμενος,
547 2014 588 2045 είς
615 2014 729 2041 Ἰταλίαν
747 2015 838 2047 ἐγένε-

40 2071 81 2090 το.
111 2060 262 2095 Ἑξαπίνης
292 2060 321 2086 δὲ
350 2060 410 2091 ταῖς
436 2060 554 2086 Ἀλπεσι
586 2060 763 2095 προσϐαλὼν,
788 2061 837 2092 τὰς

42 2110 160 2144 πρώτας
177 2108 260 2134 ἐσύλα
269 2107 393 2142 φυλακὰς
409 2107 457 2133 τοῦ
479 2107 625 2141 τυράννου.
639 2107 676 2134 Τὸ
702 2108 730 2134 δὲ
753 2107 838 2143 ἄκρον

40 2156 92 2190 τῆς
112 2154 235 2188 παρόδου
249 2153 437 2188 παραμείψας,
457 2153 519 2179 ἐπεὶ
532 2155 561 2184 ἐς
580 2153 611 2180 τὺ
628 2154 759 2185 κάταντες
774 2155 838 2188 ἠγε-

886 1564 913 1586 ct
930 1559 1133 1594 expeditionem
1150 1558 1330 1586 diﬂerendam
1346 1559 1506 1592 suaderent,
1520 1565 1549 1585 ut
1566 1559 1673 1586 scilicet

886 1605 974 1638 primo
990 1612 1055 1631 vere
1076 1604 1216 1631 exercitus
1233 1604 1305 1630 alius
1332 1604 1556 1636 contraheretur,
1575 1609 1604 1631 et
1622 1605 1659 1631 mi

885 1651 963 1676 litum
988 1657 1105 1677 numero
1127 1650 1222 1677 hostes
1235 1649 1426 1682 vincerentur,
1457 1658 1629 1684 nequaquam
1646 1650 1672 1677 in

885 1696 1032 1722 ductorum
1051 1696 1168 1722 consilio
1195 1695 1419 1730 religiosissimus
1436 1696 1573 1730 acquievit
1589 1695 1662 1730 impe

886 1741 1097 1768 rator.Minimc
1121 1748 1239 1776 namque
1270 1745 1375 1768 tantam
1409 1741 1584 1768 tribuendam
1613 1748 1674 1768 esse

886 1787 1105 1814 imbecillitatem
1120 1787 1192 1814 dixit
1214 1786 1396 1820 omnipotenti
1412 1779 1501 1813 crucis
1515 1791 1672 1818 armaturae,

886 1840 946 1867 quae
968 1839 1000 1858 ex
1012 1831 1128 1858 adverso
1161 1831 1285 1858 Herculis
1309 1831 1420 1865 imagini
1448 1832 1572 1864 opposita
1589 1836 1672 1858 esset.

891 1887 899 1902 ι
925 1877 1060 1904 Exercitui
1084 1876 1157 1903 cnim
1177 1883 1250 1906 meo,
1282 1875 1382 1908 inquit,
1400 1883 1469 1902 crux
1486 1875 1580 1909 prmit;
1601 1875 1675 1902 illius

888 1928 980 1950 autem
996 1923 1090 1956 c0pias
1109 1921 1242 1948 llercules
1259 1921 1346 1948 ducit.
1364 1930 1372 1946 ι
1393 1921 1456 1947 Πωο
1476 1921 1558 1947 verba
1584 1921 1675 1955 prolo-

887 1974 979 2000 cutus,
996 1968 1048 1994 iter
1065 1967 1206 2002 iugressus
1235 1972 1287 1994 est.
1315 1966 1557 2000 Constantinopoli
1582 1971 1675 1994 autetu

888 2015 1038 2049 profectus,
1055 2014 1100 2041 ubi
1117 2014 1144 2040 in
1178 2013 1307 2048 Septimo.
1323 2014 1361 2047 (t)
1375 2013 1408 2040 ad
1424 2013 1569 2039 ecclesiam
1587 2013 1674 2046 venit,

888 2069 970 2096 quam
988 2061 1046 2095 ipse
1067 2059 1165 2088 Joanui
1199 2059 1413 2094 Baptistae(eum
1439 2059 1512 2086 enirn
1539 2059 1675 2094 praecipue

889 2107 1058 2141 honorabat)
1083 2110 1285 2137 construxerat,
1309 2113 1368 2132 eam
1394 2109 1436 2132 est
1463 2107 1612 2139 ingressus,
1647 2110 1677 2133 ut

890 2153 971 2180 simul
984 2157 1012 2179 et
1027 2152 1216 2185 precationem
1234 2151 1267 2178 ad
1289 2151 1374 2178 Deum
1400 2151 1514 2183 faceret,
1537 2157 1565 2179 et
1581 2152 1675 2187 Bapti‘

40 2213 83 2235 το,
97 2203 154 2237 ὁρᾷ
171 2202 202 2227 τὺ
222 2200 314 2226 πεδίον
330 2200 442 2234 σύμπαν
465 2199 601 2234 ἀμυθήτῳ
624 2199 721 2235 πλήθει
744 2201 830 2232 πεζῶν

888 2203 956 2225 stam
996 2198 1029 2224 ad
1066 2197 1207 2225 ferendum
1231 2197 1282 2224 sibi
1308 2197 1437 2224 auxilium
1463 2197 1603 2226 invocaret
1626 2199 1676 2234 (2),

42 2247 92 2272 καὶ
111 2246 223 2272 ἱππέων
240 2245 459 2278 πεπυκνωμένον
475 2253 481 2259 ·
495 2245 525 2271 οὐ
542 2245 614 2271 πάνυ
633 2245 656 2270 δ’
676 2246 758 2271 αὑτοῦ
773 2246 840 2281 πύρ-

42 2295 84 2326 ρω
101 2293 178 2319 κατὰ
194 2291 281 2318 νώτου
294 2291 342 2317 καὶ
357 2291 455 2322 ἄλλους
468 2291 523 2317 τῶν
551 2291 690 2325 πολεμίων
706 2293 775 2318 κατὰ
790 2293 840 2325 τὴν

43 2339 175 2374 κορυφὴν
194 2337 343 2371 ἑστηκότας
360 2337 408 2363 τοῦ
422 2337 516 2372 ὅρους.
539 2338 587 2364 καὶ
597 2338 629 2363 τό
644 2346 675 2371 γε
690 2337 736 2363 νῦν
747 2338 839 2372 ἡρέμα

42 2387 115 2417 τέως
128 2385 243 2419 ἔχοντας
263 2392 270 2399 ⁶
286 2383 325 2414 ὡς
347 2383 369 2408 δ’
400 2384 416 2416 ή
443 2383 539 2418 πρώτη
573 2383 681 2417 φάλαγξ
707 2384 840 2410 κατιοῦσα

42 2434 102 2462 τοῖς
121 2433 152 2457 ὲν
162 2430 204 2465 τῷ
215 2429 300 2464 πεδίῳ
311 2429 475 2464 προσέϐαλε,
497 2431 569 2464 μάχη
583 2429 707 2464 κρατερὰ
721 2430 769 2456 καὶ
788 2431 841 2463 ἀμ-

43 2479 182 2513 φήριστος
199 2477 397 2512 ἀνερρήγνυτο.
419 2476 496 2501 Ἐπεὶ
510 2475 532 2501 δ’
549 2476 611 2502 ὅσον
639 2476 672 2502 τὰ
689 2477 717 2507 ὲς
733 2476 839 2511 ἀνορω-

45 2525 131 2556 πίνην
142 2519 262 2554 δύναμιν
278 2520 316 2554 μὴ
345 2519 446 2554 εὐχερῆ
465 2519 515 2553 τὴν
539 2519 678 2554 σωτηρίαν
705 2517 775 2545 εἶναι
802 2519 840 2553 τῷ

46 2566 161 2602 στρατῷ
176 2565 380 2600 κατελάμϐανε,
395 2565 476 2599 μέσον
493 2565 548 2591 τῶν
563 2565 611 2591 δὺο
625 2565 840 2600 στρατευμάτων

45 2611 250 2644 ἱπειλημμένῳ
263 2617 270 2625 ο
283 2609 333 2644 ἤδη
349 2610 405 2643 γὰρ
422 2610 468 2635 καὶ
485 2610 509 2635 οἱ
522 2610 594 2636 κατὰ
618 2609 667 2645 τὴν
682 2609 840 2644 ἀκρώρειαν

43 2655 222 2691 ἠρεμοῦντες
240 2656 310 2682 κατὰ
327 2655 413 2681 νώτου
442 2655 628 2690 προσέϐαλλον
643 2663 650 2671 ⁸
676 2657 722 2682 καὶ
745 2655 805 2682 καθ’
826 2655 841 2682 ὃ

46 2703 101 2736 μὲν
113 2703 202 2738 μέρος
218 2700 350 2736 Ῥωμαῖοι
377 2701 525 2736 Ῥωμαίοις
552 2702 696 2737 ἐμάχοντο,
724 2702 840 2736 ίσοπαλῆ

85 2771 125 2806 (ί)
152 2769 300 2806 Ἕϐδομον,
325 2770 376 2797 hoc
395 2773 454 2806 est.
472 2770 623 2804 Septimum
647 2778 680 2797 ex
702 2770 842 2806 suburbiis

44 2805 369 2839 Constantinopolitanm.
385 2805 505 2831 civitatis
522 2813 604 2832 unum
624 2811 675 2832 est.
699 2805 839 2839 (l’rocop.)

48 2841 138 2868 Stcuti
147 2840 238 2868 etalia
250 2840 309 2875 ejus
322 2840 400 2868 urbis
411 2840 485 2875 regio
502 2845 542 2868 cst
557 2841 629 2875 apud
640 2840 766 2869 eumdem
778 2840 840 2866 δεύ-

891 2252 945 2278 quo
976 2248 1099 2278 optatum
1123 2243 1176 2271 sibi
1206 2248 1233 2271 et
1262 2244 1387 2270 Romano
1413 2244 1547 2272 exercitui
1572 2245 1676 2272 exitum

891 2298 981 2325 pugna
1008 2290 1131 2317 haberet.
1152 2289 1190 2317 Re
1217 2290 1254 2325 ib_i
1282 2290 1387 2322 divitia,
1419 2291 1455 2317 ita
1482 2295 1511 2316 ut
1539 2298 1589 2324 par
1606 2296 1676 2324 erat,

892 2341 1013 2371 peracla,
1032 2343 1126 2371 postea
1151 2337 1177 2363 in
1201 2337 1306 2363 ltaliatn
1324 2337 1450 2371 pervenit
1468 2344 1474 2362 :
1490 2340 1518 2364 et
1530 2336 1676 2363 confestim

891 2383 925 2409 ad
947 2383 1030 2418 Alpes
1042 2384 1224 2414 contendens,
1244 2384 1330 2417 prima
1356 2383 1465 2417 tyranni
1486 2382 1614 2417 praesidia
1629 2391 1676 2409 ce-

892 2430 942 2464 pit.
957 2430 1047 2464 Atque
1060 2430 1105 2456 ubi
1119 2429 1235 2456 transitu
1263 2428 1396 2462 praecipiti
1412 2428 1562 2462 praeterito,
1580 2428 1677 2454 acclivi

892 2476 991 2502 itinere
1009 2475 1035 2501 in
1054 2475 1151 2501 collem
1170 2474 1315 2509 quemdam
1342 2473 1513 2502 conscendit.
1535 2473 1676 2507 planitiem

892 2527 1001 2547 onmem
1020 2519 1214 2546 innumerabili
1235 2519 1360 2553 peditum
1392 2523 1420 2545 et
1436 2519 1560 2553 equitum
1587 2519 1678 2545 inulti-

892 2565 987 2592 tudiue
1008 2565 1108 2596 teneri,
1129 2572 1180 2591 nec
1199 2565 1234 2591 ita
1252 2565 1331 2598 longe
1351 2572 1365 2591 a
1385 2569 1460 2599 tergo
1475 2564 1542 2591 alias
1557 2564 1677 2591 hostium

893 2616 998 2637 turmas
1017 2609 1043 2636 in
1060 2610 1163 2636 vertice
1179 2609 1291 2641 montis,
1309 2611 1355 2643 qui
1375 2615 1440 2635 tunc
1457 2610 1567 2640 quidem
1593 2610 1678 2644 quieti

892 2660 981 2687 erant,
996 2655 1050 2682 sibi
1064 2655 1210 2682 imminere
1224 2655 1302 2681 vidit.
1318 2654 1466 2688 Postquam
1484 2660 1576 2682 atttem
1591 2655 1679 2688 prima

893 2702 966 2729 acies
993 2709 1023 2728 se
1037 2701 1071 2729 de
1103 2701 1173 2728 colle
1203 2700 1362 2732 demitteus,
1393 2707 1441 2726 eos
1464 2700 1511 2734 qui
1538 2700 1677 2735 planitiem

892 2779 981 2805 τερον,
998 2771 1049 2798 hoc
1063 2775 1114 2803 est,
1130 2769 1295 2798 Secundum.

928 2804 967 2839 (2)
986 2805 1138 2841 Σύμμαχον
1157 2805 1232 2840 αὺτῴ
1261 2804 1476 2831 ὲπικαλέσαοοαι
1503 2804 1548 2831 τδν
1577 2804 1678 2831 Batan—

895 2841 970 2876 στήν.
987 2842 1099 2869 Sozom.
1112 2840 1159 2869 lib.
1178 2849 1223 2875 vn,
1241 2849 1301 2876 cap.
1319 2842 1363 2867 23.
