1906 3043
237 136 290 167 883

843 144 930 174 NICE
937 145 1053 176 PHORI
1075 148 1117 176 CA
1124 148 1244 178 LLlSTl

1800 152 1851 183 88$

233 200 446 230 occupaverant,
481 204 604 233 aggressa
632 204 683 229 est.
714 199 809 234 ingens
838 207 865 228 et
898 201 1011 229 dubium

1069 203 1098 228 τὰ
1109 203 1155 229 τοῦ
1172 203 1291 237 πολέμου
1303 201 1374 238 ἦσαν
1392 204 1461 238 ζυγά
1474 213 1480 219 ·
1509 205 1569 231 καθ’
1582 204 1596 231 ὃ
1621 205 1649 232 δὲ
1664 205 1689 232 οῑ
1710 206 1850 242 σύμμαχοι

234 241 357 276 praelium
376 242 413 277 (ί)
427 243 599 271 commissum
616 248 668 271 est.
697 244 729 272 Et
756 245 805 277 ibi,
823 250 955 280 quantum
984 247 1011 273 in

236 286 364 313 humanis
375 287 480 314 viribus
491 288 570 314 situm
583 293 635 319 est.
651 297 706 317 non
721 290 802 318 facile
814 291 917 318 servari
933 299 1013 325 posse

235 332 329 364 copias
342 339 414 363 suas,
429 339 443 358 ο
458 332 566 360 duobus
584 333 704 361 hostium
719 336 887 363 exercitibus
896 337 1014 364 circum-

235 382 342 409 ventas,
359 378 502 405 intellexit.
515 378 573 406 Jam
591 380 664 407 enim
678 385 706 407 et
725 381 774 412 illi.
795 382 840 415 qui
854 382 881 409 in
907 391 1015 410 summo

236 427 328 449 monte
344 423 427 457 quieti
444 424 635 457 constiterant,
661 433 674 452 a
696 431 772 460 tergo
792 434 857 454 suos
873 428 1016 462 aggredie-

235 467 336 495 bantur
353 477 359 495 :
376 474 405 496 et
432 477 483 504 qua
509 471 535 496 in
552 476 629 504 parte
660 471 775 498 Romani
792 480 853 500 cum
885 473 1016 500 Romanis

235 513 402 548 pugnabant,
416 515 501 550 azquis
512 515 615 544 viribus
626 516 830 545 decertabatur.
847 518 899 546 Ubi
923 524 1015 546 autem

233 559 380 587 auxiliares
395 560 507 588 Barbari
522 562 727 596 praeliabantur.
741 564 828 591 multo
844 564 899 591 illis
926 564 1016 598 Euge-

233 605 273 632 nii
289 606 389 633 milites
402 608 559 641 superiores
571 613 661 636 erant.
687 610 837 644 Imperator
855 610 900 637 ubi
916 609 1016 637 auxilia

233 658 281 678 sua
297 651 337 678 sic
349 652 467 686 concidi,
479 657 509 680 ut
523 654 591 685 dixi.
610 655 690 687 vidit.
706 655 782 682 humi
796 660 957 690 prostratus,
978 656 1018 683 la-

233 697 335 732 crymis
364 699 452 725 solum
491 699 601 734 rigavit,
642 700 697 727 Deo
725 701 891 735 supplicans,
919 709 953 728 ne
977 702 1017 728 sic

234 742 418 770 Romanorum
461 744 606 779 imperium
631 746 657 772 in
687 753 795 773 summo
823 747 1018 774 internecionis

232 789 358 823 periculo
371 789 534 824 despiceret.
548 791 616 818 Eum
634 799 698 819 vero
716 793 789 820 Deus
814 793 1016 828 quamprimum

233 835 346 862 exaudit
364 844 371 862 :
388 835 468 871 312
479 837 503 864 id
523 838 596 872 quod
610 838 674 865 belli
689 845 805 867 eventus
814 840 1014 874 comprobavit.

234 881 388 909 Intervenit
405 890 469 915 nox,
485 888 513 910 et
525 884 663 911 exercitus
678 885 799 912 animum
815 885 1013 920 despondebat,

235 926 388 962 Imperator
411 932 500 954 autem
517 928 601 955 animi
618 929 718 956 anxius
738 934 765 956 et
791 930 898 957 consilii
925 930 1014 965 inops,

236 973 264 999 in
277 980 383 1000 summo
395 973 505 1011 montis,
520 974 547 1001 in
562 982 616 1009 quo
633 980 721 1002 castra
739 980 766 1001 et
790 976 939 1002 exercitum
968 977 1017 1002 ha-

238 1018 331 1050 bebat,
347 1020 464 1051 vertice,
477 1020 660 1054 precatoriam
682 1020 794 1047 domum
812 1021 925 1047 invenit.
943 1021 972 1047 In
985 1028 1017 1048 ea

239 1070 346 1092 noctem
363 1069 459 1097 totam,
474 1073 583 1092 rursum
601 1073 694 1093 rerum
718 1067 907 1093 universarum
922 1066 1017 1093 Domi-

238 1117 303 1135 num
319 1109 480 1144 suppliciter
491 1117 583 1141 orans,
613 1110 792 1144 consumpsit.
819 1109 935 1136 Circiter
953 1116 1018 1136 vero

237 1155 301 1189 galli
334 1160 456 1187 cautum,
492 1160 588 1183 contra
621 1156 704 1183 animi
733 1156 897 1183 sententiam
922 1163 1018 1182 somno

238 1207 396 1235 oppressus,
413 1203 440 1227 et
466 1200 493 1227 in
514 1201 587 1227 nudo
602 1201 660 1227 solo
675 1201 847 1235 provolutus,
861 1201 934 1227 viros
949 1201 1018 1227 duos

236 1247 331 1274 videre
342 1247 418 1274 visus
431 1251 482 1278 est,
493 1247 609 1274 candida
622 1252 699 1274 veste
716 1247 838 1276 indutos,
851 1252 879 1274 et
894 1246 1018 1273 candidis

236 1293 320 1319 etiam
336 1292 416 1327 equis
436 1298 540 1320 vectos.
561 1293 612 1325 Qui
631 1293 742 1319 ad'eutn
763 1292 937 1321 accedentes,
954 1291 1016 1318 forti

235 1346 296 1366 esse
312 1339 416 1370 animo,
435 1343 463 1365 et
482 1342 585 1365 metum
606 1339 735 1372 abjiccre,
763 1343 846 1372 atque
866 1346 929 1365 cum
945 1337 1017 1364 dilu-

235 1385 297 1412 culo
309 1385 396 1412 aciem
412 1385 466 1412 rite
476 1385 621 1416 instruere,
636 1384 805 1411 etadversus
828 1384 920 1411 hostes
932 1382 1019 1410 conii-

235 1434 333 1458 denter
352 1431 455 1458 ducere
477 1431 640 1465 jusserunt:
669 1430 794 1457 subsidio
820 1437 850 1456 se
877 1437 891 1456 a
919 1429 975 1456 Deo
993 1429 1019 1456 ei

241 1480 348 1505 missos.
366 1483 393 1504 et
408 1477 435 1502 in
453 1477 542 1510 prima
563 1476 622 1503 acie
635 1480 808 1510 pugnaturos
827 1482 898 1506 esse,
914 1474 1018 1500 adden-

1067 247 1210 284 βάρϐαροι,
1225 249 1393 285 ὕπερτέρουν
1412 251 1537 277 πλεῖστον
1556 252 1581 277 oi
1598 252 1742 285 Εὐγενίου.
1763 253 1793 279 ’0
1805 254 1851 288 βα-

1066 294 1157 326 σιλεὺς
1191 295 1220 321 τὺ
1252 297 1426 330 συμμαχικὸν
1457 297 1544 328 οὕτως
1572 297 1643 332 ὁρῶν
1669 298 1852 334 διολλύμενον,

1065 340 1171 376 πρηνὴς
1186 341 1288 373 πεσὼν,
1311 342 1428 376 δάκρυσι
1453 342 1484 368 τὸ
1514 342 1628 369 δάπεδον
1652 343 1763 379 ἔσρεχε,
1788 346 1852 371 Θεὸν

1065 385 1188 421 λιπαρῶν
1204 386 1241 420 μὴ
1257 385 1329 413 οὕτω
1351 386 1400 422 τὴν
1419 387 1564 422 Ῥωμαίων
1590 388 1677 424 ἀρχὴν
1701 389 1854 423 ἀπολλυμέ-

1066 440 1115 466 νην
1134 432 1275 467 περιιδεῖν.
1295 432 1361 463 Θεδς
1374 431 1395 459 δ’
1412 433 1511 460 αὐτίκα
1529 434 1673 468 ἐπήκουεν,
1691 435 1730 465 ὡς
1759 436 1806 461 καὶ
1825 435 1854 460 τὸ

1066 477 1172 503 ἀποϐάν
1192 477 1287 510 ἔδειξε.
1311 478 1417 509 Νυκτὸς
1437 479 1491 513 γὰρ
1516 479 1727 514 ἐπιγενομένης,
1755 480 1851 514 ἠθύμει

1069 522 1118 557 μὲν
1130 523 1145 548 6
1162 523 1275 557 στρατός
1287 531 1293 538 ·
1309 524 1337 549 ὲν
1354 524 1448 559 ἀπόρῳ
1459 525 1481 550 δ’
1491 524 1528 551 ὢν
1542 526 1556 552 6
1568 525 1690 560 κρατῶν,
1704 527 1777 552 κατὰ
1805 527 1851 558 τὴν

1067 568 1242 603 ἀκρωνυχίαν
1257 569 1302 595 τοῦ
1317 569 1397 604 ὄρους
1413 571 1442 596 ἐν
1456 567 1479 604 ᾧ
1493 571 1539 597 καὶ
1551 572 1580 597 τὸ
1599 571 1783 606 στρατιττεδον
1810 580 1852 597 πε-

1070 614 1242 650 ριήϐροιστο,,
1254 615 1398 650 εὐκτήριον
1417 613 1491 642 οἷκον
1506 616 1604 650 εὑρὼν,
1622 617 1760 650 πάννυχος
1772 616 1853 642 διετέ-

1067 661 1108 687 λει
1122 660 1168 686 τὸν
1182 660 1236 686 τῶν
1247 661 1315 687 ὅλων
1329 661 1468 696 Δεσπότην
1494 662 1572 693 αὖθις
1598 662 1761 689 ἀντιϐολῶν.
1790 662 1853 695 Περὶ

1067 706 1096 732 δὲ
1110 706 1298 741 ἀλεκτρυόνων
1309 706 1390 741 ᾠδὰς,
1410 707 1486 740 παρὰ
1512 707 1625 742 γνώμην
1641 707 1719 742 ὕπνῳ
1742 707 1852 737 κλαπεὶς

1069 751 1115 778 ἐπὶ
1124 751 1202 786 ψιλοῦ
1219 753 1344 786 κείμενος
1356 751 1403 778 τοῦ
1421 753 1545 786 ἐδάφους,
1573 753 1660 779 ἐδόκει
1680 753 1728 779 δύο
1758 753 1854 786 ἄνδρας

1069 798 1147 832 όρᾷν,
1169 797 1254 824 λευκὰ
1270 797 1320 831 μὲν
1340 798 1605 832 ἀναϐεὸλημένουςπ
1621 798 1729 829 λευκοῖς
1753 799 1782 825 δὲ
1810 799 1854 824 καὶ

1070 844 1126 874 τοῖς
1145 843 1238 873 ἵπποις
1263 843 1420 877 χρωμένους
1435 851 1442 858 ·
1465 843 1489 869 οἶ
1507 843 1677 877 προσιόντες,
1700 844 1812 878 Θαρῥεῖν
1827 852 1853 867 τε

1067 887 1201 919 ἐκέλευον,
1215 886 1261 912 καὶ
1280 887 1311 912 τὸ
1325 886 1383 917 δέος
1395 886 1516 912 ἐλαύνειν
1529 895 1535 901 ·
1553 886 1612 920 ἅμα
1622 886 1644 912 δ’
1661 887 1700 921 ἕῳ
1714 887 1744 912 ὲν
1760 887 1853 920 κόσμῳ

1067 931 1231 959 καθοπλίσαι
1241 932 1289 967 τὴν
1301 932 1438 966 στρατιὰν,
1450 932 1562 963 καὶτοῖς
1573 932 1713 966 πολεμίοις
1726 933 1790 958 ἅντε
1796 933 1855 964 πεξ-

1069 977 1137 1003 ιέναι
1163 977 1348 1013 θαρρούντως.
1369 977 1565 1011 Προσετίοεντὸ
1591 985 1621 1010 γε
1645 978 1710 1012 μὴν,
1745 977 1785 1008 ὡς
1811 978 1854 1003 καὶ

1068 1018 1299 1056 οὖτοιὶπίκουροι
1329 1021 1480 1056 πεμφθεῖεν
1510 1021 1585 1057 αὐτῷ
1605 1022 1674 1055 πρὸς
1703 1020 1785 1052 Θεοῦ,
1810 1030 1853 1047 x1:

1068 1067 1208 1102 πρόμαχοι
1233 1067 1422 1102 συνεσόμενοι.
1451 1067 1504 1093 Καὶ
1519 1068 1533 1093 6
1555 1067 1604 1102 μὲν
1628 1067 1758 1102 Ἰωάννην
1789 1065 1853 1093 εἶναι

1067 1113 1112 1140 τὸν
1128 1112 1323 1147 εὐαγγελιστὴν
1348 1113 1439 1146 ἔλεγεν
1457 1120 1464 1128 ·
1489 1112 1586 1148 ἅτερος
1619 1113 1641 1139 δ’
1664 1111 1735 1139 εἶναι
1760 1113 1852 1139 Φίλιπ-

1067 1168 1118 1189 πος
1139 1160 1152 1185 ὁ
1167 1159 1325 1190 ἀπόστολος.
1341 1158 1383 1185 Τὰ
1394 1159 1440 1186 [ea
1454 1158 1482 1184 δὲ
1497 1160 1542 1185 καί
1556 1167 1599 1190 τις
1613 1159 1709 1185 ἐθεᾶτο
1725 1159 1853 1193 στρατινῖι-

1068 1214 1117 1241 της
1131 1213 1140 1221 ⁶
1153 1205 1183 1236 ὃς
1201 1205 1240 1240 τῷ
1256 1205 1364 1239 λοχαγῷ
1377 1205 1428 1238 τὴν
1442 1205 1505 1239 δψιν
1525 1204 1660 1239 δηλώσας,
1677 1204 1717 1238 τῷ
1747 1205 1852 1240 χιλιάρ-

1068 1260 1108 1286 χῳ
1123 1251 1253 1286 ὶμήνυεν,
1267 1253 1281 1277 6
1297 1250 1319 1276 δ’
1333 1250 1411 1282 αὖθις
1437 1250 1477 1285 τῷ
1505 1250 1662 1285 στρατηγῷ.
1690 1250 1810 1280 Ἐχεῖνος
1828 1250 1854 1275 6‘s

1069 1297 1161 1325 καινόν
1175 1305 1202 1322 τι
1218 1295 1398 1330 ἀπαγγέλλειν
1410 1297 1481 1331 ἔχειν
1511 1296 1705 1331 ὑπεμίμνησκε
1729 1295 1835 1330 βασιλεῖ
1847 1304 1853 1310 ·

1070 1343 1114 1370 καὶ
1125 1342 1154 1373 ὃς
1171 1342 1275 1377 μαθὼν,
1295 1351 1304 1367 t
1319 1342 1375 1369 Οὐκ
1389 1342 1457 1377 ἐμοῦ
1484 1343 1574 1378 χάριν,
1602 1343 1665 1377 ἔφη,
1686 1342 1791 1376 ταύτην
1803 1341 1855 1367 εἶδε

1069 1388 1117 1423 τὴν
1130 1387 1192 1421 ὄψιν
1208 1395 1215 1402 ·
1232 1387 1287 1422 ἐγὼ
1300 1388 1354 1422 γὰρ
1371 1388 1418 1415 καὶ
1434 1389 1610 1424 προεώρακα,
1638 1389 1687 1414 καὶ
1709 1388 1856 1414 πεπίστευ-

1071 1443 1105 1460 κα
1120 1434 1176 1464 τοῖς
1198 1433 1400 1468 ὑπεσχημένοις
1417 1433 1467 1467 τὴν
1483 1433 1573 1468 νίκην.
1598 1432 1668 1459 Ἀλλ’
1687 1433 1733 1458 ἵνα
1760 1433 1797 1467 μή
1818 1441 1856 1461 τις

1072 1485 1106 1511 με
1118 1477 1225 1511 οἰηθείη
1247 1477 1342 1507 ἁπλῶς
1363 1475 1435 1503 οὕτω
1457 1476 1508 1509 τῆς
1532 1477 1621 1511 μάχης
1645 1476 1784 1510 ἐφίεσθαι,
1813 1478 1856 1501 καὶ

239 1527 280 1551 tes
303 1523 341 1557 (2
356 1523 375 1555 ).
399 1522 431 1548 Et
463 1523 532 1548 alter
550 1522 682 1549 Joannem
710 1520 917 1553 evangelistam.
940 1520 1017 1546 alter

1070 1523 1198 1549 πλάττειν
1213 1522 1257 1548 τὸν
1271 1523 1385 1556 ὄνειρον,
1406 1522 1436 1548 τὸ
1467 1522 1526 1548 ἴσον
1552 1522 1616 1548 ίδεῖν
1642 1522 1691 1547 καὶ
1717 1522 1763 1547 τὸν
1793 1521 1857 1554 ἐμὸν

239 1573 331 1596 autem
362 1568 516 1602 Philippum
533 1567 686 1602 apostolum
717 1575 746 1594 se
762 1574 824 1594 esse
848 1566 928 1593 dixit.
944 1565 1019 1592 Idem

237 1621 303 1641 vero
316 1621 351 1641 ex
377 1613 512 1640 militibus
526 1613 608 1639 etiam
635 1613 746 1647 quidam
763 1611 841 1643 vidit,
855 1611 901 1645 qui
915 1610 1020 1637 ordinis

238 1660 280 1688 sui
305 1659 407 1687 (lictori
424 1659 558 1686 visionem
575 1666 636 1686 eam
665 1658 808 1685 indicavit.
836 1658 883 1685 Ille
901 1665 961 1684 eam
986 1656 1019 1683 ad

240 1706 394 1736 tribunum,
410 1709 492 1739 atque
507 1705 530 1732 is
544 1706 576 1732 ad
593 1705 833 1733 exercitusducem
850 1704 954 1732 retulit.
971 1703 1021 1731 Hic

238 1759 322 1787 porro
339 1759 396 1778 rem
412 1751 504 1781 talem,
520 1756 550 1778 ut
565 1758 666 1778 novum
682 1751 804 1785 quidem,
818 1750 889 1784 apud
903 1750 1021 1784 impera-

239 1804 325 1826 torem
336 1798 472 1832 expOsuit.
490 1797 547 1830 Qua
563 1797 608 1824 ille
620 1797 712 1824 audita
727 1807 733 1824 :
749 1806 758 1822 ι
780 1797 839 1823 Non
853 1805 912 1823 mea
926 1804 1019 1827 causa,

239 1845 337 1880 inquit,
372 1844 450 1870 miles
474 1851 522 1870 eos
537 1844 616 1871 vidit.
649 1842 704 1878 Ego
717 1843 790 1870 enim
820 1843 896 1877 prior
907 1843 976 1874 vidi,
993 1847 1021 1868 et

237 1889 383 1917 victoriam
401 1889 468 1915 mihi
490 1888 619 1923 pollicitis
643 1888 759 1915 credidi.
786 1888 888 1914 Verum
913 1895 947 1914 ne
959 1888 1021 1922 quis

240 1943 282 1963 me
301 1936 340 1962 sic
359 1940 462 1962 temere
478 1940 506 1961 et
525 1934 626 1968 cupide
641 1934 674 1961 ad
691 1941 808 1968 pugnam
827 1933 953 1968 progredi
973 1937 1021 1959 aut

239 1981 377 2009 somnium
396 1981 497 2015 ﬁngere
511 1985 599 2015 putet,
618 1979 807 2007 univcrsitatis
829 1979 913 2014 hujus
928 1979 1022 2006 Domi-

238 2034 291 2054 nus
308 2026 359 2052 hoc
370 2026 406 2052 ita
424 2025 594 2060 procuravit,
613 2030 643 2052 ut
668 2025 747 2052 miles
766 2032 844 2051 meus
855 2024 927 2051 idem
947 2023 1022 2050 vide-

239 2076 292 2102 ret,
307 2077 336 2099 et
353 2072 430 2098 testis
443 2071 566 2106 locuples
579 2072 714 2098 sermonis
731 2072 783 2098 mei
799 2076 881 2098 esset.
901 2070 1021 2097 Proinde

240 2118 339 2144 timore
378 2124 459 2152 quam
490 2117 647 2151 longissime
684 2117 800 2151 abiecto,
827 2116 1022 2151 antesignanos

239 2163 318 2193 istos,
337 2162 384 2196 qui
411 2162 438 2188 in
466 2161 553 2196 prima
574 2161 633 2189 acie
659 2162 839 2192 dimicabunt.
859 2169 1018 2197 sequamur.

1073 1570 1243 1603 στρατιώτην
1253 1568 1429 1603 ᾠκονόμησεν
1443 1568 1456 1594 6
1477 1568 1534 1593 τῶν
1553 1567 1622 1594 ὅλων
1647 1567 1802 1600 Δεσπότης,
1823 1566 1857 1595 ὠς

1070 1613 1104 1640 ἄν
1117 1621 1148 1647 γε
1161 1614 1209 1640 καὶ
1235 1614 1340 1648 μάρτυς
1365 1613 1513 1647 ἀξιόχρεως
1538 1613 1588 1647 τῆς
1614 1612 1684 1646 ἐμῆς
1706 1611 1857 1646 διηγήσεως

1071 1661 1187 1693 γένοιτο.
1201 1658 1256 1685 Καὶ
1272 1659 1304 1693 δὴ
1321 1659 1352 1685 τὸ
1371 1658 1429 1689 δέος
1450 1657 1643 1693 διαρρίψαντες
1671 1658 1856 1692 πορῤωτέρω,

1071 1707 1128 1736 τοῖς
1147 1705 1302 1740 προμάχοις
1317 1703 1457 1738 ἑπώμεοει.
1476 1704 1522 1738 Μή
1539 1712 1580 1731 τις
1596 1703 1624 1730 δὲ
1639 1704 1677 1738 τῷ
1688 1704 1790 1738 πλήθει
1805 1704 1858 1728 τῶν

1071 1751 1209 1785 πολεμίων
1220 1750 1268 1784 τὴν
1294 1749 1373 1784 νίκην
1390 1749 1557 1783 οταθμάσθω
1574 1758 1581 1764 ·
1612 1749 1672 1783 Θεῷ
1699 1749 1729 1775 δὲ
1758 1749 1858 1782 μᾶλλον

1072 1797 1207 1831 θαρρείτω
1219 1796 1268 1830 ὅλῃ
1288 1795 1430 1829 προθυμίᾳ
1441 1796 1498 1826 τοῖς
1509 1795 1673 1830 ἡγουμένοις
1686 1795 1832 1828 ἑπόμενος.
1847 1805 1854 1820 ι

1071 1841 1149 1868 οὕτω
1162 1841 1190 1867 δὲ
1206 1841 1236 1868 τὸ
1247 1841 1407 1875 στράτευμα
1421 1840 1574 1874 προθυμίας
1588 1840 1748 1875 ἐμπλήσας,
1765 1841 1797 1867 ὲκ
1810 1841 1858 1873 τῆς

1071 1885 1119 1912 τοῦ
1135 1885 1215 1920 ὅρους
1231 1886 1352 1919 κορυφῆς
1368 1884 1493 1916 συντάξει
1505 1884 1584 1911 τοῦτο
1613 1884 1745 1919 κατῆγεν.
1773 1885 1858 1918 Εὐγέ-

1071 1940 1127 1963 νιος
1140 1932 1164 1958 δ’
1177 1931 1283 1957 ἐκεῖθεν
1299 1931 1386 1962 οὕτως
1403 1930 1465 1956 ἰδὼν
1481 1930 1699 1965 πολεμησείοντα
1710 1931 1758 1956 τὸν
1777 1938 1859 1964 στρα-

1071 1978 1126 2010 τὸν,
1139 1977 1186 2003 καὶ
1206 1976 1287 2008 αὐτὸς
1300 1975 1350 2011 τὴν
1362 1976 1465 2002 οίκειαν
1479 1975 1595 2010 δύναμιν
1611 1975 1791 2007 καθοπλίσας,
1819 1976 1858 2006 είς

1072 2022 1226 2058 παράταξιν
1246 2021 1370 2056 ἔστησεν.
1391 2021 1507 2052 Ἐκεῖνος
1520 2021 1542 2047 δ’
1557 2021 1604 2048 ἐπι
1617 2030 1689 2052 τινος
1716 2022 1794 2056 ἀνῄει
1809 2029 1857 2055 γη-

1072 2069 1163 2103 λόφου,
1193 2069 1310 2102 θανατᾷν
1333 2068 1378 2093 τὸν
1404 2067 1517 2102 βασιλέα
1540 2068 1662 2101 φάσκων,
1687 2066 1737 2092 καὶ
1761 2066 1856 2092 ἑκόντα

1071 2115 1120 2149 τῆς
1133 2114 1275 2149 παρούσης
1288 2112 1510 2140 ἀπαλλάττεσθαι
1522 2113 1594 2147 ζωῆς
1622 2112 1776 2147 ᾑρημένον.
1795 2113 1856 2142 Τοῖς

1073 2169 1104 2194 γε
1120 2160 1173 2194 μὴν
1192 2160 1356 2195 στρατηγοῖς
1371 2158 1454 2184 αὖτοῦ
1472 2158 1616 2189 ἐπέταττε,
1642 2157 1712 2192 μηδὲ
1729 2158 1854 2189 κτείνειν,

238 2208 278 2235 Ne
302 2208 365 2242 quis
387 2216 452 2234 vero
473 2214 598 2235 nostrum
631 2215 663 2235 ex
697 2208 818 2235 hostium
844 2195 1017 2235 multitudine

1075 2206 1143 2234 ἀλλὰ
1153 2205 1243 2238 ζῶντα
1262 2205 1329 2240 πρὸς
1346 2205 1428 2231 αὑτὸν
1444 2205 1532 2238 ἄγειν.
1550 2204 1597 2234 Ὠς
1614 2204 1637 2230 δ’
1661 2204 1690 2230 αι
1719 2203 1856 2238 φάλαγγες

238 2254 381 2282 victoriam
407 2254 534 2285 aestimet.
563 2254 611 2281 sed
639 2255 730 2289 potius
757 2254 840 2281 alacri
864 2253 964 2280 ﬁducia
989 2254 1018 2280 in

238 2300 323 2328 Deum
349 2299 411 2331 lixa,
428 2303 581 2333 praeeuntes
596 2298 681 2325 duces
695 2302 892 2331 consequatur.
910 2306 918 2322 ι
940 2296 1018 2331 Ejus-

238 2345 345 2373 cemodi
368 2345 460 2371 verbis
477 2344 523 2371 ubi
556 2343 689 2370 militibus
709 2343 831 2369 animum
852 2342 969 2374 addidit.
986 2349 1020 2369 ex

237 2393 317 2419 collis
328 2392 432 2418 vcrtice
448 2391 535 2418 aciem
560 2395 692 2418 structam
709 2390 796 2417 duxit.
818 2390 956 2424 Eugenius
972 2390 1019 2417 ubi

237 2437 387 2464 Theodosii
405 2437 555 2464 exercitum
571 2436 710 2470 pugnandi
726 2443 819 2462 amore
836 2437 923 2463 teneri
937 2436 1017 2467 vidit,

275 2515 313 2547 (l)
330 2514 386 2542 lloc
405 2514 527 2548 praelium
554 2514 720 2541 Claudianus
744 2519 822 2548 poeta
847 2515 873 2541 in
896 2514 1018 2548 Panegy-

238 2549 296 2576 rico
325 2549 357 2576 ad
384 2549 532 2575 llonoriun.
551 2557 646 2575 rccens
664 2549 854 2583 imperatorem
878 2549 1020 2575 renuntia-

239 2587 308 2617 tum,
327 2584 519 2618 pulcherrimis
533 2583 702 2611 carminibus
712 2588 754 2610 est
767 2584 925 2618 complexus
941 2591 948 2609 :

370 2642 431 2647 α-
450 2627 563 2654 Victoria
575 2628 648 2654 celox

294 2662 421 2697 Auspiciis
438 2663 526 2697 effecta
540 2664 590 2689 tuis
601 2671 611 2689 :
624 2665 759 2697 pugnastis
772 2668 888 2697 uterque.

294 2696 332 2733 Tu
342 2696 574 2733 [ratiugeuitorque
586 2696 666 2724 manu
677 2706 685 2724 :
695 2703 719 2724 te
732 2696 839 2733 propter
849 2703 877 2724 et.
889 2697 967 2732 Alpes

294 2730 399 2767 [invadit
412 2730 598 2765 facilencauto
615 2741 660 2759 nec
673 2734 771 2767 profuit
781 2730 853 2759 'hoxti

293 2765 398 2801 Munitis
409 2768 512 2793 hmine
524 2768 586 2793 locis
599 2775 608 2794 :
621 2765 679 2801 spes
691 2769 768 2795 irrita
779 2768 845 2794 valli

291 2800 446 2831 Concidit,et
455 2803 566 2834 scapulis
574 2800 713 2835 patuerunt
723 2803 837 2829 claustra
849 2801 966 2828 revulsis.

293 2835 326 2862 Te
338 2839 444 2870 propter
456 2836 548 2870 gelidis
569 2837 661 2871 Aquilo
679 2839 709 2863 de
728 2842 814 2864 monte
828 2837 948 2872 prUt‘c‘llls

1071 2254 1141 2279 κατὰ
1157 2252 1282 2286 μέτωπον
1306 2251 1433 2284 ἔστησαν,
1453 2251 1483 2276 τὸ
1509 2251 1558 2284 μὲν
1579 2250 1681 2284 πλῆθος
1709 2250 1856 2284 ὑπερφυῶς

1072 2298 1272 2324 πολλαπλάσιον
1301 2297 1355 2323 τῶν
1377 2297 1514 2332 πολεμίων
1537 2294 1572 2331 ἦν
1589 2304 1597 2312 ·
1623 2296 1811 2330 εὐαρίθμητον
1831 2296 1857 2321 δὲ

1071 2345 1117 2370 καὶ
1130 2344 1229 2378 κομιδῆ
1258 2343 1345 2378 βραχὺ
1369 2344 1399 2370 τὸ
1423 2345 1737 2376 ἀντιπαραταττόμενον.
1767 2344 1801 2369 'll
1832 2343 1858 2368 δι

1072 2389 1194 2424 συμῦολὴ
1220 2390 1282 2423 περὶ
1298 2390 1343 2415 τὸν
1365 2389 1499 2423 ποταμοὶν,
1528 2388 1556 2420 ὃς
1583 2388 1705 2414 καλεῖται
1735 2389 1857 2423 Φρίνδος,

1071 2436 1185 2468 ἐγίνετο.
1201 2435 1255 2461 Καὶ
1272 2435 1304 2467 δὴ
1319 2434 1415 2468 πρῶτα
1442 2434 1492 2467 μὲν
1506 2434 1520 2460 6
1538 2434 1727 2469 στρατηλάιης
1756 2434 1858 2461 Bauti-

1124 2515 1214 2542 Ohruit
1228 2515 1351 2542 adversus
1367 2518 1445 2546 acies,
1462 2514 1630 2548 revolutaque
1646 2514 1699 2541 tela

1128 2551 1208 2576 Vertit
1219 2552 1244 2576 in
1258 2554 1387 2579 (turtures.
1402 2555 1425 2576 et
1439 2550 1540 2576 turbine
1554 2550 1666 2582 reppulit
1682 2550 1786 2576 hastos.

1124 2584 1145 2611 0
1160 2586 1269 2611 nimium
1284 2584 1375 2610 dilecte
1396 2584 1460 2614 Deo.
1480 2585 1521 2610 (αἱ
1536 2584 1621 2618 fundit
1640 2585 1672 2609 ab
1687 2586 1776 2610 nutris

1122 2620 1214 2646 Atolus
1231 2623 1349 2646 armalas
1364 2619 1476 2647 hiemes.
1493 2620 1535 2644 cui
1551 2619 1646 2645 militat
1657 2619 1749 2649 mlier,

1125 2656 1158 2680 lit
1175 2655 1306 2688 conjurali
1321 2655 1427 2680 veniunt
1443 2653 1477 2680 ud
1492 2654 1602 2688 classica
1616 2655 1697 2680 renti.

1123 2686 1226 2721 Alpina}
1236 2690 1344 2715 rubuch
1354 2690 1434 2715 uivrs.
1450 2692 1473 2714 rt
1493 2686 1616 2721 Frigidus
1630 2688 1717 2715 annuis

1124 2723 1232 2750 Mttlatt's
1244 2724 1351 2757 fumavit
1368 2725 1460 2756 aquis:
1479 2723 1604 2754 turbaque
1623 2723 1764 2750 cadentum

1124 2759 1223 2790 Staret,
1240 2759 1266 2784 ui
1279 2758 1384 2792 rapidus
1396 2757 1505 2791 jurissct
1518 2757 1629 2791 [Iuntina
1644 2758 1767 2792 sanguis.

1107 2805 1144 2837 (2)
1155 2804 1258 2832 Themi.
1275 2806 1322 2831 lih.
1336 2812 1361 2834 ν,
1374 2812 1434 2837 cap.
1451 2803 1495 2830 2-3.
