1906 3043
57 116 107 148 885

519 120 823 150 ECCLESHS'I‘IC.E
844 122 1038 152 liiS’l‘OltliE
1060 124 1133 152 LlB-
1155 125 1224 153 ΧΗ,

1637 126 1688 154 sL-‘i

58 181 111 203 ςιος
139 173 332 209 ἁναέρωσθεὶς
347 173 396 208 τὴν
411 174 511 209 ψυχὴν,
527 175 571 200 ἐπὶ
584 176 660 202 τόσον
678 177 780 202 ἐκλέγει
796 178 845 207 τὶις

909 185 955 212 pse
974 187 1083 213 quoque
1100 181 1194 214 copias
1210 189 1275 208 suas
1292 181 1439 208 instructas
1456 181 1482 208 in
1511 184 1596 208 arium
1626 191 1689 216 pro-

56 218 214 251 φάλαγγας,
228 219 265 250 ὠς
291 219 447 254 εἰσδραμεῖν
468 219 569 250 εὐθέως
584 222 630 246 xxi.
647 222 792 257 διαρρῆξαι
817 223 850 248 τὰ

56 264 157 298 πλήθη,
169 266 219 290 καὶ
229 265 256 295 ἐς
265 265 353 300 φυγὴν
360 266 458 300 τρέψαι
476 267 536 296 τοὺς
551 266 675 301 πρώτους
687 267 845 298 διώκοντας.

55 310 83 335 Οἱ
96 309 123 335 δὲ
138 310 191 342 τῆς
204 310 369 345 τυραννικῆς
379 311 558 345 παρατάξεως
570 312 713 346 ἡγεμόνες,
725 312 769 342 οὓς
780 313 851 339 κατὰ

56 356 137 381 ἰῑῖιτου
152 356 261 381 κεῖσθαι
282 355 328 381 καὶ
345 356 546 390 περικαοῆσοαι
565 358 614 392 τὴν
630 358 717 392 ἄκραν
736 359 849 392 είρήκα-

57 398 114 435 μεν,
134 400 254 436 πρέσϐιν
271 401 300 432 ὲς
324 401 466 428 Θεοδόσιον
494 402 665 436 πέμψαντες,
693 406 850 438 συμμαχεῖν

55 446 152 481 ἐκείνῳ
171 447 370 481 κατήγγελλον,
388 448 416 474 εἴ
428 457 460 482 γε
478 449 601 483 μείζονος
618 450 699 484 τιμῆς
716 449 781 483 παρ’
801 451 850 476 αὐ-

54 492 90 526 τῷ
109 492 230 519 ἔσοιντο.
248 494 378 525 Βασιλεὺς
396 494 424 520 δὲ
443 495 494 529 τὴν
519 495 668 529 πρεσϐείαν
699 495 828 530 προσίετο
842 503 848 510 ·

55 540 97 564 καὶ
110 540 177 565 ἐπεὶ
194 541 301 575 χάρτην
317 541 366 575 οὐχ
379 541 454 575 εὗρε,
467 541 559 567 δέλτον
572 541 673 574 λαϐὼν,
689 542 723 577 ἦν
741 551 782 573 τις
796 542 850 568 τῶν

55 588 244 622 παρεστώτων
260 588 380 623 τυχαίως
398 589 524 623 ἐφέρετο,
542 589 572 615 ὲν
601 589 689 625 ταύτῃ
717 590 853 625 κατέγρα-

55 641 115 665 φεν,
132 633 167 668 ἣν
191 634 331 667 ἐπίσημον
357 635 403 660 καὶ
426 637 617 668 τροσήκουσαν
640 635 750 661 ἕκαστοι
776 635 852 668 τάξιν

54 679 146 710 ἕξουσι
158 679 229 714 παρ’
244 680 329 714 αὐτῷ,
344 681 371 706 ei!
389 689 420 714 γε
437 681 523 716 πέρας
536 682 568 716 τῇ
592 682 737 717 ὑποσχέσει
763 681 853 708 αἴσιον

55 725 184 759 θήσουσι.
203 725 259 752 Καὶ
271 727 294 751 οἱ
314 725 364 759 μὲν
383 726 470 757 οὕτως
494 728 525 753 ἐκ
548 727 688 762 πολεμίων
713 727 853 762 σύμμαχοι

55 771 151 806 ἀθρόον
162 771 270 806 βασιλεί
279 771 350 808 ἦσαν
360 780 368 787 ·
380 771 421 799 ἔτι
435 773 462 799 δὲ
476 773 524 808 τῆς
537 773 626 808 μάχης
637 773 676 808 τῷ
690 773 772 808 πεδίῳ
788 773 855 799 καθ-

56 818 221 851 ισταμένης,
250 819 296 844 καί
321 820 357 853 μή
380 827 422 845 πω
439 819 572 852 κλινάσης
600 819 646 845 ἐπὶ
673 819 776 853 θάτερα
802 818 852 853 τῆς

54 863 154 904 ὁρμῆς,
173 863 293 896 ὲξαίσιός
307 864 390 890 ποθεν
415 865 565 898 ὲπαιγίσας
583 865 682 899 ἄνεμος
708 867 754 892 καὶ
777 866 852 892 ἀντι·

55 909 207 940 πρὸσωπος
224 909 345 938 πνεύσας
360 909 415 939 τοῖς
434 908 588 942 πολεμίοις,
603 907 659 935 οἷον
682 907 752 936 εἶναι
786 910 850 944 μηδ’

55 953 150 979 ἄλλοτέ
168 961 237 979 ποτε
266 953 429 986 ἱστορεῖσθαι
455 954 579 986 πνεῦσαι,
605 954 655 985 τὰς
685 955 734 989 μὲν
759 955 852 987 τάξεις

56 998 155 1025 διέλυε.
173 998 217 1024 Τὰ
232 999 286 1033 γὰρ
308 999 370 1034 βέλη
384 1007 414 1025 τε
437 1000 483 1025 καὶ
499 1001 610 1026 ἀκόντια
628 1001 678 1027 ὅσα
696 1001 765 1028 κατὰ
787 1001 852 1027 Ῥω-

58 1045 149 1080 μαίων
166 1045 328 1086 ἐπέμποντο
343 1045 373 1078 ἐξ
388 1045 536 1072 ἀντιτύπου
551 1046 695 1082 δυνάμεως
721 1048 852 1082 ἀναστρέ-

58 1099 128 1125 φων,
146 1091 220 1117 κατὰ
233 1091 289 1117 τῶν
304 1092 468 1126 πεμπόντων
490 1093 590 1127 μᾶλλον
603 1093 676 1128 ἠφίει
695 1101 702 1109 ·
729 1095 776 1120 καὶ
804 1093 852 1125 τὰς

57 1137 169 1163 ἐκείνων
183 1137 304 1169 ἀσπίδας
320 1138 369 1165 σὺν
393 1138 485 1174 πολλῷ
506 1139 634 1174 συρφετῷ
659 1139 707 1167 καὶ
719 1139 852 1175 ἀμυθήτῳ

56 1183 131 1210 κόνει
146 1183 203 1209 τῶν
229 1184 345 1210 ἐκείνων
379 1185 491 1220 χειρῶν’
510 1185 692 1220 ἀφαρπάζων,
721 1188 768 1212 καὶ
789 1178 854 1217 τοὺς

59 1229 178 1264 ἱμάντας
194 1230 374 1265 διαρῤηγνὺς,
391 1231 435 1256 ἐπ’
447 1231 536 1258 αὐτῶν
554 1232 648 1258 ἐκύλιε
667 1232 737 1258 κατὰ
764 1232 851 1266 στόμα

58 1275 178 1309 βάλλων,
193 1276 241 1301 καὶ
257 1275 323 1301 ὅπου
339 1275 371 1310 δή
392 1285 457 1302 ποτε
474 1285 480 1292 ·
496 1277 529 1303 τὰ
540 1277 562 1303 δ’
584 1278 615 1303 ἐκ
634 1276 688 1303 τῶν
711 1276 851 1303 Θεοδοσίου

58 1321 241 1356 πεμπόμενα,
260 1322 429 1358 σφοδροτέρᾳ
443 1323 519 1358 ῥύμῃ
534 1322 678 1350 καὶταῦτα
702 1324 763 1349 κατ’
778 1323 852 1349 ἐκεί-

57 1376 112 1394 νων
127 1367 216 1394 ὲκίνει
235 1375 242 1383 ⁸
259 1365 299 1399 οἷς
310 1368 342 1403 δὴ
356 1368 403 1394 καὶ
429 1369 628 1404 θαρρήσαντες,
651 1370 699 1397 ἅτε
724 1369 756 1404 δὴ
779 1370 851 1404 ἀπή-

60 1422 159 1448 μαντοι
177 1414 364 1449 διαμένοντες,
379 1415 475 1450 θράσει
494 1415 586 1450 πολλῷ
605 1416 712 1449 ῥέοντες
727 1417 790 1447 τοὺς
803 1424 853 1442 πο-

57 1460 173 1494 λεμίους
193 1461 380 1487 κατέκτειναν.
405 1462 435 1487 Oi
456 1461 484 1487 δὲ
515 1461 640 1495 πολέμιοι
656 1462 704 1496 τὴν
725 1463 851 1496 προφανῆ

58 1507 172 1540 γνόντες
198 1507 360 1542 ἐπικουρίαν
385 1508 421 1538 ὡς
439 1507 532 1534 θεόθεν
559 1509 696 1544 ἐπῄει,τὰ
725 1509 794 1535 ὅπλα
812 1509 853 1544 ῥί-

59 1561 186 1585 πτοντες,
200 1554 307 1588 φειδοῦς
321 1554 371 1587 τῆς
383 1555 414 1580 ἐκ
430 1554 564 1589 βασιλέως
575 1555 732 1588 ἠντιϐόλουν
748 1557 852 1590 τυχεῖν.

65 1599 93 1623 ’0
110 1598 139 1623 δὲ
157 1597 238 1628 stos;
253 1595 310 1624 εἷκε
329 1598 377 1624 καὶ
393 1598 560 1633 συγγνώμην
578 1598 674 1626 ἐδίδου.
691 1599 745 1625 Καὶ
757 1599 788 1634 δὴ
804 1600 854 1625 αὺ-

59 1645 116 1675 τοῖς
130 1653 161 1670 τε
182 1644 231 1670 καὶ
252 1645 309 1676 τοῖς
338 1645 496 1678 αὑτομόλως
521 1645 646 1671 ἐλθοῦσιν
675 1645 782 1678 ἔπεμπε
807 1647 853 1672 τὸν

59 1691 195 1725 τύραννον
211 1691 336 1724 ἀγαγεῖν.
354 1691 386 1718 Οῑ
401 1692 429 1718 δὲ
445 1693 492 1727 βοῇ
507 1692 623 1724 θέοντες,
638 1693 683 1718 τὸν
693 1692 774 1724 λόφον
790 1692 854 1727 ἀνῄ-

59 1745 138 1770 εσαν,
152 1737 196 1770 ἐφ’
208 1734 239 1764 οὗ
249 1737 402 1772 καθήμενος
417 1737 452 1764 τὰ
471 1737 630 1772 πραχθέντα
647 1738 750 1772 ἠγνόει.
770 1738 854 1770 Εὐγέ-

59 1793 116 1815 νιος
131 1784 162 1810 δὲ
176 1784 217 1819 τῷ
234 1784 281 1810 τοῦ
298 1784 401 1820 δρόμου
416 1785 495 1819 τάχει
513 1785 560 1811 καὶ
575 1785 614 1819 τῷ
629 1784 719 1819 συχνῷ
730 1785 852 1819 ἄσθματι

60 1833 156 1858 καινόν
165 1840 192 1857 τι
207 1831 353 1865 ἀγγέλλειν
368 1831 441 1867 ἔχειν
460 1832 574 1866 νομίσας
600 1833 732 1864 ἐκείνους,
750 1833 798 1859 καὶ
815 1833 854 1858 νί-

59 1887 111 1912 κης
126 1877 263 1911 ἀγγέλους
279 1879 381 1912 μᾶλλον
398 1879 463 1913 παρ’
477 1878 560 1904 αὑτὸν
575 1878 663 1913 ἥκειν,
690 1878 771 1909 εὐθὺς
785 1879 852 1912 ἀνη-

60 1924 149 1958 ρώτα,
169 1933 178 1949 ‹
201 1924 232 1950 El
244 1924 436 1959 πεπεδημένος
456 1925 502 1951 καὶ
531 1924 597 1958 ζῶν,
613 1924 651 1956 ὡς
667 1925 851 1959 προσετάχθη,

59 1972 109 1997 καὶ
126 1970 267 2002 Θεοδόσιος
280 1971 387 2002 ἄγεται.
412 1981 421 1996 ι
435 1971 496 1997 Τῶν
509 1970 532 1997 δ’
547 1971 688 2003 εἰπόντων,
708 1971 768 2004 «Μὴ
783 1971 854 1996 ἐκεί-

59 2026 105 2043 νον
120 2016 191 2050 πρὸς
210 2016 250 2048 σὲ,
268 2016 298 2042 σὲ
309 2016 337 2042 δὲ
354 2016 455 2050 μᾶλλον
477 2017 545 2051 πρὸς
570 2016 675 2042 ἐκεῖνον
708 2014 852 2050 ἐπέμφθη-

61 2072 112 2098 μεν
124 2064 241 2096 ἀγαγεῖν
253 2063 289 2097 ’ή
307 2063 361 2099 γὰρ
371 2063 433 2097 νίκη
453 2062 499 2089 τὸν
527 2062 657 2096 τύραννον
684 2062 853 2096 μυσαχθεῖσα

58 2110 109 2143 τὴν
123 2109 239 2141 ἔννομον
255 2107 397 2142 βασιλείαν
412 2106 554 2141 ἠσπάσατο
570 2113 576 2120 ·
601 2106 683 2132 τοῦτο
702 2107 756 2141 γὰρ
770 2107 784 2132 ὁ
799 2107 854 2132 τῶν

58 2157 129 2182 ὅλων
147 2155 275 2181 ἐκέλευσε
296 2154 429 2188 πρύτανις
442 2162 449 2168 ·
469 2163 479 2179 ι
498 2153 579 2184 εὐθὺς
600 2153 647 2179 τοῦ
661 2153 757 2187 δίφρου
772 2153 853 2179 αὐτὸν

903 224 991 250 duxit.
1023 225 1055 251 Et
1085 226 1110 252 in
1132 226 1266 252 tumulum
1293 227 1438 260 quemdam
1463 227 1635 258 conscendit,
1664 232 1692 254 ct

903 270 1096 305 imperatorem
1111 271 1179 298 mori
1193 279 1293 306 cupere
1306 272 1344 305 (ι)
1360 279 1391 298 ac
1404 280 1452 298 sua
1464 277 1561 306 sponte
1575 273 1608 298 ad
1622 280 1692 298 mor-

903 322 957 343 tem
973 317 1157 351 appetendam
1175 325 1323 352 properare
1342 318 1431 344 dixit:
1448 317 1620 350 ducibusque
1636 317 1693 344 suis

901 363 1040 396 prarcepit,
1057 368 1086 390 ut
1098 371 1131 389 ne
1147 363 1222 390 illiilli
1237 363 1407 393 occiderent.
1428 364 1476 390 scil
1494 364 1586 390 vivum
1599 364 1691 396 potius

901 407 935 434 ad
949 416 978 434 se
1005 408 1187 436 adducerent.
1221 409 1370 443 Postquam
1400 410 1473 436 acies
1497 410 1534 435 ita
1569 411 1694 436 adversis

902 455 1041 482 frontibus
1068 455 1232 487 constitere,
1265 455 1380 482 niirilica
1407 455 1545 481 \‘ariarum
1569 455 1692 488 gentium

903 501 1054 526 multitudo
1067 501 1094 527 in
1111 501 1233 527 hostium
1264 501 1393 535 partibus
1423 508 1486 527 csse
1511 501 1566 526 visa
1586 504 1638 526 cst.
1659 500 1693 524 At

902 545 949 579 qui
967 550 1064 573 contra
1081 554 1129 573 eos
1154 546 1181 573 in
1202 546 1288 573 armis
1303 546 1400 573 ordine
1416 553 1467 573 suo
1491 546 1612 577 stabant,
1631 553 1692 579 pcr-

903 599 984 626 quain
1006 591 1098 626 pauci.
1119 592 1157 619 ita
1177 597 1207 619 ut
1225 600 1321 620 eorum
1353 599 1485 618 numerus
1517 591 1598 618 facile
1629 591 1690 617 iniri

903 643 1005 672 posset,
1025 642 1116 665 erant.
1137 637 1229 665 Coitio
1243 638 1330 672 prima
1348 638 1382 664 ad
1403 637 1515 663 [luvium
1532 637 1580 670 qui
1605 636 1693 670 Frigi~

902 682 955 709 dus
966 683 1079 715 dicitur,
1097 683 1234 711 estfacta.
1250 683 1331 718 313
1354 683 1482 718 Magister
1505 683 1620 709 militum
1643 682 1693 707 Ba-

902 729 1007 759 curius,
1026 736 1124 762 magno
1137 729 1221 756 animi
1238 730 1339 756 robore
1365 733 1512 762 concepto,
1546 732 1691 760 tantOpcrc

903 774 1087 808 impressione
1111 782 1160 801 sua
1190 775 1312 801 hostium
1329 775 1476 808 phalanges
1506 772 1636 802 turbavit,
1664 777 1693 797 ut
1727 794 1737 800 ,

904 820 997 846 statim
1013 820 1054 846 sui
1072 821 1260 852 incurrerent,
1281 825 1310 847 et
1325 820 1473 846 ordinibus
1501 819 1587 852 ruptis
1604 818 1629 843 in
1649 817 1692 843 ί“ιι⁴

869 853 889 880 Β
902 873 963 900 gam
993 873 1040 892 eos
1057 870 1208 898 verterent,
1227 865 1274 899 qui
1295 866 1432 900 persecuti
1450 872 1499 891 eos
1522 864 1611 898 pridie
1635 863 1694 889 fuc—

903 916 975 938 rant.
993 911 1082 938 Porro
1105 912 1190 938 duces
1206 911 1355 947 tyrannica:
1385 912 1446 945 ejus
1474 910 1554 940 aciei,
1578 917 1659 944 quam
1678 917 1693 935 ιι

903 963 981 993 tergo
998 965 1136 985 summum
1152 963 1273 985 montem
1300 958 1434 985 insedisse
1461 958 1592 986 diximus.
1609 955 1693 994 misso

902 1003 936 1031 ad
952 1004 1141 1032 Theodosium
1160 1009 1283 1038 oratore,
1314 1005 1346 1030 ad
1369 1010 1459 1038 partes
1471 1003 1531 1038 ejus
1548 1010 1576 1029 se
1594 1002 1695 1028 transi-

904 1055 999 1088 turos.
1014 1058 1075 1078 esse
1098 1056 1273 1086 receperunt,
1303 1052 1326 1078 si
1348 1050 1460 1085 majoris
1490 1049 1632 1084 dignitatis
1654 1049 1695 1074 cis

902 1095 976 1129 apud
990 1103 1053 1122 eum
1064 1096 1146 1123 locus
1162 1100 1236 1124 esset
1256 1104 1264 1123 :
1280 1097 1431 1131 imperator
1449 1095 1613 1129 legationem
1633 1101 1693 1120 can

903 1143 1037 1176 suscepit.
1053 1142 1160 1169 Etcum
1178 1143 1283 1169 chartae
1313 1142 1393 1176 copia
1412 1148 1468 1168 non
1485 1145 1568 1172 esset,
1588 1139 1692 1171 tabula,

903 1195 983 1221 quam
998 1196 1031 1215 ex
1042 1188 1237 1215 assistentibus
1253 1188 1389 1214 militibus
1403 1187 1516 1222 quidam
1541 1195 1607 1214 casu
1625 1193 1695 1220 quo—

903 1233 966 1260 dam
985 1232 1103 1266 ferebat,
1124 1238 1244 1268 arrepta,
1259 1234 1286 1259 in
1309 1240 1341 1259 ca
1354 1240 1435 1266 quem
1448 1233 1565 1266 quisque
1582 1231 1693 1258 illorum

902 1280 1067 1315 pmclarum
1083 1283 1112 1306 et
1122 1279 1333 1306 convenientem
1349 1278 1440 1305 locum
1460 1278 1531 1312 apud
1548 1284 1577 1304 sc
1611 1276 1692 1304 habi—

904 1331 985 1354 turus
999 1330 1081 1358 esset,
1098 1325 1122 1353 si
1149 1326 1294 1360 promissis
1310 1329 1427 1355 starent,
1441 1331 1528 1358 eaque
1544 1323 1577 1350 ad
1611 1322 1692 1349 linem

902 1372 1026 1399 debitum
1058 1371 1267 1406 perducerent,-
1287 1370 1511 1405 descripsit.'Ad
1544 1370 1618 1395 hunc
1654 1367 1692 1394 illi

904 1420 1014 1445 modum
1030 1418 1111 1445 simul
1131 1425 1228 1445 omnes
1241 1425 1274 1444 ex
1292 1416 1419 1444 hostibus
1432 1415 1500 1442 socii
1518 1414 1693 1449 imperatoris

903 1469 968 1492 sunt
987 1465 1062 1492 facti.
1076 1464 1176 1491 Adhuc
1199 1463 1364 1498 campestris
1379 1470 1470 1497 pugna
1490 1462 1591 1488 acriter
1620 1468 1694 1487 coni-

867 1522 890 1552 ο
906 1513 1078 1542 mittebatur,
1090 1511 1207 1538 necdum
1219 1511 1341 1536 victoria:
1357 1510 1478 1543 impetus
1492 1508 1520 1534 in
1532 1507 1692 1534 alterutram

903 1563 1009 1593 partem
1028 1557 1191 1589 inclinabat,
1209 1564 1273 1583 cum
1291 1555 1395 1590 ingenti
1411 1555 1437 1581 vi
1455 1554 1582 1581 alicunde
1597 1558 1695 1580 ventus

902 1603 1166 1631 vehementissimus
1179 1602 1313 1629 adversus
1325 1602 1419 1628 hostes
1435 1600 1564 1630 obortus,
1581 1600 1692 1633 qualem

904 1658 1043 1684 nunquam
1055 1653 1134 1677 antea
1149 1649 1259 1675 ﬂavisse
1276 1647 1415 1674 memoriae
1428 1646 1568 1682 proditum
1585 1651 1638 1677 est,
1666 1645 1693 1671 in

903 1704 950 1724 ora
967 1696 1077 1722 illorum
1095 1694 1179 1722 irruit
1197 1699 1226 1721 et
1251 1693 1364 1720 ordines
1380 1693 1471 1719 solvit.
1490 1692 1524 1719 Et
1539 1692 1593 1718 tela
1611 1695 1694 1725 atque

903 1741 1026 1775 sagittas,
1053 1747 1115 1774 quae
1145 1744 1242 1766 contra
1268 1738 1407 1765 Romanos
1440 1737 1649 1768 cmittcbantnr,
1668 1737 1694 1763 vi

903 1787 1022 1822 quadarn
1055 1785 1209 1812 reluctante
1243 1783 1271 1810 in
1303 1791 1351 1810 eos
1374 1787 1539 1810 convertens
1561 1783 1608 1815 qui
1635 1782 1696 1808 illas

903 1833 1065 1863 emiserant,
1079 1831 1190 1866 rejicit:
1209 1834 1237 1857 et
1251 1830 1374 1864 clypeos,
1394 1836 1458 1856 cum
1483 1828 1568 1854 multa
1594 1836 1694 1862 purga-

904 1883 1061 1906 mentorum
1077 1877 1219 1911 congerie,
1236 1880 1264 1902 ct
1286 1875 1399 1910 pulvere
1413 1874 1570 1901 incredibili
1586 1873 1692 1901 illatus.

903 1933 937 1952 ex
957 1931 1052 1951 eorum
1068 1922 1196 1949 manibus
1211 1921 1330 1955 rapiens,
1360 1924 1388 1946 et
1412 1920 1471 1946 lora
1495 1918 1692 1950 conscindcns,

903 1976 950 1995 eos
962 1969 989 1995 in
1002 1968 1111 1994 illorum
1134 1974 1181 1993 ora
1199 1971 1227 1993 et
1255 1966 1379 1993 membra
1395 1971 1567 1999 quaecunque
1585 1971 1690 1990 concu‘

905 2017 976 2042 tiens
995 2013 1142 2048 provolvit.
1166 2012 1231 2045 Quae
1250 2019 1317 2039 vero
1346 2019 1361 2038 a
1391 2009 1594 2038 'l‘heodosianis
1608 2009 1692 2044 jacio.

905 2061 1007 2087 bantur
1022 2061 1086 2092 tela,
1104 2059 1214 2085 acriore
1231 2058 1314 2085 etiam
1331 2058 1358 2084 in
1376 2057 1437 2084 illos
1453 2057 1555 2091 impetu
1569 2055 1695 2082 fereban-

907 2112 959 2134 tur.
976 2106 1063 2139 Quam
1079 2105 1114 2132 ob
1134 2112 1246 2132 causam
1257 2105 1357 2131 animis
1377 2104 1481 2138 magnis
1501 2103 1653 2137 conceptis,
1666 2107 1694 2129 ct

904 2153 978 2188 quod
1004 2152 1104 2187 integri
1121 2151 1204 2178 etiam
1231 2151 1439 2186 permanebant,
1464 2149 1568 2184 ingenti
1596 2149 1694 2176 ﬁducia

60 2201 296 2231 κατασπάσαντες
317 2200 364 2226 καὶ
384 2200 472 2234 δεσμὰ
492 2200 659 2234 περιθέντες,
679 2200 851 2234 αἰχμάλωτον

907 2199 946 2226 illi
964 2199 991 2226 in
1020 2198 1196 2225 adversarios
1226 2202 1349 2228 ruentes,
1376 2196 1572 2224 eos'mxdunt.
1601 2196 1695 2230 Itaque

57 2246 128 2282 ἦγον
141 2247 211 2281 πρὸς
231 2246 345 2281 βασιλέα
369 2247 415 2271 τὸν
447 2246 502 2279 πρὸ
531 2245 646 2280 βραχέος
670 2245 852 2280 μεγάλαυχον.

65 2293 95 2318 '0
108 2292 138 2318 δὲ
156 2292 190 2317 τὰ
202 2292 231 2319 ἐς
247 2289 472 2316 Οὐαλεντινιανὺν
499 2288 733 2324 πλημμεληθέντα
755 2289 854 2322 ἐκείνῳ

59 2339 191 2374 παρῆγεν
203 2337 244 2369 είς
260 2337 354 2370 μέσον,
371 2337 419 2362 καὶ
442 2335 490 2371 τὴν
516 2335 675 2370 παράνομον
704 2334 856 2369 βασιλείαν,

59 2385 109 2416 τάς
123 2385 148 2410 τ’
166 2383 317 2417 ἐμφυλίους
345 2382 448 2416 μάχας,
469 2383 538 2416 πρὸς
563 2381 592 2407 δὲ
610 2382 657 2407 καὶ.
675 2381 721 2408 τὸν
745 2381 856 2416 σύμμα-

59 2440 109 2465 χον
123 2429 224 2464 ἐκείνῳ
235 2427 398 2459 διετώθαζεν
425 2427 572 2461 Ἡρακλέα.
603 2427 635 2453 Ὃ
662 2427 684 2453 δ’
710 2429 817 2454 ἁκούων
842 2429 855 2456 ὸ

59 2476 209 2510 τύραννος.
225 2475 282 2505 τοῖς
300 2474 364 2500 ποσὶ
381 2473 430 2499 τοῦ
455 2472 620 2507 κρατοῦντος
651 2472 747 2499 ἑαυτὸν
770 2474 855 2499 ἐλεει-

59 2520 115 2551 νῶς
129 2519 258 2555 ἔρριπτε,
274 2519 321 2544 καὶ
337 2517 423 2544 ἐδεῖτο
438 2517 584 2548 σώζεσθαι.
604 2517 649 2542 Ἐν
665 2512 687 2550 ᾧ
713 2516 742 2542 δὲ
764 2517 855 2551 ἱκέτης

36 2572 38 2575 ”
59 2562 106 2599 ἦν,
121 2564 178 2589 τῶν
190 2571 231 2593 τις
243 2562 417 2597 στρατιωτῶν
425 2561 455 2588 ἰδ
466 2561 540 2595 ξίφος
555 2560 740 2594 σπασάμενος,
749 2560 800 2592 τῆς
811 2569 857 2586 κε-

61 2609 154 2644 φαλῆς
168 2608 252 2634 αὑτὸν
265 2608 434 2642 ἀφαιρεῖται.
456 2607 665 2641 Ἃρουαγὰστης
690 2605 719 2631 δὲ
737 2606 751 2631 ὸ
761 2605 857 2631 τοσού-

61 2664 117 2682 των
132 2655 182 2682 καὶ
202 2654 371 2688 τηλικούτων
391 2653 483 2680 κακῶν
503 2653 600 2683 αῐτιος,
622 2653 695 2686 φυγῇ
717 2651 856 2686 χρώμενος

62 2702 110 2728 ἐπὶ
124 2701 204 2727 δυσὶν
217 2699 345 2734 ἡμέραις.
362 2700 424 2726 ἐπεὶ
437 2699 474 2733 μὴ
489 2698 560 2731 ἔγνω
578 2698 626 2724 τοῦ
655 2697 750 2723 λοιποῦ
781 2697 856 2731 αὐτῷ

63 2748 187 2781 βιωσιμα
202 2743 284 2778 εἶναι,
297 2747 425 2782 αὐτόχειρ
443 2745 482 2780 τῷ
512 2745 606 2780 οἰκείῳ
638 2744 710 2778 ξίφει
737 2743 854 2776 ἐγένετο.

907 2246 1002 2272 hostes
1012 2244 1157 2271 manifeste
1173 2251 1253 2278 opem
1266 2251 1326 2270 eam
1340 2243 1473 2269 divinitus
1490 2243 1617 2269 accidere
1632 2250 1694 2268 cor-

907 2296 1014 2324 ncntes,
1031 2291 1117 2318 armis
1136 2291 1262 2325 abjcctis,
1287 2289 1320 2316 ad
1347 2289 1521 2323 imperatoris
1539 2288 1695 2314 misericor-

907 2338 990 2368 diam,
1008 2338 1117 2364 veniam
1134 2338 1167 2364 ab
1186 2344 1220 2363 eo
1237 2340 1372 2370 petentes.
1390 2333 1584 2366 confugerunt.
1608 2333 1694 2366 Atque

907 2385 954 2412 ille
966 2392 1025 2415 eos,
1043 2383 1174 2418 precibus
1184 2382 1295 2413 cedens,
1315 2381 1407 2408 statim
1433 2380 1460 2406 in
1481 2379 1597 2414 gratiam
1619 2386 1694 2405 rect--

908 2430 949 2464 pit
977 2438 984 2456 :
1012 2436 1116 2463 eosque
1140 2433 1167 2456 et
1199 2428 1354 2461 transfugas
1378 2425 1456 2457 alios,
1491 2429 1521 2450 ut
1548 2429 1692 2459 tyrannum

908 2479 1018 2509 captum
1037 2475 1070 2501 ad
1085 2482 1115 2502 se
1139 2474 1316 2505 adducerent,
1337 2472 1422 2499 misit.
1444 2472 1484 2498 Illi
1512 2478 1579 2498 vero
1595 2470 1695 2497 vocife-

908 2525 1012 2552 rantes,
1030 2527 1126 2554 magna
1151 2519 1293 2546 celeritate
1315 2518 1342 2544 in
1360 2518 1495 2545 tumulum
1516 2516 1647 2546 evadunt.
1667 2516 1694 2542 in

886 2571 891 2575 ”
907 2574 963 2598 quo
974 2565 1021 2591 ille
1037 2572 1118 2591 casus
1138 2565 1198 2598 ejus
1213 2565 1365 2590 etiamnum
1397 2563 1508 2598 ignarus
1525 2561 1694 2589 οοιιεὶιιοικιι.

907 2609 1046 2644 Eugenius
1065 2617 1099 2637 ex
1128 2609 1241 2636 incitato
1269 2616 1351 2636 cursu
1390 2614 1418 2635 et
1445 2608 1557 2635 assiduo
1585 2607 1694 2633 illorum

908 2656 1045 2687 anhelitu,
1061 2655 1125 2681 novi
1140 2655 1290 2689 quidquam
1309 2661 1358 2680 eos
1378 2654 1488 2686 alferre,
1520 2658 1604 2687 atque
1625 2655 1694 2679 adt'o

906 2701 1028 2728 victoria:
1053 2700 1165 2728 nuntios
1193 2699 1245 2726 sibi
1270 2699 1401 2726 advenire
1422 2704 1510 2731 ratus,
1529 2700 1634 2729 statim,
1658 2706 1692 2724 an

906 2745 1015 2772 vinctas
1039 2751 1066 2773 ct
1084 2746 1174 2776 vivus,
1189 2745 1268 2772 sicuti
1283 2749 1448 2779 praeceptum
1481 2744 1580 2776 fuerat,
1602 2745 1692 2770 Tlico~

99 2807 139 2841 (l)
161 2806 380 2833 Morituricntcm
395 2810 419 2832 ct
436 2813 451 2833 e
469 2806 593 2840 prrcsenti
627 2805 681 2830 vita
716 2812 777 2831 mox
810 2804 986 2833 decessurum
1014 2806 1207 2841 imperatorem
1225 2805 1282 2832 acie
1317 2811 1410 2831 secum
1433 2807 1536 2831 structa
1561 2803 1691 2840 congredi

64 2842 142 2870 dixit.
162 2841 270 2869 Theod.
