  <div class='ocr_page' id='page_1' title='image "/cluster/home/n/w/nwhite01/storage/ocr_20150623/146/njp.32101077773156/517.png"; bbox 0 0 1906 3043; ppageno 0'>
   <div class='ocr_carea' id='block_1_1' title="bbox 204 123 259 158">
    <p class='ocr_par' dir='ltr' id='par_1_1' title="bbox 204 123 259 158">
     <span class='ocr_line' id='line_1_1' title="bbox 204 123 259 158; baseline 0 0"><span class='ocrx_word' id='word_1_1' title='bbox 204 123 259 158; x_wconf 60' lang='lat'><strong>8‘57</strong></span> 
     </span>
    </p>
   </div>
   <div class='ocr_carea' id='block_1_2' title="bbox 828 129 1229 160">
    <p class='ocr_par' dir='ltr' id='par_1_2' title="bbox 828 129 1229 160">
     <span class='ocr_line' id='line_1_2' title="bbox 828 129 1229 160; baseline 0 -1"><span class='ocrx_word' id='word_1_2' title='bbox 828 129 1034 159; x_wconf 79' lang='lat' dir='ltr'><strong>NlCEl‘llORl</strong></span> <span class='ocrx_word' id='word_1_3' title='bbox 1059 129 1229 160; x_wconf 60' lang='lat' dir='ltr'><strong>CiLlJSTl</strong></span> 
     </span>
    </p>
   </div>
   <div class='ocr_carea' id='block_1_3' title="bbox 1785 133 1837 164">
    <p class='ocr_par' dir='ltr' id='par_1_3' title="bbox 1785 133 1837 164">
     <span class='ocr_line' id='line_1_3' title="bbox 1785 133 1837 164; baseline -0.019 0"><span class='ocrx_word' id='word_1_4' title='bbox 1785 133 1837 164; x_wconf 69' lang='lat'><strong>883</strong></span> 
     </span>
    </p>
   </div>
   <div class='ocr_carea' id='block_1_4' title="bbox 208 185 1003 227">
    <p class='ocr_par' dir='ltr' id='par_1_4' title="bbox 208 186 995 223">
     <span class='ocr_line' id='line_1_4' title="bbox 208 186 995 223; baseline 0.001 -10"><span class='ocrx_word' id='word_1_5' title='bbox 208 187 302 214; x_wconf 81' lang='lat' dir='ltr'><strong>dnsius</strong></span> <span class='ocrx_word' id='word_1_6' title='bbox 317 187 515 222; x_wconf 72' lang='lat' dir='ltr'><strong>adduceretur,</strong></span> <span class='ocrx_word' id='word_1_7' title='bbox 541 187 731 223; x_wconf 76' lang='lat' dir='ltr'><strong>interrogavit.</strong></span> <span class='ocrx_word' id='word_1_8' title='bbox 766 187 847 222; x_wconf 63' lang='grc'><strong>314.</strong></span> <span class='ocrx_word' id='word_1_9' title='bbox 873 187 923 214; x_wconf 87' lang='lat' dir='ltr'><strong>Cui</strong></span> <span class='ocrx_word' id='word_1_10' title='bbox 957 186 995 214; x_wconf 88' lang='lat' dir='ltr'><strong>illi</strong></span> 
     </span>
    </p>
   </div>
   <div class='ocr_carea' id='block_1_5' title="bbox 1061 185 1835 227">
    <p class='ocr_par' dir='ltr' id='par_1_5' title="bbox 1061 185 1835 227">
     <span class='ocr_line' id='line_1_5' title="bbox 1061 185 1835 227; baseline 0.005 -15"><span class='ocrx_word' id='word_1_11' title='bbox 1061 187 1173 219; x_wconf 59' lang='grc' dir='ltr'>Τοιοῦτος</span> <span class='ocrx_word' id='word_1_12' title='bbox 1189 189 1291 219; x_wconf 75' lang='grc' dir='ltr'>ἐκεῖνος</span> <span class='ocrx_word' id='word_1_13' title='bbox 1301 185 1335 223; x_wconf 83' lang='grc' dir='ltr'>ἦν</span> <span class='ocrx_word' id='word_1_14' title='bbox 1350 190 1363 214; x_wconf 79' lang='grc' dir='ltr'>ὁ</span> <span class='ocrx_word' id='word_1_15' title='bbox 1375 188 1535 221; x_wconf 72' lang='grc' dir='ltr'>πιστότατος</span> <span class='ocrx_word' id='word_1_16' title='bbox 1547 190 1685 227; x_wconf 63' lang='grc' dir='ltr'>βαοιλείις,</span> <span class='ocrx_word' id='word_1_17' title='bbox 1699 191 1741 218; x_wconf 75' lang='grc' dir='ltr'><strong>ἀεὶ</strong></span> <span class='ocrx_word' id='word_1_18' title='bbox 1750 191 1796 217; x_wconf 85' lang='grc' dir='ltr'><strong>καὶ</strong></span> <span class='ocrx_word' id='word_1_19' title='bbox 1808 192 1835 216; x_wconf 74' lang='grc' dir='ltr'>ἐν</span> 
     </span>
    </p>
   </div>
   <div class='ocr_carea' id='block_1_6' title="bbox 209 232 994 267">
    <p class='ocr_par' dir='ltr' id='par_1_6' title="bbox 209 232 994 267">
     <span class='ocr_line' id='line_1_6' title="bbox 209 232 994 267; baseline 0 -9"><span class='ocrx_word' id='word_1_20' title='bbox 209 234 414 267; x_wconf 77' lang='lat' dir='ltr'><strong>responderunt</strong></span> <span class='ocrx_word' id='word_1_21' title='bbox 432 244 438 261; x_wconf 94' lang='lat'><strong>:</strong></span> <span class='ocrx_word' id='word_1_22' title='bbox 456 244 465 260; x_wconf 74' lang='grc' dir='ltr'><strong>ι</strong></span> <span class='ocrx_word' id='word_1_23' title='bbox 484 235 540 261; x_wconf 89' lang='lat' dir='ltr'><strong>Non</strong></span> <span class='ocrx_word' id='word_1_24' title='bbox 556 235 631 261; x_wconf 92' lang='lat' dir='ltr'><strong>illum</strong></span> <span class='ocrx_word' id='word_1_25' title='bbox 648 234 681 259; x_wconf 88' lang='lat' dir='ltr'><strong>ad</strong></span> <span class='ocrx_word' id='word_1_26' title='bbox 700 238 737 264; x_wconf 84' lang='lat' dir='ltr'><strong>te,</strong></span> <span class='ocrx_word' id='word_1_27' title='bbox 752 233 798 260; x_wconf 90' lang='lat' dir='ltr'><strong>sed</strong></span> <span class='ocrx_word' id='word_1_28' title='bbox 819 233 908 266; x_wconf 83' lang='lat' dir='ltr'><strong>potius</strong></span> <span class='ocrx_word' id='word_1_29' title='bbox 919 238 945 260; x_wconf 82' lang='lat' dir='ltr'><strong>te</strong></span> <span class='ocrx_word' id='word_1_30' title='bbox 961 232 994 259; x_wconf 85' lang='lat' dir='ltr'><strong>ad</strong></span> 
     </span>
    </p>
   </div>
   <div class='ocr_carea' id='block_1_7' title="bbox 210 280 995 313">
    <p class='ocr_par' dir='ltr' id='par_1_7' title="bbox 210 280 995 313">
     <span class='ocr_line' id='line_1_7' title="bbox 210 280 995 313; baseline -0.001 -7"><span class='ocrx_word' id='word_1_31' title='bbox 210 280 287 306; x_wconf 83' lang='lat' dir='ltr'><strong>illuni</strong></span> <span class='ocrx_word' id='word_1_32' title='bbox 304 285 334 307; x_wconf 88' lang='lat' dir='ltr'><strong>ut</strong></span> <span class='ocrx_word' id='word_1_33' title='bbox 348 281 525 311; x_wconf 76' lang='lat' dir='ltr'><strong>adducamus,</strong></span> <span class='ocrx_word' id='word_1_34' title='bbox 543 280 616 306; x_wconf 82' lang='lat' dir='ltr'><strong>missi</strong></span> <span class='ocrx_word' id='word_1_35' title='bbox 631 280 863 307; x_wconf 69' lang='lat' dir='ltr'><strong>sumus.V5ctnria</strong></span> <span class='ocrx_word' id='word_1_36' title='bbox 878 286 995 313; x_wconf 83' lang='lat' dir='ltr'><strong>namque</strong></span> 
     </span>
    </p>
   </div>
   <div class='ocr_carea' id='block_1_8' title="bbox 211 326 995 361">
    <p class='ocr_par' dir='ltr' id='par_1_8' title="bbox 211 326 995 361">
     <span class='ocr_line' id='line_1_8' title="bbox 211 326 995 361; baseline 0 -10"><span class='ocrx_word' id='word_1_37' title='bbox 211 330 356 361; x_wconf 81' lang='lat' dir='ltr'><strong>tyrannum</strong></span> <span class='ocrx_word' id='word_1_38' title='bbox 364 326 669 359; x_wconf 70' lang='lat' dir='ltr'><strong>detestataJegilimum</strong></span> <span class='ocrx_word' id='word_1_39' title='bbox 681 326 828 361; x_wconf 84' lang='lat' dir='ltr'><strong>imperium</strong></span> <span class='ocrx_word' id='word_1_40' title='bbox 838 331 879 352; x_wconf 83' lang='lat' dir='ltr'><strong>cst</strong></span> <span class='ocrx_word' id='word_1_41' title='bbox 889 330 995 352; x_wconf 85' lang='lat' dir='ltr'><strong>secuta.</strong></span> 
     </span>
    </p>
   </div>
   <div class='ocr_carea' id='block_1_9' title="bbox 212 372 996 406">
    <p class='ocr_par' dir='ltr' id='par_1_9' title="bbox 212 372 996 406">
     <span class='ocr_line' id='line_1_9' title="bbox 212 372 996 406; baseline 0 -9"><span class='ocrx_word' id='word_1_42' title='bbox 212 372 257 398; x_wconf 85' lang='lat' dir='ltr'><strong>Sic</strong></span> <span class='ocrx_word' id='word_1_43' title='bbox 274 372 379 399; x_wconf 74' lang='lat' dir='ltr'><strong>scilicet</strong></span> <span class='ocrx_word' id='word_1_44' title='bbox 392 372 444 398; x_wconf 91' lang='lat' dir='ltr'><strong>hoc</strong></span> <span class='ocrx_word' id='word_1_45' title='bbox 460 379 550 398; x_wconf 86' lang='lat' dir='ltr'><strong>rerum</strong></span> <span class='ocrx_word' id='word_1_46' title='bbox 564 373 688 398; x_wconf 57' lang='lat' dir='ltr'><strong>omnium</strong></span> <span class='ocrx_word' id='word_1_47' title='bbox 710 372 880 406; x_wconf 78' lang='lat' dir='ltr'><strong>gubernator</strong></span> <span class='ocrx_word' id='word_1_48' title='bbox 897 379 996 405; x_wconf 85' lang='lat' dir='ltr'><strong>procu-</strong></span> 
     </span>
    </p>
   </div>
   <div class='ocr_carea' id='block_1_10' title="bbox 211 416 998 449">
    <p class='ocr_par' dir='ltr' id='par_1_10' title="bbox 211 416 998 449">
     <span class='ocr_line' id='line_1_10' title="bbox 211 416 998 449; baseline 0 -6"><span class='ocrx_word' id='word_1_49' title='bbox 211 418 291 443; x_wconf 79' lang='lat' dir='ltr'><strong>ravit.</strong></span> <span class='ocrx_word' id='word_1_50' title='bbox 313 416 403 444; x_wconf 63' lang='lat' dir='ltr'><strong>iCum</strong></span> <span class='ocrx_word' id='word_1_51' title='bbox 428 416 471 443; x_wconf 87' lang='lat' dir='ltr'><strong>his</strong></span> <span class='ocrx_word' id='word_1_52' title='bbox 495 417 587 449; x_wconf 82' lang='lat' dir='ltr'><strong>dictis,</strong></span> <span class='ocrx_word' id='word_1_53' title='bbox 613 423 639 444; x_wconf 91' lang='lat' dir='ltr'><strong>et</strong></span> <span class='ocrx_word' id='word_1_54' title='bbox 673 425 759 444; x_wconf 86' lang='lat' dir='ltr'><strong>curru</strong></span> <span class='ocrx_word' id='word_1_55' title='bbox 789 417 942 444; x_wconf 76' lang='lat' dir='ltr'><strong>detractum</strong></span> <span class='ocrx_word' id='word_1_56' title='bbox 970 420 998 443; x_wconf 78' lang='lat' dir='ltr'><strong>et</strong></span> 
     </span>
    </p>
   </div>
   <div class='ocr_carea' id='block_1_11' title="bbox 209 462 997 497">
    <p class='ocr_par' dir='ltr' id='par_1_11' title="bbox 209 462 997 497">
     <span class='ocr_line' id='line_1_11' title="bbox 209 462 997 497; baseline 0 -9"><span class='ocrx_word' id='word_1_57' title='bbox 209 463 420 494; x_wconf 78' lang='lat' dir='ltr'><strong>vinctnrnenm,</strong></span> <span class='ocrx_word' id='word_1_58' title='bbox 437 462 482 496; x_wconf 89' lang='lat' dir='ltr'><strong>qui</strong></span> <span class='ocrx_word' id='word_1_59' title='bbox 510 463 592 497; x_wconf 84' lang='lat' dir='ltr'><strong>paulo</strong></span> <span class='ocrx_word' id='word_1_60' title='bbox 606 467 669 490; x_wconf 90' lang='lat' dir='ltr'><strong>ante</strong></span> <span class='ocrx_word' id='word_1_61' title='bbox 706 471 818 496; x_wconf 68' lang='lat' dir='ltr'><strong>magnas</strong></span> <span class='ocrx_word' id='word_1_62' title='bbox 843 463 997 497; x_wconf 88' lang='lat' dir='ltr'><strong>spiraverat</strong></span> 
     </span>
    </p>
   </div>
   <div class='ocr_carea' id='block_1_12' title="bbox 210 508 998 544">
    <p class='ocr_par' dir='ltr' id='par_1_12' title="bbox 210 508 998 544">
     <span class='ocr_line' id='line_1_12' title="bbox 210 508 998 544; baseline 0 -9"><span class='ocrx_word' id='word_1_63' title='bbox 210 508 321 542; x_wconf 67' lang='lat' dir='ltr'><strong>glorias,</strong></span> <span class='ocrx_word' id='word_1_64' title='bbox 337 510 477 543; x_wconf 87' lang='lat' dir='ltr'><strong>captivum</strong></span> <span class='ocrx_word' id='word_1_65' title='bbox 486 509 521 536; x_wconf 90' lang='lat' dir='ltr'><strong>ad</strong></span> <span class='ocrx_word' id='word_1_66' title='bbox 534 509 727 544; x_wconf 89' lang='lat' dir='ltr'><strong>imperatorem</strong></span> <span class='ocrx_word' id='word_1_67' title='bbox 741 509 893 536; x_wconf 88' lang='lat' dir='ltr'><strong>adducunt.</strong></span> <span class='ocrx_word' id='word_1_68' title='bbox 907 509 998 535; x_wconf 89' lang='lat' dir='ltr'><strong>Theo-</strong></span> 
     </span>
    </p>
   </div>
   <div class='ocr_carea' id='block_1_13' title="bbox 210 553 996 589">
    <p class='ocr_par' dir='ltr' id='par_1_13' title="bbox 210 553 996 589">
     <span class='ocr_line' id='line_1_13' title="bbox 210 553 996 589; baseline 0.003 -10"><span class='ocrx_word' id='word_1_69' title='bbox 210 553 305 581; x_wconf 84' lang='lat' dir='ltr'><strong>dosius</strong></span> <span class='ocrx_word' id='word_1_70' title='bbox 320 562 352 581; x_wconf 84' lang='lat' dir='ltr'><strong>ea</strong></span> <span class='ocrx_word' id='word_1_71' title='bbox 370 554 421 587; x_wconf 85' lang='lat' dir='ltr'><strong>illi,</strong></span> <span class='ocrx_word' id='word_1_72' title='bbox 435 562 496 589; x_wconf 68' lang='lat' dir='ltr'><strong>qua:</strong></span> <span class='ocrx_word' id='word_1_73' title='bbox 507 555 535 582; x_wconf 94' lang='lat' dir='ltr'><strong>in</strong></span> <span class='ocrx_word' id='word_1_74' title='bbox 558 555 782 583; x_wconf 78' lang='lat' dir='ltr'><strong>Valentinianum</strong></span> <span class='ocrx_word' id='word_1_75' title='bbox 797 555 996 585; x_wconf 79' lang='lat' dir='ltr'><strong>commisisset,</strong></span> 
     </span>
    </p>
   </div>
   <div class='ocr_carea' id='block_1_14' title="bbox 209 600 996 636">
    <p class='ocr_par' dir='ltr' id='par_1_14' title="bbox 209 600 996 636">
     <span class='ocr_line' id='line_1_14' title="bbox 209 600 996 636; baseline 0.001 -11"><span class='ocrx_word' id='word_1_76' title='bbox 209 604 238 626; x_wconf 67' lang='lat' dir='ltr'><strong>et</strong></span> <span class='ocrx_word' id='word_1_77' title='bbox 256 600 427 634; x_wconf 73' lang='lat' dir='ltr'><strong>illegitinmm</strong></span> <span class='ocrx_word' id='word_1_78' title='bbox 444 607 526 635; x_wconf 83' lang='lat' dir='ltr'><strong>atque</strong></span> <span class='ocrx_word' id='word_1_79' title='bbox 545 601 674 636; x_wconf 87' lang='lat' dir='ltr'><strong>iniquum</strong></span> <span class='ocrx_word' id='word_1_80' title='bbox 705 601 864 636; x_wconf 80' lang='lat' dir='ltr'><strong>imperium,</strong></span> <span class='ocrx_word' id='word_1_81' title='bbox 889 608 996 627; x_wconf 81' lang='lat' dir='ltr'><strong>necnon</strong></span> 
     </span>
    </p>
   </div>
   <div class='ocr_carea' id='block_1_15' title="bbox 209 645 998 681">
    <p class='ocr_par' dir='ltr' id='par_1_15' title="bbox 209 645 998 681">
     <span class='ocr_line' id='line_1_15' title="bbox 209 645 998 681; baseline 0.001 -10"><span class='ocrx_word' id='word_1_82' title='bbox 209 645 301 672; x_wconf 81' lang='lat' dir='ltr'><strong>civilia</strong></span> <span class='ocrx_word' id='word_1_83' title='bbox 315 646 422 673; x_wconf 84' lang='lat' dir='ltr'><strong>bellain</strong></span> <span class='ocrx_word' id='word_1_84' title='bbox 441 647 561 673; x_wconf 80' lang='lat' dir='ltr'><strong>medium</strong></span> <span class='ocrx_word' id='word_1_85' title='bbox 580 647 735 681; x_wconf 76' lang='lat' dir='ltr'><strong>proferens,</strong></span> <span class='ocrx_word' id='word_1_86' title='bbox 751 647 863 681; x_wconf 78' lang='lat' dir='ltr'><strong>obiecit.</strong></span> <span class='ocrx_word' id='word_1_87' title='bbox 883 647 998 680; x_wconf 83' lang='lat' dir='ltr'><strong>insuper</strong></span> 
     </span>
    </p>
   </div>
   <div class='ocr_carea' id='block_1_16' title="bbox 209 691 1000 726">
    <p class='ocr_par' dir='ltr' id='par_1_16' title="bbox 209 691 1000 726">
     <span class='ocr_line' id='line_1_16' title="bbox 209 691 1000 726; baseline 0.001 -9"><span class='ocrx_word' id='word_1_88' title='bbox 209 697 276 718; x_wconf 75' lang='lat' dir='ltr'><strong>vero</strong></span> <span class='ocrx_word' id='word_1_89' title='bbox 295 691 378 717; x_wconf 88' lang='lat' dir='ltr'><strong>etiam</strong></span> <span class='ocrx_word' id='word_1_90' title='bbox 397 691 560 718; x_wconf 84' lang='lat' dir='ltr'><strong>auxiliarem</strong></span> <span class='ocrx_word' id='word_1_91' title='bbox 590 692 792 726; x_wconf 83' lang='lat' dir='ltr'><strong>tutelaremqne</strong></span> <span class='ocrx_word' id='word_1_92' title='bbox 810 692 870 719; x_wconf 86' lang='lat' dir='ltr'><strong>risit</strong></span> <span class='ocrx_word' id='word_1_93' title='bbox 895 692 1000 718; x_wconf 83' lang='lat' dir='ltr'><strong>Hercu-</strong></span> 
     </span>
    </p>
   </div>
   <div class='ocr_carea' id='block_1_17' title="bbox 209 735 999 772">
    <p class='ocr_par' dir='ltr' id='par_1_17' title="bbox 209 735 999 772">
     <span class='ocr_line' id='line_1_17' title="bbox 209 735 999 772; baseline 0.001 -9"><span class='ocrx_word' id='word_1_94' title='bbox 209 736 275 764; x_wconf 75' lang='lat' dir='ltr'><strong>lem.</strong></span> <span class='ocrx_word' id='word_1_95' title='bbox 289 735 355 768; x_wconf 63' lang='lat' dir='ltr'><strong>Quae</strong></span> <span class='ocrx_word' id='word_1_96' title='bbox 369 740 502 772; x_wconf 88' lang='lat' dir='ltr'><strong>tyrannus</strong></span> <span class='ocrx_word' id='word_1_97' title='bbox 519 737 644 770; x_wconf 87' lang='lat' dir='ltr'><strong>audiens,</strong></span> <span class='ocrx_word' id='word_1_98' title='bbox 661 737 694 764; x_wconf 80' lang='lat' dir='ltr'><strong>ad</strong></span> <span class='ocrx_word' id='word_1_99' title='bbox 711 737 795 772; x_wconf 85' lang='lat' dir='ltr'><strong>pedes</strong></span> <span class='ocrx_word' id='word_1_100' title='bbox 807 745 835 764; x_wconf 87' lang='lat' dir='ltr'><strong>se</strong></span> <span class='ocrx_word' id='word_1_101' title='bbox 851 737 999 771; x_wconf 83' lang='lat' dir='ltr'><strong>imperato-</strong></span> 
     </span>
    </p>
   </div>
   <div class='ocr_carea' id='block_1_18' title="bbox 211 781 1000 816">
    <p class='ocr_par' dir='ltr' id='par_1_18' title="bbox 211 781 1000 816">
     <span class='ocr_line' id='line_1_18' title="bbox 211 781 1000 816; baseline 0.003 -10"><span class='ocrx_word' id='word_1_102' title='bbox 211 781 251 807; x_wconf 88' lang='lat' dir='ltr'><strong>ris</strong></span> <span class='ocrx_word' id='word_1_103' title='bbox 263 781 458 809; x_wconf 74' lang='lat' dir='ltr'><strong>miserabiliter</strong></span> <span class='ocrx_word' id='word_1_104' title='bbox 471 782 582 816; x_wconf 87' lang='lat' dir='ltr'><strong>abjecit,</strong></span> <span class='ocrx_word' id='word_1_105' title='bbox 598 786 626 808; x_wconf 91' lang='lat' dir='ltr'><strong>et</strong></span> <span class='ocrx_word' id='word_1_106' title='bbox 641 785 671 808; x_wconf 92' lang='lat' dir='ltr'><strong>ut</strong></span> <span class='ocrx_word' id='word_1_107' title='bbox 702 782 786 808; x_wconf 88' lang='lat' dir='ltr'><strong>vitam</strong></span> <span class='ocrx_word' id='word_1_108' title='bbox 813 781 865 808; x_wconf 83' lang='lat' dir='ltr'><strong>sibi</strong></span> <span class='ocrx_word' id='word_1_109' title='bbox 883 781 1000 809; x_wconf 86' lang='lat' dir='ltr'><strong>donaret</strong></span> 
     </span>
    </p>
   </div>
   <div class='ocr_carea' id='block_1_19' title="bbox 213 827 999 862">
    <p class='ocr_par' dir='ltr' id='par_1_19' title="bbox 213 827 999 862">
     <span class='ocr_line' id='line_1_19' title="bbox 213 827 999 862; baseline 0.001 -9"><span class='ocrx_word' id='word_1_110' title='bbox 213 827 312 854; x_wconf 77' lang='lat' dir='ltr'><strong>oravit.</strong></span> <span class='ocrx_word' id='word_1_111' title='bbox 330 828 397 854; x_wconf 78' lang='lat' dir='ltr'><strong>Cum</strong></span> <span class='ocrx_word' id='word_1_112' title='bbox 414 835 479 855; x_wconf 86' lang='lat' dir='ltr'><strong>vero</strong></span> <span class='ocrx_word' id='word_1_113' title='bbox 490 828 526 854; x_wconf 88' lang='lat' dir='ltr'><strong>ita</strong></span> <span class='ocrx_word' id='word_1_114' title='bbox 541 828 579 854; x_wconf 91' lang='lat' dir='ltr'><strong>illi</strong></span> <span class='ocrx_word' id='word_1_115' title='bbox 594 828 708 862; x_wconf 81' lang='lat' dir='ltr'><strong>supplex</strong></span> <span class='ocrx_word' id='word_1_116' title='bbox 724 833 808 859; x_wconf 88' lang='lat' dir='ltr'><strong>esset,</strong></span> <span class='ocrx_word' id='word_1_117' title='bbox 819 835 851 854; x_wconf 86' lang='lat' dir='ltr'><strong>ex</strong></span> <span class='ocrx_word' id='word_1_118' title='bbox 865 827 999 855; x_wconf 84' lang='lat' dir='ltr'><strong>militibus</strong></span> 
     </span>
    </p>
   </div>
   <div class='ocr_carea' id='block_1_20' title="bbox 212 873 1000 909">
    <p class='ocr_par' dir='ltr' id='par_1_20' title="bbox 212 873 1000 909">
     <span class='ocr_line' id='line_1_20' title="bbox 212 873 1000 909; baseline 0.001 -10"><span class='ocrx_word' id='word_1_119' title='bbox 212 873 324 907; x_wconf 82' lang='lat' dir='ltr'><strong>quidam</strong></span> <span class='ocrx_word' id='word_1_120' title='bbox 338 881 405 900; x_wconf 82' lang='lat' dir='ltr'><strong>ense</strong></span> <span class='ocrx_word' id='word_1_121' title='bbox 418 875 514 901; x_wconf 83' lang='lat' dir='ltr'><strong>stricto</strong></span> <span class='ocrx_word' id='word_1_122' title='bbox 530 878 613 909; x_wconf 88' lang='lat' dir='ltr'><strong>caput</strong></span> <span class='ocrx_word' id='word_1_123' title='bbox 629 874 668 901; x_wconf 87' lang='lat' dir='ltr'><strong>illi</strong></span> <span class='ocrx_word' id='word_1_124' title='bbox 686 874 848 908; x_wconf 84' lang='lat' dir='ltr'><strong>amputavit.</strong></span> <span class='ocrx_word' id='word_1_125' title='bbox 877 873 1000 908; x_wconf 73' lang='lat' dir='ltr'><strong>Arboga-</strong></span> 
     </span>
    </p>
   </div>
   <div class='ocr_carea' id='block_1_21' title="bbox 211 916 997 954">
    <p class='ocr_par' dir='ltr' id='par_1_21' title="bbox 211 916 997 954">
     <span class='ocr_line' id='line_1_21' title="bbox 211 916 997 954; baseline 0.003 -10"><span class='ocrx_word' id='word_1_126' title='bbox 211 923 269 945; x_wconf 84' lang='lat' dir='ltr'><strong>stes</strong></span> <span class='ocrx_word' id='word_1_127' title='bbox 282 922 375 946; x_wconf 86' lang='lat' dir='ltr'><strong>autem</strong></span> <span class='ocrx_word' id='word_1_128' title='bbox 399 920 494 947; x_wconf 83' lang='lat' dir='ltr'><strong>taliqu</strong></span> <span class='ocrx_word' id='word_1_129' title='bbox 522 916 719 954; x_wconf 82' lang='lat' dir='ltr'><strong>tantorumque</strong></span> <span class='ocrx_word' id='word_1_130' title='bbox 736 920 871 947; x_wconf 88' lang='lat' dir='ltr'><strong>malorum</strong></span> <span class='ocrx_word' id='word_1_131' title='bbox 888 925 997 952; x_wconf 91' lang='lat' dir='ltr'><strong>auctor,</strong></span> 
     </span>
    </p>
   </div>
   <div class='ocr_carea' id='block_1_22' title="bbox 211 963 998 1000">
    <p class='ocr_par' dir='ltr' id='par_1_22' title="bbox 211 963 998 1000">
     <span class='ocr_line' id='line_1_22' title="bbox 211 963 998 1000; baseline 0.001 -10"><span class='ocrx_word' id='word_1_132' title='bbox 211 963 258 990; x_wconf 88' lang='lat' dir='ltr'><strong>ubi</strong></span> <span class='ocrx_word' id='word_1_133' title='bbox 277 964 392 991; x_wconf 86' lang='lat' dir='ltr'><strong>biduum</strong></span> <span class='ocrx_word' id='word_1_134' title='bbox 412 964 439 992; x_wconf 92' lang='lat' dir='ltr'><strong>in</strong></span> <span class='ocrx_word' id='word_1_135' title='bbox 478 964 540 1000; x_wconf 81' lang='lat' dir='ltr'><strong>fuga</strong></span> <span class='ocrx_word' id='word_1_136' title='bbox 556 965 737 1000; x_wconf 84' lang='lat' dir='ltr'><strong>consumpsit,</strong></span> <span class='ocrx_word' id='word_1_137' title='bbox 761 969 788 992; x_wconf 87' lang='lat' dir='ltr'><strong>et</strong></span> <span class='ocrx_word' id='word_1_138' title='bbox 803 965 865 992; x_wconf 63' lang='lat' dir='ltr'><strong>vitae</strong></span> <span class='ocrx_word' id='word_1_139' title='bbox 889 965 998 992; x_wconf 72' lang='lat' dir='ltr'><strong>taedium</strong></span> 
     </span>
    </p>
   </div>
   <div class='ocr_carea' id='block_1_23' title="bbox 211 1010 999 1046">
    <p class='ocr_par' dir='ltr' id='par_1_23' title="bbox 211 1010 999 1046">
     <span class='ocr_line' id='line_1_23' title="bbox 211 1010 999 1046; baseline 0 -9"><span class='ocrx_word' id='word_1_140' title='bbox 211 1017 275 1037; x_wconf 91' lang='lat' dir='ltr'><strong>eum</strong></span> <span class='ocrx_word' id='word_1_141' title='bbox 289 1010 372 1044; x_wconf 86' lang='lat' dir='ltr'><strong>cepit,</strong></span> <span class='ocrx_word' id='word_1_142' title='bbox 387 1018 484 1038; x_wconf 88' lang='lat' dir='ltr'><strong>manus</strong></span> <span class='ocrx_word' id='word_1_143' title='bbox 503 1011 561 1046; x_wconf 85' lang='lat' dir='ltr'><strong>ipse</strong></span> <span class='ocrx_word' id='word_1_144' title='bbox 577 1011 630 1038; x_wconf 87' lang='lat' dir='ltr'><strong>sibi</strong></span> <span class='ocrx_word' id='word_1_145' title='bbox 646 1019 696 1038; x_wconf 86' lang='lat' dir='ltr'><strong>suo</strong></span> <span class='ocrx_word' id='word_1_146' title='bbox 710 1019 777 1038; x_wconf 88' lang='lat' dir='ltr'><strong>usus</strong></span> <span class='ocrx_word' id='word_1_147' title='bbox 792 1011 882 1046; x_wconf 85' lang='lat' dir='ltr'><strong>gladio</strong></span> <span class='ocrx_word' id='word_1_148' title='bbox 897 1011 999 1038; x_wconf 90' lang='lat' dir='ltr'><strong>attulit.</strong></span> 
     </span>
    </p>
   </div>
   <div class='ocr_carea' id='block_1_24' title="bbox 1048 233 1837 271">
    <p class='ocr_par' dir='ltr' id='par_1_24' title="bbox 1048 233 1837 271">
     <span class='ocr_line' id='line_1_24' title="bbox 1048 233 1837 271; baseline 0.008 -14"><span class='ocrx_word' id='word_1_149' title='bbox 1048 233 1159 266; x_wconf 79' lang='grc' dir='ltr'>πολέμῳ</span> <span class='ocrx_word' id='word_1_150' title='bbox 1173 233 1219 259; x_wconf 74' lang='grc' dir='ltr'>καὶ</span> <span class='ocrx_word' id='word_1_151' title='bbox 1236 233 1310 268; x_wconf 81' lang='grc' dir='ltr'><strong>μάχῃ</strong></span> <span class='ocrx_word' id='word_1_152' title='bbox 1324 233 1357 259; x_wconf 84' lang='grc' dir='ltr'>τὰ</span> <span class='ocrx_word' id='word_1_153' title='bbox 1369 234 1458 260; x_wconf 73' lang='grc' dir='ltr'>πάντα</span> <span class='ocrx_word' id='word_1_154' title='bbox 1473 235 1522 268; x_wconf 82' lang='grc' dir='ltr'>τῆς</span> <span class='ocrx_word' id='word_1_155' title='bbox 1538 235 1611 266; x_wconf 82' lang='grc' dir='ltr'>θείας</span> <span class='ocrx_word' id='word_1_156' title='bbox 1625 236 1786 271; x_wconf 76' lang='grc' dir='ltr'><strong>ἐπικουρίας</strong></span> <span class='ocrx_word' id='word_1_157' title='bbox 1799 235 1837 266; x_wconf 83' lang='grc' dir='ltr'><strong>ὡς</strong></span> 
     </span>
    </p>
   </div>
   <div class='ocr_carea' id='block_1_25' title="bbox 1049 278 1838 316">
    <p class='ocr_par' dir='ltr' id='par_1_25' title="bbox 1049 278 1838 316">
     <span class='ocr_line' id='line_1_25' title="bbox 1049 278 1838 316; baseline 0.006 -13"><span class='ocrx_word' id='word_1_158' title='bbox 1049 278 1137 313; x_wconf 81' lang='grc' dir='ltr'>χρεὼν</span> <span class='ocrx_word' id='word_1_159' title='bbox 1154 278 1354 313; x_wconf 73' lang='grc' dir='ltr'>ἐξαρτώμενος,</span> <span class='ocrx_word' id='word_1_160' title='bbox 1373 281 1422 306; x_wconf 75' lang='grc' dir='ltr'>καὶ</span> <span class='ocrx_word' id='word_1_161' title='bbox 1435 281 1564 307; x_wconf 82' lang='grc' dir='ltr'>οὐδέποτε</span> <span class='ocrx_word' id='word_1_162' title='bbox 1587 282 1690 316; x_wconf 80' lang='grc' dir='ltr'><strong>ταύτης</strong></span> <span class='ocrx_word' id='word_1_163' title='bbox 1716 283 1838 314; x_wconf 77' lang='grc' dir='ltr'>ἀποτυγ-</span> 
     </span>
    </p>
   </div>
   <div class='ocr_carea' id='block_1_26' title="bbox 1050 325 1838 361">
    <p class='ocr_par' dir='ltr' id='par_1_26' title="bbox 1050 325 1838 361">
     <span class='ocr_line' id='line_1_26' title="bbox 1050 325 1838 361; baseline 0.005 -10"><span class='ocrx_word' id='word_1_164' title='bbox 1050 325 1149 359; x_wconf 74' lang='grc' dir='ltr'>χάνων.</span> <span class='ocrx_word' id='word_1_165' title='bbox 1167 326 1285 360; x_wconf 83' lang='grc' dir='ltr'><strong>Λέγεται</strong></span> <span class='ocrx_word' id='word_1_166' title='bbox 1302 328 1394 361; x_wconf 81' lang='grc' dir='ltr'>μέντοι</span> <span class='ocrx_word' id='word_1_167' title='bbox 1414 328 1461 354; x_wconf 80' lang='grc' dir='ltr'><strong>καὶ</strong></span> <span class='ocrx_word' id='word_1_168' title='bbox 1476 328 1564 360; x_wconf 81' lang='grc' dir='ltr'>τοῦτο,</span> <span class='ocrx_word' id='word_1_169' title='bbox 1593 328 1630 360; x_wconf 81' lang='grc' dir='ltr'><strong>ὡς</strong></span> <span class='ocrx_word' id='word_1_170' title='bbox 1646 329 1708 355; x_wconf 82' lang='grc' dir='ltr'>καθ’</span> <span class='ocrx_word' id='word_1_171' title='bbox 1732 328 1761 354; x_wconf 73' lang='grc' dir='ltr'>ὃν</span> <span class='ocrx_word' id='word_1_172' title='bbox 1780 337 1838 354; x_wconf 57' lang='grc' dir='ltr'><strong>ἰαμ</strong></span> 
     </span>
    </p>
   </div>
   <div class='ocr_carea' id='block_1_27' title="bbox 1051 369 1837 408">
    <p class='ocr_par' dir='ltr' id='par_1_27' title="bbox 1051 369 1837 408">
     <span class='ocr_line' id='line_1_27' title="bbox 1051 369 1837 408; baseline 0.004 -12"><span class='ocrx_word' id='word_1_173' title='bbox 1051 371 1120 404; x_wconf 65' lang='grc' dir='ltr'>ρὸνι</span> <span class='ocrx_word' id='word_1_174' title='bbox 1135 372 1204 404; x_wconf 77' lang='grc' dir='ltr'>πρὸς</span> <span class='ocrx_word' id='word_1_175' title='bbox 1225 371 1361 406; x_wconf 75' lang='grc' dir='ltr'><strong>Ἑσπέραν</strong></span> <span class='ocrx_word' id='word_1_176' title='bbox 1376 369 1453 404; x_wconf 72' lang='grc' dir='ltr'>οὗτος</span> <span class='ocrx_word' id='word_1_177' title='bbox 1480 373 1684 408; x_wconf 60' lang='grc' dir='ltr'>συνερρήγνυτο</span> <span class='ocrx_word' id='word_1_178' title='bbox 1709 373 1837 407; x_wconf 71' lang='grc' dir='ltr'>πόλεμος,</span> 
     </span>
    </p>
   </div>
   <div class='ocr_carea' id='block_1_28' title="bbox 1048 415 1839 452">
    <p class='ocr_par' dir='ltr' id='par_1_28' title="bbox 1048 415 1839 452">
     <span class='ocr_line' id='line_1_28' title="bbox 1048 415 1839 452; baseline 0.004 -11"><span class='ocrx_word' id='word_1_179' title='bbox 1048 415 1088 448; x_wconf 83' lang='grc' dir='ltr'>τῷ</span> <span class='ocrx_word' id='word_1_180' title='bbox 1102 416 1149 441; x_wconf 83' lang='grc' dir='ltr'>τοῦ</span> <span class='ocrx_word' id='word_1_181' title='bbox 1167 416 1301 450; x_wconf 76' lang='grc' dir='ltr'>Ἐσδῶμου</span> <span class='ocrx_word' id='word_1_182' title='bbox 1315 416 1379 451; x_wconf 79' lang='grc' dir='ltr'>νεῷ,</span> <span class='ocrx_word' id='word_1_183' title='bbox 1392 417 1434 450; x_wconf 81' lang='grc' dir='ltr'><strong>ἐφ’</strong></span> <span class='ocrx_word' id='word_1_184' title='bbox 1452 416 1482 443; x_wconf 79' lang='grc' dir='ltr'><strong>οὗ</strong></span> <span class='ocrx_word' id='word_1_185' title='bbox 1500 418 1545 443; x_wconf 77' lang='grc' dir='ltr'>τὸν</span> <span class='ocrx_word' id='word_1_186' title='bbox 1561 418 1673 452; x_wconf 76' lang='grc' dir='ltr'><strong>βασιλέα</strong></span> <span class='ocrx_word' id='word_1_187' title='bbox 1687 417 1839 452; x_wconf 78' lang='grc' dir='ltr'>προσεύξα-</span> 
     </span>
    </p>
   </div>
   <div class='ocr_carea' id='block_1_29' title="bbox 1050 460 1839 496">
    <p class='ocr_par' dir='ltr' id='par_1_29' title="bbox 1050 460 1839 496">
     <span class='ocr_line' id='line_1_29' title="bbox 1050 460 1839 496; baseline 0.004 -10"><span class='ocrx_word' id='word_1_188' title='bbox 1050 460 1112 486; x_wconf 86' lang='grc' dir='ltr'><strong>σθαι</strong></span> <span class='ocrx_word' id='word_1_189' title='bbox 1129 460 1300 496; x_wconf 63' lang='grc' dir='ltr'>διελόιὸομεν,</span> <span class='ocrx_word' id='word_1_190' title='bbox 1314 462 1419 494; x_wconf 77' lang='grc' dir='ltr'><strong>ἐξιόντα</strong></span> <span class='ocrx_word' id='word_1_191' title='bbox 1435 462 1484 496; x_wconf 84' lang='grc' dir='ltr'>τῆς</span> <span class='ocrx_word' id='word_1_192' title='bbox 1498 462 1717 494; x_wconf 75' lang='grc' dir='ltr'>Κωνσταντίνου,</span> <span class='ocrx_word' id='word_1_193' title='bbox 1735 462 1839 496; x_wconf 65' lang='grc' dir='ltr'>ἄνθρω-</span> 
     </span>
    </p>
   </div>
   <div class='ocr_carea' id='block_1_30' title="bbox 1050 507 1839 543">
    <p class='ocr_par' dir='ltr' id='par_1_30' title="bbox 1050 507 1839 543">
     <span class='ocr_line' id='line_1_30' title="bbox 1050 507 1839 543; baseline 0.003 -11"><span class='ocrx_word' id='word_1_194' title='bbox 1050 507 1100 538; x_wconf 71' lang='grc' dir='ltr'>πὸς</span> <span class='ocrx_word' id='word_1_195' title='bbox 1115 515 1157 538; x_wconf 86' lang='grc' dir='ltr'><strong>τις</strong></span> <span class='ocrx_word' id='word_1_196' title='bbox 1176 507 1286 541; x_wconf 77' lang='grc' dir='ltr'><strong>δαίμονι</strong></span> <span class='ocrx_word' id='word_1_197' title='bbox 1311 508 1540 541; x_wconf 79' lang='grc' dir='ltr'><strong>μαστιγούμενος,</strong></span> <span class='ocrx_word' id='word_1_198' title='bbox 1569 509 1716 542; x_wconf 72' lang='grc' dir='ltr'><strong>μετάρσιος</strong></span> <span class='ocrx_word' id='word_1_199' title='bbox 1750 509 1839 543; x_wconf 79' lang='grc' dir='ltr'>ἁρπα-</span> 
     </span>
    </p>
   </div>
   <div class='ocr_carea' id='block_1_31' title="bbox 1049 553 1841 589">
    <p class='ocr_par' dir='ltr' id='par_1_31' title="bbox 1049 553 1841 589">
     <span class='ocr_line' id='line_1_31' title="bbox 1049 553 1841 589; baseline 0.003 -11"><span class='ocrx_word' id='word_1_200' title='bbox 1049 554 1119 586; x_wconf 72' lang='grc' dir='ltr'>γεὶς,</span> <span class='ocrx_word' id='word_1_201' title='bbox 1146 554 1246 579; x_wconf 84' lang='grc' dir='ltr'>ὡσανεὶ</span> <span class='ocrx_word' id='word_1_202' title='bbox 1280 553 1349 588; x_wconf 74' lang='grc' dir='ltr'>πρὸς</span> <span class='ocrx_word' id='word_1_203' title='bbox 1365 553 1412 579; x_wconf 79' lang='grc' dir='ltr'>τὸν</span> <span class='ocrx_word' id='word_1_204' title='bbox 1435 553 1592 588; x_wconf 85' lang='grc' dir='ltr'>Βαπτιστὴν</span> <span class='ocrx_word' id='word_1_205' title='bbox 1624 554 1744 581; x_wconf 81' lang='grc' dir='ltr'>ὲτείνετο</span> <span class='ocrx_word' id='word_1_206' title='bbox 1768 554 1841 589; x_wconf 78' lang='grc' dir='ltr'>αὐτῷ</span> 
     </span>
    </p>
   </div>
   <div class='ocr_carea' id='block_1_32' title="bbox 1049 598 1839 635">
    <p class='ocr_par' dir='ltr' id='par_1_32' title="bbox 1049 598 1839 635">
     <span class='ocr_line' id='line_1_32' title="bbox 1049 598 1839 635; baseline 0.003 -11"><span class='ocrx_word' id='word_1_207' title='bbox 1049 598 1308 632; x_wconf 77' lang='grc' dir='ltr'>διαλοιδορούμενος,</span> <span class='ocrx_word' id='word_1_208' title='bbox 1322 598 1360 629; x_wconf 80' lang='grc' dir='ltr'>ὡς</span> <span class='ocrx_word' id='word_1_209' title='bbox 1375 599 1541 625; x_wconf 81' lang='grc' dir='ltr'>ἁποκοπέντι</span> <span class='ocrx_word' id='word_1_210' title='bbox 1560 601 1610 634; x_wconf 75' lang='grc' dir='ltr'>τὴν</span> <span class='ocrx_word' id='word_1_211' title='bbox 1631 600 1758 635; x_wconf 79' lang='grc' dir='ltr'>κεφαλήν</span> <span class='ocrx_word' id='word_1_212' title='bbox 1772 608 1780 614; x_wconf 89' lang='grc'><strong>·</strong></span> <span class='ocrx_word' id='word_1_213' title='bbox 1801 598 1839 626; x_wconf 74' lang='grc' dir='ltr'><strong>εἷ-</strong></span> 
     </span>
    </p>
   </div>
   <div class='ocr_carea' id='block_1_33' title="bbox 1051 644 1840 681">
    <p class='ocr_par' dir='ltr' id='par_1_33' title="bbox 1051 644 1840 681">
     <span class='ocr_line' id='line_1_33' title="bbox 1051 644 1840 681; baseline 0.004 -12"><span class='ocrx_word' id='word_1_214' title='bbox 1051 652 1083 670; x_wconf 73' lang='grc' dir='ltr'><strong>τα</strong></span> <span class='ocrx_word' id='word_1_215' title='bbox 1099 645 1147 670; x_wconf 71' lang='grc' dir='ltr'><strong>καὶ</strong></span> <span class='ocrx_word' id='word_1_216' title='bbox 1159 645 1255 679; x_wconf 77' lang='grc' dir='ltr'>ἄγριον</span> <span class='ocrx_word' id='word_1_217' title='bbox 1265 645 1366 671; x_wconf 75' lang='grc' dir='ltr'>οὑτωσὶ</span> <span class='ocrx_word' id='word_1_218' title='bbox 1379 644 1479 671; x_wconf 72' lang='grc' dir='ltr'>ἀνεϐόα.</span> <span class='ocrx_word' id='word_1_219' title='bbox 1492 655 1498 661; x_wconf 73' lang='grc' dir='ltr'><strong>ι</strong></span> <span class='ocrx_word' id='word_1_220' title='bbox 1518 654 1527 668; x_wconf 75' lang='grc' dir='ltr'><strong>ι</strong></span> <span class='ocrx_word' id='word_1_221' title='bbox 1542 646 1578 672; x_wconf 79' lang='grc' dir='ltr'><strong>Σύ</strong></span> <span class='ocrx_word' id='word_1_222' title='bbox 1589 655 1622 680; x_wconf 82' lang='grc' dir='ltr'><strong>με</strong></span> <span class='ocrx_word' id='word_1_223' title='bbox 1638 647 1728 681; x_wconf 80' lang='grc' dir='ltr'>νικᾷς,</span> <span class='ocrx_word' id='word_1_224' title='bbox 1744 647 1790 672; x_wconf 82' lang='grc' dir='ltr'>καὶ</span> <span class='ocrx_word' id='word_1_225' title='bbox 1804 647 1840 679; x_wconf 82' lang='grc' dir='ltr'>τῷ</span> 
     </span>
    </p>
   </div>
   <div class='ocr_carea' id='block_1_34' title="bbox 1050 689 1840 725">
    <p class='ocr_par' dir='ltr' id='par_1_34' title="bbox 1050 689 1840 725">
     <span class='ocr_line' id='line_1_34' title="bbox 1050 689 1840 725; baseline 0.003 -11"><span class='ocrx_word' id='word_1_226' title='bbox 1050 689 1109 723; x_wconf 78' lang='grc' dir='ltr'>ἐμῷ</span> <span class='ocrx_word' id='word_1_227' title='bbox 1122 689 1285 724; x_wconf 74' lang='grc' dir='ltr'>ἐπιϐουλεύῃ</span> <span class='ocrx_word' id='word_1_228' title='bbox 1295 689 1414 724; x_wconf 77' lang='grc' dir='ltr'>στρατῷ.</span> <span class='ocrx_word' id='word_1_229' title='bbox 1432 699 1441 715; x_wconf 72' lang='grc' dir='ltr'><strong>ι</strong></span> <span class='ocrx_word' id='word_1_230' title='bbox 1467 690 1501 716; x_wconf 85' lang='grc' dir='ltr'><strong>Οἵ</strong></span> <span class='ocrx_word' id='word_1_231' title='bbox 1524 698 1556 723; x_wconf 92' lang='grc' dir='ltr'><strong>γε</strong></span> <span class='ocrx_word' id='word_1_232' title='bbox 1578 691 1631 725; x_wconf 85' lang='grc' dir='ltr'>μὴν</span> <span class='ocrx_word' id='word_1_233' title='bbox 1649 691 1840 725; x_wconf 67' lang='grc' dir='ltr'>περιτυχόντῖς</span> 
     </span>
    </p>
   </div>
   <div class='ocr_carea' id='block_1_35' title="bbox 1049 735 1841 770">
    <p class='ocr_par' dir='ltr' id='par_1_35' title="bbox 1049 735 1841 770">
     <span class='ocr_line' id='line_1_35' title="bbox 1049 735 1841 770; baseline -0.001 -9"><span class='ocrx_word' id='word_1_234' title='bbox 1049 735 1093 761; x_wconf 76' lang='grc' dir='ltr'>διὰ</span> <span class='ocrx_word' id='word_1_235' title='bbox 1105 735 1206 769; x_wconf 78' lang='grc' dir='ltr'>πολλῆς</span> <span class='ocrx_word' id='word_1_236' title='bbox 1239 735 1358 769; x_wconf 84' lang='grc' dir='ltr'><strong>σπουδῆς</strong></span> <span class='ocrx_word' id='word_1_237' title='bbox 1381 735 1464 770; x_wconf 76' lang='grc' dir='ltr'>οὔσης</span> <span class='ocrx_word' id='word_1_238' title='bbox 1488 736 1638 769; x_wconf 78' lang='grc' dir='ltr'>τηνικαῦτα</span> <span class='ocrx_word' id='word_1_239' title='bbox 1661 736 1700 770; x_wconf 86' lang='grc' dir='ltr'>τῷ</span> <span class='ocrx_word' id='word_1_240' title='bbox 1731 736 1841 770; x_wconf 80' lang='grc' dir='ltr'>πολέμῳ</span> 
     </span>
    </p>
   </div>
   <div class='ocr_carea' id='block_1_36' title="bbox 1050 779 1841 817">
    <p class='ocr_par' dir='ltr' id='par_1_36' title="bbox 1050 779 1841 817">
     <span class='ocr_line' id='line_1_36' title="bbox 1050 779 1841 817; baseline 0.001 -10"><span class='ocrx_word' id='word_1_241' title='bbox 1050 781 1151 816; x_wconf 76' lang='grc' dir='ltr'>τούτῳ,</span> <span class='ocrx_word' id='word_1_242' title='bbox 1165 779 1210 807; x_wconf 74' lang='grc' dir='ltr'>οἷα</span> <span class='ocrx_word' id='word_1_243' title='bbox 1224 781 1258 817; x_wconf 87' lang='grc' dir='ltr'><strong>δὴ</strong></span> <span class='ocrx_word' id='word_1_244' title='bbox 1273 782 1407 816; x_wconf 82' lang='grc' dir='ltr'>νεώτερόν</span> <span class='ocrx_word' id='word_1_245' title='bbox 1431 790 1458 808; x_wconf 84' lang='grc' dir='ltr'><strong>τι</strong></span> <span class='ocrx_word' id='word_1_246' title='bbox 1487 782 1578 816; x_wconf 80' lang='grc' dir='ltr'>λέγειν</span> <span class='ocrx_word' id='word_1_247' title='bbox 1605 783 1650 808; x_wconf 75' lang='grc' dir='ltr'>τὸν</span> <span class='ocrx_word' id='word_1_248' title='bbox 1671 782 1841 817; x_wconf 67' lang='grc' dir='ltr'><strong>δαιμονῶντι</strong></span> 
     </span>
    </p>
   </div>
   <div class='ocr_carea' id='block_1_37' title="bbox 1051 827 1842 865">
    <p class='ocr_par' dir='ltr' id='par_1_37' title="bbox 1051 827 1842 865">
     <span class='ocr_line' id='line_1_37' title="bbox 1051 827 1842 865; baseline -0.003 -11"><span class='ocrx_word' id='word_1_249' title='bbox 1051 827 1180 861; x_wconf 75' lang='grc' dir='ltr'>οἰόμενοι,</span> <span class='ocrx_word' id='word_1_250' title='bbox 1196 827 1245 863; x_wconf 85' lang='grc' dir='ltr'>τὴν</span> <span class='ocrx_word' id='word_1_251' title='bbox 1272 829 1381 863; x_wconf 83' lang='grc' dir='ltr'>ἡμέραν</span> <span class='ocrx_word' id='word_1_252' title='bbox 1411 829 1499 865; x_wconf 82' lang='grc' dir='ltr'>χάρτῃ</span> <span class='ocrx_word' id='word_1_253' title='bbox 1523 828 1682 864; x_wconf 76' lang='grc' dir='ltr'>ἀνέγραψαν</span> <span class='ocrx_word' id='word_1_254' title='bbox 1700 837 1707 843; x_wconf 82' lang='grc'><strong>·</strong></span> <span class='ocrx_word' id='word_1_255' title='bbox 1737 829 1783 854; x_wconf 74' lang='grc' dir='ltr'>καὶ</span> <span class='ocrx_word' id='word_1_256' title='bbox 1810 828 1842 862; x_wconf 73' lang='grc' dir='ltr'><strong>δὴ</strong></span> 
     </span>
    </p>
   </div>
   <div class='ocr_carea' id='block_1_38' title="bbox 1053 873 1841 910">
    <p class='ocr_par' dir='ltr' id='par_1_38' title="bbox 1053 873 1841 910">
     <span class='ocr_line' id='line_1_38' title="bbox 1053 873 1841 910; baseline 0 -11"><span class='ocrx_word' id='word_1_257' title='bbox 1053 873 1178 908; x_wconf 75' lang='grc' dir='ltr'>ἔγνωσαν</span> <span class='ocrx_word' id='word_1_258' title='bbox 1190 874 1224 900; x_wconf 85' lang='grc' dir='ltr'><strong>τὰ</strong></span> <span class='ocrx_word' id='word_1_259' title='bbox 1240 875 1304 910; x_wconf 80' lang='grc' dir='ltr'>περὶ</span> <span class='ocrx_word' id='word_1_260' title='bbox 1329 875 1375 901; x_wconf 79' lang='grc' dir='ltr'>τδν</span> <span class='ocrx_word' id='word_1_261' title='bbox 1390 875 1508 910; x_wconf 75' lang='grc' dir='ltr'>πόλεμον</span> <span class='ocrx_word' id='word_1_262' title='bbox 1524 875 1563 909; x_wconf 84' lang='grc' dir='ltr'>τῷ</span> <span class='ocrx_word' id='word_1_263' title='bbox 1588 876 1648 901; x_wconf 84' lang='grc' dir='ltr'>τότε</span> <span class='ocrx_word' id='word_1_264' title='bbox 1672 873 1841 908; x_wconf 76' lang='grc' dir='ltr'>πεπρᾶχθαι.</span> 
     </span>
    </p>
   </div>
   <div class='ocr_carea' id='block_1_39' title="bbox 1053 919 1844 958">
    <p class='ocr_par' dir='ltr' id='par_1_39' title="bbox 1053 919 1844 958">
     <span class='ocr_line' id='line_1_39' title="bbox 1053 919 1844 958; baseline -0.001 -12"><span class='ocrx_word' id='word_1_265' title='bbox 1053 920 1161 946; x_wconf 81' lang='grc' dir='ltr'>πολλῶν</span> <span class='ocrx_word' id='word_1_266' title='bbox 1179 920 1234 947; x_wconf 83' lang='grc' dir='ltr'><strong>τῶν</strong></span> <span class='ocrx_word' id='word_1_267' title='bbox 1248 922 1281 956; x_wconf 82' lang='grc' dir='ltr'>τῇ</span> <span class='ocrx_word' id='word_1_268' title='bbox 1308 921 1386 958; x_wconf 79' lang='grc' dir='ltr'>μάχῃ</span> <span class='ocrx_word' id='word_1_269' title='bbox 1412 921 1652 956; x_wconf 82' lang='grc' dir='ltr'><strong>κεκοινωνηκότων</strong></span> <span class='ocrx_word' id='word_1_270' title='bbox 1669 919 1844 954; x_wconf 76' lang='grc' dir='ltr'>διαγγειλάν-</span> 
     </span>
    </p>
   </div>
   <div class='ocr_carea' id='block_1_40' title="bbox 1053 965 1843 1002">
    <p class='ocr_par' dir='ltr' id='par_1_40' title="bbox 1053 965 1843 1002">
     <span class='ocr_line' id='line_1_40' title="bbox 1053 965 1843 1002; baseline -0.001 -9"><span class='ocrx_word' id='word_1_271' title='bbox 1053 975 1116 993; x_wconf 81' lang='grc' dir='ltr'>των.</span> <span class='ocrx_word' id='word_1_272' title='bbox 1134 966 1188 992; x_wconf 68' lang='grc' dir='ltr'><strong>Καὶ</strong></span> <span class='ocrx_word' id='word_1_273' title='bbox 1201 967 1235 993; x_wconf 81' lang='grc' dir='ltr'>τὰ</span> <span class='ocrx_word' id='word_1_274' title='bbox 1255 967 1304 1000; x_wconf 78' lang='grc' dir='ltr'>μὲν</span> <span class='ocrx_word' id='word_1_275' title='bbox 1318 967 1383 1002; x_wconf 70' lang='grc' dir='ltr'>περὶ</span> <span class='ocrx_word' id='word_1_276' title='bbox 1400 968 1449 1002; x_wconf 78' lang='grc' dir='ltr'>τῆς</span> <span class='ocrx_word' id='word_1_277' title='bbox 1464 967 1593 1002; x_wconf 76' lang='grc' dir='ltr'>Εὖγενίου</span> <span class='ocrx_word' id='word_1_278' title='bbox 1605 967 1764 1002; x_wconf 73' lang='grc' dir='ltr'>τυραννίδος</span> <span class='ocrx_word' id='word_1_279' title='bbox 1785 965 1843 992; x_wconf 76' lang='grc' dir='ltr'><strong>τοῦ-</strong></span> 
     </span>
    </p>
   </div>
   <div class='ocr_carea' id='block_1_41' title="bbox 1054 1011 1456 1048">
    <p class='ocr_par' dir='ltr' id='par_1_41' title="bbox 1054 1011 1456 1048">
     <span class='ocr_line' id='line_1_41' title="bbox 1054 1011 1456 1048; baseline 0.007 -11"><span class='ocrx_word' id='word_1_280' title='bbox 1054 1019 1101 1038; x_wconf 83' lang='grc' dir='ltr'><strong>τον</strong></span> <span class='ocrx_word' id='word_1_281' title='bbox 1116 1011 1264 1047; x_wconf 75' lang='grc' dir='ltr'><strong>ξυνηνέχθη</strong></span> <span class='ocrx_word' id='word_1_282' title='bbox 1285 1013 1329 1038; x_wconf 55' lang='grc' dir='ltr'>τὶν</span> <span class='ocrx_word' id='word_1_283' title='bbox 1344 1013 1456 1048; x_wconf 74' lang='grc' dir='ltr'>τρόπον.</span> 
     </span>
    </p>
   </div>
   <div class='ocr_carea' id='block_1_42' title="bbox 211 1055 1843 1094">
    <p class='ocr_par' dir='ltr' id='par_1_42' title="bbox 211 1055 1843 1094">
     <span class='ocr_line' id='line_1_42' title="bbox 211 1055 1843 1094; baseline 0 -10"><span class='ocrx_word' id='word_1_284' title='bbox 211 1056 287 1084; x_wconf 75' lang='lat' dir='ltr'><strong>Talis</strong></span> <span class='ocrx_word' id='word_1_285' title='bbox 304 1055 348 1083; x_wconf 89' lang='lat' dir='ltr'><strong>ille</strong></span> <span class='ocrx_word' id='word_1_286' title='bbox 361 1055 536 1084; x_wconf 80' lang='lat' dir='ltr'><strong>fidelissimus</strong></span> <span class='ocrx_word' id='word_1_287' title='bbox 553 1057 703 1092; x_wconf 84' lang='lat' dir='ltr'><strong>imperator</strong></span> <span class='ocrx_word' id='word_1_288' title='bbox 716 1057 778 1089; x_wconf 85' lang='lat' dir='ltr'><strong>fuit,</strong></span> <span class='ocrx_word' id='word_1_289' title='bbox 802 1062 830 1084; x_wconf 89' lang='lat' dir='ltr'><strong>ut</strong></span> <span class='ocrx_word' id='word_1_290' title='bbox 847 1065 957 1092; x_wconf 85' lang='lat' dir='ltr'><strong>semper</strong></span> <span class='ocrx_word' id='word_1_291' title='bbox 989 1057 1016 1085; x_wconf 92' lang='lat' dir='ltr'><strong>in</strong></span> <span class='ocrx_word' id='word_1_292' title='bbox 1038 1057 1119 1085; x_wconf 86' lang='lat' dir='ltr'><strong>bellis</strong></span> <span class='ocrx_word' id='word_1_293' title='bbox 1148 1063 1230 1092; x_wconf 84' lang='lat' dir='ltr'><strong>atque</strong></span> <span class='ocrx_word' id='word_1_294' title='bbox 1245 1059 1358 1092; x_wconf 57' lang='lat' dir='ltr'><strong>pra‘liis.</strong></span> <span class='ocrx_word' id='word_1_295' title='bbox 1376 1067 1426 1094; x_wconf 89' lang='lat' dir='ltr'><strong>pro</strong></span> <span class='ocrx_word' id='word_1_296' title='bbox 1448 1067 1481 1086; x_wconf 87' lang='lat' dir='ltr'><strong>eo</strong></span> <span class='ocrx_word' id='word_1_297' title='bbox 1504 1064 1588 1094; x_wconf 86' lang='lat' dir='ltr'><strong>atque</strong></span> <span class='ocrx_word' id='word_1_298' title='bbox 1617 1059 1675 1086; x_wconf 82' lang='lat' dir='ltr'><strong>ﬁeri</strong></span> <span class='ocrx_word' id='word_1_299' title='bbox 1703 1058 1796 1089; x_wconf 86' lang='lat' dir='ltr'><strong>debet,</strong></span> <span class='ocrx_word' id='word_1_300' title='bbox 1813 1065 1843 1084; x_wconf 74' lang='lat' dir='ltr'><strong>es</strong></span> 
     </span>
    </p>
   </div>
   <div class='ocr_carea' id='block_1_43' title="bbox 211 1104 1843 1142">
    <p class='ocr_par' dir='ltr' id='par_1_43' title="bbox 211 1104 1843 1142">
     <span class='ocr_line' id='line_1_43' title="bbox 211 1104 1843 1142; baseline 0 -11"><span class='ocrx_word' id='word_1_301' title='bbox 211 1104 307 1132; x_wconf 75' lang='lat' dir='ltr'><strong>divino</strong></span> <span class='ocrx_word' id='word_1_302' title='bbox 317 1105 452 1140; x_wconf 84' lang='lat' dir='ltr'><strong>penderet</strong></span> <span class='ocrx_word' id='word_1_303' title='bbox 465 1106 604 1140; x_wconf 66' lang='lat' dir='ltr'><strong>praesidio,</strong></span> <span class='ocrx_word' id='word_1_304' title='bbox 617 1114 673 1141; x_wconf 86' lang='lat' dir='ltr'><strong>quo</strong></span> <span class='ocrx_word' id='word_1_305' title='bbox 688 1106 772 1133; x_wconf 89' lang='lat' dir='ltr'><strong>etiam</strong></span> <span class='ocrx_word' id='word_1_306' title='bbox 788 1113 929 1140; x_wconf 85' lang='lat' dir='ltr'><strong>nunquam</strong></span> <span class='ocrx_word' id='word_1_307' title='bbox 954 1109 997 1133; x_wconf 91' lang='lat' dir='ltr'><strong>est</strong></span> <span class='ocrx_word' id='word_1_308' title='bbox 1017 1105 1177 1133; x_wconf 77' lang='lat' dir='ltr'><strong>frustratus.</strong></span> <span class='ocrx_word' id='word_1_309' title='bbox 1211 1105 1310 1134; x_wconf 79' lang='lat' dir='ltr'><strong>Fertur</strong></span> <span class='ocrx_word' id='word_1_310' title='bbox 1346 1115 1414 1134; x_wconf 90' lang='lat' dir='ltr'><strong>sane</strong></span> <span class='ocrx_word' id='word_1_311' title='bbox 1428 1111 1456 1134; x_wconf 92' lang='lat' dir='ltr'><strong>et</strong></span> <span class='ocrx_word' id='word_1_312' title='bbox 1473 1107 1554 1139; x_wconf 81' lang='lat' dir='ltr'><strong>illud.</strong></span> <span class='ocrx_word' id='word_1_313' title='bbox 1571 1115 1626 1142; x_wconf 89' lang='lat' dir='ltr'><strong>quo</strong></span> <span class='ocrx_word' id='word_1_314' title='bbox 1639 1112 1764 1140; x_wconf 84' lang='lat' dir='ltr'><strong>tempore</strong></span> <span class='ocrx_word' id='word_1_315' title='bbox 1774 1113 1843 1140; x_wconf 73' lang='lat' dir='ltr'><strong>pne-</strong></span> 
     </span>
    </p>
   </div>
   <div class='ocr_carea' id='block_1_44' title="bbox 211 1151 1844 1188">
    <p class='ocr_par' dir='ltr' id='par_1_44' title="bbox 211 1151 1844 1188">
     <span class='ocr_line' id='line_1_44' title="bbox 211 1151 1844 1188; baseline 0 -10"><span class='ocrx_word' id='word_1_316' title='bbox 211 1152 280 1179; x_wconf 81' lang='lat' dir='ltr'><strong>}ium</strong></span> <span class='ocrx_word' id='word_1_317' title='bbox 296 1151 349 1179; x_wconf 88' lang='lat' dir='ltr'><strong>hoc</strong></span> <span class='ocrx_word' id='word_1_318' title='bbox 373 1152 401 1179; x_wconf 92' lang='lat' dir='ltr'><strong>in</strong></span> <span class='ocrx_word' id='word_1_319' title='bbox 416 1151 566 1180; x_wconf 82' lang='lat' dir='ltr'><strong>Occidente</strong></span> <span class='ocrx_word' id='word_1_320' title='bbox 584 1157 625 1180; x_wconf 87' lang='lat' dir='ltr'><strong>est</strong></span> <span class='ocrx_word' id='word_1_321' title='bbox 641 1153 828 1184; x_wconf 86' lang='lat' dir='ltr'><strong>commissum.</strong></span> <span class='ocrx_word' id='word_1_322' title='bbox 846 1153 874 1180; x_wconf 88' lang='lat' dir='ltr'><strong>in</strong></span> <span class='ocrx_word' id='word_1_323' title='bbox 896 1152 998 1186; x_wconf 88' lang='lat' dir='ltr'><strong>templo</strong></span> <span class='ocrx_word' id='word_1_324' title='bbox 1019 1152 1134 1187; x_wconf 86' lang='lat' dir='ltr'><strong>Septimi</strong></span> <span class='ocrx_word' id='word_1_325' title='bbox 1156 1153 1237 1187; x_wconf 71' lang='lat' dir='ltr'><strong>(qua:</strong></span> <span class='ocrx_word' id='word_1_326' title='bbox 1250 1154 1424 1187; x_wconf 54' lang='lat' dir='ltr'><strong>suburbana,</strong></span> <span class='ocrx_word' id='word_1_327' title='bbox 1437 1153 1760 1188; x_wconf 69' lang='lat' dir='ltr'><strong>Constantinopolitanae</strong></span> <span class='ocrx_word' id='word_1_328' title='bbox 1771 1151 1844 1178; x_wconf 82' lang='lat' dir='ltr'><strong>urbis</strong></span> 
     </span>
    </p>
   </div>
   <div class='ocr_carea' id='block_1_45' title="bbox 212 1197 1845 1234">
    <p class='ocr_par' dir='ltr' id='par_1_45' title="bbox 212 1197 1845 1234">
     <span class='ocr_line' id='line_1_45' title="bbox 212 1197 1845 1234; baseline 0 -9"><span class='ocrx_word' id='word_1_329' title='bbox 212 1197 288 1234; x_wconf 79' lang='lat' dir='ltr'><strong>regio</strong></span> <span class='ocrx_word' id='word_1_330' title='bbox 316 1202 371 1230; x_wconf 86' lang='lat' dir='ltr'><strong>est,</strong></span> <span class='ocrx_word' id='word_1_331' title='bbox 403 1200 431 1225; x_wconf 92' lang='lat' dir='ltr'><strong>in</strong></span> <span class='ocrx_word' id='word_1_332' title='bbox 459 1206 515 1233; x_wconf 89' lang='lat' dir='ltr'><strong>quo</strong></span> <span class='ocrx_word' id='word_1_333' title='bbox 542 1204 684 1234; x_wconf 70' lang='lat' dir='ltr'><strong>pri-catum</strong></span> <span class='ocrx_word' id='word_1_334' title='bbox 707 1206 767 1226; x_wconf 83' lang='lat' dir='ltr'><strong>esse</strong></span> <span class='ocrx_word' id='word_1_335' title='bbox 799 1199 994 1233; x_wconf 86' lang='lat' dir='ltr'><strong>imperatorem</strong></span> <span class='ocrx_word' id='word_1_336' title='bbox 1016 1198 1146 1232; x_wconf 87' lang='lat' dir='ltr'><strong>diximus,</strong></span> <span class='ocrx_word' id='word_1_337' title='bbox 1175 1207 1237 1226; x_wconf 90' lang='lat' dir='ltr'><strong>cum</strong></span> <span class='ocrx_word' id='word_1_338' title='bbox 1252 1207 1284 1226; x_wconf 86' lang='lat' dir='ltr'><strong>ex</strong></span> <span class='ocrx_word' id='word_1_339' title='bbox 1302 1208 1333 1227; x_wconf 87' lang='lat' dir='ltr'><strong>ea</strong></span> <span class='ocrx_word' id='word_1_340' title='bbox 1363 1201 1430 1228; x_wconf 83' lang='lat' dir='ltr'><strong>urbe</strong></span> <span class='ocrx_word' id='word_1_341' title='bbox 1446 1201 1473 1227; x_wconf 93' lang='lat' dir='ltr'><strong>in</strong></span> <span class='ocrx_word' id='word_1_342' title='bbox 1485 1200 1588 1228; x_wconf 83' lang='lat' dir='ltr'><strong>bellum</strong></span> <span class='ocrx_word' id='word_1_343' title='bbox 1607 1200 1685 1234; x_wconf 86' lang='lat' dir='ltr'><strong>iret),</strong></span> <span class='ocrx_word' id='word_1_344' title='bbox 1703 1199 1845 1226; x_wconf 89' lang='lat' dir='ltr'><strong>hominem</strong></span> 
     </span>
    </p>
   </div>
   <div class='ocr_carea' id='block_1_46' title="bbox 212 1245 1838 1282">
    <p class='ocr_par' dir='ltr' id='par_1_46' title="bbox 212 1245 1838 1282">
     <span class='ocr_line' id='line_1_46' title="bbox 212 1245 1838 1282; baseline -0.001 -10"><span class='ocrx_word' id='word_1_345' title='bbox 212 1245 372 1279; x_wconf 77' lang='lat' dir='ltr'><strong>quemdam,</strong></span> <span class='ocrx_word' id='word_1_346' title='bbox 385 1245 432 1280; x_wconf 87' lang='lat' dir='ltr'><strong>qui</strong></span> <span class='ocrx_word' id='word_1_347' title='bbox 451 1245 584 1273; x_wconf 70' lang='lat' dir='ltr'><strong>daemonis</strong></span> <span class='ocrx_word' id='word_1_348' title='bbox 599 1246 772 1280; x_wconf 82' lang='lat' dir='ltr'><strong>intemperiis</strong></span> <span class='ocrx_word' id='word_1_349' title='bbox 786 1245 953 1278; x_wconf 70' lang='lat' dir='ltr'><strong>agitabatur,</strong></span> <span class='ocrx_word' id='word_1_350' title='bbox 987 1245 1013 1271; x_wconf 92' lang='lat' dir='ltr'><strong>in</strong></span> <span class='ocrx_word' id='word_1_351' title='bbox 1034 1245 1152 1272; x_wconf 85' lang='lat' dir='ltr'><strong>sublime</strong></span> <span class='ocrx_word' id='word_1_352' title='bbox 1184 1250 1306 1279; x_wconf 88' lang='lat' dir='ltr'><strong>raptum,</strong></span> <span class='ocrx_word' id='word_1_353' title='bbox 1316 1247 1402 1274; x_wconf 80' lang='lat' dir='ltr'><strong>veluti</strong></span> <span class='ocrx_word' id='word_1_354' title='bbox 1419 1255 1481 1273; x_wconf 84' lang='lat' dir='ltr'><strong>cum</strong></span> <span class='ocrx_word' id='word_1_355' title='bbox 1494 1247 1616 1282; x_wconf 82' lang='lat' dir='ltr'><strong>Baptista</strong></span> <span class='ocrx_word' id='word_1_356' title='bbox 1625 1246 1838 1273; x_wconf 82' lang='lat' dir='ltr'><strong>contendentem</strong></span> 
     </span>
    </p>
   </div>
   <div class='ocr_carea' id='block_1_47' title="bbox 213 1290 1845 1326">
    <p class='ocr_par' dir='ltr' id='par_1_47' title="bbox 213 1290 1845 1326">
     <span class='ocr_line' id='line_1_47' title="bbox 213 1290 1845 1326; baseline 0 -7"><span class='ocrx_word' id='word_1_357' title='bbox 213 1292 347 1319; x_wconf 84' lang='lat' dir='ltr'><strong>conviciis</strong></span> <span class='ocrx_word' id='word_1_358' title='bbox 365 1291 442 1318; x_wconf 76' lang='lat' dir='ltr'><strong>illurn</strong></span> <span class='ocrx_word' id='word_1_359' title='bbox 455 1291 633 1326; x_wconf 79' lang='lat' dir='ltr'><strong>proscidisse,</strong></span> <span class='ocrx_word' id='word_1_360' title='bbox 649 1291 723 1326; x_wconf 88' lang='lat' dir='ltr'><strong>quod</strong></span> <span class='ocrx_word' id='word_1_361' title='bbox 735 1292 760 1317; x_wconf 90' lang='lat' dir='ltr'><strong>ei</strong></span> <span class='ocrx_word' id='word_1_362' title='bbox 783 1294 864 1324; x_wconf 91' lang='lat' dir='ltr'><strong>caput</strong></span> <span class='ocrx_word' id='word_1_363' title='bbox 882 1295 1018 1317; x_wconf 88' lang='lat' dir='ltr'><strong>resectum</strong></span> <span class='ocrx_word' id='word_1_364' title='bbox 1040 1295 1122 1321; x_wconf 88' lang='lat' dir='ltr'><strong>esset,</strong></span> <span class='ocrx_word' id='word_1_365' title='bbox 1143 1290 1243 1317; x_wconf 66' lang='lat' dir='ltr'><strong>dcinile</strong></span> <span class='ocrx_word' id='word_1_366' title='bbox 1279 1292 1361 1318; x_wconf 86' lang='lat' dir='ltr'><strong>etiam</strong></span> <span class='ocrx_word' id='word_1_367' title='bbox 1383 1291 1471 1318; x_wconf 84' lang='lat' dir='ltr'><strong>ferum</strong></span> <span class='ocrx_word' id='word_1_368' title='bbox 1492 1292 1622 1326; x_wconf 83' lang='lat' dir='ltr'><strong>quiddam</strong></span> <span class='ocrx_word' id='word_1_369' title='bbox 1655 1292 1733 1319; x_wconf 88' lang='lat' dir='ltr'><strong>hisce</strong></span> <span class='ocrx_word' id='word_1_370' title='bbox 1754 1291 1845 1319; x_wconf 80' lang='lat' dir='ltr'><strong>verbis</strong></span> 
     </span>
    </p>
   </div>
   <div class='ocr_carea' id='block_1_48' title="bbox 213 1337 1846 1371">
    <p class='ocr_par' dir='ltr' id='par_1_48' title="bbox 213 1337 1846 1371">
     <span class='ocr_line' id='line_1_48' title="bbox 213 1337 1846 1371; baseline -0.001 -5"><span class='ocrx_word' id='word_1_371' title='bbox 213 1339 383 1367; x_wconf 78' lang='lat' dir='ltr'><strong>exclamasse</strong></span> <span class='ocrx_word' id='word_1_372' title='bbox 403 1346 435 1365; x_wconf 74' lang='grc' dir='ltr'><strong>ει</strong></span> <span class='ocrx_word' id='word_1_373' title='bbox 468 1337 508 1365; x_wconf 89' lang='lat' dir='ltr'><strong>Tu</strong></span> <span class='ocrx_word' id='word_1_374' title='bbox 530 1345 573 1365; x_wconf 91' lang='lat' dir='ltr'><strong>me</strong></span> <span class='ocrx_word' id='word_1_375' title='bbox 589 1338 688 1369; x_wconf 86' lang='lat' dir='ltr'><strong>vincis,</strong></span> <span class='ocrx_word' id='word_1_376' title='bbox 703 1342 732 1364; x_wconf 89' lang='lat' dir='ltr'><strong>et</strong></span> <span class='ocrx_word' id='word_1_377' title='bbox 762 1339 830 1365; x_wconf 91' lang='lat' dir='ltr'><strong>meis</strong></span> <span class='ocrx_word' id='word_1_378' title='bbox 857 1337 998 1364; x_wconf 82' lang='lat' dir='ltr'><strong>insidiaris</strong></span> <span class='ocrx_word' id='word_1_379' title='bbox 1019 1337 1116 1371; x_wconf 87' lang='lat' dir='ltr'><strong>copiis.</strong></span> <span class='ocrx_word' id='word_1_380' title='bbox 1137 1347 1146 1364; x_wconf 72' lang='grc' dir='ltr'><strong>ι</strong></span> <span class='ocrx_word' id='word_1_381' title='bbox 1172 1337 1223 1370; x_wconf 85' lang='lat' dir='ltr'><strong>Qui</strong></span> <span class='ocrx_word' id='word_1_382' title='bbox 1258 1346 1323 1365; x_wconf 89' lang='lat' dir='ltr'><strong>vero</strong></span> <span class='ocrx_word' id='word_1_383' title='bbox 1359 1343 1417 1365; x_wconf 87' lang='lat' dir='ltr'><strong>tum</strong></span> <span class='ocrx_word' id='word_1_384' title='bbox 1437 1338 1463 1365; x_wconf 92' lang='lat' dir='ltr'><strong>in</strong></span> <span class='ocrx_word' id='word_1_385' title='bbox 1491 1346 1553 1365; x_wconf 89' lang='lat' dir='ltr'><strong>eum</strong></span> <span class='ocrx_word' id='word_1_386' title='bbox 1579 1338 1722 1365; x_wconf 87' lang='lat' dir='ltr'><strong>hominem</strong></span> <span class='ocrx_word' id='word_1_387' title='bbox 1743 1339 1846 1365; x_wconf 83' lang='lat' dir='ltr'><strong>incide-</strong></span> 
     </span>
    </p>
   </div>
   <div class='ocr_carea' id='block_1_49' title="bbox 186 1383 1847 1420">
    <p class='ocr_par' dir='ltr' id='par_1_49' title="bbox 186 1383 1847 1420">
     <span class='ocr_line' id='line_1_49' title="bbox 186 1383 1847 1420; baseline -0.002 -7"><span class='ocrx_word' id='word_1_388' title='bbox 186 1386 187 1389; x_wconf 62' lang='grc'><em>“</em></span> <span class='ocrx_word' id='word_1_389' title='bbox 214 1389 447 1420; x_wconf 75' lang='lat' dir='ltr'><strong>ranl,propterea</strong></span> <span class='ocrx_word' id='word_1_390' title='bbox 462 1385 534 1418; x_wconf 92' lang='lat' dir='ltr'><strong>quod</strong></span> <span class='ocrx_word' id='word_1_391' title='bbox 545 1384 646 1411; x_wconf 90' lang='lat' dir='ltr'><strong>bellmn</strong></span> <span class='ocrx_word' id='word_1_392' title='bbox 668 1384 695 1411; x_wconf 92' lang='lat' dir='ltr'><strong>id</strong></span> <span class='ocrx_word' id='word_1_393' title='bbox 715 1388 772 1410; x_wconf 83' lang='lat' dir='ltr'><strong>tuin</strong></span> <span class='ocrx_word' id='word_1_394' title='bbox 807 1384 901 1411; x_wconf 89' lang='lat' dir='ltr'><strong>multis</strong></span> <span class='ocrx_word' id='word_1_395' title='bbox 935 1391 1040 1417; x_wconf 66' lang='lat' dir='ltr'><strong>magna</strong></span> <span class='ocrx_word' id='word_1_396' title='bbox 1060 1391 1133 1410; x_wconf 74' lang='lat' dir='ltr'><strong>cura:</strong></span> <span class='ocrx_word' id='word_1_397' title='bbox 1163 1388 1249 1415; x_wconf 83' lang='lat' dir='ltr'><strong>esset,</strong></span> <span class='ocrx_word' id='word_1_398' title='bbox 1275 1384 1338 1411; x_wconf 85' lang='lat' dir='ltr'><strong>novi</strong></span> <span class='ocrx_word' id='word_1_399' title='bbox 1359 1385 1490 1419; x_wconf 88' lang='lat' dir='ltr'><strong>quiddam</strong></span> <span class='ocrx_word' id='word_1_400' title='bbox 1517 1385 1717 1412; x_wconf 66' lang='lat' dir='ltr'><strong>daamoniacum</strong></span> <span class='ocrx_word' id='word_1_401' title='bbox 1755 1383 1847 1411; x_wconf 76' lang='lat' dir='ltr'><strong>dicere</strong></span> 
     </span>
    </p>
   </div>
   <div class='ocr_carea' id='block_1_50' title="bbox 215 1428 978 1464">
    <p class='ocr_par' dir='ltr' id='par_1_50' title="bbox 215 1428 978 1464">
     <span class='ocr_line' id='line_1_50' title="bbox 215 1428 978 1464; baseline -0.003 -7"><span class='ocrx_word' id='word_1_402' title='bbox 215 1429 333 1464; x_wconf 79' lang='lat' dir='ltr'><strong>opinati,</strong></span> <span class='ocrx_word' id='word_1_403' title='bbox 349 1429 420 1455; x_wconf 83' lang='lat' dir='ltr'><strong>diem</strong></span> <span class='ocrx_word' id='word_1_404' title='bbox 442 1428 469 1454; x_wconf 90' lang='lat' dir='ltr'><strong>in</strong></span> <span class='ocrx_word' id='word_1_405' title='bbox 489 1429 584 1455; x_wconf 89' lang='lat' dir='ltr'><strong>charta</strong></span> <span class='ocrx_word' id='word_1_406' title='bbox 603 1429 776 1462; x_wconf 79' lang='lat' dir='ltr'><strong>excipientes</strong></span> <span class='ocrx_word' id='word_1_407' title='bbox 813 1433 947 1455; x_wconf 85' lang='lat' dir='ltr'><strong>notarunt</strong></span> <span class='ocrx_word' id='word_1_408' title='bbox 971 1437 978 1455; x_wconf 88' lang='lat'>:</span> 
     </span>
    </p>
   </div>
   <div class='ocr_carea' id='block_1_51' title="bbox 1013 1428 1846 1464">
    <p class='ocr_par' dir='ltr' id='par_1_51' title="bbox 1013 1428 1846 1464">
     <span class='ocr_line' id='line_1_51' title="bbox 1013 1428 1846 1464; baseline 0.001 -9"><span class='ocrx_word' id='word_1_409' title='bbox 1013 1432 1042 1455; x_wconf 88' lang='lat' dir='ltr'><strong>et</strong></span> <span class='ocrx_word' id='word_1_410' title='bbox 1061 1428 1162 1456; x_wconf 70' lang='lat' dir='ltr'><strong>deinde</strong></span> <span class='ocrx_word' id='word_1_411' title='bbox 1195 1437 1228 1456; x_wconf 92' lang='lat' dir='ltr'><strong>eo</strong></span> <span class='ocrx_word' id='word_1_412' title='bbox 1258 1430 1319 1464; x_wconf 88' lang='lat' dir='ltr'><strong>ipso</strong></span> <span class='ocrx_word' id='word_1_413' title='bbox 1344 1435 1468 1464; x_wconf 86' lang='lat' dir='ltr'><strong>tempore</strong></span> <span class='ocrx_word' id='word_1_414' title='bbox 1496 1430 1620 1464; x_wconf 67' lang='lat' dir='ltr'><strong>prndium</strong></span> <span class='ocrx_word' id='word_1_415' title='bbox 1646 1430 1751 1456; x_wconf 86' lang='lat' dir='ltr'><strong>factum</strong></span> <span class='ocrx_word' id='word_1_416' title='bbox 1776 1437 1846 1460; x_wconf 82' lang='lat' dir='ltr'><strong>esse,</strong></span> 
     </span>
    </p>
   </div>
   <div class='ocr_carea' id='block_1_52' title="bbox 218 1473 1846 1511">
    <p class='ocr_par' dir='ltr' id='par_1_52' title="bbox 218 1473 1846 1511">
     <span class='ocr_line' id='line_1_52' title="bbox 218 1473 1846 1511; baseline 0.001 -10"><span class='ocrx_word' id='word_1_417' title='bbox 218 1476 368 1502; x_wconf 87' lang='lat' dir='ltr'><strong>multorum</strong></span> <span class='ocrx_word' id='word_1_418' title='bbox 387 1473 575 1504; x_wconf 79' lang='lat' dir='ltr'><strong>sermonibus,</strong></span> <span class='ocrx_word' id='word_1_419' title='bbox 592 1473 639 1508; x_wconf 92' lang='lat' dir='ltr'><strong>qui</strong></span> <span class='ocrx_word' id='word_1_420' title='bbox 655 1473 679 1500; x_wconf 83' lang='lat' dir='ltr'><strong>ei</strong></span> <span class='ocrx_word' id='word_1_421' title='bbox 698 1481 794 1508; x_wconf 76' lang='lat' dir='ltr'><strong>pugna:</strong></span> <span class='ocrx_word' id='word_1_422' title='bbox 829 1473 1025 1505; x_wconf 82' lang='lat' dir='ltr'><strong>interfuerant,</strong></span> <span class='ocrx_word' id='word_1_423' title='bbox 1047 1479 1246 1508; x_wconf 76' lang='lat' dir='ltr'><strong>cognoverunt.</strong></span> <span class='ocrx_word' id='word_1_424' title='bbox 1276 1475 1329 1502; x_wconf 81' lang='lat' dir='ltr'><strong>Res</strong></span> <span class='ocrx_word' id='word_1_425' title='bbox 1358 1476 1473 1511; x_wconf 77' lang='lat' dir='ltr'><strong>Eugenii</strong></span> <span class='ocrx_word' id='word_1_426' title='bbox 1509 1477 1617 1511; x_wconf 85' lang='lat' dir='ltr'><strong>tyranni</strong></span> <span class='ocrx_word' id='word_1_427' title='bbox 1644 1476 1697 1502; x_wconf 88' lang='lat' dir='ltr'><strong>hoc</strong></span> <span class='ocrx_word' id='word_1_428' title='bbox 1720 1476 1846 1503; x_wconf 84' lang='lat' dir='ltr'><strong>accidere</strong></span> 
     </span>
    </p>
   </div>
   <div class='ocr_carea' id='block_1_53' title="bbox 218 1521 310 1549">
    <p class='ocr_par' dir='ltr' id='par_1_53' title="bbox 218 1521 310 1549">
     <span class='ocr_line' id='line_1_53' title="bbox 218 1521 310 1549; baseline -0.011 -1"><span class='ocrx_word' id='word_1_429' title='bbox 218 1521 310 1549; x_wconf 90' lang='lat' dir='ltr'><strong>modo.</strong></span> 
     </span>
    </p>
   </div>
   <div class='ocr_carea' id='block_1_54' title="bbox 465 1565 753 1602">
    <p class='ocr_par' dir='ltr' id='par_1_54' title="bbox 465 1565 753 1602">
     <span class='ocr_line' id='line_1_54' title="bbox 465 1565 753 1602; baseline 0.003 -11"><span class='ocrx_word' id='word_1_430' title='bbox 465 1565 545 1602; x_wconf 80' lang='lat'><strong>315</strong></span> <span class='ocrx_word' id='word_1_431' title='bbox 570 1565 681 1592; x_wconf 75' lang='lat' dir='ltr'><strong>CAPUT</strong></span> <span class='ocrx_word' id='word_1_432' title='bbox 698 1565 753 1592; x_wconf 78' lang='lat' dir='ltr'><strong>XL.</strong></span> 
     </span>
    </p>
   </div>
   <div class='ocr_carea' id='block_1_55' title="bbox 218 1611 1007 1646">
    <p class='ocr_par' dir='ltr' id='par_1_55' title="bbox 218 1611 1007 1646">
     <span class='ocr_line' id='line_1_55' title="bbox 218 1611 1007 1646; baseline -0.001 -7"><span class='ocrx_word' id='word_1_433' title='bbox 218 1614 258 1643; x_wconf 68' lang='lat' dir='ltr'><strong>ne</strong></span> <span class='ocrx_word' id='word_1_434' title='bbox 284 1615 412 1641; x_wconf 78' lang='lat' dir='ltr'><strong>seditione</strong></span> <span class='ocrx_word' id='word_1_435' title='bbox 435 1619 459 1640; x_wconf 88' lang='lat' dir='ltr'><strong>et</strong></span> <span class='ocrx_word' id='word_1_436' title='bbox 484 1612 598 1639; x_wconf 75' lang='lat' dir='ltr'><strong>tumultu</strong></span> <span class='ocrx_word' id='word_1_437' title='bbox 622 1611 812 1639; x_wconf 65' lang='lat' dir='ltr'><strong>Thessalonici:</strong></span> <span class='ocrx_word' id='word_1_438' title='bbox 839 1617 918 1643; x_wconf 82' lang='lat' dir='ltr'><strong>orto,</strong></span> <span class='ocrx_word' id='word_1_439' title='bbox 947 1619 1007 1646; x_wconf 83' lang='lat' dir='ltr'><strong>pro-</strong></span> 
     </span>
    </p>
   </div>
   <div class='ocr_carea' id='block_1_56' title="bbox 254 1647 1008 1684">
    <p class='ocr_par' dir='ltr' id='par_1_56' title="bbox 254 1647 1008 1684">
     <span class='ocr_line' id='line_1_56' title="bbox 254 1647 1008 1684; baseline -0.004 -9"><span class='ocrx_word' id='word_1_440' title='bbox 254 1654 313 1684; x_wconf 83' lang='lat' dir='ltr'><strong>pter</strong></span> <span class='ocrx_word' id='word_1_441' title='bbox 332 1657 409 1684; x_wconf 67' lang='lat' dir='ltr'><strong>quam</strong></span> <span class='ocrx_word' id='word_1_442' title='bbox 429 1648 586 1676; x_wconf 71' lang='lat' dir='ltr'><strong>Theodosius</strong></span> <span class='ocrx_word' id='word_1_443' title='bbox 607 1652 705 1681; x_wconf 73' lang='lat' dir='ltr'><strong>septem</strong></span> <span class='ocrx_word' id='word_1_444' title='bbox 729 1647 814 1674; x_wconf 81' lang='lat' dir='ltr'><strong>millia</strong></span> <span class='ocrx_word' id='word_1_445' title='bbox 836 1648 951 1674; x_wconf 80' lang='lat' dir='ltr'><strong>virorum</strong></span> <span class='ocrx_word' id='word_1_446' title='bbox 965 1655 1008 1673; x_wconf 83' lang='lat' dir='ltr'><strong>oc-</strong></span> 
     </span>
    </p>
   </div>
   <div class='ocr_carea' id='block_1_57' title="bbox 253 1684 901 1711">
    <p class='ocr_par' dir='ltr' id='par_1_57' title="bbox 253 1684 901 1711">
     <span class='ocr_line' id='line_1_57' title="bbox 253 1684 901 1711; baseline 0 -1"><span class='ocrx_word' id='word_1_447' title='bbox 253 1685 327 1711; x_wconf 78' lang='lat' dir='ltr'><strong>cidit.</strong></span> <span class='ocrx_word' id='word_1_448' title='bbox 899 1684 901 1686; x_wconf 76' lang='grc'><em>’</em></span> 
     </span>
    </p>
   </div>
   <div class='ocr_carea' id='block_1_58' title="bbox 255 1739 1007 1775">
    <p class='ocr_par' dir='ltr' id='par_1_58' title="bbox 255 1739 1007 1775">
     <span class='ocr_line' id='line_1_58' title="bbox 255 1739 1007 1775; baseline -0.005 -6"><span class='ocrx_word' id='word_1_449' title='bbox 255 1740 500 1770; x_wconf 82' lang='lat' dir='ltr'><strong>Verumenimvero</strong></span> <span class='ocrx_word' id='word_1_450' title='bbox 533 1748 586 1768; x_wconf 92' lang='lat' dir='ltr'><strong>non</strong></span> <span class='ocrx_word' id='word_1_451' title='bbox 602 1739 722 1775; x_wconf 85' lang='lat' dir='ltr'><strong>proclive</strong></span> <span class='ocrx_word' id='word_1_452' title='bbox 740 1739 823 1767; x_wconf 84' lang='lat' dir='ltr'><strong>alicui</strong></span> <span class='ocrx_word' id='word_1_453' title='bbox 841 1743 894 1770; x_wconf 80' lang='lat' dir='ltr'><strong>est,</strong></span> <span class='ocrx_word' id='word_1_454' title='bbox 910 1745 1007 1766; x_wconf 81' lang='lat' dir='ltr'><strong>omnes</strong></span> 
     </span>
    </p>
   </div>
   <div class='ocr_carea' id='block_1_59' title="bbox 218 1783 1006 1819">
    <p class='ocr_par' dir='ltr' id='par_1_59' title="bbox 218 1783 1006 1819">
     <span class='ocr_line' id='line_1_59' title="bbox 218 1783 1006 1819; baseline -0.006 -4"><span class='ocrx_word' id='word_1_455' title='bbox 218 1787 334 1816; x_wconf 74' lang='lat' dir='ltr'><strong>omnino</strong></span> <span class='ocrx_word' id='word_1_456' title='bbox 342 1787 496 1814; x_wconf 83' lang='lat' dir='ltr'><strong>communis</strong></span> <span class='ocrx_word' id='word_1_457' title='bbox 508 1786 658 1813; x_wconf 79' lang='lat' dir='ltr'><strong>adversarii</strong></span> <span class='ocrx_word' id='word_1_458' title='bbox 669 1785 755 1812; x_wconf 88' lang='lat' dir='ltr'><strong>nostri</strong></span> <span class='ocrx_word' id='word_1_459' title='bbox 767 1785 858 1819; x_wconf 80' lang='lat' dir='ltr'><strong>plagas</strong></span> <span class='ocrx_word' id='word_1_460' title='bbox 874 1783 1006 1818; x_wconf 74' lang='lat' dir='ltr'><strong>etingerc.</strong></span> 
     </span>
    </p>
   </div>
   <div class='ocr_carea' id='block_1_60' title="bbox 220 1831 1009 1869">
    <p class='ocr_par' dir='ltr' id='par_1_60' title="bbox 220 1831 1009 1869">
     <span class='ocr_line' id='line_1_60' title="bbox 220 1831 1009 1869; baseline -0.008 -7"><span class='ocrx_word' id='word_1_461' title='bbox 220 1834 250 1862; x_wconf 89' lang='lat' dir='ltr'><strong>Si</strong></span> <span class='ocrx_word' id='word_1_462' title='bbox 265 1834 328 1869; x_wconf 86' lang='lat' dir='ltr'><strong>quis</strong></span> <span class='ocrx_word' id='word_1_463' title='bbox 338 1834 411 1861; x_wconf 85' lang='lat' dir='ltr'><strong>enim</strong></span> <span class='ocrx_word' id='word_1_464' title='bbox 425 1833 495 1860; x_wconf 88' lang='lat' dir='ltr'><strong>forte</strong></span> <span class='ocrx_word' id='word_1_465' title='bbox 510 1833 626 1867; x_wconf 65' lang='lat' dir='ltr'><strong>impura:</strong></span> <span class='ocrx_word' id='word_1_466' title='bbox 652 1831 776 1858; x_wconf 88' lang='lat' dir='ltr'><strong>libidinis</strong></span> <span class='ocrx_word' id='word_1_467' title='bbox 790 1831 919 1858; x_wconf 77' lang='lat' dir='ltr'><strong>allectum</strong></span> <span class='ocrx_word' id='word_1_468' title='bbox 935 1834 1009 1856; x_wconf 89' lang='lat' dir='ltr'><strong>tran-</strong></span> 
     </span>
    </p>
   </div>
   <div class='ocr_carea' id='block_1_61' title="bbox 220 1876 1006 1911">
    <p class='ocr_par' dir='ltr' id='par_1_61' title="bbox 220 1876 1006 1911">
     <span class='ocr_line' id='line_1_61' title="bbox 220 1876 1006 1911; baseline -0.006 -4"><span class='ocrx_word' id='word_1_469' title='bbox 220 1880 306 1911; x_wconf 84' lang='lat' dir='ltr'><strong>siliat,</strong></span> <span class='ocrx_word' id='word_1_470' title='bbox 320 1880 348 1906; x_wconf 86' lang='lat' dir='ltr'><strong>in</strong></span> <span class='ocrx_word' id='word_1_471' title='bbox 362 1878 506 1906; x_wconf 80' lang='lat' dir='ltr'><strong>avaritiam</strong></span> <span class='ocrx_word' id='word_1_472' title='bbox 523 1878 635 1905; x_wconf 85' lang='lat' dir='ltr'><strong>incidat.</strong></span> <span class='ocrx_word' id='word_1_473' title='bbox 650 1877 725 1904; x_wconf 87' lang='lat' dir='ltr'><strong>Hanc</strong></span> <span class='ocrx_word' id='word_1_474' title='bbox 740 1884 805 1903; x_wconf 83' lang='lat' dir='ltr'><strong>vero</strong></span> <span class='ocrx_word' id='word_1_475' title='bbox 821 1877 842 1903; x_wconf 56' lang='lat' dir='ltr'><strong>si</strong></span> <span class='ocrx_word' id='word_1_476' title='bbox 858 1876 940 1902; x_wconf 82' lang='lat' dir='ltr'><strong>etiam</strong></span> <span class='ocrx_word' id='word_1_477' title='bbox 961 1883 1006 1902; x_wconf 88' lang='lat' dir='ltr'><strong>su-</strong></span> 
     </span>
    </p>
   </div>
   <div class='ocr_carea' id='block_1_62' title="bbox 222 1922 1007 1961">
    <p class='ocr_par' dir='ltr' id='par_1_62' title="bbox 222 1922 1007 1961">
     <span class='ocr_line' id='line_1_62' title="bbox 222 1922 1007 1961; baseline -0.008 -8"><span class='ocrx_word' id='word_1_478' title='bbox 222 1930 310 1961; x_wconf 82' lang='lat' dir='ltr'><strong>peret,</strong></span> <span class='ocrx_word' id='word_1_479' title='bbox 323 1925 433 1952; x_wconf 71' lang='lat' dir='ltr'><strong>invidiae</strong></span> <span class='ocrx_word' id='word_1_480' title='bbox 443 1925 552 1952; x_wconf 84' lang='lat' dir='ltr'><strong>lubrico</strong></span> <span class='ocrx_word' id='word_1_481' title='bbox 561 1924 813 1951; x_wconf 79' lang='lat' dir='ltr'><strong>circumveniatur:</strong></span> <span class='ocrx_word' id='word_1_482' title='bbox 831 1922 901 1948; x_wconf 83' lang='lat' dir='ltr'><strong>hanc.</strong></span> <span class='ocrx_word' id='word_1_483' title='bbox 914 1926 1007 1948; x_wconf 86' lang='lat' dir='ltr'><strong>autem</strong></span> 
     </span>
    </p>
   </div>
   <div class='ocr_carea' id='block_1_63' title="bbox 220 1968 1007 2006">
    <p class='ocr_par' dir='ltr' id='par_1_63' title="bbox 220 1968 1007 2006">
     <span class='ocr_line' id='line_1_63' title="bbox 220 1968 1007 2006; baseline -0.008 -7"><span class='ocrx_word' id='word_1_484' title='bbox 220 1973 243 1999; x_wconf 87' lang='lat' dir='ltr'><strong>si</strong></span> <span class='ocrx_word' id='word_1_485' title='bbox 271 1979 383 2006; x_wconf 86' lang='lat' dir='ltr'><strong>quoque</strong></span> <span class='ocrx_word' id='word_1_486' title='bbox 412 1971 567 2002; x_wconf 88' lang='lat' dir='ltr'><strong>conculcet,</strong></span> <span class='ocrx_word' id='word_1_487' title='bbox 596 1970 711 1998; x_wconf 86' lang='lat' dir='ltr'><strong>fortasse</strong></span> <span class='ocrx_word' id='word_1_488' title='bbox 740 1970 809 1996; x_wconf 90' lang='lat' dir='ltr'><strong>iram</strong></span> <span class='ocrx_word' id='word_1_489' title='bbox 825 1976 879 1995; x_wconf 90' lang='lat' dir='ltr'><strong>non</strong></span> <span class='ocrx_word' id='word_1_490' title='bbox 906 1968 1007 1995; x_wconf 88' lang='lat' dir='ltr'><strong>vincat.</strong></span> 
     </span>
    </p>
   </div>
   <div class='ocr_carea' id='block_1_64' title="bbox 223 2013 1008 2051">
    <p class='ocr_par' dir='ltr' id='par_1_64' title="bbox 223 2013 1008 2051">
     <span class='ocr_line' id='line_1_64' title="bbox 223 2013 1008 2051; baseline -0.006 -7"><span class='ocrx_word' id='word_1_491' title='bbox 223 2019 319 2046; x_wconf 83' lang='lat' dir='ltr'><strong>Plures</strong></span> <span class='ocrx_word' id='word_1_492' title='bbox 337 2024 456 2051; x_wconf 86' lang='lat' dir='ltr'><strong>namque</strong></span> <span class='ocrx_word' id='word_1_493' title='bbox 466 2016 640 2051; x_wconf 85' lang='lat' dir='ltr'><strong>perniciosus</strong></span> <span class='ocrx_word' id='word_1_494' title='bbox 655 2015 743 2042; x_wconf 85' lang='lat' dir='ltr'><strong>hostis</strong></span> <span class='ocrx_word' id='word_1_495' title='bbox 771 2016 890 2042; x_wconf 82' lang='lat' dir='ltr'><strong>humano</strong></span> <span class='ocrx_word' id='word_1_496' title='bbox 916 2013 1008 2049; x_wconf 76' lang='lat' dir='ltr'><strong>generi</strong></span> 
     </span>
    </p>
   </div>
   <div class='ocr_carea' id='block_1_65' title="bbox 221 2059 1010 2097">
    <p class='ocr_par' dir='ltr' id='par_1_65' title="bbox 221 2059 1010 2097">
     <span class='ocr_line' id='line_1_65' title="bbox 221 2059 1010 2097; baseline -0.005 -7"><span class='ocrx_word' id='word_1_497' title='bbox 221 2064 303 2090; x_wconf 72' lang='lat' dir='ltr'><strong>struit</strong></span> <span class='ocrx_word' id='word_1_498' title='bbox 317 2063 437 2097; x_wconf 83' lang='lat' dir='ltr'><strong>pedicas,</strong></span> <span class='ocrx_word' id='word_1_499' title='bbox 450 2062 634 2097; x_wconf 89' lang='lat' dir='ltr'><strong>qualicunque</strong></span> <span class='ocrx_word' id='word_1_500' title='bbox 650 2061 791 2088; x_wconf 85' lang='lat' dir='ltr'><strong>vitiosiore</strong></span> <span class='ocrx_word' id='word_1_501' title='bbox 804 2059 949 2087; x_wconf 69' lang='lat' dir='ltr'><strong>affectione</strong></span> <span class='ocrx_word' id='word_1_502' title='bbox 963 2066 1010 2093; x_wconf 85' lang='lat' dir='ltr'><strong>per</strong></span> 
     </span>
    </p>
   </div>
   <div class='ocr_carea' id='block_1_66' title="bbox 221 2106 1008 2143">
    <p class='ocr_par' dir='ltr' id='par_1_66' title="bbox 221 2106 1008 2143">
     <span class='ocr_line' id='line_1_66' title="bbox 221 2106 1008 2143; baseline -0.004 -8"><span class='ocrx_word' id='word_1_503' title='bbox 221 2109 471 2143; x_wconf 84' lang='lat' dir='ltr'><strong>artem&#39;quamdam</strong></span> <span class='ocrx_word' id='word_1_504' title='bbox 497 2115 596 2141; x_wconf 83' lang='lat' dir='ltr'><strong>capere</strong></span> <span class='ocrx_word' id='word_1_505' title='bbox 610 2114 747 2141; x_wconf 85' lang='lat' dir='ltr'><strong>quemque</strong></span> <span class='ocrx_word' id='word_1_506' title='bbox 774 2112 909 2142; x_wconf 75' lang='lat' dir='ltr'><strong>satagens,</strong></span> <span class='ocrx_word' id='word_1_507' title='bbox 938 2106 1008 2133; x_wconf 88' lang='lat' dir='ltr'><strong>etin</strong></span> 
     </span>
    </p>
   </div>
   <div class='ocr_carea' id='block_1_67' title="bbox 223 2150 1009 2187">
    <p class='ocr_par' dir='ltr' id='par_1_67' title="bbox 223 2150 1009 2187">
     <span class='ocr_line' id='line_1_67' title="bbox 223 2150 1009 2187; baseline -0.003 -8"><span class='ocrx_word' id='word_1_508' title='bbox 223 2153 321 2187; x_wconf 85' lang='lat' dir='ltr'><strong>primis</strong></span> <span class='ocrx_word' id='word_1_509' title='bbox 341 2160 394 2187; x_wconf 89' lang='lat' dir='ltr'><strong>qua</strong></span> <span class='ocrx_word' id='word_1_510' title='bbox 422 2152 541 2186; x_wconf 87' lang='lat' dir='ltr'><strong>aliquem</strong></span> <span class='ocrx_word' id='word_1_511' title='bbox 559 2159 592 2179; x_wconf 78' lang='lat' dir='ltr'><strong>ex</strong></span> <span class='ocrx_word' id='word_1_512' title='bbox 612 2156 717 2178; x_wconf 71' lang='lat' dir='ltr'><strong>natura:</strong></span> <span class='ocrx_word' id='word_1_513' title='bbox 732 2151 911 2178; x_wconf 83' lang='lat' dir='ltr'><strong>inclinatione</strong></span> <span class='ocrx_word' id='word_1_514' title='bbox 930 2150 1009 2178; x_wconf 83' lang='lat' dir='ltr'><strong>facile</strong></span> 
     </span>
    </p>
   </div>
   <div class='ocr_carea' id='block_1_68' title="bbox 223 2196 1009 2232">
    <p class='ocr_par' dir='ltr' id='par_1_68' title="bbox 223 2196 1009 2232">
     <span class='ocr_line' id='line_1_68' title="bbox 223 2196 1009 2232; baseline -0.001 -8"><span class='ocrx_word' id='word_1_515' title='bbox 223 2199 283 2232; x_wconf 85' lang='lat' dir='ltr'><strong>capi</strong></span> <span class='ocrx_word' id='word_1_516' title='bbox 299 2205 380 2232; x_wconf 88' lang='lat' dir='ltr'><strong>posse</strong></span> <span class='ocrx_word' id='word_1_517' title='bbox 394 2198 545 2224; x_wconf 82' lang='lat' dir='ltr'><strong>existimet.</strong></span> <span class='ocrx_word' id='word_1_518' title='bbox 565 2196 651 2230; x_wconf 87' lang='lat' dir='ltr'><strong>Quam</strong></span> <span class='ocrx_word' id='word_1_519' title='bbox 666 2196 712 2223; x_wconf 88' lang='lat' dir='ltr'><strong>ille</strong></span> <span class='ocrx_word' id='word_1_520' title='bbox 726 2196 959 2224; x_wconf 82' lang='lat' dir='ltr'><strong>machinationem</strong></span> <span class='ocrx_word' id='word_1_521' title='bbox 974 2197 1009 2223; x_wconf 85' lang='lat' dir='ltr'><strong>ita</strong></span> 
     </span>
    </p>
   </div>
   <div class='ocr_carea' id='block_1_69' title="bbox 1354 1566 1544 1595">
    <p class='ocr_par' dir='ltr' id='par_1_69' title="bbox 1354 1566 1544 1595">
     <span class='ocr_line' id='line_1_69' title="bbox 1354 1566 1544 1595; baseline 0.016 -3"><span class='ocrx_word' id='word_1_522' title='bbox 1354 1566 1481 1595; x_wconf 75' lang='grc' dir='ltr'><strong>ΚΕΦᾹΛ.</strong></span> <span class='ocrx_word' id='word_1_523' title='bbox 1498 1568 1544 1594; x_wconf 82' lang='grc' dir='ltr'><strong>Μ’.</strong></span> 
     </span>
    </p>
   </div>
   <div class='ocr_carea' id='block_1_70' title="bbox 1058 1610 1847 1649">
    <p class='ocr_par' dir='ltr' id='par_1_70' title="bbox 1058 1610 1847 1649">
     <span class='ocr_line' id='line_1_70' title="bbox 1058 1610 1847 1649; baseline 0.006 -10"><span class='ocrx_word' id='word_1_524' title='bbox 1058 1612 1128 1649; x_wconf 74' lang='grc' dir='ltr'>Περὶ</span> <span class='ocrx_word' id='word_1_525' title='bbox 1150 1610 1493 1649; x_wconf 21' lang='grc' dir='ltr'><strong>ςῆςῗέν-Θεσσαλονίκῃ</strong></span> <span class='ocrx_word' id='word_1_526' title='bbox 1515 1615 1679 1648; x_wconf 77' lang='grc' dir='ltr'>γενομένης</span> <span class='ocrx_word' id='word_1_527' title='bbox 1698 1616 1847 1648; x_wconf 79' lang='grc' dir='ltr'>στάσεως.</span> 
     </span>
    </p>
   </div>
   <div class='ocr_carea' id='block_1_71' title="bbox 1093 1645 1848 1709">
    <p class='ocr_par' dir='ltr' id='par_1_71' title="bbox 1093 1645 1848 1709">
     <span class='ocr_line' id='line_1_71' title="bbox 1093 1645 1848 1709; baseline 0.005 -35"><span class='ocrx_word' id='word_1_528' title='bbox 1093 1645 1132 1709; x_wconf 51' lang='grc' dir='ltr'><strong>ἐι*</strong></span> <span class='ocrx_word' id='word_1_529' title='bbox 1147 1645 1187 1679; x_wconf 81' lang='grc' dir='ltr'>ἣν</span> <span class='ocrx_word' id='word_1_530' title='bbox 1202 1646 1363 1681; x_wconf 81' lang='grc' dir='ltr'>Θεοδόσιος</span> <span class='ocrx_word' id='word_1_531' title='bbox 1378 1645 1626 1683; x_wconf 63' lang='grc' dir='ltr'><strong>ἐπτακὶὶγλιλίόυς</strong></span> <span class='ocrx_word' id='word_1_532' title='bbox 1640 1645 1753 1684; x_wconf 55' lang='grc' dir='ltr'>ἆιίὸριις</span> <span class='ocrx_word' id='word_1_533' title='bbox 1771 1645 1848 1678; x_wconf 53' lang='lat' dir='ltr'><strong>arsi:</strong></span> 
     </span>
     <span class='ocr_line' id='line_1_72' title="bbox 1115 1691 1157 1709; baseline -0.024 0"><span class='ocrx_word' id='word_1_534' title='bbox 1115 1691 1157 1709; x_wconf 81' lang='grc' dir='ltr'>εν.</span> 
     </span>
    </p>
   </div>
   <div class='ocr_carea' id='block_1_72' title="bbox 1100 1739 1849 1775">
    <p class='ocr_par' dir='ltr' id='par_1_72' title="bbox 1100 1739 1849 1775">
     <span class='ocr_line' id='line_1_73' title="bbox 1100 1739 1849 1775; baseline 0.003 -10"><span class='ocrx_word' id='word_1_535' title='bbox 1100 1739 1183 1766; x_wconf 69' lang='grc' dir='ltr'>Ἀλλὰ</span> <span class='ocrx_word' id='word_1_536' title='bbox 1199 1740 1253 1774; x_wconf 84' lang='grc' dir='ltr'><strong>γὰρ</strong></span> <span class='ocrx_word' id='word_1_537' title='bbox 1265 1741 1294 1767; x_wconf 73' lang='grc' dir='ltr'>οὗ</span> <span class='ocrx_word' id='word_1_538' title='bbox 1313 1740 1404 1775; x_wconf 80' lang='grc' dir='ltr'>ῥᾴδιόν</span> <span class='ocrx_word' id='word_1_539' title='bbox 1419 1749 1481 1766; x_wconf 83' lang='grc' dir='ltr'>τινα</span> <span class='ocrx_word' id='word_1_540' title='bbox 1492 1740 1583 1772; x_wconf 79' lang='grc' dir='ltr'>πάσας</span> <span class='ocrx_word' id='word_1_541' title='bbox 1595 1740 1678 1774; x_wconf 83' lang='grc' dir='ltr'>ἄρδην</span> <span class='ocrx_word' id='word_1_542' title='bbox 1692 1741 1740 1767; x_wconf 69' lang='grc' dir='ltr'>τοῦ</span> <span class='ocrx_word' id='word_1_543' title='bbox 1758 1741 1849 1767; x_wconf 72' lang='grc' dir='ltr'>κοινοῦ</span> 
     </span>
    </p>
   </div>
   <div class='ocr_carea' id='block_1_73' title="bbox 1037 1786 1850 1821">
    <p class='ocr_par' dir='ltr' id='par_1_73' title="bbox 1037 1786 1850 1821">
     <span class='ocr_line' id='line_1_74' title="bbox 1037 1786 1850 1821; baseline 0.001 -10"><span class='ocrx_word' id='word_1_544' title='bbox 1037 1803 1039 1805; x_wconf 69' lang='grc' dir='ltr'><strong>ι</strong></span> <span class='ocrx_word' id='word_1_545' title='bbox 1060 1786 1193 1820; x_wconf 78' lang='grc' dir='ltr'>πολεμίου</span> <span class='ocrx_word' id='word_1_546' title='bbox 1223 1787 1273 1818; x_wconf 78' lang='grc' dir='ltr'>τὰς</span> <span class='ocrx_word' id='word_1_547' title='bbox 1292 1786 1382 1821; x_wconf 77' lang='grc' dir='ltr'>ἄρκυς</span> <span class='ocrx_word' id='word_1_548' title='bbox 1409 1786 1560 1820; x_wconf 85' lang='grc' dir='ltr'>διαφυγεῖν.</span> <span class='ocrx_word' id='word_1_549' title='bbox 1581 1787 1663 1818; x_wconf 84' lang='grc' dir='ltr'><strong>Ἴσως</strong></span> <span class='ocrx_word' id='word_1_550' title='bbox 1688 1787 1747 1820; x_wconf 79' lang='grc' dir='ltr'>γάρ</span> <span class='ocrx_word' id='word_1_551' title='bbox 1762 1796 1807 1817; x_wconf 78' lang='grc' dir='ltr'><strong>τις</strong></span> <span class='ocrx_word' id='word_1_552' title='bbox 1822 1788 1850 1812; x_wconf 67' lang='grc' dir='ltr'>τὸ</span> 
     </span>
    </p>
   </div>
   <div class='ocr_carea' id='block_1_74' title="bbox 1058 1830 1849 1867">
    <p class='ocr_par' dir='ltr' id='par_1_74' title="bbox 1058 1830 1849 1867">
     <span class='ocr_line' id='line_1_75' title="bbox 1058 1830 1849 1867; baseline 0.003 -11"><span class='ocrx_word' id='word_1_553' title='bbox 1058 1830 1109 1864; x_wconf 84' lang='grc' dir='ltr'>τῆς</span> <span class='ocrx_word' id='word_1_554' title='bbox 1120 1830 1266 1865; x_wconf 80' lang='grc' dir='ltr'>ἀσελγείας</span> <span class='ocrx_word' id='word_1_555' title='bbox 1286 1831 1373 1862; x_wconf 78' lang='grc' dir='ltr'>πάθος</span> <span class='ocrx_word' id='word_1_556' title='bbox 1403 1832 1613 1866; x_wconf 78' lang='grc' dir='ltr'><strong>ὑπερπηδήσας,</strong></span> <span class='ocrx_word' id='word_1_557' title='bbox 1638 1833 1672 1867; x_wconf 82' lang='grc' dir='ltr'>τῇ</span> <span class='ocrx_word' id='word_1_558' title='bbox 1705 1833 1849 1867; x_wconf 67' lang='grc' dir='ltr'>πλεονεξία</span> 
     </span>
    </p>
   </div>
   <div class='ocr_carea' id='block_1_75' title="bbox 1059 1875 1850 1912">
    <p class='ocr_par' dir='ltr' id='par_1_75' title="bbox 1059 1875 1850 1912">
     <span class='ocr_line' id='line_1_76' title="bbox 1059 1875 1850 1912; baseline 0.003 -11"><span class='ocrx_word' id='word_1_559' title='bbox 1059 1875 1140 1902; x_wconf 79' lang='grc' dir='ltr'>ἑάλω.</span> <span class='ocrx_word' id='word_1_560' title='bbox 1163 1877 1194 1902; x_wconf 87' lang='lat' dir='ltr'><strong>El</strong></span> <span class='ocrx_word' id='word_1_561' title='bbox 1209 1876 1237 1902; x_wconf 85' lang='grc' dir='ltr'><strong>δὲ</strong></span> <span class='ocrx_word' id='word_1_562' title='bbox 1251 1876 1297 1902; x_wconf 69' lang='lat' dir='ltr'><strong>mi</strong></span> <span class='ocrx_word' id='word_1_563' title='bbox 1309 1876 1412 1910; x_wconf 82' lang='grc' dir='ltr'><strong>ταύτης</strong></span> <span class='ocrx_word' id='word_1_564' title='bbox 1427 1877 1639 1912; x_wconf 82' lang='grc' dir='ltr'>ὑπερτερήσειε,</span> <span class='ocrx_word' id='word_1_565' title='bbox 1665 1877 1705 1910; x_wconf 85' lang='grc' dir='ltr'>τῷ</span> <span class='ocrx_word' id='word_1_566' title='bbox 1720 1878 1770 1903; x_wconf 83' lang='grc' dir='ltr'>τοῦ</span> <span class='ocrx_word' id='word_1_567' title='bbox 1788 1877 1850 1912; x_wconf 62' lang='lat'><strong>9&amp;6-</strong></span> 
     </span>
    </p>
   </div>
   <div class='ocr_carea' id='block_1_76' title="bbox 1061 1921 1849 1958">
    <p class='ocr_par' dir='ltr' id='par_1_76' title="bbox 1061 1921 1849 1958">
     <span class='ocr_line' id='line_1_77' title="bbox 1061 1921 1849 1958; baseline 0.003 -10"><span class='ocrx_word' id='word_1_568' title='bbox 1061 1931 1106 1948; x_wconf 86' lang='lat' dir='ltr'><strong>vou</strong></span> <span class='ocrx_word' id='word_1_569' title='bbox 1122 1921 1156 1948; x_wconf 80' lang='grc' dir='ltr'>ἂν</span> <span class='ocrx_word' id='word_1_570' title='bbox 1168 1922 1266 1957; x_wconf 70' lang='grc' dir='ltr'>ὀλίπθῳ</span> <span class='ocrx_word' id='word_1_571' title='bbox 1283 1923 1462 1958; x_wconf 77' lang='grc' dir='ltr'>περιπαρείη,</span> <span class='ocrx_word' id='word_1_572' title='bbox 1487 1924 1518 1950; x_wconf 81' lang='lat' dir='ltr'><strong>El</strong></span> <span class='ocrx_word' id='word_1_573' title='bbox 1534 1924 1563 1950; x_wconf 67' lang='lat' dir='ltr'><strong>os</strong></span> <span class='ocrx_word' id='word_1_574' title='bbox 1584 1923 1631 1949; x_wconf 75' lang='grc' dir='ltr'><strong>καὶ</strong></span> <span class='ocrx_word' id='word_1_575' title='bbox 1645 1923 1743 1951; x_wconf 83' lang='grc' dir='ltr'>τοῦτον</span> <span class='ocrx_word' id='word_1_576' title='bbox 1763 1925 1849 1958; x_wconf 76' lang='grc' dir='ltr'>πατή-</span> 
     </span>
    </p>
   </div>
   <div class='ocr_carea' id='block_1_77' title="bbox 1062 1968 1850 2004">
    <p class='ocr_par' dir='ltr' id='par_1_77' title="bbox 1062 1968 1850 2004">
     <span class='ocr_line' id='line_1_78' title="bbox 1062 1968 1850 2004; baseline -0.001 -10"><span class='ocrx_word' id='word_1_577' title='bbox 1062 1976 1115 1999; x_wconf 78' lang='grc' dir='ltr'>σοι,</span> <span class='ocrx_word' id='word_1_578' title='bbox 1131 1969 1181 1994; x_wconf 85' lang='grc' dir='ltr'>οὐκ</span> <span class='ocrx_word' id='word_1_579' title='bbox 1195 1968 1227 1995; x_wconf 85' lang='grc' dir='ltr'>ἂν</span> <span class='ocrx_word' id='word_1_580' title='bbox 1242 1969 1314 2003; x_wconf 81' lang='grc' dir='ltr'>τάχα</span> <span class='ocrx_word' id='word_1_581' title='bbox 1328 1970 1376 1996; x_wconf 84' lang='grc' dir='ltr'><strong>καὶ</strong></span> <span class='ocrx_word' id='word_1_582' title='bbox 1389 1968 1477 2004; x_wconf 82' lang='grc' dir='ltr'>θυμοῦ</span> <span class='ocrx_word' id='word_1_583' title='bbox 1492 1969 1627 2002; x_wconf 80' lang='grc' dir='ltr'>κρείττων</span> <span class='ocrx_word' id='word_1_584' title='bbox 1642 1969 1763 2002; x_wconf 77' lang='grc' dir='ltr'>γένοιτο.</span> <span class='ocrx_word' id='word_1_585' title='bbox 1786 1971 1850 1996; x_wconf 71' lang='grc' dir='ltr'>Πολ-</span> 
     </span>
    </p>
   </div>
   <div class='ocr_carea' id='block_1_78' title="bbox 1059 2014 1850 2049">
    <p class='ocr_par' dir='ltr' id='par_1_78' title="bbox 1059 2014 1850 2049">
     <span class='ocr_line' id='line_1_79' title="bbox 1059 2014 1850 2049; baseline 0 -9"><span class='ocrx_word' id='word_1_586' title='bbox 1059 2014 1107 2045; x_wconf 75' lang='grc' dir='ltr'><strong>λὰς</strong></span> <span class='ocrx_word' id='word_1_587' title='bbox 1121 2015 1168 2041; x_wconf 74' lang='grc' dir='ltr'><strong>καὶ</strong></span> <span class='ocrx_word' id='word_1_588' title='bbox 1183 2014 1237 2049; x_wconf 82' lang='grc' dir='ltr'>γὰρ</span> <span class='ocrx_word' id='word_1_589' title='bbox 1253 2015 1267 2040; x_wconf 77' lang='grc'>6</span> <span class='ocrx_word' id='word_1_590' title='bbox 1281 2015 1454 2049; x_wconf 80' lang='grc' dir='ltr'>παλαμναῖος</span> <span class='ocrx_word' id='word_1_591' title='bbox 1476 2015 1603 2047; x_wconf 84' lang='grc' dir='ltr'>πολέμιος</span> <span class='ocrx_word' id='word_1_592' title='bbox 1628 2015 1667 2049; x_wconf 80' lang='grc' dir='ltr'>τῷ</span> <span class='ocrx_word' id='word_1_593' title='bbox 1682 2015 1850 2049; x_wconf 75' lang='grc' dir='ltr'>ἀνθρωπίνῳ</span> 
     </span>
    </p>
   </div>
   <div class='ocr_carea' id='block_1_79' title="bbox 1061 2059 1849 2094">
    <p class='ocr_par' dir='ltr' id='par_1_79' title="bbox 1061 2059 1849 2094">
     <span class='ocr_line' id='line_1_80' title="bbox 1061 2059 1849 2094; baseline -0.001 -9"><span class='ocrx_word' id='word_1_594' title='bbox 1061 2059 1135 2093; x_wconf 82' lang='grc' dir='ltr'>γένει</span> <span class='ocrx_word' id='word_1_595' title='bbox 1147 2059 1239 2094; x_wconf 88' lang='grc' dir='ltr'>τίθησι</span> <span class='ocrx_word' id='word_1_596' title='bbox 1260 2059 1332 2093; x_wconf 85' lang='grc' dir='ltr'>μάλα</span> <span class='ocrx_word' id='word_1_597' title='bbox 1357 2060 1407 2090; x_wconf 85' lang='grc' dir='ltr'><strong>τὰς</strong></span> <span class='ocrx_word' id='word_1_598' title='bbox 1424 2059 1621 2094; x_wconf 75' lang='grc' dir='ltr'>ποδοστράϐας,</span> <span class='ocrx_word' id='word_1_599' title='bbox 1646 2060 1701 2094; x_wconf 82' lang='grc' dir='ltr'>ὅτῳ</span> <span class='ocrx_word' id='word_1_600' title='bbox 1735 2059 1768 2094; x_wconf 66' lang='grc' dir='ltr'><strong>δὴ</strong></span> <span class='ocrx_word' id='word_1_601' title='bbox 1788 2068 1849 2086; x_wconf 81' lang='grc' dir='ltr'>ποτε</span> 
     </span>
    </p>
   </div>
   <div class='ocr_carea' id='block_1_80' title="bbox 1060 2106 1849 2141">
    <p class='ocr_par' dir='ltr' id='par_1_80' title="bbox 1060 2106 1849 2141">
     <span class='ocr_line' id='line_1_81' title="bbox 1060 2106 1849 2141; baseline -0.001 -9"><span class='ocrx_word' id='word_1_602' title='bbox 1060 2106 1115 2132; x_wconf 88' lang='grc' dir='ltr'>τῶν</span> <span class='ocrx_word' id='word_1_603' title='bbox 1147 2106 1241 2133; x_wconf 82' lang='grc' dir='ltr'>παθῶν</span> <span class='ocrx_word' id='word_1_604' title='bbox 1271 2107 1388 2133; x_wconf 75' lang='grc' dir='ltr'>ἕκαστον</span> <span class='ocrx_word' id='word_1_605' title='bbox 1409 2106 1544 2141; x_wconf 80' lang='grc' dir='ltr'>ἀγρεῦσαι</span> <span class='ocrx_word' id='word_1_606' title='bbox 1568 2106 1768 2141; x_wconf 66' lang='grc' dir='ltr'>τεχνώμενος·</span> <span class='ocrx_word' id='word_1_607' title='bbox 1805 2107 1849 2132; x_wconf 68' lang='grc' dir='ltr'><strong>καὶ</strong></span> 
     </span>
    </p>
   </div>
   <div class='ocr_carea' id='block_1_81' title="bbox 1063 2147 1848 2185">
    <p class='ocr_par' dir='ltr' id='par_1_81' title="bbox 1063 2147 1848 2185">
     <span class='ocr_line' id='line_1_82' title="bbox 1063 2147 1848 2185; baseline -0.003 -9"><span class='ocrx_word' id='word_1_608' title='bbox 1063 2150 1163 2184; x_wconf 82' lang='grc' dir='ltr'>μᾶλλον</span> <span class='ocrx_word' id='word_1_609' title='bbox 1178 2148 1200 2183; x_wconf 80' lang='grc' dir='ltr'>ᾧ</span> <span class='ocrx_word' id='word_1_610' title='bbox 1216 2151 1247 2177; x_wconf 84' lang='grc' dir='ltr'>ὲκ</span> <span class='ocrx_word' id='word_1_611' title='bbox 1261 2151 1369 2184; x_wconf 84' lang='grc' dir='ltr'>φύσεως</span> <span class='ocrx_word' id='word_1_612' title='bbox 1384 2150 1524 2185; x_wconf 79' lang='grc' dir='ltr'>ἁλώσιμον</span> <span class='ocrx_word' id='word_1_613' title='bbox 1540 2147 1613 2176; x_wconf 75' lang='grc' dir='ltr'>εἴναι</span> <span class='ocrx_word' id='word_1_614' title='bbox 1634 2150 1848 2181; x_wconf 56' lang='lat' dir='ltr'><strong>(im/tondeat“,</strong></span> 
     </span>
    </p>
   </div>
   <div class='ocr_carea' id='block_1_82' title="bbox 1061 2195 1850 2231">
    <p class='ocr_par' dir='ltr' id='par_1_82' title="bbox 1061 2195 1850 2231">
     <span class='ocr_line' id='line_1_83' title="bbox 1061 2195 1850 2231; baseline -0.001 -9"><span class='ocrx_word' id='word_1_615' title='bbox 1061 2196 1218 2231; x_wconf 67' lang='grc' dir='ltr'>ἀποχρῆται</span> <span class='ocrx_word' id='word_1_616' title='bbox 1230 2198 1285 2227; x_wconf 82' lang='grc' dir='ltr'>τοῖς</span> <span class='ocrx_word' id='word_1_617' title='bbox 1299 2196 1344 2222; x_wconf 82' lang='grc' dir='ltr'>τοῦ</span> <span class='ocrx_word' id='word_1_618' title='bbox 1362 2195 1488 2231; x_wconf 84' lang='grc' dir='ltr'>σώματος</span> <span class='ocrx_word' id='word_1_619' title='bbox 1501 2196 1601 2222; x_wconf 81' lang='grc' dir='ltr'>πάθεσι</span> <span class='ocrx_word' id='word_1_620' title='bbox 1612 2196 1661 2226; x_wconf 83' lang='grc' dir='ltr'>τὰς</span> <span class='ocrx_word' id='word_1_621' title='bbox 1676 2196 1749 2222; x_wconf 75' lang='grc' dir='ltr'>κατὰ</span> <span class='ocrx_word' id='word_1_622' title='bbox 1762 2196 1850 2230; x_wconf 70' lang='grc' dir='ltr'>ψυχὴν</span> 
     </span>
    </p>
   </div>
   <div class='ocr_carea' id='block_1_83' title="bbox 201 2237 1003 2286">
    <p class='ocr_par' dir='ltr' id='par_1_83' title="bbox 201 2242 1003 2279">
     <span class='ocr_line' id='line_1_84' title="bbox 201 2242 1003 2279; baseline -0.002 -9"><span class='ocrx_word' id='word_1_623' title='bbox 201 2277 204 2279; x_wconf 96' lang='lat'><em>_</em></span> <span class='ocrx_word' id='word_1_624' title='bbox 226 2244 348 2275; x_wconf 84' lang='lat' dir='ltr'><strong>molitur,</strong></span> <span class='ocrx_word' id='word_1_625' title='bbox 363 2248 393 2270; x_wconf 89' lang='lat' dir='ltr'><strong>ut</strong></span> <span class='ocrx_word' id='word_1_626' title='bbox 405 2243 530 2278; x_wconf 81' lang='lat' dir='ltr'><strong>corporis</strong></span> <span class='ocrx_word' id='word_1_627' title='bbox 555 2243 781 2277; x_wconf 86' lang='lat' dir='ltr'><strong>perpessionibus</strong></span> <span class='ocrx_word' id='word_1_628' title='bbox 797 2242 831 2269; x_wconf 86' lang='lat' dir='ltr'><strong>ad</strong></span> <span class='ocrx_word' id='word_1_629' title='bbox 853 2242 1003 2269; x_wconf 88' lang='lat' dir='ltr'><strong>animarum</strong></span> 
     </span>
    </p>
   </div>
   <div class='ocr_carea' id='block_1_84' title="bbox 1061 2237 1850 2286">
    <p class='ocr_par' dir='ltr' id='par_1_84' title="bbox 1063 2241 1850 2277">
     <span class='ocr_line' id='line_1_85' title="bbox 1063 2241 1850 2277; baseline -0.003 -9"><span class='ocrx_word' id='word_1_630' title='bbox 1063 2243 1150 2277; x_wconf 79' lang='grc' dir='ltr'>ῥοπὰς</span> <span class='ocrx_word' id='word_1_631' title='bbox 1167 2242 1377 2276; x_wconf 78' lang='grc' dir='ltr'>μηχανώμενος.</span> <span class='ocrx_word' id='word_1_632' title='bbox 1399 2242 1428 2267; x_wconf 88' lang='lat'><strong>&#39;0</strong></span> <span class='ocrx_word' id='word_1_633' title='bbox 1455 2241 1483 2268; x_wconf 87' lang='grc' dir='ltr'><strong>δέ</strong></span> <span class='ocrx_word' id='word_1_634' title='bbox 1495 2250 1527 2275; x_wconf 89' lang='grc' dir='ltr'><strong>γε</strong></span> <span class='ocrx_word' id='word_1_635' title='bbox 1550 2241 1624 2274; x_wconf 80' lang='grc' dir='ltr'>νοῦς,</span> <span class='ocrx_word' id='word_1_636' title='bbox 1638 2241 1721 2275; x_wconf 70' lang='grc' dir='ltr'>ειπερ</span> <span class='ocrx_word' id='word_1_637' title='bbox 1735 2243 1850 2277; x_wconf 76' lang='grc' dir='ltr'>ἐγρηγό-</span> 
     </span>
    </p>
   </div>
   <div class='ocr_carea' id='block_1_85' title="bbox 201 2287 1009 2328">
    <p class='ocr_par' dir='ltr' id='par_1_85' title="bbox 201 2287 1009 2328">
     <span class='ocr_line' id='line_1_86' title="bbox 201 2287 1009 2328; baseline -0.005 -10"><span class='ocrx_word' id='word_1_638' title='bbox 224 2294 362 2318; x_wconf 87' lang='lat' dir='ltr'><strong>tnomenta</strong></span> <span class='ocrx_word' id='word_1_639' title='bbox 376 2290 517 2317; x_wconf 87' lang='lat' dir='ltr'><strong>abutatur.</strong></span> <span class='ocrx_word' id='word_1_640' title='bbox 533 2289 609 2317; x_wconf 86' lang='lat' dir='ltr'><strong>Mens</strong></span> <span class='ocrx_word' id='word_1_641' title='bbox 627 2293 718 2315; x_wconf 85' lang='lat' dir='ltr'><strong>autem</strong></span> <span class='ocrx_word' id='word_1_642' title='bbox 732 2288 853 2316; x_wconf 91' lang='lat' dir='ltr'><strong>hominis</strong></span> <span class='ocrx_word' id='word_1_643' title='bbox 871 2288 894 2315; x_wconf 88' lang='lat' dir='ltr'><strong>si</strong></span> <span class='ocrx_word' id='word_1_644' title='bbox 913 2287 1009 2315; x_wconf 86' lang='lat' dir='ltr'><strong>scdulo</strong></span> 
     </span>
    </p>
   </div>
   <div class='ocr_carea' id='block_1_86' title="bbox 200 2334 1012 2372">
    <p class='ocr_par' dir='ltr' id='par_1_86' title="bbox 200 2334 1012 2372">
     <span class='ocr_line' id='line_1_87' title="bbox 200 2334 1012 2372; baseline -0.005 -8"><span class='ocrx_word' id='word_1_645' title='bbox 200 2334 204 2359; x_wconf 69' lang='grc'><strong>›¹</strong></span> <span class='ocrx_word' id='word_1_646' title='bbox 223 2336 353 2367; x_wconf 71' lang='lat' dir='ltr'><strong>excubet.</strong></span> <span class='ocrx_word' id='word_1_647' title='bbox 368 2336 462 2364; x_wconf 87' lang='lat' dir='ltr'><strong>divino</strong></span> <span class='ocrx_word' id='word_1_648' title='bbox 478 2335 626 2372; x_wconf 81' lang='lat' dir='ltr'><strong>adjuvante</strong></span> <span class='ocrx_word' id='word_1_649' title='bbox 647 2335 771 2366; x_wconf 91' lang='lat' dir='ltr'><strong>numine,</strong></span> <span class='ocrx_word' id='word_1_650' title='bbox 784 2334 883 2361; x_wconf 81' lang='lat' dir='ltr'><strong>victrix</strong></span> <span class='ocrx_word' id='word_1_651' title='bbox 898 2334 965 2365; x_wconf 87' lang='lat' dir='ltr'><strong>abit,</strong></span> <span class='ocrx_word' id='word_1_652' title='bbox 983 2337 1012 2360; x_wconf 87' lang='lat' dir='ltr'><strong>et</strong></span> 
     </span>
    </p>
   </div>
   <div class='ocr_carea' id='block_1_87' title="bbox 225 2377 1010 2416">
    <p class='ocr_par' dir='ltr' id='par_1_87' title="bbox 225 2377 1010 2416">
     <span class='ocr_line' id='line_1_88' title="bbox 225 2377 1010 2416; baseline -0.005 -7"><span class='ocrx_word' id='word_1_653' title='bbox 225 2382 368 2410; x_wconf 84' lang='lat' dir='ltr'><strong>machinas</strong></span> <span class='ocrx_word' id='word_1_654' title='bbox 385 2382 551 2416; x_wconf 79' lang='lat' dir='ltr'><strong>fraudesque</strong></span> <span class='ocrx_word' id='word_1_655' title='bbox 565 2382 640 2408; x_wconf 85' lang='lat' dir='ltr'><strong>illius</strong></span> <span class='ocrx_word' id='word_1_656' title='bbox 655 2380 758 2407; x_wconf 81' lang='lat' dir='ltr'><strong>evadit.</strong></span> <span class='ocrx_word' id='word_1_657' title='bbox 776 2380 814 2406; x_wconf 86' lang='lat' dir='ltr'><strong>De</strong></span> <span class='ocrx_word' id='word_1_658' title='bbox 824 2377 948 2406; x_wconf 89' lang='lat' dir='ltr'><strong>humana</strong></span> <span class='ocrx_word' id='word_1_659' title='bbox 961 2387 1010 2405; x_wconf 87' lang='lat' dir='ltr'><strong>na-</strong></span> 
     </span>
    </p>
   </div>
   <div class='ocr_carea' id='block_1_88' title="bbox 223 2425 1010 2462">
    <p class='ocr_par' dir='ltr' id='par_1_88' title="bbox 223 2425 1010 2462">
     <span class='ocr_line' id='line_1_89' title="bbox 223 2425 1010 2462; baseline -0.004 -7"><span class='ocrx_word' id='word_1_660' title='bbox 223 2436 285 2456; x_wconf 75' lang='lat' dir='ltr'><strong>tura</strong></span> <span class='ocrx_word' id='word_1_661' title='bbox 300 2436 363 2455; x_wconf 90' lang='lat' dir='ltr'><strong>cum</strong></span> <span class='ocrx_word' id='word_1_662' title='bbox 391 2434 495 2462; x_wconf 78' lang='lat' dir='ltr'><strong>partem</strong></span> <span class='ocrx_word' id='word_1_663' title='bbox 511 2435 622 2462; x_wconf 89' lang='lat' dir='ltr'><strong>quoque</strong></span> <span class='ocrx_word' id='word_1_664' title='bbox 652 2434 729 2453; x_wconf 88' lang='lat' dir='ltr'><strong>suam</strong></span> <span class='ocrx_word' id='word_1_665' title='bbox 761 2425 941 2453; x_wconf 88' lang='lat' dir='ltr'><strong>admirandus</strong></span> <span class='ocrx_word' id='word_1_666' title='bbox 959 2425 1010 2452; x_wconf 90' lang='lat' dir='ltr'><strong>iste</strong></span> 
     </span>
    </p>
   </div>
   <div class='ocr_carea' id='block_1_89' title="bbox 222 2471 1010 2508">
    <p class='ocr_par' dir='ltr' id='par_1_89' title="bbox 222 2471 1010 2508">
     <span class='ocr_line' id='line_1_90' title="bbox 222 2471 1010 2508; baseline -0.005 -8"><span class='ocrx_word' id='word_1_667' title='bbox 222 2473 376 2508; x_wconf 78' lang='lat' dir='ltr'><strong>imperator</strong></span> <span class='ocrx_word' id='word_1_668' title='bbox 392 2473 556 2508; x_wconf 83' lang='lat' dir='ltr'><strong>accepisset,</strong></span> <span class='ocrx_word' id='word_1_669' title='bbox 566 2472 726 2499; x_wconf 69' lang='lat' dir='ltr'><strong>aﬂecliones</strong></span> <span class='ocrx_word' id='word_1_670' title='bbox 737 2479 847 2505; x_wconf 78' lang='lat' dir='ltr'><strong>quoque</strong></span> <span class='ocrx_word' id='word_1_671' title='bbox 859 2471 920 2505; x_wconf 82' lang='lat' dir='ltr'><strong>ejus</strong></span> <span class='ocrx_word' id='word_1_672' title='bbox 934 2478 1010 2497; x_wconf 91' lang='lat' dir='ltr'><strong>com-</strong></span> 
     </span>
    </p>
   </div>
   <div class='ocr_carea' id='block_1_90' title="bbox 224 2515 1010 2553">
    <p class='ocr_par' dir='ltr' id='par_1_90' title="bbox 224 2515 1010 2553">
     <span class='ocr_line' id='line_1_91' title="bbox 224 2515 1010 2553; baseline -0.006 -6"><span class='ocrx_word' id='word_1_673' title='bbox 224 2527 322 2547; x_wconf 86' lang='lat' dir='ltr'><strong>munes</strong></span> <span class='ocrx_word' id='word_1_674' title='bbox 337 2520 442 2547; x_wconf 81' lang='lat' dir='ltr'><strong>habuit.</strong></span> <span class='ocrx_word' id='word_1_675' title='bbox 458 2520 505 2546; x_wconf 73' lang='lat' dir='ltr'><strong>Ine</strong></span> <span class='ocrx_word' id='word_1_676' title='bbox 525 2519 686 2553; x_wconf 68' lang='lat' dir='ltr'><strong>enimjusta:</strong></span> <span class='ocrx_word' id='word_1_677' title='bbox 703 2525 757 2544; x_wconf 85' lang='lat' dir='ltr'><strong>non</strong></span> <span class='ocrx_word' id='word_1_678' title='bbox 769 2517 938 2548; x_wconf 82' lang='lat' dir='ltr'><strong>moderatus,</strong></span> <span class='ocrx_word' id='word_1_679' title='bbox 953 2515 1010 2543; x_wconf 85' lang='lat' dir='ltr'><strong>olli-</strong></span> 
     </span>
    </p>
   </div>
   <div class='ocr_carea' id='block_1_91' title="bbox 225 2562 1032 2598">
    <p class='ocr_par' dir='ltr' id='par_1_91' title="bbox 225 2562 1032 2598">
     <span class='ocr_line' id='line_1_92' title="bbox 225 2562 1032 2598; baseline -0.002 -8"><span class='ocrx_word' id='word_1_680' title='bbox 225 2565 268 2590; x_wconf 82' lang='lat' dir='ltr'><strong>cio</strong></span> <span class='ocrx_word' id='word_1_681' title='bbox 281 2568 362 2598; x_wconf 87' lang='lat' dir='ltr'><strong>atque</strong></span> <span class='ocrx_word' id='word_1_682' title='bbox 373 2564 477 2592; x_wconf 88' lang='lat' dir='ltr'><strong>decoro</strong></span> <span class='ocrx_word' id='word_1_683' title='bbox 488 2564 599 2595; x_wconf 81' lang='lat' dir='ltr'><strong>excidit,</strong></span> <span class='ocrx_word' id='word_1_684' title='bbox 613 2568 640 2590; x_wconf 90' lang='lat' dir='ltr'><strong>ct</strong></span> <span class='ocrx_word' id='word_1_685' title='bbox 653 2563 760 2590; x_wconf 77' lang='lat' dir='ltr'><strong>facinus</strong></span> <span class='ocrx_word' id='word_1_686' title='bbox 769 2562 881 2590; x_wconf 87' lang='lat' dir='ltr'><strong>crudele</strong></span> <span class='ocrx_word' id='word_1_687' title='bbox 895 2566 923 2589; x_wconf 89' lang='lat' dir='ltr'><strong>et</strong></span> <span class='ocrx_word' id='word_1_688' title='bbox 932 2562 1012 2588; x_wconf 90' lang='lat' dir='ltr'><strong>inhn-</strong></span> <span class='ocrx_word' id='word_1_689' title='bbox 1029 2570 1032 2571; x_wconf 64' lang='lat'><strong><em>&#39;</em></strong></span> 
     </span>
    </p>
   </div>
   <div class='ocr_carea' id='block_1_92' title="bbox 225 2610 1012 2644">
    <p class='ocr_par' dir='ltr' id='par_1_92' title="bbox 225 2610 1012 2644">
     <span class='ocr_line' id='line_1_93' title="bbox 225 2610 1012 2644; baseline -0.003 -8"><span class='ocrx_word' id='word_1_690' title='bbox 225 2618 337 2636; x_wconf 83' lang='lat' dir='ltr'><strong>manuni</strong></span> <span class='ocrx_word' id='word_1_691' title='bbox 352 2611 500 2638; x_wconf 84' lang='lat' dir='ltr'><strong>commisit.</strong></span> <span class='ocrx_word' id='word_1_692' title='bbox 512 2610 590 2643; x_wconf 80' lang='lat' dir='ltr'><strong>Quod</strong></span> <span class='ocrx_word' id='word_1_693' title='bbox 608 2617 672 2637; x_wconf 84' lang='lat' dir='ltr'><strong>sane</strong></span> <span class='ocrx_word' id='word_1_694' title='bbox 681 2614 710 2636; x_wconf 85' lang='lat' dir='ltr'><strong>et</strong></span> <span class='ocrx_word' id='word_1_695' title='bbox 720 2610 809 2644; x_wconf 89' lang='lat' dir='ltr'><strong>ipsum</strong></span> <span class='ocrx_word' id='word_1_696' title='bbox 824 2617 872 2642; x_wconf 88' lang='lat' dir='ltr'><strong>pro</strong></span> <span class='ocrx_word' id='word_1_697' title='bbox 884 2616 918 2636; x_wconf 87' lang='lat' dir='ltr'><strong>eo</strong></span> <span class='ocrx_word' id='word_1_698' title='bbox 930 2613 1012 2642; x_wconf 89' lang='lat' dir='ltr'><strong>atque</strong></span> 
     </span>
    </p>
   </div>
   <div class='ocr_carea' id='block_1_93' title="bbox 225 2655 1011 2690">
    <p class='ocr_par' dir='ltr' id='par_1_93' title="bbox 225 2655 1011 2690">
     <span class='ocr_line' id='line_1_94' title="bbox 225 2655 1011 2690; baseline 0 -10"><span class='ocrx_word' id='word_1_699' title='bbox 225 2659 334 2689; x_wconf 87' lang='lat' dir='ltr'><strong>potero,</strong></span> <span class='ocrx_word' id='word_1_700' title='bbox 347 2656 477 2688; x_wconf 79' lang='lat' dir='ltr'><strong>referam,</strong></span> <span class='ocrx_word' id='word_1_701' title='bbox 496 2663 551 2683; x_wconf 91' lang='lat' dir='ltr'><strong>non</strong></span> <span class='ocrx_word' id='word_1_702' title='bbox 570 2660 676 2682; x_wconf 87' lang='lat' dir='ltr'><strong>tantum</strong></span> <span class='ocrx_word' id='word_1_703' title='bbox 692 2655 763 2690; x_wconf 87' lang='lat' dir='ltr'><strong>quod</strong></span> <span class='ocrx_word' id='word_1_704' title='bbox 779 2656 875 2682; x_wconf 88' lang='lat' dir='ltr'><strong>lectori</strong></span> <span class='ocrx_word' id='word_1_705' title='bbox 900 2655 925 2681; x_wconf 88' lang='lat' dir='ltr'><strong>id</strong></span> <span class='ocrx_word' id='word_1_706' title='bbox 941 2655 1011 2682; x_wconf 87' lang='lat' dir='ltr'><strong>scire</strong></span> 
     </span>
    </p>
   </div>
   <div class='ocr_carea' id='block_1_94' title="bbox 226 2699 1009 2734">
    <p class='ocr_par' dir='ltr' id='par_1_94' title="bbox 226 2699 1009 2734">
     <span class='ocr_line' id='line_1_95' title="bbox 226 2699 1009 2734; baseline -0.003 -7"><span class='ocrx_word' id='word_1_707' title='bbox 226 2699 400 2729; x_wconf 87' lang='lat' dir='ltr'><strong>conducibile</strong></span> <span class='ocrx_word' id='word_1_708' title='bbox 415 2701 462 2734; x_wconf 84' lang='lat' dir='ltr'><strong>sit,</strong></span> <span class='ocrx_word' id='word_1_709' title='bbox 474 2709 569 2729; x_wconf 90' lang='lat' dir='ltr'><strong>verum</strong></span> <span class='ocrx_word' id='word_1_710' title='bbox 582 2702 662 2728; x_wconf 88' lang='lat' dir='ltr'><strong>etiam</strong></span> <span class='ocrx_word' id='word_1_711' title='bbox 678 2701 705 2728; x_wconf 90' lang='lat' dir='ltr'><strong>in</strong></span> <span class='ocrx_word' id='word_1_712' title='bbox 722 2701 817 2728; x_wconf 82' lang='lat' dir='ltr'><strong>eodem</strong></span> <span class='ocrx_word' id='word_1_713' title='bbox 838 2701 912 2727; x_wconf 86' lang='lat' dir='ltr'><strong>facto</strong></span> <span class='ocrx_word' id='word_1_714' title='bbox 928 2699 1009 2726; x_wconf 86' lang='lat' dir='ltr'><strong>simul</strong></span> 
     </span>
    </p>
   </div>
   <div class='ocr_carea' id='block_1_95' title="bbox 225 2746 1008 2781">
    <p class='ocr_par' dir='ltr' id='par_1_95' title="bbox 225 2746 1008 2781">
     <span class='ocr_line' id='line_1_96' title="bbox 225 2746 1008 2781; baseline -0.001 -8"><span class='ocrx_word' id='word_1_715' title='bbox 225 2750 254 2773; x_wconf 91' lang='lat' dir='ltr'><strong>et</strong></span> <span class='ocrx_word' id='word_1_716' title='bbox 269 2746 372 2773; x_wconf 84' lang='lat' dir='ltr'><strong>crimen</strong></span> <span class='ocrx_word' id='word_1_717' title='bbox 388 2751 416 2774; x_wconf 89' lang='lat' dir='ltr'><strong>et</strong></span> <span class='ocrx_word' id='word_1_718' title='bbox 427 2747 536 2775; x_wconf 81' lang='lat' dir='ltr'><strong>laudem</strong></span> <span class='ocrx_word' id='word_1_719' title='bbox 552 2747 652 2775; x_wconf 86' lang='lat' dir='ltr'><strong>habeat</strong></span> <span class='ocrx_word' id='word_1_720' title='bbox 668 2747 800 2781; x_wconf 88' lang='lat' dir='ltr'><strong>principis</strong></span> <span class='ocrx_word' id='word_1_721' title='bbox 816 2747 894 2778; x_wconf 88' lang='lat' dir='ltr'><strong>tanti,</strong></span> <span class='ocrx_word' id='word_1_722' title='bbox 905 2746 931 2773; x_wconf 90' lang='lat' dir='ltr'><strong>id</strong></span> <span class='ocrx_word' id='word_1_723' title='bbox 944 2746 1008 2780; x_wconf 86' lang='lat' dir='ltr'><strong>quid</strong></span> 
     </span>
    </p>
   </div>
   <div class='ocr_carea' id='block_1_96' title="bbox 225 2792 1010 2826">
    <p class='ocr_par' dir='ltr' id='par_1_96' title="bbox 225 2792 1010 2826">
     <span class='ocr_line' id='line_1_97' title="bbox 225 2792 1010 2826; baseline -0.001 -8"><span class='ocrx_word' id='word_1_724' title='bbox 225 2793 273 2825; x_wconf 76' lang='lat' dir='ltr'><strong>sit,</strong></span> <span class='ocrx_word' id='word_1_725' title='bbox 289 2792 388 2820; x_wconf 87' lang='lat' dir='ltr'><strong>dicam.</strong></span> <span class='ocrx_word' id='word_1_726' title='bbox 405 2792 476 2820; x_wconf 87' lang='lat' dir='ltr'><strong>Urbs</strong></span> <span class='ocrx_word' id='word_1_727' title='bbox 491 2793 756 2826; x_wconf 87' lang='lat' dir='ltr'><strong>Thessalonicensis,</strong></span> <span class='ocrx_word' id='word_1_728' title='bbox 774 2793 884 2820; x_wconf 68' lang='lat' dir='ltr'><strong>Aelli!le</strong></span> <span class='ocrx_word' id='word_1_729' title='bbox 894 2795 1010 2821; x_wconf 76' lang='lat' dir='ltr'><strong>cunctae,</strong></span> 
     </span>
    </p>
   </div>
   <div class='ocr_carea' id='block_1_97' title="bbox 227 2836 1011 2874">
    <p class='ocr_par' dir='ltr' id='par_1_97' title="bbox 227 2836 1011 2874">
     <span class='ocr_line' id='line_1_98' title="bbox 227 2836 1011 2874; baseline -0.004 -8"><span class='ocrx_word' id='word_1_730' title='bbox 227 2843 255 2866; x_wconf 78' lang='lat' dir='ltr'><strong>et</strong></span> <span class='ocrx_word' id='word_1_731' title='bbox 269 2837 428 2871; x_wconf 70' lang='lat' dir='ltr'><strong>Thcssalize,</strong></span> <span class='ocrx_word' id='word_1_732' title='bbox 440 2838 547 2874; x_wconf 88' lang='lat' dir='ltr'><strong>lllyrico</strong></span> <span class='ocrx_word' id='word_1_733' title='bbox 562 2842 610 2867; x_wconf 87' lang='lat' dir='ltr'><strong>toti</strong></span> <span class='ocrx_word' id='word_1_734' title='bbox 629 2846 748 2873; x_wconf 81' lang='lat' dir='ltr'><strong>quoque,</strong></span> <span class='ocrx_word' id='word_1_735' title='bbox 769 2843 795 2865; x_wconf 91' lang='lat' dir='ltr'><strong>et</strong></span> <span class='ocrx_word' id='word_1_736' title='bbox 809 2838 869 2866; x_wconf 83' lang='lat' dir='ltr'><strong>aliis</strong></span> <span class='ocrx_word' id='word_1_737' title='bbox 887 2836 1011 2864; x_wconf 79' lang='lat' dir='ltr'><strong>Maccdo-</strong></span> 
     </span>
    </p>
   </div>
   <div class='ocr_carea' id='block_1_98' title="bbox 1064 2286 1849 2324">
    <p class='ocr_par' dir='ltr' id='par_1_98' title="bbox 1064 2286 1849 2324">
     <span class='ocr_line' id='line_1_99' title="bbox 1064 2286 1849 2324; baseline -0.004 -10"><span class='ocrx_word' id='word_1_738' title='bbox 1064 2297 1118 2324; x_wconf 85' lang='grc' dir='ltr'><strong>ρως</strong></span> <span class='ocrx_word' id='word_1_739' title='bbox 1135 2288 1202 2322; x_wconf 72' lang='grc' dir='ltr'>ἔχοι,</span> <span class='ocrx_word' id='word_1_740' title='bbox 1216 2287 1268 2321; x_wconf 80' lang='grc' dir='ltr'><strong>τῆς</strong></span> <span class='ocrx_word' id='word_1_741' title='bbox 1279 2287 1352 2318; x_wconf 84' lang='grc' dir='ltr'>θείας</span> <span class='ocrx_word' id='word_1_742' title='bbox 1371 2287 1530 2322; x_wconf 78' lang='grc' dir='ltr'>ἀρηγούσης</span> <span class='ocrx_word' id='word_1_743' title='bbox 1560 2286 1648 2321; x_wconf 82' lang='grc' dir='ltr'><strong>ῥοπῆς</strong></span> <span class='ocrx_word' id='word_1_744' title='bbox 1664 2288 1849 2320; x_wconf 80' lang='grc' dir='ltr'>περιγίνεται,</span> 
     </span>
    </p>
   </div>
   <div class='ocr_carea' id='block_1_99' title="bbox 1062 2332 1882 2368">
    <p class='ocr_par' dir='ltr' id='par_1_99' title="bbox 1062 2332 1882 2368">
     <span class='ocr_line' id='line_1_100' title="bbox 1062 2332 1882 2368; baseline -0.002 -8"><span class='ocrx_word' id='word_1_745' title='bbox 1062 2335 1117 2360; x_wconf 81' lang='grc' dir='ltr'>τῶν</span> <span class='ocrx_word' id='word_1_746' title='bbox 1129 2333 1232 2360; x_wconf 73' lang='grc' dir='ltr'>ἐκείνου</span> <span class='ocrx_word' id='word_1_747' title='bbox 1252 2334 1460 2368; x_wconf 79' lang='grc' dir='ltr'><strong>μηχανημάτων</strong></span> <span class='ocrx_word' id='word_1_748' title='bbox 1486 2333 1722 2367; x_wconf 79' lang='grc' dir='ltr'>ὑπεριπτάμενος.</span> <span class='ocrx_word' id='word_1_749' title='bbox 1742 2332 1851 2362; x_wconf 74' lang='grc' dir='ltr'>Φύσεως</span> <span class='ocrx_word' id='word_1_750' title='bbox 1872 2355 1882 2364; x_wconf 72' lang='lat'><strong>,</strong></span> 
     </span>
    </p>
   </div>
   <div class='ocr_carea' id='block_1_100' title="bbox 1062 2378 1851 2414">
    <p class='ocr_par' dir='ltr' id='par_1_100' title="bbox 1062 2378 1851 2414">
     <span class='ocr_line' id='line_1_101' title="bbox 1062 2378 1851 2414; baseline -0.004 -7"><span class='ocrx_word' id='word_1_751' title='bbox 1062 2380 1108 2407; x_wconf 79' lang='grc' dir='ltr'>οὖν</span> <span class='ocrx_word' id='word_1_752' title='bbox 1122 2380 1297 2414; x_wconf 77' lang='grc' dir='ltr'>ἀνθρωπίνης</span> <span class='ocrx_word' id='word_1_753' title='bbox 1325 2380 1371 2405; x_wconf 77' lang='grc' dir='ltr'>καὶ</span> <span class='ocrx_word' id='word_1_754' title='bbox 1386 2379 1401 2404; x_wconf 83' lang='grc' dir='ltr'><strong>ό</strong></span> <span class='ocrx_word' id='word_1_755' title='bbox 1426 2379 1578 2413; x_wconf 71' lang='grc' dir='ltr'>θαυμάσιος</span> <span class='ocrx_word' id='word_1_756' title='bbox 1597 2379 1691 2404; x_wconf 75' lang='grc' dir='ltr'>οὑτοσὶ</span> <span class='ocrx_word' id='word_1_757' title='bbox 1724 2378 1851 2413; x_wconf 77' lang='grc' dir='ltr'>βασιλεὺς</span> 
     </span>
    </p>
   </div>
   <div class='ocr_carea' id='block_1_101' title="bbox 1065 2424 1851 2461">
    <p class='ocr_par' dir='ltr' id='par_1_101' title="bbox 1065 2424 1851 2461">
     <span class='ocr_line' id='line_1_102' title="bbox 1065 2424 1851 2461; baseline -0.004 -9"><span class='ocrx_word' id='word_1_758' title='bbox 1065 2424 1219 2461; x_wconf 83' lang='grc' dir='ltr'>μετασχὼν,</span> <span class='ocrx_word' id='word_1_759' title='bbox 1236 2427 1283 2451; x_wconf 79' lang='grc' dir='ltr'>καὶ</span> <span class='ocrx_word' id='word_1_760' title='bbox 1297 2426 1352 2451; x_wconf 81' lang='grc' dir='ltr'>τῶν</span> <span class='ocrx_word' id='word_1_761' title='bbox 1368 2424 1469 2457; x_wconf 67' lang='grc' dir='ltr'>ταύτης</span> <span class='ocrx_word' id='word_1_762' title='bbox 1484 2424 1651 2457; x_wconf 80' lang='grc' dir='ltr'>ἐκοινώνησε</span> <span class='ocrx_word' id='word_1_763' title='bbox 1669 2424 1851 2459; x_wconf 70' lang='grc' dir='ltr'>παθημάτων.</span> 
     </span>
    </p>
   </div>
   <div class='ocr_carea' id='block_1_102' title="bbox 1071 2467 1851 2505">
    <p class='ocr_par' dir='ltr' id='par_1_102' title="bbox 1071 2467 1851 2505">
     <span class='ocr_line' id='line_1_103' title="bbox 1071 2467 1851 2505; baseline -0.003 -9"><span class='ocrx_word' id='word_1_764' title='bbox 1071 2471 1115 2496; x_wconf 65' lang='grc' dir='ltr'><strong>Ὶιίν</strong></span> <span class='ocrx_word' id='word_1_765' title='bbox 1125 2469 1203 2505; x_wconf 85' lang='grc' dir='ltr'>θυμῷ</span> <span class='ocrx_word' id='word_1_766' title='bbox 1218 2469 1266 2496; x_wconf 85' lang='grc' dir='ltr'>καὶ</span> <span class='ocrx_word' id='word_1_767' title='bbox 1283 2469 1336 2504; x_wconf 84' lang='grc' dir='ltr'><strong>γὰρ</strong></span> <span class='ocrx_word' id='word_1_768' title='bbox 1351 2469 1448 2504; x_wconf 77' lang='grc' dir='ltr'>δικαίῳ</span> <span class='ocrx_word' id='word_1_769' title='bbox 1466 2469 1500 2503; x_wconf 78' lang='grc' dir='ltr'>τῇ</span> <span class='ocrx_word' id='word_1_770' title='bbox 1519 2467 1639 2502; x_wconf 63' lang='grc' dir='ltr'>ἀμετρίᾳ</span> <span class='ocrx_word' id='word_1_771' title='bbox 1664 2470 1851 2503; x_wconf 71' lang='grc' dir='ltr'>χρησάμενοξ,</span> 
     </span>
    </p>
   </div>
   <div class='ocr_carea' id='block_1_103' title="bbox 1065 2514 1852 2551">
    <p class='ocr_par' dir='ltr' id='par_1_103' title="bbox 1065 2514 1852 2551">
     <span class='ocr_line' id='line_1_104' title="bbox 1065 2514 1852 2551; baseline -0.004 -9"><span class='ocrx_word' id='word_1_772' title='bbox 1065 2517 1161 2551; x_wconf 73' lang='grc' dir='ltr'>ἐξέστη</span> <span class='ocrx_word' id='word_1_773' title='bbox 1179 2516 1227 2550; x_wconf 82' lang='grc' dir='ltr'>μὲν</span> <span class='ocrx_word' id='word_1_774' title='bbox 1241 2515 1288 2541; x_wconf 84' lang='grc' dir='ltr'>τοῦ</span> <span class='ocrx_word' id='word_1_775' title='bbox 1302 2515 1417 2546; x_wconf 77' lang='grc' dir='ltr'>εἰκότος,</span> <span class='ocrx_word' id='word_1_776' title='bbox 1432 2515 1508 2549; x_wconf 66' lang='grc' dir='ltr'>ὠμὸν</span> <span class='ocrx_word' id='word_1_777' title='bbox 1519 2514 1548 2540; x_wconf 85' lang='grc' dir='ltr'><strong>δέ</strong></span> <span class='ocrx_word' id='word_1_778' title='bbox 1560 2523 1585 2540; x_wconf 75' lang='grc' dir='ltr'><strong>τι</strong></span> <span class='ocrx_word' id='word_1_779' title='bbox 1600 2514 1648 2540; x_wconf 78' lang='grc' dir='ltr'><strong>καὶ</strong></span> <span class='ocrx_word' id='word_1_780' title='bbox 1665 2515 1852 2549; x_wconf 73' lang='grc' dir='ltr'>ἀπάνθρωπον</span> 
     </span>
    </p>
   </div>
   <div class='ocr_carea' id='block_1_104' title="bbox 1064 2561 1851 2597">
    <p class='ocr_par' dir='ltr' id='par_1_104' title="bbox 1064 2561 1851 2597">
     <span class='ocr_line' id='line_1_105' title="bbox 1064 2561 1851 2597; baseline -0.003 -8"><span class='ocrx_word' id='word_1_781' title='bbox 1064 2562 1231 2597; x_wconf 72' lang='grc' dir='ltr'>διεπράξατο</span> <span class='ocrx_word' id='word_1_782' title='bbox 1246 2562 1328 2597; x_wconf 71' lang='grc' dir='ltr'>ἔργον</span> <span class='ocrx_word' id='word_1_783' title='bbox 1340 2570 1347 2577; x_wconf 84' lang='grc'><em>’</em></span> <span class='ocrx_word' id='word_1_784' title='bbox 1362 2561 1376 2587; x_wconf 81' lang='grc' dir='ltr'>ὅ</span> <span class='ocrx_word' id='word_1_785' title='bbox 1390 2562 1422 2597; x_wconf 84' lang='grc' dir='ltr'><strong>δὴ</strong></span> <span class='ocrx_word' id='word_1_786' title='bbox 1436 2562 1483 2588; x_wconf 75' lang='grc' dir='ltr'>καὶ</span> <span class='ocrx_word' id='word_1_787' title='bbox 1501 2561 1576 2588; x_wconf 75' lang='grc' dir='ltr'>τοῦθ’</span> <span class='ocrx_word' id='word_1_788' title='bbox 1591 2561 1629 2592; x_wconf 78' lang='grc' dir='ltr'><strong>ὡς</strong></span> <span class='ocrx_word' id='word_1_789' title='bbox 1648 2562 1708 2588; x_wconf 70' lang='grc' dir='ltr'>ἐνὸν</span> <span class='ocrx_word' id='word_1_790' title='bbox 1724 2562 1851 2597; x_wconf 81' lang='grc' dir='ltr'>διηγήσο-</span> 
     </span>
    </p>
   </div>
   <div class='ocr_carea' id='block_1_105' title="bbox 1066 2607 1849 2642">
    <p class='ocr_par' dir='ltr' id='par_1_105' title="bbox 1066 2607 1849 2642">
     <span class='ocr_line' id='line_1_106' title="bbox 1066 2607 1849 2642; baseline -0.003 -8"><span class='ocrx_word' id='word_1_791' title='bbox 1066 2617 1126 2642; x_wconf 78' lang='grc' dir='ltr'>μαι,</span> <span class='ocrx_word' id='word_1_792' title='bbox 1140 2609 1170 2634; x_wconf 84' lang='grc' dir='ltr'>οὐ</span> <span class='ocrx_word' id='word_1_793' title='bbox 1186 2608 1266 2642; x_wconf 86' lang='grc' dir='ltr'>μόνον</span> <span class='ocrx_word' id='word_1_794' title='bbox 1297 2608 1338 2633; x_wconf 82' lang='grc' dir='ltr'>ὅτι</span> <span class='ocrx_word' id='word_1_795' title='bbox 1355 2607 1531 2641; x_wconf 79' lang='grc' dir='ltr'>λυσιτελήσει</span> <span class='ocrx_word' id='word_1_796' title='bbox 1555 2608 1611 2638; x_wconf 83' lang='grc' dir='ltr'>τοῖς</span> <span class='ocrx_word' id='word_1_797' title='bbox 1626 2608 1849 2641; x_wconf 72' lang='grc' dir='ltr'>ἐντυγχάνουσιν,</span> 
     </span>
    </p>
   </div>
   <div class='ocr_carea' id='block_1_106' title="bbox 1064 2651 1850 2685">
    <p class='ocr_par' dir='ltr' id='par_1_106' title="bbox 1064 2651 1850 2685">
     <span class='ocr_line' id='line_1_107' title="bbox 1064 2651 1850 2685; baseline 0 -8"><span class='ocrx_word' id='word_1_798' title='bbox 1064 2652 1122 2678; x_wconf 82' lang='grc' dir='ltr'>ἀλλ’</span> <span class='ocrx_word' id='word_1_799' title='bbox 1136 2652 1233 2685; x_wconf 77' lang='grc' dir='ltr'>ὅτιπερ</span> <span class='ocrx_word' id='word_1_800' title='bbox 1246 2653 1275 2677; x_wconf 82' lang='grc' dir='ltr'>ἐν</span> <span class='ocrx_word' id='word_1_801' title='bbox 1286 2651 1376 2685; x_wconf 78' lang='grc' dir='ltr'>ταυτῷ</span> <span class='ocrx_word' id='word_1_802' title='bbox 1387 2651 1557 2685; x_wconf 79' lang='grc' dir='ltr'>κατηγορίαν</span> <span class='ocrx_word' id='word_1_803' title='bbox 1574 2660 1604 2677; x_wconf 80' lang='grc' dir='ltr'><strong>τε</strong></span> <span class='ocrx_word' id='word_1_804' title='bbox 1621 2651 1689 2685; x_wconf 83' lang='grc' dir='ltr'>ὁμοῦ</span> <span class='ocrx_word' id='word_1_805' title='bbox 1704 2652 1753 2678; x_wconf 73' lang='grc' dir='ltr'><strong>καὶ</strong></span> <span class='ocrx_word' id='word_1_806' title='bbox 1767 2653 1850 2685; x_wconf 65' lang='grc' dir='ltr'>εὐφη-</span> 
     </span>
    </p>
   </div>
   <div class='ocr_carea' id='block_1_107' title="bbox 1068 2696 1849 2732">
    <p class='ocr_par' dir='ltr' id='par_1_107' title="bbox 1068 2696 1849 2732">
     <span class='ocr_line' id='line_1_108' title="bbox 1068 2696 1849 2732; baseline 0 -10"><span class='ocrx_word' id='word_1_807' title='bbox 1068 2699 1131 2732; x_wconf 79' lang='grc' dir='ltr'>μίαν</span> <span class='ocrx_word' id='word_1_808' title='bbox 1156 2698 1212 2732; x_wconf 78' lang='grc' dir='ltr'>ἔχει</span> <span class='ocrx_word' id='word_1_809' title='bbox 1241 2696 1288 2723; x_wconf 81' lang='grc' dir='ltr'>τοῦ</span> <span class='ocrx_word' id='word_1_810' title='bbox 1311 2697 1469 2731; x_wconf 82' lang='grc' dir='ltr'>θαυμαστοῦ</span> <span class='ocrx_word' id='word_1_811' title='bbox 1504 2697 1655 2731; x_wconf 79' lang='grc' dir='ltr'>βασιλέως·</span> <span class='ocrx_word' id='word_1_812' title='bbox 1682 2696 1727 2728; x_wconf 80' lang='grc' dir='ltr'><strong>τίς</strong></span> <span class='ocrx_word' id='word_1_813' title='bbox 1743 2697 1772 2723; x_wconf 79' lang='grc' dir='ltr'><strong>δέ</strong></span> <span class='ocrx_word' id='word_1_814' title='bbox 1786 2698 1849 2729; x_wconf 75' lang='grc' dir='ltr'>ἐστι,</span> 
     </span>
    </p>
   </div>
   <div class='ocr_carea' id='block_1_108' title="bbox 1065 2743 1848 2778">
    <p class='ocr_par' dir='ltr' id='par_1_108' title="bbox 1065 2743 1848 2778">
     <span class='ocr_line' id='line_1_109' title="bbox 1065 2743 1848 2778; baseline -0.003 -8"><span class='ocrx_word' id='word_1_815' title='bbox 1065 2745 1151 2776; x_wconf 74' lang='grc' dir='ltr'>λέξων</span> <span class='ocrx_word' id='word_1_816' title='bbox 1164 2744 1292 2778; x_wconf 75' lang='grc' dir='ltr'>ἔρχομαι.</span> <span class='ocrx_word' id='word_1_817' title='bbox 1306 2743 1482 2777; x_wconf 81' lang='grc' dir='ltr'>Προκὰθηται</span> <span class='ocrx_word' id='word_1_818' title='bbox 1505 2743 1556 2777; x_wconf 81' lang='grc' dir='ltr'>μὲν</span> <span class='ocrx_word' id='word_1_819' title='bbox 1573 2744 1589 2776; x_wconf 85' lang='grc' dir='ltr'><strong>ὴ</strong></span> <span class='ocrx_word' id='word_1_820' title='bbox 1614 2743 1759 2769; x_wconf 76' lang='grc' dir='ltr'>Θετταλῶν</span> <span class='ocrx_word' id='word_1_821' title='bbox 1775 2744 1848 2773; x_wconf 77' lang='grc' dir='ltr'>πόλις</span> 
     </span>
    </p>
   </div>
   <div class='ocr_carea' id='block_1_109' title="bbox 1073 2789 1848 2826">
    <p class='ocr_par' dir='ltr' id='par_1_109' title="bbox 1073 2789 1848 2826">
     <span class='ocr_line' id='line_1_110' title="bbox 1073 2789 1848 2826; baseline -0.004 -8"><span class='ocrx_word' id='word_1_822' title='bbox 1073 2791 1186 2826; x_wconf 72' lang='grc' dir='ltr'>Ἀχαΐας</span> <span class='ocrx_word' id='word_1_823' title='bbox 1207 2791 1298 2823; x_wconf 81' lang='grc' dir='ltr'>πάσης</span> <span class='ocrx_word' id='word_1_824' title='bbox 1318 2791 1366 2815; x_wconf 70' lang='grc' dir='ltr'><strong>καὶ</strong></span> <span class='ocrx_word' id='word_1_825' title='bbox 1385 2789 1547 2821; x_wconf 75' lang='grc' dir='ltr'>Θεσσαλίας,</span> <span class='ocrx_word' id='word_1_826' title='bbox 1574 2789 1686 2823; x_wconf 73' lang='grc' dir='ltr'>καὶτῆς</span> <span class='ocrx_word' id='word_1_827' title='bbox 1705 2789 1848 2824; x_wconf 82' lang='grc' dir='ltr'>Ἰλλυρίδος</span> 
     </span>
    </p>
   </div>
   <div class='ocr_carea' id='block_1_110' title="bbox 1067 2834 1847 2870">
    <p class='ocr_par' dir='ltr' id='par_1_110' title="bbox 1067 2834 1847 2870">
     <span class='ocr_line' id='line_1_111' title="bbox 1067 2834 1847 2870; baseline -0.004 -7"><span class='ocrx_word' id='word_1_828' title='bbox 1067 2839 1158 2870; x_wconf 66' lang='grc' dir='ltr'>πάσης</span> <span class='ocrx_word' id='word_1_829' title='bbox 1177 2837 1272 2870; x_wconf 69' lang='grc' dir='ltr'>αὐτῆς,</span> <span class='ocrx_word' id='word_1_830' title='bbox 1289 2836 1334 2862; x_wconf 71' lang='grc' dir='ltr'><strong>καὶ</strong></span> <span class='ocrx_word' id='word_1_831' title='bbox 1351 2835 1439 2862; x_wconf 55' lang='grc' dir='ltr'>ἄλλων</span> <span class='ocrx_word' id='word_1_832' title='bbox 1457 2835 1540 2862; x_wconf 75' lang='grc' dir='ltr'>ἐθνῶν</span> <span class='ocrx_word' id='word_1_833' title='bbox 1556 2835 1604 2860; x_wconf 75' lang='grc' dir='ltr'><strong>ὅσα</strong></span> <span class='ocrx_word' id='word_1_834' title='bbox 1621 2834 1653 2867; x_wconf 74' lang='grc' dir='ltr'>δὴ</span> <span class='ocrx_word' id='word_1_835' title='bbox 1679 2835 1847 2865; x_wconf 78' lang='grc' dir='ltr'>Μακεδονίας</span> 
     </span>
    </p>
   </div>
  </div>
