1906 3043
63 144 114 175 889

513 150 809 183 ECCLESIAS’l'lCJﬂ
828 154 1018 184 llib‘TtluL‘li
1038 157 1107 186 LIB.
1131 156 1198 188 ΧΗ.

1635 157 1688 189 89)

63 202 139 233 ἐντός
151 211 157 217 -
173 203 284 238 μεγάλη
297 204 324 230 δὲ
344 205 403 231 λίαν
423 207 438 240 ἡ
461 207 536 238 πόλις
560 209 608 234 καὶ
624 209 847 244 πολυάνθρωπος.

911 212 951 239 tim
967 213 1075 247 populis
1107 218 1215 248 prazest,
1249 214 1345 247 ingens
1369 219 1397 241 et
1414 215 1566 249 populosa:
1591 215 1618 242 in
1636 217 1685 243 hac

68 247 112 273 Ἐν
123 247 156 282 δὴ
167 248 257 284 ταύτῃ
270 251 363 282 στάσις
392 252 509 288 μεγίστη
524 254 643 286 ἐγένετο,
654 255 742 281 αἰτίαν
753 256 852 290 σχοῦσα

61 289 179 321 τοιάνδε.
221 297 348 332 Ἡνίοχος
371 299 536 334 Βουθερίχου
562 300 591 332 ὃς
622 301 776 335 τηνικαῦτα
799 304 853 329 τῶν

62 341 129 376 παρ’
151 342 296 377 Ἰλλυριοῖς
322 346 416 380 ἠγεῖτο
445 347 633 380 στρατιωτῶν,
664 349 710 374 τὸν
734 350 852 383 οἰνοχόον

62 387 188 421 αἰσχρῶς
216 389 290 420 ἰδὼν,
321 391 460 425 ἐπείρασε.
490 393 638 426 Συσχεθεὶς
665 394 692 420 δὲ
705 394 749 420 διὰ
762 395 851 425 τοῦτο,

63 433 115 459 ὑπὸ
134 437 263 469 φρουρὰν
286 437 404 470 ἐγένετο.
430 438 509 465 Ἐπεὶ
531 439 554 465 δ’
569 440 705 474 ἐπίσημος
721 441 852 475 ἱπποδρο-

64 479 111 513 μία
127 480 268 508 τελεῖσθαι
283 482 352 509 κατὰ
367 483 414 518 τὴν
428 484 507 510 πόλιν
519 484 643 518 ἔμελλεν,
658 487 672 511 ὁ
697 486 784 521 δῆμος
797 487 854 513 ὲλι-

63 526 146 561 πάρει
177 527 346 564 συγγνώμης
378 531 423 557 τὸν
453 531 562 566 ἡνίοχον
592 532 735 563 ἀξιοῦσθαι
759 533 853 565 δεξιῶς

63 573 160 606 ἔχοντα
179 574 250 608 πρὸς
262 575 290 600 τὸ
301 575 393 610 ἔργον,
413 577 458 602 καὶ
474 577 604 611 ἀφίεσθαι
619 578 658 611 τῷ
679 578 778 609 ἀγῶνι.
809 579 852 610 Ὠς

61 619 88 644 δὲ
106 621 196 647 πολλά
210 622 352 657 δεηθέντες
373 624 449 650 οὐδὲν
464 625 557 659 ἤνυον,
577 627 617 657 εἰς
647 626 781 661 μεγίστην
798 627 854 652 ἐκι-

62 666 156 692 νοῦντο
176 668 291 694 στάσιν·
309 670 355 695 καὶ
371 671 589 705 χαλεπήναντες,
615 672 731 703 πολλούς
755 681 785 698 τε
799 674 852 699 τῶν

64 709 217 741 βασιλικῶν
231 712 335 738 ἀνεῖλον
350 713 498 748 ἀρχόντων,
517 715 564 740 καὶ
581 715 744 751 Βουθερίχον
758 717 851 742 αὐτόν.

65 756 185 787 Ἄλλους
201 758 230 783 ἑὲ
251 758 337 789 λίθοις
363 759 532 793 κατέχωσαν,
558 760 655 786 ἔπειτα
671 762 718 787 καὶ
735 762 852 796 δημοσίᾳ

63 803 232 837 κατὲτυρον.
257 803 334 831 Ἐπεὶ
363 806 427 839 γοῦν
444 807 514 840 ἔγνω
528 807 614 833 ταῦτα
631 809 644 833 ὁ
661 808 799 842 βασιλεὺς,
814 809 854 839 είς

63 849 186 884 ἄμετρον
209 850 318 884 ἀνήφθη
347 852 453 886 ὀργήν
473 854 519 879 καὶ
534 853 582 878 τοῦ
600 853 686 888 θυμοῦ
700 854 748 888 τὴν
765 854 854 888 ῥύμην

64 895 100 928 μὴ
114 895 251 928 ἐνεγκὼν,
268 896 375 930 παρῆκε
387 897 438 927 τὰς
448 897 528 930 ἡνίας
542 897 590 922 τοῦ
606 897 746 931 λογισμοῦ,
761 899 809 924 καὶ
819 900 852 933 τῇ

63 943 162 977 ἀλογίᾳ
184 943 236 977 τὴν
251 942 340 977 ψῆφον
356 943 525 977 ἐπήνεγκεν·
555 944 572 978 ἢ
589 944 620 978 δὴ
647 945 698 979 τῆς
721 945 855 979 τοσαύτης

63 989 156 1020 ἀδείας
182 990 390 1024 ὲπειλημμένη,
417 987 516 1023 οἷάπερ
536 990 686 1025 αὐτόνομος
712 991 854 1024 τύραννος,

64 1035 143 1061 ἄδικα
161 1036 230 1070 Εἱφη
247 1037 318 1062 κατὰ
343 1036 453 1062 πάντων
482 1036 646 1070 ἑγύμνωσε¹
672 1037 717 1062 καὶ
742 1037 855 1071 ἀπηνῶς

31 1104 34 1105 ν
64 1080 152 1112 οὕτως
167 1081 201 1107 οὺ
217 1081 281 1112 τοὺς
297 1080 476 1114 ὑπευθύνους,
505 1081 571 1107 ἀλλὰ
587 1082 634 1107 καὶ
661 1083 723 1111 τοὺς
750 1082 855 1112 ἀθώους

65 1128 241 1154 ἀποκτείνειν
257 1127 377 1153 ἐκέλευε.
393 1128 448 1153 Καὶ
463 1128 503 1158 είς
518 1127 600 1158 ἑπτὰ,
616 1127 653 1158 ὦς
673 1136 750 1160 φασι,
767 1127 856 1161 χιλιά-

65 1173 111 1203 δας
127 1172 285 1207 ἀνθρώπων
308 1174 322 1199 ό
340 1173 420 1207 φόνος
448 1172 616 1208 προύχώρει,
642 1173 748 1207 ἀμήτου
776 1173 855 1207 δίκην

68 1219 120 1244 τῶν
136 1219 351 1254 προστυχόντων
370 1218 562 1253 θεριζομένων,
588 1217 627 1252 μὴ
652 1217 769 1251 κρίσεως
786 1219 855 1251 μήτε

71 1265 123 1298 μὴν
134 1265 290 1296 ἐξετάσεως
316 1264 483 1299 ἡγουμένης.
501 1264 561 1290 Elui.
583 1263 611 1289 δὲ
639 1263 666 1289 οἵ
692 1271 757 1298 φασι
775 1262 856 1297 ῥητὸν

69 1308 223 1342 προστάξαι
235 1307 337 1342 πλῆθος
349 1308 396 1333 τὸν
413 1307 528 1341 βασιλέα
544 1306 732 1342 ἀναιρεθῆναι.
751 1305 857 1332 Ἐντεῦ-

69 1356 114 1380 θεν
126 1355 167 1386 δὲ,
184 1353 228 1380 οἵα
240 1354 325 1389 φιλεῖ,
338 1354 385 1381 καὶ
409 1354 493 1389 μηδὲν
521 1353 716 1388 προσηκόντων
737 1353 825 1386 φόνων
838 1352 856 1387 ἡ

70 1401 148 1433 πόλις
165 1401 343 1435 ἐπίμπλων
371 1400 400 1426 οὐ
419 1401 473 1435 γὰρ
487 1399 570 1433 μόνον
591 1399 615 1425 οί
634 1399 774 1433 ἐγχώριοι,
789 1398 857 1424 ἀλλὰ

68 1445 115 1470 καὶ
128 1444 203 1476 ξένοι
217 1444 288 1475 τινὲς
304 1443 558 1476 καταπλεύσαντες,
575 1443 640 1478 παρ’
653 1443 749 1469 ἐλπίδα
768 1444 856 1469 πᾶσαν

70 1491 206 1517 ἑάλωσαν.
223 1491 278 1516 Καὶ
291 1491 397 1525 θρήνων
410 1489 473 1522 ἀξια
489 1490 634 1523 ἐπεγένετο
656 1489 741 1523 πάθη,
758 1487 813 1515 οἷον
825 1489 856 1523 δὴ

874 292 882 299 _
904 259 1002 285 seditio
1021 260 1135 286 maxima
1148 264 1261 287 estorta
1279 260 1329 286 hac
1345 261 1379 287 de
1406 268 1498 288 causa.
1517 262 1544 287 lit
1562 262 1689 289 Butheri-

904 304 960 334 chi.
973 305 1018 339 qui
1037 309 1093 331 tttm
1117 305 1281 332 militaribus
1301 306 1327 332 in
1359 306 1466 342 lllyrico
1491 308 1577 341 copiis
1595 309 1690 341 pra-fe-

904 357 964 378 ctus
975 353 1072 383 fuerat,
1081 353 1238 387 pincernam
1249 354 1341 385 auriga
1351 355 1443 380 oculos
1455 354 1603 389 adiecerat.
1615 356 1689 389 ejus—

904 405 957 430 que
974 398 1134 431 pudicitiam
1160 404 1285 425 tentarat.
1305 398 1336 425 Et
1352 407 1382 425 ea
1400 399 1433 425 de
1457 408 1538 426 causa
1562 408 1689 434 compre—

904 443 1017 473 hensus,
1035 444 1061 470 in
1076 444 1200 471 custodia
1219 444 1404 471 detinebatur.
1422 445 1502 479 316
1515 445 1582 472 Cum
1598 452 1689 473 autent

906 489 1011 523 insigne
1038 490 1131 516 curule
1145 495 1283 516 certamen
1309 491 1335 516 in
1357 498 1387 516 ea
1404 491 1471 516 urbe
1502 492 1686 525 peragendum

904 539 987 564 esset.
1004 535 1167 568 supplicavit
1187 535 1275 568 plebs.
1307 541 1335 561 ut
1350 536 1460 569 aurigae.
1489 536 1534 569 qui
1554 536 1685 570 singulari

905 579 932 605 in
947 580 1098 606 certamine
1114 588 1147 607 eo
1162 585 1221 607 erat
1233 581 1378 612 industria,
1395 581 1485 607 delicti
1499 582 1584 615 gratia
1600 582 1687 612 ﬁeret.

904 630 933 651 et
950 625 973 651 is
985 625 1094 652 lttdiCro
1112 626 1136 652 ei
1153 626 1287 653 interesse
1303 632 1405 659 posset.
1420 626 1472 653 Ubi
1490 635 1555 653 vero
1568 633 1620 653 tam
1649 635 1692 654 se-

905 671 968 698 dula
980 671 1173 705 deprecatione
1187 672 1212 698 iul
1227 680 1279 697 non
1295 672 1487 704 impetrarunt,
1498 672 1529 698 ad
1541 673 1689 699 maximum

906 717 1011 743 incitati
1029 722 1092 744 sunt
1115 718 1273 743 tumultum.
1301 717 1353 743 Per
1379 718 1548 745 iracundiam
1571 726 1690 752 namque

905 763 1050 795 plerosque
1077 763 1252 797 imperatoris
1278 764 1418 798 principes
1442 765 1517 790 viros
1544 769 1572 790 et
1601 764 1689 797 ipsum

904 806 1098 833 Butherichum
1110 813 1252 835 necarunt.
1263 809 1336 835 Alios
1344 813 1434 834 autem
1446 808 1584 842 lapidibus
1592 808 1692 834 obruc-

906 855 980 882 runt,
1009 855 1036 877 et
1055 856 1147 885 postea
1165 853 1247 878 etiam
1276 860 1324 886 per
1338 852 1460 886 publicas
1476 852 1534 879 vias
1554 857 1691 886 raptantes

907 901 1058 923 traxerunt.
1072 896 1158 929 Quam
1175 897 1213 924 rei
1230 898 1419 931 indignitatem
1435 901 1578 931 postquam
1604 897 1692 931 impe-

907 944 981 965 rator
995 941 1140 972 intellexit,
1156 941 1267 968 immani
1287 942 1324 967 ira
1340 949 1474 968 accensus
1494 947 1535 968 est
1550 950 1557 968 :
1578 946 1605 968 et
1617 941 1693 968 luro-

908 987 945 1012 ris
959 986 1091 1019 impctum
1115 994 1169 1012 non
1183 987 1286 1017 ferens,
1299 986 1414 1013 rationis
1430 986 1554 1013 habenas
1578 986 1690 1020 abiecit,

907 1037 935 1058 et
960 1033 1112 1066 appetitum
1140 1033 1246 1060 calculo
1259 1040 1285 1059 et
1301 1033 1437 1059 sententia
1464 1041 1512 1059 sua
1528 1033 1692 1066 comproba-

908 1078 956 1104 vit.
969 1079 1019 1110 Qui
1032 1079 1142 1105 licentia
1158 1083 1231 1105 tanta
1247 1084 1364 1113 recepta.
1378 1079 1460 1106 veluti
1479 1084 1610 1113 tyrannus
1620 1077 1694 1104 arbi-

908 1124 960 1149 trio
984 1131 1035 1150 suo
1054 1123 1159 1158 legibus
1178 1124 1286 1150 solutus
1316 1124 1422 1153 vivens.
1451 1124 1560 1157 gladios
1583 1123 1693 1156 iniquos

907 1169 1041 1196 adversus
1051 1177 1148 1196 omnes
1163 1170 1285 1202 strinxit,
1305 1175 1333 1196 et
1343 1170 1495 1196 crudeliter
1517 1177 1572 1196 non
1600 1173 1693 1195 sontes

909 1218 1014 1241 tantum
1035 1215 1118 1248 ipsos.
1134 1223 1227 1242 verum
1253 1215 1378 1242 insontes
1398 1223 1507 1250 quoque
1523 1220 1550 1242 et
1567 1216 1693 1242 innoxios

908 1261 1000 1287 necari
1014 1261 1106 1295 jussit.
1125 1262 1164 1287 Ad
1179 1266 1284 1295 septem
1300 1261 1384 1287 millia
1398 1261 1541 1287 hominum
1554 1261 1642 1287 caedes
1661 1268 1693 1287 ea

910 1314 1053 1341 progressa
1071 1315 1132 1334 esse
1151 1307 1262 1339 dicitur,
1281 1315 1335 1334 non
1352 1315 1432 1334 secus
1449 1312 1532 1342 atque
1560 1307 1587 1333 in
1606 1314 1694 1333 messe

908 1353 1036 1387 quadam,
1052 1353 1126 1380 ferro
1141 1361 1209 1387 quos
1219 1361 1277 1380 sors
1290 1353 1433 1381 obtulisset
1448 1353 1543 1380 obvios
1552 1358 1692 1387 carpente,

909 1407 960 1426 nec
970 1400 1086 1434 judicio.
1100 1407 1150 1426 nec
1159 1400 1308 1434 quaestione
1323 1400 1424 1426 habita.
1441 1400 1512 1426 Sunt
1536 1400 1580 1434 qui
1599 1401 1695 1427 dicttnt

911 1445 1104 1478 imperatorem
1120 1450 1224 1472 certum
1240 1446 1381 1472 hominum
1405 1447 1451 1479 qui
1469 1445 1695 1472 interficerentur

910 1498 1056 1517 nutnerum
1071 1491 1210 1518 statuisse.
1240 1492 1360 1518 Proinde
1390 1492 1470 1518 sicuti
1497 1492 1556 1519 ﬁeri
1583 1492 1695 1521 assolet.

71 1539 114 1563 καὶ
134 1537 195 1563 τόδε
207 1545 214 1553 ³
236 1537 366 1572 Ἐμπόρῳ
380 1537 433 1562 τινὶ
458 1536 551 1567 παῖδες
567 1535 777 1570 συνελήφθησαν
793 1535 856 1561 δύο·

913 1536 1014 1563 factum
1035 1541 1065 1563 ut
1088 1537 1170 1563 etiam
1192 1545 1287 1564 eorum
1302 1538 1347 1572 qui
1362 1545 1376 1564 a
1391 1544 1473 1564 causa
1488 1542 1581 1565 essent
1602 1537 1694 1568 alieni,

71 1584 143 1618 ὑπὲρ
158 1579 196 1609 ὧν
211 1582 374 1617 παραδιδοὺς
391 1582 498 1613 ἑαυτὸν,
525 1581 647 1612 ἐκείνους
674 1581 757 1607 ἐδεῖτο
774 1582 857 1612 σώζε-

73 1630 135 1655 σθαι
148 1638 154 1644 ·
172 1629 270 1661 μισθὸν
281 1629 320 1660 δὲ,
347 1628 394 1654 καὶ
417 1629 478 1654 ὅσον
491 1625 525 1662 ἧν
546 1628 643 1661 ἐκείνῳ
663 1628 774 1662 χρυσίον
790 1635 858 1660 προ-

72 1677 163 1710 ίσχετο
179 1676 236 1704 τοῖς
255 1674 447 1708 στρατιώταις.
477 1674 508 1700 Οἱ
525 1673 547 1699 δ’
563 1673 743 1708 ἀπάνθρωποι
760 1673 857 1698 ἐκεῖνοι

71 1724 120 1757 τῆς
135 1722 281 1756 συμφορᾶς
297 1721 466 1755 ἐλεήσαντες,
482 1720 594 1754 θάτερον
608 1719 636 1745 ὃν
649 1719 681 1745 ἂν
694 1719 788 1753 ἕληται
804 1718 858 1744 τῶν

73 1768 154 1794 υἱέων
166 1767 242 1793 λύειν
259 1766 393 1798 ἐκέλευον,
405 1765 455 1799 τὴν
472 1765 578 1792 ἱκεσίαν
592 1765 742 1799 δεχόμενοι.
758 1764 858 1798 ’Ἄμφω

74 1816 127 1848 γὰρ
152 1814 273 1847 ἀφιέναι,
301 1813 351 1838 οὐκ
381 1811 521 1838 ἀκίνδυνον
549 1811 642 1844 σφίσιν
667 1811 798 1842 ἐτίθεντο,
821 1810 858 1842 ὡς

74 1860 179 1890 ἐνδεοῦς
193 1858 393 1893 καθισταμένου
405 1857 452 1884 τοῦ
466 1857 595 1892 ἀριθμοῦ.
609 1857 664 1890 Τῆς
677 1857 705 1884 δε
721 1857 859 1891 πατρικῆς

75 1906 183 1940 φύσεως
212 1905 258 1932 καὶ
287 1905 326 1936 είς
350 1904 522 1939 ἀμφοτέρους
549 1903 668 1938 ὁρώσης,
695 1902 796 1929 κλαίων
813 1904 860 1930 καὶ

74 1953 251 1988 ὀδυρόμενος,
266 1951 320 1977 οὐδ’
336 1951 431 1984 ἐτέρου
448 1949 584 1984 διέκρινεν
601 1949 718 1984 αἰρεσιν.
745 1948 822 1974 Οὖτω
837 1948 859 1974 δ’

75 1998 104 2023 ὲν
118 1997 214 2031 ἀπόρῳ
229 1996 442 2029 καθεστηκότος.
458 1993 555 2028 ἐπίσης
570 1994 624 2028 γὰρ
638 1994 740 2027 ἀμφοῖν
751 1994 860 2020 ἐνικᾶτο

74 2043 113 2077 τῷ
128 2043 245 2078 φίλτρῳ,
262 2042 309 2067 καὶ
326 2041 410 2075 ἄμφω
420 2040 484 2070 τοὺς
501 2039 598 2070 παῖδας
619 2039 754 2070 ἀπώλεσε,
771 2039 860 2074 ξίφεσι

75 2090 129 2116 τῶν
150 2088 325 2123 στρατιωτῶν
341 2086 571 2121 διαχρησαμένων
584 2086 695 2117 αὐτούς.
720 2085 800 2112 Ἀλλὰ
813 2086 861 2112 καὶ

75 2135 183 2169 οἰκέτης
202 2133 319 2168 δεσπότῃ
331 2132 425 2167 ἀγαθῷ
438 2132 568 2167 τιμωρῶν
586 2132 713 2166 ἀγομένῳ
727 2131 797 2165 πρὸς
811 2132 860 2166 τὴν

77 2180 196 2215 σφαγὴν,
215 2178 312 2206 ἑαυτὸν
327 2179 366 2208 εὶς
379 2178 520 2211 ἀναίρεσιν
542 2176 692 2210 προθύμως
708 2176 804 2203 ἐδίδου.

909 1582 983 1609 ωειιο
995 1582 1092 1610 civitas
1104 1583 1139 1610 sit
1154 1584 1299 1617 completa.
1313 1583 1370 1610 Non
1384 1583 1458 1610 cives
1472 1584 1546 1610 enim
1561 1588 1588 1610 et
1599 1583 1696 1609 incol-re

910 1633 1028 1659 tantum,
1048 1628 1095 1656 sed
1113 1629 1234 1663 hospites
1248 1629 1341 1660 etiam,
1360 1630 1406 1663 qui
1427 1629 1544 1656 navibus
1555 1636 1588 1655 eo
1609 1636 1696 1662 appu-

910 1673 1012 1706 lerant,
1027 1679 1126 1708 praeter
1137 1675 1369 1709 exspectationem
1385 1682 1493 1701 omnem
1504 1674 1696 1708 comprehensi

910 1723 984 1746 sunt.
1000 1719 1033 1746 Et
1050 1720 1171 1754 profecto
1185 1721 1291 1754 ploratu
1304 1721 1384 1755 digna
1414 1720 1452 1747 ibi
1471 1720 1617 1747 commissa
1632 1725 1698 1746 sunt

911 1763 1042 1796 facinora,
1061 1766 1141 1799 quale
1155 1770 1236 1792 estet
1249 1761 1314 1792 illud
1332 1775 1339 1792 :
1372 1766 1533 1793 Mercatoris
1554 1766 1696 1801 cujusdam
1725 1772 1733 1779 θ

911 1810 958 1836 lilii
976 1810 1031 1837 duo
1047 1811 1207 1845 suntcapti.
1222 1811 1274 1837 Pro
1291 1812 1402 1845 quibus,
1427 1816 1457 1838 ut
1481 1812 1632 1838 incolumes
1659 1812 1698 1838 illi

911 1861 1087 1883 servarentur
1111 1862 1246 1891 precatus.
1266 1857 1386 1891 seipsum
1415 1859 1446 1883 ad
1465 1865 1560 1883 necent
1581 1858 1697 1884 obtulit:

911 1903 1085 1936 pretiumque
1104 1907 1235 1937 praeterea
1250 1906 1382 1936 qttantum
1403 1903 1461 1929 auri
1483 1903 1606 1934 haberet,
1624 1903 1698 1929 mili—

912 1948 986 1974 tibus
1001 1955 1030 1974 se
1044 1948 1171 1975 daturum
1186 1947 1323 1982 pollicitus
1342 1952 1392 1974 est.
1410 1947 1473 1974 Feri
1491 1956 1556 1974 vero
1572 1953 1599 1974 et
1615 1948 1696 1975 inhu-

912 1996 985 2022 mani
996 1995 1044 2028 illi,
1056 2002 1149 2022 casum
1164 1996 1214 2022 viri
1228 1995 1370 2026 miserati,
1387 1995 1502 2021 alterum
1518 2002 1599 2029 quem
1613 1995 1696 2022 velch

912 2047 945 2067 ex
958 2040 1030 2073 ﬁliis,
1049 2040 1178 2075 precibus
1193 2040 1244 2067 ltoc
1261 2041 1319 2076 ejus
1335 2040 1443 2071 dantes,
1458 2040 1595 2066 redimere
1612 2040 1700 2075 jusse-

912 2089 987 2113 runt.
1020 2085 1048 2113 Si
1063 2085 1136 2113 enim
1155 2089 1306 2120 utrumque
1337 2085 1519 2117 dimitterent,
1547 2085 1698 2119 periculmn

913 2132 965 2159 sibi
984 2132 1049 2166 ipsis
1066 2137 1208 2159 creaturos
1223 2139 1294 2164 esse,
1312 2140 1429 2159 nuntero
1441 2139 1572 2159 caesorum
1596 2128 1699 2166 aliquid

913 2178 1074 2210 decedente,
1090 2179 1233 2206 dixerunt.
1246 2178 1313 2206 Cum
1331 2186 1420 2206 autem
1434 2183 1547 2213 paterna
1564 2182 1659 2204 natura
1674 2183 1702 2204 et

77 2229 163 2262 pietas
189 2227 215 2253 in
245 2230 392 2258 utrumque
414 2228 589 2258 respectaret,
624 2224 693 2250 ﬂens
728 2223 773 2250 ille
791 2228 818 2251 et
836 2224 999 2258 lamentans,
1028 2233 1174 2260 quemnam
1208 2234 1242 2254 ex
1259 2231 1374 2261 utroque
1405 2231 1523 2261 optaret,
1555 2226 1702 2254 decernere

76 2283 130 2302 non
149 2273 248 2308 potuit.
266 2273 354 2305 Atque
375 2272 411 2298 ita
427 2271 511 2297 anitui
536 2270 679 2305 ambiguus
701 2270 856 2305 (utriusque
875 2272 948 2298 enim
982 2280 1015 2299 ex
1045 2280 1123 2307 aquo
1155 2280 1249 2300 amore
1277 2273 1448 2301 vincebatur)
1466 2277 1614 2307 utrumque
1642 2281 1702 2307 per-

77 2321 155 2351 didit,
175 2318 287 2346 militari
300 2318 371 2345 l'erro
385 2325 497 2344 casum.
515 2317 569 2344 Sed
585 2321 613 2344 et
638 2324 734 2344 servus
749 2317 859 2351 quidam
882 2318 947 2345 hero
958 2326 1018 2348 suo.
1031 2327 1086 2353 quo
1103 2319 1220 2355 benigno
1235 2328 1302 2347 usus
1315 2321 1413 2351 fuerat,
1425 2326 1486 2346 cum
1508 2320 1531 2346 is
1545 2320 1578 2346 ad
1599 2319 1699 2347 cmdem

78 2367 235 2396 duceretur.
252 2371 332 2399 opem
350 2363 451 2394 ferens.
469 2363 589 2398 scipsutn
617 2364 650 2391 ad
666 2371 759 2391 necent
776 2364 859 2391 alacri
879 2364 972 2391 animo
988 2365 1100 2393 obtulit.

362 2423 487 2449 ΚΕΦΑΛ.
510 2422 579 2450 MA'.

80 2473 148 2506 Περὶ
161 2471 218 2505 τῆς
232 2470 285 2497 τοῦ
294 2470 468 2506 ἐπισκόπου
486 2469 664 2506 Ἀμόροσίου
681 2471 860 2506 πσρῤησίας·

113 2505 153 2540 ὦς
168 2509 225 2533 οὐκ
247 2505 342 2537 ἀνῆκε
371 2505 519 2540 Θεοδοσίῳ
534 2505 590 2540 τὴια
604 2507 644 2537 εἰς
669 2505 705 2531 τὰ
718 2505 782 2532 θεῖα
793 2507 865 2532 ἀνά-

115 2539 205 2575 κτορα
228 2540 350 2575 είσοδρν
362 2549 369 2555 ·
390 2539 439 2566 καὶ
455 2540 520 2572 περὶ
539 2539 593 2575 τοῦ
608 2540 702 2573 νόμου
717 2539 753 2566 ὃν
770 2541 864 2570 ἔθετο.

115 2573 172 2604 καί
185 2576 260 2609 περὶ
290 2573 349 2601 τῶν
376 2574 479 2601 ἄλλων
503 2574 596 2601 αὑτοῦ
613 2575 818 2608 παραινέσεών
833 2584 865 2602 τε

115 2612 163 2639 καὶ
172 2611 279 2645 ἔργων.

115 2668 171 2703 Τὴν
183 2667 250 2701 γοῦν
267 2665 413 2701 συμφορὰν
427 2665 531 2700 ταύτην
559 2665 723 2700 Ἀμϐρόσιος
753 2667 767 2692 ὁ
795 2665 865 2698 θεῖος

87 2713 187 2749 μαθὼν,
203 2713 264 2740 imi
282 2713 351 2747 μετὰ
364 2714 414 2747 τὴν
429 2712 562 2746 Εὑγενίου
576 2712 655 2746 νίκην
672 2709 739 2747 ἧκεν
754 2713 792 2743 εί;
809 2713 866 2739 Με-

118 2796 155 2830 (ι)
172 2795 201 2822 lu
211 2793 462 2830 NiceplinriGrzeco
473 2792 618 2830 exemplari
631 2791 750 2830 ΔΕιιςριιίῑ
765 2799 864 2830 nomen

86 2827 203 2865 positum
225 2834 290 2856 est:
314 2828 361 2855 sed
385 2833 436 2860 ego
454 2834 502 2865 pro
516 2834 548 2865 eo
562 2827 714 2865 Maximum
745 2827 866 2865 reposui,

89 2861 194 2902 propter
231 2868 444 2898 consequentia,
479 2863 523 2890 ubi
552 2863 654 2890 dicitur
681 2861 865 2889 Theodosium

1159 2425 1239 2459 317
1255 2423 1367 2452 CAPUT
1387 2423 1454 2450 xu.

918 2467 956 2494 De
972 2468 1084 2502 episcopi
1097 2469 1227 2496 Δηιόνοδῆ
1240 2469 1344 2496 dicendi
1356 2474 1380 2495 et
1393 2467 1521 2502 arguendi
1534 2467 1662 2498 libertate,
1674 2474 1701 2494 ut

953 2503 1123 2530 Theodosium
1136 2504 1169 2530 ub
1179 2505 1298 2539 ingressu
1316 2503 1407 2538 templi
1427 2503 1473 2529 Dei
1485 2503 1643 2536 prohibuerit
1656 2511 1664 2528 :
1677 2510 1701 2529 ιιι

952 2538 983 2564 de
996 2538 1060 2572 lege,
1075 2547 1154 2573 quant
1172 2538 1269 2574 posuit.
1283 2544 1306 2565 ct
1322 2540 1353 2565 de
1367 2539 1427 2565 aliis
1444 2538 1560 2572 ejusdem
1571 2538 1701 2565 Ambrosii

953 2574 1061 2608 egregiis
1076 2573 1150 2599 dictis
1170 2579 1193 2600 et
1207 2574 1293 2607 factis.

954 2665 1029 2692 lianc
1048 2670 1149 2692 tantam
1170 2673 1320 2692 aerumnam
1332 2666 1412 2693 divus
1429 2665 1591 2693 Ambrosius
1605 2666 1702 2694 audie-

917 2716 968 2738 rat.
985 2711 1090 2738 Etcum
1107 2715 1167 2744 post
1184 2710 1330 2738 Maximum
1348 2712 1385 2745 ll)
1409 2711 1555 2739 devictum
1573 2711 1701 2739 Theodo-

915 2791 1178 2826 C0nstantinopolim
1206 2798 1345 2818 reversum
1368 2798 1436 2818 esse.
1463 2792 1625 2826 Ambrosius
1644 2792 1702 2826 epi—

917 2836 1016 2862 scopus
1039 2825 1222 2854 Theodosium
1253 2826 1290 2862 ob
1314 2831 1367 2853 tam
1396 2826 1566 2861 tyrannicttm
1593 2825 1702 2857 faciunt.~

918 2861 1017 2898 templo
1037 2862 1179 2890 Mediolani
1196 2861 1326 2888 excludit.
