1906 3043
82 137 132 168 593

543 138 835 169 ECCLESIASTlC/E
856 140 1043 170 lllS'l-‘OltlE
1063 141 1134 170 ΜΒ.
1157 141 1225 170 Xll.

1646 141 1702 173 894

81 194 136 224 τοῖς
163 193 193 219 ἐν
221 193 263 228 τῷ
287 194 405 227 ἀσφαλεῖ
431 195 610 222 καθεστάναι.
630 205 639 221 ι
675 197 704 222 Ὀ
730 197 752 222 δ’
777 197 868 229 εὐθὺς,

924 199 962 224 uis
978 198 1072 230 etiam,
1093 198 1197 232 absque
1218 202 1290 224 metu
1315 198 1399 228 omni,
1432 197 1553 224 divinum
1572 197 1701 231 templum

84 248 93 264 ι
117 238 188 264 Ἀλλ’
205 239 230 264 εί
246 239 287 274 τῷ
303 240 352 274 σῷ,
371 240 449 274 φησὶ,
474 241 570 275 κράτει
599 242 683 272 δοκεῖ,
712 242 870 276 δραμοῦμαι

81 284 112 317 δὴ
128 284 197 318 πρὸς
209 285 257 310 τὶν
274 285 359 319 ἱερέα,
372 285 419 312 καὶ
437 285 526 312 πάντα
541 286 630 312 κάλων
655 287 759 321 κινήσω
777 288 871 322 δεόμε-

81 339 125 361 νος
139 329 214 356 ὥστε
228 339 271 356 σοι
282 331 358 356 λύσιν
374 331 514 358 ἐπιϐαλεῖν
526 334 582 363 τοῖς
593 333 711 366 δεσμοῖς.
720 343 728 359 ι
739 348 774 354 ~
786 334 870 360 ι’Λλλ“

81 376 110 402 ’ιῦ
125 376 252 402 πείσεταί
265 385 317 408 σοι,
327 375 356 403 εὖ
372 376 440 408 οἶδα,
460 378 542 411 φησὶν
555 379 569 403 ό
586 379 703 413 κρατῶν.
722 379 780 405 Ἐπ’
794 382 871 414 ἀκρι-

83 422 128 450 εές
145 422 200 455 γὰρ
228 423 379 455 ἐπίσταμαι
401 423 451 456 τῆς
476 423 641 458 Ἀμὸροσίου
669 424 761 459 ψήφου
787 426 817 452 τὸ
832 427 870 452 δί-

83 475 173 493 καιον.
184 467 256 493 Οὐδὲ
273 468 326 502 γάρ
340 477 405 502 ποτε
422 469 467 494 τὸν
485 470 534 503 τῆς
562 469 703 503 βασιλείας
725 471 806 503 ὄγκον
821 473 870 504 τῆς

83 511 158 541 θείας
179 513 348 546 προτιμήσει
363 513 458 547 τιμῆς.
475 522 484 538 ι
515 513 561 544 Ὠς
572 514 601 540 δὲ
616 514 702 541 πολλὰ
717 515 804 548 λέγων
819 516 871 542 ὕπ-

84 558 204 590 ισχνεῖτο
230 558 363 585 πείθεινό
384 560 525 592 Ῥουφῖνος
548 559 722 594 Ἀμϐρόσιον,
739 560 869 595 πράττειν

83 602 114 627 τὸ
130 604 338 638 παριστάμενον
355 605 430 639 ἠφίει
446 607 459 631 ό
473 605 611 639 βασιλεύς.
626 606 702 632 Καὶὸ
712 606 762 640 μὲν
774 606 867 641 ἀπῄει·

82 650 142 679 ταῖς
158 648 333 693 δέοφοδρσίς
349 651 403 676 τῶν
419 651 594 685 ὑποσχέσεων
619 651 793 686 βουκοληθεδς
805 652 869 678 Θεο-

83 694 183 725 δόσιος,
203 694 273 728 μετὰ
299 695 385 730 βραχὺ
412 696 527 722 κατόπιν
552 696 598 721 καὶ
614 697 695 727 αὐτὸς
712 696 866 730 ἠκολούθει.

90 739 131 770 Ὠς
158 739 182 765 δ’
207 740 249 770 εἰς
277 740 373 774 λόγους
402 741 557 776 Ἀμσροσίῳ
589 741 727 775 Ῥουφῖνος
750 742 867 777 ἐγένετο,

83 784 232 810 ὑπολαϐὼν
256 786 270 811 ὁ
288 786 359 817 θεῖος
379 787 457 821 ἀνὴρ,
473 797 481 812 ι
503 786 576 813 Ἀλλ’
604 787 696 817 ἔοικάς
716 797 770 822 μοι,
794 788 869 814 Ῥου-

83 831 153 864 φῖνε,
170 831 263 865 ἔλεγε,
276 833 306 858 τὸ
323 833 376 858 τῶν
391 833 480 860 κυνῶν
490 834 598 865 ἀναιδὲς
613 834 650 865 ὼς
665 834 789 860 πλεῖστον
803 834 869 868 ἐζη-

924 245 1095 278 ῘΙΙζζΓΕιΙῘΕῐΝΙῘ
1125 245 1210 271 libera
1227 244 1262 271 sit
1277 248 1416 278 potestas:
1451 244 1516 270 mihi
1543 251 1622 277 porro
1647 250 1701 270 non

924 292 1006 317 modo
1023 291 1049 317 id
1081 296 1192 326 tangere
1212 298 1267 317 non
1289 290 1363 320 licet,
1384 297 1478 316 verum
1497 288 1578 315 etiam
1605 289 1702 314 coelum

924 337 1012 371 ipsum
1028 338 1150 364 clausum
1179 337 1243 363 est?
1257 336 1350 370 Neque
1359 335 1432 361 enim
1451 334 1535 361 divini
1555 334 1627 360 illius
1644 341 1703 360 ora-

924 383 977 409 culi
992 390 1046 409 non
1079 382 1202 415 memini,
1230 383 1302 415 quod
1330 380 1440 407 disertis
1470 379 1563 405 verbis
1592 379 1703 405 statuit:

923 429 1098 462 Qumcunque
1121 436 1136 454 ιι
1154 427 1341 454 sacerdotibus
1366 425 1412 452 Dei
1433 424 1514 458 ligata
1541 424 1644 451 fuerim
1677 424 1704 450 in

925 476 1014 503 terris.
1034 482 1065 500 ea
1080 473 1161 500 etiam
1183 473 1209 500 in
1236 472 1313 499 cmlis
1337 477 1411 499 certo
1431 479 1489 498 esse
1518 471 1611 504 ligata.
1634 469 1703 496 Tum

923 520 1066 547 confestim
1079 519 1146 545 ille:
1167 527 1176 544 ι
1189 519 1223 546 At
1249 518 1283 550 si,
1302 518 1350 548 ait,
1380 517 1494 551 imperio
1521 522 1567 542 tuo
1586 515 1703 545 videtur,

923 565 1084 592 conveniam
1109 564 1314 598 quamprimum
1327 563 1494 592 antistitem,
1508 564 1535 587 et
1565 560 1630 586 nihil
1650 567 1704 585 nou

923 610 1044 641 tentabo,
1061 615 1092 636 ut
1106 610 1214 636 vincula
1240 612 1286 635 tua
1313 608 1409 635 solvat.
1423 617 1432 632 ι
1447 621 1482 626 --
1501 616 1509 631 ι
1524 606 1624 632 Verum
1650 612 1704 630 non

922 655 1099 688 obsequetur,
1128 654 1278 688 imperator
1294 652 1394 686 inquit.
1424 651 1469 678 ille
1484 650 1544 682 tibi,
1565 653 1606 676 sat
1634 649 1702 675 scio.

922 699 1095 733 Perspectam
1110 699 1184 726 enim
1199 699 1315 725 maxime
1334 697 1421 724 habeo
1436 695 1574 723 Ambrosii
1590 699 1701 721 senten-

923 745 966 772 tiae
980 745 1146 779 aequitatem.
1162 744 1304 778 Nunquam
1315 743 1361 770 ille
1371 742 1479 776 imperii
1492 740 1702 775 amplitudinem

906 785 1016 818 Idivino
1027 791 1151 825 praeferet
1164 785 1272 817 honori.
1285 799 1295 815 ι
1326 790 1474 823 Postquam
1501 791 1591 814 autem
1618 785 1702 812 multa

921 838 1081 870 prolocutus
1094 836 1220 867 Ruﬁnus,
1242 835 1382 870 pollicitus
1408 837 1453 861 est
1480 840 1511 859 se
1527 831 1702 858 Ambrosium

82 875 203 902 λωκέναι
218 885 224 891 ·
242 878 350 912 σφαγῆς
360 878 414 913 γὰρ
429 875 563 913 τοσαύτης
578 880 652 914 παρὰ
662 880 741 914 δίκην
758 876 798 910 (ὦ
812 879 868 906 θεία

924 884 953 910 in
967 883 1129 910 sententiam
1147 889 1223 909 suam
1240 881 1424 908 adducturum
1437 898 1445 910 ,
1461 879 1611 912 imperator
1627 884 1704 907 eum,

82 921 144 956 δίκη
155 922 183 956 ί)
200 925 402 959 γεγενημένης,
433 926 480 951 καὶ
508 927 552 951 ἐπὶ
573 925 700 952 τοσοῦτον
713 926 784 960 ὑμᾶς
801 925 870 951 κατὰ

83 968 131 1002 τῆς
149 968 230 999 θείας
249 969 353 1001 εἰκόνος
382 970 579 1005 λυττησαντας,
603 970 665 996 οὔτε
687 971 744 1001 δέος
765 971 869 1005 εἰστρέ-

83 1022 135 1048 χει,
152 1014 211 1040 οὔτ’
228 1015 309 1047 αἰδὼς
326 1017 438 1042 ἐπανθεῖ
465 1019 520 1048 τοῖς
549 1017 722 1051 προσώποις·
747 1017 816 1045 ἀλλὰ
840 1016 870 1042 τὸ

83 1058 132 1091 τῆς
143 1058 280 1094 αἰσχύνης
294 1060 476 1092 ἀποξέσαντες
492 1062 635 1095 κάλυμμα,
651 1061 753 1087 τοιαῦτ’
764 1061 870 1087 αἰτοῦν-

82 1110 127 1131 τες
143 1102 273 1136 πρόσιτε.
290 1113 299 1128 ι
328 1104 372 1135 Ὠς
385 1105 407 1130 δ’
424 1105 463 1131 ἐτι
484 1105 624 1137 Ῥουφῖνος
639 1106 768 1131 ἐπέκειτο
787 1105 870 1131 λιπα-

84 1146 148 1179 ρῶν,
177 1149 228 1174 καὶ
242 1148 304 1174 ὅσον
328 1148 406 1176 οὔπω
419 1150 500 1185 ἥκειν
527 1151 602 1184 ἔλεγε
620 1151 725 1176 καὶτὸν
744 1150 867 1184 βασιλέα,

83 1192 156 1227 ζήλῳ
169 1194 238 1228 θείῳ
251 1195 438 1237 πυρποληθελς
459 1195 632 1231 Ἀμϐρόσιος,
662 1205 671 1222 ‹
696 1195 779 1230 Ἐγὼ.
797 1196 868 1231 μέγα

83 1238 231 1273 ἀνέκραξε,
247 1239 383 1274 Ῥουφῖνε,
395 1242 533 1276 προλέγω,
543 1242 580 1273 ὡς
589 1242 713 1276 ἀπείρξω
730 1242 776 1268 καὶ
790 1239 869 1273 αὖθις

83 1285 235 1318 προσιόντα
253 1286 306 1312 τῶν
322 1286 403 1321 ἱερῶν
418 1287 584 1322 περιϐόλων.
606 1288 636 1313 Εἰ
658 1287 681 1314 δ’
697 1288 792 1323 ἐκείνῳ
804 1296 867 1314 σκο-

83 1330 132 1360 πδς
145 1333 290 1366 τυραννεῖν
316 1333 493 1368 μεταθεμένῳ
523 1335 573 1368 τὴν
597 1334 747 1368 βασιλείαν,
773 1334 828 1368 ἐγὼ
841 1335 868 1360 δὲ

83 1375 151 1401 ἀλλὰ
165 1376 227 1410 μεθ’
240 1377 337 1412 ἡδονῆς
350 1378 396 1404 τὸν
420 1378 464 1405 διὰ
477 1379 556 1405 τοῦτο
586 1379 770 1414 προσοίσομαι
785 1379 868 1406 θάνα-

83 1429 138 1447 τον.
156 1432 165 1446 ι
177 1421 261 1447 Ταῦτ’
276 1422 396 1454 ἀκούσας
414 1423 564 1458 Ῥουφῖνος,
580 1425 619 1459 τῷ
635 1425 743 1459 βασιλεῖ
754 1425 869 1459 διεπέμ-

83 1475 150 1492 πετο
168 1468 313 1502 παραινῶν
330 1469 385 1495 τῶν
401 1471 560 1505 ἀνακτόρων
575 1471 614 1505 μὴ
632 1473 767 1505 προϊέναι.
795 1471 825 1498 Ὀ
840 1470 868 1497 δὲ

83 1513 146 1538 καθ’
161 1513 223 1539 όδοῦ
252 1515 285 1540 τὰ
310 1515 468 1549 ἠγγελμένα
502 1517 607 1550 μαθὼν,
629 1526 638 1542 ‹
660 1518 786 1552 ΙἈπειμι,
804 1517 867 1551 ἔφη,

85 1557 203 1590 ἐκδίκως
230 1559 280 1590 τὰς
298 1544 442 1594 παροινίας
474 1544 691 1596 εἰσδεδεγμένος.
711 1571 720 1588 ι
745 1544 829 1589 I’E'ns‘t
846 1544 867 1589 ἐς
881 1544 903 1574 c

85 1604 203 1638 ἔγγιστα
219 1605 266 1630 τοῦ
282 1605 334 1630 νεὼ
344 1606 478 1639 ἐγεγόνει,
489 1607 554 1633 εἵσω
569 1608 618 1642 μὲν
632 1607 720 1634 ἐλθεῖν
732 1609 782 1634 οὐκ
793 1608 869 1634 ἐτόλ-

85 1659 139 1685 μα·
156 1651 227 1685 προς
243 1651 265 1678 δ’
279 1651 443 1686 Ἀμόρόσιον
459 1653 638 1688 ἀφικδμενος,
653 1653 692 1687 τῷ
709 1653 764 1687 γὰρ
778 1655 868 1688 ἀσπα-

85 1696 168 1730 στικῷ
201 1697 269 1731 οἴκῳ
295 1697 426 1732 καθῆστο,
455 1699 509 1725 τῶν
537 1686 644 1725 ἀλύτων
674 1686 733 1734 ᾔτει
749 1686 868 1734 λυθῆναι

86 1742 205 1776 δεσμῶν.
226 1743 254 1768 '0
270 1743 298 1769 δὲ
314 1744 382 1770 ἀλλὰ
407 1745 470 1775 τοὺς
499 1744 588 1775 θείους
619 1744 739 1780 θεσμοὺς
769 1745 868 1772 πατεῖν

87 1791 189 1816 ἐκεῖνον
206 1789 344 1824 διήλεγχε,
361 1791 526 1825 τυραννικήν
550 1798 580 1816 τε
594 1791 686 1817 ἐκάλει
701 1791 751 1826 τὴν
766 1799 868 1826 παρου-

87 1836 147 1862 σίαν
163 1836 212 1863 καὶ
240 1836 301 1871 Θεῷ
328 1838 371 1864 διὰ
395 1838 484 1872 μάχης
507 1838 587 1865 ἱέναι.
617 1837 645 1864 Ὀ
663 1838 701 1870 δὲ,
720 1847 729 1864 (
752 1838 822 1865 Ἀλλ’
837 1840 868 1865 οὐ

84 1882 159 1909 ταῦτ’
176 1883 251 1917 ἐμοὶ,
268 1882 304 1914 ὼς
317 1884 379 1919 φῂς,
407 1883 641 1918 περισπούδαστα.
660 1884 729 1918 μετὰ
751 1884 869 1919 θράσους

83 1926 137 1952 τῶν
156 1926 240 1960 ἱερῶν
265 1927 395 1960 ἐπισῆιιαι
422 1926 577 1961 προθύρων.
602 1926 635 1952 Σὲ
650 1926 677 1953 δέ
705 1927 785 1961 μόνον
801 1927 868 1953 αἰτῶ

84 1972 162 1998 λῦσαί
176 1981 229 2006 μου
244 1974 293 2002 τὰς
311 1971 403 2003 πέδας,
428 1974 475 1998 καὶ
490 1972 540 2006 τὴν
553 1973 646 2005 κοινὴν
663 1972 711 1998 τοῦ
737 1972 868 2000 δεσπότου

86 2018 184 2052 φιλανθ
191 2017 297 2051 ρωπίαν
324 2018 496 2052 μιμήσασθαι
509 2026 516 2033 ·
544 2018 589 2044 καὶ
603 2017 640 2053 μὴ
654 2018 715 2052 ἐμοὶ
732 2019 804 2053 μόνῳ
818 2018 869 2052 τὴν

86 2062 280 2097 φιλάνθρωπον
307 2062 476 2096 ἐπιζυγῶσαι
502 2062 574 2088 κατὰ
589 2062 637 2088 τοῦ
663 2062 810 2097 προσώπου
821 2062 869 2088 θύ-

85 2117 146 2142 ραν,
163 2108 198 2143 ἣν
217 2109 293 2142 κοινῇ
311 2108 379 2134 πᾶσι
396 2109 536 2142 μετανοεῖν
553 2107 702 2142 ᾑρημένοις
719 2107 767 2134 καὶ
779 2107 869 2142 πολλῷ

84 2154 240 2189 χρωμένοις
262 2153 301 2187 τῷ
329 2153 474 2188 μεταμέλῳ
499 2154 513 2180 ὁ
537 2153 585 2180 τοῦ
615 2153 707 2185 ἐλέους
733 2154 869 2187 δεσπότης

84 2199 215 2234 ἀνέῳξεν.
239 2209 248 2223 ι
264 2198 428 2233 Ἀμὸρόσιος
445 2199 486 2229 δὲ,
503 2208 512 2224 ι
537 2199 619 2226 ’Δλλὰ
636 2201 724 2231 ποῖος,
744 2200 835 2234 φησὶν,
853 2201 867 2225 ὁ

85 2245 240 2281 μετάμελος
271 2246 339 2279 μετὰ
356 2244 492 2280 τοσαύτην
516 2245 692 2279 παρανομίαν
718 2247 764 2271 καὶ
781 2245 866 2279 θυμοῦ

84 2293 204 2326 ἀκράτου
221 2291 384 2324 ἀσέλγειανς
416 2288 489 2324 *Λρα
504 2290 532 2316 δὲ
549 2291 637 2321 ποίοις
661 2291 820 2325 φαρμάκοις
834 2291 868 2316 τὰ

83 2336 197 2363 δυσίατα
210 2335 303 2360 ἐκεῖνα.
317 2334 503 2369 ἐθεράπευσας
518 2334 592 2368 πάθη
604 2343 611 2367 ;
627 2344 636 2360 ι
659 2334 728 2362 ’0δέ
741 2334 868 2369 βασιλεὺς

84 2383 188 2417 ἠρέμα,
203 2389 214 2406 ι
234 2380 315 2407 Ἀλλὰ
331 2381 376 2407 σὺν
387 2380 480 2415 ἔργον,
491 2377 513 2406 ὧ
524 2381 577 2407 θεῖε
589 2381 663 2415 ἄνερ,
680 2381 766 2407 ταῦτα
782 2381 867 2414 δεῖξαι

85 2430 132 2456 καὶ
147 2428 266 2461 κεράσαι
294 2435 339 2460 μοι
353 2428 402 2461 τῆς
429 2427 503 2459 θείας
520 2427 643 2461 ἰατρείας
663 2428 698 2454 τὰ
712 2428 866 2463 φάρμακα·

85 2475 150 2510 ἐμὸν
165 2475 194 2500 δὲ
207 2474 236 2500 τὸ
251 2473 378 2504 δέξασθαι
395 2473 492 2505 ταῦτα,
508 2473 558 2499 κᾶν
570 2474 619 2500 κν).
633 2473 702 2500 πολὺ
718 2475 748 2500 τὸ
765 2475 867 2508 στύφον

85 2521 240 2556 δριμμύσον
262 2520 429 2553 ἐπὶγωνται.
462 2529 471 2545 ›
503 2520 571 2545 Τότε
603 2519 677 2546 θείου
707 2521 867 2554 Πνεύματος

85 2566 218 2601 πλησθεὶς
233 2566 246 2592 ό
258 2565 431 2601 ’Δμὸρόσιος,
446 2575 454 2591 ι
480 2566 566 2597 Ἐπεὶ,
583 2565 660 2600 φησὶ,
673 2566 711 2601 τῷ
727 2566 806 2601 θυμῷ
818 2567 866 2599 τὴν

86 2613 163 2647 δίκην
177 2612 287 2645 ἐκείνην
298 2611 464 2646 ἐπέτρεψας,
479 2612 525 2638 καὶ
539 2611 588 2645 τὴν
604 2612 693 2646 ψῆφον
704 2613 753 2646 οὺχ
764 2613 778 2638 ό
793 2612 866 2645 λογι-

87 2659 152 2692 σμὸς
179 2659 207 2684 ἐν
228 2657 265 2690 τῷ
286 2657 438 2696 καθεστῶτι
473 2657 561 2691 μένων
589 2657 756 2692 ἐξήνεγκεν,
784 2657 866 2685 dum

87 2703 170 2738 θυμὸς
199 2703 333 2737 ἀλογίστῳ
360 2702 457 2737 θράσει
484 2703 654 2737 φερόμενος·
679 2703 816 2738 ἐγγράψαι
837 2712 865 2729 σε

87 2751 190 2777 κελεύω
208 2749 300 2782 νόμον,
318 2749 575 2782 καταψηφιζόμενον
590 2749 636 2775 τοῦ
651 2749 739 2783 θυμοῦ
752 2749 799 2779 τὰ;
814 2749 867 2783 ψὴ-

88 2804 163 2829 φους,
177 2795 225 2821 καὶ
236 2796 298 2825 τοὺς
310 2796 366 2826 τοῖς
381 2794 437 2825 σοῖς
445 2795 672 2828 διακονουμένους
684 2796 864 2829 προστάγμα-

89 2850 127 2868 σιν
139 2841 315 2868 ἐπιτάττοντα
328 2842 356 2872 ἐς
370 2841 534 2876 τριακοστὴν
550 2842 654 2876 ἡμέραν
665 2842 864 2868 ἀναϐάλλεσθαι

924 928 995 963 quod
1012 927 1209 956 constituisset.
1226 926 1317 952 facere
1332 923 1470 957 permisit.
1492 922 1567 949 Abiit
1592 922 1649 952 ille,
1677 925 1704 947 et

921 972 1096 999 Theodosius
1112 971 1268 1006 ingentibus
1295 969 1368 996 illius
1390 967 1533 1002 promissis
1557 965 1702 996 adductus,

920 1019 1002 1052 paulo
1016 1023 1075 1052 post
1088 1025 1151 1044 eum
1166 1022 1208 1043 est
1224 1016 1399 1043 subsecutus.
1417 1014 1550 1041 Caeterum
1566 1012 1613 1038 ubi
1629 1011 1704 1037 Ruﬁ-

920 1071 972 1089 nus
987 1071 1048 1090 cum
1064 1062 1208 1089 Ambrosio
1217 1065 1259 1088 est
1271 1060 1433 1092 collocutus,
1453 1058 1535 1086 verba
1545 1057 1605 1092 ejus
1619 1057 1704 1083 inter-

920 1108 1025 1143 pellans
1049 1108 1093 1134 vir
1109 1098 1236 1134 divinus:
1269 1105 1334 1132 «Tu
1363 1112 1441 1135 vero.
1469 1103 1568 1138 inquit,
1594 1101 1703 1131 Ruﬁne.

920 1162 1019 1187 cauum
1047 1153 1241 1188 impudentiam
1273 1150 1421 1186 plurimum
1441 1148 1562 1176 aautulari
1591 1146 1702 1172 videris.

919 1199 987 1226 Cum
1002 1201 1228 1232 namquepraater
1242 1196 1297 1231 jus,
1308 1203 1323 1222 ο
1338 1195 1429 1221 divina
1442 1192 1582 1220 vindicta]
1600 1195 1702 1218 tantam

920 1245 1022 1272 caedem
1037 1242 1272 1278 perpetraveritis,
1286 1244 1314 1268 et
1330 1245 1403 1267 tanta
1417 1239 1493 1266 rabie
1506 1239 1533 1265 in
1556 1237 1702 1271 imaginem

919 1290 969 1317 Dei
984 1289 1139 1321 saevieritis,
1162 1295 1250 1322 neque
1265 1292 1355 1313 metus
1369 1285 1448 1312 vobis
1473 1283 1596 1316 incessit,
1611 1289 1702 1316 neque

920 1336 1005 1362 rubor
1014 1334 1041 1361 in
1054 1342 1103 1362 ore
1116 1337 1210 1361 vestro
1224 1332 1388 1360 eﬂlorescit:
1407 1330 1454 1358 sed
1462 1328 1638 1356 verecundiae
1650 1335 1701 1360 pu-

919 1381 985 1409 dore
1001 1381 1120 1414 deterso,
1141 1387 1203 1408 cum
1216 1379 1349 1414 petitione
1363 1378 1407 1405 tali
1419 1375 1563 1404 advertitis.
1573 1374 1654 1409 319
1665 1373 1700 1401 Ut

920 1435 986 1455 vero
1000 1427 1117 1455 Ruﬁnus
1129 1426 1167 1454 illi
1183 1426 1270 1460 magis
1281 1432 1312 1451 ac
1330 1423 1416 1458 magis
1431 1420 1611 1456 supplicando
1620 1420 1699 1447 insti-

920 1474 962 1506 lit,
981 1477 1009 1500 et
1026 1472 1218 1507 imperatorem
1233 1477 1342 1505 quoque
1353 1469 1464 1505 jamjam
1480 1466 1610 1494 advenire
1620 1464 1700 1494 dixit,

920 1520 1013 1548 divino
1046 1519 1145 1546 ardore
1172 1518 1301 1545 incensus
1344 1513 1517 1544 Ambrosius.
1551 1519 1613 1539 eum
1647 1510 1702 1538 cla-

920 1573 997 1593 more
1044 1571 1158 1599 magno:
1203 1572 1213 1588 ‹
1233 1561 1288 1596 Ego
1335 1560 1384 1587 tibi
1427 1558 1557 1593 praedico,
1592 1555 1700 1585 Ruﬁne,

921 1611 1023 1646 inquit.
1039 1617 1083 1637 me
1100 1610 1199 1636 iterum
1210 1606 1401 1634 advenientem
1413 1605 1489 1631 illum
1503 1601 1589 1629 sacris
1598 1600 1702 1628 aedibus

919 1656 1123 1691 prohibiturum
1141 1661 1211 1681 esse.
1228 1653 1264 1679 At
1289 1651 1312 1679 si
1329 1651 1375 1678 ille
1390 1649 1505 1684 imperio
1516 1655 1594 1682 aequo
1626 1652 1702 1680 post~

919 1702 1025 1733 habito,
1041 1699 1214 1736 tyrannidem
1244 1703 1374 1725 exercere
1402 1695 1506 1722 statuit.
1535 1692 1701 1728 perlibenter

919 1756 970 1782 ego
987 1747 1039 1774 hac
1055 1747 1089 1774 de
1105 1753 1188 1773 causa
1201 1749 1316 1771 mortem
1336 1742 1426 1770 adibo.
1440 1750 1449 1766 ι
1476 1740 1525 1767 llis
1548 1738 1640 1766 verbis
1651 1745 1701 1764 au-

919 1794 994 1827 ditis,
1011 1792 1128 1819 Ruﬁnus
1140 1799 1190 1825 per
1204 1789 1418 1818 internuntium.
1432 1794 1467 1813 ne
1496 1785 1602 1813 aadibus
1618 1784 1703 1817 impe-

920 1838 1034 1866 ratoriis
1051 1836 1275 1873 progrederetur,
1289 1833 1448 1868 imperatori
1462 1830 1638 1865 signiﬁcavit.
1652 1829 1701 1854 At-

919 1891 973 1919 que
992 1883 1049 1914 ille,
1063 1882 1109 1909 ubi
1120 1882 1193 1909 inter
1207 1878 1329 1906 eundum
1342 1878 1470 1904 nuntium
1497 1882 1560 1902 eum
1576 1873 1700 1907 accepit:

922 1939 931 1956 (
943 1930 994 1961 Eo,
1008 1929 1109 1962 inquit,
1123 1926 1221 1954 merito
1233 1932 1294 1952 meo
1308 1921 1524 1958 obiurgationem
1549 1924 1577 1946 et
1602 1922 1702 1945 contu-

918 1973 1027 2002 meliam
1039 1978 1215 2007 excepturus.
1228 1981 1238 1997 ι
1250 1970 1283 1998 Et
1307 1969 1353 1996 ubi
1369 1966 1495 2003 proxime
1517 1964 1551 1991 ad
1565 1964 1698 1996 templum

919 2018 1163 2053 accessit,ingredi
1191 2017 1217 2044 id
1231 2016 1341 2051 quidem
1370 2020 1452 2041 ausus
1481 2019 1536 2038 non
1567 2010 1629 2037 fuit.
1648 2009 1698 2037 Ubi

919 2071 1009 2093 autem
1025 2065 1057 2102 ad
1078 2064 1261 2092 Ambrosium.
1274 2061 1320 2096 qui
1340 2061 1367 2087 in
1378 2060 1436 2086 atde
1452 2057 1610 2085 salutatoria
1631 2063 1697 2082 eon-

919 2100 1141 2142 sederat,'venit,
1159 2111 1188 2134 ut
1205 2105 1363 2134 insolubilis
1378 2103 1488 2131 vincula
1502 2109 1552 2129 sua
1569 2100 1699 2128 solveret.

920 2165 982 2184 eum
994 2156 1110 2191 rogavit.
1128 2153 1288 2182 Ambrosius
1298 2160 1365 2179 vero
1379 2151 1456 2178 illum
1482 2148 1641 2176 sanctiones
1657 2147 1699 2172 di-

884 2205 905 2231 D
919 2203 998 2229 vinas
1011 2201 1171 2236 proculcare
1190 2199 1291 2233 arguit,
1304 2201 1332 2225 et
1355 2197 1505 2224 adventum
1520 2195 1590 2228 ejus,
1602 2192 1648 2226 qui
1664 2193 1700 2218 ita

921 2249 978 2275 Deo
990 2251 1163 2283 repugnaret.
1182 2245 1356 2281 tyrannidum
1375 2241 1531 2277 appellavit.
1556 2239 1596 2266 lbi
1610 2238 1701 2265 Theow

920 2294 1029 2322 dosius:
1053 2294 1101 2320 «At
1115 2300 1174 2327 ego.
1191 2291 1290 2326 inquit,
1306 2297 1362 2317 non
1380 2289 1406 2315 id
1431 2287 1524 2314 studio
1547 2285 1644 2312 habeo.
1671 2288 1701 2310 ut

919 2348 981 2367 cum
996 2339 1141 2368 temeraria
1152 2335 1317 2364 conﬁdentia
1331 2341 1440 2362 sacrum
1453 2331 1592 2364 ingrediar
1616 2329 1700 2355 vesti-

919 2386 1024 2413 bulum.
1047 2385 1183 2411 Teautem
1209 2388 1271 2413 oro,
1290 2384 1320 2407 ut
1333 2377 1439 2405 vincula
1461 2383 1520 2402 mea
1541 2375 1642 2403 solvas,
1674 2377 1701 2400 et

919 2437 1093 2459 communem
1123 2427 1228 2455 Domini
1266 2425 1460 2459 benignitatem
1486 2421 1617 2449 imitatus,
1644 2426 1698 2444 non

919 2477 969 2505 soli
993 2476 1058 2503 mihi
1074 2476 1099 2501 in
1115 2474 1213 2501 faciem
1245 2469 1440 2498 misericordia:
1471 2467 1545 2493 fores
1574 2464 1698 2493 claudas.

918 2530 986 2557 quas
999 2520 1182 2548 communiter
1199 2517 1326 2544 omnibus
1344 2512 1580 2548 resipiscentibus,
1597 2514 1625 2536 et
1640 2517 1700 2544 pur

919 2556 1036 2595 nitentia
1065 2565 1150 2592 multa
1172 2562 1323 2592 utentibus,
1349 2557 1543 2587 misericordia:
1569 2556 1700 2583 Dominus

918 2613 1036 2649 aperuit.
1049 2622 1058 2636 ι
1076 2609 1238 2638 Ambrosius
1254 2615 1335 2639 vero,
1360 2615 1368 2631 ε
1384 2605 1486 2633 Verum
1503 2604 1545 2632 dic
1569 2611 1629 2638 age,
1658 2604 1685 2628 in

917 2659 987 2693 quit,
1002 2665 1062 2692 qua:
1075 2661 1118 2682 tua
1144 2654 1236 2684 fuerit,
1260 2656 1321 2686 post
1350 2655 1452 2677 tantam
1476 2649 1649 2684 iniquitatem
1671 2652 1699 2674 et

917 2703 1024 2732 ell'reuis
1039 2702 1085 2728 ira:
1096 2699 1283 2735 petulantiam,
1298 2695 1468 2732 pmnitentia.
1485 2694 1579 2728 Qualia
1590 2693 1698 2720 tandem

918 2748 1116 2776 incurabilibus
1148 2743 1341 2773 affectionibus
1356 2741 1505 2768 adhibuisti
1535 2739 1675 2767 remedia?
1688 2748 1695 2762 ι

917 2795 974 2824 Sub
984 2795 1041 2821 haec
1057 2792 1163 2828 placide
1182 2792 1330 2824 imperator
1348 2788 1417 2816 dixit
1434 2795 1441 2814 :
1465 2797 1473 2813 ι
1490 2788 1553 2814 Tute
1579 2793 1656 2816 vero.
1681 2792 1697 2810 ο

917 2842 957 2870 vir
974 2840 1075 2870 divine.
1092 2839 1116 2867 id
1135 2841 1174 2866 est
1187 2843 1284 2871 OPCrtP.
1303 2835 1425 2863 indicare
1442 2833 1521 2867 mihi,
1550 2836 1579 2860 et
1592 2836 1694 2867 tempu-
