1906 3043
237 120 286 151 599
841 109 1049 140 NICEPHORI
1071 109 1113 138 CA
1120 108 1243 138 LLlSTI
1797 103 1848 135 900

236 182 360 207 caturus,
395 173 422 201 in
439 173 542 208 regiam
567 179 595 198 se
610 169 751 197 celeritate
778 175 873 202 magna
899 167 1016 194 confert.

1073 165 1182 191 ἐνοῦσαν
1194 163 1292 198 ἀρετὴν
1307 162 1463 196 παρῥησίας
1479 161 1507 187 ἔν
1518 169 1547 187 τε
1562 159 1621 194 Θεῷ
1640 159 1687 186 καὶ
1702 159 1759 190 τοῖς
1775 166 1849 192 τηνι-

235 220 344 246 Accidit
360 224 427 250 tum,
445 223 474 244 ut
486 215 669 244 venerationis
699 213 854 247 spectaculo
870 212 1017 239 Gratianus

1073 211 1159 238 καῦτα
1179 210 1322 244 Ῥωμαίων
1341 209 1480 241 ἄρχουσιν.

236 275 347 302 operam
363 267 449 297 daret,
475 272 526 299 qua
540 272 568 290 se
587 262 696 289 laxandi
712 260 794 287 attimi
814 261 900 294 gratia
919 259 1057 293 principes
1087 258 1225 284 oblectare
1257 256 1348 283 solent
1374 262 1486 289 :neque
1531 254 1678 287 quisquam
1700 259 1734 278 ex
1748 251 1790 277 eis
1804 250 1850 285 qui

237 315 270 341 ad
299 314 426 342 vestibuli
452 311 605 338 custodiam
621 309 747 344 dispositi
773 312 863 339 erant,
890 306 1012 341 episcopi
1033 305 1223 340 praesentiam,
1242 302 1316 337 quod
1334 303 1395 337 ejus
1409 302 1448 329 rei
1471 307 1527 328 tum
1540 304 1728 334 opportunum
1743 303 1851 331 tempus

237 369 292 388 non
305 365 386 391 esset,
399 356 556 392 imperatori
577 355 720 382 indicaret.
732 355 766 380 At
781 350 1016 379 Ambrosiusinde
1036 349 1191 381 discedens,
1221 348 1254 374 atl
1285 348 1358 374 fores
1374 353 1421 373 eas
1454 344 1591 380 pervenit,
1624 352 1674 379 per
1689 350 1758 378 quas
1780 343 1852 369 fetas

238 406 418 433 imlucebant:
435 408 462 430 et
474 401 651 429 venatoribus
665 400 771 430 mistus,
800 398 881 424 itaut
907 397 1089 431 ignoraretur,
1125 395 1264 428 ingressus
1292 397 1344 419 est.
1378 392 1472 426 Neque
1486 392 1548 418 inde
1565 391 1641 425 prius
1665 394 1851 422 cstegressus.

238 451 320 477 multa
336 449 492 476 Gratianum
508 453 536 474 et
548 455 596 473 eos
613 445 659 480 qui
674 453 734 471 cum
759 453 790 470 eo
822 447 910 474 erant,
946 446 1071 476 precatus
1084 462 1091 473 ,
1122 448 1202 474 quatit
1232 439 1278 466 ille
1295 437 1528 467 condctnnationis
1543 437 1679 464 sententia
1693 437 1726 462 de
1740 435 1851 461 homine

236 497 387 522 eoinducta
401 495 481 522 aliam
494 494 586 523 ferret.
601 499 662 526 qua:
675 490 874 518 illnmcrimiue
910 489 1074 518 absolveret.
1105 487 1153 521 qui
1182 487 1237 521 jam
1264 485 1297 512 ad
1326 490 1440 512 mortem
1473 488 1625 518 raperetur.
1652 482 1760 509 Nemini
1788 489 1851 508 vero

236 542 395 569 Ambrosius
424 538 617 567 ecclesiasticis
645 535 886 563 constitutionibus
914 542 1011 567 magno
1050 533 1142 560 studio
1161 537 1190 559 et
1217 540 1282 559 cura
1313 530 1455 558 servandis
1473 530 1576 562 cessit;
1607 529 1681 556 clero
1711 533 1804 555 autem
1824 528 1850 554 in

236 589 324 616 oilicio
340 586 518 617 continendo,
553 590 581 612 et
596 583 750 610 ditinarutn
781 581 870 615 legum
908 579 1051 613 disciplina
1074 578 1234 610 imbuendo,
1260 577 1435 604 felicissimus
1456 577 1518 604 fuit.
1542 576 1582 602 Ex
1615 575 1743 609 plurimis
1777 581 1849 603 vero,

236 643 296 670 qum
311 634 355 660 ille
372 637 444 660 recte
455 632 549 666 gessit,
570 630 661 660 rebus,
678 635 764 662 pauca
780 628 838 654 haec
862 632 1091 653 cowmetnorasse
1123 626 1189 652 satis
1207 629 1259 652 est.
1295 624 1410 652 Abunde
1441 624 1514 650 enim
1541 623 1680 649 declarare
1706 622 1766 648 inec
1789 630 1850 656 ptis-

235 668 310 711 sunt,
331 684 430 714 quanta
446 682 558 712 propter
583 676 691 702 insitam
721 673 777 714 Asibi
796 674 935 703 virtutem,
952 679 1014 698 cum
1034 671 1199 698 dexteritate
1228 670 1356 706 quadam,
1389 670 1416 697 in
1432 669 1534 697 divinis
1547 668 1675 704 negotiis.
1710 673 1768 695 tum
1783 668 1851 703 apud

239 726 378 762 principes
386 711 524 751 Romanos
542 729 607 748 usus
623 721 658 748 sit
671 711 808 746 libertate.

468 791 548 827 323
568 788 682 817 CAPUT
700 787 782 815 xut.

238 853 276 880 De
294 853 390 887 pietate
402 853 426 876 et
440 851 536 876 uirtute
551 845 672 885 Placillte
682 864 690 876 .
701 844 868 878 imperatoris
881 842 1018 869 Theodosii

568 888 696 914 conjugis.

273 940 446 969 Theodosius
470 939 617 972 imperator
641 935 789 970 plurimum
815 933 924 968 quidem
952 933 1017 960 Am-

240 988 325 1015 brosii
341 986 466 1013 doctrina
483 989 510 1010 et
528 981 772 1009 constitutionibus
790 984 832 1006 est
854 979 1016 1006 delectatus.

239 1035 297 1062 Non
314 1040 409 1067 parum
426 1038 491 1056 vero
508 1028 661 1056 occasionis
675 1031 702 1053 et
718 1025 845 1052 utilitatis
861 1025 897 1056 ei,
914 1024 947 1050 ad
963 1025 1019 1058 pie-

240 1085 322 1107 tatem
339 1077 445 1104 scilicet
460 1076 553 1106 etiam,
570 1073 661 1100 attulit
675 1073 735 1107 ejus
759 1072 867 1103 conjux.
892 1070 1018 1102 Quotidie

239 1132 358 1159 namque
378 1123 417 1150 illi
436 1122 542 1149 divinas
564 1121 649 1153 leges,
664 1118 765 1152 quibus
786 1118 842 1150 ipsa
855 1122 934 1143 antea
952 1124 1017 1142 cru-

239 1173 297 1198 dita
317 1171 416 1199 fuerat,
429 1167 457 1193 in
472 1165 632 1193 memoriam
651 1162 798 1190 revocavit.
812 1161 872 1187 Non
886 1161 958 1188 enim
974 1160 1017 1186 illa

239 1225 268 1244 se
294 1213 429 1250 imperiali
455 1210 587 1239 ellcrebat
613 1208 745 1243 potentia,
769 1207 814 1233 sed
834 1207 925 1240 potius
944 1213 1018 1232 amo-

241 1269 297 1288 rem
316 1267 380 1294 erga
393 1259 479 1285 Deum
496 1254 603 1289 sibiipsi
618 1253 702 1281 veluti
727 1253 884 1278 thesaurum
906 1258 1018 1277 emiser-

238 1306 329 1333 vabat.
346 1305 454 1337 Quanto
468 1308 586 1334 namque
602 1299 646 1325 illa
666 1298 768 1332 majora
782 1296 816 1323 ab
837 1304 870 1323 eo
887 1295 1018 1323 beneﬁcia

239 1353 392 1384 acceperat.
409 1352 483 1374 tanto
500 1346 583 1372 etiam
606 1343 730 1378 quotidie-
745 1341 907 1368 charitatem
925 1340 952 1366 in
969 1340 1018 1367 be-

239 1397 405 1423 nefactorem
421 1400 500 1420 suum
522 1389 676 1424 adaugebat
701 1388 796 1422 magis.
811 1387 905 1421 Itaque
923 1393 1018 1423 eorum

240 1443 288 1476 qtti
306 1440 388 1467 variis
404 1438 596 1466 detinerentur
610 1434 725 1466 morbis.
738 1438 766 1459 et
785 1433 915 1459 membris
932 1432 1018 1466 parti-

241 1488 347 1520 busque
372 1482 499 1517 corporis
523 1480 642 1508 mutilati
662 1483 774 1509 essent,
799 1478 888 1504 omnis
911 1476 1046 1522 generis:

241 1539 336 1559 curam
352 1530 446 1564 gessit,
463 1529 520 1562 ipsa
538 1534 588 1561 per
600 1526 718 1560 seipsam
743 1525 771 1550 iu
789 1524 872 1550 rebus
891 1522 1019 1549 omnibus

240 1576 281 1604 eis
304 1574 467 1602 inserviens.
486 1572 516 1599 ltt
531 1571 639 1598 illorum
660 1569 733 1596 cuitu
749 1568 887 1595 domicilia
903 1567 1020 1594 ventita-

240 1623 298 1654 bat,
313 1627 342 1649 et
363 1628 417 1655 qua
431 1619 549 1654 quisque
567 1616 703 1650 indigeret
732 1623 770 1646 rc,
785 1622 844 1641 eam
864 1613 902 1640 illi
920 1621 1020 1648 suppe-

240 1668 355 1695 ditabat.
369 1666 402 1692 Et
414 1665 595 1692 ecclesiarum
621 1661 768 1695 hospitales
783 1661 879 1686 domos
901 1659 1021 1686 circum—

242 1715 312 1745 iens,
334 1719 382 1739 eos
410 1711 457 1745 qui
482 1708 613 1744 gravibus
630 1706 734 1733 morbis
750 1706 820 1732 lccto
841 1704 910 1731 aiiixi
929 1708 1018 1734 erant,

241 1759 357 1787 curavit.
369 1757 428 1784 Non
442 1755 515 1782 enim
532 1758 635 1780 tantum
650 1753 762 1779 illorum
778 1750 932 1785 attingebat
940 1749 1019 1781 ollas,

241 1811 269 1832 et
292 1802 401 1838 juscula
420 1800 559 1828 delibabat
575 1808 583 1826 :
601 1798 649 1826 sed
665 1802 693 1825 et
712 1796 827 1831 patellas
844 1795 1019 1827 admovebat,

243 1857 339 1886 punctu
369 1846 536 1883 apponebat,
559 1845 685 1872 ciborum
705 1842 790 1870 frusta
807 1841 952 1874 afferebat,
970 1848 1020 1875 po—

240 1897 300 1922 cula
320 1894 440 1925 elucbat,
459 1892 565 1925 aliaque
589 1890 681 1916 omnia
705 1892 830 1922 prompte
853 1892 881 1914 et
902 1887 1020 1913 feliciter

240 1939 345 1970 obibat,
366 1945 426 1972 qua:
441 1942 582 1962 servorum
606 1937 634 1960 et
649 1932 813 1959 ancillarum
840 1934 904 1958 sunt
920 1930 1018 1957 cilicia.

240 1987 279 2013 Ad
298 1993 345 2011 eos
362 1992 426 2010 vero
444 1982 491 2016 qui
517 1980 700 2007 ministerium
722 1978 791 2013 t-jus,
807 1978 879 2012 quod
896 1985 944 2011 per
964 1985 1020 2003 ma-

240 2039 293 2059 nus
321 2031 377 2064 ipsa
404 2036 468 2055 suas
496 2026 655 2060 peragebat.
685 2024 812 2051 inhibere
836 2023 1019 2055 conabantur,

241 2077 334 2103 dicere
351 2075 431 2101 solita
446 2077 504 2100 erat
522 2081 529 2099 :
546 2081 555 2097 I
574 2069 692 2106 ltttperio
707 2070 819 2105 quidem
836 2069 975 2100 convenit,
991 2072 1020 2094 ut

241 2128 339 2149 aurutn
370 2120 396 2146 id
423 2119 570 2157 largiatur;
588 2124 637 2151 ego
658 2124 723 2143 vero
739 2122 869 2142 manuum
897 2121 1018 2141 mearum

240 2175 311 2201 Opus
329 2173 379 2200 pro
397 2165 512 2199 imperio
532 2163 603 2197 ipso,
624 2163 649 2190 ei
675 2162 721 2196 qui
746 2162 773 2188 id
791 2161 875 2188 setttcl
891 2160 1018 2189 contulit.

241 2213 338 2240 otfero.
355 2221 364 2236 ι
381 2210 446 2237 Viro
469 2215 561 2237 autettt
588 2217 639 2236 suo
663 2208 725 2235 talia
752 2207 835 2234 verba
859 2208 1020 2241 frequenter

242 2258 404 2294 sultjicicbat
427 2266 435 2284 :
468 2267 477 2282 ι
503 2255 686 2284 Considerare
714 2258 741 2280 te
768 2260 887 2286 semper,
921 2252 1021 2286 conjux

241 2305 413 2334 suavissime.
431 2307 550 2337 oportet,
565 2306 593 2329 et
604 2301 730 2335 quisnam
744 2304 823 2326 antea
838 2299 934 2330 fueris,
950 2303 977 2325 ct
991 2298 1020 2325 in

240 2358 320 2378 utteut
340 2351 431 2376 locum
449 2353 475 2374 te
491 2347 615 2374 evcxcrit
631 2344 821 2372 universitatis
835 2345 916 2378 hujus
936 2344 1020 2371 Deus.

239 2396 267 2423 Si
281 2397 353 2422 enim
369 2399 530 2429 perpetuam
546 2393 606 2427 ejus
622 2392 660 2418 rei
677 2390 831 2417 obtinueris
847 2390 1018 2421 memoriam,

240 2451 294 2468 nou
313 2448 426 2476 prorsus
445 2445 470 2466 te
486 2440 521 2466 ob
544 2443 656 2471 accepta
675 2436 807 2463 beneiicia
822 2443 886 2469 erga
903 2443 964 2462 eum
979 2436 1021 2462 itt-

238 2492 345 2521 gratum
369 2485 530 2519 pnestabis:
548 2483 597 2510 sed
620 2491 653 2509 ex
670 2482 829 2516 pra-scripto
854 2482 940 2516 legum
958 2481 1017 2513 Dei,

241 2534 313 2566 quod
328 2533 362 2559 ab
374 2540 406 2558 co
423 2531 564 2565 accepisti,
576 2529 744 2565 gubernahis
756 2529 899 2562 imperium
918 2535 924 2553 :
939 2532 967 2554 et
982 2527 1018 2553 ita

1358 784 1482 810 ΚΕΦΑΛ.
1497 783 1564 810 MB’.

1068 840 1137 873 Περὶ
1153 840 1208 873 τῆς
1226 839 1381 871 εὐσεϐείας
1396 839 1445 866 καὶ
1460 838 1567 872 ἀρετῆς
1590 839 1771 871 Πλακί.ίλης
1800 837 1853 871 τῆς

1100 872 1272 907 βασιλίδος,
1288 874 1418 908 γαμετῆς
1430 874 1592 900 Θεοδοσίου
1605 872 1658 899 τοῦ
1669 873 1835 904 βασιλέως.

1111 930 1140 958 Ὀ
1156 931 1183 957 δὲ
1208 930 1334 965 βασιλεὺς
1363 930 1505 960 Θεοδόσιος
1534 930 1649 955 πλεῖστα
1667 929 1780 962 ἐνήδετο
1794 931 1852 960 ταῖς

1075 977 1237 1011 Ἀμϐροσίου
1258 977 1393 1006 παιδείαις
1407 985 1435 1002 τε
1449 977 1496 1002 καὶ
1516 976 1700 1009 νομοθεσίαις.
1721 976 1779 1010 (Ιύχ
1792 976 1851 1010 ἥκι-

1069 1031 1121 1048 στα
1133 1022 1161 1048 δὲ
1184 1023 1231 1048 καὶ
1252 1023 1268 1056 ἡ
1281 1023 1335 1047 τῶν
1350 1022 1441 1048 αὐτῶν
1467 1022 1542 1056 αὐτῷ
1567 1021 1738 1048 κοινωνοῦσα
1755 1022 1851 1056 γάμων

1068 1067 1201 1101 ὠφελείας
1229 1068 1259 1093 οὐ
1296 1068 1415 1101 σμικρᾶς
1444 1067 1573 1098 ὑπόθεσις
1599 1067 1697 1102 ἐκείνῳ
1725 1068 1848 1101 ὲγένετο’

1068 1113 1202 1147 ὁσημέραι
1217 1113 1271 1147 γὰρ
1286 1112 1340 1138 τῶν
1356 1113 1436 1138 θείων
1449 1113 1539 1146 νόμων
1554 1113 1635 1139 αὑτὸν
1648 1113 1849 1147 ἀνεμίμνησκε,

1069 1159 1159 1190 καλῶς
1183 1160 1250 1194 αὑτὴ
1274 1161 1408 1195 πρότερον
1430 1159 1538 1190 τούτοις
1560 1160 1792 1185 ὲκπαιδευθεῖσα·
1822 1159 1851 1184 οὗ

1069 1203 1123 1237 γὰρ
1138 1205 1170 1238 τῇ
1188 1203 1312 1238 βασιλικῇ
1330 1204 1475 1238 δυναστείᾳ
1491 1203 1597 1238 ἐπῆρτο
1608 1212 1615 1219 ·
1633 1203 1703 1230 ἀλλὰ
1716 1204 1763 1230 τὸν
1783 1203 1852 1230 θεῖον

1070 1250 1152 1275 πόθον
1169 1249 1269 1284 μᾶλλον
1284 1250 1368 1285 ἑαυτῇ
1394 1249 1584 1284 ὲθησαύριζεν.
1604 1249 1680 1284 Ὂσῳ
1701 1249 1757 1283 γὰρ
1773 1250 1854 1284 εὐηγ-

1068 1295 1167 1329 γέτητο
1186 1295 1305 1329 μείζονα,
1324 1295 1451 1321 τοσοῦτον
1466 1295 1512 1321 καὶ
1537 1295 1567 1321 τὸ
1583 1295 1697 1329 φίλτρον
1720 1296 1786 1328 περὶ
1809 1296 1853 1321 τὸν

1071 1339 1217 1374 εὐεργέτην
1229 1339 1329 1374 ηὔξανε
1355 1340 1539 1374 καθεκάστην.
1558 1340 1612 1366 Καὶ
1626 1340 1718 1366 τοίνυν
1734 1341 1790 1366 τῶν
1812 1342 1854 1366 νί-

1071 1393 1127 1416 σοις
1155 1386 1298 1416 παντοίαις
1316 1385 1512 1420 πεπεδημένων
1529 1387 1575 1412 καὶ
1598 1386 1798 1422 λελωϐημένων
1820 1389 1852 1413 τὰ

1071 1431 1140 1465 μέλη
1165 1431 1265 1465 πολλὴν
1293 1432 1339 1457 καὶ
1362 1431 1537 1466 παντοδαπὴν
1562 1434 1685 1459 ἐποιεῖτο
1711 1435 1850 1469 φροντίδι,

1071 1477 1139 1510 αὑτὴ
1159 1478 1193 1504 τὰ
1212 1478 1302 1504 πάντα.
1329 1478 1564 1513 καθυπουργοῡσα
1588 1479 1620 1505 δι’
1641 1480 1753 1514 ἑαυτῆς.
1778 1481 1852 1514 Ἀφι-

1071 1524 1160 1549 κνείτο
1175 1523 1241 1557 γὰρ,
1253 1524 1300 1549 καὶ
1314 1525 1375 1555 ταῖς
1391 1524 1507 1550 ἐκείνων
1537 1528 1712 1559 καταγωγαῖς
1732 1524 1775 1558 οἷς
1791 1527 1854 1553 Exa-

1071 1576 1132 1599 στος
1149 1566 1205 1603 εἶχε
1232 1568 1326 1603 χρείαν
1353 1570 1511 1604 πορίζουσα,
1535 1570 1661 1602 καὶτοὺς
1682 1571 1738 1597 τῶν
1756 1572 1854 1605 ἐκκλη-

1073 1615 1138 1640 σιῶν
1155 1614 1276 1646 ξενῶνας
1296 1615 1452 1649 περιιοῦσα,
1480 1617 1535 1647 τοίς
1561 1617 1660 1648 δεινοῖς
1684 1617 1732 1643 ἐπὶ
1754 1618 1855 1644 κλινῶν

1072 1660 1290 1694 συνεσχημένους
1308 1662 1458 1694 νοσήμασιν
1473 1661 1652 1696 ἐθεράπευεν.
1670 1663 1707 1689 Οὐ
1734 1664 1789 1698 γὰρ
1806 1666 1855 1698 μὸ-

1070 1713 1116 1731 νον
1132 1705 1184 1739 τῆς
1198 1705 1311 1732 ἐκείνων
1344 1706 1447 1741 ἥπτετο
1469 1707 1571 1741 χύτρας
1587 1709 1632 1733 καὶ
1656 1707 1750 1742 ζωμοῦ
1770 1716 1856 1744 παρε-

1071 1750 1187 1784 γεύετο,
1213 1750 1280 1777 ἀλλὰ
1311 1752 1360 1778 καὶ
1386 1751 1513 1786 τρυϐλίον
1537 1753 1672 1787 προσῆγε,
1700 1754 1748 1780 καὶ
1774 1755 1856 1789 ἄρτον

1070 1796 1164 1828 ἐτίθει,
1183 1796 1230 1823 καὶ
1246 1796 1341 1832 ψωμὸν
1367 1798 1502 1832 προσῆγε,
1528 1800 1575 1825 καὶ
1590 1799 1702 1832 ὰπένιζε
1733 1802 1855 1828 κύλικα·

1071 1844 1117 1870 καὶ
1131 1844 1215 1870 τᾶλλα
1228 1843 1318 1870 πάντα
1331 1844 1428 1877 δεξιῶς
1443 1844 1577 1880 ἔπραττεν
1591 1846 1641 1872 ὅσα
1660 1846 1730 1882 ἔργα
1751 1848 1855 1875 δούλων

1071 1890 1119 1916 καὶ
1146 1889 1348 1924 θεραπαινίδων
1374 1890 1439 1918 εἰσι.
1458 1891 1512 1917 Καὶ
1535 1892 1591 1923 τοῖς
1609 1892 1658 1925 τὴν
1684 1893 1855 1928 αὐτουργίαν

1071 1936 1180 1971 ἐπέχειν
1199 1936 1380 1971 πειρωμένοις
1395 1938 1543 1971 ἐπέφερεν,
1560 1939 1597 1969 ὡς
1615 1948 1623 1963 ι
1641 1939 1741 1972 Χρεὼν
1757 1940 1809 1975 μιν
1823 1944 1856 1977 τῇ

1072 1981 1198 2016 βασιλείᾳ
1211 1982 1311 2016 χρυσὸν
1336 1983 1475 2017 διανέμειν
1486 1992 1493 1998 ·
1510 1983 1566 2017 ἐγὼ
1591 1984 1619 2010 δὲ
1637 1971 1686 2020 τήν
1698 1986 1733 2012 δι’
1755 1971 1856 2023 tum:

1072 2027 1224 2061 ὑπουργίαν
1235 2028 1305 2063 ὑπὲρ
1315 2028 1400 2063 αὐτῆς
1412 2037 1443 2061 γε
1457 2029 1507 2063 τῆς
1522 2030 1662 2064 βασιλείας
1674 2032 1713 2066 τῷ
1725 2034 1856 2066 καθάπαξ

1072 2071 1198 2098 δεδωκότι
1220 2074 1378 2108 προσφέρω.
1397 2083 1406 2100 ι
1424 2074 1468 2109 Τῷ
1486 2083 1517 2108 γε
1542 2077 1595 2110 μὴν
1608 2076 1687 2112 ἀνδρὶ
1703 2081 1797 2105 τοιάδε
1813 2081 1856 2106 λέ-

1037 2126 1132 2161 ογειν
1156 2118 1249 2144 εἰώθει
1276 2120 1406 2150 πυκνῶς”
1431 2130 1440 2145 ι
1471 2121 1526 2147 ’Δεί
1552 2130 1581 2147 σε
1608 2122 1673 2156 χρὴ,
1702 2123 1856 2156 γλυκύτατε

1073 2165 1148 2199 ἄνερ,
1163 2165 1329 2199 λογίζεσθαι,
1344 2166 1371 2192 τί
1383 2166 1432 2201 μὲν
1447 2167 1580 2202 πρότερον
1591 2165 1678 2201 ἦσθα,
1697 2170 1750 2195 ποῦ
1767 2170 1796 2196 δὲ
1809 2171 1855 2197 νῦν

1074 2218 1104 2236 σε
1121 2211 1288 2245 κατέστησεν
1303 2211 1317 2237 ὁ
1331 2211 1383 2237 τῶν
1397 2211 1464 2237 ὅλων
1477 2212 1554 2240 Θεὸς,
1568 2211 1598 2237 Et
1613 2212 1668 2246 γὰρ
1690 2213 1796 2240 τούτων
1815 2223 1855 2240 σοι

1074 2257 1187 2290 συνεχὴς
1202 2257 1337 2290 ὲγγίνοιτο
1363 2258 1454 2292 μνεία,
1471 2257 1500 2283 οὺ
1526 2258 1634 2289 πάντως
1656 2259 1856 2294 ἁχαριστήσεις

1071 2301 1110 2335 τῷ
1123 2303 1271 2336 εὐεργέτῃ·
1290 2302 1358 2328 ἀλλά
1377 2303 1446 2329 κατὰ
1472 2303 1570 2337 νόμους
1592 2303 1671 2334 Θεοῦ,
1689 2305 1724 2338 ἣν
1753 2306 1858 2332 ἐκεῖθεν

1073 2346 1204 2381 εἰλήφειῇ
1222 2347 1445 2382 διακυϐερνήσεις
1471 2349 1576 2383 ἀρχήν
1592 2349 1641 2375 καὶ
1662 2349 1697 2375 δι’
1710 2351 1799 2385 αὐτῆς
1815 2351 1858 2377 οε-

1074 2393 1222 2427 ρατιεύσεις
1239 2393 1277 2426 τῷ
1292 2394 1396 2428 ταύτην
1414 2403 1454 2420 σοι
1471 2394 1509 2426 ὡς
1526 2394 1613 2429 πιστῷ
1625 2395 1828 2430 ἐγχειρίσαντι.
1846 2406 1854 2421 ι

1073 2439 1212 2469 Τοιούτοις
1240 2438 1272 2473 δὴ
1295 2438 1385 2472 λόγοις
1412 2439 1563 2473 ἐπᾴδουσα,
1589 2441 1624 2465 τὰ
1639 2440 1736 2466 ἐνόντα
1759 2442 1857 2475 ἐκείνῳ

1072 2482 1125 2506 τῶν
1141 2482 1220 2507 Θείων
1237 2483 1405 2516 σπερμάτων
1426 2483 1538 2518 ηὔξανε,
1564 2484 1603 2519 τῷ
1620 2487 1730 2519 συνεχεῖ
1746 2487 1802 2512 τῶν
1817 2486 1859 2511 16-

1073 2535 1129 2559 γων
1144 2527 1261 2562 ἄρδουσα
1278 2529 1406 2563 ῥεύματι.

239 2588 302 2606 eum
323 2581 368 2613 qui
386 2579 412 2605 id
433 2578 480 2605 tibi
503 2583 532 2604 ut
549 2577 621 2603 ﬁdeli
639 2575 766 2603 ministro
786 2574 935 2605 commisit.
965 2573 1017 2599 rite
1037 2573 1119 2600 coles.
1141 2583 1149 2599 ι
1186 2574 1360 2608 Ejuscctnodi
1377 2575 1460 2603 verba
1477 2578 1614 2609 accinctis,
1632 2585 1694 2612 qua:
1714 2579 1742 2606 ei
1777 2579 1857 2607 insita

239 2631 317 2652 erant
330 2626 422 2653 divina
438 2623 569 2652 eicitavit
585 2623 701 2656 semina,
718 2623 849 2650 continuo
863 2620 1080 2648 adumnitiouuut
1099 2620 1173 2648 ﬂuxu
1192 2629 1223 2648 ca
1243 2622 1343 2656 rigans.
