1898 3054
78 105 126 136 937

539 101 835 133 ECCLESlAS'I‘lQE
857 100 1046 130 “281‘thle
1065 100 1135 129 ΜΒ·
1156 92 1243 130 Xill.

1637 94 1688 128 938

79 163 178 194 καινὸν,
193 161 216 188 εἰ
232 162 280 187 καί
297 169 364 187 τισιν
378 160 407 186 οὗ
425 160 505 192 καλὸς
524 160 623 191 ἐδόκει,
640 159 699 185 snsi
711 159 750 185 τοί
764 167 794 192 γε
813 157 859 184 καὶ

922 156 1048 190 ιτίιιρίρὶο
1060 155 1213 188 exhiberet,
1231 156 1317 182 durus
1332 155 1441 190 quidam
1457 155 1583 190 etgravis‘
1598 154 1692 182 admo-

78 209 105 234 τι
119 208 180 242 μέλι
195 207 297 242 πικρὸν
329 207 385 238 τοῖς
412 206 552 240 ίκτεριῶσι
576 207 660 232 δοκεῖ.
687 205 811 232 Μάλιστα
827 203 860 235 δ’,

79 255 111 284 ὥς
127 262 222 288 φασιν,
238 254 335 287 ἐνῆγεν
360 252 430 278 οὕτω
455 253 511 283 τοῖς
542 251 650 282 πολλοῖς
680 249 861 285 προσκρούειν

77 301 219 335 Σαραπίων
232 300 246 326 ὁ
263 299 398 335 μαθητής.
415 299 464 325 Ὃν
483 306 547 324 ποτε
574 298 714 333 παρῤησὶᾳ
728 296 780 322 τῶν
796 303 861 328 συγ-

77 347 184 381 κίἡρων
201 346 311 372 πάντων
330 345 409 378 λόγος
425 344 523 376 εἰπεῖν,
534 343 571 375 ὡς
590 353 598 369 ‹
619 343 675 370 Οὐκ
688 343 720 369 ἄν
736 351 766 376 γε
782 342 862 375 δυνη-

78 392 150 426 θείης
165 391 269 422 πάντας
285 391 375 424 λόγοις
390 390 491 422 ἕλκειν,
506 390 530 416 εί
547 389 584 425 μὴ
602 390 648 415 καὶ
664 389 780 424 μάστιγι
796 388 863 414 πάν-

78 447 128 469 τως
143 437 267 464 ἐλαύνειν
285 436 501 471 προθυμηθείης.
522 445 529 461 ι
548 436 580 462 Ὂ
596 435 627 470 δὴ
639 435 731 470 ῥηθὲν,
750 434 863 466 πολλοὺς

77 485 114 514 είς
129 485 206 515 μῖσος
226 483 297 510 κατὰ
314 483 359 508 τοῦ
376 482 525 508 ἐπισκόπου
555 482 650 516 ἐνῆκεν
674 483 704 507 οὐ
739 482 862 516 μέτριον.

80 529 132 555 Καὶ
150 529 182 563 δὴ
202 528 308 554 πολλῶν
335 528 384 561 τῆς
414 526 576 561 Ἐκκλησίας
607 526 792 561 ἀπεωσμένων
817 526 863 552 ἐπὶ

76 576 215 609 διαφόροις
226 577 280 606 τοῖς
293 575 460 609 αἰτιάμασιν,
473 575 584 607 ἐκεῖνοι,
595 572 692 607 οἷάπερ
709 572 790 606 φιλεῖ,
802 572 862 599 καθ’

78 623 190 653 ἑαυτοὺς
216 622 364 653 συνιόντες,
396 621 463 654 πρὶς
478 622 508 646 τὸ
534 619 611 652 δόξαν
631 621 686 650 τοῖς
717 618 863 654 κρατοῦσιν

77 667 180 701 ὡρμωιι
200 674 208 681 ·
223 666 270 691 καὶ
287 666 403 699 φατρίαν
421 665 470 690 οὐκ
494 664 593 698 ἀγεννῆ
611 665 820 699 συστησάμενοι,
833 663 862 690 οὐ

79 712 206 747 μετρίαις
238 712 359 747 ἐχρῶντο
386 712 447 738 κατ’
467 711 549 737 αὑτοῦ
578 711 723 741 διαϐολαῖς,
750 711 804 737 Καί
832 718 863 744 γε

80 761 171 785 πίστιν
188 761 303 794 παρεῖχε
315 759 348 785 τὰ
365 759 510 793 εἰρημένα,
524 759 564 784 ὅτι
584 759 621 793 μὴ
640 758 788 784 συνεσοῐων
809 757 864 783 τινὶ

78 809 91 833 ὀ
109 807 238 840 Ἰωάννης
253 807 424 841 πεφώραται.
445 806 506 840 μηδ’
524 805 565 840 ἐφ’
579 805 673 832 ἑστίαν
689 805 745 832 ἰών.
768 804 811 836 Ἐξ
827 802 864 830 ὧν

80 852 126 877 καὶ
141 850 253 885 μείζους
267 850 363 885 ἐκείνῳ
382 849 504 876 διαϐολαὶ
519 851 706 885 ἀνηγεὶροντο.
732 850 788 875 Τίνι
815 849 864 883 μὲν

80 895 124 923 οὖν
140 897 212 930 λόγῳ
233 896 305 922 τοῦτ’
318 896 464 930 ἕπρειττεν,
481 897 567 926 οὐδεὶς
591 896 684 929 σαφῶς
707 895 841 930 ἤγγελλεν
854 902 861 910 ·

79 944 102 968 οἱ
119 942 140 968 δ’
158 942 266 968 ἐκείνου
284 941 498 976 ἀπολογούμενοι
514 941 562 977 τὴν
575 943 684 976 μακρὰν
702 941 867 976 προεόά).ον-

79 997 109 1014 το
121 989 250 1022 ἄσκησιν,
272 988 319 1015 καὶ
339 985 369 1015 τδ
390 987 530 1022 δυσφόρως
550 988 622 1022 ἕλειν
650 988 695 1014 τὸν
720 987 865 1023 στόμαχον,

81 1032 201 1062 ἀσθενῶς
216 1029 319 1066 περὶτδ
331 1025 441 1058 ’πέττειν
456 1031 554 1066 ἔχοντα
582 1031 616 1057 τὰ
639 1031 722 1058 σιτία.
742 1031 816 1063 Τέως
843 1031 866 1058 δ’

82 1079 155 1108 ὅπως
174 1075 260 1112 εἶχεν,
276 1077 306 1103 οὐ
336 1078 438 1112 μικρὰν
468 1077 537 1111 τάχα
567 1078 680 1112 παρεῖχε
703 1077 787 1112 λαῦὴν
811 1078 867 1109 τοῖς

81 1123 210 1153 ἐναντίως
228 1122 422 1156 διακειμένοις.
443 1122 481 1148 Τὸ
492 1122 519 1148 δέ
533 1131 565 1155 γε
584 1122 687 1157 πλῆθος
706 1123 749 1149 διὰ
765 1123 795 1149 τὸ
819 1123 868 1158 τῆς

82 1170 256 1199 διδασκαλίας
274 1168 460 1202 ἅφθονον,καὶ
483 1169 533 1203 τὴν
563 1168 669 1195 ἐκεῖθεν
692 1167 868 1203 πηγάζουσαν

80 1217 185 1251 δνησιν,
213 1215 317 1250 σφόδρα
353 1214 472 1250 ὲξείχετο
501 1213 546 1240 τοῦ
578 1214 692 1249 ἀνδρὸς,
721 1215 868 1249 ὑπερφυῶς

81 1261 200 1296 ἐρῶντες
217 1259 267 1295 τῆς
283 1259 418 1294 γλώττης,
432 1259 469 1290 ὡς
484 1251 536 1285 Δκαὶ
564 1260 756 1295 Χρυσόστομον
787 1260 869 1287 αὑτὸν

83 1306 256 1341 προσειπεῖν,
269 1305 297 1331 τδ
312 1303 480 1339 ὑπερϐάλλον
496 1305 545 1338 τῆς
562 1304 674 1340 ἐνούσης
693 1305 805 1340 χάριτος
826 1305 868 1331 αἱ-

83 1353 236 1388 νιττόμεπξ.
248 1359 254 1365 ·
270 1353 315 1378 καὶ
327 1352 452 1385 οὐδαμῶς
474 1351 529 1378 τῶν
554 1353 707 1387 ἐρεσχελεῖν
723 1351 869 1387 ᾑρημένων

82 1400 178 1426 τοῦτον
192 1397 361 1433 ἐφρόντιζον.
377 1397 409 1423 Τί
431 1397 459 1424 δὲ
487 1397 540 1432 χρὴ
568 1397 658 1430 λέγειν
677 1395 755 1429 αὖθις
781 1396 869 1423 ὁποῖοί

83 1451 154 1474 τινες
173 1442 272 1480 ἐκείνῳ
288 1440 358 1477 ἦσαν
380 1442 404 1468 οι
430 1441 516 1475 λόγοι,
543 1442 599 1468 ὅσοι
626 1441 674 1476 μὲν
702 1442 869 1477 γραφόμενοι

83 1486 350 1520 ἐξεδίδοντῇβσοιδὲ
375 1486 500 1520 λέγοντος
529 1485 581 1511 ὑπὸ
604 1485 659 1511 τῶν
685 1485 869 1520 ταχυγράφων

83 1534 304 1568 ἀνεὶαμὸάνοντῡ
318 1541 325 1565 ;
340 1533 386 1559 καὶ
407 1531 508 1567 μᾶλλον
531 1532 555 1558 ol
586 1531 718 1563 πλεῖστοι,
741 1532 814 1563 ὅπως
840 1539 870 1557 τε

83 1579 207 1615 λαμπροὶ
224 1579 296 1611 λίαν,
327 1578 374 1604 καὶ
399 1578 429 1604 τδ
455 1577 599 1611 ἐπαγωγόν
622 1585 651 1603 τε
681 1577 739 1611 ἅμα
764 1577 812 1604 καὶ
842 1577 872 1603 τδ

85 1627 181 1660 Θὲὶγον
199 1625 273 1658 μάλα
300 1623 519 1659 προὸεόλημένοι
535 1631 543 1656 ;
559 1623 617 1655 ἐξὸν
633 1623 806 1658 ἐντυγχάνειν
834 1623 873 1657 τῷ

85 1670 240 1705 βουλομένῳ
273 1669 455 1702 ἀναλέγεσθαι
480 1677 510 1694 τε
543 1668 675 1700 τούτους,
702 1669 748 1693 καὶ
770 1667 820 1701 τὴν
843 1668 873 1700 ἐξ

85 1718 199 1744 ἐκείνων
225 1715 397 1753 καρποῦσθαι
429 1715 563 1749 ὠφέλειαν
579 1723 585 1729 '
601 1714 668 1749 πρὸς
695 1714 724 1740 δὲ
750 1715 796 1741 καὶ
823 1714 872 1748 τὴν

86 1763 161 1789 θεὲαν
191 1761 289 1795 ἡδονὴν
310 1759 501 1795 ὰπαρύεσθαι·
526 1759 564 1790 ὡς
589 1760 635 1786 καὶ
659 1759 748 1786 δοκεῖν
774 1758 872 1791 ἐξεῖναι

87 1809 167 1840 Θεῐως
184 1807 330 1842 βακχεύειν
346 1807 393 1833 καὶ
406 1806 533 1841 σώφρονα
559 1806 714 1841 μαίνεσθαι.
735 1806 805 1833 Ἀλλ’
819 1805 872 1834 ἕως

88 1856 135 1889 μὲν
155 1854 196 1888 τῷ
213 1853 307 1887 κλήρῳ
324 1854 396 1887 μόνῳ
413 1852 591 1887 προσέῆαλεν,
607 1852 754 1888 ἀρῤώστως
771 1849 843 1886 εῖχεν
856 1853 872 1886 ἡ

87 1901 145 1927 κατ’
158 1899 243 1925 αὑτοῦ
262 1899 356 1934 μανία,
373 1898 419 1924 καὶ
433 1898 534 1934 ἣκιστα
548 1899 614 1934 δρᾷν
630 1906 654 1924 τι
675 1897 802 1933 δεδύνητο
811 1898 872 1924 κατ’

87 1945 172 1972 αὐτοῦ
184 1953 191 1961 ·
209 1945 285 1976 ὡςδὲ
303 1945 350 1971 καὶ
364 1944 428 1975 τοὺς
443 1945 472 1970 ὲν
487 1945 558 1971 τέλει
574 1945 614 1973 εἰς
631 1943 782 1978 τούμφανὲς
798 1944 873 1969 ἐπει-

87 1992 152 2026 ρᾶτο
166 1990 329 2025 διελέγχειν,
343 1989 493 2025 τηνικαῦτα
506 1993 552 2016 καὶ
567 1990 581 2015 ὁ
597 1989 660 2016 κατ’
687 1990 791 2016 ἐκείνου
808 1989 873 2024 (906-

86 2046 131 2069 νος
165 2038 207 2067 είς
239 2037 310 2072 μέγα
337 2036 485 2071 ἀνήπτετο,
516 2035 562 2062 καὶ
591 2035 674 2062 πολλὰ
697 2034 756 2062 κατ’
788 2035 870 2062 αὑτοῦ

85 2084 214 2110 ἐκινεῖτο.
233 2082 331 2116 Ἐνῆγε
350 2082 373 2109 δ’
387 2082 502 2108 ἕκαστον
528 2081 596 2116 πρὸς
610 2082 640 2108 τὸ
661 2080 756 2108 δοκοῦν
783 2080 873 2116 ἐαυτῷ

86 2131 134 2156 καὶ
150 2131 211 2161 ταῖς
229 2129 366 2160 διαὸολαῐς
390 2128 530 2156 πιστεύειν
552 2130 583 2156 ὲκ
607 2129 653 2156 τοῦ
689 2129 872 2164 παρήκοντος,

84 2178 159 2209 ὅπως
180 2177 214 2203 ἃν
231 2177 342 2211 ὲλέγχου
360 2176 376 2211 η
394 2177 490 2211 μίσους
510 2175 576 2211 πρὸς
591 2174 671 2202 αὺτὸν
684 2173 766 2210 εἶχεν.
784 2175 872 2209 Προσ-
887 2164 912 2195 Ῐ)

86 2225 175 2258 θήκην
207 2223 281 2249 δ’ὅτι
303 2222 433 2258 πλείστην
456 2222 596 2257 ἐνεποίησε
621 2223 653 2256 τῇ
681 2220 742 2248 κατ’
766 2221 872 2248 ἐκείνου

85 2270 202 2305 διαὸολῇ
228 2270 245 2305 ἡ
281 2268 341 2295 κατ’
362 2269 513 2304 Εὐτροπίου
541 2269 615 2303 αὑτῴ
638 2267 729 2302 ὁμιλία
751 2268 874 2302 ἀναγνω-

86 2317 193 2343 σθεῖσα.

914 201 979 228 dum
997 208 1056 228 esse
1071 201 1146 228 visus
1161 207 1202 228 est
1218 201 1396 235 peccantibus
1412 209 1418 228 :
1436 201 1609 235 potissimum
1629 209 1692 228 vero

913 248 962 278 eis,
985 247 1031 281 qui
1052 247 1078 273 in
1093 247 1167 274 clero
1184 247 1311 274 absurdis
1324 247 1478 282 gaudebant
1495 247 1583 274 faelis.
1599 245 1693 283 Itaque

914 299 1040 326 magnum
1065 292 1197 319 adversus
1213 301 1275 319 eum
1298 293 1392 320 odium
1415 299 1455 320 est
1473 298 1646 325 succensum,
1667 297 1695 320 ct

914 337 991 364 multi
1006 338 1143 365 hostiliter
1153 338 1228 364 illum
1241 338 1425 366 declinabant.
1439 336 1605 365 Multitudini
1618 335 1695 371 vero,

913 390 995 417 quam
1009 384 1119 411 assidua
1135 384 1260 411 doctrina
1273 384 1456 415 demulcebat,
1474 384 1590 410 maxime
1604 387 1697 418 gratus

913 429 975 456 fuit.
1000 429 1092 465 Neque
1117 430 1187 458 adeo
1205 430 1303 457 mirum
1320 434 1371 459 est.
1386 431 1406 456 si
1424 430 1587 464 quibusdam
1607 426 1698 457 minus

913 475 1001 502 bonus
1013 475 1088 503 visus
1099 481 1142 502 est
1156 484 1162 502 :
1181 484 1242 502 nam
1258 476 1312 503 mel
1329 476 1438 510 quoque
1456 475 1531 510 regio
1547 474 1643 502 morbo
1658 475 1699 506 la.

914 520 1075 548 brirantibus
1105 529 1228 548 amarum
1256 519 1376 548 videtur.
1408 521 1583 548 Potissimum
1615 528 1694 552 vero.

913 568 992 594 siculi
1017 567 1118 599 ferunt,
1137 571 1166 594 ut
1190 566 1291 594 mullos
1308 567 1345 594 ita
1361 566 1535 600 ostenderet,
1563 566 1696 601 Serapion

912 621 974 640 eum
1005 613 1156 648 discipulus
1185 613 1302 641 induxit.
1325 612 1406 648 350
1431 613 1516 645 Quem
1548 613 1696 646 aliquando

913 666 1006 694 aperte
1023 660 1048 687 in
1066 660 1292 695 cleriprmsentia
1311 661 1412 687 dixisse
1426 660 1497 687 fama
1516 664 1569 691 est,
1589 669 1598 685 ‹
1619 660 1696 686 illiilli

914 713 969 733 non
993 714 1089 733 onmes
1108 706 1231 733 oratiouna
1253 706 1418 733 allecturu'm
1436 713 1508 739 esse,
1534 706 1586 732 nisi
1612 706 1696 732 etiam

914 751 1019 786 ﬂagello
1045 753 1156 780 omnino
1178 760 1226 779 eos
1246 751 1441 786 compelleret;
1466 760 1475 778 ι
1495 751 1568 786 quod
1592 748 1696 778 dictum

916 798 943 825 in
958 798 1050 825 odium
1068 802 1095 825 et
1119 798 1247 825 invidiam
1272 806 1326 825 non
1349 798 1513 825 mediocrem
1538 791 1696 832 episcopum

915 846 987 879 apud
1004 845 1103 872 multos
1117 845 1238 872 adduxit.
1255 845 1402 872 Enimvero
1414 845 1507 871 multis
1519 844 1555 871 ita
1571 844 1605 871 ob
1622 844 1698 871 varia

917 890 1033 917 crimina
1047 890 1168 918 Ecclesia
1179 890 1284 925 ejectis,
1297 890 1335 916 illi
1349 889 1494 917 sententiis
1505 897 1533 916 se
1546 889 1698 924 primorum

916 940 945 964 et
980 937 1141 971 Optimatum
1177 935 1421 963 accommodabant
1443 945 1449 961 :
1478 939 1505 962 el.
1532 933 1613 962 sicuti
1639 935 1698 962 fieri

917 983 1048 1014 assuevit,
1064 983 1091 1010 in
1110 983 1277 1018 ejnseemodi
1296 990 1392 1009 eorum
1409 980 1457 1016 qui
1478 981 1561 1008 rebus
1577 986 1699 1015 prazsunt

919 1029 1115 1063 impotentibus
1129 1029 1273 1055 conatibus
1289 1029 1360 1055 inter
1377 1035 1406 1056 se
1421 1027 1631 1060 conveniebant,
1652 1034 1699 1054 so-

917 1074 1098 1110 dalitatesque
1118 1080 1146 1102 et
1167 1075 1385 1110 conspirationes
1407 1083 1461 1102 non
1485 1072 1699 1101 Contemnendas

918 1119 1114 1151 instituebant,
1136 1126 1218 1154 atque
1235 1128 1297 1147 eum
1314 1128 1366 1146 non
1386 1120 1572 1147 mediocribus
1587 1123 1700 1154 expete-

919 1165 984 1192 bant
999 1165 1152 1193 calumniis.
1167 1166 1200 1193 Et
1214 1174 1274 1201 quae
1286 1165 1325 1193 illi
1341 1166 1368 1193 in
1383 1175 1444 1194 eum
1463 1167 1603 1198 dicebant,
1619 1165 1700 1192 fidem

919 1211 1103 1238 obtinebant:
1130 1212 1203 1246 quod
1227 1220 1289 1239 cum
1317 1212 1378 1240 aliis
1403 1212 1494 1239 cibum
1518 1216 1634 1248 capere,
1653 1217 1701 1238 aut

920 1258 1043 1285 convivia
1070 1258 1146 1286 adire
1172 1259 1290 1287 Joannes
1314 1257 1505 1293 deprehensus
1529 1267 1584 1286 non
1614 1263 1699 1286 esset.

919 1303 978 1336 Qua
995 1311 1028 1331 ex
1046 1312 1075 1330 re
1096 1304 1212 1332 crimina
1227 1304 1329 1339 majora
1345 1303 1544 1332 excitabantur.
1561 1303 1620 1338 Quo
1635 1311 1702 1332 vero

921 1350 1036 1377 consilio
1054 1351 1081 1377 id
1098 1351 1145 1378 ille
1160 1351 1266 1384 fecerit,
1283 1359 1366 1378 nemo
1381 1351 1454 1379 clare
1471 1351 1551 1378 dixit.
1568 1351 1620 1384 Qui
1635 1359 1702 1378 vero

920 1403 982 1423 eum
997 1395 1159 1429 defendunt,
1173 1397 1329 1424 diuturnam
1346 1397 1519 1432 praetendunt
1533 1398 1595 1425 vita:
1609 1401 1702 1425 auste-

923 1452 960 1472 rae
984 1444 1178 1479 disciplinam:
1200 1450 1226 1472 et
1248 1444 1320 1479 quod
1339 1452 1438 1479 aegrum
1462 1444 1577 1472 haberet
1601 1449 1704 1471 stoma-

883 1498 904 1527 (ς
922 1489 1015 1521 chum,
1032 1489 1079 1524 qui
1098 1497 1152 1516 non
1173 1489 1251 1516 facile
1268 1489 1359 1517 cibum
1381 1495 1576 1525 concoqueret.
1599 1489 1704 1517 Uteun-

925 1543 978 1570 que
998 1540 1088 1562 autem
1104 1543 1134 1563 se
1153 1543 1196 1563 res
1213 1536 1318 1568 habuit,
1336 1544 1389 1563 non
1411 1544 1520 1571 parvam
1537 1535 1704 1564 adversariis

922 1582 957 1609 ad
980 1582 1210 1609 obtrectationem
1229 1590 1260 1609 ea
1287 1583 1401 1617 praebuit
1419 1582 1601 1610 occasionem.
1622 1582 1703 1610 Plebs

923 1633 1014 1655 autem
1034 1633 1146 1664 propter
1169 1628 1302 1655 doctrina:
1320 1625 1490 1660 ubertatem,
1513 1633 1541 1656 et
1562 1636 1623 1663 qua:
1640 1628 1704 1656 inde

923 1673 1074 1708 proﬂuebat
1088 1673 1250 1710 utilitatem,
1269 1681 1301 1700 ex
1327 1682 1360 1701 eo
1382 1673 1442 1700 viro
1465 1673 1541 1700 valde
1556 1673 1704 1708 pendebat,

924 1720 1038 1747 mirifice
1063 1720 1137 1747 illius
1155 1721 1273 1755 linguam
1289 1719 1421 1747 dcamans
1437 1718 1444 1747 ἐ
1467 1719 1535 1747 adeo
1557 1725 1585 1747 ut
1601 1719 1705 1756 Χρυσό-

924 1774 1034 1800 στομον,
1063 1765 1114 1792 hoc
1139 1771 1191 1799 est,
1217 1765 1293 1793 aurei
1319 1766 1376 1793 oris
1404 1766 1544 1793 hominem
1567 1768 1707 1802 cognomi-

924 1818 1021 1844 narct;
1050 1816 1104 1839 tam
1133 1817 1308 1846 praestantem
1336 1812 1410 1838 illius
1430 1812 1546 1847 gratiam
1563 1820 1595 1839 co
1620 1813 1706 1840 verbo

924 1856 1089 1890 signiﬁcans.
1114 1856 1206 1890 Neque
1235 1855 1281 1883 ille
1304 1857 1453 1890 quidquam
1476 1863 1524 1884 eos
1543 1857 1590 1892 qui
1612 1863 1706 1885 contra

923 1909 986 1929 cum
1003 1902 1191 1933 blaterabant,
1208 1902 1329 1929 curabat.
1347 1902 1418 1935 Quid
1439 1903 1513 1930 enim
1534 1911 1643 1937 rursum
1662 1904 1707 1932 hic

924 1947 1015 1975 dicere
1030 1948 1140 1979 attinet.
1154 1948 1248 1983 quales
1259 1949 1319 1984 ejus
1331 1949 1432 1977 iuerint
1446 1949 1596 1982 orationes,
1611 1951 1706 1984 quales

925 1994 967 2020 vel
996 1994 1053 2028 ipse
1077 1993 1192 2028 scriptas
1219 1994 1324 2028 edidit,
1351 1995 1393 2022 vel
1419 2003 1453 2023 eo
1476 1995 1584 2024 dicente
1605 1998 1706 2025 notarii

924 2041 1026 2068 celeres
1044 2041 1175 2075 plurimas
1190 2042 1340 2076 excepere?
1360 2041 1446 2075 Quam
1463 2043 1613 2078 splendidis
1631 2052 1707 2071 nam~

925 2095 978 2122 que
993 2087 1058 2120 sint,
1074 2092 1155 2122 atque
1171 2087 1205 2114 ad
1221 2088 1444 2122 persuadendum
1462 2089 1544 2120 simul
1559 2095 1587 2117 ct.
1602 2090 1708 2118 demul-

926 2131 1041 2159 cendum
1060 2133 1236 2167 compositae,
1258 2133 1377 2168 experiri
1392 2135 1417 2161 ei
1432 2134 1513 2167 licet,
1534 2135 1581 2170 qui
1597 2143 1707 2163 versare

925 2186 971 2206 eas
990 2182 1017 2205 et
1036 2178 1144 2213 legere,
1173 2178 1375 2215 utilitatemque
1400 2188 1494 2208 earum
1519 2183 1659 2218 percipere
1681 2187 1709 2210 ct

927 2225 1093 2259 voluptatem
1111 2224 1231 2251 divinam
1254 2225 1364 2253 haurire
1378 2234 1411 2253 ex
1426 2227 1467 2254 eis
1485 2228 1551 2255 velit
1566 2238 1572 2255 :
1593 2229 1662 2255 adeo
1680 2233 1709 2256 ut

926 2269 1046 2303 seipsum
1065 2269 1158 2296 divino
1175 2271 1294 2304 quodam
1314 2272 1396 2299 modo
1413 2272 1584 2306 intemperiis
1599 2275 1707 2308 agitari,

927 2320 955 2342 ct
976 2317 1113 2342 moderate
1131 2316 1335 2350 prudenterque
1351 2316 1471 2344 insanire
1485 2317 1643 2344 crediturus
1661 2319 1708 2345 sit.

85 2362 223 2390 Craterum
241 2361 361 2397 quandiu
387 2369 448 2389 cum
474 2362 548 2388 clero
574 2365 677 2389 tantum
701 2361 874 2388 conﬂictatus
894 2366 945 2393 est,
976 2361 1109 2389 infirmior
1124 2362 1256 2389 adversus
1275 2370 1338 2389 eum
1354 2363 1405 2389 fuit
1419 2363 1506 2395 furor,
1523 2371 1612 2398 neque
1628 2364 1707 2398 quid-

86 2420 169 2447 quam
190 2411 299 2438 etliccre
314 2411 414 2445 potuit.
430 2410 481 2437 Ubi
493 2415 584 2436 autem
600 2410 776 2444 magistratus
791 2409 874 2436 etiam
895 2410 1034 2444 propalant
1062 2418 1178 2444 arguere
1209 2410 1302 2445 coepit,
1316 2415 1374 2438 tum
1387 2411 1496 2438 demum
1510 2414 1596 2446 major
1611 2411 1707 2438 adver-

88 2466 135 2485 sus
158 2465 223 2485 cum
250 2459 385 2485 concitata
402 2462 445 2484 cst
469 2457 589 2488 invidia,
606 2456 745 2490 multaque
781 2456 807 2482 in
832 2463 894 2482 eum
915 2460 978 2482 sunt
1004 2461 1116 2484 tentata.
1140 2451 1174 2483 Et
1194 2458 1311 2492 quisque
1343 2465 1391 2492 pro
1410 2465 1443 2484 eo
1466 2462 1548 2492 atque
1569 2458 1594 2484 ei
1619 2457 1707 2484 visum

86 2512 171 2538 eSset,
196 2511 244 2533 aut
268 2506 337 2532 forte
361 2504 576 2540 reprehensione
598 2504 640 2530 vel
679 2505 742 2531 odio
766 2505 794 2530 in
833 2504 908 2531 illum
930 2504 1071 2538 ﬂagraret,
1095 2505 1239 2532 calumniis
1263 2506 1288 2533 ei
1314 2506 1453 2533 intentatis
1477 2505 1557 2532 ﬁdem
1583 2507 1707 2533 habebat.

86 2553 240 2580 Plurimum
256 2557 348 2580 autem
362 2552 492 2579 momenti
506 2551 538 2578 ad
552 2550 778 2577 obtrectationem
798 2550 871 2577 illius
890 2552 982 2578 attulit
1012 2551 1101 2579 oratio
1117 2552 1260 2586 popularis
1293 2553 1364 2587 ejus,
1381 2559 1477 2580 contra
1494 2553 1655 2587 Eutropium
1672 2552 1707 2580 ab

87 2600 149 2635 ipso
169 2600 252 2627 lecta.

254 2865 387 2895 ΡΑτιιυι..
408 2863 466 2892 Gn.
481 2860 597 2891 CXLVI

1500 2856 1538 2889 30
