1898 3054
78 115 130 143 £65

504 115 799 145 ECCIESIASTICKE
819 115 1009 146 HISTORI/‘E
1028 115 1098 144 LIB.
1122 115 1204 144 XIII.

1642 113 1696 145 966

79 177 148 199 σοις,
165 167 241 199 δίκας
257 168 319 202 ἄρτι
334 168 430 200 δώσεις
446 169 522 204 ἡμῖν,
537 170 653 201 dat—2606;
668 173 715 197 καὶ
729 171 864 206 οεομάκου

921 170 1047 196 damnare
1063 174 1181 203 oportet.
1199 168 1265 195 Nam
1285 169 1348 204 quia
1365 176 1396 196 ex
1416 169 1555 196 monachis
1571 169 1696 196 nonnulli

77 213 159 246 δόξαν
171 213 382 248 κληρούμενος.)
399 214 528 248 θεόφιλος
542 215 580 246 δὲ,
598 225 607 240 ι
631 216 701 243 Ἀλλ’
716 217 778 251 ἐμοὶ
788 216 867 243 τοῦτο

77 259 111 283 ἑκ
129 257 200 284 πάνυ
226 257 324 284 πολλοῦ
340 258 475 290 δέδοκται,
502 260 549 285 καὶ
577 260 591 286 ὃ
613 260 689 293 φίλον
714 261 778 295 ὑμῖν
800 261 866 296 δρᾷν

78 303 192 337 ἕτοιμος
206 311 214 318 ·
228 303 276 338 οὐχ
292 301 373 340 ἦττον
388 305 441 341 γὰρ
460 305 537 340 ὑμῶν
556 306 634 340 κάγὼ
648 307 703 338 τοῖς
713 307 866 342 Ὡριγένους

79 347 298 382 συγγράμμασιν
323 349 454 383 ἄχθομαι,
482 351 528 376 καὶ
549 352 606 381 τοῖς
626 352 695 378 αὐτὰ
713 352 866 388 παραδεχο-

78 393 199 427 μένοις.)
221 393 249 420 '0
266 394 316 428 μὲν
330 393 377 421 οὖν
391 394 460 422 οὕτω
473 396 504 423 τό
519 405 547 422 τε
564 398 655 431 στῖφος
672 397 725 424 τῶν
741 399 866 433 μοναχῶν

76 439 304 475 ἀποϐουκολήσας
324 449 352 467 τε
373 442 420 468 καὶ
437 443 713 477 παρακρουσάμενος,
737 444 786 479 τὴν
805 445 867 472 στά-

78 493 122 511 σιν
147 484 259 512 διέλυεν.
278 486 359 517 Ἴσως
382 486 404 513 δ’
418 487 450 513 ἂν
468 489 514 514 καὶ
529 489 545 522 ὴ
561 489 623 523 περὶ
639 488 733 515 τούτου
752 488 866 523 ζήτησις

78 531 230 564 τηνικαῦτα
242 532 319 564 τέλος
337 530 392 567 εἶχε
410 534 455 559 καὶ
468 534 642 560 παντάπασιν
661 535 829 567 ἀπεπαύετο,
842 535 866 561 εἰ

75 574 116 608 μὴ
133 574 263 607 Θεόφιλος
291 575 360 606 ιδίας
374 577 455 611 χάριν
469 576 570 611 ἔχθρας
589 578 752 612 τεθνηκυῖαν
772 578 867 613 ὥσπερ

72 619 184 654 ἁναζῇν
193 620 267 651 αὖθις
280 620 329 654 τὴν
342 622 472 656 τοιαύτην
488 623 576 649 ἐποίει
592 623 717 658 ζήτησιν,
735 624 866 659 ἄντικρυς

73 665 120 691 διὰ
141 665 232 699 μάχης
250 665 299 692 ἰὼν
323 666 471 701 Ἀμμωνίῳ
482 668 529 692 καὶ
544 668 692 702 Διοσκόρῳ,
707 668 827 702 Εὑοεὸἱῳ
837 677 866 693 τε

73 711 124 738 καὶ
140 711 278 745 Εὐθυμίῳ,
303 711 328 738 οἴ
348 712 455 747 ἀδελφοῖ
473 713 523 748 μὲν
549 711 627 748 ἦσαν,
653 714 683 740 τὸ
709 715 824 749 ἐπίκλην
839 715 866 741 δὲ

72 756 191 790 Μακραὶ
203 756 369 791 ἐπεφέροντο
381 758 424 783 διὰ.
439 756 488 793 τὴν
501 758 609 792 ἡλικίαν
622 759 670 784 τοῦ
686 759 810 793 σώματος
820 769 827 775 ·
842 760 866 786 οἳ

73 801 220 835 εὐδόκιμοι
246 803 301 828 τῶν
316 802 344 828 ὲν
370 803 469 837 Σκήτει
485 804 568 830 πάλαι
593 805 744 839 γενόμενοι,
773 805 865 840 ὥσπερ

918 216 944 242 in
972 223 1068 242 eorum
1096 215 1242 242 lectionem
1270 215 1435 248 inciderunt,
1456 219 1486 242 ut
1506 216 1542 242 ita
1566 215 1695 247 sentiant,

916 260 1041 296 persuasi
1065 265 1141 292 sunt,
1159 260 1295 294 nobisque
1321 260 1502 287 adversantur
1522 268 1529 286 :
1546 261 1586 286 sin
1606 260 1632 287 id
1657 261 1698 287 fa-

916 313 979 333 cere
995 306 1084 338 noles,
1106 313 1200 341 pomus
1217 314 1290 332 nunc
1305 306 1393 338 dabis,
1408 306 1454 340 qui
1474 306 1586 341 impiam
1601 310 1628 333 et
1644 306 1698 334 Deo

918 355 1116 387 repugnantem
1141 350 1299 385 opinionem
1322 351 1456 385 sequaris.
1479 360 1488 377 ›
1515 351 1585 378 Tum
1607 351 1700 378 Theo-

916 397 1008 433 philus
1027 406 1034 425 :
1061 407 1071 424 ‹
1091 397 1145 425 Sed
1168 401 1196 424 et
1224 405 1283 424 mea
1307 397 1424 428 dudum.
1445 398 1546 431 inquit,
1568 398 1624 425 hinc
1648 398 1700 426 fuit

917 443 1070 476 sententia,
1090 448 1119 471 et
1143 444 1218 478 quod
1236 443 1316 471 vobis
1340 443 1472 478 placitum
1493 448 1544 476 est,
1564 443 1590 471 id
1611 444 1700 472 facere

918 495 1030 525 paratus
1056 497 1126 517 sum.
1147 490 1208 517 Non
1235 489 1326 516 minus
1353 497 1484 523 namque.
1507 497 1588 523 quam
1611 489 1699 521 vobis.

918 539 944 562 et
973 535 1039 561 mihi
1067 535 1194 569 Origenis
1222 534 1337 568 scripta,
1357 535 1459 569 quique
1485 544 1515 560 ea
1545 535 1699 569 recipiunt,

918 589 1027 617 gravem
1046 581 1198 608 molestiam
1226 581 1354 608 aderunt.
1376 591 1384 606 ι
1404 581 1493 615 Atque
1512 581 1556 607 ille
1588 581 1698 614 quidem

918 632 976 655 tum
993 628 1191 655 monachorum
1211 627 1318 654 turbam
1336 628 1477 662 deceptam
1495 636 1509 654 a
1525 635 1552 654 se
1571 628 1697 658 removit.

917 679 945 702 et
967 675 1133 702 seditionem
1161 675 1327 709 composuit.
1349 674 1428 708 371
1455 673 1580 701 Fortasse
1606 679 1697 700 anteiit

919 721 1034 755 qtnestio
1056 728 1166 755 quoque
1192 720 1242 747 ista
1263 721 1342 746 finem
1366 726 1421 747 tum
1446 727 1524 746 suum
1548 720 1698 752 habuisset,

919 766 968 793 nisi
984 774 1044 793 eam
1061 765 1230 800 Theophilus
1246 765 1452 792 inimicitiarum
1471 773 1581 792 suarum
1599 765 1697 800 gratia,

918 811 1001 837 veluti
1023 811 1240 842 interuiortuam,
1260 814 1292 836 ad
1312 810 1406 839 vitam.
1427 815 1455 836 ut
1475 810 1510 837 ita
1530 811 1632 841 dicant,
1652 819 1698 838 re-

71 847 204 882 ἔφημεν,
233 849 385 882 τηνικαῦτα
412 850 467 876 τῶν
493 849 552 876 κατ’
584 851 723 883 Αιγυπτον
753 851 867 885 ἡγοῦντο

921 860 1054 887 vocasset,
1073 860 1167 889 aperte
1191 855 1347 886 Ammonio,
1368 855 1507 885 Dioscoro.
1526 855 1655 888 Eusebio,
1672 861 1700 883 et

71 893 271 928 ἁσκητηρῐων,
288 895 336 930 βίῳ
350 896 395 922 καὶ
410 896 482 931 λόγῳ
496 897 668 929 διαπρεπεῖς.
681 897 768 928 Πολὺς
779 897 801 923 δ’
818 898 866 923 αὺ-

71 940 129 966 τῶν
146 939 223 973 λόγος
235 940 263 966 ἕν
275 949 304 967 τε
320 941 508 978 Ἀλεξανδρείᾳ
523 943 570 969 καὶ
584 943 658 977 παρὰ
676 943 799 978 Θεοφίλῳ
816 944 867 978 μά-

73 985 161 1011 λιστα
175 983 209 1020 ἦν
223 994 230 1001 ·
248 986 296 1012 καὶ
311 986 354 1012 διὰ
369 986 448 1014 τοῦτο
466 987 521 1014 τῶν
540 988 568 1014 ἐν
593 987 724 1023 Αἰγύπτῳ
741 989 867 1022 μοναχῶν

74 1032 197 1065 μάλιστα
211 1033 405 1068 κεχαρισμένοι
416 1033 492 1061 ὄντες
502 1033 658 1068 ἐτύγχανον.
671 1034 724 1060 Καὶ
737 1034 771 1060 τὰ
783 1034 866 1061 πολλὰ

76 1078 240 1112 συνομίλους
267 1087 295 1104 τε
313 1077 381 1113 εἶχε,
395 1079 444 1105 καὶ
459 1080 501 1113 ἐφ’
516 1079 608 1105 ἑστὶαν
625 1079 727 1109 ἐκάλει,
746 1081 793 1105 καὶ
810 1079 867 1105 δια-

74 1120 217 1155 φερόντως
236 1123 318 1156 ἐτίμα
331 1124 394 1154 τοὺς
413 1123 532 1158 ὀὶνδρας⁴
552 1120 588 1150 ὧν
604 1124 650 1150 καὶ
668 1124 716 1151 ἕνα
733 1124 778 1150 τὸν
790 1124 866 1149 Διοσ-

75 1176 160 1204 κορον
188 1168 235 1194 καὶ
263 1168 470 1203 Ἐρμουπὸλεως
484 1169 598 1196 καθίστα
617 1170 776 1202 ἐπίσκοπον,
797 1170 864 1196 πολ-

75 1215 126 1249 λὴν
144 1215 208 1250 βίαν
221 1215 381 1249 ἐπαγαγών.
398 1215 468 1247 Τοὺς
487 1215 534 1242 δύο
560 1215 587 1242 δὲ
613 1216 784 1251 παρεκάλεσε
808 1224 867 1242 συν-

75 1262 150 1287 εῖναι
169 1261 255 1295 αὐτῷ.
268 1261 322 1288 Καὶ
337 1261 414 1295 μόλις
430 1262 606 1296 μὲνὲπεισεν·
619 1259 663 1289 οἷα
676 1262 702 1289 δὲ
720 1263 867 1294 ἐπίσκοπος

75 1307 126 1333 καὶ
142 1307 284 1341 ἠνάγκασε
300 1315 307 1322 ·
328 1307 374 1334 καὶ
389 1308 428 1343 τῷ
444 1307 489 1334 ὑπ’
502 1308 583 1335 αὑτὸν
596 1309 690 1344 κλήρῳ
703 1309 868 1342 συγκαταλέ-

77 1353 140 1386 ξας,
154 1354 206 1387 τὴν
230 1354 278 1387 τῆς
298 1353 462 1388 Ἐκκλησιας
478 1353 635 1389 οἰκονομίαν
650 1354 754 1380 διέπειν
771 1355 868 1388 ὲχεῑρι-

76 1399 134 1432 ζεν.
154 1401 186 1427 Οἱ
203 1400 232 1426 δὲ
260 1400 292 1434 τῇ
312 1400 358 1435 βίᾳ
381 1400 537 1434 νικώμενοι,
551 1400 589 1432 ὡς
605 1399 692 1436 χρεὼν
707 1399 756 1434 μὲν
768 1397 813 1435 ἦν,
833 1400 865 1434 τῇ

75 1447 222 1481 οἰκονομίᾳ
238 1446 399 1480 διέπρεπον·
419 1446 496 1478 ἀνίας
515 1447 538 1473 δ’
557 1444 626 1482 ἦσαν
641 1447 745 1482 μεστοὶ,
761 1447 813 1480 ὃτι,
829 1446 865 1477 ὡς

78 1493 117 1527 μὴ
133 1492 264 1524 καθάπαξ
282 1493 438 1526 προέθεντο,
463 1493 494 1528 τῇ
520 1493 664 1529 φιλοσοφίᾳ
679 1493 864 1527 προσέκειντο.

77 1538 161 1565 Ἐπεὶ
175 1538 203 1564 δὲ
217 1538 340 1572 προῖόντι
355 1538 394 1573 τῷ
410 1539 499 1573 χρόνῳ
517 1540 587 1565 κατὰ
599 1538 687 1574 ψυχὴν
701 1539 869 1574 βλάπτεσθαι

78 1583 178 1619 ᾤοντο,
195 1584 241 1610 τὸν
273 1584 404 1618 Θεόφιλον
428 1584 573 1619 βλέποντες
592 1585 637 1611 τὸν
654 1584 870 1619 χρηματιστικὸν

79 1632 140 1666 βῖον
171 1631 442 1665 μεταχειριζόμενον,
476 1632 564 1658 πάντα
588 1631 612 1657 τ’
642 1631 870 1666 ὲξαργυρίζεσοαι

79 1677 270 1712 πεποιημένον
297 1677 434 1711 σπουδὴν,
461 1677 507 1703 καὶ
532 1677 619 1704 πάντα
646 1676 736 1710 λίθον,
766 1677 796 1703 τὸ
822 1676 869 1703 τοῦ

80 1723 176 1756 λόγου,
189 1721 316 1748 κινοῦντα
327 1721 397 1748 ὥστε
409 1722 459 1756 τῆς
472 1722 559 1756 ὀσμῆς
572 1722 619 1748 τοῦ
630 1723 742 1756 χρυσίου
755 1722 870 1758 ὀσφραι-

83 1769 192 1800 νεσοαι,
218 1769 248 1794 τὸ
278 1769 397 1794 συνεῖναι
425 1768 523 1803 ἐκείνῳ
549 1768 798 1803 παραιτησάμενοι,
821 1769 871 1804 τὴν

81 1816 203 1851 ἐρημέαν
219 1813 296 1846 αὖθις
313 1814 476 1848 ἠσπάζοντο,
494 1815 543 1849 τῆς
565 1815 594 1840 ἐν
609 1814 686 1840 ἄστει
715 1815 871 1849 προτιμῶν-

81 1872 127 1893 τες
141 1862 291 1895 διαγωγῆς.
311 1861 342 1888 ’0
357 1861 396 1893 δὲ,
412 1860 464 1892 ἓως
479 1861 528 1895 μὲν
539 1862 637 1887 ἐκεῖνοι
649 1861 793 1887 ἐλάνθανον
805 1861 872 1888 ἄλλα

83 1908 319 1944 προφασιζόμενοι
330 1929 337 1941 ,
357 1908 449 1942 μένειν
462 1916 492 1934 τε
509 1907 673 1941 παρεκάλει,
690 1909 736 1933 καὶ
751 1907 800 1941 τὴν
814 1907 871 1941 μετ’

82 1956 191 1981 ἐκείνου
206 1955 284 1988 ἠξίου
299 1954 443 1988 διατριϐήν
462 1960 470 1968 ⁸
486 1953 523 1984 ὡς
537 1953 566 1980 δὲ
590 1953 660 1986 ἔγνω
677 1953 871 1987 κατεγνωσμέ-

83 2010 128 2032 νος
146 2000 262 2031 ἐκείνοις
278 1999 326 2032 ὢν,
341 1999 426 2034 Ουμοῦ
454 1999 616 2034 ἐπληροῦτο,
633 1999 680 2025 καὶ
703 1999 753 2025 οὐκ
776 1998 872 2034 ἔληγεν

81 2047 283 2083 ὀργιζόμενος*
304 2045 352 2073 καὶ
383 2046 491 2080 ἠπείλει
520 2046 572 2072 πᾶν
587 2046 614 2072 εἴ
641 2053 666 2071 τι
694 2045 779 2071 δεινὸν
805 2045 872 2079 δρᾷν

81 2095 212 2125 ἐκεινοις.
227 2094 258 2119 UI
272 2093 300 2119 δὲ
315 2092 370 2119 τῶν
396 2091 589 2127 ἠπειλημένων
607 2091 693 2126 μικρὰ
710 2091 871 2125 φροντίσανι

80 2151 139 2173 τες,
161 2140 282 2175 ἐχώρουν
295 2138 374 2170 αὖθις
390 2138 460 2164 κατὰ
491 2139 540 2173 τὴν
569 2138 683 2172 ἔρημον.
711 2137 818 2172 Θερμὸς
844 2137 872 2163 δὲ

82 2188 208 2223 μαλιστα
221 2185 349 2219 Θεόςριλος
366 2184 415 2215 ὢν,
434 2183 571 2220 ραγδαίως
587 2185 699 2218 ἐφέρετο
713 2183 872 2210 κατάὑτῶν
890 2200 910 2226 D

84 2232 319 2267 σκευωρήσασθαι
339 2232 402 2262 τοὺς
415 2230 514 2264 ἄνδρας
540 2230 731 2264 διανοούμενος
751 2239 757 2245 ·
777 2230 824 2256 καὶ
841 2229 872 2264 δὴ

83 2282 133 2307 καὶ
152 2280 192 2310 εἰς
207 2280 284 2313 μῖσος
299 2276 527 2313 ὲχώρειτὰδελφῷ
538 2276 687 2310 Διοσκόρῳ,
705 2276 734 2301 ὃν
754 2276 872 2310 Ἕρμου-

84 2326 193 2356 πὸλεως
215 2324 365 2350 ἐπίσκοπον
388 2324 596 2358 καταστήσειεν.
624 2322 702 2348 Ἦνία
725 2322 752 2348 δὲ
778 2322 874 2348 τοῦτον

85 2373 209 2408 μάλιστα
224 2371 253 2396 τὸ
265 2371 326 2401 τοὺς
341 2370 370 2396 ἐν
398 2369 516 2404 ἀσκήσει
536 2369 715 2403 διαφέροντας
744 2369 873 2402 προσκεῖ-

85 2422 163 2450 συαι,
176 2417 224 2444 καὶ
238 2417 304 2442 πολύ
318 2425 344 2442 τι
359 2415 440 2446 σέϐας
455 2415 548 2449 νέμειν
564 2415 655 2445 αὐτοῖς
671 2422 678 2428 ·
695 2415 741 2440 καὶ
754 2414 794 2444 εἰς
812 2413 874 2440 νοῦν

85 2465 201 2499 eum“,
213 2463 251 2493 ὼς
267 2463 294 2488 ὲν
310 2461 396 2488 οὐδενί
415 2469 468 2487 τινι
490 2461 584 2496 τρόπῳ
603 2459 710 2492 ἐξέσται
733 2459 874 2495 παραδλά-

85 2512 138 2546 qaut
152 2510 262 2541 αὐτοὺς,
281 2509 304 2534 εὶ
321 2508 359 2542 μὴ
375 2509 422 2534 καὶ
435 2507 464 2533 τὸ
480 2507 534 2533 τῶν
552 2507 678 2541 μοναχῶν
698 2507 789 2540 στῖφος
812 2505 874 2532 τού-

87 2567 146 2589 τοις
162 2554 376 2589 ἐκπολεμώσειε.
394 2553 478 2579 Ταῦτ’
495 2553 540 2580 οὖν
565 2552 767 2587 βουλευόμενος,
786 2551 874 2578 τοιιύ-

88 2614 123 2640 τῃ
145 2603 247 2638 χρῆται
265 2603 297 2636 τῇ
317 2601 425 2636 μηχανῇ
444 2608 451 2616 ·
467 2600 495 2632 ἐξ
508 2596 545 2626 ὧν
575 2600 628 2633 γὰρ
646 2597 775 2629 πολλάκις
801 2598 876 2633 αὐτῷ

90 2649 362 2684 συγγινόμενοιπερὶ
379 2646 448 2672 Θεοῦ
479 2645 640 2679 διελέγοντο,
671 2644 793 2680 ἀκριϐῶς
817 2645 875 2680 ᾔδει

90 2696 258 2732 φρονοῦντας
274 2695 310 2726 ὡς
327 2695 340 2720 ὁ
354 2694 403 2728 μὲν
422 2693 488 2724 Θεὸς
503 2692 648 2727 ἀσώματος
672 2692 741 2724 ἐστι,
758 2692 805 2718 καὶ
831 2692 877 2718 ἁν-

90 2744 217 2781 Θρωπῐνῃ
244 2744 333 2778 μορφῇ
351 2741 397 2768 καὶ
422 2741 543 2776 σχήματι
568 2741 684 2774 πάμπαν
715 2738 875 2773 ἀλλότριος·

91 2793 126 2819 δι’
142 2792 266 2824 ἀνάγκης
278 2790 331 2824 γὰρ
353 2789 454 2814 ἐνεῖναι
473 2787 511 2820 τῷ
539 2785 766 2821 ἀνθρωπομόρφῳ
789 2784 819 2811 τὸ
834 2785 877 2810 ἀν-

93 2837 286 2874 θρωποπαθές.
304 2836 335 2862 '0
347 2835 378 2870 δὴ
395 2833 441 2860 καὶ
460 2833 534 2868 παρὰ
549 2833 602 2860 τῶν
616 2831 741 2859 παλαιῶν
765 2830 874 2865 ἑξηκρί-

919 899 1065 935 Euthymio
1089 899 1262 931 adversatus,
1280 899 1327 934 qui
1354 899 1453 926 fratres
1470 901 1591 934 germani
1608 906 1699 934 erant,

915 949 944 972 et
960 951 1170 979 cognomentum
1200 945 1359 979 Longorum
1375 950 1486 980 propter
1501 947 1623 980 corporis
1638 955 1699 981 pro-

916 990 1060 1017 ceritatem
1081 990 1230 1018 habebant.
1249 992 1280 1018 lli
1299 992 1422 1026 pra-clari
1439 992 1553 1024 dudum,
1567 995 1700 1027 quemad-

917 1037 1028 1063 modum
1054 1037 1185 1069 diximus,
1208 1038 1235 1064 in
1262 1038 1335 1066 Seeti
1365 1039 1475 1066 fuerant
1497 1048 1503 1066 :
1524 1045 1580 1066 tum
1607 1046 1700 1068 autem

918 1082 945 1109 in
969 1081 1086 1118 (Egypto
1112 1084 1288 1110 monasteriis
1312 1086 1513 1119 prmsidebant,
1536 1091 1564 1112 et.
1593 1087 1646 1114 vita
1673 1093 1701 1114 et

918 1127 1042 1155 doctrina
1072 1129 1256 1163 percelebrcs.
1285 1129 1368 1156 Multa
1392 1136 1483 1158 autent
1509 1140 1603 1159 comm
1629 1132 1702 1160 fama

919 1172 1094 1200 Alexandria:
1110 1180 1136 1200 et
1151 1173 1324 1208 potissimum
1343 1175 1414 1206 apud
1433 1175 1614 1210 Theophilum
1630 1183 1700 1209 erat,

918 1217 965 1252 qui
982 1219 1068 1252 gratia
1086 1223 1114 1245 et.
1134 1220 1246 1246 nomine
1267 1227 1349 1254 supra
1366 1220 1434 1247 alios
1448 1219 1591 1255 [Egyptios
1609 1230 1702 1250 mona-

919 1264 986 1290 chos
1005 1263 1151 1298 pollentes.
1168 1264 1310 1298 Frequens
1328 1273 1389 1291 eum
1407 1266 1447 1292 eis
1463 1267 1615 1301 'l‘heophilo
1634 1276 1701 1295 cott-

919 1309 1035 1337 suetudo
1052 1309 1113 1336 fuit.
1121 1309 1253 1337 Convivio
1266 1312 1340 1337 enini
1356 1319 1403 1338 eos
1416 1312 1613 1346 exeipit-bat,et
1626 1321 1701 1340 suni-

920 1363 1031 1390 mopere
1066 1356 1229 1383 honorabat.
1260 1356 1420 1384 Dioscorum
1448 1366 1577 1392 quoque,
1603 1367 1699 1393 magna

920 1401 946 1428 vi
974 1402 1122 1435 adactum,
1153 1402 1326 1437 llcrmopolis
1357 1403 1516 1438 episcopum
1549 1405 1701 1434 constituit.

922 1447 995 1474 Duos
1016 1452 1121 1480 autem,
1145 1453 1174 1474 ut
1198 1455 1290 1474 secum
1316 1453 1419 1481 essent,
1442 1448 1569 1476 hortatus
1589 1454 1654 1477 est:
1675 1456 1703 1478 ct

923 1494 968 1521 vix
988 1492 1030 1522 eis
1049 1494 1158 1521 tandem
1177 1494 1322 1529 persuasit,
1340 1503 1387 1522 seu
1408 1496 1500 1530 potius
1515 1501 1544 1523 ut
1558 1497 1703 1532 episcopus

921 1539 947 1567 id
971 1547 1018 1567 eos
1041 1541 1130 1567 facere
1151 1540 1251 1575 coegit.
1271 1539 1367 1574 Itaque
1389 1541 1429 1568 eis
1446 1541 1471 1567 in
1491 1542 1558 1568 cieri
1578 1544 1702 1570 ordinem

921 1587 1066 1620 cooptatis,
1080 1586 1209 1613 Ecclesia:
1220 1587 1399 1614 oeconomiam
1411 1595 1462 1614 seu
1471 1587 1701 1622 dispensationem

921 1632 1071 1667 gerendam
1087 1632 1274 1659 demandavit.
1295 1632 1379 1660 Porro
1403 1633 1441 1660 illi
1459 1634 1484 1660 vi
1502 1635 1600 1666 coacti,
1619 1636 1655 1662 ita
1673 1641 1703 1663 ut

922 1677 1024 1709 decuit,
1039 1677 1253 1712 dispensationis
1268 1680 1327 1714 ejus
1346 1687 1461 1706 munere
1493 1680 1621 1707 obeundo
1644 1682 1704 1708 eni—

923 1728 1036 1750 tuerunl
1052 1732 1058 1749 ε
1074 1732 1190 1752 mwrore
1213 1731 1304 1752 autent
1322 1726 1394 1760 pleni
1414 1731 1505 1763 erant,
1515 1727 1586 1761 quod
1599 1735 1648 1762 pro
1671 1735 1704 1754 eo

921 1774 1005 1804 atque
1024 1777 1078 1796 non
1099 1771 1185 1798 semel
1204 1771 1424 1804 constituissent,
1443 1773 1625 1808 philosophiae
1648 1781 1704 1801 sua:

922 1823 976 1842 non
995 1815 1197 1842 incumberent.
1218 1816 1364 1850 Postquam
1387 1822 1478 1843 autem
1501 1821 1622 1852 tempore
1642 1827 1706 1853 pro-

923 1861 1048 1893 cedente,
1062 1861 1088 1888 in
1103 1862 1202 1888 animis
1218 1863 1269 1896 ipsi
1286 1863 1344 1889 suis
1360 1870 1388 1890 se
1402 1863 1462 1890 laedi
1477 1868 1615 1896 putarent.
1630 1866 1704 1899 quod

923 1907 1125 1941 Theophilum,
1151 1915 1199 1942 per
1224 1900 1386 1941 avaritiam,
1409 1914 1594 1942 quaistu05atn
1620 1910 1703 1936 vitam

923 1953 1012 1987 sequi,
1037 1958 1119 1987 atque
1146 1953 1239 1980 omnia
1269 1961 1366 1988 magno
1393 1953 1485 1980 studio
1510 1955 1538 1980 in
1561 1959 1703 1988 argentum

923 1998 1067 2033 redigere,
1089 2006 1257 2033 omnemque
1283 1999 1351 2026 adeo
1376 1999 1513 2033 lapidem,
1540 2000 1612 2033 quod
1639 2007 1705 2034 pro.

923 2044 1020 2071 verbio
1037 2044 1148 2077 dicitur,
1166 2052 1286 2078 movere,
1305 2050 1336 2072 ut
1356 2045 1416 2072 auri
1439 2045 1523 2072 odore
1545 2046 1704 2079 perfruare-

925 2094 980 2120 tur,
995 2090 1120 2117 viderent
1135 2098 1142 2116 :
1157 2090 1314 2116 convictum
1327 2090 1386 2124 ejus
1401 2090 1583 2122 declinantes,
1599 2090 1626 2116 in
1642 2091 1705 2117 soli-

925 2136 1048 2163 tudinem
1067 2143 1187 2169 rursum,
1205 2144 1285 2170 quam
1303 2137 1414 2163 urbanae
1429 2137 1492 2164 vitze.
1513 2137 1704 2171 praeferebant,

924 2191 952 2210 se
971 2183 1159 2210 contulerunt.
1176 2182 1358 2217 Theophilus,
1374 2183 1463 2218 quoad
1487 2183 1524 2210 illi
1543 2191 1600 2210 rem
1617 2183 1704 2217 ipsam

924 2230 1060 2261 celantes,
1084 2233 1243 2264 praetextum
1271 2229 1355 2256 alium
1380 2230 1574 2261 obtenderunt,
1602 2237 1649 2256 cos
1678 2235 1707 2256 ut

925 2279 1077 2306 manerent,
1094 2279 1121 2301 el
1139 2274 1340 2301 consuetudine
1359 2281 1408 2301 sua
1433 2278 1590 2305 uterentur,
1608 2274 1708 2300 cohor-

926 2326 999 2348 tatus
1013 2326 1065 2348 est.
1082 2321 1130 2348 Ubi
1146 2328 1210 2348 rero
1225 2329 1254 2348 se
1265 2320 1370 2356 judicio
1384 2328 1477 2348 eorum
1491 2320 1705 2347 condemnatum

924 2375 985 2394 esse
1013 2367 1164 2402 comperit,
1190 2367 1230 2394 ira
1256 2367 1394 2401 percitus,
1421 2365 1620 2393 exeandeseere
1650 2372 1706 2392 non

925 2414 1018 2444 desiit,
1034 2419 1062 2441 et
1079 2413 1133 2440 illis
1149 2420 1178 2440 se
1193 2413 1265 2439 mala
1286 2413 1376 2439 omnia
1392 2411 1528 2438 facturum
1545 2419 1603 2438 esse
1619 2410 1708 2437 mina-

927 2463 970 2485 tus
987 2464 1038 2485 est.
1057 2459 1088 2484 At
1107 2458 1144 2485 illi
1169 2459 1258 2485 minas
1281 2458 1341 2492 ejus
1363 2457 1430 2484 nihil
1450 2457 1557 2488 morati,
1576 2456 1602 2482 in
1621 2455 1707 2488 solos.

927 2509 956 2530 ut
971 2504 1075 2530 ὼιιιιιιιι
1091 2509 1143 2536 est,
1163 2512 1271 2530 rursum
1288 2504 1364 2530 locos
1379 2511 1408 2530 se
1426 2505 1599 2537 receperunt.
1617 2501 1710 2528 Theo-

928 2551 1018 2584 philus
1044 2555 1136 2576 autem
1163 2550 1244 2576 homo
1273 2549 1540 2580 vehementissimus,
1561 2546 1633 2582 quod
1658 2547 1710 2574 im-

927 2604 990 2633 petu
1009 2597 1128 2631 quodam
1153 2595 1283 2626 ferretur,
1303 2595 1444 2622 insidiosis
1465 2593 1586 2621 consiliis
1607 2592 1710 2619 adoriri

926 2653 974 2670 eos
1001 2641 1172 2669 constituit:
1193 2646 1219 2668 et
1253 2641 1346 2667 odisse
1369 2641 1451 2667 etiam
1477 2640 1588 2666 fratrem
1614 2645 1711 2666 eorum

928 2691 1087 2717 Dioscorum
1103 2688 1196 2722 cwpit,
1209 2695 1289 2721 quem
1300 2686 1457 2720 Hermopoli
1468 2686 1628 2719 episcopum
1641 2692 1713 2718 pra:-

926 2735 1042 2762 fceeral.
1063 2732 1177 2760 DuIebal.
1203 2730 1307 2758 homini
1330 2730 1491 2764 plurimum,
1513 2728 1710 2756 monachorum

928 2779 1169 2816 prtllslatttissitnos
1184 2784 1308 2812 quosque
1332 2775 1385 2802 illis
1405 2775 1506 2807 favere,
1527 2779 1711 2808 magnumque

929 2833 1058 2864 praestare
1083 2827 1215 2854 honorent
1232 2833 1238 2852 :
1258 2828 1314 2850 tum
1338 2827 1430 2849 autem
1448 2824 1476 2848 et
1494 2819 1558 2847 illud
1578 2820 1604 2845 in
1620 2819 1711 2846 animo
