1898 3054
197 144 249 178 971

803 139 1013 171 NICEPHORI
1033 137 1204 169 CALLISTI

1766 129 1823 162 972

197 210 282 240 quant
305 202 425 237 parietes
449 201 616 228 inanimatos
639 200 782 234 magniﬁce
801 199 922 226 excitare
945 218 946 222 η

1076 196 1159 223 ιλύειν
1178 194 1264 222 οέλων
1279 193 1309 220 τδ
1327 192 1483 224 σκάνδαλον,
1502 191 1549 217 καὶ
1566 189 1661 221 ἄλλους
1676 188 1752 220 τινὲις
1768 183 1825 215 τῶν

197 257 253 286 que
267 254 439 277 construere.
458 257 467 274 ι
485 247 548 275 Sive
569 254 633 273 vero
656 246 725 277 hace,
742 253 789 272 seu
811 245 864 271 alia
887 244 983 272 inimi-

197 296 328 323 citiat‘um
350 293 495 328 Theophili
522 299 586 325 erga
613 291 746 317 lsidornm
770 297 852 317 causa
879 289 984 320 fuerit,

202 349 259 368 tum
275 340 388 375 quidem
407 338 451 365 ille
467 337 630 364 Alexandria
655 336 760 370 pulsus,
779 335 811 362 ad
835 334 986 362 monachos

202 393 330 423 tanquam
349 387 452 413 amicos
480 385 505 410 in
523 383 624 410 Scetim
644 390 672 409 se
693 383 808 416 recepit,
823 386 849 409 et
871 381 941 408 male
958 380 985 406 in

200 434 382 468 Theophilum
410 435 440 458 et
467 430 525 465 ipse
554 430 693 456 animatus
722 428 783 455 fuit.
813 426 984 462 Ejuseemodi

200 481 331 507 utiensam
357 476 520 505 Ammonius
544 475 657 502 abolere
679 474 791 505 volens,
817 473 911 500 ascitis
933 472 985 499 sibi

199 527 259 553 aliis
281 524 444 560 quibusdam
467 522 620 554 monachis,
640 521 672 548 ad
692 521 875 555 Theophilum
899 518 985 550 venit,

198 578 225 600 et
242 577 271 599 ut
290 571 395 599 Isidoro
420 569 578 597 communio
605 567 777 599 redderetur,
793 567 826 593 ab
841 573 874 593 eo
895 565 985 600 petiit.

199 619 227 646 lal
246 619 292 645 ille
315 625 344 645 se
365 617 502 644 facturum
520 615 633 650 recepit.
654 614 688 641 Et
705 613 854 642 verosatis
871 611 986 638 multum

200 664 333 699 temporis
359 663 511 698 praeteriit,
536 667 563 688 et
587 661 626 688 illi
652 660 720 686 nihil
745 663 876 693 egerunt,
897 657 989 684 Theo-

199 711 347 745 plnlusque
362 715 455 744 aperte
469 716 525 743 prae
539 715 568 735 se
583 707 654 739 tulit,
669 712 793 741 tempore
805 704 986 734 extrahendo,

199 757 292 784 verbis
305 764 352 784 eos
367 756 464 783 ludere
479 755 549 782 velle
566 763 573 780 :
590 752 796 780 vehementiore
811 750 909 778 ardore
923 756 986 776 eum

199 803 330 838 aggressi,
345 808 374 829 ut
389 801 555 837 promissum
571 799 604 826 ad
620 798 702 825 tinem
715 805 795 824 suum
809 796 988 831 perduceret,

201 848 385 884 supplicando
407 847 592 882 postularunt.
611 844 692 880 375
713 844 747 871 Et
771 843 816 870 ille
841 841 988 876 quemdam

1038 243 1164 279 μοναχῦιν
1187 239 1481 276 προσεταιρισάμενος,
1506 237 1576 273 πρῖις
1597 236 1728 270 Θεόφιλον
1752 233 1826 270 ἦκεο

1036 291 1083 316 καὶ
1096 289 1147 323 τὴν
1158 287 1304 315 κοινωνίαν
1319 283 1398 316 αὖθις
1422 283 1552 318 Ἰσιδώρῳ
1575 282 1668 308 δοῦναι
1695 281 1781 307 ἐδεῖτο
1795 288 1802 294 '
1813 281 1827 306 ό

1035 335 1057 362 δ’
1074 335 1241 368 ὑπισχνεῖτο.
1263 333 1307 363 Ὠς
1324 331 1352 358 δὲ
1370 330 1470 366 χρόνου
1497 330 1605 363 ῥέοντος
1632 326 1709 353 οὐδὲν
1726 325 1828 360 μᾶλλον

1035 381 1126 416 ἤνυον,
1140 380 1221 412 δῆλος
1234 378 1380 413 δ’-ὲγίνετο
1390 375 1438 402 καὶ
1460 373 1591 407 Θεόφιλος
1619 372 1742 403 ἐκείνους
1765 371 1825 402 ταῖς

1037 425 1157 455 ἀπάταις
1174 424 1229 449 τῶν
1252 423 1340 456 λόγων
1371 419 1630 455 παρακρουόμενος,
1660 417 1827 452 θερμότερον

1038 470 1225 499 εἰσπεσόντες,
1243 467 1385 502 περαίνειν
1402 465 1433 492 τὸ
1451 464 1533 500 ἔργον
1553 462 1776 498 κατηντιϐόλουν.
1798 461 1828 488 ’0

1038 517 1060 544 δ’
1074 517 1123 544 ἕνα
1137 516 1191 542 τῶν
1208 515 1338 550 μοναχῶν
1358 512 1510 543 συλλαὸὼν,
1528 512 1613 538 ἐδίδου
1641 511 1761 545 φρουρᾷ,
1790 509 1828 541 ὡς

1038 563 1070 591 ἂν
1082 563 1145 593 τοὺς
1159 562 1256 592 ἄλλους
1282 560 1417 595 φοϐήσας,
1447 558 1618 592 ἀπαλλαγείη
1646 557 1698 592 τῆς
1727 557 1830 591 συχνῆς

1039 609 1200 639 ἐπιθέσεως.
1223 608 1253 633 '0
1267 606 1295 633 δὲ
1315 604 1513 632 τοσοῦτον“τοῦ
1547 603 1650 630 σκοποῦ
1677 603 1831 636 διημάρτα-
1855 610 1864 639 ι·

1039 663 1096 688 νεν,
1114 654 1178 682 ὥστ’
1201 653 1358 687 ’Λμμώνιος
1389 653 1437 678 καὶ
1464 651 1526 681 τοὺς
1554 650 1668 680 λοιποὺς
1698 648 1831 683 ἁθροῖσας

1040 701 1095 728 τῶν
1129 700 1267 735 μοναχῶν,
1294 698 1346 724 ὑπὸ
1366 697 1416 732 τὴν
1443 697 1565 733 φρουρὰν
1589 696 1661 722 ἑκὼν
1684 694 1829 728 ἑξ-εγόνειι
1856 701 1860 710 ε

1040 748 1151 782 δόκησιν
1177 747 1232 781 γὰρ
1259 747 1315 776 τοῖς
1344 746 1475 780 φρουροῖς
1498 743 1701 778 παρασχόντες,
1729 741 1766 772 ὡς
1792 741 1831 771 εἱς

1043 792 1187 825 μετάδοσιν
1200 791 1253 818 τῶν
1268 790 1433 825 ἐπιτηδείων
1447 791 1504 821 τοῖς
1526 789 1739 822 καθειργμένοις
1753 785 1831 821 ἧκον,

1042 840 1138 866 ἄνετον
1167 837 1246 872 εὗρον
1275 838 1326 872 τὴν
1357 835 1592 864 εῐσοδον.Ἐκεῖσε
1609 834 1638 860 δὲ
1672 834 1832 867 γεγονότες,

201 905 234 924 ex
257 895 399 922 monachis
418 893 647 927 comprehensum
665 890 796 918 custodite
817 888 938 920 inclusit,

1083 886 1129 913 ιέτ’
1145 885 1246 918 ἐξιέναι
1263 883 1422 919 ἠϐούλοντο.
1441 882 1525 912 Γνοὺς
1539 881 1568 906 δὲ
1584 880 1671 906 ταῦτα
1688 879 1832 913 Θεόψιλος,

202 941 265 968 aliis
285 939 438 971 exterritis,
458 937 584 965 molestia
608 944 639 963 ea
663 944 716 971 qua
736 936 811 963 illum
829 934 990 968 frequenter

204 985 386 1021 impetebant,
403 985 578 1011 liberaretur.
601 982 718 1009 Tantum
744 985 835 1008 autem
860 979 939 1006 abest
961 982 990 1006 ut

204 1032 320 1060 consilio
337 1038 371 1058 eo
387 1029 538 1065 quidquam
556 1028 690 1060 eﬂ'ecerit,
708 1031 737 1054 ut
753 1026 916 1054 Ammonius
936 1032 990 1051 una

204 1086 267 1106 cum
288 1076 402 1111 reliquis
419 1082 488 1109 quos
511 1078 639 1108 coegerat
658 1071 812 1102 monachis,
831 1078 879 1098 sua
893 1073 990 1104 sponte

205 1131 343 1151 carcerem
358 1122 393 1149 sit
408 1122 558 1155 ingressus.
573 1119 641 1146 Cum
654 1118 729 1146 enim
741 1124 801 1155 eam
812 1117 845 1143 de
856 1123 886 1143 se
898 1119 992 1142 custo-

204 1170 285 1197 dibus
299 1169 484 1204 prmbuissent
499 1166 670 1201 opinionem,
689 1153 773 1191 veluti
788 1163 860 1190 illam
874 1162 910 1189 ob
925 1169 992 1188 eau-

204 1224 262 1244 sam
287 1223 320 1242 eo
340 1215 492 1244 venissent,
515 1216 544 1239 ut
563 1211 663 1238 vinctis
679 1217 723 1237 res
738 1207 908 1236 necessarias
923 1214 992 1242 prae—

204 1264 311 1295 berent,
333 1261 450 1288 liberum
474 1259 595 1286 habuere
614 1258 642 1284 in
664 1264 803 1284 carcerem
826 1255 990 1289 ingressum,

204 1313 287 1343 atque
302 1307 367 1334 inde
379 1306 474 1341 egredi
488 1305 647 1332 noluerunt.
665 1302 742 1334 Quod
760 1301 807 1328 ubi
823 1299 992 1334 Theophilus

205 1354 353 1385 intellexit,
369 1354 403 1379 ad
419 1360 447 1379 se
464 1359 512 1379 eos
533 1351 629 1377 venire
648 1349 740 1385 jussit.
759 1347 802 1375 illi
823 1351 914 1373 autem
933 1345 992 1380 pri-

204 1407 278 1427 mum
298 1400 323 1426 ei
343 1399 546 1432 signitiearunt,
566 1400 595 1422 ut
612 1395 670 1430 ipse
690 1394 726 1421 ibi
749 1396 849 1428 praesto
865 1395 948 1423 esset,
965 1395 992 1417 et

204 1446 324 1474 exeundi
341 1446 381 1472 eis
398 1448 561 1478 potestatem
579 1441 754 1468 contenderet.
770 1439 905 1474 Oportere
919 1438 991 1465 enim

206 1492 346 1528 propalam
374 1491 415 1516 eis
441 1489 543 1516 exitum
573 1486 714 1521 permitti,
741 1486 787 1519 qui
816 1489 871 1511 tam
898 1487 993 1517 aperte

205 1526 373 1564 contumelia
395 1534 428 1560 ab
444 1541 477 1560 eo
493 1532 584 1559 allecti
599 1535 702 1558 essent.
720 1529 770 1556 \‘ix
786 1533 877 1556 autem
894 1526 993 1555 deinde

205 1583 230 1610 ei
248 1561 386 1610 cedentes,
405 1580 438 1607 ad
464 1587 526 1606 eum
545 1582 610 1606 sunt
625 1576 772 1612 progressi.
794 1575 842 1602 llle
862 1574 993 1608 depreca-
1006 1561 1028 1592 (ἶ

207 1631 281 1657 tione
306 1626 520 1658 interveniente,
540 1623 680 1659 pollicitus
703 1630 732 1649 se
756 1622 797 1649 eis
819 1626 912 1656 postea
937 1626 995 1646 mo-

207 1677 308 1704 lestum
322 1683 377 1702 non
395 1674 462 1704 t‘ore,
479 1671 525 1699 sed
548 1679 578 1698 re
600 1670 659 1704 ipsa
680 1669 845 1703 promissum
870 1666 994 1701 expletu-

209 1729 270 1748 rum
289 1727 362 1751 esse,
379 1726 427 1745 eos
452 1715 580 1744 absolvit.
607 1715 681 1742 Intra
707 1714 828 1748 seipsum
851 1716 941 1738 autem
965 1717 995 1737 se

207 1765 370 1792 exerucians
393 1762 601 1798 indignabatur,
619 1765 647 1787 et
672 1759 735 1786 mali
762 1757 903 1792 quidpiam
928 1754 995 1782 viris

208 1811 249 1838 eis
263 1811 352 1838 facere
370 1809 547 1840 moliebatur,
563 1813 634 1841 quos
648 1810 727 1832 antea
742 1811 796 1831 non
814 1810 894 1830 secus
914 1805 996 1834 atque

208 1866 285 1886 suam
303 1856 391 1892 ipsius
406 1855 526 1882 animam
542 1853 694 1880 dilexisset.
712 1850 782 1878 Cum
798 1853 890 1876 autem
911 1846 996 1874 animi

208 1903 309 1931 dubius
328 1906 411 1934 esset,
428 1899 567 1936 quomodo
589 1898 700 1926 tandem
721 1903 793 1932 aegre
812 1896 867 1923 illis
882 1894 995 1925 faceret,

207 1950 254 1986 qui
272 1954 454 1986 praeterquam
480 1953 598 1981 corpora
617 1945 686 1972 nihil
704 1942 886 1979 possiderent,
906 1945 935 1967 et
953 1946 998 1967 res

209 2003 305 2023 omnes
331 1993 493 2022 monastica:
509 1990 692 2027 philosophia:
710 1996 766 2016 sua:
788 1988 996 2023 postponerent,

208 2042 330 2077 qidetem
362 2047 459 2066 eorum
493 2038 679 2064 interturbare
709 2041 854 2069 aggressus
884 2035 942 2063 est,
972 2034 999 2057 et

209 2087 390 2121 quaestionem
409 2091 469 2111 eam
492 2083 526 2110 de
549 2082 676 2117 Origenis
698 2080 829 2115 opinione
849 2086 909 2112 qua:
926 2077 999 2104 dicta

210 2138 263 2165 est,
284 2133 325 2160 eis
347 2130 474 2158 criminis
498 2129 559 2156 loco
584 2128 697 2164 obiecit.
724 2126 778 2154 Has
799 2126 884 2153 fuisse
903 2130 1000 2152 causas

213 2177 341 2214 cognovi,
358 2185 408 2203 cur
434 2175 567 2207 Isidorus,
583 2182 664 2208 quem
688 2173 817 2203 diximus,
835 2179 897 2199 eum
922 2170 1000 2198 Dios-

1042 933 1111 967 πρδς
1123 931 1220 958 ἑαυτὸν
1231 929 1331 960 αὐτοὺς
1349 928 1553 964 μετεστέλλετο.
1573 927 1604 953 οι
1622 926 1650 952 δὲ
1667 925 1766 960 πρῶτα
1783 925 1834 959 μὲν

1041 978 1186 1013 διεμήνυον
1200 997 1207 1009 ,
1238 977 1320 1004 αὐτὸν
1343 976 1447 1002 ἐκεῖνον
1471 974 1698 1009 παραγενόμενον
1729 972 1835 999 ἀνιέναι

1041 1025 1090 1060 τὴν
1104 1024 1194 1057 ἔξοδον
1207 1032 1215 1040 ν
1229 1025 1328 1059 χρῆναι
1341 1023 1395 1057 γὰρ
1424 1021 1568 1057 παρρησίᾳ
1591 1020 1789 1055 ὑϐρισμένους.
1806 1019 1836 1045 ἐν

1042 1071 1153 1107 φανερῷ
1164 1070 1213 1098 καὶ
1229 1070 1278 1104 τὴν
1298 1068 1388 1101 ἔξοδον
1418 1067 1585 1102 γεγενῆσθαι
1604 1075 1611 1082 ·
1641 1066 1720 1101 μόλις
1738 1065 1761 1092 δ’
1788 1066 1837 1091 ἐν·

1041 1119 1145 1150 δόντες,
1163 1116 1228 1152 παρ’
1243 1116 1325 1142 αὑτὸν
1344 1113 1422 1150 ¹ἧκον.
1444 1114 1617 1150 Παραίτησιν
1645 1113 1673 1140 δὲ
1705 1113 1768 1143 δοὺς
1799 1111 1839 1141 ὡς

1042 1163 1134 1191 οὐκέτι
1150 1163 1278 1197 λυπήσει,
1296 1161 1352 1188 ἀλλ’
1364 1160 1502 1187 ἐκτελέσει
1512 1160 1542 1186 τὸ
1555 1159 1648 1195 ἔργον,
1663 1160 1817 1193 ἀπέπεμπε
1831 1165 1838 1172 ·

1043 1210 1104 1238 καθ’
1119 1209 1216 1236 έαυτδν
1228 1209 1250 1235 δ’
1263 1208 1413 1243 ὲπλήττετο
1431 1207 1478 1233 καὶ
1495 1205 1660 1241 ἠγανάκτει,
1674 1205 1722 1231 καὶ
1750 1205 1837 1231 κακόν

1042 1266 1068 1284 τι
1083 1256 1149 1292 δρᾷν
1163 1256 1279 1290 ἐμελέτα
1303 1254 1366 1285 τοὺς
1394 1253 1506 1288 ἀνδρας,
1530 1251 1577 1283 οὒς
1607 1252 1652 1277 ἴσα
1686 1252 1736 1277 καὶ
1762 1250 1839 1285 ψυχῇ

1043 1303 1129 1338 φιλῶν
1149 1301 1272 1328 διετέλει.
1296 1300 1338 1327 Ἑν
1355 1299 1450 1334 ἀπόρῳ
1472 1298 1500 1325 δὲ
1518 1297 1661 1328 καθεστὼς
1682 1297 1697 1324 ὃ
1717 1305 1744 1323 τι
1771 1297 1841 1331 δρά-

1044 1357 1126 1381 σειεν,
1140 1348 1239 1383 ἄνδρας
1253 1347 1323 1382 πλὴν
1334 1345 1380 1372 τοῦ
1396 1345 1522 1379 σώματος
1536 1343 1620 1379 μηδὲν
1633 1344 1841 1378 κεκτημένους,

1045 1395 1092 1422 καὶ
1108 1393 1186 1421 πάντ’
1205 1394 1232 1419 ὲν
1249 1392 1372 1426 δευτέρῳ
1388 1390 1458 1426 πρὸς
1472 1391 1502 1417 τὸ
1521 1391 1681 1424 φιλοσοφεῖν
1709 1389 1843 1422 ποιουμέ-

1045 1450 1118 1473 νους,
1145 1439 1195 1474 τὴν
1221 1439 1337 1474 ἡσυχίαν
1365 1437 1455 1463 αὐτῶν
1485 1436 1617 1469 ἐπειρᾶτο
1643 1436 1839 1470 όχλαγιυγεῖν*

1044 1487 1092 1513 καὶ
1111 1486 1141 1513 τὸ
1157 1485 1286 1520 περὶτῆς
1308 1485 1464 1519 Ὠριγένους
1486 1483 1566 1516 δόξης
1592 1482 1714 1517 ζήτημα,
1742 1481 1780 1513 ὥς
1809 1490 1842 1514 γε

1046 1533 1164 1568 εῐρηται,
1178 1532 1282 1562 τούτοις
1298 1530 1440 1566 ὲπῃτιᾶτο,
1464 1525 1595 1562 Ταύτην⁶
1606 1528 1656 1564 μὲν
1686 1526 1734 1555 οὖν
1753 1527 1843 1562 ἔγνων

1045 1580 1184 1614 πρόφασιν
1199 1576 1249 1603 τοῦ
1268 1578 1315 1603 καὶ
1325 1576 1371 1604 τὶν
1386 1575 1532 1611 εἰρημένον
1555 1575 1693 1609 Ἰσίδωρον
1718 1575 1766 1601 σὺν
1784 1575 1842 1605 τοῖς

1046 1625 1111 1660 περὶ
1142 1624 1289 1657 Δίόσκορον
1322 1622 1372 1657 τὴν
1408 1622 1618 1649 Κωνσταντίνου
1650 1620 1843 1648 καταλαϐεῖν·

1046 1670 1117 1698 ὥστε
1145 1671 1222 1704 κοινῇ
1245 1668 1277 1704 δὴ
1311 1668 1472 1703 προσιόντες
1501 1667 1577 1702 παρά
1604 1676 1634 1694 τε
1659 1667 1766 1702 βασιλεῖ
1797 1667 1845 1692 καὶ¹

1053 1716 1166 1752 Ἰωάννῃ
1197 1715 1326 1750 κριταῖς,
1356 1714 1391 1741 τὰ
1417 1714 1480 1741 κατ’
1505 1713 1597 1740 αὐτῶν
1625 1713 1845 1748 ἐσκευωρημένα⁵

1046 1762 1237 1797 διελεγχθῆναι
1261 1769 1268 1776 ·
1297 1761 1345 1788 καὶ
1371 1761 1426 1796 γὰρ
1454 1760 1540 1796 ῷοντο
1577 1759 1706 1794 Ἰωάννην
1736 1759 1844 1786 ἐνδίκου

1048 1809 1206 1845 παρρησίας
1221 1807 1452 1843 ἐπιμελούμενον,
1467 1806 1522 1833 τῶν
1540 1806 1654 1834 δικαίων
1670 1806 1708 1840 μὴ
1724 1805 1846 1840 ἀστοχῆ-

1049 1863 1104 1882 σαι.
1127 1855 1156 1881 ’0
1166 1854 1195 1880 δὲ
1210 1853 1381 1889 φιλοφρόνως
1396 1852 1461 1884 τοὺς
1489 1852 1591 1888 ἄνδρας
1622 1851 1784 1885 δεξάμενος,
1816 1851 1846 1877 ὲν

1048 1902 1115 1936 τιμῇ
1127 1898 1184 1936 εἶχε
1200 1908 1208 1916 ’
1225 1900 1274 1927 καὶ
1296 1900 1351 1926 τῶν
1367 1899 1416 1935 μὲν
1436 1899 1482 1926 ἐπὶ
1500 1899 1550 1932 τῆς
1579 1897 1732 1933 ἐκκλησίας
1756 1896 1846 1932 εὐχῶν

1052 1947 1203 1982 μετεδίδου,
1228 1946 1308 1973 θείων
1333 1946 1362 1973 δὲ
1389 1946 1530 1972 κοινωνεῖν
1554 1945 1647 1975 αὐτοῖς
1681 1944 1844 1979 μυστηρίων

1050 1993 1167 2028 ἀπηξίου
1181 2001 1188 2008 ·
1206 1992 1274 2028 μηδὲ
1285 1992 1340 2028 γὰρ
1369 1991 1479 2026 θεμιτὸν
1493 1989 1564 2017 εἶναι
1579 1990 1632 2025 πρὸ
1655 1989 1845 2022 διαγνώσεως,

1050 2040 1154 2066 τούτων
1170 2040 1262 2070 αὐτοῖς
1278 2038 1453 2072 μεταδοῦναι.
1466 2037 1588 2072 Γράμμα
1603 2037 1631 2062 δὲ
1656 2037 1704 2062 καὶ
1720 2035 1846 2070 Θεοφίλῳ

1052 2086 1123 2119 ὑπὲρ
1138 2085 1229 2111 αὐτῶν
1241 2083 1377 2117 ἔστελλεν,
1396 2083 1412 2118 ἢ
1427 2083 1476 2118 τὴν
1489 2082 1634 2110 κοινωνίαν
1659 2083 1752 2112 αὐτοῖς
1777 2082 1848 2107 ἀπο·

1052 2132 1155 2163 δοῦναι,
1171 2131 1259 2166 ὀρθῶς
1274 2130 1303 2156 τὸ
1318 2130 1394 2156 Θεῖον
1408 2128 1566 2161 δοξάζουσιν
1583 2136 1589 2143 ’
1609 2129 1633 2154 εἰ
1648 2128 1670 2154 δ’
1691 2127 1749 2159 οὖν,
1778 2127 1848 2154 ἀλλά

1052 2186 1113 2205 τινα
1128 2177 1251 2211 πέμπειν
1272 2176 1365 2207 αὺτοῖς
1383 2176 1574 2210 δικασόμενον,
1594 2175 1624 2205 ὃς
1651 2174 1726 2208 αὐτῷ
1751 2173 1850 2208 ἐπιτή-

216 2232 277 2250 τοι·ο
299 2227 326 2250 et
348 2222 482 2249 fratribus
502 2221 562 2256 ejus
584 2218 852 2253 Constantinopolim
868 2217 962 2244 veneri

1098 2232 1123 2255 ος
1139 2231 1146 2238 ·
1162 2222 1222 2256 εἴγε
1238 2221 1307 2252 τέως
1321 2221 1383 2256 δίκῃ
1405 2221 1460 2247 δεῖν
1490 2220 1580 2247 ἕλοιτο
1601 2220 1637 2247 τὰ
1662 2220 1724 2246 κατ’
1747 2220 1847 2250 αὐτοὺς

215 2269 343 2295 nimirum
359 2272 388 2293 ut
405 2265 515 2301 publice
530 2265 581 2292 sub
595 2265 763 2299 imperatore
780 2263 839 2297 ipso
853 2266 882 2290 et
895 2262 1000 2289 Joanne

215 2313 362 2344 udicibus,
384 2312 492 2345 injuria:
518 2316 600 2345 atque
624 2309 742 2341 insidiae,
763 2308 864 2344 quibus
886 2307 1000 2342 expetiti

219 2362 332 2390 nerant,
344 2362 589 2394 cognoscerentur.
608 2355 805 2383 Existimabam
819 2354 905 2387 enim,
919 2354 1002 2381 Joan-

215 2415 276 2434 nem
293 2414 342 2441 pro
359 2409 490 2433 consueta
509 2404 562 2431 sibi
580 2403 718 2433 libertate,
735 2409 788 2436 qua
805 2401 926 2436 legitime
942 2405 1004 2427 utc-

218 2458 304 2482 natur.
321 2460 335 2478 a
349 2453 410 2487 jure
434 2456 458 2478 et
481 2451 612 2485 aequitate
637 2457 692 2476 non
713 2448 905 2475 abcrraturum
929 2454 1000 2474 esse.

215 2501 260 2526 ΙΙὶιτ
282 2499 355 2525 viros
381 2499 496 2533 benigne
517 2501 645 2531 acceptos
672 2496 698 2522 in
721 2495 825 2521 honore
849 2493 955 2524 habuit,
974 2499 1001 2520 et

217 2547 247 2572 a.l
264 2553 425 2572 communes
446 2545 471 2571 in
489 2544 605 2571 ecclesia
628 2549 725 2578 preces
741 2541 880 2573 adhibuit,
905 2540 938 2568 ad
959 2540 1003 2567 di-

219 2591 340 2617 ΥῙΙΙΟΙἸΙΙΙΙ
365 2596 456 2617 autem
484 2590 679 2624 mysteriorum
702 2586 924 2614 ωιιιιιιυιιίοιιριιι
946 2592 1002 2612 non

218 2636 335 2664 admisit.
353 2637 447 2671 Neque
463 2636 536 2662 enim
552 2635 592 2662 ius
606 2637 677 2666 erat,
694 2638 758 2660 ante
774 2639 883 2659 causam
910 2633 1004 2666 cogni-

218 2688 271 2709 tam
295 2690 327 2709 ea
352 2691 413 2710 cum
441 2682 496 2709 illis
517 2682 731 2709 communicare.
754 2678 797 2706 Ad
819 2677 1003 2712 Theoplnlunt

220 2737 283 2755 ιρι-ο
299 2736 347 2763 pro
361 2730 402 2756 eis
423 2730 529 2756 litteras
548 2728 634 2761 dedit,
649 2732 678 2754 ut
699 2726 741 2753 vel
762 2725 815 2752 illis
834 2725 1005 2751 communio-

219 2786 281 2805 nent
308 2777 442 2810 redderet,
466 2777 512 2811 qni
539 2782 612 2804 recte
635 2775 669 2804 de
698 2776 752 2802 lico
777 2775 912 2802 sentirent
935 2782 942 2800 :

1052 2269 1253 2305 διακρίνασοαι.
1276 2268 1338 2294 Ἐπὶ
1354 2267 1453 2294 πολλοῦ
1468 2267 1497 2294 δὲ
1517 2267 1616 2302 καιροῦ
1643 2266 1693 2300 τῆς
1714 2267 1743 2292 ἐν
1769 2266 1847 2292 πόλει

1053 2313 1196 2347 διατριϐῆς
1211 2313 1268 2343 τοῖς
1289 2313 1420 2347 μοικαχοίς
1435 2311 1598 2346 γενομένης,
1628 2311 1671 2346 ἐφ’
1689 2311 1751 2338 ὀδοῦ
1768 2312 1847 2346 προῖ-

1053 2359 1121 2394 οὑσῃ
1130 2361 1163 2393 τῇ
1172 2359 1289 2393 βασιλίδι
1300 2357 1427 2393 Εὑδοξίᾳ,
1442 2359 1466 2385 οἱ
1478 2358 1550 2393 ἀμφὶ
1571 2357 1730 2393 ’Δμμώνιον
1746 2359 1843 2383 ἐκεῖνοι

1055 2404 1222 2439 προσῆλθον,
1239 2404 1438 2439 ἐπαιτιώμενοι
1458 2404 1590 2439 Θεόφιλον
1604 2402 1645 2436 οἷς
1674 2404 1734 2430 κατ’
1757 2404 1847 2430 αὐτῶν

1055 2449 1247 2477 ἐϐουλεύσατο.
1282 2450 1314 2476 Ἠ
1337 2450 1361 2476 δ’
1388 2449 1539 2484 αἰσθομένη
1577 2449 1626 2483 τὴν
1658 2448 1720 2475 κατ’
1749 2448 1847 2479 αὐτοις

1057 2496 1174 2526 ἀδικίαν,
1187 2496 1295 2531 τιμῶσα
1310 2495 1371 2526 τοὺς
1385 2495 1496 2530 ἄνδρας,
1511 2495 1557 2521 τοῦ
1571 2495 1665 2529 πρόσω
1678 2495 1748 2521 ἰέναι
1763 2494 1829 2527 ἔστη
1839 2501 1846 2508 ·

1058 2540 1105 2566 καὶ
1120 2540 1167 2566 τοῦ
1186 2540 1327 2575 βασιλικοῦ
1342 2540 1481 2575 ὀχήματος
1497 2540 1674 2575 προκύψασα,
1693 2541 1724 2574 τῇ
1743 2539 1847 2572 κεςαλῇ

1057 2587 1181 2619 ἐπένευε,
1197 2588 1254 2618 καὶ,
1269 2596 1278 2612 ι
1294 2586 1449 2620 Εὐλογεῖτε,
1467 2587 1532 2620 ἔφη.
1559 2587 1641 2621 εὐχάς
1658 2594 1688 2612 τε
1706 2586 1776 2620 ὑπὲρ
1797 2585 1846 2611 τοῦ

1059 2632 1134 2666 βασι)
1142 2634 1192 2663 έω,
1209 2634 1255 2658 καὶ
1271 2633 1340 2667 ἐμοῦ
1352 2633 1400 2659 καλ⁵
1418 2634 1471 2659 τῶν
1486 2632 1589 2658 παίδων
1604 2633 1716 2658 ποιεῖτε.
1740 2630 1810 2663 Ὶιξγὼ
1827 2631 1848 2656 ι’

1058 2680 1120 2705 ὅσον
1133 2680 1215 2713 τάχος
1228 2679 1341 2706 σπεύσω
1354 2679 1484 2714 Θεόφιλον
1501 2678 1660 2713 ἀφικέσθαι.
1675 2688 1685 2704 ι
1698 2678 1752 2705 Καὶ
1767 2678 1783 2712 ἠ
1797 2677 1847 2711 μὲν

1059 2724 1122 2750 τάδε
1135 2724 1251 2751 εἰποῦσα
1265 2725 1355 2759 διέϐη.

979 2774 1020 2800 vel
1041 2773 1170 2799 idoneum
1196 2774 1314 2808 aliquem
1336 2773 1606 2808 Constantinopolim
1633 2773 1766 2804 mitteret,
1800 2770 1846 2805 qui

218 2832 280 2850 «ιιεη
306 2824 359 2851 illis
381 2824 540 2858 anmigcret,
556 2822 691 2858 siquidem
710 2822 734 2850 ei
757 2822 845 2849 visum
862 2826 944 2850 esset,
978 2827 1040 2847 cum
1061 2819 1101 2846 eis
1124 2819 1229 2853 judicio
1255 2819 1435 2847 eutitendere.
1463 2820 1496 2846 Et
1517 2827 1579 2845 eum
1603 2819 1709 2846 diutius
1731 2818 1757 2844 in
1780 2816 1846 2843 urbe

220 2872 345 2898 monachi
374 2874 557 2902 morarentur,
598 2875 623 2896 ct
651 2868 809 2904 impcratrix
842 2868 962 2894 Ειιῐιπχὶη
990 2867 1015 2894 in
1039 2866 1177 2901 publicum
1202 2874 1344 2901 progressa
1373 2871 1457 2897 (ες-οι,
1493 2858 1759 2901 376Ἇιιιιιιοιιῑυ5
1780 2870 1842 2889 cum
