1898 3054
67 130 109 163 981

517 129 819 160 ECCLIESIASTIC/E
839 131 1031 162 IIIS’I‘OIll/E
1050 132 1120 163 LIB.
1143 132 1226 162 XIII.

1632 131 1686 162 982

67 189 147 222 Ἔδοξε
163 187 191 214 δὲ
207 186 246 221 τῷ
271 187 379 222 πλήθει,
394 186 432 218 ὡς
448 187 593 223 αίνῑγματι
608 188 678 214 κατὰ
698 189 746 223 τῆς
764 188 840 223 βασι-

902 189 1126 220 :rat,orationem
1153 189 1179 216 in
1204 187 1320 216 ecclesia
1347 195 1396 224 pro
1424 187 1556 214 concione
1577 187 1682 221 habuit,

65 237 125 267 ὶίδος
140 235 240 270 ἐκείνῳ
256 234 374 270 μάλιστα
398 235 561 270 συντεθῆναι
586 235 630 262 τὸν
649 235 737 270 λόγον.
755 236 810 263 Καὶ
827 236 839 263 ό

64 283 131 316 λόγος
144 283 201 313 τοῖς
215 281 443 316 δυσμεναίνουσιν
457 281 614 317 ἐπιληφθεὶς,
634 283 681 309 ἐπὶ
693 283 741 317 τὴν
760 283 840 318 βασί-

64 328 146 355 λισσαν
160 329 270 361 ἄγεται.
293 327 325 353 'II
343 327 371 354 δὲ
392 328 491 355 θᾶττον
510 329 602 364 τάνδρὶ
625 329 778 365 προσιοῦσα
791 329 841 365 τὴν

63 374 155 400 οἰκείαν
173 373 340 408 ἀπωδύρετο
356 372 446 408 ὕϐριν.
466 374 522 400 Καὶ
534 375 690 410 προσετίθει
706 375 788 401 αὑτοῦ
808 384 840 409 γε

63 419 101 446 τοῦ
115 419 280 454 κρατοῦντος
295 419 376 454 ὕϐριν
389 417 459 446 εἶναι
482 419 530 454 τὴν
547 420 659 455 ἑαυτῆς.
674 421 729 448 Καὶ
742 420 840 448 θᾶττον

63 465 258 498 πιραπκευᾶζει
276 464 364 490 ἐλθεῖν
378 464 424 491 τὸν
442 465 584 500 Θεόςιιιλον,
599 466 646 492 καὶ
660 466 707 500 τὴν
720 467 781 493 κατ’
793 467 841 493 αὑ-

62 509 101 536 τοῦ
129 510 282 544 κατήπειγε
300 510 421 538 σύνοδον.
439 511 614 545 Συνέπραττε
634 512 662 538 δὲ
690 512 775 539 ταῦτα
793 514 840 539 καὶ

63 555 217 590 Σευηριανὸς
233 556 247 581 ό
270 555 412 588 Γαϐάλων,
435 555 602 592 ὑποσμύχων
622 556 663 583 ἐτι
679 557 728 592 τὴν
739 557 838 592 λύπην,

62 602 101 627 καὶ
117 601 154 635 μὴ
171 601 222 633 τῆς
239 601 339 633 κακίας
367 601 549 636 ἀπαλλαγείς.
571 603 642 629 ’Δλλ“
659 603 713 629 είτε
731 604 768 635 ὡς
779 604 841 630 ἔτυ-

61 652 100 677 χεν
119 644 248 678 Ἰωάννης
274 645 320 670 τον
336 645 458 672 τοιοῦτον
478 647 670 682 ἐκκλησιάζων
683 650 839 683 προήνεγκε

61 689 142 722 λόγον,
158 689 208 716 εἴτ’
219 690 431 725 αἰνιγματωδῶς
448 692 497 727 τῆς
510 691 646 727 βασιλίδος
661 693 840 729 κατατρέχων

60 735 139 761 ἐποίει
150 737 181 770 τῇ
202 735 273 771 πρὸς
294 736 452 771 Ἐπιφιίνιον
477 737 555 772 ἔριδι,
571 739 611 770 είς
628 739 771 773 ἁκρίῦειαν
797 739 841 766 λέ-

56 789 111 814 ,γειν
136 782 186 808 οὐκ
213 781 279 817 ἔχω.
303 782 373 808 Ἀλλ’
394 783 426 809 οὗ
452 784 524 810 πάνυ
541 785 636 819 πόρρω
663 785 792 820 Θεόφιλός
809 794 840 812 τε

61 826 143 861 παρῆν
157 833 164 841 ·
180 826 227 853 καὶ
239 827 332 853 πολλοὶ
348 827 402 853 τῶν
417 829 589 860 ἐπισκόπων,
603 830 627 855 οῑ
642 830 692 864 μὲν
705 833 842 866 προσταγ-

61 878 119 903 ματι
152 869 286 904 βασιλέως
314 868 395 906 ἧκον,
423 871 447 898 οί
471 871 499 898 δὲ
527 872 659 908 Θεοφίλου
684 873 841 907 κινοῦντος·

62 915 158 941 umor;
183 915 205 941 δ’
222 916 325 943 ἐκείνοι
353 917 510 949 σπουδαίως
537 918 661 954 ἔτρεχον,
690 921 748 947 ὅσοι
775 921 843 955 πρὸς

65 959 186 986 Ἰωάννου
198 961 269 987 κατὰ
286 961 336 995 τὴν
357 961 451 988 Ἀσίαν
478 963 594 995 ἐνδίκως
611 965 663 996 τὰς
688 965 844 998 ἐπισκοπὰς

61 1005 234 1041 ἀφῃρέθησαν
247 1014 255 1022 ο
278 1008 326 1034 καὶ
349 1008 425 1035 ἄλλοι
445 1009 532 1045 ἑτέρῳ
552 1010 648 1046 τρόπῳ
667 1013 736 1048 πρὸς
761 1014 843 1040 αὐτὸν

61 1051 256 1086 ἀπηκθάνοντο,
271 1053 341 1089 ’Ήδη
367 1055 395 1081 δὲ
412 1055 459 1082 καὶ
478 1056 541 1090 νῆες
559 1057 588 1088 ἐξ
607 1058 746 1092 Αίγύπτου
762 1060 844 1087 κατέ-

62 1098 148 1132 πλεον,
164 1099 198 1130 ἃς
213 1099 344 1134 Θεόφιλος
356 1102 532 1136 περιέμενεν.
555 1103 633 1130 Ἐπεὶ
656 1104 678 1130 δ’
695 1105 844 1141 ἡθροίσθη-

62 1151 106 1170 σαν
121 1145 242 1177 ἅπαντες
259 1146 331 1173 κατὰ
347 1147 398 1180 τὴν
413 1147 454 1178 είς
469 1147 597 1176 Βιθυνίαν
611 1150 784 1184 Χαλκηδόνα,
798 1152 843 1178 καὶ

62 1190 206 1222 συνιόντες,
225 1191 332 1226 ὃπωςή
357 1192 429 1218 κατὰ
453 1192 500 1219 τοῦ
523 1193 649 1221 Ἰωάννου
668 1197 843 1232 ἐπιχείρησις

60 1235 186 1270 προϐαίη,
205 1236 303 1271 βουλὴν
318 1237 472 1265 ἐποιοῦντο.
490 1239 556 1266 Τότε
577 1240 610 1275 δὴ
625 1241 743 1277 Κυρῖνος
760 1243 773 1269 ό
791 1243 842 1278 τῆς

61 1282 227 1317 Χαλκηδόνος
245 1284 404 1317 ἐπίσκοπος,
413 1284 535 1320 Θεοφίλῳ
545 1295 574 1313 τε
586 1288 657 1314 κατὰ
669 1289 746 1322 γένος
761 1298 844 1325 προσ-

59 1328 141 1361 ήκων,
159 1329 208 1356 καὶ
232 1329 267 1356 τὰ
290 1330 376 1358 πολλὰ
407 1332 482 1366 αὐτῷ
511 1333 671 1367 χαρίζεσθαι
694 1336 842 1371 ᾑρημένος,

59 1372 98 1408 (ἦν
114 1375 170 1409 γὰρ
195 1375 368 1411 Αἰγύπτιος),
393 1377 521 1413 διάφορος
537 1381 571 1405 τὰ
595 1380 712 1412 μάλιστα
732 1381 842 1417 Ἰωάννῃ

59 1420 247 1455 καθεστηκὼς,
267 1421 382 1448 πλεῖστα.
407 1423 514 1457 παριὼν
538 1424 667 1460 ἐλοιδόρει
688 1427 733 1453 τὸν
751 1427 843 1455 ’ίωάνι

59 1475 114 1500 νην,
131 1467 222 1499 ὰαεὸἧ
239 1468 287 1495 καὶ
299 1468 420 1500 ἀλαζόνα
433 1470 480 1497 καὶ
496 1470 627 1504 ἀγόνατον
651 1473 756 1500 ἐκεῖνον
773 1474 842 1501 ἀπο-

60 1513 157 1566 ἰιιλίῦν,
179 1514 236 1540 Καὶ
266 1515 290 1540 οἱ
318 1514 369 1566 μέν
385 1515 530 1542 ἐπίσκοποι
557 1517 660 1545 τούτων
689 1519 877 1566 λεγομένωνῦ

59 1556 180 1591 ἑνήδοντο
191 1565 198 1572 ·
213 1559 310 1592 ταχεῖα
325 1558 348 1585 δ’
364 1559 461 1593 ἐκείνῳ
475 1560 528 1586 τῶν
547 1561 654 1593 ὖὸρεων
669 1562 762 1590 θεόθεν
778 1565 842 1598 μέτ-

59 1609 106 1628 εισι
125 1603 202 1637 δίκη.
244 1603 274 1630 Ὀ
297 1603 352 1640 γὰρ
373 1606 422 1640 τῆς
449 1606 668 1642 Μεποποταμίας
692 1609 842 1643 ἐπίσκοπος

60 1648 208 1683 Mago-aea;
226 1649 301 1676 ἄκων
328 1650 444 1685 θάτερον
457 1653 515 1679 τοῖν
541 1654 632 1680 ποδοῖν
646 1654 693 1680 τοῦ
721 1656 842 1690 Κυρίνου

61 1693 206 1729 ἐπάτησεν.
226 1695 363 1727 Χαλεπῶς
374 1697 396 1723 δ’
409 1697 515 1724 ἐκεῖθεν
538 1698 682 1732 διατεθεὶς,
699 1700 844 1734 συνδιαὸἧ-

61 1747 102 1778 ναι
117 1741 175 1771 τοῖς
186 1740 291 1772 λοιποῖς
307 1743 469 1774 ἐπισκόποις
486 1743 555 1779 προς
571 1745 621 1780 τὴν
636 1746 843 1774 Κωνσταντῖνου

60 1785 181 1820 οὐδαμῶς
206 1785 340 1821 ἐδυνήθηο
357 1787 460 1822 καίπερ
487 1788 636 1822 ἃναγκαῖος
660 1787 729 1817 εἶναι
755 1792 843 1820 δοκῶν

61 1831 125 1865 πρὸς
139 1832 190 1863 τὰς
215 1832 288 1858 κατὰ
309 1833 433 1859 Ἰωάννου
450 1834 610 1867 ἐπιόονλὰς.
630 1836 748 1863 Ἔπειτα
774 1838 843 1874 πρὸς

60 1877 87 1903 τδ
113 1879 208 1913 χεῖρον
235 1879 397 1912 γενόμενος,
414 1880 554 1916 διαφόρως
585 1882 637 1909 ὑπὸ
660 1883 716 1910 τῶν
743 1884 844 1919 ίατρῶν

59 1924 218 1959 ἀπεπρίοθη
235 1924 266 1950 τὸ
281 1925 386 1956 σκέλος,
404 1926 530 1960 Σηπεδὼν
544 1928 599 1963 γὰρ
616 1929 720 1955 ἐκεῖθεν
748 1931 843 1965 ἐπιγε-

59 1969 157 2004 νομένη
185 1969 218 1995 τὺ
245 1970 299 1995 πᾶν
328 1971 410 2004 σῶμα
433 1971 539 2006 μετῄει,
556 1972 593 2002 ὡς
611 1972 659 1999 καὶ
683 1973 730 2000 τὸν
748 1974 844 2009 ἕτερον

59 2014 128 2040 πόδα
141 2015 177 2041 τὰ
192 2014 239 2040 lca.
255 2015 353 2042 παθεῖν
367 2017 400 2050 τῇ
418 2016 563 2047 μεταδόσει
575 2018 624 2044 τοῦ
641 2019 754 2051 πάθους.
775 2021 844 2047 Ἀλλ’

58 2060 72 2085 ό
97 2060 148 2094 μὲν
176 2060 208 2086 οὺ
227 2061 318 2096 πολλῷ
336 2060 450 2097 ὕστερον
472 2063 505 2096 τῇ
535 2063 582 2088 τοῦ
608 2064 720 2096 σκέλους
753 2066 844 2102 πληγῇ

59 2105 188 2133 ἐτελεύτα
202 2105 249 2132 τὸν
265 2107 331 2141 βίον,
356 2107 503 2141 ’Δρσακίου
517 2108 563 2134 τὸν
584 2108 680 2144 θρόνον
695 2110 844 2145 διέποντος,

59 2151 139 2182 ἀξίαν
165 2151 286 2187 ἀμοιϐὴν
310 2152 365 2180 τῶν
390 2154 462 2180 κατὰ
490 2153 537 2180 τοῦ
559 2155 634 2182 ὁσίου
647 2155 751 2192 ὖὸρεων
770 2159 846 2195 είλη-

59 2206 127 2231 om.

59 2294 145 2321 multo
161 2294 245 2321 etiam
270 2300 331 2328 post
346 2303 378 2323 ea
393 2297 450 2332 ipsa
467 2297 544 2333 plaga
561 2298 643 2325 vitam
663 2298 744 2332 ﬁniit,

895 242 949 268 qua
962 235 1146 262 communiter
1172 234 1198 261 in
1216 233 1348 261 mulieres
1375 233 1460 260 malas
1481 233 1606 260 invectus
1631 237 1683 261 est.

895 280 1065 308 Multitudini
1080 285 1170 307 autent
1186 280 1275 307 vlsum
1289 283 1341 312 est,
1359 279 1512 306 oralionem
1534 287 1594 306 eam
1606 280 1684 314 quasi

895 325 945 352 sub
979 325 1120 353 involucro
1150 329 1246 352 contra
1276 325 1428 359 Augustam
1455 324 1573 351 maxime
1600 325 1634 351 ab
1652 332 1684 351 eo

894 372 1076 407 compositam
1095 379 1155 398 esse
1169 380 1175 398 :
1189 379 1250 405 qure
1266 371 1347 397 etiam
1374 371 1408 398 ab
1434 370 1600 397 adversariis
1624 371 1684 404 eius

894 422 1018 451 excepta,
1029 417 1062 443 ad
1079 424 1139 444 eam
1155 423 1197 444 est
1210 417 1311 444 delata.
1326 417 1360 444 Et
1383 416 1429 443 illa
1447 416 1576 443 maritum
1592 417 1684 443 statim

894 462 973 495 adiit,
990 467 1018 489 et.
1031 462 1104 497 apud
1135 470 1197 492 euut
1212 463 1406 490 contumeliam
1422 470 1498 489 suam
1519 462 1683 497 deploravit,

894 508 1022 543 injuriam
1054 516 1113 536 eam
1139 509 1231 535 mariti
1256 516 1428 535 communem
1459 516 1521 535 csse
1542 508 1682 535 dictitans.

894 553 1044 581 Confestim
1062 554 1145 581 etiam
1165 554 1376 589 utTheophilus
1392 554 1545 584 adveniret,
1563 553 1682 584 curavit,

894 604 974 634 alque
988 604 1017 626 ut
1031 600 1236 634 quamprimum
1253 600 1375 635 synodus
1398 600 1530 627 adversus
1548 600 1682 627 Joannem

894 649 1049 678 cogeretur,
1062 645 1128 680 egit.
1143 645 1298 680 Adjuvabat
1312 650 1407 672 autem
1425 653 1484 673 eam
1516 645 1683 672 Severianus

894 698 1017 725 quoque,
1053 691 1218 718 Gabalnrum
1251 691 1406 726 episcopUS,
1432 691 1555 718 dolorem
1592 690 1684 717 adhuc

894 744 974 764 suum
988 741 1089 764 tectum
1107 737 1133 764 in
1153 737 1246 764 animo
1262 737 1369 770 fovens,
1381 738 1483 772 quippe
1499 737 1545 772 qui
1559 737 1681 764 nondum

895 783 1115 810 malevolentiam
1128 784 1154 810 in
1168 783 1303 810 Joannem
1325 791 1403 810 suam
1430 783 1610 817 deposuisset.
1625 782 1683 810 Cae-

895 833 987 855 terum
1003 828 1060 855 sive
1079 829 1198 856 Joannes
1219 836 1283 856 casu
1313 829 1448 863 quopiam-
1466 828 1625 863 huiusmodi
1654 829 1683 855 in

858 868 879 896 Β
893 874 1008 901 ecclesia
1022 874 1118 901 habuit
1137 875 1301 907 orationem,
1320 882 1368 902 seu
1381 874 1551 902 subobscure
1582 875 1609 901 in
1633 874 1682 900 im-

894 919 1059 954 peratricetn
1090 920 1281 952 cstinvectus,
1304 924 1418 955 propter
1451 928 1511 947 eam
1539 927 1601 954 qua:
1631 920 1684 948 sibi

894 973 958 993 cum
987 965 1143 1000 Epiphanio
1161 966 1320 994 intercessit
1354 967 1575 1000 contentionem,
1608 966 1682 1001 quod

894 1011 1030 1039 afﬁrmare
1054 1018 1130 1039 certo
1150 1020 1205 1039 non
1234 1020 1365 1047 possum;
1383 1012 1556 1047 Theophilus
1573 1013 1683 1047 quidem

895 1056 1020 1090 profecto
1035 1064 1089 1083 non
1104 1057 1192 1084 multo
1202 1062 1266 1091 post
1280 1057 1371 1089 alluit,
1393 1061 1422 1084 et
1451 1057 1530 1096 multi
1553 1061 1684 1092 prmterea

893 1102 1030 1136 episcopi,
1049 1102 1147 1136 partim
1165 1103 1442 1138 imperatorisjussu,
1468 1103 1568 1137 partim
1595 1102 1685 1129 Theo-

892 1147 963 1182 phili
979 1147 1122 1179 instinctu,
1137 1147 1404 1181 Constantinopolim
1423 1147 1573 1174 advenere.
1597 1147 1685 1174 Potis-

893 1194 995 1220 simum
1011 1201 1077 1220 vero
1101 1201 1201 1228 magno
1217 1193 1256 1220 illi
1281 1193 1373 1220 studio
1389 1198 1604 1226 concurrerunt,
1621 1194 1683 1228 qni-

893 1240 948 1268 bus
964 1240 1070 1279 inAsia
1083 1248 1098 1267 a
1117 1241 1221 1268 Joanne
1232 1240 1354 1275 legitime
1370 1241 1545 1276 episcopatus
1563 1241 1682 1275 adempti

892 1287 1013 1319 fuerant,
1034 1287 1136 1321 quique
1160 1286 1187 1314 ei
1202 1286 1269 1313 alias
1284 1286 1366 1313 etiam
1378 1286 1412 1313 ob
1430 1294 1530 1314 causas
1546 1286 1681 1314 hostiliter

894 1332 1122 1360 adversabantur.
1142 1331 1201 1359 Jam
1215 1339 1300 1360 naves
1313 1340 1422 1368 quoque
1434 1339 1502 1366 quas
1512 1332 1681 1366 ΤΙιοοριιὶΙιις

894 1382 1080 1417 exspectarat,
1107 1385 1141 1404 ex
1162 1377 1282 1412 Egypto
1312 1377 1485 1412 appulerant.
1516 1377 1606 1411 Atque
1634 1377 1681 1402 ubi

893 1423 1066 1452 Chalcedone
1084 1423 1263 1459 Bithynorum
1279 1423 1438 1458 congregati
1456 1429 1553 1449 omnes
1583 1429 1683 1448 conve-

894 1477 970 1502 nere,
996 1469 1135 1505 quomodo
1159 1477 1217 1496 rem
1244 1469 1378 1496 adversus
1407 1469 1540 1496 Joannem
1572 1467 1681 1502 aggredi

895 1516 1039 1548 deberent,
1062 1515 1265 1543 consultarunl.
1282 1515 1348 1542 Erat
1362 1521 1418 1542 tum
1434 1513 1611 1542 Chalcedone
1625 1513 1682 1548 epi-

895 1569 993 1597 scopus
1005 1561 1132 1597 Cyrinus,
1150 1562 1231 1597 382
1251 1561 1396 1596 Theophili
1417 1560 1567 1595 popularis,
1582 1559 1670 1594 rEgyp

896 1609 950 1635 tius
966 1608 1104 1635 videlicet.
1127 1607 1178 1635 llic
1195 1607 1321 1645 multum
1334 1607 1374 1634 illi
1390 1606 1538 1642 gratiﬁcari
1563 1605 1679 1634 studuit,

893 1655 991 1682 Joanni
1009 1661 1090 1689 quam
1109 1654 1227 1680 maxime
1245 1653 1386 1680 inimicus.
1402 1653 1498 1687 Itaque
1511 1659 1681 1687 progressus,

894 1700 1027 1728 Joannem
1052 1699 1187 1727 conviciis
1215 1698 1363 1734 plurimum
1399 1698 1543 1734 proscidit,
1569 1698 1681 1733 impium

894 1745 982 1778 illum,
998 1745 1166 1772 insolentem
1193 1749 1220 1771 et
1234 1744 1411 1771 inflexibilem
1427 1745 1574 1770 nominans
1592 1754 1598 1771 :
1620 1743 1682 1778 qni—

895 1791 947 1818 bus
963 1791 1044 1818 dictis
1067 1790 1187 1825 episcopi
1200 1795 1264 1818 sunt
1286 1790 1425 1817 delectati.
1454 1789 1556 1816 Verum
1585 1790 1674 1817 illum.

894 1844 978 1871 parva
1002 1837 1190 1864 intercedente
1217 1843 1304 1868 mora,
1331 1835 1366 1861 ob
1398 1835 1513 1870 injurias
1545 1836 1679 1870 ejusmodi

898 1883 989 1909 divina
1020 1883 1140 1909 vindicta
1173 1886 1316 1916 persecuta
1347 1886 1400 1908 est.
1429 1881 1568 1908 lllaruthas
1594 1882 1680 1912 enim,

895 1928 1096 1962 Mesopotamiae
1105 1928 1260 1963 episcopus,
1273 1927 1434 1963 imprudens
1450 1927 1565 1954 alterum
1582 1927 1682 1961 pedum

895 1974 955 2009 ejus
969 1974 1086 2009 calcavit
1100 1982 1107 2000 :
1122 1974 1196 2002 unde
1215 1975 1260 2002 ille
1295 1974 1367 2001 male
1405 1973 1506 2000 habere
1526 1974 1621 2007 cmpil.
1655 1979 1683 2000 ct

895 2026 1041 2056 propterea
1052 2029 1113 2049 cum
1134 2021 1249 2055 reliquis
1260 2021 1396 2056 episcopis
1415 2019 1680 2055 Constantinopolim

896 2068 1033 2104 proficisci
1050 2074 1224 2102 nequaquam
1238 2067 1338 2101 potuit,
1353 2066 1478 2102 quamvis
1493 2065 1526 2092 ad
1537 2066 1682 2093 struendas

897 2114 996 2142 Joanni
1015 2114 1128 2141 insidias
1143 2114 1316 2141 necessarius
1341 2120 1401 2141 esse
1414 2113 1562 2140 videretur.
1578 2113 1682 2140 Deinde

898 2166 990 2188 autem
1008 2168 1070 2188 cum
1087 2160 1241 2187 deteriores
1253 2160 1342 2187 multo
1359 2167 1403 2187 res
1415 2159 1476 2194 ejus
1498 2159 1606 2191 ﬁerent,
1621 2167 1684 2185 crus

860 2203 883 2230 Β
897 2207 923 2234 ei
941 2215 955 2234 a
969 2206 1085 2234 medicis
1097 2206 1179 2233 etiam
1193 2210 1235 2233 est
1245 2205 1522 2233 rescctumJ’utredo
1535 2205 1608 2232 enim
1623 2205 1686 2234 inde

58 2252 154 2273 exorta
187 2246 224 2273 ita
241 2247 379 2282 reliquum
395 2256 496 2284 corpus
509 2250 620 2281 invasit.
634 2258 665 2278 ut
679 2253 843 2288 contagione
863 2255 979 2282 alterum
1012 2261 1122 2290 quoque
1140 2254 1235 2281 itidem
1264 2253 1362 2289 pedem
1372 2253 1527 2288 occuparit.
1543 2253 1612 2285 Quin
1630 2260 1684 2279 non
1724 2281 1734 2291 κ

792 2301 907 2335 gratiam
943 2309 1002 2329 eam
1036 2302 1222 2334 contumeliis,
1241 2301 1342 2336 quibus
1361 2301 1448 2328 virum
1463 2305 1587 2327 Sanctum
1619 2299 1685 2327 alle-

57 2344 144 2372 cerat,
162 2344 305 2374 acceptam
335 2342 436 2370 ferens.
452 2342 538 2378 Cujus
565 2343 695 2371 thronum
717 2345 846 2373 Arsacius
866 2347 972 2381 recepit
988 2347 1039 2382 (l).

357 2399 482 2427 ΚΕΦΑΛ.
499 2401 549 2428 IE'.

60 2444 130 2478 Περι
147 2443 204 2477 τῆς
227 2439 440 2479 ἀθροισθείσης
465 2447 540 2473 κατὰ
559 2446 700 2474 Ἰωάννου
712 2448 847 2475 συνόδου

91 2480 129 2516 ἐν·
141 2479 208 2511 τοῖς
227 2479 407 2513 Ῥουφίνου·
423 2481 473 2507 καὶ
491 2482 531 2514 ὼς
543 2482 659 2516 ἐρήμην
671 2483 765 2509 αὐτοῦ
778 2492 846 2510 καιν-

92 2515 232 2541 εδίκασε.

99 2572 178 2597 Ἐπεὶ
189 2571 217 2597 δέ
229 2571 277 2598 καὶ
289 2571 418 2605 Θεόφιλος
428 2574 460 2606 τῇ
470 2573 676 2600 Κωνσταντίνου
686 2574 850 2609 διεπερῖιώ-

58 2617 103 2651 θη.
119 2617 212 2649 οὐδεὶς
227 2617 283 2644 τῶν
300 2618 348 2651 τῆς
365 2619 690 2652 Κωνσταντινουπόλεως,
705 2619 800 2654 ὥσπερ
815 2621 849 2656 ἧν

58 2664 132 2696 ἔθος,
147 2664 290 2698 ὑπή-κτητο
301 2664 351 2698 κλη
358 2665 452 2699 ρικῶν.
461 2665 544 2699 Δῆλος
559 2666 613 2700 γὰρ
627 2663 662 2700 ἦν
674 2666 701 2697 ἐς
716 2666 800 2700 ἄκρον
809 2666 848 2700 τῷ

59 2710 207 2745 ὲπισκόπῳ
227 2710 363 2745 δυσμενὴς
379 2710 531 2742 καθεςτώς.
558 2711 594 2737 Τὸ
608 2711 636 2737 δὲ
655 2711 705 2746 τῆς
724 2712 848 2745 Ἀλεξαν-

58 2755 147 2790 δρέων
164 2756 306 2787 ναυτικὸν,
321 2756 368 2782 καὶ
384 2757 505 2791 μάλιστα
521 2758 582 2783 ὅσον
599 2756 641 2783 διὰ
654 2756 704 2791 τὴν
722 2757 849 2792 σιτηγίαν

1204 2403 1316 2431 CAPUT
1330 2402 1387 2429 XV.

900 2447 938 2475 De
949 2449 1047 2483 synodo
1061 2449 1095 2475 ad
1111 2449 1259 2481 basilicam,
1277 2449 1319 2475 cui
1331 2456 1423 2475 nomen
1438 2451 1495 2474 eral
1507 2446 1605 2480 Ruﬁni,
1621 2455 1684 2473 con~

937 2489 977 2510 ινα
994 2483 1126 2510 Joannem
1142 2487 1323 2518 congregata:
1347 2489 1371 2510 et
1392 2484 1430 2510 uti
1452 2483 1567 2509 Joannes
1590 2483 1683 2509 absens

935 2519 1033 2545 indicta
1046 2527 1125 2545 causa
1137 2520 1170 2545 sit
1185 2520 1336 2545 damnatus.

936 2574 986 2602 Ubi
999 2581 1065 2601 vero
1081 2573 1252 2608 Theophilus
1262 2573 1533 2608 Constantinopolim
1548 2573 1683 2608 pervenit,

900 2628 981 2649 nemo
999 2621 1048 2651 illi,
1065 2628 1114 2656 pro
1135 2625 1242 2655 recepta
1265 2621 1476 2654 consuetudine,
1487 2629 1517 2649 ex
1530 2621 1686 2649 Constanli-

899 2667 1061 2701 nopolitano
1076 2667 1149 2694 clero
1165 2667 1273 2693 obviam
1291 2667 1437 2701 processit,
1463 2667 1535 2701 quod
1555 2667 1685 2694 omnibus

899 2716 1050 2743 constaret,
1065 2712 1207 2739 inimicum
1223 2719 1285 2738 eum
1298 2712 1499 2746 episcopiesse.
1516 2713 1608 2740 Νειηιτυ
1621 2720 1695 2738 vero

899 2758 1088 2789 Alexandrini,
1105 2762 1133 2784 et
1145 2758 1261 2784 maxime
1275 2758 1320 2792 qui
1336 2757 1502 2786 frumentum
1517 2766 1549 2785 eo
1566 2759 1684 2785 advexe-

98 2851 136 2884 (I)
155 2850 219 2879 Ilzt‘c
230 2850 310 2876 verba
332 2849 364 2876 de
379 2851 489 2878 Arsacia
504 2853 574 2888 apud
591 2853 729 2881 Socratem
742 2859 766 2879 (ιι
786 2855 834 2875 ειη

902 2861 964 2880 nam
984 2859 1039 2879 non
1056 2852 1242 2887 reperiuntur.
