1898 3054
87 136 138 169 985

547 135 848 166 ECCLESIASTIC/E
867 135 1062 166 IIISTORLE
1084 137 1156 168 LIB.
1179 135 1266 166 XIII.

1661 134 1716 166 986

87 195 149 223 ὥσθ’
163 194 216 222 ὑπὸ
237 193 398 229 περιφανῶν
415 193 521 230 ἐχθρῶν
546 194 691 229 ἀνέχεσθαι
716 194 870 229 κρίνεσθαι.
888 199 909 227 Α

941 202 1025 229 usque
1040 194 1109 222 adeo
1125 194 1158 221 ad
1183 193 1327 221 dicendam
1358 200 1467 221 causam
1501 200 1572 224 sum,
1589 192 1610 220 si
1628 193 1712 220 modo

86 242 218 273 Χαλεπῶς
233 241 256 268 δ’
277 241 388 267 ἐκείνων
412 240 604 272 διατεθέντων,
623 238 721 276 οἷάπερ
747 240 871 267 ἀπειθεῖν

86 288 236 322 ἐγνωκότος
248 287 351 320 συνόδῳ
366 285 491 321 τοιαύτῃ,
507 285 532 311 ot
548 285 790 319 μὲνπεμῳθέντες,
805 285 871 311 οὑκ-

86 334 125 360 έτι
153 334 243 360 ὀπίσω
268 333 451 367 ἀνέστρεφον·
467 334 623 367 Δημήτριος
640 332 668 358 δὲ
690 331 738 358 καὶ
752 331 810 358 ὅσοι
823 331 872 366 τὴν

92 380 215 408 Ἰωάννου
222 379 366 405 συνουσίαν
376 379 427 413 τῆς
440 378 523 413 κενῆς
534 378 690 413 προετίμων
701 378 791 412 δόξης,
804 378 873 412 πρὸς

86 426 129 452 τὸν
153 426 235 460 άγιον
251 425 400 460 ἐπανῆκον.
427 425 497 451 Κατ’
523 424 632 458 ἐκείνην
647 424 676 451 δὲ
700 426 749 458 τὴν
762 424 873 459 ἡμέραν

85 470 265 504 ταχυγράφος
280 468 329 495 καὶ
343 467 514 502 ταχυδρόμος
534 468 566 494 ὲκ
582 467 716 502 βασιλέως
733 468 874 501 πεμφθέν-

84 523 142 547 τες,
154 515 202 542 τὸν
215 515 266 550 μὲν
280 515 450 550 κατήπειγον
465 514 533 548 πρὸς
543 513 592 548 τὴν
608 513 716 539 σύνοδον
733 513 873 548 ἁπαντᾷν·

85 561 147 593 τοὺς
161 561 191 588 δὲ
209 564 247 596 μὴ
259 560 392 596 ἄχθεσθαι
409 560 607 594 διαμέλλοντας
622 560 686 594 περὶ
701 559 751 594 τὴν
763 559 874 593 ἀπόφα-

86 615 140 634 σιν.
165 607 211 638 Ὠς
233 607 262 633 δὲ
276 606 324 633 καὶ
344 606 473 641 τετράκις
500 605 613 640 κληθεὶς
627 605 677 631 οὐκ
699 605 816 639 ἀπήντα,
836 605 874 637 ὼς

84 653 201 688 ἐχθροὺς
221 653 345 684 ἐκείνους
366 652 631 687 παραγραφάμενος,
648 651 697 678 καὶ
721 652 876 685 οίκουμενι-

85 699 138 734 κὴν
159 698 269 725 σύνοδον
283 699 454 730 ἐπεκαλεῖτο,
472 699 570 725 ἐκεῖνοι
595 698 703 733 ἐρήμην
717 696 764 723 τοῦ
778 696 876 732 ἀνδρὸς

78 744 362 778 ’καταῂφιοάμενοκ
388 743 514 770 καθεῖλον
543 743 636 774 αὑτὸν,
649 742 726 769 οὐδὲν
743 742 808 769 ἄλλο
833 742 876 768 αι-

85 792 261 826 τιασὰμενοι,
274 791 344 826 πλὴν
376 791 416 818 ὃτι
446 791 574 825 τετράκις
591 789 701 824 κληθεὶς
726 789 776 815 οὐκ
790 789 877 823 ἀπήν-

85 845 182 872 τησεν.

923 239 969 273 qui
985 243 1160 266 accusatores
1178 239 1231 265 mei
1261 238 1327 270 sint,
1354 245 1520 273 cognovero,
1537 241 1566 264 et
1583 238 1642 272 qua:
1673 237 1711 264 illi

913 284 1120 327 .mihicrimina
1154 284 1297 319 objiciunt,
1333 284 1410 318 prius
1442 284 1597 318 dispexere.
1631 283 1714 320 384

923 330 952 357 In
961 330 1064 363 majore
1074 334 1163 356 autem
1172 329 1416 364 frequentiorcque
1426 328 1531 364 synodo
1542 329 1713 363 respondere

923 376 1072 408 constitui;
1091 383 1178 410 neque
1197 375 1270 402 enim
1286 381 1339 402 tam
1355 383 1416 401 sum
1436 375 1580 408 stupidus,
1601 379 1631 401 ut
1656 382 1712 400 rem

924 423 1004 450 talem
1017 422 1121 454 subire,
1137 427 1164 448 ct
1176 427 1230 449 tam
1245 422 1454 448 manifestornm
1481 420 1715 453 inimicorumju-

923 468 1024 496 (licium
1039 469 1110 495 ferre
1121 468 1230 494 velim.»
1249 467 1374 494 Graviter
1386 468 1437 494 hoc
1448 467 1582 502 episcopi,
1597 467 1713 501 perinde

924 519 1007 548 atque
1024 514 1069 540 ille
1083 514 1186 549 synodo
1208 518 1290 540 tantae
1309 513 1400 540 minus
1428 520 1524 547 parere
1551 513 1714 540 constituis-

925 567 978 592 set,
996 568 1139 595 accepere.
1152 560 1185 587 Et
1201 561 1247 594 qui
1272 560 1306 587 ab
1322 566 1355 586 eo
1368 560 1447 594 legati
1465 558 1584 590 fuerant,
1610 560 1713 586 reversi

925 607 1032 634 adeum
1055 615 1110 634 non
1124 613 1197 633 sunt.
1213 606 1368 632 Demetrius
1382 610 1484 636 autem.
1503 609 1533 632 et
1543 605 1588 638 qui
1603 605 1713 632 inanem

925 653 1040 688 gloriam
1058 658 1118 687 post
1130 652 1244 680 Joannis
1262 650 1493 678 consuetudinem
1518 650 1652 679 habuere.
1679 651 1713 678 rd

925 699 1015 726 virum
1032 703 1158 725 sanctum
1189 697 1305 725 rediere.
1320 697 1360 724 Eo
1376 697 1435 731 ipso
1463 696 1508 724 die
1539 696 1668 723 notarius
1683 701 1712 723 ct

926 752 1025 772 cursor
1038 744 1183 779 expeditus
1200 744 1234 770 ab
1248 743 1415 778 imperatore
1430 743 1519 774 missi,
1536 742 1635 770 Joanni
1652 742 1714 776 qui-

927 791 989 818 dem
1005 795 1034 818 ut
1053 792 1079 817 in
1096 790 1231 826 synodum
1248 789 1366 821 veniret,
1379 789 1485 816 acriore
1500 788 1629 815 mandato
1650 787 1711 821 jus-

927 841 1023 864 serunt
1036 846 1042 863 :
1056 837 1194 871 episcopis
1206 840 1309 867 autem,
1327 840 1357 861 ut
1370 835 1421 862 sibi
1432 834 1570 861 sententia
1581 831 1713 860 diﬁc-run"

86 886 121 913 da
142 886 284 921 negotium
319 894 373 913 non
397 886 575 916 facesserent.
598 885 800 919 signiticarunt.
841 884 874 912 Ut
894 890 986 912 autem
1017 886 1062 912 ille
1093 889 1192 919 quater
1207 884 1313 912 citatus
1341 890 1395 910 non
1413 883 1579 918 comparuit,
1607 876 1715 917 iudices

87 932 150 960 illos
164 939 193 960 ut
209 934 262 961 sibi
284 934 412 961 inimicos
428 934 590 969 exceptione
605 933 784 963 sulimovcns.
802 937 830 959 et
859 932 893 959 ad
913 933 1098 960 univcrsalem
1114 932 1250 967 synodum
1285 939 1452 966 provocans,
1469 930 1508 958 illi
1526 931 1551 958 ei
1578 929 1651 965 quod
1681 929 1714 955 azl

85 981 221 1016 judicium
236 990 291 1009 non
317 982 461 1014 adfuisset,
484 982 668 1009 condemnato
682 981 872 1016 episcopatum
891 981 1060 1017 abrogaruut
1074 1001 1082 1015 ,
1104 981 1173 1008 nihil
1201 981 1277 1008 aliud
1294 980 1321 1007 ei
1353 979 1528 1015 objicientcs,
1542 985 1625 1014 quam
1640 976 1714 1012 quod

89 1033 190 1062 quater
203 1032 345 1062 evocatus,
363 1029 469 1065 judicio
485 1036 514 1056 se
528 1036 582 1055 nan
607 1029 733 1056 slitisset.

390 1085 516 1112 ΚΕΦΑΛ.
535 1086 593 1119 tq'.

90 1131 161 1166 Περὶ
189 1131 245 1166 τῆς
273 1131 415 1159 Ἰωάννου
443 1132 588 1165 προτέρης
609 1131 741 1165 ὲξορΙας,
756 1131 879 1165 καὶτῆς

127 1168 180 1194 τοῦ
211 1166 309 1201 δήμου
334 1166 501 1200 κιιταόοῆς·
536 1168 584 1194 καὶ
608 1167 647 1198 ὡς
666 1167 757 1199 ἄκων,
787 1166 879 1192 πάλιν

127 1202 263 1236 ἐπανῆκε
277 1201 316 1233 τῷ
330 1203 434 1235 θρόνῳ,
453 1201 577 1236 εἰρήνην
590 1202 722 1228 ἐπκιπὼν
735 1201 773 1234 τῷ
789 1201 864 1234 λαῷ.

134 1295 214 1322 Ἑπεὶ
239 1295 266 1321 δὲ
283 1294 312 1320 τδ
339 1293 442 1327 πλῆθος
460 1293 510 1327 τῆς
524 1293 732 1320 Κωνστοιντίνου
747 1292 811 1326 περὶ
827 1292 881 1318 δεί-

91 1343 143 1377 λην
174 1341 254 1375 ὀψίαν
271 1340 342 1374 ἔγνω
366 1340 396 1365 τὸ
425 1339 549 1373 γεγονὸς,
567 1340 665 1373 ἁθρόον
685 1339 754 1373 πρὸς
786 1339 880 1364 στάσιν

95 1389 232 1425 μεγίστην
248 1387 384 1420 ἀνὴπτετο
398 1393 403 1400 ’
419 1387 467 1412 καὶ
478 1385 528 1419 τὴν
547 1385 696 1418 ἐκκλησίαν
712 1384 880 1410 καταλσὸὀν-

93 1443 151 1466 τες,
170 1433 285 1460 πλεῖστά
299 1441 328 1458 τε
341 1432 407 1459 ἄλλα
428 1432 595 1466 ἀνέκραγον.
611 1432 658 1458 καὶ
672 1431 716 1457 τὸν
727 1430 882 1466 κρατοῦντα

93 1479 324 1514 διελοιδοροῦντο·
341 1479 387 1505 καὶ
409 1478 446 1509 ὡς
461 1478 515 1504 δέοι
532 1478 636 1512 μείζονι
657 1477 757 1512 συνόδῳ
774 1477 883 1511 ἐπιτρέ-

94 1536 160 1553 πειν
172 1527 209 1552 τὰ
228 1526 290 1553 κατ’
310 1525 392 1552 αὑτὸν
407 1526 455 1552 καὶ
472 1526 526 1556 τοῖς
541 1525 572 1551 ὲκ
585 1524 718 1559 βασιλέως
732 1524 882 1559 πεμφθεῖσι

95 1573 243 1601 καθέλκειν
255 1572 301 1598 τοῦ
316 1572 410 1608 θρόνου
427 1571 558 1605 γενναίως
573 1571 733 1597 ἀνθίσταντο
743 1578 749 1585 ·
767 1572 815 1597 καὶ
827 1571 883 1597 δια-

95 1619 317 1654 νυκτερεύοντες,
331 1618 371 1650 είς
385 1618 494 1652 ἑξορίαν
509 1617 664 1651 ἀπάγεσθαι
681 1617 806 1652 οὐδαμῶς
822 1617 885 1650 ξυν-

95 1667 230 1702 εχώρουν.
253 1665 284 1692 '0
307 1665 335 1692 δὲ
357 1665 485 1700 Ἰωάννης
499 1664 591 1693 δείσας
609 1664 646 1699 μή
662 1672 689 1690 τι
710 1664 806 1699 ἕτερον
840 1664 883 1698 ἑγ-

95 1713 193 1748 κλημα
222 1711 387 1746 προσπλακῇ
405 1710 505 1746 τούτῳ,
523 1711 539 1745 ἢ
557 1711 593 1742 ὡς
613 1710 781 1744 θεσπίσματι
809 1709 886 1744 βασι-

1225 1080 1340 1109 CAPUT
1361 1079 1430 1106 XVI.

929 1129 969 1156 De
988 1130 1076 1165 priora
1095 1128 1207 1165 Joannis
1231 1128 1333 1158 exsilio,
1350 1126 1489 1165 populique
1504 1125 1533 1151 ob
1549 1125 1576 1165 id
1593 1125 1716 1152 ronrilati

965 1161 1127 1192 tuntulluoso
1153 1163 1269 1189 clamore
1283 1170 1292 1188 :
1309 1168 1332 1187 et
1359 1166 1385 1187 ut
1405 1161 1502 1187 inuitus
1525 1161 1612 1186 sedem
1640 1168 1717 1186 suam

966 1200 1106 1233 receperit,
1121 1206 1211 1233 pacem
1226 1202 1306 1232 alque
1325 1196 1527 1223 bettedirtimtcm
1546 1195 1642 1229 papula
1658 1203 1717 1229 pre—

966 1239 1051 1261 catus.

966 1292 1048 1318 Plebs
1060 1289 1365 1324 Constantiuopolilana
1381 1288 1426 1315 ubi
1441 1287 1554 1314 circiter
1569 1293 1718 1321 crepuscu-

931 1340 986 1366 lum
1012 1338 1113 1365 factum
1132 1338 1184 1364 hoc
1203 1336 1324 1367 rescivit,
1342 1335 1374 1362 ad
1401 1334 1547 1362 tumultum
1567 1333 1715 1360 maximum

931 1385 1059 1415 excitata,
1076 1387 1157 1417 atque
1172 1381 1317 1409 ecclesiam
1335 1381 1471 1415 ingressa,
1489 1386 1552 1406 cum
1569 1377 1717 1412 quamplu~

934 1431 1000 1458 rima
1024 1429 1075 1456 alia
1092 1429 1174 1455 verba
1198 1427 1346 1455 vociferata
1371 1431 1425 1458 cst,
1444 1430 1500 1452 tum
1524 1425 1716 1458 imperatorem

933 1475 1067 1504 conviciis
1082 1473 1226 1510 proscidit,
1241 1477 1270 1500 et
1288 1480 1399 1500 causam
1417 1479 1477 1499 eam
1493 1470 1590 1505 majori
1613 1470 1718 1505 synodo

933 1521 1158 1551 committendam
1181 1527 1243 1548 esse
1266 1519 1384 1547 censuit.
1410 1517 1457 1545 Eis
1473 1517 1593 1552 denique
1611 1517 1657 1551 qui
1683 1517 1717 1542 ab

934 1568 1102 1602 imperatore
1118 1570 1148 1593 ut
1164 1565 1241 1592 illum
1258 1565 1359 1591 throno
1374 1571 1423 1591 suo
1437 1563 1626 1593 detraherent,
1643 1562 1718 1589 missi

935 1614 1056 1645 fuerant,
1074 1612 1182 1639 fortiter
1197 1611 1299 1638 restitit
1317 1619 1324 1637 :
1340 1613 1423 1644 atque
1439 1609 1476 1636 ibi
1499 1612 1673 1643 pernoctans,
1691 1607 1719 1634 in

936 1660 1068 1687 exsilium
1097 1659 1233 1685 Joannem
1256 1657 1354 1684 abduci
1385 1663 1439 1683 non
1472 1655 1608 1690 permisit.
1634 1654 1720 1680 Porro

936 1707 1066 1738 Joannes,
1089 1712 1125 1732 ne
1149 1703 1215 1738 quid
1233 1703 1348 1730 alterius
1366 1701 1490 1729 criminis
1507 1701 1531 1728 ei
1554 1699 1720 1735 impingere-

95 1747 167 1794 λικῷ
195 1759 419 1795 ἀντιπράττοντι,
451 1759 468 1793 ἥ
494 1758 532 1790 ὡς
558 1757 605 1784 τδν
631 1758 718 1792 δῆμον
733 1758 773 1789 είς
791 1755 913 1784 στάσιν(

941 1759 993 1786 tur,
1012 1753 1084 1788 quod
1111 1752 1153 1778 vel
1176 1755 1274 1778 contra
1289 1749 1459 1784 imperialem
1479 1748 1630 1784 jussiouem
1649 1747 1721 1774 veni-

96 1805 291 1842 διερεθίζοντι,
307 1804 420 1840 ἡμερῶν
435 1804 520 1840 τριῶν
538 1804 608 1838 μετὰ
622 1804 672 1839 τὴν
695 1803 886 1838 καταψήφισιν

97 1854 311 1887 διαγενομένων,
327 1852 393 1886 περὶ
418 1851 594 1886 μεσημὸρίαν
610 1852 762 1886 διασπαρὲν
777 1850 807 1877 τὸ
820 1851 888 1885 πλῆ.

98 1899 145 1930 θος
162 1899 232 1926 ὅπου
252 1898 284 1932 δή
300 1898 362 1924 ποτ’
376 1898 423 1924 ἐπὶ
439 1897 473 1924 τὰ
487 1897 607 1932 σφέτερα
623 1896 688 1932 ἢθη,
707 1896 798 1923 λαθὼν
816 1897 887 1922 ὲκεί-

98 1954 174 1979 νους,
205 1945 262 1976 τοῖς
289 1944 444 1978 ἀπάγουσιν
468 1944 612 1970 ὲκδξδωσιν
639 1942 748 1972 ἑαυτὸν.
777 1943 809 1968 ἐκ
833 1941 889 1967 τῶν

98 1989 177 2024 ἑῴων
195 1989 305 2024 ἀπάρας
332 1988 435 2015 πυλῶν.
456 1988 510 2015 Καὶ
540 1987 638 2021 πρῶτα
649 1992 679 2013 το
695 1986 765 2021 πρὸς
777 1985 816 2020 τῷ
829 1986 888 2012 στὸι

100 2035 228 2072 ματιτοῦ
246 2035 347 2062 Πόντου
376 2035 505 2069 κείμενον
531 2033 682 2060 κατέλαϐεν
697 2033 787 2068 ἱερόν·
818 2031 890 2058 οὓτω

99 2083 156 2118 γὰρ
178 2081 209 2108 τδ
227 2081 346 2108 ἐπίνειον
370 2081 459 2107 ὲκείνο
485 2080 630 2107 καλεῖται·
660 2078 756 2105 ἔπειτα
781 2077 825 2104 διὰ
840 2078 889 2112 τῆς

98 2129 224 2156 Βιθυνῶν
250 2128 343 2163 ἧγετο.
359 2126 494 2157 Χαλεπῶς
518 2126 545 2152 δὲ
570 2126 601 2152 τὺ
617 2125 719 2160 πλῆθος
734 2124 827 2159 ἐφερε,
842 2125 891 2151 καὶ

98 2175 197 2203 δεινῶς
223 2172 387 2209 ἐστασίαζεδ
413 2171 524 2207 βασιλέα
539 2180 568 2198 τε
595 2171 746 2201 ἔσκωπτον,
772 2169 839 2203 πρὸς
862 2169 890 2194 δὲ

99 2223 149 2249 καὶ
166 2220 334 2255 Σευηριανὸν
358 2219 405 2246 καὶ
433 2218 563 2252 Θεόφιλον
578 2225 585 2234 ·
602 2218 686 2251 ἄμφω
717 2217 744 2243 δὲ
775 2215 890 2250 ἀρχηγὼ

101 2269 152 2302 τῆς
171 2267 233 2295 κατ’
260 2267 365 2294 ἐκείνου
393 2264 464 2302 ἦσαν
481 2264 646 2298 ἐπιϐουλῆς)
664 2263 712 2289 καὶ
735 2262 835 2297 μᾶλλον
851 2262 891 2287 ὅτι

103 2316 151 2343 καὶ
165 2314 333 2350 Σευηριανὸς
350 2312 499 2347 τηνικαῦτα
517 2311 560 2337 ἐπ’
576 2310 725 2344 ἐκκλησίας
746 2309 890 2339 διδάσκων,

103 2360 201 2396 ἐπῄνει
215 2359 251 2390 ὼς
269 2359 376 2385 δικαίαν
392 2358 441 2392 τὴν
463 2356 588 2383 Ἰωάννου
604 2355 776 2389 καθλίρεσιν,
793 2353 891 2382 εἰπὼν.

107 2417 116 2433 ι
137 2407 170 2433 Εἰ
188 2406 237 2432 καὶ
261 2405 344 2440 μηδὲν
357 2404 422 2431 ἄλλο
441 2402 554 2438 Ἰωάννῃ
572 2400 679 2436 προσῆν
701 2400 828 2433 ἔγκλημα
841 2401 891 2433 τὴν

939 1803 990 1830 ret.
1007 1797 1051 1825 vel
1074 1797 1205 1832 populum
1222 1795 1255 1822 ad
1281 1794 1445 1821 seditionem
1464 1795 1662 1822 commoveret.
1686 1791 1723 1818 ti-

938 1852 1028 1877 mens,
1043 1844 1129 1871 tribus
1145 1851 1160 1869 a
1177 1840 1407 1869 condemnatione
1422 1840 1521 1867 diebus
1529 1839 1640 1873 elapsis,
1650 1842 1725 1872 post-

938 1897 1021 1926 quam
1034 1887 1182 1916 multitudo
1195 1887 1266 1914 circa
1280 1885 1421 1912 meridiem
1437 1884 1573 1918 dispersa,
1585 1883 1655 1909 alius
1668 1882 1722 1909 alio

939 1936 966 1963 in
983 1935 1152 1962 domicilium
1178 1939 1259 1960 suum
1282 1938 1312 1958 se
1329 1929 1454 1962 contulit,
1478 1929 1540 1956 illos
1567 1928 1667 1954 fallens
1693 1935 1722 1954 sc

939 1989 1034 2010 eorum
1051 1978 1190 2014 potestati,
1209 1977 1256 2012 qui
1271 1984 1334 2004 eum
1349 1975 1516 2003 abducerent
1536 1973 1659 2008 permisit
1673 1982 1680 2001 :
1695 1977 1724 2000 et

940 2032 1018 2063 porta
1031 2025 1163 2054 Orientali
1177 2030 1317 2059 egressus.
1333 2022 1453 2056 primum
1468 2021 1500 2047 ad
1516 2020 1543 2047 id
1557 2019 1630 2055 quod
1647 2021 1679 2046 ad
1694 2025 1726 2044 os

939 2073 1019 2100 Ponti
1033 2072 1116 2099 situm
1131 2076 1185 2102 est.
1201 2069 1286 2103 ἱερὸν,
1310 2067 1364 2094 hoc
1385 2070 1440 2098 est.
1463 2073 1571 2093 sacrum
1587 2065 1635 2099 (ita
1651 2063 1725 2090 enim

941 2119 1024 2145 statio
1053 2116 1164 2144 navium
1193 2115 1240 2142 illa
1268 2112 1409 2147 vocatur),
1436 2111 1524 2144 venit,
1553 2109 1654 2138 deinde
1679 2116 1727 2143 per

941 2163 1097 2199 Bithyniam
1115 2163 1213 2188 ductus
1223 2164 1276 2187 est.
1289 2157 1434 2186 Multitudo
1446 2157 1499 2184 hoc
1511 2156 1625 2183 moleste
1642 2155 1727 2186 ferre,

942 2212 1062 2246 graviter
1094 2207 1272 2240 tumultuari,
1306 2207 1500 2240 imperatorem
1531 2202 1729 2237 perstringere,

942 2263 994 2284 nec
1019 2255 1112 2282 minus
1136 2252 1316 2280 Severianum
1342 2255 1370 2278 et
1393 2248 1577 2284 Theophilum
1597 2248 1730 2274 conviciis

942 2302 1131 2339 proscindere.
1153 2301 1241 2327 Ambo
1263 2299 1336 2326 enim
1362 2297 1525 2324 insidiarum
1550 2295 1590 2322 illi
1609 2300 1729 2321 struet;-

943 2338 1004 2376 rum
1021 2353 1147 2375 auctores
1170 2349 1250 2373 erant
1268 2352 1275 2372 :
1291 2342 1372 2378 385
1395 2341 1532 2376 praecipue
1556 2339 1629 2374 quod
1648 2338 1730 2365 Seve-

944 2397 1038 2423 rianus
1060 2395 1088 2422 in
1112 2393 1227 2420 ecclesia
1252 2396 1309 2419 tum
1333 2389 1447 2419 docens,
1472 2385 1730 2413 condemnationem

104 2429 272 2485 καάαίρεσιν
291 2429 449 2484 ¹σὲεδίᾶιζον,
477 2429 554 2473 eam"
570 2429 601 2479 γε
633 2429 685 2479 μην
712 2429 742 2469 τὸ
772 2429 913 2473 ἀλαζόναι

943 2441 1057 2470 Joaunis
1083 2446 1212 2474 tanquam
1228 2438 1329 2473 justam
1352 2433 1483 2462 laudabat
1499 2440 1505 2458 :
1527 2440 1535 2457 ι
1553 2429 1668 2458 Etiamsi
1687 2429 1730 2454 ni-

104 2496 178 2524 εἶναι
190 2496 286 2530 άρκεῖν
300 2502 308 2509 ·
329 2495 363 2521 τὰ
379 2493 429 2528 μὲν
444 2493 498 2527 γὰρ
519 2492 588 2519 ἄλλα
605 2491 659 2517 τῶν
682 2489 892 2524 ἁμαρτημάτων

104 2543 137 2569 τὸ
163 2542 238 2568 θεῖον
257 2541 313 2570 τοῖς
329 2538 484 2575 ἀνθρώποις
502 2537 615 2571 ἀφίησιν
628 2544 634 2552 ·
665 2536 745 2567 αὐτὸς
774 2535 802 2561 δὲ
827 2534 894 2566 Θεὶς

105 2590 162 2619 τοῖς
184 2586 375 2622 ὑπερηφάνοις
405 2584 555 2620 προφανῶς
585 2583 789 2613 ἀντιτάσσεται,
815 2581 852 2611 ὼς
878 2581 894 2614 ἡ

106 2635 169 2661 θεία
185 2633 260 2666 λέγει
277 2632 383 2667 Γραφή.
411 2640 421 2656 ι
451 2629 561 2657 Τούτων
585 2628 752 2663 εἰρημένων,
778 2627 896 2660 ὲνεμέσα

109 2679 213 2715 μᾶλλον
242 2678 277 2704 τὰ
304 2677 415 2712 πλήθη,
446 2677 493 2703 καὶ
522 2677 571 2710 τὴν
599 2674 684 2710 ὀργὴν
713 2672 895 2704 ἀνεκαίνιζεν.

110 2727 232 2760 ’Δσχετα
255 2724 278 2750 δ’
300 2722 448 2754 ἐστασίαζε
462 2729 469 2736 ⁸
496 2722 543 2748 καὶ
561 2721 617 2748 οὒτ’
639 2720 766 2755 ἀγοραῖς,
793 2718 849 2745 οὔτ’
868 2719 897 2744 ὲν

108 2771 273 2806 ἐκκλησίαις
290 2770 415 2806 ἠνείχετο
430 2770 556 2804 ἠρεμεῖν.
577 2768 723 2803 Ὀδυρμοίς
734 2767 762 2793 δὲ
776 2767 821 2793 καὶ
837 2766 898 2792 ὀλο-

109 2820 210 2853 λυγαῖς
227 2817 275 2844 σὺν
299 2817 426 2851 δεήσεσιν
441 2816 506 2850 ἄχρι
522 2815 569 2841 καὶ
587 2814 639 2841 τῶν
658 2813 803 2848 βασιλείων
818 2812 902 2847 ἥκονα

111 2874 171 2900 τις,
185 2864 234 2901 τὴν
250 2863 401 2898 ἀνάκλησιν
416 2862 460 2889 τοῦ
480 2862 608 2897 ποιμένος
624 2859 734 2896 ἐξῄτουν
745 2867 751 2875 ·
770 2859 817 2886 καὶ,
836 2858 900 2885 ἰδεῖν

945 2488 984 2514 hil
999 2487 1074 2514 aliud
1097 2485 1222 2514 criminis
1237 2487 1321 2515 esset,
1337 2479 1517 2516 quamobrem
1541 2478 1578 2504 ita
1602 2475 1731 2503 celeriter

944 2535 1063 2562 Joannes
1077 2535 1272 2559 exauctoratus
1285 2532 1368 2560 esset,
1397 2526 1521 2554 sulliccrc
1539 2529 1628 2550 tamen
1644 2529 1731 2549 unum

946 2578 1123 2612 boc,diceus,
1140 2577 1213 2612 quod
1226 2577 1361 2611 superbus
1373 2578 1402 2601 et
1418 2571 1537 2599 insolens
1549 2574 1621 2596 esset
1637 2577 1643 2595 :
1659 2568 1732 2603 quod

946 2627 999 2654 alia
1024 2625 1135 2660 quidem
1163 2623 1263 2650 delicta
1290 2623 1361 2649 Deus
1384 2619 1543 2648 hominibus
1567 2615 1732 2645 remitteret.

948 2671 1143 2707 arrogantibus
1160 2674 1252 2696 autent
1271 2667 1415 2694 manifeste
1431 2665 1583 2696 resisteret,
1599 2661 1734 2697 quemad-

949 2719 1061 2746 modum
1087 2724 1164 2744 sacra
1190 2719 1339 2742 testaretur
1364 2713 1516 2747 Scriptura.
1536 2720 1545 2737 ι
1571 2710 1619 2737 His
1643 2710 1677 2735 at)
1701 2715 1736 2734 eo

949 2764 1041 2792 verbis
1057 2763 1148 2794 dictis,
1165 2760 1283 2796 populus
1304 2759 1390 2794 magis
1405 2760 1485 2785 etiam
1502 2758 1605 2784 factum
1624 2760 1735 2790 propter

950 2811 1010 2845 ejus
1025 2810 1214 2846 indignitatem
1229 2805 1416 2840 reprehendit,
1435 2804 1559 2837 iramque
1582 2800 1735 2829 renovavit.

952 2857 983 2885 Et
1004 2856 1121 2884 tumultu
1148 2853 1249 2888 ingenti
1272 2855 1418 2885 commoto,
1448 2848 1573 2877 homines
1601 2855 1688 2882 neque
1708 2847 1735 2873 in
