1898 3054
77 113 144 143 IOl'I

76 169 182 204 δέχεται
197 180 204 186 ·

76 216 232 250 ἀδημονεῖν,
246 220 294 245 καὶ
307 221 376 248 Θεοῦ
397 222 501 250 δεῖσθαι
518 225 653 253 δεικνύειν
676 226 702 255 οξ
718 231 799 264 χοροῦ
819 232 867 257 καὶ

75 262 198 295 στάσεως
213 264 317 292 ἐκεῖνον
335 268 423 301 ἠξίου.
456 270 500 296 Ἐν
518 272 647 300 ἐκστάσει
665 275 693 301 δὲ
709 277 866 310 γενόμενον,

76 309 182 358 παντας
199 311 251 346 μὲν
263 313 360 346 ἁγίους
379 315 455 348 ἰδεῖν,
469 318 541 344 κατὰ
557 319 660 346 κύκλον
673 309 868 358 ἐφεξῆςνέστηέ

74 354 157 386 κότας
169 363 176 370 ·
195 357 302 384 ἐκεῖνον
313 359 341 385 δὲ
357 360 395 396 μὴ
415 360 522 394 τούτοις
536 364 604 399 ὁρᾷν
624 354 795 401 ἐναρίθμιον.
808 354 868 394 Δεί-

74 401 127 433 νῶς
144 402 169 428 δ’
186 403 343 440 ἀχθομένῳ.
365 407 484 441 ἄγγελον
498 409 573 445 αὐτῷ
595 412 760 446 ἐπιστῆναι·
776 414 806 440 ὂν
821 416 867 441 καὶ

72 447 104 472 τδ
114 449 166 482 τῆς
183 449 273 485 λύπης
290 451 373 486 ἄχθος
391 454 526 489 ἀνέχοντα
550 456 688 488 ἐπειπεῖν,
700 459 738 490 ὡς
755 459 868 498 Ἰωάννῃ

72 494 142 528 ἄλλη
171 504 214 527 τις
241 498 362 532 ἐγγύτης
388 499 459 535 Θεῷ,
489 502 537 528 καὶ
556 503 605 529 σὺν
622 504 715 537 αὐτοῖς
740 494 868 540 ἀγγέλοιξ

71 541 216 576 εἰληφέναι
245 543 326 570 αὑτὸν
349 546 434 580 γέρας
468 547 564 582 ὑμνεῖν
595 549 641 576 τὸν
665 551 744 585 Θεὸν,
760 552 824 579 ἔνθα
845 554 867 580 δ’

70 587 171 623 ἐκείνῳ
184 589 199 623 ή
213 589 320 622 στάσις,
338 593 388 618 οὐκ
411 593 517 628 ἐφεῖται
532 597 589 627 τοῖς
612 597 721 629 πολλοῖς
745 600 869 634 παρακύ-

71 640 165 679 πτειν.
195 643 204 659 ι
227 635 323 662 Ἄπιθι
345 638 446 671 τοίνυν,
472 640 520 666 καὶ
547 640 579 667 τὸ
604 642 656 677 τῆς
678 644 769 679 ψυχῆς
785 645 867 679 ἄλγος

71 675 212 710 θεράπευε
223 686 231 694 ·
247 680 278 706 τὸ
296 681 350 717 γὰρ
363 682 400 717 μὴ
417 683 484 719 ὸρᾷν
501 693 531 711 σε
541 675 640 713 τοῦτον
652 675 732 714 oft-ro-
747 675 784 724 ith
798 675 869 725 map;

69 725 154 756 εἶναι,
179 725 209 751 τὺ
228 725 256 752 δὲ
275 727 330 753 τῶν
356 729 463 756 πολλῶν
479 730 695 767 ὐπερεῖναι,’καὶ
720 734 750 761 τδ
772 736 868 770 περιὸν

69 769 122 803 τῆς
135 773 221 806 τιμῆς
229 773 350 806 ἐμποιεῖ.
369 784 379 801 ι
405 776 524 809 Ἐκεῖνος
538 777 588 812 μέν
610 776 658 805 οὖν
671 779 754 806 αὐτὸν
770 769 867 808 ὑποδέ-

69 824 152 850 χεται
165 825 171 832 ·
191 817 224 843 τὰ
252 818 281 844 δὲ
310 821 383 847 κατὰ
399 821 450 856 τὴν
463 822 522 849 ὁδὸν
542 823 609 859 ἄλλη
623 834 666 856 τις
692 827 833 862 τραγῳδία
850 828 866 863 ἦ

70 863 168 889 κακῶν
181 863 266 896 Ἰλιὰς
278 865 411 902 ἄντικρύς
425 869 500 896 ἐστιν
514 877 521 885 ·
537 870 589 897 ὃσα
605 871 661 906 γὰρ
679 861 784 908 ὑπέστη
797 861 866 900 πανζ
886 861 905 887 Β

69 909 200 941 τοόαποῐς
217 913 415 946 προσπαλαίων
433 917 541 948 κακοῖς,
559 917 602 948 τίς
627 917 661 944 ἂν
680 919 762 946 ἄλλου
775 920 866 954 λεγον-

68 965 118 987 τος
131 957 207 991 ἣδιον
226 959 242 993 ἢ
263 959 447 996 ἀληθέστερον
461 962 634 1000 ἀκούσειενῆ
649 965 732 992 αὑτοῦ
758 967 865 993 ἐκείνου

68 1004 274 1038 διηγουμένου;
291 1006 342 1041 και
364 1007 452 1034 ταῦτα
470 1010 525 1044 γὰρ
541 1011 557 1045 ἡ
573 1011 662 1045 χρυσῆ
679 1011 791 1045 γλῶττα
806 1013 868 1049 ἄρι-

69 1058 123 1076 στα
137 1052 187 1077 καὶ
202 1051 241 1083 ὡς
259 1053 344 1088 ἐχρῆν
369 1054 505 1090 διεξῆλθε.
520 1056 708 1093 Κωνστοιντίῳ
724 1059 780 1095 γὰρ
799 1069 866 1096 πρῖ-

70 1097 201 1133 σὸυτέρῳ
216 1099 298 1131 εὐθὺς
328 1102 359 1127 ἐκ
377 1101 497 1133 Νικαίας
523 1103 648 1138 γράφων,
663 1105 749 1133 ταῦτα
778 1107 865 1143 δηλοῖ,

69 1142 144 1170 οὕτω
159 1145 230 1172 κατὰ
248 1147 325 1181 ῥῆμα
339 1147 448 1180 διεξιών
458 1158 465 1165 ·

523 121 826 157 ECCLESIASTIC/F
849 130 1043 163 HISTORIJ’.
1064 135 1138 166 LIB.
1163 137 1248 167 XIII.

236 172 266 198 ὃν
284 173 363 207 λόγος
393 175 449 210 ἔχει
482 180 553 212 μετὰ
583 181 714 217 κοίμησ·ν
741 183 869 212 Ἰωάννου
886 189 905 215 Λ
924 196 989 215 exce

925 190 1042 223 excepit.
1061 190 1140 217 llunc
1151 191 1222 219 fama
1237 196 1289 223 est,
1309 198 1370 227 post
1387 193 1501 222 Joannis
1517 194 1633 227 obitum,
1645 206 1707 224 cum

1641 141 1709 173 10I8

922 234 949 261 in
977 243 1097 263 mcerore
1115 237 1219 272 ingenti
1243 244 1326 271 esset,
1354 239 1440 267 Deum
1461 249 1568 273 orasse,
1597 247 1626 269 ut
1655 243 1708 271 Sibl

921 280 1070 313 indicaret,
1089 291 1208 317 quanam
1224 285 1289 312 sede
1315 291 1343 313 et
1357 288 1475 314 statione
1492 288 1567 315 illum
1583 289 1710 324 dignatus

920 330 1110 362 esset;atque
1136 337 1199 355 cutn
1224 330 1250 356 in
1276 332 1378 358 exstasi
1402 338 1596 361 consternatus
1624 341 1708 367 esset,

921 377 1031 399 sanctos
1046 374 1158 408 quidem
1177 383 1274 403 omnes
1294 378 1475 405 circumcirca
1499 380 1596 407 ordine
1620 381 1712 408 consi-

919 421 1023 444 stentes
1050 417 1165 451 vidisse,
1186 422 1261 448 illum
1292 428 1384 450 autem
1415 424 1442 451 in
1471 433 1567 452 eorum
1594 435 1710 454 numero

920 470 975 490 non
992 467 1178 499 conspexisse.
1195 468 1273 500 Quod
1289 469 1335 496 ubi
1353 471 1475 505 graviter
1492 472 1565 504 tulit,
1577 475 1706 508 angelum

919 508 945 534 ei
964 513 1099 537 astantem
1130 512 1237 539 doloris
1263 514 1418 542 molestiam
1456 516 1591 543 ademisse
1626 523 1710 552 atque

922 555 1039 590 dixisse,
1058 557 1140 585 aliam
1157 559 1255 587 Joanni
1268 561 1372 592 sedem,
1396 562 1450 589 Deo
1471 563 1708 598 propinquiorem,

921 601 1112 638 honoremque
1141 607 1374 640 przestantiorcm,
1392 612 1422 634 ut
1441 616 1495 635 una
1523 616 1585 635 cum
1604 610 1710 643 angelis

920 648 1006 675 Deum
1030 649 1159 678 laudibus
1177 651 1270 684 vehat,
1288 652 1382 680 datum
1399 661 1469 685 esse,
1486 654 1522 681 ad
1542 655 1706 682 stationem-

920 701 973 727 que
999 703 1059 722 eam
1077 699 1235 730 perspicere
1253 706 1308 725 non
1336 699 1427 726 multis
1455 700 1618 733 permissum
1635 708 1707 727 esse.

923 749 932 765 ι
950 741 1000 767 ΑΙιί
1033 741 1136 776 itaque,
1156 743 1256 778 inquit,
1271 750 1299 771 et
1327 745 1412 772 animi
1445 745 1569 772 dolorem
1603 747 1708 773 omitte.

921 787 1000 820 Quod
1033 788 1106 815 enim
1140 789 1215 817 hunc
1246 798 1299 818 non
1326 791 1413 823 vides,
1438 799 1492 819 non
1517 797 1661 827 propterea
1687 793 1711 821 is

921 841 974 861 non
988 833 1077 867 adest,
1100 835 1147 862 sed
1163 837 1256 870 potius
1271 844 1355 871 supra
1380 838 1481 865 multos
1499 843 1541 865 est
1558 847 1566 866 :
1582 844 1664 873 atque
1682 839 1709 866 id

919 879 1081 907 excellentis
1091 886 1134 907 est
1150 881 1264 909 honoris
1277 882 1424 910 indicium.
1445 893 1454 909 ι
1472 883 1520 911 Ille
1534 891 1610 916 sane,
1629 885 1709 912 sicuti

920 924 1053 958 diximus,
1069 926 1204 954 Joannem
1220 928 1342 963 excepit.
1359 928 1425 961 Quae
1442 937 1507 956 vero
1524 930 1549 957 ei
1567 930 1593 957 in
1609 931 1711 958 itinere

920 971 1056 1004 accidere,
1081 973 1215 1007 tragoedia
1229 973 1294 1006 alia,
1312 981 1360 1001 seu
1379 975 1516 1002 malorum
1543 976 1607 1002 Ilias
1633 984 1711 1010 pror-

919 1024 967 1043 sus
976 1021 1051 1044 sunt.
1070 1019 1157 1050 Quam
1171 1019 1255 1046 variis
1266 1019 1340 1046 enim
1356 1027 1418 1046 cum
1435 1021 1568 1047 aarumnis
1580 1022 1713 1050 collucta-

919 1070 963 1092 tus
979 1065 1028 1096 sit,
1044 1073 1058 1092 a
1074 1066 1188 1094 nemine
1202 1074 1233 1094 ea
1250 1075 1332 1101 quam
1348 1067 1382 1094 ab
1398 1068 1459 1102 ipso
1475 1074 1711 1096 commemorante

915 1111 1067 1146 jucundius
1091 1117 1140 1138 aut
1156 1113 1251 1140 Verius
1267 1114 1415 1148 quisquam
1440 1116 1612 1149 cognoverit.
1641 1115 1709 1142 Nam

915 1164 949 1184 ea
968 1165 1080 1193 quoque
1112 1159 1185 1186 mala
1203 1167 1287 1186 attrea
1305 1159 1351 1186 illa
1368 1160 1475 1194 lingua,
1493 1161 1531 1187 ita
1555 1165 1584 1188 ut
1604 1161 1709 1194 decult,

70 1191 178 1224 optime
191 1193 330 1226 exposuit.
349 1195 390 1222 Ad
405 1194 595 1227 Constantium
623 1200 759 1236 siquidem
781 1191 985 1238 presbyterum,
1007 1191 1042 1234 ei
1076 1207 1133 1241 ipsa
1169 1207 1262 1234 statim
1294 1207 1385 1234 Nic-.ra
1400 1207 1534 1240 scribens.
1549 1208 1606 1238 haec
1620 1207 1709 1243 verbi,~

69 1238 176 1266 talibus
195 1239 334 1275 signiﬁcat
355 1252 363 1270 :

365 1315 492 1346 ΚΕΦΑΛ.
514 1318 576 1346 KZ'.

75 1366 242 1411 Ἐξισςοαζὴ
259 1369 313 1411 {of}
324 1371 407 1411 deleo
418 1373 637 1411 Χρρσοστόμου
650 1377 726 1411 ὑπὲρ
738 1377 799 1405 τῶν
812 1378 866 1406 τοῦ

107 1384 158 1394 ηιυ
167 1384 182 1408 ἱ
184 1384 218 1395 υπ
225 1384 242 1402 1(
260 1384 313 1397 ιυυ
324 1384 407 1398 υειυυ
418 1384 578 1406 Δρυσοστο
591 1384 637 1403 ιου
650 1384 726 1411 ῡπερ
738 1386 799 1405 των
812 1384 866 1406 του

107 1404 191 1446 ρξου,
205 1405 396 1446 ὲκξλῃσιῶν·
415 1408 466 1434 καί
483 1384 591 1445 “spring
611 1411 668 1446 τῆς
685 1413 749 1440 κατ’
772 1414 867 1441 αὑτὸν

104 1437 228 1472 ἐξορίας
239 1439 392 1475 διήγησις.

107 1504 118 1521 ι
139 1495 180 1531 Τῇ
195 1497 315 1535 τετάρτῃ
340 1498 389 1525 τοῦ
418 1500 547 1536 Πανέμου
565 1503 652 1538 μηνὸς
683 1506 793 1540 μέλλων
810 1507 865 1535 ἀπὸ

68 1541 120 1576 τῆς
135 1542 255 1575 Νικαίας
269 1544 402 1581 ὲξορμᾷν,
418 1547 507 1574 ταῦτα
522 1549 715 1587 διαπέμπομαι
731 1553 766 1580 τὰ
776 1555 865 1590 γράμ-

70 1597 145 1622 ματα
173 1590 246 1625 πρὸς
263 1591 313 1627 τὴν
329 1593 379 1628 σὴν
395 1593 554 1623 θεοσέϐειαν
581 1599 764 1633 παρακαλῶν,
795 1601 864 1636 ὅπερ

68 1635 112 1660 ἀεὶ
125 1636 298 1671 παρακαλῶν
312 1639 364 1665 οὐκ
381 1638 566 1676 ἐπαυσάμην·
595 1643 647 1670 κᾶν
675 1635 865 1682 χαλεπώτεροέ

67 1679 116 1707 τοῦ
130 1681 179 1708 νῦν
194 1683 357 1719 κατέχοντος
373 1686 487 1722 γένηται
514 1689 528 1714 ὁ
548 1689 665 1724 χειμὼν,
680 1691 733 1718 κᾶν
752 1693 865 1726 μείζονα

68 1727 103 1753 τὰ
117 1727 241 1762 κύματα,
259 1730 296 1764 μὴ
310 1730 462 1759 διαλείπειν
475 1733 510 1760 τὰ
525 1737 625 1762 σαυτοῦ
640 1737 811 1772 πληροῦντα,
825 1739 865 1771 είς

69 1773 121 1810 τὴν
135 1774 298 1807 οἰκονομίαν
309 1773 344 1811 ἧς
369 1777 488 1813 ἐξαρχῆς
502 1779 565 1814 ἦψω
577 1789 583 1796 ’
600 1781 672 1815 λέγω
683 1782 715 1817 δὴ
734 1783 781 1810 τοῦ
804 1784 863 1811 Ἐλ-

69 1820 206 1855 ληνισμοῦ
218 1821 268 1856 τὴν
280 1821 452 1856 καθαίρεσιν,
462 1825 516 1851 τῶν
528 1826 682 1861 ἐκκλησιῶν
698 1829 746 1860 τὰς
759 1830 864 1856 οἰκοδο-

70 1865 138 1900 μὰς,
154 1866 210 1892 τῶν
228 1867 324 1902 ψυχῶν
345 1867 394 1903 τὴν
409 1869 581 1905 ἐπιμέλειαν.
612 1874 657 1909 Μὴ
677 1875 708 1909 δή
721 1884 750 1901 σε
769 1875 865 1903 ὕπτιον

69 1912 185 1939 ποιείτω
200 1912 255 1939 τῶν
270 1915 446 1950 πραγμάτων
465 1917 481 1951 ἡ
506 1917 636 1946 δυσκολία
646 1926 652 1934 ·
671 1921 731 1946 οὐδὲ
748 1921 800 1956 γὰρ
815 1931 865 1948 κυ-

70 1958 207 1994 ϐερνήτης
226 1959 258 1985 τὺ
283 1960 404 1995 πέλαγος
434 1962 507 1998 ὁρῶν
534 1966 700 2000 μαινόμενον
716 1968 762 1993 καὶ
779 1968 865 1994 διανι-

69 2005 225 2039 στάμενον,
257 2006 446 2042 ἀποστήσεται
474 2010 530 2037 τῶν
562 2011 683 2039 οίάκωνο
711 2013 769 2040 ἀλλ’
805 2014 866 2041 οὺδέ

71 2051 164 2086 ἰατρὸς
176 2052 223 2079 τὸν
239 2055 379 2088 κάμνοντα
394 2055 502 2090 βλέπων
514 2058 547 2093 τῇ
573 2059 644 2094 νόσῳ
666 2060 865 2095 κρατούμενον,

69 2097 248 2133 ἀναχωρήσει
277 2101 327 2135 τῆς
358 2100 527 2136 οεραπείας”
560 2103 629 2130 ἀλλὰ
653 2105 714 2131 τότε
745 2106 866 2140 μάλιστα

68 2143 189 2175 ἕκαστος
205 2145 309 2172 τούτων
324 2147 358 2182 τῇ
381 2148 463 2184 τέχνῃ
492 2150 626 2184 χρήσεται
642 2152 688 2178 καὶ
713 2154 746 2189 τῇ
763 2153 866 2189 mneo-

1147 1323 1230 1358 ωε
1247 1322 1360 1351 CAPUT
1379 1322 1488 1350 xxvu.

922 1378 1041 1414 Epistola
1059 1379 1112 1416 diei
1128 1379 1318 1416 Chr‘qsostonti,
1335 1387 1382 1416 pro
1400 1379 1514 1416 ecclesiis
1531 1379 1600 1407 Dei:
1616 1380 1709 1416 singu-

1090 1414 1156 1441 laris
1170 1413 1202 1441 de
1217 1413 1311 1441 exsilio
1328 1415 1385 1449 ejus
1403 1415 1536 1442 narratio.

955 1514 966 1531 ε
977 1504 1068 1532 Nicaza
1082 1509 1180 1539 quarto
1196 1504 1299 1532 mensis
1311 1504 1378 1532 Julii
1399 1504 1444 1532 die
1458 1504 1613 1538 soluturus,
1628 1505 1710 1534 hasce

917 1550 951 1578 ad
965 1551 1093 1586 pietatem
1109 1555 1183 1584 tuam
1205 1550 1267 1578 dedi
1288 1551 1405 1583 litteras.
1420 1551 1454 1579 ad
1471 1551 1497 1579 id
1512 1556 1538 1580 te
1551 1552 1711 1584 cohortans,

916 1596 950 1624 ad
965 1597 1038 1632 quod
1057 1605 1198 1632 nunquam
1221 1597 1362 1625 cohortari
1387 1597 1458 1625 desii
1482 1607 1489 1625 :
1506 1599 1631 1633 quamvis
1649 1607 1712 1634 gra-

917 1645 978 1672 vior
1005 1649 1141 1679 praesente
1173 1649 1339 1680 tempestate
1367 1645 1507 1680 procella,
1535 1646 1710 1682 majoresth

917 1690 1018 1718 ﬂuctus
1034 1692 1176 1726 ingruant,
1193 1695 1224 1719 ut
1239 1700 1273 1719 ne
1294 1692 1464 1720 intermittas
1481 1700 1514 1720 ea
1539 1701 1600 1727 qua:
1625 1693 1708 1721 ollicii

918 1736 956 1762 tui
970 1740 1045 1767 sunt,
1061 1736 1089 1763 in
1109 1744 1142 1764 ea
1160 1743 1242 1771 quam
1257 1737 1291 1763 ab
1307 1737 1388 1764 initio
1405 1737 1503 1771 cepisti
1525 1737 1706 1765 administra-

917 1783 1003 1814 tione,
1019 1782 1170 1817 adimplere
1188 1791 1194 1810 :
1210 1783 1310 1811 Graecae
1319 1783 1529 1818 superstitionis
1539 1785 1710 1812 extermina-

918 1829 1020 1857 tionem
1037 1829 1111 1861 dico,
1125 1830 1308 1857 ecclesiarum
1323 1829 1531 1860 aediﬁcationes.
1549 1831 1706 1858 animartlm

917 1882 1022 1902 curam.
1039 1875 1135 1909 Neque
1154 1879 1179 1902 te
1208 1873 1338 1908 supinum
1367 1879 1416 1901 aut
1443 1875 1588 1902 socordem
1615 1883 1708 1903 rerum

917 1920 1064 1947 diﬂicultas
1090 1919 1183 1950 faciat.
1211 1919 1306 1954 Neque
1332 1919 1407 1946 enim
1447 1920 1628 1955 gubernator,
1658 1921 1707 1947 ubi

916 1974 994 1994 mare
1008 1967 1098 2001 ipsum
1109 1965 1242 1993 cOncitari
1258 1970 1287 1993 et
1297 1965 1392 1993 furere
1406 1965 1491 1999 videt,
1507 1973 1523 1992 a
1540 1967 1619 1992 navis
1629 1966 1708 1993 clavo

917 2018 946 2041 et
970 2012 1166 2048 gubernaculis
1191 2011 1311 2040 discedit

916 2067 1018 2095 agrum
1033 2060 1128 2087 morbo
1140 2059 1241 2094 corripi
1253 2058 1353 2091 cernit,
1369 2058 1512 2086 curatione
1528 2056 1706 2091 supersedet:

917 2106 965 2134 sed
981 2110 1039 2133 tum
1056 2106 1175 2133 maxime
1191 2110 1309 2140 uterque
1326 2105 1444 2132 istorum
1472 2109 1560 2131 artem
1585 2111 1663 2131 suam
1680 2107 1710 2131 et

917 2151 1165 2187 promptitudinem
1189 2151 1315 2178 adhibet.
1343 2151 1403 2178 Non
1439 2155 1465 2179 te
1493 2151 1526 2178 ad
1552 2150 1708 2178 socordiam

70 2190 131 2225 μία.
150 2191 197 2225 Μὴ
211 2191 243 2226 δὴ
262 2192 361 2219 ὕπτιον
374 2195 487 2221 ποιείτω
509 2205 538 2222 σε
556 2197 590 2223 τὰ
605 2199 793 2234 συμϐαίνοντα
806 2208 814 2217 ’
831 2201 861 2227 οὐ
880 2207 901 2234 ι)
918 2197 993 2233 redig

925 2197 1044 2233 -edigant
1061 2197 1208 2233 praesentia
1227 2197 1316 2231 mala;
1338 2205 1393 2225 non
1417 2197 1491 2224 enim
1516 2197 1550 2224 de
1577 2197 1618 2224 eis
1645 2204 1708 2230 quas

67 2237 123 2273 γὰρ
141 2237 214 2272 ὑπὲρ
242 2236 280 2265 ὧν
298 2239 422 2266 ποιοῦσιν
438 2241 513 2275 ἡμᾶς
529 2242 620 2277 ἕτεροι
652 2246 758 2276 κακῶν.
786 2246 865 2281 λόγον

68 2283 195 2319 δώσομεν
208 2292 215 2299 ·
232 2285 302 2312 ἀλλὰ
324 2286 371 2313 καλ¹
387 2288 485 2322 μισθὸν
506 2289 662 2324 ληψόμεθα.
690 2292 720 2317 E!
734 2292 762 2318 δὲ
787 2294 865 2319 αὐτοὶ

67 2330 102 2356 τὰ
118 2330 187 2365 παρ’
203 2331 309 2358 ἑαυτῶν
323 2333 360 2368 μὴ
375 2334 593 2370 είσενέγκοιμεν,
607 2336 676 2364 ἀλλὰ
690 2339 866 2373 ῥαθυμήσαι-

69 2385 131 2412 μεν,
147 2377 225 2403 οὐδὲν
237 2379 276 2410 εις
287 2379 367 2406 τοῦτο
384 2380 464 2415 ήμῶν
477 2383 664 2417 προστήσεται
682 2385 696 2411 ὸ
707 2385 763 2411 τῶν
775 2394 865 2420 πραγ-

69 2424 167 2457 μάτων
198 2423 326 2458 Θόρυὸος.
365 2426 446 2453 Ἐπεὶ
473 2427 522 2454 καὶ
549 2428 657 2461 Παῦλος
687 2430 865 2466 δεσμωτήρια

67 2471 164 2503 οἰκῶν,
182 2471 228 2497 καὶ
244 2471 283 2506 τῷ
295 2472 366 2509 ξύλῳ
381 2474 608 2509 προσδεδεμένος,
623 2476 658 2502 τὰ
668 2476 751 2503 αὐτοῦ
762 2478 863 2504 ἐποίει·

69 2517 116 2542 καὶ
127 2517 222 2547 Ἰωνᾶς
238 2517 266 2543 ἐν
285 2518 385 2552 γαστρὶ
401 2518 449 2544 τοῦ
463 2518 610 2547 Θαλαττίου
632 2521 729 2556 θηρίου
745 2522 865 2557 φερόμε-

68 2569 130 2593 νος·
149 2563 197 2588 καὶ
213 2562 238 2588 ot
259 2564 332 2597 τρεῖς
364 2564 461 2594 παῖδες
477 2565 501 2590 οἱ
524 2566 554 2591 ἐν
579 2567 613 2601 τῇ
633 2567 742 2602 καμίνῳ
757 2567 864 2603 διατρι-

68 2608 164 2639 ϐοντες
175 2616 181 2622 ·
198 2608 246 2634 καὶ
262 2609 358 2636 οὐδένα
374 2610 480 2637 τούτων
494 2611 529 2638 τὰ
547 2612 659 2639 ποικίλα
686 2613 864 2649 δεσμωτήρια

67 2654 162 2681 ταῦτα
188 2655 380 2691 ρᾳῦυμότερον
405 2659 550 2693 πεποίηκε.
582 2658 666 2685 Ταῦτ’
681 2658 729 2687 οὖν
750 2659 861 2692 ἐννοῶν,

67 2700 189 2727 δέσποτά
207 2709 270 2735 μου,
302 2703 349 2728 καὶ
378 2703 506 2739 Φοινίκης
527 2704 717 2739 καὶἊραΕίας
744 2706 792 2732 καὶ
809 2706 864 2732 τῶν

69 2745 142 2773 κατὰ
158 2746 208 2781 τὴν
221 2747 354 2784 ἀνατολὴν
367 2750 404 2784 μὴ
423 2750 514 2786 παύσῃ
528 2750 680 2786 (ρροντίζων
697 2752 861 2786 ἐκκλησιῶν·

69 2793 148 2825 εἰδὼς
168 2794 209 2820 ὅτι
227 2794 339 2820 πλείονα
352 2795 426 2832 λήψῃ
441 2797 486 2822 τὶν
508 2797 617 2832 μισθὸν,
629 2798 683 2833 ὅσῳ
705 2798 753 2824 καὶ
767 2798 862 2824 τοσού-

69 2846 122 2866 των
135 2838 223 2866 οντων
238 2839 293 2866 τῶν
305 2840 488 2876 κωλυμότων,
519 2842 550 2868 τὰ
565 2843 640 2877 παρὰ
654 2843 753 2870 σουτοῦ
770 2843 862 2878 εἰσφέ-

919 2244 1000 2272 nobis
1020 2244 1179 2271 inferuntur
1194 2244 1420 2275 calamitatibus,
1447 2243 1587 2276 rationem
1608 2243 1709 2270 redde-

919 2298 991 2321 mus,
1006 2290 1072 2324 quin
1088 2290 1181 2324 potius
1197 2289 1354 2318 mercedem
1378 2290 1558 2324 accipiemus.
1584 2289 1612 2316 Si
1642 2297 1709 2316 vero

918 2344 950 2363 ea
964 2343 1025 2371 qua:
1042 2337 1070 2363 in
1090 2336 1169 2363 nobis
1184 2341 1260 2368 sunt,
1276 2336 1302 2362 in
1317 2335 1468 2362 Ecclesiam
1484 2343 1539 2362 non
1552 2335 1707 2362 contuleri-

919 2390 991 2416 tuus,
1007 2383 1055 2410 sed
1084 2382 1368 2413 desides.tuerinms,
1386 2381 1454 2408 nihil
1481 2389 1532 2409 nos
1557 2389 1589 2408 ea
1621 2381 1648 2408 in
1677 2389 1707 2409 re

917 2430 1061 2465 adjuvahit
1077 2434 1124 2457 ant
1143 2430 1270 2457 defendet
1288 2429 1421 2456 malorum
1442 2429 1578 2456 tumultus
1593 2438 1600 2456 :
1617 2437 1707 2463 quan-

917 2476 1066 2511 doquidem
1082 2480 1110 2503 et
1126 2475 1226 2503 Paulus
1242 2482 1381 2502 carcerem
1398 2475 1531 2507 incolens,
1546 2475 1573 2502 in
1589 2475 1707 2502 vinculis

918 2521 1039 2548 ofﬁcium
1061 2529 1142 2548 suum
1159 2521 1232 2549 fecit.
1264 2521 1299 2548 Et
1321 2521 1405 2548 Jonas
1430 2521 1457 2547 in
1485 2527 1581 2548 ventre
1610 2521 1707 2549 bellua:

917 2568 1033 2594 Inarime
1047 2567 1171 2594 inclusus
1184 2567 1247 2599 fuit,
1265 2572 1293 2594 et
1309 2571 1365 2594 tres
1381 2567 1460 2602 pueri
1481 2567 1508 2594 in
1522 2569 1633 2594 camino
1648 2575 1706 2594 ver-

916 2613 967 2640 sati
986 2618 1070 2640 sunt:
1089 2621 1178 2647 neque
1197 2618 1286 2640 tamen
1305 2612 1403 2639 horum
1416 2620 1582 2648 quemquam
1599 2613 1706 2640 vincula

916 2660 991 2686 varia
1006 2659 1038 2686 ad
1055 2659 1188 2686 desidiam
1205 2659 1346 2694 redegere.
1364 2658 1426 2686 Hzec
1440 2660 1497 2694 ipsa
1514 2664 1604 2686 tecum
1623 2667 1706 2693 repu-

917 2709 990 2737 tans,
1011 2705 1121 2732 domine
1142 2706 1190 2736 mi,
1213 2713 1245 2732 ne
1265 2705 1391 2732 omiseris
1411 2705 1705 2738 thniciae,-Arabi:e,

915 2757 944 2779 et
959 2751 1080 2779 Orientis
1100 2751 1277 2779 ecclesiarum
1298 2759 1392 2779 curam
1409 2759 1506 2787 gerere
1524 2762 1530 2779 :
1555 2753 1620 2779 illud
1645 2759 1706 2786 per-

916 2805 1027 2825 suasum
1045 2797 1162 2830 hahens,
1178 2798 1344 2832 locupletem
1361 2803 1387 2826 te
1402 2799 1558 2826 mercedem
1578 2803 1704 2832 receptu-

916 2851 976 2872 rum
1016 2850 1092 2877 esse,
1137 2843 1159 2869 si
1196 2848 1233 2870 tot
1275 2849 1300 2871 et
1342 2844 1426 2872 tantis
1462 2843 1702 2872 intercedentibus

1340 2019 1348 2038 :
1375 2019 1467 2046 neque
1496 2011 1633 2043 medicus,
1659 2011 1708 2039 ubi
1731 2019 1741 2030 ·

1725 2913 1754 2936 τί
