1898 3054
66 134 131 166 ill-25

526 131 823 161 Et‘ZCLESlASTICE
844 132 1037 162 lllSTORli’E
1057 132 1129 163 LIB.
1151 133 1238 164 XIII.

1614 134 1682 167 1026

58 192 155 220 σιλείου
181 189 321 225 ἀσκητικά
344 197 416 220 τινες
435 187 504 215 εῗναί
532 197 625 223 φασιν.
650 188 706 223 Οὐχ
727 186 802 221 οὗτος
818 188 840 215 δ’
857 192 877 218 Α
891 196 907 216 e

899 193 933 216 :st
941 189 1098 222 translatus,
1109 193 1134 216 ct
1143 194 1254 224 propter
1261 196 1342 224 quem
1351 189 1377 216 in
1389 190 1508 218 Ecclesia
1518 190 1683 220 otfendicula

57 240 128 266 ἐστὶν
143 235 305 267 Εὐστάθιος,
333 235 347 261 ὁ
369 235 408 266 εἰς
431 234 600 269 Ἀντιόχειαν
623 234 736 269 ὕστερον
759 243 841 268 μετα-

56 286 114 316 ϐὰς,
125 284 160 311 δι’
175 283 204 309 ὃν
221 283 268 308 καὶ
285 282 318 308 τὰ
332 281 404 308 κατὰ
418 281 552 307 Παυλῖνον
566 280 613 306 καὶ
632 280 784 306 Φλαϐιανδν
796 281 843 306 ναὶ

57 333 191 366 Εὑὰγριον
207 331 240 363 τῇ
265 327 416 362 Ἐκκλησία
432 326 582 361 ἐπισυνέϐη
604 326 752 353 σκάνδαλα.
777 325 806 352 '0
820 325 842 352 δ’

60 376 182 407 Ἀττικὸς
201 377 239 406 εἰς
257 374 355 408 ἄνδρας
372 373 422 408 ἢδη
443 371 565 403 τελέσας,
578 372 646 406 πρὸς
660 372 709 406 τὴν
725 371 843 398 καθόλου

60 422 227 457 Ἐκκλησάν
238 420 379 455 μετέθετο,
392 418 426 445 τὸ.
436 418 766 446 Μακεδονίουὰποϐαλών,
780 416 842 452 Εἶχε

55 469 81 495 δὲ
98 468 128 494 τὺ
140 465 263 501 (ρρο-ιεῖν,
279 465 309 491 οὗ
328 465 446 500 μαθήσει
468 466 650 498 κτησάμενος,
666 463 735 491 ἀλλὰ
751 464 842 498 φύσει.

55 514 99 540 Διὸ
112 516 163 539 κάν
177 514 234 544 τοῖς
264 513 414 546 πρακτέοις
441 511 652 546 ἐπηϐολώτατος
675 509 727 546 ἦν·
746 511 807 537 λίαν
822 511 845 537 δ’

55 559 250 586 ἐπιϐουλεῦσαι
268 559 315 585 καὶ
333 559 476 594 διαδρᾶσαι
493 557 572 590 αὖθις
589 559 736 592 ἐπιϐουλὴν
750 557 843 590 δεξιώ-

54 615 131 637 τατος
149 614 155 620 ·
174 606 254 631 τόσον
269 606 297 632 δὲ
313 605 344 631 τὸ
356 603 421 639 ἦθος
436 604 581 638 ἐπαγωγὸν
598 602 680 638 εἶχεν,
697 604 735 634 ὡς
752 603 846 637 σχεδδν

57 654 123 679 πᾶσι
138 651 341 687 κεχαρισμένος
365 649 447 678 εἶναι.
464 651 504 677 Τὰ
522 650 550 677 δὲ
572 650 640 684 πρὸς
659 650 722 680 τοὺς
744 649 845 683 ἐκκλη-

57 697 217 729 σιαστικοὺς
231 698 327 731 λόγους
344 697 447 732 ἀφελὴς
462 694 506 732 ἦν,
522 696 569 723 καὶ
585 696 723 727 τοιούτους
746 696 846 727 αὐτοὺς

57 743 204 776 ἐξετίθετο,
227 743 297 769 ὥστε
322 744 391 778 μήτε
409 743 485 777 παρᾶ
509 742 564 769 τῶν
581 742 725 776 ἀκροατῶν
747 750 847 776 μετεγ-

57 790 226 824 γρςὶφεσηαι,
241 790 310 824 μήτε
329 789 381 824 μὴν
394 788 569 815 παντάπασιν
583 789 708 823 ἀμοιρεῖν
722 788 846 819 παιδείας

57 835 214 871 ἀνηκούσης
229 836 335 869 λόγους.
360 835 509 869 Ἑπιμελὴς
527 834 550 861 δ’
563 835 603 865 είς
611 834 695 869 ἄκρον
712 833 760 866 ὢν,
773 835 845 867 είπη

57 882 155 917 καιρὸν
178 881 276 916 ἐθήρα,
293 881 356 912 τοὺς
373 882 438 916 παρ’
456 881 586 915 Ἕλλησιν
598 881 643 906 ἐπὶ
660 881 789 914 ῥητορεία
803 879 849 905 εὐ-

57 928 264 963 δοκιμήσαντας
293 928 412 962 ῥήτορας
432 927 547 962 ἤσκητο.
573 926 630 953 Καὶ
658 927 767 959 ἰδιώτης
799 925 848 961 μὲν

56 972 128 1001 εἶναι
156 974 260 1000 ἐδόκει·
288 973 318 1005 ἐξ
344 973 460 1000 ἐκείνων
483 973 510 999 δὲ
528 973 684 1008 μαρτυρίας
701 971 845 1006 παράγων,

53 1019 102 1045 καὶ
117 1018 182 1049 τοὺς
209 1018 401 1053 ἐπιστημόνως
426 1019 570 1054 μετιόντας
590 1017 749 1044 ἐλάνθανεν.
773 1018 848 1044 Ἐπι-

55 1065 222 1100 μελέστατος
250 1064 278 1091 δὲ
308 1065 376 1100 πρὸς
397 1065 427 1091 τὸ
455 1065 584 1099 ὁμόδοξον
613 1063 651 1091 ὢν
677 1065 726 1091 καὶ
754 1064 846 1099 ἧττιος,

54 1112 111 1143 τοῖς
127 1111 218 1142 ἄλλως
242 1110 259 1145 ἦ
288 1109 325 1142 ὡς
351 1111 451 1145 ἐκείνῳ
476 1110 564 1136 ἐδόκει
587 1110 716 1145 φρονοῦσι
733 1109 847 1144 φοϐερὸς

58 1158 177 1192 μάλιστα
201 1155 246 1192 ἦν,
263 1157 294 1184 ὲκ
314 1156 362 1183 τοῦ
380 1158 480 1192 ῥᾴστου
508 1165 539 1183 τε
562 1157 632 1191 ἔχων
656 1157 714 1188 δέος
733 1157 847 1188 ἐκεινοις

56 1203 204 1238 ἐμϐάλλειν
236 1203 318 1237 μόνον
342 1202 520 1238 βουλόμενος·
550 1204 632 1230 πάλιν
652 1202 675 1228 δ’
691 1201 723 1228 αὖ
749 1202 847 1236 ἀθρόον

56 1250 306 1285 μεταϐαλλέμενος,
319 1250 387 1284 πρὸς
401 1250 432 1276 τὸ
456 1250 545 1281 πρᾶον
565 1250 746 1285 μεταχωρεῖν.
756 1248 785 1274 Ὅ
799 1249 847 1283 μὲν

54 1293 102 1322 οὖν
115 1296 239 1327 τοιοῦτος
252 1294 295 1331 ἦν,
313 1296 350 1328 ὡς
365 1297 388 1322 οί
403 1295 485 1322 αὑτοῦ
503 1296 602 1328 πεῖραν
619 1295 762 1330 εἰληφότες
776 1294 847 1321 [στό-

56 1350 156 1377 ρησαν.
173 1341 277 1368 Τούτου
290 1342 312 1368 δ’
327 1342 375 1368 ἐπὶ
386 1342 440 1368 τῶν
456 1342 556 1368 οἰάκων
570 1341 646 1373 ὄντος
661 1342 710 1375 τῆς
733 1341 849 1375 Ἐκκλη-

56 1388 128 1421 651;,
150 1388 235 1419 πολύς
246 1397 288 1418 τις
302 1388 412 1422 ἐγένετο
435 1388 488 1414 τῶν
511 1387 622 1423 Ἰωάννῃ
639 1387 847 1422 προσκειμένων

54 1435 67 1460 ὁ
83 1433 218 1468 διωγμὸς,
235 1434 281 1460 τοῦ
298 1433 427 1460 πλείστου
447 1433 549 1468 μέρους
568 1435 617 1469 τῆς
639 1434 676 1460 ἓω
703 1434 749 1460 καὶ
765 1433 847 1459 ἐσπε-

56 1481 115 1515 ρὶου
132 1479 236 1516 λήξεως
263 1481 466 1515 ἐκτρεπομένου
491 1481 542 1515 τὴν
557 1480 705 1507 κοινωνίαν
721 1481 770 1514 τῆς
787 1479 847 1506 κατ’

896 234 940 261 illa
970 234 1044 261 inter
1073 235 1216 262 Paulinum
1231 235 1420 268 etMeletium,
1442 241 1469 264 et
1483 236 1641 264 Flavianum
1659 241 1685 264 et

895 280 1043 315 Evagrium
1071 281 1211 308 exstitere.
1227 282 1334 309 Atticus
1349 282 1394 309 ubi
1408 284 1478 309 inter
1495 283 1569 311 viros
1586 292 1686 311 census

894 331 947 357 est,
968 325 1117 354 Macedonii
1133 327 1262 361 opinione
1281 329 1434 363 rcjeeta,ad
1447 329 1597 356 Ecclesiam
1623 330 1685 356 uni-

897 371 1028 398 Vcrsalem
1039 379 1068 399 se
1081 373 1208 405 contulit,
1220 381 1272 400 nou
1285 379 1337 401 tam
1352 373 1478 401 doctrina
1489 382 1570 408 quam
1586 380 1684 403 natura

895 417 1017 451 prudens
1035 425 1042 443 :
1061 424 1230 452 quapropter
1246 419 1272 445 iii
1287 419 1369 446 relius
1382 419 1494 454 agendis
1517 420 1596 447 facile
1610 422 1682 455 quod

896 463 982 490 voluit
994 467 1136 491 assecutus
1144 469 1195 496 est,
1213 464 1385 492 instruendis
1400 465 1481 492 simul
1497 469 1525 492 et
1549 466 1683 501 eﬂ'ugiett-

896 509 939 537 dis
968 509 1076 536 insidiis
1104 509 1267 537 dexteritate
1285 517 1363 537 mra.
1393 510 1473 546 41],
1502 512 1531 539 In
1559 513 1683 541 moribus

896 556 955 590 ejus
972 555 1014 582 lue
1034 555 1145 582 fuerunt
1166 555 1312 586 illecebrze.
1330 556 1425 584 utfere
1437 557 1564 584 omnibus
1589 563 1683 593 gratus

897 604 924 626 et
937 599 1037 627 charus
1047 605 1130 628 esset.
1148 600 1179 627 ln
1199 601 1371 629 orationibus
1398 602 1595 630 ecclesiasticis
1618 598 1685 631 s'im-

899 646 959 680 plex
972 646 1033 679 fuit,
1055 654 1158 680 easque
1172 647 1240 674 tales
1249 647 1346 679 edidit,
1367 652 1397 675 ut
1409 656 1498 683 neque
1524 649 1559 676 ab
1577 650 1686 677 audito-

898 693 975 719 ribus
1000 693 1264 725 trauscriberentur,
1290 701 1381 728 neque
1411 693 1525 722 omnino
1556 695 1684 724 doctrina

897 738 1053 766 liberaliore
1066 743 1094 766 et
1106 739 1241 774 elegantia
1252 745 1387 767 carerent.
1401 741 1434 768 Et
1450 749 1512 769 cum
1523 742 1564 768 vir
1578 750 1685 769 summa

898 785 1038 819 diligentia
1052 791 1136 818 esset,
1155 791 1340 821 opportunum
1357 791 1464 822 tempus
1491 792 1598 819 nactus,
1618 788 1686 815 stib-

899 832 963 859 inde
978 837 1101 859 oratores
1122 832 1231 860 Graecos
1256 832 1421 860 celebriores
1442 834 1557 868 legendo
1568 841 1597 860 se
1610 841 1687 860 excr-

899 878 966 905 cuit.
987 877 1055 904 Tum
1073 879 1201 909 demum,
1230 885 1292 905 eum
1308 879 1391 905 idiota
1407 886 1455 906 seu
1471 878 1546 905 rudis
1570 886 1630 905 esse
1645 879 1687 905 vi-

898 923 1021 954 deretur.
1052 925 1210 952 testimonia
1234 924 1268 951 ab
1283 924 1337 951 illis
1365 928 1520 957 mutuatus,
1536 932 1584 951 eos
1599 924 1684 951 etiam

899 971 945 1006 qui
964 971 1070 998 erudite
1083 978 1145 998 cum
1170 979 1203 999 eo
1217 977 1341 1006 agerent,
1359 970 1467 998 fefellit.
1480 971 1606 1006 Cumque
1623 977 1685 999 stu-

899 1019 1072 1051 iliosi~simus
1100 1024 1127 1046 et
1155 1019 1280 1054 placidus
1317 1020 1434 1046 maxime
1471 1027 1534 1053 erga
1562 1019 1687 1054 ejusdem

899 1067 1042 1094 sententia:
1054 1071 1214 1097 sectatores,
1232 1071 1288 1093 tum
1309 1066 1349 1093 eis
1372 1067 1419 1101 qui
1435 1067 1515 1093 aliter
1531 1074 1612 1101 quam
1629 1066 1687 1101 ipse

899 1112 1234 1143 sentirent,formidabilis
1250 1113 1397 1147 plurimum
1412 1112 1471 1139 fuit.
1490 1111 1536 1139 Eis
1547 1112 1686 1142 facillime.

899 1158 1075 1185 dumminndo
1089 1157 1184 1190 vellet,
1206 1158 1331 1184 timorem
1355 1158 1478 1184 incutere
1503 1158 1593 1192 potuit
1619 1167 1626 1184 :
1659 1162 1687 1184 et

899 1212 1008 1231 rursum
1025 1208 1098 1230 totus
1118 1208 1250 1234 mutatus,
1280 1204 1313 1230 ad
1338 1204 1496 1230 comitatem
1524 1210 1553 1230 se
1580 1204 1686 1230 retulit.

898 1249 971 1275 Talis
983 1249 1029 1276 ille
1047 1248 1097 1276 fuit
1113 1249 1212 1276 :siculi
1229 1249 1275 1283 qui
1290 1257 1352 1276 etim
1366 1246 1530 1283 cognovere,
1549 1249 1688 1275 memoriae

899 1295 1073 1322 mandarunt.
1095 1295 1134 1322 Eo
1157 1300 1247 1322 autem
1271 1295 1418 1322 Ecclesiain
1446 1296 1627 1330 gubernante.
1645 1295 1689 1322 in-

898 1346 1005 1374 gentem
1035 1337 1148 1368 Joannis
1191 1336 1306 1368 studiosi
1334 1341 1424 1369 tulere
1453 1343 1686 1376 persecutionem,

899 1395 959 1414 cum
975 1387 1084 1422 quidem
1101 1387 1217 1414 maxima
1233 1392 1260 1414 et
1276 1387 1399 1414 Orientis
1413 1393 1441 1415 et
1456 1387 1613 1415 Occidentis
1624 1396 1686 1421 pars

898 1434 1028 1461 Ecclesiae
1062 1434 1121 1468 ejus
1151 1435 1371 1461 communionem
1414 1439 1598 1462 aversaretur.
1628 1434 1689 1467 Quo

900 1484 1021 1514 tempore
1034 1480 1144 1514 Epllesll
1163 1479 1327 1514 impunitate
1347 1486 1469 1514 arrepta,
1486 1489 1547 1515 qua:
1574 1481 1614 1508 eis
1631 1481 1688 1508 visa

54 1527 137 1553 ta".st
157 1526 335 1560 Ἑκκλησίας.
349 1526 417 1553 Καθ’
433 1527 462 1553 ὃν
490 1527 522 1561 δὴ
541 1526 637 1561 χρόνον
653 1526 677 1552 οε
694 1527 724 1552 ἐν
747 1526 851 1561 Ἐφέσῳ
866 1528 886 1556 C
904 1534 909 1552 ε

904 1533 978 1558 sntit,
998 1525 1089 1553 omnia
1108 1534 1217 1553 movere
1238 1531 1265 1553 et
1291 1531 1398 1554 mutare
1417 1528 1574 1554 voluerunt.
1595 1529 1689 1563 Itaque

55 1573 147 1604 ἀδείας
160 1573 341 1607 δραξάμενοι,
395 1573 487 1607 σφίσιν
510 1573 617 1605 ἐδόκει,
636 1572 718 1599 πάντ’
744 1573 849 1599 ἐκίνουν

56 1621 104 1645 καὶ
120 1619 327 1653 μεταστρέφειν
343 1618 496 1645 ἐϐούλοντο.
515 1619 570 1646 Καὶ
585 1619 649 1650 τοὺς
670 1619 719 1653 μὲν
734 1619 785 1645 ὑπὸ
802 1619 848 1645 τοῦ

55 1665 141 1692 καλοῦ
156 1665 290 1700 ποιμένος
313 1665 361 1691 καὶ
378 1665 415 1696 ὡς
427 1665 488 1700 Θεῷ
503 1665 581 1699 φίλον
601 1667 656 1696 τοῖς
674 1665 780 1700 θρόνοις
796 1667 848 1692 ἐνι-

55 1711 210 1748 δρυμένους
228 1711 392 1746 ἐξήλαυνον·
412 1711 544 1747 βεϐήλους
560 1713 587 1739 δέ
611 1721 688 1743 τινας
712 1712 758 1739 καὶ
776 1720 850 1746 παμ-

57 1759 176 1793 μιάρους
191 1758 391 1785 ἁντικαθίστων
403 1760 459 1790 τοῖς
474 1758 582 1792 Θώκοις,
599 1759 634 1793 μή
646 1767 717 1790 τινος
730 1759 848 1794 βασάνου

56 1804 106 1839 τῆς
125 1805 297 1840 χειροτονίας
313 1805 527 1840 προηγουμένης
539 1813 546 1820 ·
563 1804 620 1831 ἀλλ’
642 1804 729 1836 οὕτως
746 1805 849 1830 εἰκαῖον

57 1851 145 1877 ἐδόκει
172 1851 204 1876 τὸ
229 1852 348 1886 πρᾶγμα
363 1852 410 1878 καὶ
429 1852 576 1887 πρόχειρον
599 1851 635 1883 ὡς
653 1851 735 1886 μόνον
755 1851 850 1885 βούλε-

57 1896 132 1929 σθαι,
151 1897 168 1931 ἡ
184 1905 212 1922 τι
233 1896 346 1929 διδόναι,
364 1897 412 1923 καὶ
433 1898 621 1932 εὐχερέστατα
639 1897 688 1930 τὴν
706 1897 850 1932 ἱεραρχίαν

55 1942 224 1978 λαμϐάνειν.
243 1943 297 1970 Καὶ
311 1942 371 1977 δῆθ’
387 1943 411 1969 δε
435 1943 626 1976 ἐκϐληθέντες,
643 1942 736 1975 δεξιῶς
756 1942 851 1978 μετελ-

56 1988 151 2018 θόντες
170 1988 234 2019 τοὺς
251 1987 306 2015 τῶν
328 1988 466 2014 τοιούτων.
482 1989 704 2023 καταφρονητάς,
731 1989 850 2021 εἰσαγω-

55 2033 108 2068 γῆς
140 2033 312 2068 ἐτύγχανον,
339 2034 503 2069 χρημάτων,
532 2034 600 2068 φεῦῐ
622 2034 670 2068 τὴν
701 2033 850 2068 ἱερωσύνην

55 2079 220 2114 ὠνούμενοι.
239 2079 272 2106 Οἱ
289 2079 320 2115 δὴ
346 2081 393 2106 καὶ
422 2079 608 2115 Ἡρακλείδην
632 2081 747 2114 ἐκεῖνον,
778 2079 809 2106 ὃν
836 2080 850 2105 ὁ

56 2128 149 2160 μέγας
171 2126 288 2160 Ἐφέσου
304 2126 435 2162 πρόεδρος
453 2127 648 2161 καταστήσειε,
668 2127 852 2162 συνεπιψηφι-

55 2173 182 2204 ζομένων
197 2173 230 2207 τῇ
250 2172 349 2206 πράξει
380 2174 427 2200 καὶ
453 2173 543 2200 ἄλλων
572 2173 763 2208 ἑϐδομήκοντα
786 2175 849 2199 ἐπι-

55 2217 182 2250 σκόπων,
198 2217 245 2243 ἐπὶ
265 2218 389 2254 τέσσαρα
405 2218 453 2253 ἐτη
470 2219 620 2253 ὠμοτάτους
643 2219 847 2255 καθείρξαντες,

54 2263 157 2288 ἔπειτα
183 2262 347 2294 καθελόντες
366 2263 411 2290 τὸν
436 2265 630 2291 κατάπτυστον
655 2265 702 2292 καὶ
720 2265 849 2300 προφανῆ

55 2308 182 2334 κίναιδον
206 2308 300 2343 ἀνδρα,
322 2309 369 2335 τὸν
400 2309 542 2346 βδελυρίας
569 2311 660 2345 πάσης
684 2311 850 2345 ἀνάμεστον,

54 2355 104 2380 τὴν
125 2354 172 2380 τοῦ
192 2353 339 2388 τριϐούνου
356 2355 494 2388 Βίκτωρος
518 2355 699 2390 εὐνοῦχον,τῷ
716 2354 763 2381 τοῦ
779 2363 851 2390 παρ-

56 2400 139 2426 θένου
167 2399 255 2442 θρονῳ
279 2395 312 2434 (ὦ
338 2400 401 2435 δίκη
432 2402 478 2428 καὶ
506 2402 589 2436 ἀνοχὴ
616 2401 702 2427 Θεοῦί
733 2401 852 2434 ἀναξίως

55 2445 273 2480 ἑγκαθιστῶσιν.

96 2547 138 2583 (Ι)
167 2547 254 2583 Nemo
277 2547 391 2583 gradum
418 2548 566 2575 sacerdotii
593 2546 849 2582 venalitatezpretii

59 2587 212 2618 mercetur.
222 2582 360 2615 Qiiaiituin
372 2583 489 2618 quisque
502 2589 635 2616 uteretur,
645 2591 699 2610 non
715 2588 848 2618 quantum

58 2623 128 2648 dare
144 2617 253 2651 sullicit,
265 2618 428 2646 aestimetur.
442 2619 502 2646 Non
517 2619 616 2654 pretio,
640 2619 688 2647 sed
720 2617 850 2654 precibus

901 1572 976 1598 viros
999 1579 1013 1598 a
1039 1572 1111 1598 bono
1145 1577 1253 1606 pastore
1269 1573 1329 1605 rite,
1349 1578 1376 1600 et
1401 1573 1482 1600 sicuti
1508 1574 1564 1601 Deo
1579 1569 1688 1609 gratum

901 1625 951 1650 est,
970 1619 996 1645 in
1013 1619 1119 1646 tlii'onis
1131 1619 1245 1646 collatos
1259 1620 1401 1655 eiecerunt
1413 1640 1420 1653 ,
1435 1621 1530 1655 eisque
1557 1621 1690 1656 profanos

900 1667 1067 1700 quosdamet
1080 1667 1202 1700 impuros
1213 1675 1325 1700 prorsus
1335 1667 1461 1694 homines
1472 1667 1688 1699 substituerunt,

901 1713 973 1739 nulla
984 1713 1171 1748 exploratione
1186 1721 1317 1739 manuum
1335 1713 1505 1747 impositioni
1519 1718 1659 1748 priceunte
1680 1723 1688 1740 :

901 1760 1005 1794 quippe
1020 1759 1057 1786 ita
1073 1768 1140 1785 vana
1165 1764 1192 1786 et
1207 1759 1296 1786 facilis
1315 1767 1346 1786 ea
1365 1767 1408 1786 res
1438 1760 1495 1787 visa
1511 1763 1564 1790 est,
1592 1764 1619 1786 ut
1654 1759 1688 1786 ait

900 1806 1307 1841 episcopatumpromptissime
1322 1806 1528 1840 suscipiendum
1552 1806 1619 1833 satis
1640 1813 1687 1832 es-

901 1857 953 1883 set,
972 1851 994 1878 si
1010 1851 1071 1886 quis
1102 1851 1127 1877 id
1146 1851 1227 1877 modo
1244 1852 1335 1885 vellet,
1364 1856 1412 1877 aut
1436 1851 1539 1884 aliquid
1562 1851 1688 1878 donaret.

901 1897 1019 1925 Proinde
1033 1898 1079 1931 qui
1096 1897 1199 1923 dudum
1213 1905 1227 1923 a
1241 1896 1345 1924 Joanne
1372 1896 1543 1923 exauctorati
1569 1897 1689 1929 fuerant,

901 1941 1044 1969 commode
1061 1949 1151 1967 rerum
1170 1941 1264 1968 talium
1281 1945 1485 1974 contemptores
1511 1941 1641 1975 aggressi,
1661 1941 1687 1968 iu

902 1987 1021 2015 Ecclesia
1047 1992 1110 2014 sunt
1127 1987 1288 2019 introducti,
1312 1986 1471 2021 episcopatu
1490 1986 1568 2021 (proh
1587 1987 1699 2021 pudor!)

902 2034 1017 2069 pecunia
1034 2035 1185 2068 redempta.
1211 2033 1263 2066 Qui
1291 2033 1374 2060 etiam
1401 2032 1574 2060 Heraclidem
1600 2033 1690 2064 illiiiu,

902 2087 982 2114 quem
998 2087 1112 2114 magnus
1126 2079 1246 2106 Joannes
1270 2078 1370 2113 Ephesi
1399 2078 1559 2113 episcopum
1581 2086 1691 2106 creare-

904 2130 955 2157 rat,
985 2125 1201 2160 suifragantibus
1231 2125 1256 2152 ei
1285 2124 1346 2152 aliis
1375 2133 1486 2160 quoque
1517 2125 1691 2160 septuaginta

902 2172 1051 2206 episcopis,
1069 2171 1102 2198 ad
1119 2179 1217 2204 annos,
1237 2177 1357 2207 quatuor
1369 2171 1562 2199 crudelissime
1583 2173 1690 2200 carceri

902 2218 1132 2250 incluseruntzet
1150 2223 1243 2253 postea
1276 2219 1411 2254 dignitate
1433 2218 1459 2245 ei
1488 2219 1617 2254 abrogata
1642 2219 1692 2255 (l),

903 2265 1100 2292 exsecrandum
1112 2269 1140 2292 ct
1157 2265 1492 2302 utanil'estutn‘einzedtnn,
1502 2263 1708 2293 detestatiouis‘

904 2312 995 2338 omnis
1011 2312 1134 2346 plenum.
1151 2312 1252 2338 tribuni
1269 2311 1386 2339 Victoris
1409 2312 1581 2341 eunuchum.
1593 2313 1619 2337 iu
1636 2313 1694 2338 vir-

904 2357 976 2392 ginis
992 2358 1042 2384 viri
1058 2358 1157 2384 throno
1173 2357 1199 2392 (ο
1213 2357 1330 2384 vindicta
1342 2361 1369 2383 et
1383 2357 1516 2392 patientia
1531 2356 1578 2383 Dei
1589 2357 1608 2391 ι)
1624 2356 1696 2383 indi-

904 2402 1036 2438 gnissiiue
1051 2403 1234 2430 collocarunt.

904 2548 1048 2610 ordilnetur
1074 2547 1200 2575 antistes.
1216 2545 1246 2573 L.
1268 2545 1298 2572 Si
1311 2552 1480 2580 quamquam.
1508 2543 1540 2572 C.
1553 2544 1587 2572 dc
1607 2536 1694 2579 epiac.

905 2588 932 2610 et
948 2591 962 2610 ς
975 2591 1015 2610 cr.

905 2588 932 2610 Cl
948 2588 1015 2610 cler.
