1898 3054
177 108 243 140 1035

779 103 984 133 ΝΙΟΕΙἮΗΒΙ
1009 103 1178 133 (ἈΗΛδΤΙ

1717 97 1787 129 1036

175 165 201 192 in
217 171 315 191 manus
328 168 452 198 recepto,
467 162 514 190 Del
539 168 633 188 amans
651 161 784 195 Aituylius
806 160 951 188 Beneventi

1005 161 1135 194 σλνέστη,
1154 159 1204 186 ἀνὰ
1225 160 1317 194 χεῖρας
1338 157 1464 190 λαϐόντες
1486 157 1510 183 οξ
1531 156 1594 192 περὶ
1612 156 1656 182 τὸν
1673 155 1790 190 θεοφιλῆ

173 211 329 244 episcopus,
343 209 492 242 Cathegius
520 213 549 235 et
559 206 736 238 Gaudentius,
750 213 812 232 cum
829 206 952 233 Valentia

173 261 201 282 ct
215 255 356 283 Bouil'acio
373 254 547 289 presbyteris,
567 253 652 279 Roma
667 252 825 287 Byzantium
839 250 951 286 profecti

175 307 247 329 sunt.
268 301 458 336 Sequebantur
469 307 516 326 eos
528 299 657 334 (Syriacus
672 303 699 324 et
716 297 878 329 Demetrius,
900 304 952 324 una

175 355 236 374 eum
266 347 386 374 Palladio
417 350 443 372 et
470 345 590 380 Eulysio,
621 344 666 378 qui
695 343 807 370 Joannis
833 344 951 378 partium

175 393 290 420 studiosi
323 399 356 418 eo
384 396 524 421 venerant,
562 395 589 416 et
622 389 781 425 tragmtlia'ut
820 389 951 416 malorum

176 445 284 465 omnem
300 437 353 464 illis
373 439 566 470 exposuerant.
589 434 656 461 Cum
671 439 761 461 autern
779 434 806 460 itt
821 433 952 462 Grazciam

176 482 372 518 pervenissent,
403 482 430 508 in
461 488 559 507 manus
588 480 690 507 tribuni
714 479 875 514 cujusdam,
906 479 952 513 qui

176 530 287 557 insidias
299 529 339 556 eis
358 528 519 560 tetenderat,
534 526 698 553 inciderunt.
716 526 774 553 Non
787 527 859 552 enim
869 526 953 552 latere

176 581 324 610 potuerunt
337 575 498 601 feminarum
512 573 657 608 pessimam
673 572 824 600 Eudoxiam
839 571 954 606 legatio-

175 623 218 649 nis
232 621 291 656 ejus
308 620 446 647 mandata.
473 620 505 646 Et
519 619 591 652 quod
613 626 709 645 eorum
734 617 878 644 sententia:
905 625 953 644 seu

173 667 301 697 consilio,
317 665 363 700 qui
379 664 544 699 legationem
559 671 619 690 eam
645 663 786 694 miserant,
804 669 863 689 arte
885 669 953 697 qua-

173 713 234 738 dam
251 712 451 741 adversaretur,
467 710 590 736 actiones
601 717 695 736 eorum
710 708 856 735 contrariis
869 708 954 734 actio-

174 757 254 784 nibus
277 756 419 791 przevcnit.
454 755 626 788 Quapropter
652 753 874 780 Thessalonicam
901 753 954 780 illis

173 802 278 834 videre,
299 806 382 836 atque
406 808 482 835 papae
506 800 622 830 litteras,
650 806 718 834 quas
744 798 777 825 ad
802 799 862 833 ejus
877 797 953 824 urbis

174 849 333 882 episcopum
349 846 480 880 Anysium
498 844 633 874 ferebant,
652 843 767 870 reddere
787 843 950 878 perntissutn

176 901 229 919 nnn
246 897 299 919 est.
317 891 370 918 Sed
387 890 496 918 duobus
524 889 642 924 navigiis
659 889 789 923 impositi,
807 894 951 923 postquam

175 942 201 967 in
216 947 299 966 unum
309 946 340 965 ex
354 937 494 965 suburbiis
502 935 811 970 Constantinopolitanae
822 935 951 968 civitatis,

174 984 247 1019 quod
264 983 382 1017 Athyras
410 985 534 1012 vocatur,
561 985 756 1015 pervenerunt,
776 987 825 1014 per
843 980 897 1006 vim
925 980 952 1006 in

175 1029 328 1056 custodiant
347 1032 412 1055 suttt
426 1027 543 1061 conjecti
562 1034 569 1052 :
596 1026 698 1060 quibus
723 1033 772 1060 per
787 1025 952 1052 calumniam

174 1077 312 1111 objectum
329 1079 382 1105 est,
398 1073 470 1108 quod
486 1073 617 1099 ditionem
642 1073 758 1098 alienam
772 1072 842 1098 ultra
859 1072 953 1098 termi-

174 1130 224 1149 nos
236 1129 301 1148 suos
317 1120 466 1150 turbarent,
479 1124 505 1145 et
521 1125 583 1145 cum
598 1117 746 1145 Orientalis
765 1117 871 1152 imperii
887 1124 953 1143 cott-

175 1167 286 1193 tumelia
302 1165 338 1193 ibi
352 1165 493 1192 adessent.
518 1163 635 1190 Romani
665 1163 756 1198 igitur,
773 1168 799 1189 ct
822 1161 954 1197 Cyriacus

173 1215 332 1249 episcopus,
353 1212 456 1246 quique
471 1217 531 1236 cum
545 1217 578 1236 eo
603 1214 693 1241 erant,
708 1209 821 1235 seorsim
836 1209 953 1242 quisque

173 1261 200 1286 in
218 1258 357 1286 custodias
373 1256 482 1286 inclusi.
497 1255 562 1282 torti
590 1259 654 1281 sunt
684 1259 711 1280 et
724 1256 855 1280 aerumnis
869 1253 954 1287 pluri-

172 1305 224 1332 mis
235 1303 335 1334 aﬂ‘ccti,
353 1306 383 1328 ut
405 1301 511 1328 litteras
537 1299 670 1334 ﬂagitatus
689 1299 854 1333 proferrent.
874 1299 954 1325 Post-

173 1358 253 1386 quam
272 1354 362 1376 autent
381 1348 419 1374 illi
436 1355 465 1374 se
491 1354 538 1373 eas
566 1354 619 1372 non
653 1345 730 1379 prius
757 1344 871 1372 daturos
893 1351 953 1370 esse

173 1398 352 1428 aliirntarunt,
372 1401 453 1429 quam
475 1393 672 1427 itttperatorettt
688 1390 832 1422 vidissent,
860 1394 954 1424 utpote

173 1443 206 1470 :ttl
225 1450 288 1470 eum
306 1441 399 1476 legati,
415 1443 553 1474 postremo
571 1437 697 1464 Valerius
712 1436 835 1471 quidam,
859 1443 890 1462 ex
915 1436 954 1461 l'e-

174 1489 254 1515 ritate
269 1492 296 1514 et
314 1485 457 1513 temeraria
474 1483 590 1511 audacia
610 1486 710 1508 nomen
725 1486 752 1508 et
764 1480 951 1508 celebritatem

174 1540 323 1567 aucupans,
334 1530 455 1567 episcopi
468 1530 562 1561 unius,
576 1528 648 1564 apud
659 1535 740 1563 quem
751 1527 849 1554 littera:
863 1531 952 1558 erant,

174 1581 273 1615 pollice
287 1579 385 1610 fracto,
413 1577 513 1611 scripta
537 1576 595 1610 ipsa
623 1579 650 1602 et
676 1574 783 1601 vascula
810 1573 952 1609 quatdam,

173 1626 267 1653 adluec
285 1622 420 1659 quidquid
435 1622 490 1649 illis
508 1621 541 1648 ad
564 1628 608 1648 res
627 1620 798 1648 ttecessarias
821 1619 954 1654 parandas

173 1677 232 1699 erat
243 1671 361 1706 argenti,
387 1669 412 1696 ei
429 1668 533 1703 eripuit
559 1667 612 1694 :id
640 1667 711 1701 quod
735 1666 786 1706 ille
813 1673 868 1693 non
896 1667 954 1693 sine

175 1703 295 1752 maligno
310 1714 424 1743 consilio
440 1714 516 1746 fecit,
531 1717 560 1740 ut
572 1711 725 1747 sumptibus
735 1703 874 1739 'omnibus
889 1718 954 1745 spo-

175 1764 244 1795 liati,
275 1762 365 1789 facere
388 1760 492 1794 aliquid
520 1759 570 1790 illi,
597 1758 669 1793 quod
702 1758 870 1793 prohibitum
901 1762 954 1789 est,

176 1807 339 1836 necessitate
351 1806 539 1840 adigerentur.
556 1805 639 1840 418
654 1804 790 1831 Postridie
815 1804 875 1838 ejus
899 1803 953 1830 diei

175 1855 220 1881 alii
237 1853 350 1889 plurimi
367 1852 483 1885 aﬂ'ucre,
502 1851 560 1878 sive
577 1851 611 1877 ab
626 1851 684 1884 ipsa
701 1850 833 1880 Augusta,
854 1856 902 1876 seu
922 1849 955 1875 ab

174 1901 264 1928 Attico
279 1898 355 1926 missi
381 1906 390 1925 :
422 1897 469 1932 qui
497 1896 532 1924 ab
561 1896 617 1923 illis
641 1895 792 1930 petierunt,
808 1898 839 1921 ut
867 1895 955 1920 tribus

175 1946 298 1974 millibus
313 1950 489 1971 nummorum
512 1949 659 1969 aureorum
682 1941 812 1976 receptis,
829 1948 891 1968 cum
909 1944 956 1967 At—

175 1994 228 2018 tico
242 1990 489 2020 communicarent,
504 1987 618 2015 Joannis
632 1991 723 2014 autem
739 1993 848 2014 causam
866 1986 955 2020 despi-

174 2042 278 2065 cerent.
299 2037 357 2063 Hoc
386 2035 425 2062 illi
459 2041 488 2061 se
514 2034 635 2061 facturos
666 2040 779 2068 prorsus
808 2039 952 2069 negarunt.

174 2084 280 2112 Accidit
295 2083 369 2110 enim
400 2081 533 2108 divinitus
547 2079 689 2114 quiddam,
717 2079 790 2114 quod
805 2087 865 2106 eam
897 2086 953 2106 rem

175 2127 327 2164 prohibuit.
345 2127 412 2154 Nam
434 2127 481 2154 uni
506 2133 539 2154 ex
568 2125 676 2160 [Entylii
705 2126 839 2158 diaconis,
870 2126 954 2153 Paulo

968 1492 988 1520 ι’]

1003 206 1145 241 Αίμύλιον,
1163 204 1322 231 Βενεϐενδοῦ
1338 204 1365 231 δὲ
1382 201 1457 234 οὗτος
1473 203 1632 234 ἐπίσκοπος,
1649 201 1791 236 Καθήγιόν

1002 260 1032 278 τε
1054 252 1102 278 καὶ
1124 251 1299 282 Γαυδέντιον,
1322 251 1372 277 σὺν
1393 250 1546 284 Οὑαλεντίῳ
1567 250 1614 276 καὶ
1635 248 1790 282 Βονιφατίῳ

1002 299 1058 329 τοῖς
1083 297 1289 333 πρεσϐυτέροις,
1314 297 1346 322 ἐκ
1364 295 1472 331 Ῥώμης
1498 296 1565 331 πρ“ις
1587 295 1618 322 τὸ
1639 295 1790 326 Βυζάντιον

1003 345 1098 380 ᾔεσαν,
1121 344 1220 370 Εἵπετο
1241 343 1264 369 δ’
1279 343 1370 374 αὐτοῖς
1391 342 1529 376 Κυριακδς
1549 341 1595 367 καὶ
1615 342 1788 375 Δημήτριος,

1005 389 1111 423 σύναμα
1138 388 1278 422 Παλλαδίῳ
1304 388 1350 414 καὶ
1375 387 1519 421 Εὺλυσίῳ·
1546 386 1570 412 οἳ
1595 387 1643 420 τῆς
1662 386 1788 412 Ἰωάννου

1005 435 1113 470 μερίδος
1135 435 1220 465 ὄντες,
1245 435 1335 460 ἐκεῖσε
1356 433 1389 467 δὴ
1413 432 1606 467 παρεγένοντο,
1630 431 1675 457 καὶ
1699 430 1789 457 πάντα

1003 480 1117 512 ἐκείνοις
1135 479 1369 515 ὲξετραγῴδησαν.
1390 480 1453 506 ’Λνὰ
1469 479 1497 505 δὲ
1512 478 1561 514 τὴν
1580 477 1692 504 Ἐλλάδα
1708 477 1788 510 γενός

1005 535 1090 561 μενοι,
1104 526 1156 553 ὑπό
1167 535 1218 552 τινι
1231 526 1396 560 ὲνεδρεύοντι
1410 525 1464 551 τῶν
1477 525 1624 559 χιλιάρχων
1637 524 1677 554 εις
1692 523 1788 558 χεῖρας

1003 570 1193 604 ἐμπίπτουσιν.
1213 570 1280 596 Οὐδὲ
1300 570 1355 605 γὰρ
1376 567 1409 604 ἦν
1426 570 1518 596 λαθεῖν
1534 569 1583 603 τὴν
1600 567 1788 603 πονηροτάτην

1003 616 1140 650 γυναικῶν
1157 616 1285 648 Εὐδοξίαν
1301 616 1336 643 τά
1351 616 1400 651 τῆς
1424 615 1603 651 στελλομένης
1625 614 1786 649 πρεσϐείας.

1010 662 1241 697 Ἀντιτεχνωμένη
1265 662 1292 688 δὲ
1315 664 1347 698 τῇ
1370 662 1467 698 γνώμῃ
1489 662 1544 688 τῶν
1566 660 1788 688 ἀποστειλάντων

1003 708 1175 743 προέφθανεν
1194 707 1426 742 ἀντιπράττουσα.
1447 707 1649 742 Θεσσαλονίκην
1671 706 1722 740 μὲν
1741 703 1788 732 οὗν

1003 753 1034 780 οὑ
1052 753 1222 788 συνεχώρουν
1237 753 1358 784 ἐκείνους
1377 753 1441 779 ἰδεῖν
1453 760 1460 767 ·
1477 753 1537 779 οὐδὲ
1553 753 1606 788 γὰρ
1622 753 1640 779 ἃ
1657 752 1726 786 πρῖς
1742 751 1789 777 τὸν

1003 799 1112 831 ἐκείνης
1128 798 1277 825 ἐπίσκοπον
1297 798 1419 825 Ἀνύσιον
1436 798 1483 825 τοῦ
1502 798 1602 825 πάππα
1620 798 1789 832 ἐπεφέροντο

1005 844 1167 879 γράμματα,
1182 843 1273 871 δοῦναι
1288 843 1361 870 είων.
1377 844 1442 870 Auct
1456 844 1544 871 τοίνυν
1558 844 1661 874 πλοίοις
1676 843 1787 874 τούτους

1004 890 1198 922 ἐπιϐαλόντες,
1224 890 1287 916 ἐπεὶ
1311 890 1340 920 ἐς
1365 890 1529 924 προάστειον
1552 891 1600 924 τῆς
1626 890 1748 922 πόλεως,
1773 889 1789 915 ὅ

1010 934 1126 969 Ἀθύρας
1142 935 1280 966 καλεῖται,
1297 934 1427 968 ἔφθανον,
1446 935 1540 967 βιαίως
1555 933 1648 970 εἶργον
1663 935 1786 969 φρουρᾷ,

1004 980 1052 1006 ἅτε
1075 980 1154 1015 δῆθεν
1178 981 1324 1016 ὑπερόριον
1346 982 1520 1015 ἐνοχλοῦντας
1545 982 1647 1016 ἀρχὴν,
1671 981 1718 1008 καὶ
1743 982 1788 1006 ἐπὶ

1005 1026 1082 1061 ὕϐρει
1101 1027 1149 1061 τῆς
1166 1027 1258 1054 ἐνθάδε
1277 1027 1413 1062 βασιλείας
1432 1029 1643 1063 γεγενημένους,
1660 1027 1788 1061 διαϐολὴν

1005 1074 1218 1106 κατεσκεύαζον.
1234 1074 1266 1100 Οῖ
1280 1082 1309 1100 τε
1326 1071 1373 1101 οὖν
1389 1074 1538 1109 Ῥωμαῖοι,
1555 1075 1603 1101 καὶ
1619 1076 1644 1101 ot
1661 1075 1727 1109 περὶ
1742 1075 1790 1100 τὸν

1004 1121 1153 1146 ἐπίσκοπον
1166 1120 1305 1155 κυριακὸν
1316 1121 1519 1154 ὲγκλεισθέντες
1531 1121 1626 1156 χωρὶς,
1639 1121 1789 1155 ὴτάζοντο,

1004 1166 1051 1192 καὶ
1070 1166 1164 1197 δεινοῖς
1186 1166 1323 1197 πλείστοις
1343 1166 1565 1201 περιεϐάλλοντο,
1583 1168 1616 1194 τὰ
1635 1167 1790 1201 γράμματα

1004 1211 1210 1246 ἀπαιτούμενοι.
1228 1211 1272 1243 Ὠς
1290 1211 1312 1238 δ’
1327 1213 1426 1238 ὲκεῖνοι
1441 1211 1472 1238 τὸ
1489 1213 1527 1247 μὴ
1545 1213 1636 1239 δοῦναι
1653 1213 1789 1248 διισχυρί-

1004 1257 1080 1288 ζοντο
1097 1257 1243 1291 πρότερον,
1261 1257 1284 1282 εί
1301 1257 1338 1291 μὴ
1356 1257 1468 1292 βασιλέα
1484 1258 1642 1289 θεάσαιντο,
1659 1258 1790 1292 πρέσϐεις

1003 1303 1079 1334 ὄντες
1090 1323 1097 1333 ,
1111 1303 1186 1333 τέλος
1201 1301 1348 1336 Οἰιαλέριός
1364 1312 1404 1334 τις
1420 1305 1452 1330 ἐκ
1468 1303 1616 1339 θηριωδὲας
1631 1305 1679 1330 καὶ
1696 1304 1791 1337 ίταμό-

1003 1356 1083 1382 τητος
1099 1347 1182 1380 ὄνομα
1198 1347 1288 1382 ἑαυτῷ
1303 1348 1454 1383 περιθεῖναι
1469 1349 1642 1384 βουλόμενος,
1659 1350 1718 1381 ἐνὸς
1733 1350 1790 1376 τῶν

1005 1393 1163 1419 ἐπισκόπων
1176 1393 1220 1419 τὸν
1233 1393 1375 1429 ἀντίχειρα
1386 1395 1534 1426 διακλάσας
1549 1392 1640 1430 παρίἶ)
1654 1396 1686 1422 τὰ
1697 1397 1789 1432 γράμ-

1007 1447 1078 1474 ματα
1088 1437 1131 1473 ἦν,
1141 1439 1209 1465 αὑτά
1217 1447 1246 1465 τε
1258 1439 1384 1473 ἀφείλετο
1394 1441 1427 1467 τὰ
1440 1441 1552 1474 πυκτία,
1562 1443 1608 1468 καί
1618 1451 1679 1468 τινα
1691 1443 1789 1478 σκεὺη,

1005 1485 1050 1511 καὶ
1072 1485 1120 1511 ὅσα
1141 1485 1173 1519 δὴ
1198 1485 1265 1520 πρδς
1287 1485 1388 1521 ὥνησιν
1409 1486 1462 1512 τῶν
1486 1487 1645 1520 ἐπιτηδείων
1667 1489 1792 1525 ἀργύρια

1005 1529 1083 1567 ἦσαν,
1102 1531 1151 1557 οὐκ
1169 1531 1222 1557 ἄπο
1247 1532 1295 1558 καὶ
1310 1532 1389 1558 τοῦτο
1407 1535 1528 1568 πονηρᾶς
1547 1534 1659 1569 γνώμης
1675 1535 1791 1570 διαπρα-

1006 1577 1121 1611 ξάμενος
1131 1598 1138 1610 ,
1155 1577 1198 1604 ἴνα
1211 1577 1265 1604 τῶν
1279 1578 1347 1612 προς
1362 1578 1458 1613 χρείαν
1473 1579 1571 1612 ἐνδεεῖς
1585 1582 1773 1614 καταστάντες
1783 1602 1790 1613 ,

1005 1623 1108 1658 πρᾶξαί
1121 1631 1146 1649 τι
1161 1623 1216 1649 τῶν
1231 1624 1467 1659 ἀπηγορευμένων
1480 1626 1692 1661 ἀναγκασθεῖεν.
1707 1627 1747 1662 Τῇ
1761 1628 1791 1654 δὲ

1005 1667 1134 1701 ὑστεραίᾳ
1150 1666 1224 1693 ἄλλοι
1236 1676 1264 1693 τε
1280 1668 1402 1694 πλεῖστοι
1418 1669 1557 1704 παρῆσαν,
1572 1671 1620 1697 εἶτ’
1631 1673 1662 1698 ἐκ
1676 1673 1725 1707 τῆς
1740 1673 1791 1708 βα.

1006 1713 1113 1744 σιλίδος,
1130 1713 1185 1739 εἴτε
1202 1714 1248 1740 καὶ
1260 1713 1326 1748 παρ’
1338 1715 1419 1741 αὑτοῦ
1435 1715 1466 1751 δὴ
1482 1716 1653 1751 πεμφθέντες
1667 1717 1714 1745 τοῦ
1731 1719 1790 1745 Ἀτ-

1004 1758 1081 1784 τικοῦ
1094 1767 1101 1773 '
1115 1758 1140 1785 οἳ
1154 1759 1201 1784 καὶ
1215 1759 1318 1792 ἠξίουν,
1334 1760 1498 1794 τρισχιλίους
1515 1761 1644 1792 λαϐόντας
1659 1761 1788 1796 χρυσοῦς,

1005 1803 1167 1838 κοινωνῆσαι
1184 1804 1234 1837 μὲν
1251 1804 1377 1839 Ἀττικῷ,
1393 1805 1443 1839 τῆς
1459 1805 1488 1831 δὲ
1505 1806 1629 1832 Ἰωάννου
1644 1806 1723 1842 δίκης
1738 1816 1790 1834 κα·

1006 1852 1168 1885 τιφρονείν·
1191 1851 1253 1882 τοὺς
1274 1851 1301 1878 δὲ
1323 1853 1439 1888 πάμπαν
1460 1854 1659 1890 ἀπαγορεῦσαι.
1683 1856 1788 1891 Συνέϐη

1005 1897 1094 1932 γάρτι
1111 1898 1158 1923 καὶ
1174 1897 1309 1932 θειότερον
1327 1896 1430 1934 εἶργον,
1450 1900 1522 1934 μάλα
1536 1901 1585 1936 τὴν
1603 1903 1713 1936 πρᾶξιν.
1732 1903 1790 1929 Ἑνὶ

1005 1941 1060 1976 γὰρ
1080 1941 1134 1967 τῶν
1156 1942 1289 1976 Αίμυλίου
1312 1943 1459 1976 διακόνων,
1485 1945 1583 1981 Παύλῳ
1603 1946 1651 1982 τὴν
1674 1947 1791 1981 κλῆσιν,

1007 1986 1125 2022 σώφρονι
1138 1987 1184 2013 καὶ
1200 1988 1300 2022 μετρίῳ
1314 1988 1400 2023 ἀνδρὶ,
1413 1990 1459 2016 τὸν
1473 1990 1543 2017 θεῖον
1557 1993 1703 2019 ἀπόστολον
1719 1993 1794 2020 Παῦ-

1005 2034 1050 2059 λον
1063 2035 1228 2068 ἐπιφανέντα
1240 2036 1327 2061 εἰπεῖν
1338 2035 1463 2070 λέγεται·
1480 2047 1489 2063 ι
1506 2038 1624 2064 Βλέπετε
1638 2040 1696 2071 πῶς
1711 2041 1795 2075 ἀκρι-

1005 2079 1061 2110 ϐῶς
1082 2081 1277 2114 περιπατεῖτε·
1295 2080 1322 2107 at
1342 2081 1443 2116 ἡμέραι
1463 2082 1518 2118 γὰρ
1539 2085 1673 2119 πονηραί·
1696 2094 1705 2110 t
1725 2085 1793 2117 ἴσως

1005 2125 1055 2160 τὴν
1069 2126 1262 2161 ὑπεσχημινην
1276 2127 1384 2163 ἀπάτην
1397 2128 1539 2163 ἐπέχοντα.
1554 2129 1599 2164 Μὴ
1612 2129 1661 2165 τὴν
1675 2130 1792 2166 εἰσηγη-

175 2175 296 2206 nomine,
312 2174 374 2200 viro
387 2177 463 2200 casto
474 2176 502 2200 et
519 2171 671 2204 moderato,
691 2171 783 2198 divum
794 2164 952 2206 Apostolum

1009 2180 1050 2198 σιν
1064 2172 1154 2199 τοίνυν
1170 2161 1387 2206 εἰσδεξαμένων,
1402 2161 1469 2200 ἀλλά
1485 2174 1535 2210 τὴν,
1549 2175 1577 2206 ὲς
1593 2161 1703 2211 Ψωμην

174 2221 289 2248 Paulum
300 2223 475 2255 apparentem
489 2218 591 2246 dixisse
606 2217 699 2245 ferunt
720 2225 727 2243 :
748 2226 758 2242 ‹
778 2217 875 2244 Videte
887 2224 953 2252 quo-

174 2267 255 2294 ntodo
275 2269 401 2293 accurate
417 2266 476 2300 (seu
491 2263 700 2297 circumspecte)
715 2262 871 2294 ambuletis,
895 2262 955 2289 dies

171 2312 246 2339 enim
262 2311 325 2339 mali
350 2314 431 2342 sunt;
451 2319 460 2335 t
491 2308 653 2344 promissam
674 2307 745 2335 forte
769 2307 893 2335 fraudem
915 2308 955 2335 sic

174 2357 352 2384 inhibentent.
387 2354 516 2382 Setlenitn
531 2361 594 2381 cum
621 2353 660 2380 illi
676 2354 886 2388 promissionem
905 2361 953 2380 seu

171 2403 355 2431 conditionem
370 2401 490 2429 oblatam
515 2408 570 2427 non
587 2399 752 2434 reciperent,
769 2400 818 2427 sed
834 2399 952 2426 reditum

174 2451 200 2476 in
224 2449 373 2476 ltontauam
393 2447 488 2473 urbem
506 2445 634 2480 precibus
650 2450 795 2480 peterent:
816 2444 953 2476 Valerius,

172 2494 218 2527 qui
243 2493 383 2528 egregium
402 2491 469 2517 illud
494 2490 544 2516 viri
567 2490 664 2524 optimi
685 2489 793 2516 facinus
815 2490 842 2516 in
855 2490 954 2524 pollice

175 2539 300 2573 pztifavil,
313 2538 347 2565 ad
363 2537 433 2564 male
444 2536 579 2570 agendum
592 2541 731 2566 strenuus,
746 2536 820 2570 putri
834 2535 952 2570 cuipiam

173 2590 196 2610 et
215 2588 347 2610 vetustate
366 2581 491 2616 squalido
511 2582 618 2616 navigio
641 2589 688 2608 eos
704 2581 876 2614 commissos,
893 2582 952 2608 exi-

175 2628 241 2652 tium
258 2627 296 2652 eis
312 2631 421 2653 struens
432 2625 570 2657 videlicet,
595 2626 708 2652 Romam
735 2627 836 2653 reverti
858 2626 951 2661 jussit.

174 2673 212 2698 ltli
229 2678 290 2697 cum
309 2680 416 2699 summo
437 2672 558 2706 periculo
584 2672 752 2705 navigantes.
773 2679 843 2706 aegre
873 2671 953 2698 Lant-

174 2723 284 2752 |,:;tcum
314 2719 487 2752 appulerunt.
514 2718 579 2744 Inde
609 2726 668 2743 tum
697 2723 810 2748 tnutata,
832 2723 950 2751 quatuor

173 2762 311 2792 mensibus
346 2765 446 2798 elapsis
482 2765 593 2791 Rdltlutll
634 2773 794 2799 pervenere,
829 2769 857 2791 et
882 2766 953 2799 apud

173 2809 358 2837 innocentium
386 2817 480 2842 papam
498 2810 634 2844 sigillatim
663 2818 723 2845 qua:
747 2812 786 2838 eis
812 2811 950 2843 accidere,

1007 2217 1156 2244 ϐολούντων
1169 2218 1309 2250 ἐπάνοδον,
1325 2218 1488 2254 Οὐαλλέριος
1502 2221 1515 2246 ό
1530 2220 1559 2246 τὸ
1574 2221 1622 2246 τοῦ
1638 2221 1793 2257 ἀντίχειρος

1006 2263 1216 2298 ἁριστούργημα
1234 2264 1493 2300 διαπεπραγμένος,
1511 2265 1597 2297 δεινὸς
1617 2265 1654 2292 ὣν
1671 2267 1719 2292 καὶ
1741 2276 1792 2294 κα-

1006 2311 1156 2345 κουργῆσαι
1168 2330 1176 2342 ,
1195 2309 1291 2345 σαπρῷ
1307 2318 1360 2337 τινι
1377 2309 1426 2336 καὶ
1441 2311 1610 2346 γεγηρακότι
1627 2311 1711 2347 πλοίῳ
1727 2312 1791 2339 τού-

1005 2363 1068 2386 τους
1083 2355 1243 2387 πιστεύσας,
1258 2355 1295 2388 ὼς
1311 2356 1344 2382 ἂν
1360 2356 1489 2390 πρόνοιαν
1504 2356 1643 2388 ἀπωλείας
1658 2365 1791 2392 πραγμα-

1005 2401 1152 2434 τευόμενος
1162 2420 1169 2432 ,
1185 2401 1253 2436 πρὸς
1267 2401 1317 2436 τὴν
1337 2401 1445 2436 Ῥώμην
1460 2402 1611 2436 ἀνάγεσθαι
1629 2403 1789 2438 παρηγγύα.

1006 2447 1060 2472 Καὶ
1075 2446 1107 2481 δὴ
1123 2446 1160 2481 τῷ
1175 2447 1235 2482 πλῴ
1249 2448 1277 2472 ὲν
1294 2447 1352 2482 χρῷ
1368 2447 1490 2473 κινδύνου
1508 2447 1584 2482 μόλις
1598 2449 1630 2482 τῇ
1647 2448 1790 2483 Λαμψάκῳ

1005 2493 1151 2527 προσσχεῖν
1160 2491 1308 2526 ἐξεγένετο.
1317 2493 1472 2519 Ἐκεῐθενδὲ
1480 2493 1509 2519 τὸ
1518 2493 1630 2519 ἀκάτιον
1639 2494 1790 2529 ἀμειψάμε-

1005 2546 1055 2569 νοι,
1080 2539 1218 2572 τεττάρων
1244 2539 1451 2574 παρῳχηκότων
1479 2539 1582 2573 μηνῶν,
1610 2539 1660 2574 τὴν
1679 2540 1789 2574 Ῥώμην

1006 2583 1154 2610 κατέλαϐον
1167 2591 1174 2597 ⁸
1191 2585 1238 2610 καὶ
1257 2583 1423 2620 ΔΙννοκεντίῳ
1438 2585 1477 2619 τῷ
1492 2585 1591 2621 πάππα
1607 2587 1789 2620 ἑμφανισθέν-

1004 2639 1060 2661 τες,
1076 2631 1146 2656 κατὰ
1165 2631 1247 2665 μέρος
1263 2631 1297 2657 τὰ
1314 2631 1489 2665 συμπεσόντα
1507 2632 1687 2667 ἀνήγγελλον,
1706 2633 1786 2668 μηδὲν

1005 2675 1116 2707 εἰδότες,
1140 2677 1167 2702 εί
1187 2685 1212 2702 τι
1238 2677 1270 2712 δὴ
1292 2679 1347 2708 τοῖς
1373 2678 1436 2711 περὶ
1463 2678 1600 2712 κυριακὸν
1622 2679 1765 2712 ἐπεγένετο
1779 2686 1786 2692 ·

1005 2723 1072 2748 ἀλλὰ
1088 2723 1155 2757 μηδὲ
1173 2724 1236 2757 περὶ
1250 2723 1375 2751 Ἰωάννου
1385 2744 1393 2757 ,
1409 2725 1423 2751 ὅ
1438 2732 1464 2751 τι
1478 2724 1511 2758 δὴ
1525 2725 1600 2759 αὐτῷ
1616 2725 1717 2760 συνέϐη
1735 2734 1787 2760 μα-

1005 2767 1061 2793 θεῖν
1079 2769 1278 2803 ἐξιαχὺσαντες.
1297 2770 1331 2795 'A
1349 2769 1381 2804 δὴ
1397 2771 1442 2796 τὸν
1459 2770 1564 2805 νωθρὸν
1578 2771 1720 2806 Ἀρκάδων
1735 2771 1787 2797 διε-

1005 2812 1125 2848 λάμϐανε
1141 2815 1227 2848 τέως,
1245 2815 1281 2848 ὡς
1300 2815 1415 2851 ὕστερον
1433 2817 1537 2851 ὑπῆρξε
1557 2816 1663 2850 μαθεῖν.
1679 2817 1739 2844 Ἐπὶ
1755 2816 1785 2851 δὴ
