1898 3054
125 115 192 146 1ιί39

728 116 750 145 Ν
758 117 764 145 I
771 117 933 147 CEPHORI
956 118 998 147 CA
1004 119 1061 147 LLI
1068 118 1128 147 STI

1671 118 1740 150 1040

123 172 218 198 scitote
243 178 297 197 non
324 179 436 205 parvum
462 171 487 198 id
506 171 583 198 vobis
615 177 752 206 peccatum
780 173 848 205 fore,
877 174 901 200 in

958 175 1006 208 μὲν
1023 175 1053 199 οὐ
1076 175 1173 209 μικρὸν
1192 173 1254 207 ὑμῖν
1272 173 1300 199 τὸ
1320 173 1471 209 ἁμάρτημα
1493 174 1637 208 γενήσεται
1659 175 1689 200 ὲν
1705 176 1740 209 τῇ

124 217 260 244 horrenda
286 217 331 244 illa
352 217 449 253 judicii
474 218 542 245 die:
567 227 626 246 eniti
656 219 792 246 nemiuem
821 220 903 254 hujus

122 262 185 288 vita:
213 262 302 288 honor
326 267 354 288 et
379 261 496 297 dignitas
519 262 648 297 adjuvare
673 263 784 297 poterit,
803 271 901 290 arcana

123 312 214 334 autem
229 313 254 335 et
269 308 360 335 abdita
376 308 500 334 cordium
512 309 562 334 sub
576 308 670 335 oculos
681 309 801 335 omnimn
815 309 903 335 ctl‘nn-

124 354 225 381 dentur
236 359 318 388 atque
333 354 545 381 exhibebuntur.
570 354 724 386 Arsacium,
751 363 833 389 quem
854 363 903 389 pro

124 408 222 434 magno
241 401 344 428 Joanne
369 400 396 427 in
415 400 543 427 thronum
570 401 754 435 episcopalem
772 401 903 435 produxi-

124 447 184 478 stis,
199 447 280 472 etiam
299 450 359 480 post
389 445 494 472 obitum
516 451 737 478 exauctoranius,
768 455 820 473 una
841 454 902 473 cum

123 491 251 518 omnibus
281 491 327 525 qui
365 491 491 518 consulto
518 498 579 518 cum
606 499 638 518 co
664 491 904 519 comnmnicarunt

123 536 275 570 episcopis,
292 535 371 570 cujus
389 536 472 563 etiam
490 543 589 563 nomen
607 545 686 563 sacro
709 537 902 572 episcoiiorum

98 597 100 600 τ
123 582 185 608 allio
202 590 255 608 non
281 581 458 609 inscribatur.
485 582 616 616 Indignus
640 582 713 610 enim
738 590 770 609 co
800 582 904 609 honore

122 633 175 659 est,
195 628 279 662 utqui
295 628 483 662 episcopatum
500 629 576 662 quasi
599 629 735 656 adulterio
763 628 902 663 polluerit.

121 673 216 700 Omnis
236 673 370 708 siquidem
392 674 533 708 plantatio,
553 682 613 708 qua:
626 682 640 700 a
660 673 739 701 Patre
759 679 853 701 nostro
876 673 902 700 in

121 719 198 746 cazlis
214 719 334 754 plantata
349 727 404 746 non
419 724 470 750 est.
495 719 679 746 eradicabitur
696 720 714 746 ‘.
741 720 781 746 Ad
811 719 903 746 Theo-

123 765 190 799 phili
215 765 423 799 abrogationcm
441 764 567 791 addimus
582 765 901 798 cxcommunicalionem,

122 810 381 837 anathematismum
408 815 438 838 et
465 811 617 838 absolutam
639 819 654 837 τι
690 810 903 838 Christianismo

121 856 326 883 alienationem.
343 866 352 881 ›
371 856 433 883 Haec
450 856 624 884 Innocentius
647 864 696 891 pro
721 857 825 884 Joanne
854 864 903 890 pu-

116 909 208 936 gnans
235 902 358 935 scripsit.
383 901 478 936 Neque
501 909 566 928 vero
594 903 675 929 etiam
701 902 833 934 Atticum,
855 902 901 936 qui

123 951 184 981 post
202 947 344 974 Arsacium
360 947 489 974 thronum
504 947 592 982 magni
610 947 682 974 illius
693 947 834 977 involaiit,
849 955 902 973 non

123 994 270 1021 accusavit.
293 990 394 1021 Verum
411 998 439 1020 ut
451 1001 482 1020 ea
499 1001 542 1021 res
572 994 723 1028 composita
739 998 832 1028 postea
856 993 902 1025 sit,

124 1040 240 1067 historia
251 1040 312 1067 Ioco
327 1047 378 1066 suo
396 1039 533 1067 ostendet.

386 1119 500 1147 CAPUT
534 1119 640 1147 XXXV.

124 1176 161 1202 De
172 1176 320 1202 incursione
334 1176 448 1211 gentium
460 1177 635 1204 barbararum
646 1178 672 1203 in
683 1178 748 1212 ﬁnes
761 1176 901 1208 Romanos,

157 1220 186 1237 eo
212 1217 327 1244 tempore
351 1212 442 1245 facta:
469 1212 535 1238 cide
562 1213 660 1238 exortis
687 1214 820 1246 tyrannis,
847 1213 903 1240 Sli-

157 1247 250 1277 licone,
271 1247 406 1278 Alaricho,
426 1247 525 1279 Attalo,
545 1247 628 1277 Suro,
645 1251 668 1272 ct
686 1248 746 1273 aliis
758 1256 767 1274 ς
786 1252 810 1273 et
826 1254 852 1274 ut
870 1249 902 1273 ub

156 1281 281 1317 ᾼίιιγιεΙιο
294 1280 376 1317 Roma
390 1282 422 1308 sit
435 1287 513 1316 capta
526 1290 534 1308 :
547 1289 571 1308 et
587 1282 618 1308 de
631 1282 752 1316 formast?
766 1283 902 1317 cujusdam

157 1315 283 1343 Ruman
299 1315 415 1342 mulieris
429 1318 562 1344 castitate.

159 1393 261 1421 Eadem
274 1398 446 1429 tempestate,
457 1394 537 1421 sicuti
555 1395 581 1421 in
612 1395 739 1422 omnibus
762 1395 905 1428 episcopo-

123 1448 181 1466 rmu
194 1440 411 1466 dissensionibus
425 1441 546 1474 reperire
563 1445 614 1472 est,
632 1448 674 1467 res
688 1440 770 1466 etiam
790 1439 904 1473 publica:

123 1487 287 1513 tumultibus
315 1490 379 1512 sunt
408 1487 527 1519 repletae.
551 1485 643 1511 llunui
663 1492 781 1519 namque
805 1484 902 1510 Istrum

123 1531 299 1566 transgressi,
341 1531 490 1558 Thraciam
523 1535 663 1558 vastantes
694 1534 901 1564 percurreruut,

123 1579 238 1605 Iluldam
264 1578 302 1612 (Ι)
330 1577 427 1604 ducem
450 1577 597 1604 habentes.
621 1577 654 1603 Et
678 1576 765 1604 Isauri
790 1575 902 1610 quidam

123 1624 263 1657 praedones
274 1630 405 1658 perquam
426 1622 486 1654 feri,
503 1623 604 1656 ingenti
619 1626 712 1648 coacta
728 1621 903 1649 multitudine

123 1669 291 1696 l’lneniciam
306 1675 389 1703 atque
409 1668 529 1699 Cariam,
544 1672 571 1694 et
598 1675 657 1702 quae
679 1668 706 1694 in
733 1667 822 1694 medio
845 1668 903 1694 sita:

122 1721 187 1742 sunt
214 1715 306 1746 urbes,
333 1713 543 1741 excursionibus
570 1714 754 1748 extremisque
778 1713 903 1741 cladibus

122 1765 264 1787 V'I'thl'lllll.
281 1760 378 1787 Slilico
390 1766 510 1794 quoque,
526 1758 638 1786 Ilonorii
663 1767 751 1791 socer,
767 1767 903 1794 opumque

121 1812 148 1833 et
173 1807 313 1841 copiarqu
343 1806 414 1833 illius
444 1806 566 1833 omnium
596 1806 670 1839 dux,
695 1806 737 1833 vir
767 1813 902 1838 summus,

123 1852 203 1879 sinml
230 1857 256 1879 et
281 1852 465 1879 Romanorum
490 1857 518 1879 et
542 1851 720 1879 barbarorum
754 1851 787 1878 ad
819 1858 903 1879 novas

125 1907 167 1924 res
200 1899 382 1933 spectantium
419 1898 511 1925 studia
539 1898 592 1925 sibi
621 1898 764 1925 conciliata
787 1898 901 1928 habens,

121 1952 183 1970 eum
214 1944 348 1978 prtei'ectis
373 1951 467 1971 eorum
496 1944 569 1978 egit,
599 1948 626 1970 et
654 1944 825 1971 committere
861 1943 903 1970 in-

124 1995 164 2017 ter
182 1998 210 2016 se
238 1989 422 2024 imperatores
449 1989 573 2015 tentavit.
596 1989 684 2022 Atque
698 1988 756 2018 ubi,
787 1994 817 2015 ut
839 1989 902 2015 Ala—

123 2035 199 2061 rirho
235 2034 399 2062 Gotthorum
438 2034 501 2061 duci
530 2034 717 2060 ducendarum
766 2034 905 2061 Romana-

122 2089 181 2107 rum
198 2080 338 2115 eopiarum
354 2079 475 2114 dignitas
497 2079 677 2112 tribueretur,
704 2079 835 2114 suﬂ'ragio
852 2087 901 2107 suo

119 2127 222 2159 elici-it,
255 2127 280 2153 in
302 2125 423 2161 Illyricos
449 2125 554 2152 movit:
572 2130 600 2152 et
622 2132 655 2152 eo
678 2125 786 2152 Jovium
805 2133 902 2160 quem-

955 220 1060 256 φοϐερᾷ
1071 221 1161 255 ἡμέρᾳ
1169 220 1217 254 τῆς
1228 220 1356 254 κρῑσεως,
1366 221 1426 246 οὔτε
1436 221 1466 246 οὐ
1474 221 1620 255 δυνήσεται
1630 220 1740 255 ἀξίωμα

957 266 1083 300 βιωτικόν
1098 275 1158 292 τινα
1173 266 1312 302 ὠφελῆσαι
1322 275 1329 282 ·
1346 266 1457 292 ἐκείνων
1472 266 1499 292 δὲ
1514 266 1550 292 τὰ
1565 267 1640 298 ἐντὸς
1657 267 1742 300 ἐκχυ-

955 312 1084 346 θήσονται
1103 312 1170 346 πρὸς
1189 313 1340 348 ὑπόδειγμα
1358 313 1477 340 πάντων.
1500 312 1646 347 ’Δρσάκιον
1663 313 1692 339 δὲ
1710 312 1741 338 ὃν

955 357 1117 392 είσηγάγετε
1139 358 1177 388 είς
1195 359 1239 385 τὸν
1258 359 1352 393 θρόνον
1369 359 1418 393 τῆς
1441 359 1591 392 ἐπισκοπῆς
1612 359 1672 384 ἀντὶ
1690 359 1740 384 τοῦ

956 403 1075 436 μεγάλου
1093 403 1231 435 Ἰωάννου,
1253 404 1299 430 καὶ
1323 404 1392 438 μετὰ
1413 404 1526 430 θάνατον
1549 403 1738 438 καθαιροίμεν

955 447 1003 473 σὺν
1020 449 1086 474 πᾶσι
1102 450 1156 479 τοῖς
1175 450 1426 484 συγκοινωνήσασιν
1443 449 1516 484 αὒτῷ
1533 449 1662 484 προθέσει
1679 451 1740 475 επι-

956 493 1067 524 σκόποις
1081 501 1088 508 θ
1104 490 1208 525 οὗτινος
1223 494 1290 529 μηδὲ
1305 494 1335 520 τὸ
1350 494 1435 529 ὄνομα
1448 495 1615 530 ὲγγραφήτω
1628 495 1684 525 τοῖς
1702 495 1740 520 ἱε-

956 540 1010 573 ροῖς
1024 539 1166 574 διπτύχοις
1177 548 1184 555 ¹
1200 540 1308 572 ἀνάξιος
1321 541 1374 574 γάρ
1388 541 1462 566 ἐστιν
1475 541 1512 571 ὡς
1528 540 1674 574 μοιχεύσας
1689 541 1738 574 τὴν

953 585 1107 621 ἐπισκοπὴν
1118 593 1125 600 ·
1142 586 1218 612 πᾶσα
1234 586 1287 621 γὰρ
1304 585 1402 620 φυτεία
1422 586 1459 620 μὴ
1478 586 1642 620 φυτευθεῖσα
1661 585 1740 620 παρὰ

953 631 1000 658 τοῦ
1019 631 1124 666 Πατρὺς
1142 632 1221 667 ἡμῶν
1240 632 1285 658 τοῦ
1303 633 1332 659 ὲν
1349 633 1487 668 οὐρανοῖς,
1507 631 1737 668 ἐκριζωθήσεται,

955 677 1161 712 Προστιθέμεθα
1185 680 1218 713 τῇ
1244 678 1403 712 καθαιρέσει
1427 679 1559 712 Θεοφίλου
1583 677 1740 713 ἀφορία-μὸν

954 723 1003 750 καὶ
1025 723 1258 758 ἀναθεματισμδν,
1279 726 1327 751 καὶ
1345 725 1450 751 τελείαν
1472 724 1649 759 ἀλλοτρίωσιν
1671 725 1742 759 Χρι-

954 768 1126 803 στιανισμοῦ.
1150 779 1159 796 ι
1182 769 1299 796 Τοιαῦτα
1323 770 1372 805 μὲν
1391 771 1405 796 ὁ
1423 770 1597 801 Ἰννοκὲντιος
1618 770 1740 804 ἔγραφεν

955 814 1026 848 ὑπὲρ
1044 814 1169 841 Ἰωάννου
1182 816 1382 850 διαμαχόμενος
1395 823 1403 831 ’
1418 816 1466 841 οὐκ
1479 815 1530 848 ἔξω
1545 816 1636 850 μέντοι
1649 815 1739 847 αἰτίας

955 861 1043 887 ἐποίει
1066 861 1115 888 καὶ
1134 862 1257 888 ’Δττικὸν
1281 861 1339 896 μετ’
1355 861 1501 896 ’Λρσάκιον
1523 862 1561 895 τῷ
1583 862 1670 896 θρόνῳ
1690 861 1738 887 τοῦ

957 907 1076 941 μεγάλου
1097 908 1348 943 ὲπεισπηδήσαντα.
1361 907 1433 934 Ἀλλ’
1447 908 1520 939 ὅπως
1540 907 1626 934 ταῦτα.
1648 908 1738 942 χρςνῳ

955 951 1068 985 ὕστερον
1084 951 1249 986 διαλέλυται,
1266 954 1281 988 ὴ
1300 953 1414 987 καθεξῆς
1431 953 1536 988 ἱστορία
1551 953 1676 988 δηλώσει.

1244 1124 1369 1152 ΚΕΦΑΛ.
1385 1124 1445 1151 ΛΕ’.

955 1183 1023 1216 Περὶ
1037 1183 1200 1217 ἐπιδρομῆς
1219 1183 1312 1210 ἐθνῶν
1332 1183 1496 1217 τηνικαῦτα
1513 1185 1715 1218 γεγενημένης
1730 1194 1736 1199 ·

989 1218 1037 1244 καὶ
1054 1218 1120 1252 περὶ
1136 1218 1196 1244 τῶν
1205 1219 1441 1246 ἐπαναστάντων
1453 1219 1615 1252 τυράννων,
1632 1221 1737 1246 Στελί-

990 1261 1097 1286 χωνος,
1117 1253 1309 1288 Ἀλλαριχου,
1321 1253 1472 1285 Ἀττάλου,
1487 1253 1597 1288 Σάρου,
1611 1256 1658 1281 καὶ
1675 1255 1736 1282 ἑτέ-

985 1295 1064 1324 ρων)
1081 1287 1130 1324 καὶ
1151 1288 1191 1324 ὡς
1214 1287 1293 1314 ἑάλω
1307 1287 1471 1324 Ἀλλᾳριξχῳ
1491 1289 1508 1321 ἡ
1529 1287 1640 1324 ⁷⁸1)ώμη
1656 1298 1662 1305 ·
1689 1291 1738 1316 καί

990 1323 1055 1383 ergo!
1073 1322 1128 1357 τῆς
1153 1321 1310 1356 σώφρονος
1324 1322 1358 1350 ἐν
1380 1323 1477 1357 Ῥώμῃ
1500 1321 1609 1357 ὡραίας
1634 1321 1739 1358 γυναι-

990 1366 1005 1383 κ
1027 1367 1052 1383 ιι.

989 1366 1052 1390 κος.

990 1404 1057 1438 Περὶ
1076 1403 1104 1430 δὲ
1122 1403 1217 1430 τοῦτον
1233 1403 1278 1430 τὸν
1295 1404 1406 1439 χρόνον,
1422 1405 1459 1436 ὡς
1482 1405 1584 1433 ἐπίπαν
1594 1406 1677 1433 ’ἔστιν
1693 1407 1738 1433 εὐ-

957 1451 1012 1483 ρεῖν
1028 1450 1086 1481 ταῖς
1103 1449 1157 1475 τῶν
1175 1449 1256 1484 ἱερῶν
1270 1451 1431 1484 διχονοίαις,
1449 1451 1496 1478 καὶ
1511 1452 1545 1478 τὰ
1563 1452 1640 1479 κοινὰ
1656 1453 1738 1487 θορύ-

917 1508 937 1534 C
955 1495 1010 1521 ϐων
1026 1495 1116 1530 πλήρη
1133 1496 1313 1531 γεγενημένα.
1330 1495 1424 1523 Οὖννοι
1442 1497 1491 1532 μὲν
1506 1498 1560 1533 γὰρ
1573 1498 1619 1524 τὸν
1633 1498 1738 1533 Ἴστρον

954 1540 1213 1574 διαπεραιωθέντες,
1235 1542 1284 1574 τὴν
1307 1541 1418 1577 Θρᾴκην
1438 1543 1565 1578 δῃοῦντες
1587 1544 1737 1574 κατέθεον,

954 1585 1106 1620 ἡγούμενον
1123 1585 1226 1620 omni;
1243 1585 1359 1620 ἔχοντες.
1376 1586 1494 1621 Ἰσαυροὶ
1510 1588 1538 1613 δὲ
1555 1587 1651 1623 λῃσταί
1666 1596 1737 1618 τινες

955 1631 1096 1666 θηριώδεις
1110 1631 1138 1662 ὲς
1154 1631 1220 1658 πολύ
1236 1640 1262 1657 τι
1277 1631 1380 1666 πλῆθος
1395 1632 1596 1668 ἁθροισθέντες,
1611 1634 1737 1669 Φοινίκην

953 1685 982 1702 τε
1001 1677 1047 1702 καὶ
1064 1677 1170 1712 Καρίαν
1186 1678 1234 1703 καὶ
1249 1677 1299 1709 τὰς
1316 1679 1345 1704 ἐν
1363 1678 1439 1713 μέσῳ
1455 1678 1558 1705 τούτων
1570 1679 1660 1710 πόλεις
1672 1688 1737 1706 κατ-

956 1722 1083 1757 έδραμον,
1105 1722 1324 1758 κακουργοῦντες
1344 1723 1378 1750 τὰ
1396 1724 1509 1759 ἔσχατα.
1529 1725 1582 1752 Καὶ
1604 1725 1736 1760 Στελίχων
1752 1731 1761 1738 ⁸

960 1768 1090 1803 ὐνωρίου
1104 1768 1154 1803 μὲν
1167 1769 1310 1804 κηδεστὴς,
1323 1770 1353 1796 οὐ
1369 1771 1421 1805 μὴν
1432 1769 1455 1796 δ’
1467 1770 1534 1797 ἀλλὰ
1547 1772 1592 1797 καὶ
1604 1771 1654 1806 τῆς
1666 1766 1737 1797 {xei-

953 1822 998 1839 νου
1021 1814 1110 1849 πάσης
1131 1814 1273 1849 δυνάμεως
1293 1815 1487 1850 ἐξηγούμενος,
1505 1816 1575 1851 ἀνὴρ
1596 1816 1736 1851 διαφερόν-

953 1868 1006 1890 τως
1026 1859 1112 1895 μέγας
1129 1860 1284 1895 γενόμενος,
1301 1861 1333 1887 τὸ
1349 1862 1425 1895 παρὰ
1441 1861 1588 1896 Ῥωμαίοις
1604 1862 1652 1888 καὶ
1670 1862 1737 1896 βαρ-

954 1905 1049 1940 ϐάροις
1070 1905 1229 1940 νεωτερίζον
1249 1905 1318 1940 ἔχων
1337 1907 1507 1941 πειθόμενον,
1527 1908 1584 1938 τοῖς
1606 1907 1736 1942 ἄρχουσιν

953 1951 1066 1977 ἐκείνων
1083 1951 1122 1982 είς
1142 1950 1238 1987 λόγους
1258 1951 1361 1985 ἐλθὼν,
1381 1948 1545 1987 συγκρούειν
1564 1952 1631 1986 πρὸς
1652 1953 1736 1978 ἑαυτά

953 1996 986 2022 τὰ
1012 1996 1134 2030 βασίλεια
1161 1998 1260 2031 πεῖραν
1286 1997 1445 2033 προσῆγεν·
1465 1998 1616 2033 ’Δλλαρίχφ
1642 2006 1672 2024 τε
1698 1999 1736 2032 τῷ

953 2043 1097 2078 ἡγουμένῳ
1121 2043 1176 2069 τῶν
1200 2042 1305 2069 Γότθων
1332 2043 1462 2078 πρόξενος
1491 2045 1646 2076 καταστὰς,
1670 2044 1737 2070 Ῥω-

954 2088 1042 2122 μαίων
1071 2088 1240 2122 στρατηγίας
1268 2089 1379 2123 ἀξίωμα
1406 2089 1580 2124 περιθεῖναι,
1597 2089 1734 2124 Ἰλλυριοῖς

953 2133 1150 2168 ἐπανέστησεν,
1166 2133 1262 2160 Ἰόὸιόν
1278 2142 1340 2161 τινα
1357 2134 1479 2170 ὕπαρχον
1497 2135 1613 2166 ἐκείνοις
1631 2144 1734 2170 προκα-

121 2174 183 2198 dam
215 2171 363 2206 pra-misit,
398 2178 426 2198 re
457 2171 493 2198 ita
528 2171 698 2206 composita,
730 2177 760 2199 ut
792 2177 819 2199 ct
844 2172 901 2207 ipse

958 2179 1108 2212 ταστήσας,
1128 2178 1291 2214 συνθέμενος
1309 2181 1379 2215 μετὰ
1394 2181 1449 2207 τῶν
1466 2181 1610 2216 Ῥωμαίων
1628 2183 1733 2216 συμϐα-

121 2225 183 2243 cum
213 2217 344 2244 Romanis
374 2217 482 2244 Arcadii
521 2217 637 2244 ducibus
665 2217 899 2252 congrederetur,

121 2264 200 2299 421
219 2268 246 2290 et
262 2263 383 2297 regionis
399 2262 482 2290 etiam
501 2262 560 2297 ejus
579 2263 694 2297 populos
712 2263 826 2290 Ilonorii
850 2264 901 2290 im-

121 2312 198 2346 perio
227 2310 386 2344 subjiceret.
415 2309 563 2336 Alarichus
590 2314 682 2336 autem
707 2309 828 2336 exercitu
867 2317 899 2336 ex

120 2356 251 2384 Dalmatia
276 2361 302 2383 et
325 2356 474 2386 Pannonia,
497 2359 568 2382 terra
584 2355 710 2387 barbara,
725 2360 854 2389 suscupto
872 2356 899 2382 in

120 2403 332 2429 mediterraneas
353 2404 428 2428 venit
445 2401 502 2436 (:2),
536 2401 696 2436 Graeciaque
725 2406 754 2428 et
782 2401 899 2429 Athenis

119 2449 216 2484 captis,
236 2449 353 2475 vicinam
369 2455 480 2482 quoque
498 2447 659 2474 Dalmatiam
677 2448 803 2474 vaSIavit.
817 2447 902 2474 Dein-

120 2497 154 2521 de
184 2495 321 2530 Illyricum
357 2495 518 2529 ingressus,
548 2499 631 2529 atque
669 2494 827 2528 aliquandiu
861 2494 899 2521 ibi

119 2547 251 2573 moratus,
270 2550 318 2576 per
344 2542 424 2576 Alpes
453 2542 480 2568 in
511 2541 615 2569 Italiam
641 2542 733 2574 rediit,
767 2541 899 2569 Stilieonc

121 2587 259 2620 angustias
302 2595 396 2614 carum
431 2588 507 2614 illum
543 2588 662 2614 transire
697 2588 898 2622 permittente,

122 2638 215 2666 utpote
243 2632 290 2667 qui
313 2633 426 2660 insidias
451 2634 611 2668 imperatori
635 2639 768 2660 strueret.
798 2634 895 2660 Postea

120 2678 265 2705 Alariehus
280 2673 340 2704 eum
360 2679 422 2707 imle
439 2680 573 2714 proﬁcisci
590 2680 679 2712 vellet,
697 2680 808 2707 llouorii
824 2680 898 2708 litte—

159 2749 167 2762 ¹
189 2748 356 2779 Matth.xm,
378 2749 419 2775 I5.

155 2837 193 2870 (ι)
210 2837 250 2862 Al.
268 2835 366 2863 Iluidiu
380 2843 486 2865 iocant.

954 2223 1008 2250 λεῑν
1026 2224 1205 2258 στρατηγῶν,
1225 2224 1294 2252 ὥστε
1315 2226 1363 2253 καὶ
1379 2227 1442 2258 τοὺς
1463 2227 1514 2253 ἀνὰ
1530 2227 1587 2253 τόδε
1604 2228 1634 2254 τὺ
1652 2228 1733 2262 κλίμα

953 2271 1090 2305 ὑπηκόους
1108 2271 1230 2307 ὐνωρίῳ
1247 2272 1380 2306 ὑποτάξαι
1395 2274 1476 2307 δῆθεν
1492 2273 1530 2308 τῷ
1548 2274 1662 2308 βασιλεῖ.
1677 2274 1735 2300 Ἀλ-

953 2317 1064 2351 λάριχος
1078 2317 1107 2344 δὲ
1123 2317 1289 2352 παραλαϐὼν
1303 2320 1349 2345 τὸν
1365 2319 1479 2354 στρατὸν
1489 2339 1497 2352 ,
1514 2320 1568 2345 ἀπό
1584 2327 1612 2346 τε
1627 2320 1733 2354 Δαλμα-

952 2363 1011 2393 τίας
1028 2364 1076 2389 καὶ
1093 2363 1240 2394 Παννονίας
1259 2364 1398 2400 βαρϐάρου
1416 2364 1468 2399 γῆς
1485 2366 1524 2396 εἰς
1541 2365 1590 2396 τὰς
1605 2366 1734 2400 ἠπείρους

953 2409 1070 2441 ἐγένετο.
1093 2409 1206 2437 Ἐλλάδα
1230 2411 1259 2437 δὲ
1286 2411 1333 2437 καὶ
1349 2411 1465 2445 Ἀθήνας
1491 2411 1576 2444 ἑλὼν,
1603 2413 1649 2438 καὶ
1674 2412 1734 2443 τοὺς

953 2457 1096 2491 προσεχεῖς
1113 2456 1256 2491 Δαλμάτας
1273 2457 1408 2491 ληῖζεται.
1423 2457 1562 2484 Ἐπελθὼν
1577 2458 1606 2483 δὲ
1622 2459 1672 2492 τὴν
1685 2457 1734 2483 Ὶλ-

953 2500 1066 2535 λυρίδα,
1082 2503 1129 2528 καὶ
1149 2502 1240 2528 ίκανὺν
1258 2504 1353 2537 χρόνον
1368 2504 1424 2534 τοῖς
1441 2505 1499 2530 ἐκεῖ
1515 2503 1677 2538 διατρίψας,
1693 2504 1734 2530 δια

953 2546 1006 2572 τῶν
1022 2547 1145 2574 Ἄλπεων
1161 2549 1200 2579 εἰς
1215 2547 1264 2583 τὴν
1277 2549 1391 2575 Ἰταλίαν
1406 2549 1556 2582 ἐπάνεισιν,
1572 2550 1734 2583 Στελίχωνος

953 2592 1027 2626 αὐτῷ
1044 2593 1092 2624 τὰς
1110 2593 1196 2625 πύλας
1215 2593 1323 2625 ἀνέντος
1339 2594 1394 2621 τῶν
1409 2594 1552 2625 Ἄλπεων,
1571 2594 1612 2621 ἆτ’
1627 2594 1734 2621 ἐπιδου-

952 2633 1000 2668 ὶξὰς
1017 2639 1222 2674 παλαμωμένου
1237 2640 1276 2675 τῷ
1292 2640 1406 2674 βασιλεῖ.
1423 2637 1478 2667 Εἶτ’
1492 2639 1595 2667 ἐκεῖθεν
1608 2641 1734 2676 ἐκδημεῖν

952 2683 1072 2718 μέλλων,
1090 2687 1249 2721 γράμμασιν
1266 2686 1397 2721 Ὀνωρίου
1413 2687 1460 2721 τῆς
1475 2687 1522 2713 ἐπὶ
1536 2687 1566 2713 τὸ
1581 2688 1674 2721 πρόσω
1695 2696 1734 2714 -τ.ο‹

984 2841 1020 2876 (:1)
1038 2841 1091 2870 lloe
1106 2843 1212 2870 Sozam.
1231 2851 1283 2870 non
1299 2843 1379 2871 habet
1396 2843 1442 2870 lib.
1459 2851 1495 2877 ix,
1513 2852 1571 2878 σοι).
1589 2844 1615 2872 4.
