1898 3054
212 157 279 188 1051

817 161 1025 193 NlCEl‘llORI
1045 161 1216 194 CALLISTI

1766 161 1839 193 1052

206 214 310 240 mullos
323 213 435 248 quidem
451 222 530 249 pane,
546 215 678 248 plurimos
695 224 760 242 vero
775 217 870 244 divino
891 218 986 250 verba,

1054 218 1154 249 mnos;
1171 217 1222 252 μὲν
1239 217 1324 252 ἄρτῳ,
1340 216 1482 246 πλείστους
1505 215 1534 242 δὲ
1551 215 1598 242 καὶ
1612 216 1650 251 τῷ
1670 216 1735 251 θείῳ
1759 216 1838 251 λόγῳ

205 260 280 294 quod
305 267 369 287 vere
384 260 468 288 corda
492 261 648 294 conﬁrmat,
673 267 701 289 et
724 267 832 290 utentes
853 263 986 296 illustrat,

206 305 293 338 pavit.
309 305 467 332 Permultos
483 313 548 332 vero
572 305 653 332 etiam
672 306 752 334 utiles
768 312 849 341 atque
863 315 990 335 necessa-

208 350 266 378 rios
279 350 365 378 libros
379 350 544 385 composuit.
560 350 646 378 Nulla:
661 352 735 378 enim
749 360 810 387 qua:
823 353 847 380 ei
863 353 990 381 accidere

206 405 339 424 aerumna:
359 397 481 432 linguam
501 397 572 432 ejus,
591 397 716 425 fluminis
739 398 825 425 instar
847 399 989 431 fluentem.

208 443 336 470 cohibere
348 446 510 477 potuerunt.
527 443 565 469 De
586 442 719 477 patientia
735 452 846 478 quoque
866 450 894 472 et
908 445 942 473 de
957 453 991 473 eo

208 488 281 522 quod
297 495 351 514 non
373 488 463 515 solum
489 496 539 515 nos
559 489 593 515 ad
609 489 764 516 socordiam
781 497 836 517 non
851 490 928 523 dare,
945 499 992 518 ve-

208 542 268 560 rum
296 534 378 560 etiam
402 533 437 561 ob
459 542 504 561 res
526 534 667 566 adversas,
683 543 744 569 qua:
765 535 905 570 accidunt,
935 544 990 563 non

204 579 310 606 oﬂ‘endi
335 579 497 617 debeamus,
521 587 576 607 non
600 588 685 615 pauca
706 581 883 616 conscripsit.
902 582 993 609 Pluri-

208 633 267 652 mas
280 625 364 652 etiam
383 630 439 652 lum
461 626 494 653 ad
518 633 640 653 sanctam
656 626 846 662 Olympiadem
860 627 992 662 epistolas

204 672 293 699 dedit.
312 670 452 699 Universae
468 672 510 699 hae
523 672 682 707 quindecim
697 677 771 704 sunt,
786 673 930 700 mirificam
944 682 992 709 pa-

209 717 311 743 tientia.-
338 719 454 752 gratiam
480 718 708 753 complectentes.
733 719 761 746 ln
784 719 886 754 quibus
903 720 992 747 solum

207 770 351 796 peccatum
369 771 430 790 esse
446 764 495 798 (l),
510 764 543 791 ad
560 764 633 798 quod
649 764 846 793 exhorrescere
862 773 910 794 nos
925 774 993 793 con‘

178 843 181 845 Δ
206 808 314 839 veniat,
329 809 406 836 dicit.
423 809 573 837 IErumnas
587 813 670 838 etiam
685 819 754 845 quas
771 812 798 838 in
816 812 916 840 itinere
930 821 993 848 per-

210 854 291 885 tulit,
316 855 344 880 in
368 855 409 882 eis
432 861 652 883 commemorat:
680 857 763 892 428
786 862 814 885 et
841 863 870 886 ut
891 867 951 886 eam
976 868 990 888 a

210 898 406 934 desperatione
431 906 600 934 revocatam,
623 902 656 929 ad
680 891 757 937 spem
781 903 880 932 bonam
906 905 990 933 futuri
1008 891 1029 919 Β

211 952 378 975 congressus
402 947 523 973 erexerit
544 956 551 974 :
575 952 659 983 atque
675 953 705 976 ut
724 949 850 978 fervente
877 952 994 980 maxime

211 994 308 1018 aestate
327 991 379 1017 iter
393 991 508 1024 faciens,
528 1000 590 1020 cum
606 995 849 1024 vehementissima
872 997 942 1025 febri
959 999 995 1026 sit

211 1036 388 1067 colluctatus,
402 1037 512 1065 scribit.
526 1039 621 1066 Refert
634 1040 746 1075 insuper
760 1042 895 1070 stomachi
910 1043 995 1078 ipsius

213 1082 278 1109 vilia
293 1091 299 1109 :
317 1088 343 1109 et
357 1083 525 1118 improbum,
542 1086 590 1120 qui
606 1086 694 1113 virum
706 1088 811 1122 justum
824 1088 852 1115 in
868 1089 993 1117 exsilium

211 1127 337 1160 abduxit,
348 1128 470 1155 Galatam
488 1139 494 1157 :
514 1138 621 1158 necnon
634 1131 851 1160 dirersoriornm
866 1135 995 1162 mansio—

213 1182 334 1209 numque
361 1176 627 1210 incommoditatem,
643 1179 832 1207 ministrorum
859 1181 992 1215 inopiam,

213 1227 304 1246 rerum
321 1222 540 1249 necessariarum
559 1225 714 1258 penuriam,
729 1225 794 1252 item
818 1226 892 1261 quod
910 1227 995 1254 medi-

211 1271 273 1291 cum
304 1273 358 1292 non
393 1266 534 1300 habuerit,
568 1273 596 1296 et
625 1269 660 1296 de
692 1270 850 1298 Isaurorum
875 1276 994 1300 terrore.

210 1310 444 1342 Quemadmodum
467 1314 549 1340 etiam
569 1316 694 1342 monachi
711 1316 761 1349 (ἢ),
786 1317 919 1345 adversus
931 1326 995 1345 eum

210 1355 347 1390 furentes,
363 1357 534 1386 domicilium
553 1361 612 1394 ejus
627 1361 774 1389 incendere
789 1363 950 1391 voluerint:
967 1367 996 1391 et

212 1403 352 1436 quomodo
369 1404 453 1430 rebus
468 1405 528 1440 ejus
553 1405 580 1432 in
599 1406 700 1433 itinere
726 1407 915 1442 comploratis,
939 1416 994 1436 non

211 1447 302 1473 solum
326 1447 377 1482 ipsi
394 1449 454 1483 ejus
471 1449 576 1476 miserti
594 1458 647 1477 non
671 1451 738 1482 sint,
756 1452 803 1478 sed
818 1452 900 1479 etiam
915 1454 997 1481 misc—

213 1492 361 1519 ricordiam
390 1494 518 1526 aliorum,
547 1499 671 1526 extrema
699 1497 791 1524 omnia
816 1498 995 1532 comminati,

209 1537 402 1572 impedierint.
419 1539 456 1566 De
481 1540 524 1566 via
550 1541 669 1576 denique
683 1542 821 1576 queritur,
839 1548 934 1578 utpote
951 1552 995 1572 ar-
1008 1558 1032 1590 ϐ

214 1583 278 1615 dua,
296 1583 431 1618 lapidosa,
450 1585 554 1612 diﬂicili
582 1592 610 1613 ct
628 1587 764 1615 molesta:
779 1597 861 1623 quam
882 1590 917 1617 ob
931 1597 995 1617 cau-

214 1636 270 1654 sam
289 1629 396 1656 beatum
412 1630 486 1657 illam
500 1631 631 1658 letninam
647 1637 736 1668 rogat,
759 1639 787 1661 ut
808 1635 853 1662 illa
869 1641 949 1664 curet
961 1644 996 1664 ne

213 1675 322 1710 longior
341 1676 401 1710 ejus
427 1676 473 1703 flat
496 1677 644 1712 profectio,
672 1681 810 1708 sexcentis
834 1682 939 1710 exsiliis
957 1683 998 1710 la-

215 1722 308 1748 borem
323 1721 431 1750 itineris
448 1723 566 1751 faciendi
580 1725 732 1759 graviorem
745 1727 798 1754 sibi
814 1735 874 1756 esse
889 1729 996 1758 dicens.

215 1767 278 1794 Haec
291 1768 382 1794 omnia
411 1774 493 1803 atque
506 1770 558 1797 alia
575 1771 652 1798 hisce
666 1772 765 1799 similia
793 1774 917 1808 epistola:
937 1775 997 1803 ista:

213 1817 242 1838 et
265 1813 325 1840 alia:
352 1819 485 1848 pru‘tcrea
508 1816 541 1842 ad
566 1817 726 1852 episcopum
753 1818 899 1854 Cyriaeum
925 1820 997 1848 datae

212 1857 447 1892 eoinplectnntur.
472 1860 559 1888 Porro
585 1869 646 1888 cum
673 1863 699 1890 ei
725 1863 895 1898 adversarii,
919 1867 993 1901 quod

210 1903 313 1930 Cucusi
337 1909 471 1938 maneret,
495 1907 661 1940 inviderent,
683 1909 844 1937 Arabissum
860 1912 996 1941 abductus

213 1953 265 1975 est.
280 1949 444 1978 Ductoribus
455 1952 528 1978 enim
541 1953 600 1988 ejus
616 1953 668 1981 hoc
681 1955 774 1982 studio
790 1956 853 1988 fuit,
863 1963 893 1984 ut
907 1962 996 1986 trans-

212 1994 301 2021 itione
331 1995 468 2030 frequenti
496 1997 678 2026 labefactatus
719 2000 765 2028 ille
789 2001 872 2028 vitam
895 2004 995 2031 misere

207 2042 316 2069 ﬁniret.
331 2043 459 2070 Sedenim
474 2052 528 2079 quo
546 2045 672 2079 pluribus
686 2047 812 2083 objectus
842 2055 883 2076 est
896 2058 996 2077 aerum-

209 2088 268 2119 ‘nis,
283 2096 316 2115 eo
332 2089 443 2116 casibus
456 2091 584 2118 omnibus
600 2097 712 2127 propter
725 2094 887 2122 sanctiorem
902 2096 993 2130 philo-

214 2134 342 2167 sophiam
370 2135 499 2169 superior
523 2135 585 2168 fuit,
610 2138 836 2174 splendidiusque
864 2141 993 2169 refulsit':

211 2179 449 2212 quemadmodum
476 2181 502 2208 in
528 2181 590 2216 igne
606 2182 728 2216 ﬂamma,
747 2184 769 2211 si
791 2186 933 2213 materiam
950 2193 995 2213 cu-

1041 263 1176 297 διέτρεφε,
1209 262 1249 297 τῷ
1277 262 1315 294 ὡς
1341 262 1451 296 ἀληθῶς
1474 261 1590 297 καρδίαν
1611 261 1753 296 στηρίζειν
1787 263 1838 289 καὶ

1041 309 1169 342 φωτίζειν
1188 309 1268 334 εἰδότι
1282 307 1403 334 διάνοιαν
1420 315 1428 322 ·
1448 307 1564 339 πολλοὺς
1578 307 1607 334 δὲ
1629 308 1677 334 καὶ
1691 307 1749 334 τῶν
1765 307 1838 334 ἁνα-

1040 352 1126 379 καίων
1142 352 1238 386 λόγους
1253 352 1411 392 συνέταξεν.
1427 351 1497 377 Οὐδὲ
1515 351 1569 386 γάρ
1583 360 1610 378 τι
1631 351 1685 377 τῶν
1706 351 1837 385 ἐπισυμ-

1042 396 1189 423 ϐαινόντων
1217 396 1312 423 δεινῶν
1338 396 1461 430 ιπισχεϊν
1488 396 1536 431 τὴν
1572 396 1696 430 γλῶτταν
1723 397 1837 422 ἐκείνου

1041 442 1158 475 ἠδύνατο
1177 442 1223 469 ίσα
1240 442 1287 468 καὶ
1305 442 1439 474 ποταμοῖς
1464 441 1588 476 ῥέουσαν.
1604 441 1658 468 Καὶ
1683 442 1748 476 περὶ
1765 441 1838 467 ὐπο-

1045 487 1129 521 μονῆς
1150 487 1200 513 οὐκ
1226 487 1335 520 ὀλίγους
1365 483 1492 513 συνέθετο
1512 495 1519 502 ·
1537 486 1585 513 καὶ
1607 485 1653 512 τοῦ
1685 486 1724 521 μὴ
1750 487 1838 521 μόνον

1042 533 1142 567 χρῆναι
1169 533 1312 568 ῥᾳθυμεῖν,
1344 532 1412 559 ἀλλά
1440 531 1509 568 μηδὲ
1538 531 1765 564 σκανδαλίζεσθαι
1788 532 1838 557 ἐπὶ

1043 578 1100 608 τοῖς
1126 578 1328 612 προσπίπτουσι
1345 577 1400 604 τῶν
1424 577 1555 612 ἀνιαρῶν.
1585 578 1619 603 Αἱ
1648 578 1780 604 πλεῖσται
1807 577 1837 602 δὲ

1044 622 1118 656 αὑτῷ
1142 623 1191 650 καὶ
1222 623 1277 649 τῶν
1304 624 1372 659 πρὸς
1401 623 1452 658 τὴν
1483 622 1655 657 Ὀλυμπιάδα
1680 621 1837 649 ἐπιστολῶν

1044 668 1197 703 τηνικαῦτα
1226 669 1420 695 συντάττονται
1445 669 1495 703 τὴν
1516 669 1604 695 ὁσίαν.
1630 668 1836 694 Πεντεκαίδεκα

1043 714 1071 740 δέ
1089 716 1158 742 εἰσιν
1173 715 1200 741 αι
1212 715 1309 747 πᾶσαι,
1321 714 1450 749 ὑπερφυῆ
1462 714 1541 749 χάριν
1555 714 1687 748 ἐπιμονῆς
1701 713 1817 748 ἔχουσαι
1827 721 1834 727 ·

1044 760 1110 787 ὅπου
1126 760 1159 795 δὴ
1177 761 1296 796 φοϐερὰν
1309 761 1390 796 μόνον
1408 757 1479 787 εἶναι
1497 760 1548 796 τὴν
1569 759 1709 794 ἁμαρτίαν
1737 759 1834 793 φησιν.

1051 806 1095 832 Ἔν
1110 804 1154 838 αἷς
1166 806 1277 840 διέξεισι
1294 807 1342 834 καὶ
1366 808 1432 842 περὶ
1456 807 1512 834 τῶν
1537 805 1733 841 συμπεσόντων
1760 803 1836 838 αὐτῷ

1046 851 1155 877 ὲνοδίων
1169 851 1288 887 ἀνιαρῶν
1306 860 1313 868 ·
1331 852 1379 878 καὶ
1394 852 1432 882 ὼς
1447 850 1608 886 ἀθυμοῦσαν
1624 849 1835 884 ἀνακτώμενος,

1043 897 1093 922 οὐκ
1103 895 1265 923 ἀνέλπιστον
1282 897 1331 932 τὴν
1365 897 1504 923 είσέπειτα
1530 895 1657 931 ιντυχίαν
1687 895 1835 921 ποιεῖται·

1044 941 1090 968 καὶ
1106 941 1143 972 ὡς
1157 941 1233 977 ἀκμῇ
1249 941 1347 977 θέρους
1364 942 1412 976 τὴν
1429 941 1488 968 ὁδὸν
1505 941 1606 973 ἀνύων,
1619 940 1732 976 πυρετῷ
1749 947 1838 975 προσ-

1044 987 1175 1014 επάλαισε
1194 987 1299 1023 λάϐρῳ.
1319 987 1402 1014 Ἀλλά
1424 987 1456 1022 δὴ
1479 987 1527 1014 καὶ
1549 987 1581 1013 ὲκ
1615 985 1662 1012 τοῦ
1694 985 1837 1020 στομάχου

1045 1033 1128 1067 κακὰ,
1147 1035 1195 1061 καὶ
1217 1034 1231 1060 ὁ
1249 1027 1368 1069 πονηρὸς
1387 1033 1511 1068 Γαλάτης
1541 1033 1617 1067 ἀγων
1645 1032 1691 1059 τὸν
1717 1032 1837 1063 δίκαιον,

1044 1081 1093 1107 καὶ
1110 1080 1143 1107 τὰ
1160 1081 1190 1108 ὲν
1209 1081 1269 1112 ταῖς
1283 1081 1460 1114 καταγωγαῖς
1480 1079 1602 1115 λυπηρὰ,
1625 1078 1680 1105 τῶν
1701 1078 1837 1114 θεραπόν-

1044 1135 1098 1153 των
1117 1128 1133 1162 ἡ
1150 1128 1262 1163 ἐρημία,
1291 1127 1346 1153 τῶν
1379 1126 1541 1161 ἐπιτηδείων
1561 1127 1578 1160 ἡ
1602 1125 1716 1161 ἀπορία,
1732 1125 1764 1151 τὸ
1799 1124 1837 1159 μὴ

1045 1173 1173 1207 εὐπορεῖν
1202 1171 1308 1208 ῑατροῦ,
1332 1173 1346 1198 ὁ
1369 1171 1522 1208 Ἰσαυρικὸς
1553 1171 1634 1205 φόϐος
1651 1180 1660 1187 ο
1688 1170 1729 1197 ἔτι
1752 1170 1780 1197 δὲ
1811 1171 1836 1196 οι

1044 1220 1224 1252 ὲπιμανέντες
1254 1218 1327 1254 αὺτῷ
1363 1219 1477 1254 μοναχοὶ
1504 1219 1659 1253 ἐμπρήσειν
1682 1216 1760 1252 αὒτῷ
1785 1217 1836 1251 τὴν

1045 1264 1134 1290 οἰκίαν
1167 1264 1351 1299 βουλόμενοι·
1380 1265 1456 1295 ὅπως
1489 1272 1518 1290 τε
1549 1263 1782 1298 ἀπαγορεύσαντα
1808 1264 1837 1288 ὲν

1044 1311 1106 1346 ὁδῷ.
1117 1311 1147 1338 οὐ
1163 1312 1244 1345 μόνον
1255 1311 1335 1337 αὐτὸν
1350 1311 1442 1342 ἐλέους
1455 1311 1560 1349 ῂξίουν,
1575 1311 1643 1337 ἀλλά
1669 1311 1719 1337 καὶ
1736 1310 1835 1341 ἄλλους

1047 1357 1224 1392 βουλομένους
1238 1354 1341 1392 εἶργον,
1355 1357 1388 1383 τά
1399 1356 1501 1392 ἔσχατα
1516 1357 1625 1384 πάντων
1640 1356 1836 1391 διαπειλούμε-

1047 1412 1096 1431 νοι.
1113 1403 1154 1430 Τὰ
1169 1403 1197 1430 δὲ
1212 1403 1262 1438 τῆς
1290 1403 1362 1436 ὁδοῦ,
1376 1403 1413 1434 ὡς
1436 1402 1565 1438 ἀνάντης,
1582 1401 1619 1433 ὡς
1645 1401 1777 1437 λιθώδης,
1798 1403 1836 1432 ὡς

1046 1449 1179 1484 δυσχερής
1204 1458 1234 1475 τε
1254 1450 1299 1475 καὶ
1317 1449 1440 1484 χαλεπή”
1458 1449 1522 1484 περὶ
1542 1446 1575 1483 ἧς
1595 1447 1666 1480 ἀξιοῖ
1683 1448 1837 1483 μελετῆσαι

1045 1494 1094 1529 τὴν
1105 1494 1255 1529 μακαρίαν,
1269 1494 1305 1528 μὴ
1320 1493 1496 1529 μακροτέραν
1510 1493 1600 1527 ἐαυτῷ
1612 1493 1663 1528 τὴν
1674 1493 1837 1528 ὁδοιπορίαν

1046 1538 1173 1573 γενέσθαι
1187 1545 1194 1553 ·
1213 1538 1303 1572 Ἐμοὶ,
1320 1538 1418 1571 λέγων,
1437 1537 1544 1573 μυρίων
1557 1537 1670 1571 ἑξοριῶν
1685 1537 1716 1563 τὸ
1730 1537 1837 1563 ὁδεύειν

1047 1584 1106 1610 ἐστὶ
1119 1583 1318 1619 χαλεπώτερον.
1334 1583 1427 1611 Ταῦτα
1442 1584 1473 1618 δὴ
1493 1583 1582 1610 πάντα
1595 1583 1643 1610 καὶ
1663 1582 1732 1610 ἄλλα
1748 1591 1839 1618 παρα-

1047 1631 1150 1667 πλήσια
1161 1632 1188 1658 αἱ
1207 1631 1348 1658 ἐπιστολαὶ
1359 1631 1441 1658 αὗται
1470 1631 1702 1666 διαλαμϐάνουσιν
1719 1640 1725 1647 υ
1738 1631 1779 1657 ἔτι
1808 1631 1838 1657 δὲ

1047 1677 1094 1704 καὶ
1103 1677 1131 1703 αι
1147 1677 1214 1712 πρὸς
1229 1678 1274 1704 τὸν
1286 1677 1435 1704 ἐπίσκοπον
1461 1678 1612 1712 Κυριακόν.
1633 1677 1680 1703 Ἐν
1695 1678 1787 1704 τοίνυν
1804 1679 1837 1712 τῇ

1047 1723 1197 1758 Κουκουσῷ
1210 1723 1365 1758 φθονηθεὶς,
1385 1723 1424 1755 είς
1442 1723 1606 1758 ’Λραϐισσὺν
1631 1723 1714 1759 ἦγετο
1726 1731 1734 1739 ·
1751 1731 1838 1750 σπου-

1046 1769 1079 1805 δὴ
1089 1770 1143 1804 γὰρ
1154 1767 1188 1805 ἦν
1199 1770 1256 1800 τοῖς
1272 1769 1409 1803 ἀπάγουσι
1433 1770 1492 1801 ταῖς
1519 1769 1636 1800 πυκναῖς
1667 1769 1838 1804 ite-ruﬁo“;

1046 1815 1302 1849 ταλαιπωρούμενον
1328 1815 1421 1846 κακῶς
1447 1815 1601 1842 ἀποθέσθαι
1616 1815 1645 1841 τὸ
1679 1814 1741 1850 ζῇν.
1758 1815 1836 1851 Ὀσῳ

1046 1862 1075 1888 δὲ
1092 1862 1203 1891 πολλαῖς
1213 1861 1414 1897 ταλαιπωρίαις
1426 1861 1536 1893 ἐδίδοτο,
1555 1862 1684 1889 τοσοῦτον
1697 1862 1836 1897 κρείττων

1047 1907 1099 1934 ὑπὸ
1113 1907 1272 1942 φιλοσοφίας
1287 1904 1321 1943 ἦν
1348 1907 1448 1938 παντὸς
1464 1907 1512 1934 τοῦ
1533 1908 1762 1942 προσπίπτοντος,
1789 1909 1837 1936 καὶ

1046 1953 1224 1988 φαιδρότερον
1238 1953 1418 1986 ἀποστίλϐων,
1433 1953 1602 1987 ὥσπερτὸὲν
1618 1955 1683 1987 πυρὶ
1693 1953 1750 1988 φῶς
1766 1954 1835 1988 ὕλης

1047 2000 1121 2034 αὐτῷ
1135 1999 1256 2030 πλείονος
1286 1999 1520 2034 ὑποϐαλλομένης.
1549 2000 1669 2026 Ἐκεῖθεν
1695 2000 1724 2026 δὲ
1750 2001 1836 2027 uti)“

1046 2047 1087 2076 είς
1103 2044 1256 2071 Πιτυοῦντα
1283 2043 1355 2070 οὓτω
1383 2044 1527 2070 κελευσθὲν
1547 2043 1665 2078 ἄγεται·
1697 2045 1836 2078 πολίχνιον

1045 2091 1073 2118 δὲ
1089 2091 1163 2117 τουτὶ
1177 2089 1272 2121 δεινῶς
1289 2090 1402 2125 ἔρημον,
1431 2091 1460 2116 ὲν
1486 2090 1603 2124 τέρματι
1626 2089 1677 2123 τῆς
1699 2090 1836 2124 Ποντικῆς

1047 2138 1185 2172 θαλάσσης
1199 2137 1383 2171 διακείμενον,
1395 2135 1543 2171 βαρϐάροις
1553 2137 1651 2171 ὅμορον
1663 2136 1818 2170 ὼμοτάτοις
1827 2145 1835 2151 ·

1045 2185 1112 2211 ὅπου
1128 2184 1160 2219 δὴ
1175 2184 1363 2218 ἀπαγόμενος,
1377 2183 1424 2209 καὶ
1450 2183 1518 2217 πρὸς
1542 2182 1609 2209 Θεδν
1628 2182 1677 2217 ἤδη
1703 2183 1836 2217 ἐκδημεῖν

210 2224 360 2259 piasiorem
383 2225 436 2253 sibi
459 2226 586 2262 injectam
610 2228 721 2256 habeat.
744 2229 810 2258 inde
831 2239 898 2258 vero
923 2231 994 2268 Pity-

1054 2230 1164 2263 λέλλων,
1180 2229 1278 2260 νυκτδς
1293 2229 1443 2264 εὖχομένῳ,
1471 2228 1630 2262 ἐφίστανται
1659 2229 1682 2254 ol
1705 2227 1753 2254 τοῦ
1773 2228 1834 2263 βίου

215 2275 307 2296 nntem
323 2270 360 2305 (3)
375 2271 424 2306 (ita
445 2271 518 2299 enim
532 2273 691 2300 mandatum
707 2274 807 2310 fuerat)
821 2276 920 2303 ductus
939 2283 992 2305 est.

208 2315 346 2349 Oppidum
378 2317 404 2344 id
435 2322 478 2345 est,
510 2319 601 2354 gravis
630 2320 806 2354 solitudinis,
844 2322 878 2349 ad
913 2322 993 2350 finem

210 2363 315 2390 Pontici
335 2364 418 2391 maris
442 2365 537 2398 situm,
563 2366 721 2394 smvissimis
746 2367 872 2396 barbaris
887 2374 995 2397 conter-

213 2407 328 2435 minum.
343 2409 381 2436 Eo
396 2416 458 2436 cum
474 2410 633 2442 duceretur,
645 2416 672 2438 et
684 2412 739 2447 jam
752 2413 785 2440 ad
800 2413 884 2440 Deum
899 2415 996 2449 migra-

210 2458 293 2481 turus
308 2459 393 2487 esset,
412 2459 495 2482 noctu
520 2455 545 2482 ei
561 2457 664 2488 oranti,
685 2458 732 2491 qui
753 2458 817 2485 vita:
834 2460 895 2494 ejus
910 2459 995 2487 duces

210 2499 333 2531 filerunt,
345 2505 372 2528 et
382 2500 479 2528 Petrus
493 2505 521 2528 et
533 2501 665 2535 Joannes,
677 2502 849 2536 assistentes,
862 2512 995 2539 perquam

212 2547 300 2574 amice
319 2556 381 2576 cum
395 2555 429 2576 eo
444 2553 509 2576 sunt
523 2549 654 2577 collacuti
666 2557 674 2576 ε
686 2551 768 2586 eique
781 2559 844 2579 cum
861 2551 996 2580 adversus

211 2592 349 2622 da:mones
373 2594 530 2627 victoriato.
557 2599 615 2622 tum
632 2599 773 2630 postremo
797 2595 994 2632 migrationem

250 2660 287 2693 (l)
301 2661 343 2699 _Tu
357 2662 405 2699 tibi
420 2663 563 2697 persuade,
584 2668 683 2697 prseter
710 2664 817 2698 culpam
843 2672 875 2692 ac
901 2672 995 2699 pecca—

212 2700 283 2734 tum,
301 2695 402 2723 homini
421 2695 556 2734 :acciderer
570 2695 638 2726 nihil
654 2695 838 2734 possm-quod
855 2700 889 2726 sit
901 2695 997 2727 'horri-

215 2729 270 2756 bile
286 2736 332 2756 aut
359 2732 617 2769 pertimescendum.
636 2729 814 2767 (Cicerol—
833 2733 940 2761 Scimus
965 2742 997 2769 ea

216 2769 317 2802 mente,
329 2773 409 2800 quam
426 2767 495 2794 ratio
510 2773 538 2794 et
552 2769 651 2794 veritas
664 2769 825 2802 prtcscribit,
842 2773 871 2794 ut
885 2769 951 2795 nihil
970 2767 996 2796 in

215 2799 269 2824 vita
297 2799 376 2827 nobis
393 2802 584 2835 praestandum,
603 2799 699 2836 praeter
714 2799 832 2837 culpam»,
848 2809 974 2837 putemus
989 2813 996 2830 :

210 2841 300 2872 caque
332 2843 393 2872 cum
422 2843 574 2872 careamus.
591 2838 683 2864 omnia
707 2839 824 2865 humana
842 2839 946 2872 placate
971 2843 998 2865 et

210 2869 355 2896 .modctale
368 2870 498 2896 l‘eralnus.
519 2871 627 2900 μύωπι.)

1046 2275 1121 2311 αὐτῷ
1137 2275 1232 2310 ὁδηγοὶ
1252 2275 1354 2310 Πέτρος
1382 2275 1430 2301 καὶ
1459 2274 1586 2309 Ἰωάννης
1600 2282 1607 2289 ·
1635 2274 1834 2308 προσειπόντες

1046 2330 1075 2348 τε
1089 2323 1139 2348 ὅσα
1154 2321 1218 2356 φίλα
1233 2321 1281 2348 καὶ
1308 2321 1358 2355 τὴν
1387 2319 1457 2347 κατὰ
1484 2319 1619 2354 δαιμόνων
1638 2319 1729 2354 νίκην,
1755 2320 1849 2351 τέλος,

1048 2368 1094 2395 καὶ
1114 2367 1165 2403 τὴν
1180 2368 1249 2402 πρὸς
1266 2367 1334 2394 Θεὺν
1364 2367 1497 2402 ἐκδημίαν
1523 2365 1757 2400 εὐαγγελίζονται,
1784 2368 1833 2392 καὶ

1046 2416 1096 2449 τὴν
1107 2415 1163 2442 τῶν
1180 2414 1364 2448 ὲκδεξομένων
1379 2414 1530 2441 ἀπόλαυσιν
1541 2412 1661 2447 ἀγαθῶν.
1677 2411 1744 2440 Εἶτα
1766 2422 1830 2448 τρο-

1046 2463 1084 2496 φῇ
1111 2461 1227 2496 οὐρανίᾳ
1257 2461 1304 2487 καὶ
1327 2460 1477 2495 ἀπορρήτῳ
1505 2459 1599 2485 τοῦτον
1630 2459 1760 2490 σιτίζουσι
1786 2461 1832 2486 καὶ

1046 2507 1075 2540 ἐξ
1110 2507 1214 2534 ἐκείνου
1249 2506 1369 2541 διέμεινε
1406 2506 1491 2540 μηδέν
1518 2513 1544 2531 τι
1567 2505 1830 2539 προσενεγκάμενος.

1047 2553 1162 2588 Εἴρηται
1185 2552 1281 2584 ταῦτα,
1310 2549 1350 2583 οἷς
1374 2551 1477 2581 ἐκεῖνος
1500 2549 1586 2576 συνὼν
1607 2549 1829 2576 κατεπίστευσεν.

1047 2599 1164 2631 Ἐκεῖνος
1179 2601 1201 2626 δ’
1214 2599 1338 2627 ἐντεῦθεν
1354 2598 1423 2634 πρὸς
1452 2598 1563 2633 μείζονα
1593 2597 1745 2633 σκάμματα
1764 2599 1831 2632 μᾶλ-

1085 2665 1122 2697 (2)
1139 2665 1263 2691 Fortasse
1281 2673 1329 2699 pro
1343 2661 1826 2702 monarliislegendum“manorum-hi,

1048 2700 1100 2726 hoc
1119 2704 1161 2726 est
1183 2697 1366 2733 gladiatores:
1392 2705 1421 2725 ut
1446 2698 1548 2725 milites
1574 2697 1768 2731 intelligantur,
1782 2698 1827 2731 «pi

1047 2742 1110 2761 eum
1129 2735 1154 2760 in
1169 2734 1294 2761 exsiliunt
1310 2735 1494 2761 abduxerunt.

1083 2769 1120 2801 (5)
1137 2769 1206 2796 l'lin.
1222 2769 1270 2795 lib.
1282 2777 1319 2799 vi,
1331 2777 1390 2802 cap.
1404 2769 1432 2797 5.
1448 2769 1482 2796 de
1499 2768 1609 2802 regione
1629 2768 1755 2796 Colchica
1777 2767 1825 2793 :In

1048 2804 1140 2829 intimo
1158 2812 1186 2829 co
1201 2804 1394 2838 trncluJ’ilyus
1406 2803 1530 2838 oppidum
1551 2802 1773 2838 opulctttzsstmum
1796 2804 1825 2827 ub

1052 2838 1190 2866 limior/tis
1204 2840 1330 2873 direptum
1347 2844 1394 2865 est.
1838 2849 1857 2857 ν
