1898 3054
23 155 80 185 Ιε53
479 160 771 196 ECCLERIASTICA‘I
795 168 816 196 ll

871 169 985 198 UOH”?
1006 169 1077 200 LIB.
1099 171 1181 202 XIII.

1588 175 1656 209 1054

23 218 48 235 ον
74 210 199 245 ἐχώρει.
231 214 269 240 Ol
294 215 321 241 δὲ
342 216 532 248 πιστευθέντες
556 219 635 252 ἄγειν
658 221 704 246 τὸν
739 221 816 255 μέγαι

876 222 909 248 ad
927 223 1024 256 Deum,
1041 229 1068 252 et.
1084 232 1145 259 quae
1160 233 1223 252 eum
1241 232 1390 261 exceptura
1411 233 1505 256 essent
1519 228 1653 257 honorum

21 257 128 290 ιακραῖς
142 259 218 290 ταῖς
246 260 414 296 ὁδοιπορίαις
443 264 606 297 κατέτεινον,
635 265 720 292 ὑετῶν
745 266 820 292 ἔστιν

20 311 47 327 τε
59 304 301 339 ὲπικλυζόντων,
313 308 360 334 καὶ
372 308 449 343 ἡλίου
460 309 490 335 τὸ
505 310 691 344 ἀκμαιότατον
707 312 819 346 φλέγονο

19 358 45 380 ος
59 357 67 364 ⁸
91 350 209 385 μισθὸς
230 353 287 387 γὰρ
296 353 345 387 τῆς
359 354 403 381 ἐπ’
423 355 520 391 ἐκείνῳ
531 355 672 391 ὠμότητος
682 357 820 392 ἐπηγγέλ-

17 405 64 422 .ετο
82 397 246 430 μειζόνων
269 401 358 433 τιμῶν
387 401 524 436 εὐμοιρία.
557 403 638 429 Ἀλλὰ
669 403 820 431 Πιτυοῦντα

15 443 52 468 ιὲν
64 442 120 469 οὐκ
137 443 241 480 ἔσχεν
255 446 330 476 ἰδεῖν.
344 447 381 478 ὡς
396 448 412 482 ὴ
432 447 592 482 Ἔπιφανίου
609 450 702 484 εἴρηκε
732 451 820 486 πρόρ-

15 488 94 522 ιηαις.
113 488 169 515 Ἐν
190 491 340 525 Κομάνοις
353 493 382 518 δὲ
396 494 553 528 γενόμενος,
572 495 641 530 πρὸς
665 496 705 531 τῷ
723 496 821 532 εὐκτη-

13 534 54 567 ιὶῳ
71 534 266 562 Βασιλίσκου
280 537 328 563 τοῦ
341 537 481 572 μάρτυρος
493 538 589 571 ἄγεται
603 547 609 555 ·
625 539 654 566 ὃν
670 540 819 567 ἐπίσκοπον

12 579 54 605 ιὲν
72 580 166 614 λόγος
178 582 328 615 γενέσθω,
357 584 409 610 ὑπὸ
435 584 464 611 δὲ
497 585 650 620 Μαξιμίνου
677 586 747 613 κατὰ
769 586 819 622 τὴν

12 624 200 659 ἳικομήδους
215 628 247 654 τὸ
262 629 430 664 μαρτυρικὸν
446 630 554 657 στάδιον
576 631 714 659 ὑπελθεῖν.
731 632 818 659 Ἐκεῖι

11 673 149 697 πετοῖνυν
168 672 249 708 ὄναρ
274 675 418 707 ἑπιστὰςῠ
448 677 586 711 μάρτυς,ι
611 677 724 713 Θάρσει,
752 678 817 714 ἔφη,

10 717 106 752 ἁδεὶφὲ
122 718 269 755 Ἰωάννη,
285 721 460 757 ἀμφοτέρους
476 723 550 757 ἡμᾶς
564 724 580 758 ή
597 723 714 751 ἐπιοῦσα
737 725 820 752 συνά-

11 764 48 797 {at
64 772 71 779 ·
92 775 103 791 ι
119 765 294 801 ἐπισκῆψαι
311 768 338 795 δὲ
355 769 449 804 καὶτῷ
477 770 617 806 νεωκόρῳ,
643 771 726 798 τόπον
748 771 819 798 ἐτοι-

10 809 96 841 μὰσαι
109 810 157 843 τῷ
178 810 309 847 Ἰωάννῃ.
324 812 448 840 Ἐκεῖθεν
469 813 498 841 δὲ
527 815 652 847 σταδίους
667 816 818 851 τριάκοντα

10 855 219 889 ῐιανύσαντες,
235 858 339 893 πλάνην
354 859 430 894 παρὰ
449 859 527 893 δόξαν
539 861 718 895 ὑποστάντες,
734 863 817 889 ὲπαν-

10 902 148 935 ἔρχεσθαι
187 904 274 930 πάλιν
301 905 371 931 κατὰ
410 905 455 932 τὸν
489 906 538 933 τοῦ
568 907 707 942 μάρτυρος
736 908 819 943 σηκὸν

10 946 137 979 ἐγένετο.
158 947 268 980 Καλῶς
285 946 332 975 οὖν
354 950 387 976 τὰ
401 949 462 977 κατ’
489 951 571 978 αὑτὸν
588 952 758 986 διαθέμενος,
773 953 819 979 καὶ

11 993 56 1026 τὴν
70 993 222 1027 γλῶσσαν
237 995 307 1027 πρὸς
331 995 507 1023 διδασκαλίαν
524 998 651 1032 κινήσας,
678 999 725 1025 καὶ
751 999 820 1033 πρὸς

12 1038 40 1062 τὸ
53 1038 253 1075 φαιδρότερον
265 1040 329 1076 ἄχρι
343 1042 389 1068 καὶ
403 1042 589 1078 ὑποδημάτων
603 1045 819 1079 μετακοσμήσας

13 1082 124 1115 ἑαυτὸν,
160 1085 222 1111 τῶν
249 1085 329 1113 θείων
358 1089 526 1122 κοινωνήσας
558 1089 728 1124 ἁγισμάτων,
760 1090 818 1122 καὶ,

18 1137 26 1154 ι
43 1130 115 1162 Δόξα
139 1139 201 1164 σοι,
218 1132 315 1166 Κύριε,
333 1133 443 1160 πάντων
462 1134 567 1168 ἕνεκεν,
587 1143 596 1161 ι
620 1135 753 1167 ἐπειπὼν,
772 1137 819 1163 καὶ

14 1175 50 1209 τῷ
64 1177 118 1203 τοῦ
141 1178 268 1213 σταυροῦ
283 1179 362 1214 τύπῳ
375 1177 397 1214 ᾧ
423 1181 521 1216 συνέζη
548 1182 818 1218 ἐπισφραγισάμενος

15 1220 127 1256 ἑαυτὸν,
153 1223 208 1259 τὴν
220 1225 363 1260 μακαρίαν
387 1227 524 1263 ἐπορεύθη
549 1229 683 1264 πορείαν,
709 1229 819 1264 Χριστῷ

17 1267 108 1294 συνὼν
125 1270 179 1295 καὶ
204 1271 424 1306 συμϐασιλεύων,
451 1273 521 1308 ὑπὲρ
548 1272 579 1302 οὗ
608 1275 672 1306 τοὺς
695 1275 819 1310 μακροὺς

18 1314 118 1347 πόνους
136 1316 299 1351 ὑπήνεγκεν
315 1325 321 1333 ·
335 1318 425 1354 ἑαυτῷ
439 1319 488 1354 μὲν
504 1321 553 1355 τῆς
569 1320 703 1356 ἐκδημίας
734 1320 820 1356 μακά.

20 1369 88 1394 ριοξ,
107 1362 220 1398 σφόδρα
236 1363 264 1390 δὲ
278 1364 335 1394 τοῖς
361 1366 511 1399 ἐγνωκόσιν
534 1365 673 1401 ὀδυνηρὸς,
700 1366 747 1399 οὓς
774 1368 820 1394 καὶ

21 1408 149 1442 μετρίως
183 1409 232 1436 τοῦ
268 1411 369 1437 οἰκείου
406 1411 514 1446 μέλιτος
547 1411 670 1445 ἔγευσεν.
711 1412 820 1448 Ἡμέρα

25 1454 120 1484 μέντοι
134 1455 188 1490 τῆς
201 1455 342 1490 τελευτῆς,
355 1456 416 1483 καθ’
432 1458 465 1492 ἣν
479 1457 511 1491 δὴ
526 1458 572 1484 καὶ
588 1458 637 1493 τὴν
653 1458 698 1484 τοῦ
715 1458 821 1494 ζωηφό-

25 1507 69 1532 ρου
87 1500 215 1537 σταυροῦ
237 1501 339 1537 ὕψωσιν
355 1502 532 1538 ἑορτάζομεν,
546 1505 819 1539 τεσσαρεσκαιδεκά-

875 269 1081 302 perceptionem
1118 278 1180 298 cum
1213 271 1309 299 la'titia
1343 275 1555 302 annuntiarunt.
1587 275 1657 303 Dein

873 314 977 341 calcati
1009 321 1036 342 et
1059 315 1189 343 inetl‘abili
1205 325 1268 344 eum
1285 325 1346 345 esca
1364 324 1498 354 paverunt
1514 330 1522 349 :
1540 328 1573 348 es
1599 329 1658 356 quo

874 363 999 394 tempore
1024 361 1091 387 nihil
1108 366 1200 396 postea
1224 362 1277 390 cibi
1296 364 1422 399 sumpsit.
1450 365 1527 392 Dicta
1545 365 1603 393 haec
1618 366 1655 394 ab

872 406 913 432 eis
935 410 1010 438 sunt,
1027 407 1130 441 quibus
1143 407 1187 435 ille
1202 416 1232 435 ea
1246 416 1339 437 secum
1355 411 1526 438 versantibus
1540 419 1654 439 concre-

871 451 953 479 didit.
979 451 1050 480 Hinc
1067 453 1150 480 etiam
1172 454 1218 481 ille
1239 454 1272 481 ad
1297 455 1398 491 majora
1421 464 1583 491 progressus
1610 462 1652 485 est

871 498 1034 525 certamina.
1051 498 1093 526 illi
1110 507 1191 535 porro
1207 501 1307 535 quibus
1321 509 1435 537 magnus
1453 503 1494 529 vir
1506 502 1652 530 ducendus

870 544 1033 572 commissus
1053 545 1160 578 fuerat,
1189 548 1293 581 magnis
1318 547 1466 576 itineribus
1494 548 1650 583 proﬁcisce-

871 589 982 621 bantur.
997 590 1147 625 aliquando
1161 593 1303 620 immensis
1322 594 1422 628 pluviis
1436 594 1651 626 exundantibus.

871 636 1019 671 aliquando
1043 637 1110 665 solis
1135 638 1220 666 radiis
1242 640 1360 667 maxime
1386 640 1553 667 urentibus:
1570 639 1653 675 429

869 689 976 710 merces
992 684 1064 710 enim
1079 691 1175 712 eorum
1195 685 1351 713 crudelitati
1370 686 1397 713 in
1417 686 1464 713 illo
1490 685 1654 713 exercendae

869 729 1003 764 majorum
1027 729 1193 764 dignitatum
1233 731 1353 759 honores
1384 731 1525 767 proposita
1551 730 1650 759 fuerat.

868 773 1001 802 Caeterum
1017 775 1173 810 Pityuntem
1185 776 1280 804 videre
1303 784 1357 803 non
1376 777 1475 812 potuit,
1492 776 1572 804 sicuti
1587 775 1653 810 Epi-

868 820 963 855 phanii
987 821 1148 849 vaticinium
1164 822 1339 857 praedixerat.
1358 822 1398 849 Ad
1421 822 1595 850 Comanenos
1612 821 1651 856 (l)

869 870 958 893 autent
970 866 1106 895 Armeniae
1118 875 1180 895 cum
1193 869 1326 900 venisset,
1336 868 1369 896 ad
1387 868 1518 903 templum
1531 867 1653 896 Basilisei

871 913 1000 947 martyris
1012 913 1111 940 ductus
1127 919 1179 943 est.
1203 915 1249 949 qui
1271 914 1417 949 episcopus
1439 914 1535 945 fuisse,
1552 918 1579 940 et
1600 912 1652 940 sub

870 955 1020 984 Maximino
1044 957 1212 986 Nicomedia:
1234 959 1356 994 martyrii
1385 963 1523 986 certamen
1550 957 1652 996 obiissp

870 1001 981 1029 dicitur.
998 1003 1037 1030 ibi
1053 1003 1080 1030 in
1100 1004 1204 1031 somnis
1215 1005 1239 1031 ei
1259 1011 1396 1039 apparens
1409 1009 1525 1039 martyr,
1542 1012 1550 1028 ι
1565 1002 1652 1034 Bono,

870 1047 967 1082 inquit,
998 1047 1090 1075 animo
1115 1053 1187 1081 esto,
1212 1048 1333 1076 Joannes
1358 1048 1455 1081 frater,
1480 1055 1530 1074 nos
1557 1046 1653 1073 ambos

870 1094 990 1121 crastina
1005 1093 1064 1121 dies
1086 1095 1244 1129 conjunget.
1267 1104 1276 1120 ι
1295 1095 1343 1122 llle
1364 1094 1446 1121 etiam
1463 1092 1569 1120 custodi
1584 1096 1653 1119 lcm-

869 1140 906 1173 ι)Ιὶ
924 1145 954 1166 ut
967 1141 1057 1167 locum
1071 1140 1170 1168 .loanni
1187 1145 1306 1175 pararet,
1324 1140 1465 1175 praecepit.
1487 1140 1526 1166 Ex
1538 1146 1572 1166 eo
1591 1138 1652 1165 loco

870 1192 932 1213 cum
950 1186 1059 1220 triginta
1084 1186 1236 1214 stadiorum
1260 1187 1313 1213 iter
1333 1186 1531 1217 coniecissent,
1550 1188 1652 1219 praeter

870 1232 1029 1266 opinionem
1056 1236 1131 1260 recta
1161 1233 1205 1259 via
1234 1232 1407 1264 excidentes,
1434 1231 1585 1258 errabundi
1616 1230 1650 1257 ad

871 1277 1000 1313 martyris
1014 1279 1099 1305 aedem
1115 1278 1218 1305 reversi
1235 1281 1310 1305 sunt.
1334 1277 1427 1312 Itaque
1444 1284 1506 1303 cum
1523 1284 1568 1303 res
1587 1283 1652 1303 suas

870 1324 1064 1359 disposuisset,
1082 1324 1202 1359 linguam
1219 1323 1252 1350 ad
1269 1323 1423 1351 docendum
1443 1322 1584 1353 movisset,
1603 1322 1652 1348 lte-

872 1370 926 1397 tius
947 1378 987 1402 se,
1009 1369 1046 1396 ita
1063 1375 1093 1397 ut
1109 1370 1217 1397 calceos
1237 1376 1347 1405 quoque
1366 1368 1504 1401 indueret,
1528 1367 1655 1395 vestibus

870 1417 929 1445 suis
942 1420 1079 1447 ornasset,
1094 1420 1122 1442 et
1136 1423 1185 1450 per
1207 1415 1430 1443 communionem
1447 1415 1569 1442 divinam
1585 1422 1652 1441 san-

871 1463 1064 1490 ctiﬁcationem
1092 1461 1285 1497 percepisset:
1311 1471 1320 1487 ι
1345 1462 1437 1488 Gloria
1464 1461 1530 1492 tibi,
1549 1460 1654 1495 inquit,

872 1510 998 1541 Domine,
1009 1509 1043 1536 de
1061 1508 1144 1536 rebus
1160 1509 1299 1536 omnibus.
1316 1518 1324 1534 ι
1343 1509 1376 1535 Ει
1392 1508 1481 1542 Seipso
1496 1508 1574 1542 signo
1590 1515 1653 1534 cru.

24 1553 55 1580 τη
82 1546 258 1582 Σεπτεῲίου
293 1548 388 1584 μηνός.
415 1548 519 1584 Ἐχρῆν
545 1550 594 1577 καὶ
618 1550 673 1586 γὰρ
693 1550 741 1579 τὸν
758 1551 816 1578 ελον

871 1554 922 1585 cis,
938 1552 990 1580 sub
1007 1559 1060 1587 qua
1078 1552 1195 1585 vixerat,
1217 1552 1374 1588 obsignato,
1393 1551 1499 1578 beatam
1515 1551 1588 1578 illam
1609 1550 1657 1577 iit—-

24 1592 249 1628 ὲσταυρωμένων
263 1593 385 1629 ζήσαντα
412 1595 480 1630 βίον,
497 1596 545 1622 καὶ
567 1596 598 1622 τὸ
620 1596 751 1632 καύχημα
780 1598 817 1633 μὴ

26 1639 51 1663 ὲν
65 1639 145 1676 ἄλλῳ
163 1641 179 1675 ἢ
192 1642 220 1668 ὲν
243 1641 281 1676 τῷ
298 1641 407 1677 σταυρῷ
422 1642 469 1669 τοῦ
484 1642 604 1678 Χριστοῦ
619 1643 742 1678 θέμενον,
757 1644 817 1670 κατ’

25 1685 110 1722 αὐτήν
127 1695 161 1722 γε
173 1688 223 1722 τὴν
237 1688 344 1723 ἡμέραν
357 1689 407 1722 τῆς
417 1688 500 1715 αὑτοῦ
519 1689 627 1724 ἑορτῆς,
642 1689 672 1715 ὃν
688 1690 720 1716 ἐκ
735 1689 817 1724 τῆσδε

27 1730 74 1764 τῆς
88 1731 160 1766 ὕκης
176 1731 325 1767 ἐπεφέρετο
339 1732 416 1766 χοῦν,
434 1731 595 1766 ἀποθέσθαι,
611 1733 658 1759 καὶ
671 1734 737 1769 πρὸς
751 1734 818 1760 Θξδν

28 1776 183 1813 ὑψωθῆναι.
201 1778 268 1805 Τότε
280 1778 311 1814 δὴ
333 1778 433 1813 πλῆθος
455 1779 570 1815 ἄπειρον
594 1780 748 1815 συρῤεῦσαν
770 1781 818 1808 ἀν-

29 1822 98 1857 δρῶν
112 1832 146 1850 τε
159 1823 218 1859 ἄμα
235 1826 282 1851 καὶ
295 1825 434 1859 γυναικῶν
454 1825 574 1857 εὐσεϐῶς
597 1825 706 1858 ζώντων
731 1827 763 1854 ἔκ
788 1836 819 1854 τε

30 1870 130 1905 Συρίας
143 1871 190 1898 καὶ
207 1871 345 1904 Κιλικίας,
358 1872 459 1900 Πόντου
472 1881 502 1900 τε
530 1874 577 1899 καὶ
592 1873 748 1908 Ἀρμενίας,
771 1874 820 1900 καὶ

30 1918 118 1951 ὁσίαις
132 1919 313 1955 καταθέμενοι
332 1920 426 1947 τοῦτον
439 1922 533 1956 χερσὶν
554 1921 668 1956 ἔγγιστά
689 1929 742 1948 που
767 1922 820 1948 Βα-

32 1963 155 1991 σιλίτκου
169 1965 216 1991 τοῦ
234 1965 385 2000 μάρτυρος,
408 1965 622 2000 ἀπηλλάττοντο.

870 1607 981 1635 gressus
997 1603 1040 1626 est
1058 1599 1271 1634 profectionem,
1294 1606 1357 1626 cum
1379 1597 1490 1626 Christo
1513 1598 1607 1624 vivens
1624 1601 1659 1624 et.

870 1653 999 1681 regnans,
1016 1640 1066 1680 pro
1082 1653 1136 1680 quo
1151 1645 1260 1672 labores
1273 1645 1371 1680 longos
1385 1644 1507 1679 pertulit,
1527 1651 1577 1670 suo
1589 1642 1651 1677 qui-

869 1691 931 1718 dem
949 1691 1062 1718 nomine
1078 1699 1128 1726 per
1145 1691 1337 1725 migrationem
1357 1691 1437 1717 talem
1459 1689 1524 1717 felix
1539 1693 1567 1716 et
1585 1689 1659 1716 bes--

870 1742 925 1769 tus,
958 1737 999 1764 eis
1014 1742 1105 1764 autem
1128 1737 1174 1772 qui
1191 1744 1253 1764 eum
1277 1739 1480 1773 cognoverunt,
1494 1739 1522 1762 et
1538 1734 1580 1761 vel
1595 1741 1659 1761 τηε-τ

870 1784 1002 1812 diocriter
1033 1783 1164 1810 mellitam
1188 1783 1248 1818 eius
1277 1783 1431 1810 doctrinam
1456 1783 1650 1816 degustarunt,

870 1828 1067 1862 deplorandus.
1086 1827 1185 1855 Obitus
1199 1828 1259 1863 ejus
1271 1828 1299 1854 in
1315 1835 1375 1854 eam
1390 1826 1462 1854 diem
1477 1825 1586 1856 incidit,
1597 1832 1652 1859 qua

870 1874 987 1900 vivilicze
1004 1873 1094 1900 crucis
1107 1873 1302 1900 exaltationem
1318 1873 1500 1901 celebramus.
1524 1871 1652 1905 Septeuh

871 1920 930 1948 bris
945 1921 1048 1948 mensis
1065 1920 1199 1947 decimam
1221 1924 1358 1954 quartam.
1380 1919 1426 1946 Sic
1449 1918 1522 1945 enim
1547 1925 1651 1945 conve-

873 1968 979 2000 niebat,
998 1975 1061 1995 eum
1083 1967 1130 2002 qui
1144 1967 1228 1994 vitam
1246 1973 1356 1993 omnem
1372 1966 1423 1993 sub
1439 1971 1520 1992 cruce
1544 1969 1651 1991 transe-

32 2017 118 2044 gerat,
136 2016 166 2039 et
180 2012 294 2047 gloriam
319 2019 373 2038 non
399 2011 427 2038 in
453 2013 505 2039 alia
545 2020 574 2039 re
597 2020 679 2047 quam
712 2012 739 2039 in
775 2019 858 2040 cruce
877 2013 980 2042 Christi
1003 2015 1196 2045 collocaverat,
1224 2013 1293 2041 festo
1316 2013 1403 2047 ipsius
1424 2012 1479 2044 die,
1506 2018 1587 2046 quem
1616 2017 1657 2038 ει

35 2059 149 2086 materia
164 2059 215 2086 ista
231 2063 374 2093 acceptum
390 2059 605 2086 circumferebat
635 2059 756 2086 cinerem
791 2059 941 2095 deponere,
970 2065 1053 2096 atque
1086 2060 1121 2088 ad
1154 2061 1238 2088 Deum
1263 2060 1290 2086 in
1314 2059 1430 2086 sublime
1447 2058 1513 2085 ferri
1531 2061 1558 2084 et
1575 2056 1649 2083 εισι*

35 2106 94 2132 lari.
112 2106 153 2133 Eo
167 2113 234 2133 vero
248 2110 306 2133 tum
338 2105 551 2133 innumerabilis
583 2106 629 2141 pie
662 2107 813 2134 viventium
833 2107 955 2135 virorum
980 2113 1007 2135 et
1023 2107 1190 2135 feminarum
1204 2106 1353 2134 multitudo
1377 2113 1411 2132 ex
1434 2104 1523 2140 Syria,
1543 2103 1655 2134 Cilicia;

36 2152 120 2181 l’onto
142 2158 171 2181 et
193 2152 323 2179 Armenia
344 2152 502 2180 conﬂuxit:
522 2153 570 2189 qui
588 2159 732 2188 postquam
751 2160 813 2180 eum
835 2154 888 2188 piis
920 2155 1047 2183 manibus
1070 2162 1156 2190 prope
1179 2154 1342 2182 Basiliscum
1364 2159 1513 2190 martyrem
1533 2151 1658 2187 sepelies

35 2207 109 2234 runt,
126 2208 236 2228 rursum
253 2200 317 2228 inde
330 2201 469 2228 abierunt.

312 2261 334 2286 K
340 2259 440 2287 ΕΦᾹΔ.
469 2260 536 2287 AH'.

65 2308 131 2343 Περὶ
149 2306 204 2341 τῆς
219 2305 364 2340 τελευτῆς
383 2305 437 2332 τοῦ
449 2305 604 2339 ,ϐασιλέως
621 2306 792 2340 Ἀρκαδίαν.

69 2366 160 2402 Τρίτῳ
184 2364 206 2391 δ’
221 2365 276 2391 ἔτει
291 2363 362 2398 μετὰ
392 2363 441 2399 τὴν
466 2363 597 2398 τελευτὴν
616 2364 742 2391 Ἰωάννου
771 2365 818 2391 καὶ

44 2413 182 2450 ’Δρκάδιος
197 2411 336 2443 ἐτελεύτα,
355 2410 479 2445 διάδοχον
499 2411 548 2445 τῆς
564 2411 716 2445 ἡγεμονίας
733 2416 818 2437 κατα-

40 2460 124 2486 λιπὼν
140 2458 280 2485 Θεοδόσιον
296 2456 343 2483 τὸν
367 2457 439 2488 ulta,
464 2455 560 2490 ὥσπερ
573 2456 604 2491 δὴ
625 2456 674 2482 καὶ
689 2457 705 2490 ὴ
725 2456 819 2491 μήτηρ

42 2506 180 2541 πρότερον,
196 2504 259 2539 ἄρτι
271 2502 387 2537 γάλακτι
399 2502 574 2537 πεπαυμένον
588 2502 735 2537 τρέφεσθαι
746 2509 753 2516 ·
770 2502 819 2529 θυ-

42 2552 156 2585 γατέρας
174 2550 201 2577 δὲ
219 2549 388 2584 Πουλχερίαν
403 2550 450 2575 καὶ
469 2548 615 2582 Ἀρκαδίαν
631 2548 678 2575 καὶ
692 2548 819 2584 Μαρίνοιν

43 2597 79 2623 ἔτι
93 2597 188 2631 κομιδῇ
205 2595 282 2628 νέας,
297 2595 326 2621 αἶ
352 2596 398 2622 καὶ
416 2595 445 2621 ἐν
462 2594 596 2629 παρθενίᾳ
612 2594 762 2628 διέμειναν.
779 2594 818 2620 Οὐ

45 2643 127 2678 πο).λῷ
151 2642 179 2668 δὲ
201 2641 318 2675 ὕστερον
342 2642 388 2667 καὶ
407 2640 536 2675 ὀνώριος
554 2639 642 2674 ὑδέρῳ
655 2640 765 2673 θνήσκει
790 2641 818 2666 ἐν

50 2688 147 2724 Ῥώμῃ,
172 2687 218 2714 τὸν
242 2687 294 2721 τῆς
320 2686 440 2721 ἀδελφῆς
465 2685 569 2716 Γάλλας
595 2685 744 2716 Πλακιδίας
772 2686 819 2711 καὶ

48 2733 246 2760 ίίωνσταντίνου
264 2731 332 2764 υἱὸν,
354 2732 400 2758 τδν
419 2732 511 2767 τρίτον
531 2730 753 2757 Οᾶαλεντινιανδν
771 2732 820 2758 καὶ

51 2779 175 2814 ὀγωρίαν
203 2779 236 2814 τῇ
259 2774 351 2813 Ῥώμῃ
380 2776 548 2804 καταλιπών.
569 2776 641 2810 Πρὸς
669 2776 697 2803 δὲ
713 2776 751 2811 τῷ
769 2777 818 2812 τῆς

78 2847 112 2882 (Ι)
132 2846 250 2882 Comana
272 2845 403 2882 oppidum
430 2850 482 2882 est
504 2843 692 2882 Cztppadociat.
722 2844 816 2877 (Plin.

50 2880 90 2909 lib.
105 2890 138 2915 va,
155 2889 213 2916 cap.
237 2881 277 2915 5.)
296 2880 451 2908 Secundum
469 2880 631 2908 Strabonem
649 2880 696 2907 lib.
714 2888 759 2913 xu,
788 2882 814 2907 in

990 2226 1039 2234 Α,

1083 2259 1165 2295 430
1184 2259 1297 2287 CAPUT
1316 2245 1460 2286 Xxxvnt.

1041 2306 1079 2332 De
1092 2306 1162 2333 obitu
1178 2307 1344 2341 imperatoris
1359 2306 1476 2333 Arcadii.

905 2362 973 2392 Post
991 2362 1106 2391 Joannis
1133 2369 1266 2395 mortem,
1288 2362 1424 2390 Arcadius
1449 2369 1559 2396 quoque
1579 2367 1661 2386 anno;

872 2411 954 2438 tertio
980 2410 1128 2438 defunctus
1144 2417 1197 2442 est,
1214 2410 1295 2437 sicuti
1320 2413 1348 2436 et
1369 2414 1448 2436 antea
1471 2408 1571 2439 coniux
1593 2407 1660 2440 ejus

871 2457 1006 2484 Entloxia.
1034 2456 1144 2491 lmpcrii
1166 2463 1354 2484 successorem
1380 2455 1402 2482 is
1423 2454 1507 2480 ﬁliuni
1524 2452 1653 2480 Theodo-

870 2502 941 2529 sium
958 2502 1082 2535 reliquit,
1102 2501 1268 2537 jampridem
1284 2509 1299 2527 a
1323 2501 1394 2527 lacte
1413 2505 1561 2526 remotum.
1577 2498 1658 2525 Beli-

870 2549 930 2583 quit
957 2549 1039 2576 etiam
1061 2547 1142 2580 ﬁlias,
1159 2547 1342 2578 Pulcheriam,
1358 2546 1501 2574 Arcadiam
1521 2552 1549 2573 et
1569 2545 1652 2572 Mari-

871 2603 946 2626 nam,
962 2593 1110 2621 admodum
1126 2597 1318 2627 teneras.qua-.
1329 2593 1355 2620 in
1370 2591 1528 2627 virginitate
1540 2591 1655 2618 crelibes

870 2649 1056 2677 permansere.
1076 2640 1180 2668 Dehinc
1195 2641 1282 2667 multo
1303 2644 1366 2674 post
1389 2639 1528 2667 Honorius
1541 2646 1655 2674 quoque

870 2687 964 2714 Romae
979 2686 1101 2721 bydrope
1118 2686 1210 2720 periit,
1231 2685 1337 2713 sororis
1351 2693 1409 2713 suae
1422 2684 1505 2712 Gallae
1520 2685 1654 2712 Placidia

869 2737 896 2759 et
919 2732 1073 2760 Constantii
1104 2732 1189 2758 illium
1218 2731 1441 2759 Valentinianum
1472 2730 1598 2763 tertium,
1623 2735 1653 2757 et

870 2779 953 2805 ﬁliam
970 2777 1096 2813 ejusdem
1114 2777 1275 2810 Honoriam,
1293 2781 1354 2812 post
1373 2785 1403 2805 sc
1423 2779 1452 2804 in
1474 2784 1505 2803 ea
1523 2776 1590 2804 urbe
1605 2783 1651 2803 re-

869 2844 1039 2871 convallihus
1056 2845 1201 2872 Antitauri.
1217 2843 1427 2871 Comaucnsium
1450 2844 1552 2872 mentio
1569 2848 1610 2872 est
1629 2843 1650 2872 Ι.

870 2880 1078 2907 Cnmuntca.(1.
1100 2880 1135 2907 νυ
1151 2880 1233 2915 agris.
1252 2885 1277 2908 cl
1294 2881 1391 2908 cuusit.
1409 2881 1454 2907 lib.
1473 2889 1491 2906 tt
