1898 3054
216 155 283 186 1051

821 160 1030 192 NICEPHOIH
1050 161 1221 193 CALLISTI

1772 161 1782 192 1
1789 162 1845 194 052

210 211 314 238 mullos
328 211 439 245 quidem
455 220 535 247 parte,
549 213 682 247 plurimos
699 222 764 242 vero
779 215 875 243 divino
896 217 991 249 verba,

1053 217 1159 248 τολλοὺς
1176 216 1226 251 μὲν
1243 217 1328 251 ἄρτῳ,
1344 216 1487 246 πλείστους
1509 215 1538 242 δὲ
1556 216 1602 242 καὶ
1617 216 1655 251 τῷ
1675 217 1740 252 θείῳ
1766 216 1845 251 λόγῳ

210 258 285 292 quod
309 266 373 285 vere
389 258 472 286 corda
496 259 652 292 conﬁrmat,
677 265 706 287 et
729 265 836 288 utentes
858 262 990 294 illustrat,

210 303 297 336 pavit.
313 303 471 330 Permultos
487 311 552 330 vero
576 304 658 331 etiam
676 305 757 332 utiles
771 311 853 340 atque
867 314 994 334 necessa-

212 348 269 375 rios
283 348 369 376 libros
383 349 548 383 composuit.
564 349 650 376 Nulla:
665 350 739 377 enim
753 359 814 386 qua:
827 352 852 378 ei
868 352 995 380 accidere

211 402 342 422 aerumnae
363 395 485 430 linguam
506 395 577 430 ejus,
595 395 720 423 ﬂuminis
743 397 830 424 instar
851 398 993 430 ﬂuentem.

212 441 340 468 cohibere
352 444 514 475 potuerunt.
531 441 568 468 De
591 441 723 476 patientia
739 450 850 477 quoque
871 449 899 471 et
912 444 946 472 de
962 452 995 472 eo

212 486 285 520 quod
302 493 355 513 non
377 486 467 513 solum
493 494 543 514 nos
563 487 596 514 ad
613 488 769 515 socordiam
785 496 839 516 non
855 489 932 522 dare,
948 498 996 517 ve-

212 539 272 558 rum
300 531 382 558 etiam
406 532 442 559 ob
464 540 508 559 res
530 532 670 565 adversas,
687 541 748 568 qua:
769 534 909 568 accidunt,
939 543 994 562 non

208 577 314 604 offendi
339 577 501 615 debeamus,
524 586 580 605 non
604 586 688 613 pauca
710 581 887 615 conscripsit.
906 581 996 608 Pluri-

212 631 272 650 mas
284 623 367 650 etiam
386 628 443 651 tum
465 624 498 651 ad
522 631 644 652 sanctam
660 624 850 660 Olympiadem
864 626 996 661 epistolas

208 669 297 696 dedit.
315 669 456 697 Universze
472 670 513 698 ha:
527 670 686 705 quindecim
700 675 775 702 sunt,
790 672 934 699 mirificam
948 681 996 708 pa—

213 715 315 741 tientia:
341 717 457 750 gratiam
483 717 711 751 complectentes.
737 718 765 744 In
787 718 889 752 quibus
906 719 996 746 solum

211 767 355 794 peccatum
373 769 434 788 esse
449 762 499 796 (l),
513 762 547 789 ad
563 763 637 797 quod
652 763 850 791 exhorrescere
866 773 914 792 nos
929 773 997 792 con-

182 840 186 843 _
209 805 317 837 veniat.
332 807 409 834 dicit.
426 807 577 835 JErumnas
590 811 674 836 etiam
689 817 758 844 quas
775 811 802 837 iu
819 811 919 839 itinere
934 820 997 847 per-

213 852 295 882 tulit,
320 852 347 878 in
371 853 414 880 eis
435 859 655 882 commemorat:
684 855 767 891 428
789 861 817 883 el.
844 862 873 884 ut
894 866 954 885 eam
980 867 994 887 a

1045 262 1180 297 διέτρεφε,
1213 262 1253 297 τῷ
1281 262 1319 293 ὡς
1345 261 1456 296 ἀληθῶς
1478 262 1594 297 καρδίαν
1616 261 1759 297 στηρίζειν
1793 264 1844 290 καὶ

1045 308 1174 342 φωτίζειν
1192 308 1273 334 εἰδότι
1287 307 1408 334 διάνοιαν
1425 315 1432 322 ·
1452 307 1568 339 πολλοὺς
1582 307 1611 334 δὲ
1633 308 1681 334 καὶ
1696 307 1754 334 τῶν
1771 307 1844 334 ἀνα-

1045 351 1130 378 καίων
1146 351 1242 385 λόγους
1257 351 1415 392 συνέτεξεν.
1431 351 1501 377 Οὐδὲ
1519 351 1573 385 γάρ
1588 360 1613 378 τι
1635 351 1689 378 τῶν
1709 351 1843 386 ἐπισυμ-

1046 395 1193 423 ὃαινόντων
1222 396 1316 422 δεινῶν
1342 396 1466 430 ἐπισχεῖν
1492 395 1541 431 τὴν
1576 395 1700 430 γλῶτταν
1726 397 1843 422 ἐκείνου

1044 441 1161 474 ἠδύνατο
1182 441 1227 468 [σα
1244 442 1291 468 καὶ
1309 442 1443 474 ποταμοῖς
1467 441 1592 476 ῥέουσαν.
1609 441 1663 468 Καὶ
1686 442 1753 476 περὶ
1771 441 1844 467 ὐπο-

1049 486 1132 520 μονῆς
1154 486 1204 512 οὐκ
1230 486 1339 520 ὀλίγους
1369 483 1496 513 συνέθὲτο
1516 494 1524 502 ο
1541 486 1589 513 καὶ
1612 485 1657 512 τοῦ
1689 486 1727 521 μὴ
1755 487 1844 521 μόνον

1046 532 1146 566 χρῆναι
1173 532 1317 567 ῥᾳθυμεῖν,
1348 532 1416 559 ἀλλὰ
1444 531 1513 567 μηδὲ
1542 531 1769 564 σκανδαλίζεσθαι
1793 532 1843 558 ἐπὶ

1047 578 1104 608 τοῖς
1130 578 1332 612 προσπίπτουσι
1349 577 1403 604 τῶν
1428 577 1559 613 ἀνιαρῶν.
1589 578 1622 604 Αἱ
1653 578 1785 604 πλεῖσται
1812 577 1842 603 δὲ

1047 622 1122 656 αὐτῷ
1146 622 1195 649 καὶ
1226 623 1281 649 τῶν
1308 623 1376 658 πρὸς
1405 623 1455 657 τὴν
1486 623 1659 657 Ὀλυμπιάδα
1684 622 1842 650 ἐπιστολῶν

1047 667 1200 702 τηνικαῦτα
1230 669 1424 695 συντάττονται
1448 669 1498 704 τὴν
1519 669 1608 696 ὁσίαν.
1634 669 1841 695 Πεντεκαίδεκα

1047 713 1075 740 δέ
1092 715 1161 741 είσιν
1176 715 1203 740 al
1216 714 1313 747 πᾶσαι,
1325 714 1453 749 ὑπερφυῆ
1466 714 1545 750 χάριν
1559 715 1690 749 ἐπιμονῆς
1703 714 1822 748 ἔχουσαι
1832 722 1838 728 ·

1047 759 1113 786 ὅπου
1130 759 1162 795 δὴ
1180 760 1300 795 φοδερὰν
1312 760 1394 795 μόνον
1412 757 1483 786 εῖναι
1501 759 1552 796 τὴν
1572 759 1711 794 ἁμαρτίαν
1738 759 1838 794 φησίν.

1054 804 1098 831 Ἐν
1114 803 1158 837 αίς
1169 806 1280 839 διέξεισι
1297 807 1346 833 καὶ
1370 807 1435 842 περὶ
1459 806 1515 834 τῶν
1540 806 1734 841 συμπεσόντων
1763 804 1840 838 αὐτῷ

1049 850 1158 877 ἐνοδίων
1172 851 1292 886 ἀνιαρῶν
1309 859 1317 867 ’
1334 851 1382 878 καὶ
1397 851 1436 882 ὡς
1450 850 1611 886 ἀθυμοῦσαν
1627 849 1838 885 ἀνακτώμενος,

213 896 410 931 desperatione
434 903 603 932 revocatum,
627 901 660 927 ad
683 890 760 935 spcni
784 902 884 930 bonam
909 904 994 932 futuri

1053 895 1268 922 )ὑκάνέλπιστον
1285 896 1334 932 τὴν
1369 896 1508 923 είσέπειτα
1533 895 1660 930 ἐντυχίαν
1689 896 1815 921 ποιεῖται
1831 903 1839 911 ·

214 949 381 973 congressus
405 945 526 972 erexerit
547 954 554 972 :
578 950 662 981 atque
678 951 709 974 ut
727 947 853 977 fervente
880 951 998 978 maxime

214 992 311 1015 mstate
330 989 382 1015 iter
396 989 512 1023 faciens,
531 998 593 1018 cum
608 993 852 1022 vehementissima
875 996 945 1024 febri
962 998 998 1025 sit

215 1034 392 1065 colluctatus.
405 1035 514 1063 seribit.
529 1037 623 1064 Refert
637 1038 750 1073 insuper
763 1041 898 1069 stomachi
913 1042 998 1076 ipsius

216 1079 281 1106 vitia
296 1089 302 1106 :
320 1086 346 1106 et
360 1080 528 1116 improbum,
545 1083 593 1118 qui
609 1084 696 1111 virum
709 1086 814 1120 justum
828 1087 855 1114 in
871 1088 996 1116 exsilium

215 1124 340 1157 abduxit,
351 1126 472 1153 Galatam
491 1136 497 1154 :
517 1136 624 1156 necnon
637 1130 854 1159 dirersoriorum
869 1133 998 1160 mansio—

215 1179 338 1206 numque
364 1173 630 1208 iucommoditatem,
646 1178 836 1206 ministrorum
862 1179 996 1214 inopiam,

215 1224 307 1244 rerum
324 1219 543 1247 necessariarum
562 1222 716 1256 penuriam,
732 1223 797 1251 item
821 1225 895 1260 quod
912 1226 998 1253 medi-

214 1269 276 1288 cum
307 1270 362 1290 non
396 1264 537 1298 habuerit,
571 1271 598 1293 et
628 1267 663 1294 dc
695 1268 852 1296 lsaurorum
878 1275 997 1298 terrore.

214 1307 447 1340 Quemadmodum
470 1311 551 1338 etiam
571 1314 697 1340 monachi
714 1314 764 1347 (2),
789 1316 922 1344 adversus
934 1325 998 1344 eum

213 1352 350 1387 furentes,
365 1355 537 1384 domicilium
555 1358 614 1392 ejus
630 1359 778 1388 incendere
793 1361 952 1390 voluerint:
970 1367 998 1390 et

215 1400 355 1434 quomodo
371 1401 455 1428 rebus
471 1403 530 1437 ejus
555 1403 582 1430 iu
601 1404 702 1431 itinere
728 1406 918 1440 comploratis,
941 1415 997 1435 non

213 1444 304 1471 solum
329 1445 379 1480 ipsi
396 1447 456 1481 ejus
473 1447 578 1475 miserti
596 1456 649 1475 non
673 1449 740 1480 sint,
758 1450 805 1477 sed
821 1451 902 1477 etiam
917 1452 999 1479 misc-

215 1489 363 1517 ricordiam
393 1491 520 1523 aliorum,
550 1497 673 1524 extrema
701 1496 794 1522 omnia
818 1497 997 1531 comminati,

211 1534 404 1569 impedierint.
422 1537 459 1564 De
483 1537 526 1564 via
552 1538 671 1573 denique
685 1541 823 1574 queritur.
842 1546 936 1577 utpote
953 1551 997 1570 ar-

215 1580 280 1612 dua,
298 1581 433 1615 lapidosa,
452 1582 557 1610 dtﬂicili
585 1590 612 1611 et
630 1585 766 1613 molesta:
781 1595 864 1621 quam
884 1588 919 1615 ob
933 1595 998 1616 cau-

215 1633 273 1651 sam
291 1626 397 1653 beatatn
414 1628 488 1654 illam
502 1629 633 1656 feminam
649 1636 738 1666 rogat,
761 1637 789 1659 ut
810 1633 855 1660 illa
871 1639 951 1662 curet
963 1642 998 1663 ne

215 1672 325 1706 longior
343 1673 402 1707 ejus
428 1674 474 1701 flat
498 1675 646 1710 profectio,
673 1678 812 1706 sexcentis
836 1680 942 1708 exsiliis
959 1681 1000 1709 la-

217 1718 310 1745 borem
325 1719 433 1747 itineris
450 1720 568 1748 faciendi
582 1722 734 1757 graviorem
748 1724 800 1752 sibi
816 1733 877 1754 esse
891 1727 997 1756 dicens.

217 1764 280 1790 Haec
293 1765 384 1791 omnia
413 1771 495 1800 atque
508 1767 560 1794 alia
578 1767 654 1796 hisce
668 1769 767 1797 similia
795 1772 919 1806 epistola:
939 1774 999 1801 ista:

215 1814 244 1835 et
267 1809 327 1837 alia:
354 1816 486 1845 pra'tcrea
510 1813 543 1840 ad
568 1814 728 1850 episcopum
755 1816 901 1852 Cyriacum
928 1819 999 1846 datae

214 1854 449 1889 complectuntur.
474 1857 561 1885 Porro
587 1866 648 1886 cum
675 1861 701 1887 ei
728 1861 898 1897 adversarii,
921 1865 995 1899 quod

212 1900 315 1927 Cucusi
339 1907 472 1935 maneret,
497 1904 663 1938 inviderent,
685 1906 846 1935 Arabissum
862 1910 997 1939 abductus

215 1950 267 1972 νει.
282 1946 446 1976 Ductoribus
456 1950 529 1976 enim
543 1951 601 1985 ejus
618 1951 670 1979 hoc
683 1953 776 1980 studio
792 1953 855 1986 fuit,
865 1961 895 1982 ut
909 1961 998 1985 trans-

214 1990 302 2019 itione
332 1992 469 2028 frequenti
497 1995 680 2024 labefactatus
721 1998 767 2025 ille
791 1999 874 2027 vitam
897 2002 997 2030 misere

209 2039 317 2066 finiret.
333 2039 460 2068 Sedenim
475 2050 529 2077 quo
547 2043 674 2077 pluribus
687 2045 813 2082 objectus
844 2053 884 2075 est
898 2057 997 2076 atrum-

210 2085 269 2116 -uis,
284 2093 317 2112 eo
333 2086 444 2114 casibus
457 2089 585 2116 omnibus
601 2095 713 2125 propter
726 2093 888 2120 sanctiorem
903 2094 995 2129 philo-

216 2131 343 2163 sophiam
371 2133 500 2166 superior
524 2133 586 2166 fuit,
611 2136 837 2172 splendidiusquc
865 2139 995 2168 refulsil':

211 2176 450 2209 quemadmodum
477 2179 504 2205 iu
529 2179 591 2213 igne
607 2179 729 2214 flamma,
749 2181 771 2209 si
793 2184 934 2211 materiam
951 2192 997 2211 co-

1048 940 1093 967 καὶ
1109 940 1146 971 ὡς
1160 940 1237 976 ἀκμῇ
1252 940 1350 976 θέρους
1367 941 1416 976 τὴν
1432 941 1491 968 ὁδὸν
1508 941 1609 973 ἀνύων,
1622 940 1734 976 πυρετῷ
1751 948 1841 975 προσ-

1047 986 1178 1013 επάλαισε
1198 986 1302 1022 λάϐρῳ.
1321 986 1405 1014 Ἀλλά
1427 986 1459 1021 δὴ
1482 987 1530 1013 καὶ
1552 987 1584 1012 ἐκ
1618 985 1666 1012 τοῦ
1696 985 1839 1020 στομάχου

1048 1032 1132 1066 κακά,
1151 1034 1198 1060 καὶ
1220 1033 1234 1059 ὁ
1252 1027 1370 1068 πονηρὸς
1390 1033 1514 1067 Γαλάτης
1545 1033 1620 1067 ἄγων
1648 1031 1694 1058 τὸν
1719 1031 1840 1063 δίκαιον,

1048 1079 1096 1106 καὶ
1113 1079 1147 1106 τὰ
1164 1080 1193 1107 ἐν
1211 1081 1272 1111 ταῖς
1286 1081 1463 1114 καταγωγαῖς
1484 1079 1605 1114 λυπηρὰ,
1628 1078 1682 1105 τῶν
1703 1079 1840 1113 θεραπόν-

1047 1134 1101 1152 των
1120 1126 1136 1162 ή
1153 1127 1265 1162 ἐρημία,
1294 1126 1349 1152 τῶν
1382 1126 1544 1161 ἐπιτηδείων
1565 1126 1581 1159 ὴ
1604 1125 1719 1160 ἀπορία,
1735 1125 1767 1151 τὸ
1801 1124 1839 1159 μὴ

1047 1171 1176 1206 εὐπορεῖν
1205 1170 1310 1208 ίατροῦ,
1334 1171 1348 1198 ὁ
1371 1171 1526 1207 Ἰσαυρικὸς
1556 1171 1637 1205 φόϐος
1654 1179 1662 1187 ·
1690 1170 1731 1196 ἔτι
1754 1171 1784 1197 δὲ
1813 1171 1838 1197 ai

1047 1219 1227 1251 ὲπιμανέντες
1256 1217 1330 1253 αὐτῷ
1366 1218 1480 1254 μοναχοὶ
1507 1218 1661 1253 ἐμπρήσειν
1685 1217 1762 1252 αὐτῷ
1787 1217 1838 1252 τὴν

1048 1263 1137 1290 οίκίαν
1170 1263 1330 1298 βουλόμενοι
1347 1271 1354 1278 ·
1383 1264 1458 1295 ὅπως
1491 1272 1521 1290 τε
1552 1263 1783 1298 ἀπαγορεύσαντα
1809 1264 1838 1288 ἐν

1047 1309 1109 1344 ὀδῷ,
1120 1310 1150 1337 οὑ
1165 1311 1246 1344 μόνον
1257 1310 1338 1336 αὐτὸν
1352 1310 1445 1342 ἐλέους
1457 1310 1562 1349 ῂξίουν,
1577 1310 1645 1337 ἀλλὰ
1671 1311 1721 1337 καὶ
1738 1310 1837 1341 ἄλλους

1049 1356 1226 1390 βουλομένους
1240 1354 1343 1391 εἶργον,
1358 1357 1391 1382 τὰ
1401 1356 1503 1391 ἔσχατα
1518 1357 1628 1384 πάντων
1642 1356 1838 1392 διαπειλούμε-

1049 1411 1099 1430 vet.
1116 1403 1156 1428 Τὰ
1172 1402 1200 1429 δὲ
1215 1403 1265 1437 τῆς
1293 1403 1365 1436 ὁδοῦ,
1379 1403 1416 1434 ὡς
1439 1402 1567 1437 ἀνάντης,
1584 1401 1621 1433 ὡς
1647 1401 1778 1436 λιθώδης,
1799 1403 1837 1433 ώς

1048 1448 1182 1483 δυσχερής
1207 1457 1237 1474 τε
1256 1449 1301 1475 κα),
1319 1448 1442 1483 χαλεπή·
1460 1449 1525 1483 περὶ
1544 1446 1577 1483 ἧς
1597 1447 1668 1480 ἀξιοῖ
1685 1448 1838 1482 μελετῆσαι

1048 1493 1096 1528 τὴν
1108 1493 1257 1528 μακαρίαν,
1271 1493 1308 1527 μὴ
1323 1493 1498 1528 μακροτέραν
1512 1492 1602 1527 ἑαυτῷ
1615 1493 1665 1528 τὴν
1676 1494 1838 1528 ὁδοιπορίαν

1049 1537 1175 1572 γενέσθαι
1190 1545 1196 1552 ·
1216 1537 1305 1571 Ἐμοὶ,
1322 1538 1420 1571 λέγων,
1440 1537 1547 1572 μυρίων
1559 1536 1672 1572 ὲξοριῶν
1687 1537 1718 1563 τὸ
1732 1537 1838 1563 ὁδεύειν

1049 1583 1108 1608 ἐστὶ
1121 1582 1320 1618 χαλεπώτερον.
1336 1583 1429 1610 Ταῦτα
1444 1583 1475 1618 δὴ
1495 1583 1583 1610 πάντα
1597 1583 1644 1610 καὶ
1664 1582 1734 1610 ἄλλα
1750 1591 1840 1618 παρα-

1049 1631 1152 1665 πλήσια
1163 1631 1191 1657 αί
1209 1630 1350 1657 ἐπιστολαὶ
1361 1631 1442 1658 αὗται
1472 1631 1704 1666 διαλαμῦἀνουσιν
1721 1640 1727 1646 ·
1740 1631 1781 1657 ἔτι
1808 1631 1838 1657 δὲ

1049 1676 1095 1702 καὶ
1105 1676 1133 1702 αἱ
1149 1676 1216 1711 πρὸς
1231 1677 1276 1703 τὸν
1288 1676 1437 1703 ἐπίσκοπον
1463 1677 1614 1712 Κυριακὸν.
1634 1677 1681 1704 Ἐν
1697 1678 1788 1704 τοίνυν
1804 1680 1837 1712 τῇ

1048 1722 1200 1757 Κουκουσῷ
1212 1721 1366 1758 φθονηθεὶς,
1386 1723 1426 1754 είς
1444 1722 1608 1757 Ἀρσδισσὸν
1633 1724 1716 1759 ἤγετο
1728 1732 1736 1739 ·
1753 1732 1839 1750 σπου-

1048 1768 1081 1804 δὴ
1091 1768 1145 1803 γὰρ
1156 1766 1190 1804 ἧν
1201 1769 1258 1799 τοῖς
1273 1768 1411 1802 ἀπάγουσι
1435 1770 1494 1800 ταῖς
1522 1769 1638 1800 πυκναῖς
1668 1769 1838 1804 μεταϐάσεσι

1048 1814 1304 1848 ταλαιπωρούμενον
1330 1814 1422 1846 κακῶς
1449 1815 1603 1842 ἀποθέσθαι
1618 1814 1647 1841 τὸ
1680 1814 1742 1850 ζῇν.
1759 1816 1836 1851 Ὀσῳ

1048 1861 1077 1887 δὲ
1094 1860 1205 1890 πολλαῖς
1215 1860 1416 1897 ταλαιπωρίαις
1428 1861 1538 1893 ἐδίδοτο,
1557 1862 1686 1888 τοσοῦτον
1699 1863 1836 1897 κρείττων

1049 1906 1101 1933 aut
1115 1906 1274 1941 φιλοσοφίας
1289 1903 1323 1942 ἦν
1349 1907 1450 1938 παντὸς
1466 1907 1514 1933 τοῦ
1535 1908 1763 1941 προσπίπτοντος,
1789 1909 1836 1935 καὶ

1048 1952 1226 1987 φαιδρότερον
1239 1952 1419 1985 ἀποστίλϐων,
1435 1953 1604 1987 ὣσπερτὸὲν
1619 1954 1685 1987 πυρὶ
1694 1953 1752 1988 φῶς
1768 1954 1835 1988 ὕλης

1048 1999 1123 2032 αὑτῷ
1137 1998 1257 2029 πλείονος
1287 1998 1522 2033 ὑποϐαλλομένης.
1551 1999 1671 2026 Ἐκεῖθεν
1696 2000 1725 2026 δὲ
1751 2001 1836 2027 πάλιν

1048 2045 1088 2075 είς
1105 2043 1257 2070 Πιτυοῦντα
1285 2042 1356 2069 οὓτω
1384 2043 1528 2070 κελευσθὲν
1548 2043 1666 2077 ἄγεται·
1698 2045 1836 2078 πολίχνιον

1047 2090 1075 2116 δὲ
1090 2090 1164 2116 τουτὶ
1179 2089 1274 2120 δεινῶς
1290 2089 1403 2124 ἔρημον,
1433 2090 1462 2115 ἐν
1488 2089 1604 2124 τέρματι
1627 2089 1678 2123 τῆς
1700 2090 1835 2125 Ποντικῆς

1048 2137 1187 2172 θαλάσσης
1201 2136 1384 2171 διακείμενον,
1396 2135 1544 2170 βαρϐάροις
1555 2136 1653 2170 ὅμορον
1664 2136 1817 2170 ὡμοτάτοις
1826 2145 1834 2151 ·

1047 2183 1114 2209 ὅπου
1129 2183 1161 2218 δὴ
1176 2184 1363 2217 ἀπαγόμενος,
1379 2183 1425 2209 καὶ
1451 2183 1519 2217 πρὸς
1543 2181 1610 2209 Θεὸν
1629 2181 1678 2217 ἤδη
1704 2183 1834 2217 ἐκδημεῖν

210 2221 361 2256 φίοςὶοτιλιιι
385 2222 437 2250 sibi
460 2223 588 2259 injectam
612 2225 722 2253 habeat.
746 2227 811 2256 Inde
832 2237 898 2257 vero
924 2230 996 2266 Pity-

1053 2229 1165 2263 μέλλων,
1181 2228 1278 2260 νυκτδς
1294 2228 1444 2263 εὐχομένῳ,
1472 2228 1631 2262 ἐφίστανται
1659 2229 1682 2254 oi
1706 2227 1755 2254 τοῦ
1774 2228 1833 2263 βίου

216 2271 308 2293 uutem
324 2267 361 2302 (3)
376 2267 425 2303 (ita
446 2268 519 2295 enim
534 2270 692 2297 mandatum
708 2271 808 2308 fuerat)
822 2273 921 2302 ductus
939 2281 993 2303 est.

209 2311 347 2346 Oppidum
379 2313 405 2340 id
437 2318 478 2342 est
511 2315 603 2350 gravis
631 2317 807 2352 solitudinis,
845 2320 879 2347 ad
913 2321 994 2348 finem

211 2359 316 2386 Pontici
336 2361 419 2388 maris
443 2362 538 2396 situm,
563 2364 722 2392 suavissimis
747 2365 872 2394 barbaris
888 2372 996 2395 conter-

213 2404 328 2431 minum.
343 2405 382 2432 Eo
396 2413 459 2434 cum
475 2407 634 2440 duceretur,
646 2413 672 2436 et
684 2410 739 2445 jarn
752 2411 785 2438 ad
800 2411 885 2438 Deum
899 2413 997 2447 migra-

211 2455 293 2478 turus
308 2455 393 2484 esset,
412 2456 496 2479 noctu
520 2452 546 2480 ei
561 2455 665 2486 oranti,
686 2456 732 2489 qui
754 2456 818 2483 vita:
835 2457 895 2492 ejus
910 2457 996 2485 duces

212 2496 334 2528 fuerunt,
345 2502 372 2525 et
382 2497 479 2525 Petrus
493 2503 521 2526 et
533 2499 665 2533 Joannes,
677 2500 849 2533 assistentes,
863 2509 995 2537 perquam

212 2544 301 2572 amice
320 2553 382 2572 eum
395 2553 429 2573 eo
444 2550 509 2573 sunt
523 2547 654 2574 collecuti
667 2555 674 2573 :
687 2548 768 2583 eique
782 2556 844 2576 cum
861 2549 996 2578 adversus

210 2589 349 2618 daemones
374 2591 530 2625 victoriam,
557 2597 615 2620 tum
632 2597 774 2627 postremo
798 2593 994 2629 migrationem

250 2657 287 2690 (l)
301 2659 343 2697 _Tu
357 2659 405 2697 tibi
420 2660 563 2697 persuade,
584 2665 683 2697 pneter
710 2661 817 2696 culpam
843 2670 875 2689 ac
901 2670 994 2697 pecca-

212 2696 282 2731 tum.
301 2691 402 2720 lmntini
421 2691 560 2731 accidere:
570 2691 638 2722 nihil
659 2691 837 2731 possm-quod
855 2698 889 2724 sit
901 2691 996 2726 'horri-

214 2726 269 2753 bile
285 2732 332 2753 aut
358 2729 617 2762 pertimescendum.
636 2726 813 2765 (Cicerof—
832 2732 940 2759 Scimus
964 2740 996 2760 ea

216 2766 317 2800 mente,
329 2770 409 2800 quam
425 2765 494 2791 ratio
510 2770 537 2800 et
552 2766 650 2792 veritas
663 2766 825 2800 przuscribit,
842 2771 871 2792 ut
885 2767 950 2793 nihil
969 2767 995 2794 in

213 2796 268 2822 vita
296 2797 376 2823 nobis
392 2799 584 2832 praestandum,
602 2796 698 2834 [ιι-ποίοι-
714 2796 832 2835 culpam,
847 2807 974 2835 putemus
989 2811 995 2828 :

210 2839 299 2871 eaque
331 2839 392 2871 eum
422 2840 573 2871 careamus.
591 2835 682 2862 omnia
707 2837 824 2863 ltutnaua
842 2836 946 2871 placate
970 2841 997 2864 t't

209 2866 354 2892 attodetatc
368 2866 497 2893 feramus.
518 2868 627 2896 tldcm.)

1047 2273 1122 2310 αὐτῷ
1138 2274 1232 2308 ὁδηγοὶ
1252 2274 1355 2309 Πέτρος
1383 2274 1431 2301 καὶ
1460 2273 1587 2308 Ἰωάννης
1601 2281 1608 2289 ⁶
1636 2274 1832 2308 προσειπόντες

1047 2329 1076 2346 τε
1089 2321 1140 2347 ὃσα
1154 2320 1219 2355 φίλα
1234 2320 1281 2347 καὶ
1309 2320 1358 2354 τὴν
1387 2319 1458 2346 κατά
1485 2319 1620 2353 δαιμόνων
1639 2319 1730 2354 νίκην,
1756 2320 1848 2351 τέλοςΔ

1048 2367 1094 2394 καὶ
1115 2366 1165 2402 τὴν
1182 2367 1250 2402 πρὸς
1267 2366 1334 2393 Θεὸν
1364 2366 1498 2401 ἐκδημίαν
1524 2365 1758 2400 εὐαγγελίζονται,
1785 2367 1832 2392 καὶ

1046 2414 1096 2447 τὴν
1108 2413 1163 2440 τῶν
1181 2413 1364 2448 ὲκδεξομένων
1379 2413 1530 2440 ἀπόλαυσιν
1541 2412 1662 2447 ἀγαθῶν.
1677 2410 1745 2440 Εῐτα
1767 2421 1828 2448 τρο-

1047 2461 1084 2495 φῇ
1112 2460 1227 2495 οὐρανίᾳ
1257 2460 1305 2486 καὶ
1328 2459 1478 2494 ἀπορρήτῳ
1506 2458 1600 2484 τοῦτον
1630 2458 1761 2489 σιτίζουσι
1787 2461 1831 2486 καὶ

1047 2506 1074 2539 ἐξ
1110 2506 1214 2532 ἐκείνου
1250 2505 1369 2540 διέμεινε
1407 2505 1491 2540 μηδέν
1518 2513 1544 2530 τι
1567 2505 1829 2538 προσενεγκάμενος.

1046 2551 1162 2586 Εἴρηται
1184 2551 1281 2583 ταῦτα,
1310 2548 1351 2582 οἷς
1375 2551 1478 2581 ἐκεῖνος
1501 2548 1586 2575 συνὼν
1607 2549 1828 2576 κατεπίστευσεν.

1047 2597 1165 2630 Ἐκεῖνος
1179 2599 1201 2625 δ’
1214 2599 1338 2626 ἐντεῦθεν
1354 2598 1422 2634 πρὸς
1452 2598 1564 2632 μείζονα
1593 2597 1746 2632 σκάμματα
1765 2599 1831 2632 pd).-

1085 2664 1122 2696 (2)
1139 2663 1263 2690 Fortasse
1281 2672 1329 2698 pro
1343 2661 1827 2702 monarliislegendum“ptonomaclii,

1047 2699 1099 2725 hoc
1119 2703 1160 2725 est
1183 2696 1366 2732 gladiatores:
1392 2704 1421 2724 ut
1446 2697 1548 2724 milites
1574 2696 1771 2731 intelligantur,
1785 2699 1827 2732 «με

1047 2741 1109 2760 cum
1129 2733 1154 2758 in
1169 2733 1294 2760 exsiliunt
1311 2734 1493 2760 abduxerunt.

1083 2768 1120 2799 (5)
1136 2767 1206 2794 l‘iin.
1222 2768 1270 2795 lib.
1283 2776 1318 2798 vt.
1330 2775 1390 2801 cap.
1403 2767 1432 2796 5.
1447 2768 1482 2795 de
1498 2767 1609 2801 regione
1629 2767 1758 2795 Colcltica
1780 2777 1785 2793 :
1799 2767 1826 2794 In

1047 2803 1139 2828 intimo
1157 2810 1186 2829 ro
1200 2803 1393 2837 (mclttJ’itgus
1405 2803 1529 2837 oppidum
1550 2802 1776 2838 opulentissimum
1798 2804 1826 2827 ab

1051 2837 1189 2864 llenioclzis
1203 2839 1329 2872 dire/Ilum
1347 2843 1394 2864 est.
1836 2851 1857 2858 ν
