1898 3054
17 148 83 179 953

482 155 774 191 ECCLESIAS’I‘IG‘E
796 163 988 193 HISTORIA?
1009 164 1081 196 LIB.
1102 167 1184 196 XIII.

1591 171 1659 204 ιοξι

13 211 42 229 ⁵⁸⁵
76 205 212 241 ἐχώρει.
237 209 271 235 Ol
297 210 324 236 δὲ
346 211 536 243 πιστευθέντες
559 214 638 247 ἄγειν
661 215 706 241 τιν
741 216 819 249 μέγαι

879 216 912 244 ad
930 218 1027 250 Deum,
1044 224 1071 247 et
1087 227 1148 254 qua:
1163 228 1226 247 eunt
1244 227 1393 256 exceptura
1414 228 1509 251 essent
1522 223 1656 252 bonorum

11 253 147 285 νεκραῖς
163 255 226 284 ταῖς
249 255 416 290 ὁδοιπορίαις
445 259 609 292 κατέτεινον,
638 260 723 287 ὑετῶν
748 261 823 287 ἐστιν

12 304 43 322 τε
58 298 304 334 ἐπικλυζόντων,
317 303 363 328 καὶ
375 303 452 337 ἡλίου
463 304 492 330 τὸ
507 306 694 339 ἀκμαιότατον
710 307 822 341 φλέγονο

10 352 43 374 ος
61 352 70 359 ⁸
101 346 218 380 μισθὸς
235 347 291 382 γὰρ
299 348 348 382 τῆς
362 349 406 375 ἐπ’
426 350 522 386 ἐκείνῳ
534 350 675 386 ὠμότητος
684 353 823 388 ἐπηγγέλ-

9 399 67 418 ετο
90 393 248 426 μειζόνων
272 395 361 427 τιμῶν
389 396 527 430 εὑμοιρία,
560 398 641 424 Ἀλλὰ
672 398 823 426 Πιτυοῦντα

9 437 53 462 μὲν
68 438 140 465 οὐκ
158 439 244 475 ἔσχεν
257 440 333 471 ἰδεῖν,
347 442 384 472 ὡς
399 443 416 477 ἡ
435 441 594 477 Ἐπιφανίου
612 444 705 479 εἴρηκε
735 446 822 481 upup-

7 483 107 517 εηπις.
130 484 185 511 Ἐν
201 486 343 520 Κομάνοις
357 487 385 513 δὲ
400 489 556 523 γενόμενος,
575 490 644 525 πρὸς
668 491 708 526 τῷ
726 491 824 526 εὐκτη-

6 528 57 562 ait?
78 529 269 557 Βασιλίσκου
283 531 331 558 τοῦ
345 532 483 567 μάρτυρος
496 533 591 566 ἄγεται
605 543 612 550 ·
628 534 657 562 ὃν
673 535 822 562 ἐπίσκοπον

4 574 56 599 ιὲν
80 575 181 609 λόγος
191 577 331 610 γενέσθαι,
360 579 412 605 ὑπὸ
439 579 467 606 δὲ
499 580 652 615 Μαειμίνου
680 581 750 608 κατὰ
772 581 822 616 τὴν

5 619 208 655 ΐικομήδους
218 622 250 648 τὸ
265 623 433 659 μαρτυρικὺν
449 625 557 652 στάδιον
579 626 717 654 ὑπελθεῖν.
734 627 820 654 Ἐκεῖ-

4 674 31 691 ss
45 668 166 693 τοίνυν
181 667 252 703 ὄναρ
279 669 393 702 ἐπιστὰς
407 671 421 697 ύ
451 671 567 706 μάρτυς,
580 681 589 698 ι
613 672 726 708 Θάρσει,
755 673 820 708 ἔφη,

3 712 125 747 ἑδεὶφὲ
142 714 272 749 Ἰωάννη,
288 716 463 752 ἀμφοτέρους
479 718 552 752 ἡμᾶς
567 719 583 753 ή
600 719 717 746 ἐπιοῦσα
740 720 822 746 συνά-

6 758 51 792 ζαει.
70 768 80 774 ·
107 770 120 786 ι
138 759 297 796 ἐπισκῆψαι
314 762 342 789 δέ
357 763 453 798 καὶτῷ
480 765 620 801 νεωκόρῳ,
646 766 729 793 τόπον
751 767 822 792 ἐτοι-

4 804 112 835 μάσςιι.
128 805 171 838 τῷ
188 805 313 842 Ἰωάννῃ.
327 807 450 835 Ἐκεῖθεν
472 808 502 836 δὲ
530 810 654 842 σταδίους
671 810 821 845 τριάκοντα

3 850 222 884 ἰιανύσαντες,
237 853 342 887 πλάνην
358 854 433 888 παρὰ
452 854 530 888 δόξαν
542 855 721 890 ὑποστάντες,
737 857 820 884 ἐπαν-

3 897 161 931 έρχεσθαι
193 898 277 925 πάλιν
303 900 374 926 κατά
413 900 458 927 τὶν
492 901 542 928 τοῦ
571 902 710 937 μάρτυρος
739 903 822 938 σηκὺν

5 941 150 974 ἐγένετο.
170 942 272 974 Καλῶς
288 941 335 970 οὖν
357 945 390 971 τὰ
404 944 465 971 κατ’
492 946 573 973 αὐτὸν
591 947 760 981 διαθέμενος,
777 948 822 974 καὶ

3 989 60 1021 τὴν
79 988 225 1022 γλῶσσαν
240 990 310 1022 πρὸς
334 990 511 1018 διδασκαλίαν
528 993 654 1027 κινήσας.
681 994 728 1020 καὶ
754 994 822 1028 πρὸς

7 1033 41 1058 τὸ
58 1034 256 1069 φαιδρότερον
268 1035 332 1070 ἄχρι
346 1037 392 1063 καὶ
406 1037 592 1072 ὑποδημάτων
607 1041 821 1075 μετακοσμήσας

8 1077 136 1110 ἐαυτὶν,
169 1079 224 1106 τῶν
252 1080 332 1108 θείων
361 1084 530 1117 κοινωνήσας
561 1083 732 1119 ἁγισμάτων,
764 1086 821 1118 καὶ,

13 1133 23 1149 ι
44 1125 127 1158 Δόξα
150 1134 205 1158 σοι,
221 1126 318 1161 Κύριε,
336 1127 446 1155 πάντων
465 1129 570 1163 ἕνεκεν,
590 1139 600 1155 ι
623 1130 756 1162 ἐπειπὼν,
775 1132 822 1158 καὶ

10 1172 53 1205 τῷ
70 1172 129 1199 τοῦ
151 1173 271 1208 σταυροῦ
286 1174 365 1209 τύπῳ
378 1172 400 1208 ᾧ
425 1176 524 1210 συνέζη
551 1177 833 1212 ἐπισφραγισάμενος

12 1216 136 1252 ἑαυτὸν,
160 1218 211 1254 τὴν
223 1220 366 1255 μακαρίαν
390 1222 527 1258 ἐπορεύθη
552 1223 686 1258 πορείαν,
712 1224 822 1259 Χριστῷ

12 1263 118 1290 συνὼν
134 1265 183 1290 καὶ
207 1265 427 1300 συμϐασιλεύων,
454 1267 524 1302 ὑπὲρ
551 1266 582 1296 οὗ
611 1270 675 1301 τοὺς
698 1270 823 1304 μακροὺς

14 1310 127 1342 πόνους
144 1311 301 1346 ὑπήνεγκεν
317 1320 324 1328 ·
337 1313 428 1348 ἑαυτῷ
442 1314 491 1349 μὲν
507 1315 556 1350 τῆς
572 1314 706 1350 ἐκδημίας
737 1315 823 1350 μακά.

17 1365 96 1389 ριος,
115 1357 223 1392 σφόδρα
239 1358 267 1384 δὲ
281 1359 338 1389 τοῖς
364 1360 514 1393 ἐγνωκόσιν
538 1360 676 1396 ὀδυνηρὸς,
703 1361 749 1394 οὓς
777 1363 823 1389 καὶ

17 1403 154 1438 μετρίως
187 1404 234 1430 τοῦ
270 1405 372 1432 οίκείου
409 1405 517 1441 μέλιτος
550 1406 673 1440 ἔγευσεν,
714 1407 823 1442 Ἡμέρα

22 1449 126 1479 μέντοι
141 1449 192 1484 τῆς
203 1449 344 1485 τελευτῆς,
358 1451 419 1478 καθ’
435 1452 467 1486 ἣν
482 1451 514 1486 δὴ
529 1453 575 1479 καὶ
591 1453 640 1488 τὴν
655 1453 701 1479 τοῦ
717 1453 824 1488 ξωηφό-

22 1503 74 1528 pou
94 1495 218 1532 σταυροῦ
239 1496 342 1531 ὓψωσιν
358 1497 536 1533 ἑορτάζομεν,
549 1499 822 1534 τεσσαρεσκαιδεκά-

877 264 1084 297 perceptionem
1121 273 1183 292 cum
1216 266 1313 293 la-titia
1346 270 1558 296 aununtiarunt.
1590 270 1660 298 Dein

876 309 980 336 caelesti
1012 315 1039 337 ct
1062 310 1192 338 inctfabili
1208 320 1271 339 eum
1288 320 1350 340 esca
1367 319 1502 348 paverunt
1518 325 1525 344 :
1543 324 1576 343 ex
1602 324 1662 351 quo

878 358 1002 388 tempore
1026 355 1094 382 nihil
1110 361 1203 390 postea
1226 357 1280 384 cibi
1299 359 1425 394 sumpsit.
1453 360 1530 387 Dicta
1548 360 1606 388 haec
1621 361 1660 388 ab

875 401 915 427 eis
938 405 1012 433 sunt,
1030 402 1133 436 quibus
1146 402 1189 430 ille
1205 411 1235 430 ea
1250 411 1341 431 secum
1357 406 1529 433 versantibus
1543 414 1658 434 concre«

873 446 956 473 didit.
982 446 1053 475 Hinc
1070 447 1154 475 etiam
1175 449 1221 476 ille
1242 449 1275 476 ad
1300 450 1401 486 majora
1424 459 1586 485 progressus
1613 457 1656 480 est

874 493 1037 520 certamina.
1054 492 1095 521 Illi
1113 501 1194 529 porro
1209 495 1310 530 quibus
1325 504 1439 532 magnus
1456 498 1498 524 vir
1510 497 1656 525 ducendus

873 539 1036 567 commissus
1056 540 1163 574 fuerat,
1191 543 1296 577 magnis
1321 543 1469 570 itineribus
1497 543 1654 578 proﬁcisce-

874 584 984 616 bantur,
1000 585 1149 620 aliquando
1164 588 1306 615 tmmensis
1324 588 1425 622 pluviis
1439 589 1654 621 exundantibus,

873 631 1022 666 aliquando
1045 632 1113 660 solis
1138 633 1223 661 radiis
1245 635 1364 662 maxime
1389 635 1556 662 urentibus:
1573 634 1656 670 429

872 684 979 705 merces
995 679 1067 705 enim
1082 686 1178 706 eorum
1198 680 1354 708 crudelitati
1373 681 1400 708 in
1420 681 1468 708 illo
1494 680 1656 708 exercendae

871 724 1006 758 majorum
1030 724 1196 759 dignitatum
1236 726 1356 754 honores
1387 727 1529 761 proposita
1554 726 1654 754 fuerat.

871 769 1004 797 Caeterum
1019 770 1176 805 Pityuntem
1188 771 1283 799 videre
1305 780 1360 798 non
1379 772 1479 807 potuit,
1495 771 1575 799 sicuti
1590 770 1656 805 Epi-

871 815 966 850 phanii
989 816 1151 844 vaticinium
1167 817 1342 852 praedixerat.
1361 817 1401 844 Ad
1424 817 1598 845 Comanenos
1615 816 1654 851 (Ι)

872 865 961 888 autem
973 861 1109 890 Armeniae
1121 870 1183 890 cum
1196 863 1329 895 venisset,
1339 863 1372 890 ad
1390 863 1521 898 templum
1533 862 1656 891 Basilisci

874 907 1003 942 martyris
1015 908 1114 935 ductus
1130 913 1182 938 est.
1206 910 1252 944 qui
1274 909 1420 944 episcopus
1442 909 1538 940 fuisse,
1555 912 1583 936 et
1603 907 1655 935 sub

873 951 1022 979 Maximino
1047 952 1215 981 Nicomedia:
1237 954 1360 988 martyrii
1388 958 1526 981 certamen
1553 952 1656 991 obiissp

872 996 984 1024 dicitur.
1002 997 1040 1025 lbi
1056 998 1082 1025 in
1102 1000 1206 1026 somnis
1217 1000 1241 1026 ei
1262 1006 1399 1034 apparens
1412 1003 1528 1034 martyr,
1545 1007 1553 1024 ι
1568 997 1654 1029 Bono,

873 1042 970 1077 inquit,
1000 1043 1093 1071 animo
1117 1048 1189 1076 esto,
1214 1043 1336 1071 Joannes
1360 1043 1458 1076 frater,
1483 1050 1534 1069 nos
1560 1041 1656 1068 ambos

873 1089 993 1116 crastina
1008 1089 1067 1116 dies
1089 1090 1247 1124 conjunget.
1270 1099 1279 1115 ι
1298 1090 1346 1117 Ille
1367 1089 1449 1116 etiam
1466 1087 1572 1116 custodi
1587 1091 1656 1114 tem-

872 1135 909 1168 pli
927 1140 957 1161 ut
970 1135 1060 1162 locum
1075 1135 1172 1163 Joanni
1190 1140 1309 1170 pararet,
1327 1135 1468 1170 praecepit.
1490 1135 1529 1161 Ex
1541 1141 1574 1161 eo
1594 1133 1655 1160 loco

873 1187 935 1208 cum
953 1181 1061 1216 triginta
1086 1181 1238 1209 stadiorum
1262 1182 1316 1208 iter
1336 1181 1534 1212 confecissent,
1553 1183 1656 1214 praeter

873 1227 1032 1261 opinionem
1059 1231 1134 1254 recta
1164 1227 1208 1254 via
1237 1227 1410 1258 excidentes,
1436 1226 1588 1253 errabundi
1619 1225 1653 1252 ad

874 1273 1003 1308 martyris
1017 1273 1102 1299 :edetn
1117 1272 1220 1299 reversi
1237 1276 1313 1299 sunt.
1337 1272 1430 1306 Itaque
1447 1278 1509 1298 cum
1526 1279 1571 1298 res
1591 1278 1655 1298 suas

873 1319 1067 1354 disposuisset,
1084 1318 1204 1353 linguam
1222 1318 1254 1345 ad
1272 1318 1426 1345 docendum
1445 1317 1587 1348 movisset,
1605 1316 1654 1343 lte-

875 1365 929 1392 tius
950 1372 991 1396 se,
1012 1364 1049 1391 ita
1066 1370 1095 1391 ut
1113 1365 1220 1391 calceos
1239 1371 1350 1399 quoque
1369 1363 1506 1396 indueret,
1531 1362 1658 1390 vestibus

873 1412 932 1439 suis
945 1415 1082 1442 ornasset,
1097 1415 1125 1437 et
1139 1418 1188 1445 per
1210 1410 1433 1437 communionem
1450 1409 1572 1436 divinam
1588 1417 1656 1436 sau-

874 1457 1067 1485 etilicationetu
1095 1456 1288 1491 percepisset:
1314 1466 1323 1482 ι
1348 1456 1440 1483 Gloria
1467 1455 1532 1486 tibi,
1552 1455 1657 1489 inquit,

874 1504 1001 1536 Domine,
1012 1503 1045 1530 de
1065 1503 1147 1530 rebus
1163 1503 1302 1530 omnibus.
1319 1512 1327 1529 I
1345 1503 1379 1530 Et
1394 1502 1484 1537 seipse
1498 1502 1576 1536 signo
1592 1509 1656 1529 cru-

22 1549 57 1576 τη
88 1541 261 1577 Σεπτεόρίου
295 1543 390 1578 μηνός.
417 1543 522 1579 Ἐχρῆν
548 1544 597 1572 καὶ
621 1545 676 1580 γὰρ
696 1545 743 1573 τὸν
761 1546 819 1573 ὅλον

874 1549 924 1579 eis,
942 1547 992 1575 sub
1010 1554 1063 1582 qua
1081 1547 1198 1579 vixerat,
1219 1547 1376 1582 obsignato,
1395 1546 1502 1573 beatam
1518 1546 1591 1572 illam
1612 1545 1660 1572 ιιι--

22 1587 252 1623 ἐσταυρωμένων
266 1588 388 1624 ζήσαντα
415 1589 483 1625 βίον,
500 1591 548 1617 καὶ¹
570 1590 601 1617 τὸ
623 1591 753 1626 καύχημα
782 1593 820 1628 μὴ

24 1635 53 1660 ὲν
68 1635 147 1671 ἄλλῳ
166 1635 223 1670 ἢέν
245 1636 284 1671 τῷ
300 1636 410 1672 σταυρῷ
425 1637 471 1663 τοῦ
487 1637 606 1672 Χριστοῦ
622 1637 745 1673 θέμενον,
760 1639 819 1665 κατ’

23 1681 116 1717 αὑτήν
133 1690 164 1716 γε
175 1682 225 1717 τὴν
240 1683 347 1718 ἡμέραν
360 1684 410 1717 τῆς
420 1682 504 1710 αὐτοῦ
522 1683 630 1718 ἑορτῆς,
645 1683 675 1710 ὃν
691 1684 723 1710 ἐκ
738 1684 820 1718 τῆσδε

25 1726 79 1760 τῆς
93 1725 163 1761 ὕλης
178 1726 328 1761 ἐπεφέρετο
341 1727 418 1760 χοῦν,
436 1726 598 1760 ἀποθέσθαι,
614 1727 661 1754 καὶ
674 1728 740 1763 πρὸς
754 1728 821 1754 Θεὸν

27 1772 186 1808 ὑψωθῆναι.
204 1772 272 1799 Τότε
284 1773 314 1809 δὴ
335 1773 436 1808 πλῆθος
457 1773 573 1809 ἄπειρον
597 1774 751 1810 συρῤεὗσαν
773 1775 820 1802 ἁν-

28 1818 103 1853 ὖρῶν
118 1826 148 1845 τε
162 1818 221 1853 ἅμα
238 1820 285 1846 καὶ
298 1820 437 1853 γυναικῶν
456 1820 576 1851 εὑσεὸὦς
600 1820 709 1852 ζώντων
734 1821 766 1848 ἐκ
791 1830 822 1848 τε

30 1866 133 1900 Συρίας
145 1866 193 1893 καὶ¹
209 1865 348 1898 Κιλικίας,
361 1867 462 1894 Πόντου
475 1875 505 1894 τε
533 1869 580 1894 καὶ
595 1867 751 1902 Ἀρμενίας,
774 1868 823 1894 καὶ

29 1914 122 1945 ὁσίαις
135 1914 316 1950 καταθέμενοι
335 1914 429 1942 τοῦτον
442 1916 536 1950 χερσὶν
557 1915 671 1950 ἔγγιστά
692 1924 745 1942 που
770 1916 822 1943 Βα-

31 1959 158 1986 σιλίτκου
172 1960 219 1986 τοῦ
237 1960 388 1994 μάρτυρος,
411 1960 625 1994 ἀπηλλάττοντο.

872 1601 984 1630 gressus
1000 1598 1043 1621 est
1061 1593 1274 1628 profectionem,
1297 1601 1360 1620 cum
1382 1592 1493 1620 Christo
1516 1593 1610 1618 vivens
1627 1595 1662 1619 et.

873 1647 1002 1675 regnans,
1019 1635 1069 1674 pro
1085 1647 1139 1674 quo
1153 1639 1262 1667 labores
1277 1640 1373 1675 longos
1388 1639 1510 1674 pertulit,
1530 1645 1580 1664 suo
1591 1637 1654 1672 qui-

872 1686 933 1713 dem
952 1686 1065 1712 nomine
1081 1693 1130 1720 per
1148 1685 1339 1720 migrationem
1359 1685 1440 1712 talem
1462 1684 1526 1711 felix
1542 1688 1569 1711 et
1588 1683 1661 1710 bea‘

872 1736 928 1764 tus,
961 1732 1001 1759 eis
1017 1736 1107 1758 autem
1131 1731 1177 1766 qui
1194 1739 1256 1759 eum
1280 1734 1483 1768 cognoverunt,
1497 1734 1524 1757 et
1540 1729 1582 1756 vel
1598 1735 1662 1755 me»

872 1778 1005 1806 diocriter
1035 1778 1166 1805 mellitam
1190 1778 1251 1812 ejus
1279 1777 1433 1804 doctrinam
1459 1777 1660 1811 degustarunt,

873 1821 1070 1856 deplorandus.
1089 1821 1187 1849 Obitus
1201 1823 1261 1857 ejus
1274 1822 1301 1849 in
1318 1829 1378 1849 eatn
1393 1821 1465 1848 diem
1480 1820 1588 1850 incidit,
1600 1827 1654 1854 qua

872 1866 989 1894 viviticze
1007 1867 1097 1894 crucis
1110 1867 1305 1894 exultationem
1321 1867 1503 1895 celebramus.
1527 1865 1655 1900 Septem-

874 1914 932 1942 bris
947 1915 1051 1942 mensis
1068 1914 1202 1942 decimam
1224 1919 1360 1948 quartam.
1382 1914 1428 1940 Sic
1452 1913 1525 1940 enitn
1550 1919 1653 1939 conve-

877 1962 982 1994 niebat,
1000 1969 1063 1989 eum
1085 1962 1132 1996 qui
1147 1961 1231 1988 vitam
1249 1968 1358 1987 omnem
1375 1960 1426 1987 sub
1441 1966 1523 1987 cruce
1547 1964 1654 1986 transe-

31 2011 121 2038 gerat,
139 2011 168 2033 et
183 2007 297 2041 gloriam
322 2014 376 2033 nun
402 2006 430 2033 in
456 2007 508 2034 alia
548 2014 576 2034 re
600 2015 681 2042 quam
714 2007 742 2034 in
778 2015 861 2036 cruce
880 2008 983 2036 Christi
1006 2009 1198 2040 collocaverat,
1227 2007 1296 2035 festo
1319 2007 1406 2042 ipsius
1427 2007 1482 2038 die,
1509 2013 1590 2040 quem
1619 2012 1660 2033 ex

35 2054 153 2081 materia
167 2053 218 2081 ista
234 2057 377 2088 acceptum
393 2053 608 2081 circumferebat
638 2054 760 2081 cinerem
794 2054 944 2090 deponere,
973 2059 1056 2090 atque
1089 2055 1123 2082 ad
1157 2055 1241 2082 Deum
1266 2054 1292 2081 in
1317 2053 1433 2080 sublime
1450 2053 1515 2079 ferri
1534 2056 1561 2079 et
1577 2051 1652 2078 exalf

35 2102 99 2127 tari.
115 2101 155 2127 Eo
170 2108 237 2128 vero
251 2105 309 2127 tum
341 2100 554 2128 innumerabilis
587 2101 631 2136 pie
665 2102 816 2129 viventium
836 2102 958 2130 virorum
982 2107 1010 2130 et
1026 2102 1192 2130 feminarum
1207 2100 1355 2128 multitudo
1380 2107 1413 2127 ex
1437 2099 1525 2135 Syria,
1546 2097 1659 2129 Cilicia;

36 2148 123 2176 l'onto
146 2153 174 2175 et
196 2147 326 2174 Armenia
347 2147 505 2175 conﬂuxit:
525 2148 572 2183 qui
591 2153 735 2183 postquam
753 2155 816 2175 eum
838 2148 890 2184 piis
923 2150 1050 2177 manibus
1073 2157 1159 2185 prope
1182 2149 1345 2177 Basiliscum
1366 2153 1516 2185 martyrem
1536 2146 1661 2182 sepelie‘

37 2201 112 2228 runt,
130 2203 239 2223 rursum
256 2195 320 2222 inde
333 2195 473 2222 abierunt.

316 2254 443 2282 ΚΕΦΑΔ.
472 2254 539 2281 ΑΠ’.

67 2303 135 2338 Περὶ
152 2301 208 2335 τῆς
223 2300 367 2335 τελευτῆς
386 2300 440 2327 τοῦ
452 2300 607 2333 ,βασιλέως
624 2300 795 2334 Ἀρκαδίων.

72 2361 163 2396 τρίτῳ
187 2359 209 2385 δ’
225 2359 279 2385 ἔτει
295 2358 365 2392 μετὰ
395 2357 444 2393 τὴν
469 2358 600 2393 τελευτὴν
619 2358 744 2385 Ἰωάννου
773 2359 822 2385 καὶ

46 2408 186 2444 ’Λρκάδιος
200 2405 339 2438 ἐτελεύτα,
358 2404 483 2439 διάδοχον
502 2405 552 2439 τῆς
567 2405 719 2439 ἡγεμονίας
736 2410 822 2431 κατα-

42 2454 127 2481 λιπὼν
144 2452 283 2480 Θεοδόσιον
300 2451 346 2478 τὴν
370 2451 442 2482 υἱέα,
467 2450 563 2485 ὥσπερ
575 2450 607 2486 δὴ
628 2451 677 2476 καὶ
692 2451 708 2484 ἡ
728 2450 822 2485 μήτηρ

44 2501 184 2536 πρότερον,
200 2498 262 2533 ἄρτι
274 2497 390 2532 γάλακτι
402 2497 577 2531 πεπαυμένον
591 2496 738 2531 τρέφεσθαι
750 2503 757 2510 ”
773 2495 822 2522 θυ-

44 2547 160 2580 γατέρας
177 2544 205 2571 δὲ
223 2544 391 2579 Πουλχερίαν
406 2544 453 2569 καὶ
472 2542 618 2577 Ἀρκαδίαν
635 2543 681 2569 καὶ
695 2542 822 2578 Μαρίναν

44 2592 81 2618 ἔτι
96 2591 191 2625 κομιδῇ
209 2590 285 2622 νέας,
300 2590 329 2616 αἳ
356 2590 402 2616 xa‘t
419 2589 447 2615 ἐν
465 2589 600 2623 παρθενίᾳ.
615 2588 765 2622 διέμειναν.
782 2588 821 2615 Οὐ

46 2638 130 2673 πολλῷ
154 2637 183 2663 δὲ
205 2635 321 2669 ὕστερον
345 2636 392 2662 καὶ
410 2635 539 2669 ὐνώριος
557 2634 645 2669 ὑδέρῳ
657 2634 768 2667 θνήσκει
793 2635 821 2660 ἐν

52 2683 151 2718 Ῥώμῃ,
176 2681 222 2708 τὸν
246 2681 297 2716 τῆς
323 2681 443 2715 ἀδελφῆς
469 2680 572 2711 Γάλλος
598 2680 747 2711 Πλακιδῖας
775 2681 822 2706 καὶ

50 2727 250 2754 Κωνσταντίνου
268 2726 335 2759 υἱὸν,
358 2727 402 2752 τὸν
423 2726 514 2761 τρίτον
535 2725 757 2752 Οᾶαλεντινιανὺν
774 2726 822 2752 καὶ

54 2773 178 2809 Ὁνωρίαν
207 2774 240 2808 τῇ
262 2769 355 2808 Tibur,
384 2771 551 2798 καταλιπών.
573 2771 644 2805 Πρὸς
672 2771 700 2797 δὲ
715 2770 754 2806 τῷ
772 2771 821 2806 τῆς

81 2841 115 2876 (1)
135 2839 253 2867 Comana
277 2840 406 2874 oppidum
434 2844 477 2867 est
508 2839 696 2876 Cappadociae.
725 2839 819 2872 (Plin.

53 2876 93 2904 lib.
108 2884 140 2909 Vl,
157 2883 217 2910 cap.
242 2876 282 2909 5.)
299 2876 455 2903 Secundum
473 2875 634 2902 Strabonem
651 2875 699 2902 lib.
717 2882 762 2907 xu,
791 2876 818 2902 itt

1086 2253 1167 2290 43o
1186 2253 1299 2282 CAPUT
1319 2239 1462 2280 XXxvut.

1044 2300 1082 2327 De
1095 2301 1165 2328 obitu
1181 2301 1347 2335 imperatoris
1362 2300 1479 2327 Arcadii.

908 2357 976 2386 Post
994 2356 1109 2385 Joannis
1135 2363 1269 2390 mortem,
1291 2357 1427 2384 Arcadius
1451 2363 1561 2390 quoque
1581 2361 1663 2381 anno:

875 2404 957 2432 tertio
983 2405 1130 2432 defunctus
1147 2411 1200 2437 est,
1217 2405 1297 2432 sicuti
1323 2407 1350 2431 et
1372 2408 1451 2430 antea
1474 2402 1573 2433 coniux
1595 2401 1662 2435 ejus:

874 2451 1008 2478 Eudoxia.
1036 2450 1147 2485 Imperii
1169 2457 1357 2478 successorem
1383 2449 1405 2476 is
1426 2449 1510 2476 filiuni
1527 2447 1655 2474 Theodo-

873 2496 944 2523 sium
961 2495 1085 2528 reliquit,
1104 2495 1271 2530 jampridem
1287 2503 1302 2522 a
1326 2496 1397 2523 lacte
1417 2501 1564 2522 remotum.
1581 2493 1661 2520 Rcli~

873 2542 932 2577 quit
960 2543 1042 2569 etiam
1064 2541 1145 2573 ﬁlias,
1161 2541 1346 2572 Pulcheriam,
1361 2541 1505 2569 Arcadiam
1524 2547 1552 2569 et
1572 2541 1656 2567 Mari-

874 2596 949 2619 nam,
965 2587 1113 2614 admodum
1129 2591 1250 2618 teneras,
1261 2595 1321 2621 qua:
1332 2587 1358 2614 in
1374 2587 1532 2622 virginitate
1544 2587 1659 2614 caelibes

874 2642 1059 2670 permansere.
1079 2633 1183 2662 Dehinc
1197 2634 1285 2661 multo
1306 2638 1370 2668 post
1392 2635 1532 2662 Honorius
1544 2641 1657 2669 quoque

873 2681 967 2708 Romae
982 2679 1104 2715 hydrupe
1121 2679 1213 2714 periit,
1234 2678 1340 2706 sororis
1355 2687 1412 2706 suae
1425 2679 1508 2707 Galla:
1523 2680 1657 2707 Placidia

872 2731 899 2752 et
922 2725 1076 2753 Constantii
1108 2725 1192 2752 illium
1221 2724 1444 2752 Valentinianum
1476 2725 1601 2758 tertium,
1626 2730 1656 2752 et

873 2772 957 2799 filiam
973 2770 1099 2806 ejusdem
1116 2771 1278 2803 Honor-iam,
1295 2773 1358 2805 post
1376 2777 1406 2798 se
1427 2772 1454 2798 iu
1477 2778 1508 2797 ea
1526 2771 1594 2798 urbe
1609 2778 1654 2797 re-

873 2839 1042 2865 eonvallibus
1058 2838 1204 2865 Autitauri.
1220 2837 1430 2865 Cumancnsium
1453 2837 1555 2864 mentio
1571 2842 1612 2865 est
1631 2837 1652 2865 Ι.

873 2874 937 2901 Cum
949 2879 1037 2900 attica.
1051 2874 1081 2901 (Σ.
1103 2874 1138 2901 De
1154 2873 1236 2908 agt‘ic.
1254 2878 1280 2902 cl
1297 2874 1394 2901 consil.
1412 2874 1457 2901 lib.
1476 2881 1495 2900 tt
