1899 3062
118 137 183 170 llOl

561 136 859 168 ECCLESIAS‘l‘lC/E
877 137 1070 167 IllSTOlll.E
1090 137 1162 167 LIB.
1183 138 1258 168 XIV.

1665 139 1731 168 ll'.)?.

114 195 228 230 θέατρον
251 196 308 226 τοῖς
333 196 481 230 ὀρχησταῖς
506 197 691 231 συνηγειρξτο,
717 196 765 222 ἁτε
788 196 820 230 δὴ
843 196 896 222 τῶν

950 200 1053 222 motum
1069 195 1180 229 patitur.
1201 195 1292 230 Itaque
1315 195 1462 222 multitudo
1485 196 1644 222 tumultuari
1661 201 1731 222 Inter

119 238 255 266 Ἰουδαίων
271 239 301 265 οὐ
319 239 387 273 πρὸς
404 238 454 275 τὴν
469 239 516 266 τοῦ
534 241 616 274 νόμον
635 242 765 276 ἀκρόασιν
781 241 829 276 τὴν
847 242 895 276 ἀρ-

113 284 173 317 γίαν
190 285 433 320 καταχρωμένων,
451 286 518 312 ἀλλὰ
532 286 562 312 τδ
577 287 632 317 τοῖς
651 286 774 321 θεάτροις
795 287 894 321 μᾶλλον

112 331 328 366 ὲνασχολεῐσθαι.
346 331 396 358 Διά
411 341 451 358 τοι
466 332 545 358 τοῦτο
561 332 608 358 καὶ
623 333 758 367 ἐπίμαχος
773 334 789 368 ἡ
806 334 895 368 ἡμέρα

112 375 181 411 αὕτη
195 378 253 407 τοῖς
267 376 314 403 τοῦ
331 377 419 412 δήμου
438 377 587 403 καθίστατο
605 378 720 412 μέρεσι·
739 379 786 404 καὶ
801 378 895 404 τούτου

112 423 193 457 χάριν
212 423 264 449 ὑπὸ
282 422 328 449 τοῦ
347 423 396 457 τῆς
413 423 616 458 Ἀλεξανδρείας
636 424 756 459 ἐπάρχου
776 425 804 450 ὲν
822 425 896 456 τάξει

111 469 318 501 καταστάντος,
343 470 368 496 οἱ
387 469 507 495 Ἰουδαῖοι
533 469 607 495 οὐδὲν
632 467 712 505 ἦττον
737 470 896 502 ἐπέκειντο,

112 514 220 550 θατέρῳ
237 515 291 541 τῶν
309 514 402 549 μερῶν
417 515 512 549 ῶσπερ
531 515 754 546 άντιπαθοῦντος.
770 515 827 541 Ἀεὶ
848 516 898 550 μὲν

112 558 159 586 οὖν
173 560 303 594 πολέμιον
317 560 396 586 τοῦτο
410 560 440 586 τὸ
455 561 538 593 φῦλον
553 561 725 594 Χριστιανοῖς
735 580 742 591 ,
759 560 806 587 καὶ
821 561 898 586 εὐσε-

112 606 169 632 ϐεῖν
184 606 433 639 ἀναπεπεισμένον,
449 606 483 640 ἢν
496 606 535 632 ὅτι
551 606 677 632 πλεῖστον
692 607 778 632 αἴτιον
793 606 898 639 γένοιτο

111 652 196 678 κακόν
210 660 236 678 τι
253 653 369 686 πάσχειν
384 652 459 687 ἡμᾶς
472 661 478 666 ·
495 653 555 678 τότε
571 652 598 677 δὲ
614 653 661 678 καὶ
677 652 776 687 μᾶλλον
791 652 835 679 διὰ
849 653 899 686 τὴν

99 697 265 732 ἐἰρημένην
285 697 374 724 αἰτίαν
392 697 446 723 τῶν
464 697 605 732 ὀρχηστῶν
626 698 672 724 καὶ
691 698 817 724 πλεῖστον
839 698 899 724 καθ’

112 743 221 770 ἑαυτῶν
237 741 307 778 ἦσαν
326 743 598 778 ἐκπεπολεμωμένοι.
619 743 672 769 Καὶ
742 752 800 770 τινα
821 743 898 769 πολι-

111 789 186 813 τείαν
202 787 416 822 πρυτανεύοντος
428 787 555 820 Ὀρέστου
569 787 615 813 τοῦ
630 787 680 822 τῆς
691 787 898 822 Ἀλεξανδρείας

113 834 237 868 ἐπάρχου
254 833 293 867 τῷ
308 833 386 867 δήμῳ
403 832 493 867 (οὕτω
509 832 563 867 γὰρ
579 833 674 864 simul;
691 833 837 868 ὀνομάζειν
851 833 900 863 τὰς

949 247 979 268 se
1004 241 1100 274 cmpit,
1124 248 1178 267 non
1203 240 1364 268 necessitate
1389 240 1517 275 quapiam
1536 240 1664 272 abducta,
1682 241 1730 268 sed

951 291 1062 321 propter
1077 294 1247 313 communem
1259 307 1266 317 ,
1286 295 1345 321 qui}
1363 291 1420 314 tum
1437 294 1534 314 omnes
1549 295 1632 321 prope
1648 288 1731 314 urbes

951 332 1098 362 invaserat,
1116 332 1308 359 calamitatem.
1328 333 1441 360 Relictis
1453 333 1559 360 scilicet
1573 333 1656 360 rebus
1670 341 1730 360 ont-

952 376 1050 408 nibus,
1075 376 1195 404 studium
1220 384 1302 404 omne
1327 377 1353 404 in
1383 377 1541 404 saltatorum
1565 378 1734 412 spectaculis

953 422 1102 455 ponebam.
1116 422 1228 449 Sabbati
1243 423 1287 450 die
1302 423 1329 450 in
1342 423 1450 451 theatro
1465 423 1497 450 ad
1513 423 1657 451 saltatores
1672 431 1735 459 spe-

951 468 1065 495 ctandos
1076 468 1275 503 frequentiores
1287 475 1471 496 convenerant
1482 469 1619 502 homines,
1632 470 1734 499 .ludacis

952 513 1083 539 nimirum
1094 514 1150 540 otio
1162 521 1215 540 non
1229 514 1262 540 ad
1272 513 1358 549 legem
1370 514 1533 541 audiendam
1545 515 1734 546 abutentibus,

953 557 1001 584 sed
1014 557 1041 584 in
1054 559 1210 592 spectacula
1228 559 1317 593 potius
1346 559 1580 587 incumbentibus.
1596 561 1681 594 Quam
1699 562 1735 588 ob

953 611 1064 630 causam
1080 611 1113 631 eo
1128 604 1172 631 die
1187 605 1273 640 major
1286 605 1357 632 inter
1372 606 1463 640 populi
1481 606 1613 634 [actiones
1628 609 1734 635 exstitit

954 657 1054 683 pugna.
1081 649 1115 676 Et
1137 651 1262 684 quamvis
1287 651 1346 685 ejus
1370 651 1407 678 rei
1433 651 1520 686 gratia
1544 652 1736 681 Alexandrina:

955 694 1032 720 urbis
1059 694 1219 728 praefectus,
1245 703 1307 722 cum
1332 696 1462 723 instructa
1486 697 1600 724 cohorte
1625 706 1673 725 sua
1695 698 1734 725 ibi

954 739 1062 766 adesset
1077 761 1084 772 ,
1116 741 1295 768 nihilominus
1317 747 1406 769 tamen
1430 742 1516 770 Judmi
1542 742 1733 774 imminebant,

953 785 1036 812 veluti
1062 785 1140 813 alteri
1168 785 1280 814 factioni
1313 787 1482 815 resistentes.
1509 789 1630 821 Quorum
1658 789 1734 816 natio

953 838 1015 858 cum
1041 831 1137 859 infesta
1156 840 1264 867 semper
1286 833 1449 861 Christianis
1464 838 1525 865 est,
1548 834 1735 869 pietatemque

111 880 267 914 δημοτικὰς
291 879 512 914 διατυπώσεις),
536 879 664 914 παρῆσαν
682 879 730 905 καὶ
752 881 810 906 ὅσοι
832 880 897 915 περὶ

950 883 979 903 se
999 881 1129 911 praastare
1149 877 1205 904 Deo
1224 885 1385 912 persuasum
1406 878 1506 911 habet,
1522 879 1545 905 si
1563 879 1735 913 quampluri-

112 924 159 950 τδν
181 924 332 950 ἐπίσκοπον
355 923 490 959 Κύριλλον
513 924 578 958 φίλα
599 924 697 959 ἐκείνῳ
719 925 899 960 φρονοῦντες,

112 971 163 1002 τὰς
181 970 310 1002 τοιαύτας
330 970 512 1002 διατυπώσεις
529 971 677 1005 ὀψόμενοι·
697 972 726 997 ἐν
744 969 784 1003 οἷς
803 970 837 1007 ἦν
855 971 900 998 καί

112 1025 155 1048 τις
174 1016 262 1051 Ἰέραξ
283 1016 378 1051 δνομα.
396 1017 442 1048 ’ος
466 1017 638 1051 γραμμάτων
661 1017 711 1051 μὶν
733 1017 788 1043 τῶν
810 1017 900 1048 πεζῶν

111 1063 275 1093 διδάσκαλος
289 1060 337 1098 ἦν,
356 1063 481 1089 τοσοῦτον
494 1063 522 1090 δὲ
538 1065 596 1094 ταῖς
612 1063 659 1090 τοῦ
678 1064 812 1099 Κυρίλλοιι
827 1064 900 1090 δεδα-

113 1109 242 1141 σκαλίαις
262 1110 411 1144 ἐξήρτητο,
426 1109 464 1141 ὼς
484 1110 566 1144 μηδὲν
582 1110 646 1136 ἄλλο
663 1110 797 1145 αἱρεῖσθαι
817 1110 833 1145 ἢ
851 1111 900 1146 τὴν

113 1155 221 1183 ἐκεῖθεν
235 1155 380 1190 ἀκρόασιν,
394 1156 442 1182 καὶ
458 1155 572 1190 κρότους
588 1156 705 1191 ἐγείρειν
721 1156 777 1187 τοῖς
793 1157 897 1183 ἐκείνου

111 1203 251 1236 νοήμασιν
276 1201 461 1228 ἐπισπεύδειν.
478 1202 528 1228 Ὃν
553 1200 651 1233 ἰδόντες
673 1202 708 1228 τὰ
731 1202 821 1237 πλήθη
845 1203 898 1229 τῶν

109 1247 262 1280 Ἰουδαίων,
284 1247 363 1279 εὐθὺς
386 1248 506 1283 ἐχρῶντο
528 1247 588 1283 βοῇ,
606 1248 649 1275 διὰ
672 1248 754 1283 μηδὲν
773 1248 839 1275 ἄλλο

111 1295 221 1330 Θεάτρῳ
239 1295 343 1321 ἐκεῖνον
359 1294 527 1329 παραΰαλεῖν
538 1314 546 1327 ,
563 1295 579 1330 ἢ
598 1294 641 1320 ἵνα
659 1294 753 1321 στάσιν
769 1294 897 1330 ﬁrmi/idm

109 1341 149 1377 τῷ
165 1342 257 1376 δήμῳ.
276 1341 305 1367 '0
322 1340 343 1367 δ’
356 1340 475 1375 ἔπαρχος
492 1340 640 1376 Ὀρέστης,
659 1339 707 1366 καὶ
723 1339 830 1375 πρῶτον
848 1340 897 1374 μὲν

110 1389 159 1423 τὴν
181 1388 339 1423 παράλογον
359 1387 413 1413 τῶν
432 1387 590 1413 ἐπισκόπων
609 1386 769 1413 δυναστείαν
789 1386 832 1413 διὰ
856 1387 898 1421 μί-

112 1443 176 1466 σους
197 1433 291 1469 εἷχενο
314 1434 412 1469 ὅτιπερ
434 1433 501 1460 πολύ
522 1442 550 1460 τι
572 1433 759 1469 παρυφὲλκειν
782 1432 897 1469 ᾑροῦντο

110 1480 164 1506 τῶν
178 1479 232 1505 ὑπὸ
243 1479 292 1514 τὴν
306 1477 431 1511 ἐξουσίαν
443 1477 542 1512 ἐκείνῳ
555 1477 693 1513 δημοσίων
707 1477 878 1512 πραγμάτων
888 1485 896 1492 ⁸

113 1524 234 1558 μάλιστα
255 1523 277 1550 δ’
290 1525 330 1550 ὅτι
351 1523 412 1549 τότε
433 1524 482 1550 καὶ
504 1523 638 1556 Κύριλλος
660 1524 701 1555 εἰς
723 1523 820 1550 λεπτὸν
840 1524 897 1550 δια-

111 1570 188 1605 θρεῖν
203 1569 253 1600 τὰς
267 1569 316 1595 τοῦ
333 1569 456 1604 ἐπάρχου
471 1569 652 1600 διατυπώσεις
668 1569 762 1604 ᾑρεῖτο
772 1590 779 1602 ,
797 1569 843 1596 καὶ
859 1569 897 1601 ὡς

110 1617 144 1644 ἄν
158 1625 201 1648 τις
218 1615 286 1653 φαίη
302 1615 542 1651 περιεργάζεσθαι.
560 1615 645 1647 Εὐθὺς
660 1615 707 1642 οὖν
724 1616 897 1652 ἀνάρπαστον

110 1663 157 1690 τὶν
176 1662 286 1696 Ίὲρακα
312 1661 515 1696 ποιησάμενος,
541 1661 660 1696 πληγαῖς
688 1662 824 1695 ὑπέϐαλε,
851 1663 898 1688 καὶ

112 1708 217 1743 σφόδρα
241 1708 366 1743 ᾐκίσατο.
386 1708 418 1733 Ὀ
441 1708 522 1742 γνοὺς
546 1708 560 1734 ὁ
584 1707 722 1739 θειότατος
746 1707 896 1740 Κύριλλος,

111 1755 166 1781 τῶν
180 1755 257 1789 παρὰ
267 1753 406 1785 Ἰουδαίοις
419 1754 483 1784 τοὺς
497 1751 622 1788 πρώτους
637 1753 895 1788 μεταστειλάμενος,

111 1799 231 1835 παρῄνει
248 1799 299 1826 ὅσα
317 1799 391 1832 εἰκός
405 1808 412 1816 '
429 1800 476 1827 καὶ
493 1799 569 1831 τέλος
586 1799 722 1836 διηπείλει
740 1799 815 1826 δεινὰ
831 1799 898 1835 δράη

111 1855 188 1880 σειν,
205 1847 229 1873 εἱ
247 1846 285 1881 μὴ
301 1846 451 1873 παύσαιντο
465 1846 510 1872 τὸν
523 1845 609 1880 δῆμον
626 1845 818 1877 ἁνακινοῦντες
830 1865 836 1877 ,
852 1845 898 1871 καὶ

111 1894 183 1919 κατὰ
197 1892 252 1919 τῶν
266 1892 440 1928 Χριστιανῶν
452 1891 489 1922 ὡς
505 1891 630 1918 πλεῖστον
644 1891 851 1926 διερεθίζοντες.
867 1891 898 1918 Ol.

111 1939 139 1965 δὲ
153 1940 203 1970 τὰς
218 1939 334 1969 ἀπειλὰς
347 1937 557 1971 διακούσαντες,
573 1937 673 1972 μᾶλλον
687 1937 896 1972 ἀνηρεθίξοντυ,

112 1985 160 2013 καὶ
179 1985 227 2011 ιπι
246 1984 334 2020 βλάϐῃ
355 1983 410 2011 τῶν
429 1984 600 2019 Χριστιανῶν
622 1983 751 2014 πλείστας
770 1982 898 2009 ἐπενόουν

111 2034 160 2063 τὰς
175 2031 300 2067 μηχανάς
310 2039 318 2046 ·
332 2028 370 2058 ὦν
380 2030 430 2065 τὴν
443 2030 658 2065 κορυφαιοτάτην
672 2030 719 2056 καὶ
731 2030 786 2056 τῶν
798 2029 896 2062 ἄλλων,

111 2079 149 2109 ὡς
172 2079 270 2109 εἰπεῖν,
288 2077 336 2104 ἐπὶ
355 2075 432 2112 κακῷ
451 2076 641 2111 διαφέρουσαν,
662 2076 677 2110 ἢ
698 2075 730 2110 δὴ
752 2075 801 2102 καὶ
824 2075 899 2102 αἰτία

112 2125 233 2159 κατέστη
245 2123 389 2155 Ἰουδαίους
404 2123 455 2157 τῆς
467 2121 645 2158 Ἀλεξάνδρου
665 2121 842 2157 ἐξελαθῆναι,
861 2122 899 2153 ὡς

112 2169 173 2194 ἐνὸν
190 2168 369 2203 διηγήσομαι.
389 2168 472 2202 Κοινῇ
490 2167 544 2201 γὰρ
563 2166 753 2199 συνελθόντες,
773 2166 899 2200 σύνθημα

952 929 1058 949 morum
1075 923 1157 950 nobis
1172 923 1306 950 malorum
1322 931 1403 950 causa
1417 924 1453 951 sit
1467 933 1476 951 :
1498 929 1555 951 tum
1578 931 1612 952 eo
1627 925 1735 959 potissi-

951 963 1026 995 murn
1043 972 1182 1003 tempore,
1198 974 1309 1004 propter
1328 976 1378 996 eos
1392 977 1461 1004 quos
1481 970 1602 998 diximus
1625 971 1737 998 saltato-

951 1021 1006 1047 res,
1026 1014 1176 1048 plurimum
1192 1016 1277 1042 etiam
1293 1015 1425 1044 adversus
1440 1017 1546 1051 seipsos
1563 1020 1628 1043 sunt
1642 1017 1734 1043 conci-

950 1061 1010 1089 tati.
1028 1061 1061 1088 Et
1073 1069 1137 1089 cum
1151 1061 1265 1090 Orestes
1284 1063 1454 1090 Alexandriae
1471 1063 1617 1098 praefectus
1632 1063 1735 1099 popqu

951 1107 1100 1140 πολιτείαν,
1119 1108 1171 1135 hoc
1186 1113 1238 1141 est,
1254 1109 1410 1136 institutum
1426 1109 1564 1144 quoddam
1588 1110 1669 1137 civile
1685 1109 1735 1144 (ita

948 1154 1021 1180 enim
1036 1154 1132 1181 edicta
1157 1162 1206 1181 seu
1227 1155 1418 1182 ordinationes
1443 1156 1568 1189 publicas
1591 1155 1735 1182 nominare

948 1207 1008 1226 mos
1025 1201 1076 1234 est)
1098 1201 1209 1234 ederet,
1234 1200 1371 1228 all‘uerunt
1394 1201 1477 1228 etiam
1501 1201 1660 1236 quicunque
1677 1201 1735 1235 epi-

949 1253 1030 1280 scopo
1044 1245 1146 1280 Cyrillo
1168 1245 1317 1279 favebant,
1334 1247 1459 1274 instituta
1478 1247 1614 1282 ejusmodi
1638 1247 1733 1274 risuri.

950 1291 979 1318 In
1004 1292 1046 1319 his
1068 1292 1178 1320 nomine
1201 1292 1300 1319 Hierax
1319 1298 1379 1320 erat
1400 1293 1555 1320 humiliori:
1569 1293 1734 1320 litteratura:

949 1338 1088 1372 magister,
1110 1343 1252 1373 tantopere
1274 1347 1307 1366 ex
1329 1339 1424 1374 Cyrilli
1447 1339 1571 1367 doctrina
1597 1339 1731 1374 pendens.

950 1389 980 1411 ut
1003 1385 1070 1412 nihil
1093 1385 1168 1412 aliud
1197 1385 1300 1412 iaceret
1325 1385 1472 1417 libentius,
1494 1393 1575 1420 quam
1603 1385 1679 1412 illum
1704 1392 1734 1412 ut

949 1431 1075 1464 audiret,
1098 1436 1127 1459 et
1144 1433 1254 1466 plausus
1273 1433 1347 1459 ciere
1363 1432 1396 1458 ad
1415 1431 1489 1459 illius
1506 1432 1657 1459 sententias
1672 1436 1733 1458 slu-

949 1478 1035 1506 deret.
1058 1478 1137 1506 llunc
1159 1478 1206 1506 ubi
1228 1477 1385 1505 Judmot‘um
1408 1479 1554 1506 multitudo
1578 1477 1731 1512 conspexit,

950 1525 1040 1552 statim
1053 1525 1197 1553 vociferari
1211 1525 1306 1560 cmpit,
1324 1532 1375 1551 non
1389 1524 1467 1551 aliam
1481 1525 1517 1551 ob
1533 1532 1641 1551 causam
1655 1524 1731 1551 illum

950 1571 977 1598 in
996 1570 1131 1598 theatrum
1147 1571 1267 1603 venisse,
1287 1571 1367 1606 467
1383 1578 1464 1606 quam
1481 1575 1510 1597 ut
1525 1571 1687 1598 seditionem
1704 1571 1731 1598 in

949 1619 1050 1653 popqu
1063 1618 1205 1645 excitaret.
1230 1617 1378 1645 Prieieetus
1400 1617 1510 1645 Orestes
1531 1623 1609 1645 antea
1625 1624 1734 1652 quoque

948 1669 1047 1698 praeter
1059 1664 1193 1691 rationem
1207 1670 1365 1697 usurpatam
1377 1663 1568 1698 episcoporum
1584 1662 1733 1697 potentiam

948 1709 1106 1744 oderat“).
1133 1709 1205 1744 quod
1232 1709 1270 1737 illi
1298 1710 1382 1736 multa
1409 1716 1441 1735 es
1465 1709 1584 1743 publicis
1609 1708 1733 1744 negotiis,

948 1763 1007 1790 qua:
1020 1755 1053 1782 ad
1068 1755 1288 1792 iurisdictionem
1304 1756 1364 1791 ejus
1379 1756 1565 1790 pertinebant,
1582 1756 1614 1783 ad
1630 1763 1658 1783 se
1672 1764 1735 1791 per-

948 1802 1057 1829 trahere
1079 1803 1228 1830 volebant:
1253 1802 1426 1837 potissimum
1449 1807 1556 1834 autem,
1580 1801 1652 1835 quod
1676 1806 1734 1828 tum

948 1855 1056 1883 quoque
1071 1847 1189 1883 Cyrillus
1205 1847 1328 1874 instituta
1345 1847 1396 1874 sibi
1417 1852 1512 1873 exacte
1528 1847 1732 1881 perspicienda.

947 1893 1190 1927 curiositatemque
1205 1894 1245 1927 (ut
1258 1893 1359 1927 aliquis
1370 1892 1452 1926 dicat)
1469 1892 1496 1918 in
1512 1892 1599 1919 aliena
1613 1900 1642 1919 re
1655 1900 1735 1920 exer-

949 1938 1062 1966 cendam
1079 1943 1228 1972 statuerat,
1242 1943 1413 1970 commotus,
1432 1938 1491 1973 rapi
1507 1938 1654 1966 confestim
1670 1939 1735 1966 Ilie-

948 1993 1039 2013 raecm
1054 1986 1146 2020 jussit,
1161 1985 1375 2020 verberibusque
1389 1985 1527 2012 subditum
1540 1985 1617 2012 valde
1627 1985 1731 2014 atilixit.

948 2032 1025 2065 Quod
1042 2032 1089 2059 ubi
1105 2032 1294 2059 divinissimus
1310 2030 1428 2067 Cyrillus
1442 2032 1579 2066 cognovit,
1598 2031 1733 2066 primores

948 2079 1105 2106 Judmorum
1119 2078 1152 2105 ad
1168 2086 1198 2106 se
1209 2079 1322 2110 accitos,
1339 2079 1377 2105 ita
1390 2083 1419 2105 ut
1431 2086 1479 2113 par
1491 2084 1560 2111 erat,
1575 2078 1732 2105 admonuit:

948 2129 1087 2159 postremo
1102 2125 1184 2152 etiam
1199 2124 1269 2151 male
1292 2130 1321 2150 se
1338 2131 1386 2150 eos
1409 2127 1585 2158 accepturum
1607 2131 1667 2150 esse
1683 2123 1735 2150 mi~

949 2177 1029 2199 natus
1045 2176 1101 2203 est,
1119 2171 1170 2198 nisi
1194 2170 1323 2204 populum
1343 2177 1532 2202 commovere,
1554 2174 1582 2197 et
1601 2170 1734 2197 adversus

113 2215 182 2250 προς
199 2214 329 2248 ἁλῢ.ήλους
345 2213 468 2245 ἐποίουν,
485 2212 549 2239 ὥσθ’
562 2213 678 2239 ἕκαστον
692 2212 835 2240 δακτύλιον
852 2212 897 2246 φέ-

951 2218 1123 2245 Christianos
1145 2217 1292 2252 plurimum
1316 2216 1473 2248 concitare,
1492 2215 1668 2244 desisterent.
1689 2215 1736 2242 ιιι-

115 2271 172 2295 ρειν
190 2262 221 2288 ἐκ
239 2260 332 2295 φλοιοῦ
350 2260 479 2295 φοινίκων
498 2259 595 2291 θαλοῦ,
614 2259 662 2285 καὶ
679 2258 788 2294 νύκτωρ
805 2259 898 2285 moe-

115 2310 177 2334 συαι
195 2307 378 2342 Χριστιανοῖς.
397 2306 452 2332 Καὶ
469 2306 501 2340 δὴ
520 2306 569 2341 μιᾷ
585 2306 638 2332 τῶν
655 2305 778 2337 νυκτῶν,
797 2306 850 2332 ἀνα
866 2306 900 2332 τὰ

113 2355 234 2387 κλίματα
248 2353 295 2388 τῆς
310 2353 414 2384 πόλεως
431 2352 554 2387 προῆκαν
569 2352 688 2386 βοῶντας
702 2361 789 2384 τινας,
802 2352 840 2384 ὡς
855 2352 898 2387 εἴη

114 2400 184 2434 πυρὶ
209 2400 343 2434 καιομένη
361 2399 377 2433 ή
396 2398 566 2432 Χριστιανῶν
589 2398 739 2432 ἐκκλησία,
795 2399 898 2424 ἐπώνυ-

115 2454 166 2480 μον
178 2445 356 2478 Ἀλεξάνδρου
370 2444 417 2471 τοῦ
430 2443 580 2470 ἐπισκόπου
599 2444 695 2478 κλῆσες
710 2445 795 2471 ἐστιν.
811 2445 843 2470 Ὃ
858 2445 899 2476 εἰς

113 2489 171 2519 ὦτα
191 2491 308 2522 ἐκείνοις
330 2489 428 2525 ἀθρόον
448 2489 534 2521 ἐλθὸν,
557 2489 634 2520 ἄλλος
655 2489 774 2524 ἀλλαχοῦ
795 2489 900 2524 διατρέ-

113 2546 207 2572 χοντες
223 2535 303 2572 ἦσαν,
317 2536 366 2572 τὴν
381 2536 455 2571 σφῶν
470 2536 647 2570 ἁλεξήσοντες
661 2536 822 2570 ἐκκλησίαν.
833 2536 899 2562 Ὶου-

113 2584 183 2610 δαίοι
204 2582 227 2609 δ’
243 2582 325 2614 εὐθὺς
347 2582 516 2616 ἐπιθέμενοι,
540 2583 680 2608 ἔκτεινον·
704 2582 826 2616 ἀλλήλων
850 2583 900 2617 μὲν

113 2631 278 2666 ἀπεχόμενοι
292 2631 325 2665 τῇ
340 2629 394 2656 τῶν
409 2628 559 2656 δακτυλίων
576 2629 716 2664 περιϐολῇ,
731 2626 771 2660 οἷς
786 2629 807 2654 δ’
821 2628 899 2655 ὲντύ-

113 2686 185 2711 χοιεν
203 2675 377 2711 Χριστιανῶν
394 2674 581 2710 ἀναιροῦντες.
595 2674 673 2700 Ἐπεὶ
691 2673 712 2700 δ’
728 2674 818 2709 ἡμέρα
837 2675 898 2708 ἐγέ-

114 2729 186 2754 νετο,
203 2719 314 2755 ἔκδηλον
329 2721 386 2752 τοῖς
401 2720 594 2754 εἰργασμένοις
605 2719 637 2745 τὸ
654 2720 770 2755 πρᾶγμα
785 2717 829 2756 ἦν.
846 2720 899 2755 Ζή-

149 2789 188 2824 (l)
208 2788 285 2822 Apud
307 2788 418 2816 Suidam
440 2786 560 2824 theologi
572 2787 682 2824 rveteris
701 2789 837 2816 sententia
854 2797 899 2816 rc-

115 2823 240 2860 peritttr;
262 2824 404 2858 Πολιτικὴν
433 2823 534 2860 ἀρετῂν
571 2823 706 2860 ῑερωσύνῃ
741 2825 898 2860 συνάπτειν,

117 2857 282 2893 ὸυγκλὼοειν
298 2860 355 2886 ἐστὶ
372 2857 403 2886 τά
418 2857 596 2891 ἀσύγκλωστα
612 2867 618 2885 :
637 2857 746 2887 boc'est
760 2868 766 2887 :
784 2859 896 2887 Civilem

953 2271 1049 2290 narum
1070 2263 1279 2291 denuntiatione
1303 2262 1437 2299 ejusmodi
1460 2262 1563 2295 audita,
1589 2262 1628 2290 illi
1650 2264 1736 2298 magis

951 2310 1034 2336 etiam
1052 2310 1218 2340 exacerbati,
1235 2309 1367 2344 plurimas
1384 2308 1417 2334 ad
1436 2308 1582 2342 perniciem
1599 2308 1736 2335 Christia-

951 2363 1048 2383 norum
1083 2355 1274 2390 excogitarunt
1307 2354 1417 2381 fraudes
1448 2358 1476 2380 ct
1507 2353 1734 2380 machinationes.

949 2401 1071 2435 Quarum
1095 2401 1270 2435 przecipuatn,
1289 2400 1423 2434 aliasque,
1439 2404 1469 2425 ut
1486 2399 1522 2426 ita
1540 2399 1640 2429 dicam.
1660 2400 1736 2426 ntali-

950 2448 1053 2482 guitate
1074 2447 1250 2474 excellentem
1278 2449 1348 2480 (qme
1369 2445 1451 2472 etiam
1474 2445 1502 2471 in
1526 2452 1608 2471 causa
1629 2445 1690 2476 fuit,
1707 2451 1736 2472 ut

949 2492 1036 2519 Judmi
1052 2491 1216 2518 Alexandria
1240 2490 1416 2524 ejicere-titur)
1433 2489 1512 2517 siculi
1538 2493 1632 2523 potero
1648 2498 1735 2524 expo-

951 2547 1024 2566 nam.
1046 2538 1112 2565 Nani
1137 2536 1275 2564 communi
1300 2536 1416 2563 concilio
1441 2539 1546 2566 coacto,
1567 2535 1600 2561 de
1615 2535 1692 2572 signo
1707 2541 1734 2563 et

950 2588 1052 2610 tessera
1068 2583 1139 2609 inter
1150 2589 1179 2609 se
1195 2586 1395 2612 convenerunt,
1412 2587 1441 2608 ut
1455 2581 1643 2616 unusquisque
1658 2582 1733 2609 vidc-

950 2628 1013 2655 licet
1028 2628 1158 2654 annulum
1176 2635 1191 2653 e
1206 2626 1309 2654 cortice
1330 2626 1434 2653 surculi
1454 2625 1549 2661 palum
1563 2631 1692 2661 gestaret.
1707 2635 1734 2655 et

951 2679 1033 2701 noctu
1063 2668 1235 2700 Christianos
1266 2672 1470 2706 aggrederetur.
1507 2672 1627 2699 Proinde
1653 2677 1734 2699 nocte

950 2720 1087 2755 quadam,
1115 2718 1239 2745 nonnulli
1270 2725 1318 2752 per
1354 2717 1429 2745 urbis
1452 2717 1527 2745 vicos
1555 2717 1735 2753 procedentes

948 2789 1077 2816 virtutem
1103 2787 1249 2822 episcopali
1276 2786 1411 2814 relictioni
1432 2786 1570 2822 applicare
1597 2786 1685 2817 velle.
1703 2793 1735 2822 ea

950 2825 1116 2857 conjungere
1132 2827 1185 2854 est,
1197 2830 1257 2857 qua-
1275 2822 1347 2849 inter
1358 2829 1388 2850 se
1403 2821 1518 2850 maxime
1536 2827 1631 2849 natura
1651 2821 1734 2849 dissi-

951 2859 1026 2894 dent,
1040 2864 1067 2886 et
1086 2858 1213 2886 conuerti
1231 2862 1380 2892 nequeunt.

1756 321 1774 367 ἐ

1757 370 1780 423 ‘3
