1899 3062
187 92 235 177 l5!

761 130 988 162 'NICEPIIORI
1007 131 1050 161 CA
1058 131 1178 160 LLISTI

1724 132 1794 164 1152

183 174 287 235 ίντίιιυε
311 194 374 215 cum
401 194 501 222 magno
523 187 570 214 illo
597 174 674 217 viro.‘
691 186 774 214 etiam
804 191 868 221 post
894 187 954 222 ejus

1027 188 1053 214 ad,
1067 187 1137 220 μετὰ
1149 186 1267 212 θάνατον
1283 186 1445 213 σπένδεται·
1458 187 1505 213 καὶ
1520 187 1639 222 μάλιστα
1657 187 1796 223 Ἰσιδὼρου

125 228 138 232 ”
168 228 301 265 mortem,
316 233 343 260 in
358 233 474 268 gratiam
493 233 586 265 rediit,
599 240 780 267 erroremque
797 240 878 260 suum
891 240 953 260 cum

167 279 264 307 multis
288 279 350 306 aliis
376 279 593 310 concitantibus,
620 284 677 306 tum
705 279 824 306 maxime
850 279 955 306 Isidoro

167 325 307 353 Pclusiota
335 333 410 352 nunc
434 325 651 359 reprehensione
669 333 743 352 nunc
764 325 955 353 admonitione

167 378 232 397 cum
245 372 420 403 cohortantc,
434 371 526 397 divina
537 370 619 398 etiam
633 377 662 398 et
674 371 820 399 arcaniorc
835 372 953 406 quadam

169 417 340 443 revelatione
369 416 535 447 accedente,
561 417 692 444 correxit.
710 417 810 444 Videre
834 426 954 452 namque

168 463 244 491 visus
260 468 312 494 est.
326 463 446 497 seipsum
465 463 554 490 sacris
569 463 676 490 :edibus
692 464 836 498 expulsum
854 471 915 492 esse
939 473 954 492 a

168 508 286 539 Joanne,
304 508 437 534 comitatu
457 513 485 535 et
510 508 620 540 divino.
641 510 687 543 qui
711 510 784 537 circa
804 517 867 536 eum
883 514 953 542 erat.

168 553 299 580 satellitio
320 553 439 580 maxime
465 553 535 581 t‘reto
553 564 559 581 :
576 560 604 582 et
629 559 745 581 matrem
769 555 880 582 Domini
903 563 954 590 pro

167 599 228 634 ipso
260 602 455 634 deprecantem
485 600 632 633 Joannem,
660 606 744 636 atque
776 609 838 628 cum
866 603 954 629 multa

166 646 251 672 etiam
278 646 330 672 alia
349 650 407 673 tum
437 645 505 673 illud
531 647 669 680 praecipue
693 647 766 681 quod
791 654 841 681 pro
867 647 954 682 ipsius

168 691 255 725 gloria
270 692 423 727 plurimum
442 692 487 719 ille
502 692 662 723 decertarit.
679 693 761 720 sicuti
775 693 892 725 dicetur.
913 701 955 720 re-

166 739 312 768 ferentem.
339 743 369 766 ut
393 738 422 766 in
442 746 520 766 sacra
536 740 638 774 templa
655 739 839 775 reciperetur,
861 747 952 766 orare.

167 785 245 812 lianc
257 785 394 813 visionem
409 793 473 813 cum
486 786 567 814 divus
579 786 699 821 Cyrillus
711 785 913 821 cogitabundus
926 787 953 813 in

167 831 262 859 animo
274 840 369 859 secum
381 832 517 866 volveret,
539 841 569 860 se
583 834 673 868 ipsum
689 834 763 868 quod
781 835 808 860 in
824 838 951 860 sanctum

166 879 259 905 virum
282 878 408 907 invectus
424 884 507 910 esset.
533 880 676 908 damnavit
697 889 703 907 :
726 885 755 908 et
775 880 876 908 deinde
893 880 954 914 ipse

167 932 278 960 quoque
295 933 325 952 re
342 926 465 961 cognita,
477 926 607 954 Ecclesiae
615 926 804 961 Chrysostomi
816 926 954 957 addictus,

166 972 257 998 virum
273 980 335 999 eum
362 973 516 1000 admiratus
540 977 594 1005 est,
618 973 752 1007 valdeque
778 980 854 1004 eum,
879 972 953 1007 quod

167 1022 265 1045 contra
292 1018 368 1045 illum
396 1019 563 1053 imprudens
579 1026 694 1054 prorsus
718 1019 843 1046 irritatus
860 1019 953 1050 fuerit.

166 1064 307 1099 paenituit.
328 1064 447 1092 Proinde
462 1065 601 1092 diversum
622 1065 736 1092 omnino
752 1072 766 1091 .1
783 1065 875 1099 priore
889 1072 954 1092 con-

167 1110 232 1137 silio
257 1109 373 1143 faciens,
399 1112 536 1144 synodum
564 1112 762 1146 provincialem
793 1111 898 1146 coegit,
925 1115 955 1137 et

165 1157 282 1184 Joannis
298 1165 397 1184 nomen
411 1158 493 1184 simul
512 1162 538 1184 et
554 1158 612 1192 ipse
630 1163 658 1185 et
676 1158 776 1193 reliqui
793 1166 952 1193 magnarum

166 1203 275 1231 sedium
292 1204 441 1236 antistites,
453 1205 479 1231 in
500 1212 579 1232 sacro
590 1205 652 1232 aibo
679 1209 895 1240 proposuerunt.
912 1204 954 1232 illi

166 1257 235 1277 vero
262 1250 354 1277 mintts
378 1258 443 1277 vere
468 1251 561 1278 dicere
587 1250 731 1283 videntur,
755 1251 801 1285 qui
821 1250 954 1286 Cyrillum

165 1296 255 1324 libros
282 1297 351 1324 alios
379 1297 471 1332 magni
500 1298 590 1325 Patris
613 1297 768 1325 abolevisse
793 1297 954 1332 perhibent.

164 1343 234 1371 Nam
250 1343 271 1371 si
287 1351 341 1378 qua
357 1345 462 1378 scripta
478 1344 538 1378 ejus
553 1343 687 1370 abolenda
708 1347 798 1375 erant,
819 1342 877 1369 haec
894 1350 955 1377 quae

165 1390 257 1417 adhuc
271 1395 393 1420 exstant,
412 1389 485 1424 quod
506 1389 652 1417 consilium
668 1389 882 1423 institutumque
894 1389 954 1425 ejus

165 1434 194 1462 in
208 1435 248 1462 eis
266 1435 383 1462 maxime
399 1442 562 1470 expressum
579 1439 634 1466 est,
647 1435 751 1462 abolita
766 1435 953 1470 oportuisset:

165 1481 219 1508 nisi
246 1481 319 1508 Deus
346 1481 476 1508 utilitatis
500 1481 644 1508 hominum
669 1489 764 1509 curam
785 1489 896 1516 gerens,
921 1488 954 1508 ea

1005 231 1053 258 τοῦ
1071 231 1276 265 Πηλουσιὼτου,
1295 233 1331 266 πῆ
1359 233 1408 267 μὲν
1424 233 1539 268 ἐλέγχῳ,
1557 235 1595 269 πῆ
1611 234 1639 260 δὲ
1655 236 1703 260 καὶ
1719 244 1796 270 παρ-

1006 277 1108 304 αινέσει
1134 278 1289 313 χρωμένου,
1314 278 1485 314 διορθώσεως
1508 279 1633 312 ἀξιοῦται
1655 280 1716 316 θείᾳ
1740 281 1797 306 τινὶ

1006 325 1053 351 καὶ
1080 325 1274 361 μυστικωτέρᾳ
1298 325 1483 360 ἀποκαλύψει.
1510 326 1615 353 Ἐδόκει
1643 327 1698 361 γὰρ
1729 328 1797 362 ὸρᾷν

1006 371 1102 397 ἑαυτὸν
1123 371 1174 405 μὲν
1189 370 1243 396 τῶν
1275 371 1356 405 ἱερῶν
1371 371 1558 404 ἐξωθούμενον
1585 372 1638 397 ὑπὸ
1655 372 1795 403 Ἰωάννου,

1007 416 1166 452 παρρησίας
1198 417 1332 451 μεγίστης
1367 417 1520 451 ἠξιωμένου
1550 418 1584 452 τῇ
1615 417 1680 452 περὶ
1712 418 1798 445 αὑτὸν

1006 463 1102 496 πομπῇ
1128 462 1174 488 καὶ
1191 461 1251 496 θείᾳ
1265 462 1427 496 δορυφορίᾳ,
1442 457 1492 496 τὴν
1505 462 1533 488 δὲ
1548 461 1595 487 τοῦ
1622 462 1726 496 Κυρίου
1742 471 1796 497 μη-

1005 507 1072 542 τέρα
1087 507 1156 542 ὑπὲρ
1181 507 1265 534 αὐτοῦ
1290 508 1336 533 τδν
1357 507 1484 542 Ἰωάννην
1513 507 1719 539 ἀντιῦοὶοῦσαν,
1750 509 1798 534 καὶ

1005 553 1136 585 ἀξιοῦσαν
1161 555 1218 584 τοῖς
1233 555 1315 589 ἱεροῖς
1331 553 1495 588 ἀνακτόροις
1522 553 1730 588 παραδεχθῆναι
1748 555 1798 580 αὖ·

1004 600 1062 633 τὸν,
1078 599 1164 626 πολλὰ
1184 601 1234 634 μὲν
1251 599 1299 626 καὶ
1323 599 1390 626 ἄλλα
1416 599 1655 634 προϐαλλομένην,
1678 599 1748 634 προς
1769 600 1797 626 δὲ

1005 647 1053 673 καὶ
1070 647 1108 678 ὡς
1127 647 1242 673 πλεῖστα
1257 646 1328 680 ὑπὲρ
1343 647 1393 679 τῆς
1415 646 1501 680 αὐτῆς
1516 645 1596 679 δόξης
1621 645 1798 680 ἀγωνισάμε-

1005 701 1060 725 νον,
1084 692 1122 723 ὡς
1139 692 1292 724 λελέξεται.
1307 689 1359 718 *Ων
1375 692 1404 718 ὲν
1416 691 1535 726 Ιμεοέεει
1555 691 1702 725 γενόμενος
1717 692 1731 717 ὀ
1751 691 1797 718 εε-

1006 740 1119 770 σπέσιος
1143 739 1290 774 Κύριλλος,
1319 739 1366 765 καὶ
1387 738 1564 773 ἀναπολήσας
1579 737 1666 764 ταῦτα
1682 738 1740 768 τοῖς
1755 738 1799 764 λο-

1005 786 1128 820 γισμοῖς.
1148 786 1274 819 κατέγνω
1291 785 1342 820 μὲν
1358 783 1458 812 ἑαυτοῦ
1471 784 1522 818 τῆς
1536 784 1584 810 ἐπὶ
1601 784 1641 818 τῷ
1653 783 1727 818 ἁγίῳ
1748 792 1799 810 κα-

1005 831 1146 867 ταδρομῆς
1156 840 1163 848 ·
1178 831 1226 858 καὶ
1241 831 1386 858 τουλοιποῦ
1400 832 1490 862 συνεὶς
1506 831 1553 857 καὶ
1569 830 1662 862 αὐτὸς,
1679 831 1712 864 τῇ
1725 832 1797 856 κατὰ

1004 878 1049 904 τὸν
1076 877 1273 913 Χρυσόστομον
1294 877 1445 912 Ἐκκλησία
1473 876 1650 911 προσέκειτο,
1676 876 1726 902 καὶ
1751 875 1797 902 διὰ

1006 924 1146 960 θαύματος
1161 924 1280 951 ἐποιεῖτο
1293 924 1339 951 τὸν
1353 924 1448 959 ἄνδρα,
1473 922 1563 957 πολλῷ
1579 922 1724 958 χρώμενος
1747 930 1799 956 με·

1005 971 1136 1005 ταμέλῳ.
1165 968 1207 1001 οἷς
1242 969 1303 996 κατ’
1334 969 1441 995 ἐκείνου
1471 968 1638 1003 τοπαράπαν
1668 967 1799 1002 ἠρέθιστο

1005 1016 1123 1050 ἀγνοῶν.
1139 1016 1223 1042 Ὅθεν
1249 1015 1405 1051 ἁντίῤῥοπα
1432 1014 1531 1053 δρῶνη
1548 1013 1660 1040 σύνοδον
1683 1013 1799 1048 ἧθροιζε

1005 1063 1137 1097 τοπικήνο
1155 1063 1204 1088 καὶ
1219 1062 1276 1094 τοῖς
1292 1063 1375 1096 ἱεροῖς
1392 1061 1495 1092 δέλτοις
1521 1060 1570 1095 τὴν
1593 1059 1718 1087 Ἰωάννου
1731 1059 1799 1092 κλῆ-

1006 1118 1049 1136 σιν
1062 1109 1111 1136 καὶ
1140 1108 1218 1140 οὗτος
1232 1109 1281 1135 καὶ
1310 1109 1335 1134 οἱ
1355 1108 1446 1134 λοιποὶ
1461 1107 1516 1133 τῶν
1540 1105 1669 1140 μεγάλων
1692 1105 1797 1140 θρόνων

1005 1157 1167 1190 ἐνέγραφον.
1180 1153 1218 1181 Οὔ
1237 1163 1284 1189 μοι
1298 1154 1328 1180 δὲ
1342 1153 1468 1180 δοκοῦσιν
1483 1153 1573 1188 ἀληθῆ
1586 1152 1679 1186 λέγειν
1690 1152 1718 1178 οῖ
1730 1160 1798 1186 φασι

1005 1203 1054 1229 καὶ
1071 1202 1180 1237 βίϐλους
1193 1202 1278 1232 ἄλλας
1295 1201 1432 1236 Κύριλλον
1455 1201 1588 1234 ἀφανίσαι
1610 1198 1657 1226 τοῦ
1675 1199 1796 1234 μεγάλου

1005 1248 1124 1283 Πατρός.
1139 1248 1170 1274 Et
1187 1248 1242 1284 γὰρ
1257 1247 1405 1281 ἀφανίζειν
1419 1246 1474 1273 ἔδει
1490 1247 1540 1276 τὰς
1556 1246 1617 1273 νυνὶ
1633 1246 1796 1279 σωζομένοις

1007 1295 1075 1331 πρὸς
1093 1295 1124 1321 τὸ
1142 1295 1354 1329 σκοπιμώτατον
1376 1293 1475 1328 ἐκείνῳ
1495 1293 1597 1328 ἐχρῆν·
1625 1293 1650 1318 εἰ
1679 1292 1717 1327 μή
1745 1300 1798 1318 που

1005 1342 1071 1373 Θεὸς
1084 1342 1133 1376 τῆς
1145 1341 1200 1368 τῶν
1212 1340 1367 1376 ἀνθρώπων
1385 1339 1522 1375 ὠφελείας
1536 1339 1697 1374 κηδόμενος,
1712 1338 1796 1369 αὐτὰς

1005 1387 1165 1415 διεσώσατο.
1194 1387 1281 1414 Τοῦτο
1310 1388 1359 1422 μὲν
1391 1384 1438 1413 οὖν
1461 1387 1490 1412 ὲν
1509 1385 1664 1420 ἀποκρύφῳ
1689 1385 1796 1419 ιστορῐᾳ

1005 1434 1094 1470 εὑρὼν
1110 1434 1218 1469 Νικήτα
1235 1434 1385 1468 φιλοσόφου
1403 1432 1450 1460 τοῦ
1467 1432 1515 1459 καὶ
1529 1431 1622 1464 deuio,
1636 1432 1684 1458 καί
1696 1430 1796 1462 ἄλλων,

1006 1482 1052 1508 καὶ
1067 1481 1148 1512 αὐτὸς
1159 1481 1214 1508 δεῖν
1230 1480 1317 1515 ἔγνων
1343 1481 1375 1515 τῇ
1391 1479 1516 1515 παρούσῃ
1541 1479 1650 1513 ἱστορίᾳ
1665 1477 1794 1510 ἐντάξαι·

166 1527 248 1562 500
274 1532 478 1554 conservasset.
510 1527 568 1554 lloc
593 1535 656 1554 cum
679 1528 708 1554 in
726 1534 827 1554 arcana
851 1527 954 1555 Nicetaa

1027 1537 1044 1559 ις
1063 1528 1096 1555 ἂν
1111 1529 1148 1564 μή
1169 1536 1222 1555 τινι
1247 1526 1431 1562 ἀμφιϐάλλειν
1445 1527 1561 1560 γένοιτο,
1579 1525 1639 1556 πῶς
1653 1525 1679 1551 οι
1700 1524 1797 1551 τοσοῦ-

166 1572 337 1608 philosophi,
354 1574 401 1607 qui
424 1577 451 1600 et
475 1573 562 1600 David
591 1573 683 1600 dictus
706 1577 757 1605 est,
782 1572 908 1605 historia.
927 1578 956 1600 et

167 1618 240 1652 apud
259 1619 327 1645 alios
345 1618 411 1645 item
427 1611 687 1654 invenerimfoperi
709 1619 774 1646 huic
801 1626 863 1646 meo
885 1620 956 1646 inse-

167 1665 286 1692 rendum
310 1673 372 1692 esse
396 1673 507 1700 quoque
533 1665 621 1693 duxi:
643 1674 678 1693 ne
697 1666 743 1694 cui
764 1666 906 1701 ambigere
927 1666 955 1693 in

168 1716 288 1738 mentem
304 1712 407 1745 veniat,
425 1712 564 1747 quomodo
583 1717 658 1741 tanta
685 1712 845 1744 luminaria,
863 1712 956 1740 inimi—

167 1760 246 1787 citias
262 1764 374 1787 mutuas
389 1760 559 1790 exercentis,
574 1760 655 1786 ambo
673 1759 707 1786 ad
734 1767 870 1787 summam
889 1767 954 1786 san-

1007 1583 1049 1601 τοι
1065 1575 1210 1609 φωστῆρες
1226 1575 1261 1602 δι’
1282 1575 1382 1609 ἔχθρας
1397 1573 1525 1608 ἀλλήλοις
1552 1573 1649 1603 ἰόντες,
1675 1571 1796 1605 ἁγιωσύ-

1007 1628 1055 1654 νης
1068 1620 1115 1646 καὶ
1138 1619 1222 1654 ἄμφω
1238 1620 1278 1650 εἰς
1300 1619 1386 1654 ἄκρον
1401 1616 1480 1655 ἧκον,
1497 1619 1544 1645 καὶ
1559 1618 1608 1652 τῆς
1630 1617 1797 1651 Ἑκκλησίας

1008 1665 1128 1700 θεμέλιοι
1143 1666 1346 1701 ἐχρημάτισαν,
1364 1665 1495 1701 μηδαμῶς
1507 1665 1538 1691 τὸ
1551 1665 1600 1699 τῆς
1611 1664 1712 1699 ἔχθρας
1725 1665 1796 1698 μέγα

1006 1712 1056 1747 τὴν
1071 1713 1228 1748 κρατοῦσαν
1244 1713 1323 1746 δόξαν
1340 1712 1515 1748 λυμήνασθαι
1531 1711 1707 1746 δυνηθείσης.
1717 1710 1797 1737 Ἀλλὰ

1007 1760 1073 1794 περὶ
1088 1760 1137 1789 μὲν
1154 1761 1262 1786 τούτων
1277 1760 1376 1792 οὕτως.

170 1806 293 1834 ctitatem
325 1807 515 1842 pervenerint,
551 1812 579 1834 et
615 1807 746 1834 Ecclesiae
776 1807 912 1835 columna:
944 1807 1122 1841 exstiterint,
1158 1807 1314 1836 inimicitiis
1347 1808 1508 1844 hujusmodi
1544 1807 1651 1836 nullum
1687 1807 1796 1835 illorum

168 1855 264 1890 gloriae
301 1855 497 1884 detrimentum
533 1856 725 1884 atlerentibus.
757 1855 796 1884 De
830 1856 874 1884 his
905 1857 1051 1884 hactenus.

449 1935 561 1963 CAPUT
578 1935 675 1964 XXIX.

169 1991 233 2020 Post
257 1992 374 2020 Atticum
399 1993 433 2020 ad
456 1993 544 2020 sedem
569 1993 743 2028 episcopalem
770 1991 885 2020 Sisinius
917 1999 956 2020 est

204 2035 318 2058 euectus.
334 2027 470 2063 Philippus
487 2027 581 2055 Sidites
599 2030 622 2055 ei
638 2028 806 2063 postpositus.
824 2028 916 2060 Qualis
932 2029 954 2054 is

205 2062 346 2097 Philippus
362 2062 452 2096 fuerit.
472 2062 507 2090 Ut
523 2062 641 2090 Proclus
653 2063 842 2098 Cyzicenorum
858 2064 956 2096 episco-

205 2106 254 2132 pus
265 2099 415 2134 ordinatus,
433 2102 457 2124 et
478 2098 584 2124 tandem
609 2106 662 2125 non
681 2103 814 2132 receptus.
835 2099 956 2134 priuatus

205 2134 356 2167 otioausque
369 2132 602 2167 Constantinopoli
616 2135 709 2168 egerit.

204 2190 298 2218 Attico
312 2194 416 2221 autem,
426 2191 658 2224 quemadmodum
671 2190 804 2222 diximus.
814 2190 955 2222 defuncto,

172 2236 274 2271 ingens
289 2235 323 2262 de
337 2235 455 2270 legendo
470 2241 553 2271 atque
569 2237 724 2264 ordinando
741 2237 872 2270 episcopo
891 2244 959 2263 con-

171 2283 260 2310 tentio
285 2282 413 2310 exstitit:
440 2284 514 2317 quod
549 2284 741 2318 unusquisque
765 2287 848 2318 prout
873 2283 956 2310 alicui

170 2330 286 2361 faveret,
304 2330 330 2357 ei
352 2330 481 2358 thronum
508 2330 644 2357 committi
667 2330 808 2364 cupiebat.
835 2330 957 2357 Proinde

169 2376 336 2412 quihusdam
357 2377 503 2411 Philippus
529 2376 673 2411 presbyter
693 2375 727 2402 ad
741 2383 848 2402 sacram
864 2376 956 2402 sedem

169 2423 331 2450 evehendus
357 2431 419 2450 esse
439 2422 609 2449 videbatur:
629 2421 754 2448 nonnulli
774 2421 904 2448 Proclum
918 2421 956 2454 ei,

169 2471 362 2507 (Jhrysostomi
379 2469 561 2504 discipulum,
574 2468 769 2503 preferebaut.
786 2469 851 2496 Erat
863 2475 956 2496 autem

169 2521 197 2542 et
211 2517 235 2543 is
251 2516 407 2551 presbyter.
421 2516 613 2542 Commuuiter
626 2523 691 2543 vero
707 2523 805 2542 omnes
822 2515 955 2543 Sisinium

170 2562 301 2589 idoneum
331 2563 450 2590 maxime
475 2568 655 2590 censuerunt.
679 2562 730 2595 Qui
760 2562 820 2596 ipse
846 2570 956 2596 quoque

169 2607 322 2642 presbyteri
347 2608 481 2643 dignitate
503 2608 637 2640 enitebat,
654 2615 709 2634 non
727 2607 856 2642 equidem
880 2607 955 2634 Con-

170 2653 361 2688 stantinopoli.
382 2654 431 2682 sed
452 2655 478 2680 in
497 2654 657 2681 suburbano
672 2653 734 2688 ejus
749 2654 821 2686 vico,
837 2653 881 2680 cui
906 2660 958 2680 no-

171 2705 233 2724 men
258 2703 302 2725 est
321 2699 384 2727 Olea
400 2701 453 2735 (l),
471 2700 518 2736 qui
533 2708 566 2728 ex
583 2700 700 2728 adverso
718 2699 779 2727 urbi
792 2701 863 2727 situs
887 2705 929 2727 est
946 2708 953 2726 :

169 2753 225 2779 quo
239 2745 265 2772 in
285 2745 346 2772 loco
361 2747 426 2775 urbs
439 2748 497 2782 ipsa
506 2755 568 2776 cum
585 2747 691 2775 civibus
706 2747 837 2774 omnibus
853 2746 954 2774 festum

170 2791 244 2819 diem
261 2791 401 2820 Servatori
416 2793 538 2827 Christo,
557 2800 614 2828 quo
631 2793 660 2821 in
679 2793 781 2821 caelum
795 2799 954 2828 assumptus

1302 1935 1428 1962 ιίΕΦΔΛ.
1448 1935 1513 1962 KO'.

1014 1990 1064 2023 Ὠς
1075 1992 1149 2024 μετὰ
1167 1991 1303 2019 Ἀττικὸν
1331 1993 1466 2025 ΣισΙνιος
1487 1994 1529 2026 εις
1552 1992 1607 2019 τὸν
1620 1993 1733 2026 θρόνον
1746 1994 1799 2020 ἀν-

1044 2026 1140 2061 ήχθη)
1159 2028 1303 2061 παρώφθη
1331 2027 1366 2053 δὲ
1393 2028 1542 2058 Φίλιππος
1555 2029 1571 2054 ό
1596 2028 1731 2061 Σιδῖτης.
1745 2029 1798 2055 λιιι

1045 2061 1108 2093 οἶος
1120 2060 1170 2095 ἦν.
1186 2060 1250 2089 Ἔτι
1267 2061 1300 2088 δὲ
1318 2062 1365 2088 καὶ
1378 2063 1417 2095 ὠς
1433 2063 1570 2095 Πρόκλος
1592 2060 1722 2092 Κυζίκου
1736 2073 1796 2097 χει-

1042 2098 1284 2133 ροῖονηθεὶςνκςιὶ
1297 2097 1339 2130 μὴ
1352 2097 1482 2132 δεχθεὶς,
1500 2098 1649 2132 σχολαῖος
1666 2098 1703 2133 τῇ
1718 2100 1799 2126 Κων-

1043 2132 1208 2159 σταντίνου
1218 2132 1335 2166 διῆγεν.

1051 2190 1177 2217 Ἀττικοῦ
1192 2191 1214 2217 δ’
1228 2191 1266 2222 ὡς
1283 2190 1392 2226 εἴρηται
1409 2192 1440 2218 τὸ
1456 2191 1533 2227 βιοῦν
1559 2192 1799 2227 ὲκμετρήσαντος,

1009 2237 1094 2272 πολλή
1122 2247 1163 2268 τις
1189 2238 1331 2272 ὲρεσχελία
1361 2238 1625 2274 περὶ.χειροτονίας
1645 2239 1798 2265 ἐπισκόπου

1008 2284 1133 2317 ἐγένετο·
1151 2284 1266 2315 ἕκαστος
1285 2284 1339 2319 γὰρ
1353 2281 1376 2317 ᾧ
1390 2284 1562 2319 προσπσοῶν
1573 2283 1618 2320 ἦν,
1638 2284 1685 2312 τὸν
1701 2285 1799 2320 θρόνον

1009 2331 1204 2365 ἁπεχαρίζετο.
1221 2330 1285 2362 Τοῖς
1303 2331 1354 2366 μὲν
1367 2331 1422 2366 γὰρ
1436 2331 1571 2358 Φίλιππον
1583 2332 1630 2358 τὸν
1644 2332 1799 2366 πρεσϐύτε-

1010 2385 1056 2411 ρον
1073 2377 1161 2403 ἐδόκει
1175 2378 1223 2404 ἐπὶ
1236 2377 1285 2412 τὴν
1304 2378 1380 2413 ἱερὰν
1393 2378 1532 2413 καθέδραν
1556 2379 1683 2412 ἀνάγειν,
1698 2380 1754 2405 τισὶ
1770 2379 1799 2404 δὲ

985 2455 991 2462 α
1009 2423 1130 2458 Πρόκλος
1156 2425 1170 2450 6
1184 2423 1223 2459 τῷ
1238 2425 1428 2460 Χρυσοστόμῳ
1460 2416 1643 2459 μαθητευθεὶς
1673 2425 1799 2459 ἐκρίνετο

1008 2470 1218 2505 προτιμότερος.
1235 2470 1428 2506 Πρεσϐύτερος
1441 2471 1471 2497 δὲ
1488 2471 1535 2498 καὶ
1550 2468 1630 2502 οὗτος
1647 2471 1799 2505 ιτύγχανεν

1007 2516 1056 2544 ὥν.
1075 2518 1159 2552 Κοινῇ
1174 2518 1202 2544 δὲ
1217 2519 1300 2544 πᾶσιν
1311 2518 1400 2545 ἐδόκει
1413 2518 1530 2550 Σισίνιος
1543 2516 1616 2544 εἶναι
1629 2518 1799 2553 ἁρμοδιώτε-

1009 2572 1064 2598 ρος.
1080 2564 1270 2600 Πρεσϐυτέρου
1286 2565 1314 2592 δὲ
1331 2566 1377 2592 καὶ
1393 2562 1472 2596 οὗτος
1487 2565 1552 2601 ἀξια
1564 2565 1727 2600 διέπρεπεν,
1746 2565 1797 2591 οὺχ

1007 2611 1037 2637 ἑν
1051 2612 1084 2645 τῇ
1101 2611 1322 2642 Κωνσταντίνου,
1341 2611 1401 2637 ἀλλ’
1427 2611 1456 2638 ἔν
1470 2621 1524 2638 τινι
1538 2614 1594 2638 τῶν
1609 2613 1696 2647 αὐτῆς
1711 2620 1797 2645 προα-

1009 2657 1118 2688 στείων,
1147 2655 1169 2692 ᾧ
1188 2657 1281 2684 Ἑλαία
1304 2655 1339 2692 ἧν
1353 2657 1453 2693 ονομα,
1475 2658 1709 2693 κεκληρωμένος·
1727 2658 1796 2690 ὅπερ

1006 2702 1123 2737 ἀντικρὺ
1142 2702 1194 2736 μὲν
1221 2704 1310 2729 κεῖται
1335 2703 1385 2738 τῆς
1400 2703 1526 2735 πόλεως’
1545 2703 1692 2739 πάνδημον
1707 2703 1734 2729 δὲ
1756 2703 1795 2738 τῷ

1007 2747 1088 2782 χώρῳ
1112 2748 1211 2783 ἑορτὴν
1239 2749 1331 2775 ὲκεῐσε
1355 2749 1372 2782 ἡ
1398 2748 1476 2780 πόλις
1501 2749 1540 2784 τῷ
1569 2745 1681 2784 Σωτῆρι
1709 2748 1794 2782 ἀνῆγε

1006 2794 1120 2830 Χριστῷ
1130 2802 1139 2811 ο
1157 2795 1278 2830 ὁπηνίκα
1293 2795 1473 2831 ἀναληφθεὶς,
1489 2795 1676 2831 παλίνδρομος
1687 2795 1726 2831 τῷ
1741 2795 1793 2822 Πι-

210 2861 253 2893 (t)
279 2860 394 2895 Ἐλαία,
420 2860 506 2894 Oiea,
529 2861 690 2891 suburbana
716 2861 970 2898 Constantinopolis
989 2863 1074 2898 regio.
