1899 3062
113 148 187 180 ’1165

577 151 872 182 ECCLESIASTIC/E
894 153 1088 183 HISTOle
1106 153 1178 182 LIB.
1197 153 1273 183 XIV.

1668 149 1735 180 “(iii

119 206 308 242 πρεσϐυτέρας
336 207 446 242 Ῥώμης
477 207 620 244 ὲπισκόπῳ
654 210 808 246 Κελεστίνῳ
840 212 899 238 ἀνέ-

953 219 1016 246 ρυιη
1040 210 1221 238 Caelestinum
1248 209 1334 236 misit.
1366 209 1405 236 Ad
1439 207 1594 236 Nestorium
1622 207 1735 242 iltStlpt-l'

118 260 223 285 πεμπε.
239 252 342 287 Τρίτην
363 252 384 279 δ’
406 253 489 288 ἀλλην
505 254 650 289 ἐπιστολὴν
672 255 815 291 Νεστορίῳ
837 256 900 282 επέ-

118 299 227 324 στελλεν
239 306 247 313 '
261 300 291 324 ὲν
341 299 388 325 καὶ
415 299 449 325 τὰ
470 299 676 335 πολυθρύλλητα
703 302 736 335 ιβ’
764 302 900 336 κεφάλαια

119 345 176 380 μετ’
196 344 427 379 ἁναθεματισμῶν
443 347 677 380 συμπαρέζευξεν.
698 348 732 374 ’Λ
757 348 789 380 δὴ
803 348 901 383 καὶτῷ

118 391 232 425 παρόντι
261 391 379 417 ἐκθεῖναι
395 391 499 418 δίκαιον
524 387 644 427 ἥγημαι,
659 392 731 420 οὕτω
747 394 880 427 διεξιόντα
891 403 899 412 ο

121 447 129 462 ι
147 437 181 463 E't'
190 446 232 468 τις
244 437 296 471 οὐχ
309 437 437 471 ὁμολογεί
451 437 518 463 Θεδν
536 436 606 464 εἶναι
624 440 695 466 κατά
711 440 839 475 ἀλήθειαν
855 442 899 468 τὸν

122 482 306 518 Ἐμμανουήλ,
321 483 366 509 καὶ
379 483 423 510 διὰ
438 482 516 509 τοῦτο
529 483 658 511 Θεό-τόκον
672 485 722 520 τὴν
733 486 814 519 ἁγίαν
830 487 900 521 Παρ-

116 528 191 554 θένον
220 528 381 562 (γεγέννηκε
410 529 463 563 γὰρ
497 530 637 565 σιρκικῶς
661 531 750 565 σάρκα
770 534 901 565 γεγονότα

115 574 159 599 tim
176 575 208 599 ὲκ
221 573 289 599 Θεοῦ
303 574 369 600 Θεὺν
389 574 499 608 Λόγον),
519 575 644 610 ἀνάθεμα
658 575 739 603 ἔστω.
754 577 787 603 Εἰ
797 586 838 608 τις
851 578 901 612 οὐχ

115 619 243 653 ὁμολόγει
256 621 338 654 σαρκὶ
355 620 416 646 καθ’
430 621 580 648 ὑπόστασιν
591 622 712 655 ἡνῶσθαι
723 623 770 649 τόν
787 624 817 650 ἐκ
832 624 900 650 Θεοῦ

119 667 224 701 [ἰατρὸς
249 667 346 700 Λόγον,
362 666 410 693 ἕνα
425 675 453 692 τε
470 665 540 693 εἶναι
556 668 674 702 Χριστὸν
690 669 758 704 μετὰ
770 669 819 704 τῆς
833 670 901 702 ιδίας

117 710 229 745 σαρκὸς,
244 709 289 735 τὸν
304 709 386 735 αὑτὸν
400 709 522 744 δηλονότι
533 710 599 737 Θεὸν
610 711 678 746 ὁμοῦ
690 720 720 738 τε
734 713 781 739 καὶ
793 712 898 748 ἄνθρω-

116 765 176 789 πον,
208 756 333 790 ἀνάθεμα
349 755 430 782 ἔστω.
454 756 488 782 Ei
503 765 543 789 τις
562 758 607 783 ἐπὶ
633 757 681 784 τοῦ
706 759 765 790 ἑνὸς
781 759 900 794 Χριστοῦ

116 803 216 836 διαιρεῖ
229 801 278 832 τὰς
294 802 455 833 ὑποστάσεις
469 804 539 837 μετᾶ
557 802 607 837 τὴν
630 803 738 836 ἕνωσιν,
751 805 819 841 μόνῃ
836 814 899 841 0w;

116 849 210 876 ἀπτων
227 849 312 880 αὑτὰς
337 857 468 884 συναφειᾳ
495 850 528 884 τῇ
547 850 617 876 κατὰ
638 849 688 885 τὴν
704 835 900 886 datam-Ima;

117 895 261 922 αὖθεντίαν
282 895 298 931 ἢ
315 895 473 922 δυναστείαν
487 914 494 927 ,
514 896 561 922 καὶ
576 895 636 931 οὐχὶ
654 896 754 930 μᾶλλον
768 898 899 925 συνειδότι

117 942 177 968 καθ’
195 941 292 968 ἕνωσιν
310 941 437 977 φυσικὴν,
454 942 578 977 ἀνάθεμα
594 942 674 969 ἔστω.
690 942 724 969 Et'
735 951 777 974 τις
791 943 900 979 προσώ-

117 996 177 1019 ποις
190 988 277 1020 δυσὶν,
288 988 372 1023 ἤγουν
393 987 566 1020 ὑποστάσεσι,
581 987 630 1019 τάς
654 996 684 1014 τε
701 989 730 1015 έν
743 990 799 1020 τοῖς
816 989 900 1023 εὐαγ-

117 1035 235 1068 γελικοῖς
263 1034 311 1060 xat
337 1034 525 1065 ἀποστολικοῑς
549 1036 750 1070 συγγράμμασι
775 1036 901 1071 διανέμει

117 1082 208 1116 φωνὰς
233 1082 278 1107 ἐπὶ
293 1081 404 1116 Χριστῷ
433 1081 506 1115 παρά
522 1081 576 1108 τῶν
598 1082 685 1116 ἁγίων
706 1083 865 1118 λεγομένας,
883 1083 900 1119 ἢ

119 1130 184 1164 παρ’
202 1129 292 1159 αὐτοῖς
306 1129 371 1163 περὶ
388 1129 484 1155 ἑαυτοῦ
498 1137 504 1144 ·
522 1130 570 1156 καὶ
587 1130 634 1160 τὰς
652 1129 700 1164 μὲν
716 1130 753 1161 ὡς
765 1130 901 1165 ἀνθρώπῳ

118 1177 194 1211 παρὰ
206 1175 253 1201 τὸν
271 1176 302 1201 ἐκ
321 1174 389 1201 Θεοῦ
413 1173 519 1210 Πατρός
535 1176 623 1210 Λόγον
640 1176 732 1208 temo,-
754 1177 900 1212 vooupéua;

118 1223 282 1257 προσάπτει,
296 1222 346 1253 τὰς
363 1222 390 1248 δὲ
415 1221 451 1252 ὡς
467 1221 628 1257 θεοπρεπεῖς
645 1223 720 1258 μόνῳ
736 1224 775 1258 τῷ
787 1225 818 1250 ἐκ
831 1223 900 1250 Θεοῦ

118 1269 224 1302 Πατρός
240 1268 328 1303 Λόγῳ,
345 1268 469 1303 ἀνάθεμα
494 1268 576 1296 ἔστω,
595 1269 628 1296 Εἴ
649 1278 690 1301 τις
704 1269 792 1306 τολμᾷ
810 1270 901 1304 λέγειν

117 1313 248 1346 θεοφόρον
269 1312 412 1346 ἄνθρωπον
438 1313 482 1338 τὸν
497 1313 625 1347 Χριστὸν,
647 1314 694 1340 καὶ
711 1315 770 1350 οὐχὶ
784 1314 815 1350 δὴ
831 1315 901 1348 μᾶλ-

116 1359 160 1386 λον
182 1359 249 1385 Θεὺν
265 1357 333 1385 εἶναι
349 1359 419 1385 κατὰ
436 1358 575 1394 ἀλήθειαν,
594 1359 632 1391 ὡς
646 1359 711 1386 Υίδν
727 1361 773 1387 ἕνα
788 1362 833 1387 καὶ
849 1361 901 1396 (ρύ-

117 1414 158 1432 σει
176 1405 237 1432 καθ’
263 1405 277 1431 ὃ
304 1405 398 1439 γέγονε
419 1404 486 1440 σὰρξ
511 1406 525 1431 ό
541 1405 638 1439 Λόγος,
654 1407 702 1433 καὶ
717 1407 901 1442 κεκοινώνηκε

118 1450 318 1485 παραπλησίως
334 1452 400 1486 ἡμῖν
429 1451 546 1485 αἵματος
573 1453 620 1478 καὶ
638 1453 749 1488 σαρκὸς,
778 1453 902 1489 ἀνάθεμα

117 1499 198 1525 ἔστω.
214 1497 249 1524 Εἴ
261 1506 302 1528 τις
318 1497 392 1531 λέγει
412 1497 475 1523 Θεὸν
490 1497 506 1533 ἢ
522 1498 661 1533 Δεσπότην
681 1497 750 1526 εἶναι
773 1499 821 1527 τοῦ
835 1501 903 1536 Χρι-

953 257 1060 284 tertiatn
1077 255 1318 291 deditepislolam,
1334 256 1377 282 cui
1395 255 1512 282 multutn
1530 254 1667 281 celebrata
1690 253 1735 278 lii-1

951 302 1094 330 duodecim
1106 303 1206 336 capita,
1219 309 1272 328 una
1281 308 1343 329 cum
1353 297 1589 327 anathcntatismis
1601 298 1734 332 adjtmxit:

951 356 1012 384 quae
1024 353 1053 375 ιιι
1070 349 1115 375 hic
1132 349 1295 379 insererem,
1318 354 1425 381 :cqttntn
1449 353 1509 372 csse
1526 345 1602 372 duxi.
1630 343 1666 370 Ea
1695 345 1734 369 sic

952 395 1051 422 habent
1067 403 1074 421 :
1094 404 1103 420 ι
1123 394 1150 421 Si
1165 393 1226 428 quis
1240 400 1294 420 non
1311 389 1455 427 proﬁtetur
1469 398 1563 417 verum
1580 390 1662 416 Deum
1675 397 1735 415 esse

951 441 1168 473 Emtnanuelem,
1193 439 1361 474 proindeque
1390 437 1524 472 virginem
1549 435 1660 462 Mariam
1686 436 1734 461 Dt-i

951 487 1117 516 Genitricem
1140 486 1245 521 (genuit
1261 485 1333 512 enim
1350 484 1395 511 illa
1423 483 1571 511 carnaliter
1597 489 1659 508 etim
1687 481 1734 515 qui

951 542 1015 561 caro
1037 534 1126 560 factus
1140 532 1197 566 est),
1223 532 1307 559 Deum
1331 530 1436 558 scilicet
1459 537 1492 555 ex
1516 529 1570 556 Deo
1595 526 1736 558 Verbum)

952 580 1098 608 anathema
1115 579 1160 606 sit.
1178 578 1206 606 Si
1227 577 1289 612 quis
1304 568 1358 604 non
1372 577 1517 611 proﬁtetur
1532 574 1608 601 carni
1633 581 1730 600 secunt-

951 627 1015 654 dum
1027 624 1228 653 subsistentiam
1245 624 1350 651 unitum
1365 631 1424 650 esse
1439 622 1465 650 id
1481 621 1554 656 quod
1570 626 1612 648 est
1630 628 1661 647 ex
1679 620 1734 646 Deo

951 678 1028 708 patre
1043 671 1174 704 Verbum,
1193 677 1332 704 unumque
1348 676 1409 696 esse
1421 667 1563 696 Christum
1581 673 1643 692 cum
1668 673 1733 699 prn-

951 718 1011 752 pria
1046 725 1144 751 carne,
1174 715 1302 744 eumdem
1334 715 1441 742 scilicet
1473 714 1557 740 Deum
1587 711 1667 739 simul
1705 717 1736 737 et.

952 764 1100 796 hominem,
1122 763 1267 790 anathema
1283 761 1329 788 sit.
1347 760 1377 788 Si
1394 760 1456 795 quis
1481 759 1508 786 in
1540 765 1594 785 uno
1623 756 1732 783 Christo

951 810 1143 838 subsistentias
1159 808 1255 835 dividit
1267 811 1329 843 post
1344 807 1484 837 unionem,
1498 805 1555 832 sola
1571 811 1618 831 eas
1632 810 1734 830 cunuc-

951 861 1028 883 ctens
1041 854 1246 889 conjunctione,
1260 859 1320 887 quae
1333 850 1484 879 secundum
1496 849 1658 884 dignitatem
1673 848 1734 874 sive

951 901 1144 930 auctoritatem
1171 905 1218 928 aut
1239 903 1405 935 potestatem
1432 902 1485 929 est,
1514 901 1542 923 et
1562 903 1617 923 non
1640 893 1733 930 potius

951 948 1053 976 unione
1075 946 1206 978 naturali,
1231 945 1376 972 anathema
1406 944 1452 970 sit.
1478 942 1506 970 Si
1537 941 1599 977 quis
1628 939 1735 967 duabus

951 993 1078 1030 personis
1101 993 1161 1020 sine
1185 991 1373 1020 subsistentiis
1398 990 1426 1017 in
1454 989 1576 1021 Christo,
1603 994 1685 1014 voces
1707 987 1735 1013 itt

951 1039 1117 1075 evangelicis
1136 1043 1163 1066 et
1177 1038 1335 1073 apostolicis
1352 1037 1474 1071 scriptis,
1490 1035 1533 1062 vel
1551 1043 1567 1062 τι
1587 1034 1652 1061 viris
1673 1041 1737 1060 san—

952 1086 1013 1118 ctis,
1030 1086 1074 1112 vel
1089 1086 1123 1112 ab
1138 1085 1197 1119 ipso
1213 1084 1247 1111 de
1260 1084 1350 1118 seipso
1365 1083 1481 1109 tributas
1504 1080 1613 1111 dividit,
1627 1084 1654 1107 et
1668 1080 1736 1106 alius

952 1132 1061 1167 quidem
1087 1136 1117 1158 ut
1142 1130 1260 1162 homini,
1282 1134 1359 1157 extra
1383 1129 1410 1156 id
1426 1128 1500 1163 quod
1524 1135 1558 1154 ex
1580 1127 1635 1154 Deo
1655 1127 1735 1152 intra

951 1184 994 1205 est
1005 1177 1134 1208 Verbum,
1149 1176 1258 1212 proprie
1270 1175 1476 1206 convenientes,
1489 1174 1556 1201 alias
1573 1181 1637 1200 vero
1650 1172 1734 1199 veluti

949 1225 1008 1251 Deo
1025 1227 1208 1258 congruentes
1224 1222 1249 1249 ei
1280 1212 1330 1248 soli
1358 1220 1431 1255 quod
1446 1227 1479 1246 ex
1506 1220 1562 1246 Deo
1581 1220 1677 1247 Pazre/
1692 1224 1736 1245 est

951 1269 1040 1298 Verbo
1055 1267 1253 1299 aecommodat.
1275 1268 1420 1294 anathema
1443 1267 1489 1293 sit.
1511 1265 1538 1292 Si
1561 1265 1623 1300 quis
1644 1265 1736 1292 dicere

952 1315 1034 1343 audet
1045 1315 1183 1342 hominem
1198 1313 1334 1342 Deiferunt
1351 1312 1503 1345 Christum,
1525 1316 1553 1339 et
1573 1318 1627 1338 non
1642 1311 1737 1345 potius

952 1368 1048 1389 verum
1067 1361 1152 1388 Deum
1166 1367 1237 1392 esse,
1258 1363 1352 1394 utpote
1365 1366 1450 1386 unum
1469 1362 1497 1385 et
1510 1357 1622 1392 quidem
1640 1363 1738 1384 natura

952 1409 1065 1442 Filium,
1080 1413 1216 1443 quatenus
1224 1407 1342 1435 Verbum
1357 1413 1420 1433 caro
1429 1405 1531 1433 factum
1544 1410 1596 1437 est,
1608 1408 1638 1432 et
1647 1405 1741 1432 nobis—

952 1464 1014 1484 cum
1030 1455 1172 1491 aequaliter
1190 1455 1225 1482 ‘de
1241 1453 1374 1488 sanguine
1389 1457 1416 1480 et
1435 1460 1518 1480 carne
1537 1452 1624 1488 (extra
1642 1459 1738 1487 pecca-

950 1503 1022 1538 tum)
1034 1501 1217 1538 participavit,
1231 1500 1375 1528 anathema
1387 1499 1433 1526 sit.
1447 1499 1475 1526 Si
1491 1499 1553 1533 quis
1568 1498 1635 1526 dicit
1652 1498 1737 1525 Deum

118 1543 182 1571 ιττοῦ
196 1544 242 1570 τὸν
256 1545 287 1569 ἐκ
303 1543 370 1569 Θεοῦ
388 1543 493 1578 Πατρός
511 1544 608 1578 Λόγον,
619 1546 666 1572 καὶ
681 1546 741 1581 οὐχὶ
753 1547 785 1581 δὴ
799 1547 901 1582 μᾶλλον

953 1554 1000 1577 aut
1018 1549 1167 1577 Dominum
1181 1547 1283 1575 Christi
1301 1554 1374 1579 esse,
1390 1545 1462 1581 quod
1480 1553 1514 1572 ex
1531 1545 1589 1572 Deo
1607 1545 1684 1572 Patre
1696 1550 1740 1571 est

116 1591 162 1617 τὸν
178 1590 273 1623 αὐτὸν,
290 1589 358 1617 Θεὸν
377 1590 504 1625 ὁμολογεῖ
517 1588 565 1617 κὲιὶ
582 1591 736 1626 ἄνθρωπον,
762 1594 799 1625 ὡς
821 1602 903 1628 γεγο-

117 1638 193 1669 νότος
209 1637 307 1672 σαρκὸς
323 1637 369 1663 τοῦ
385 1637 472 1671 Λόγου
494 1638 565 1664 κατὰ
580 1638 629 1669 τὰς
645 1638 766 1674 Γραφὰς,
778 1641 903 1675 ἀνάθεμα

117 1684 198 1710 ἔστω,
219 1683 250 1708 Εἰ
262 1691 304 1714 τις
325 1683 406 1717 φησὶν
420 1683 456 1714 ὡς
469 1682 614 1717 ἄνθρωπον
633 1684 804 1720 ἐνηργῆσθαι
826 1685 903 1720 παρὰ

117 1729 164 1758 τοῦ
185 1730 253 1756 Θεοῦ
271 1731 357 1764 Λόγου
373 1730 419 1756 τὸν
443 1729 558 1762 Ἰησοῦν,
583 1729 630 1756 καὶ
647 1730 697 1765 τὴν
711 1729 758 1756 τοῦ
782 1730 903 1764 Μονογε-

117 1778 180 1808 νοῦς
196 1776 317 1809 εὐδοξίαν
331 1776 482 1811 περιῆφθαι
500 1776 537 1808 ὡς
550 1776 638 1812 ἑτέρῳ
653 1776 717 1811 παρ’
729 1776 803 1812 αὐτῴ
816 1776 904 1810 ὑπάρ-

115 1833 203 1860 χοντι,
221 1823 345 1858 ἀνάθεμα
359 1823 440 1851 ἔστω.
464 1824 496 1849 Et
508 1832 550 1855 τις
566 1824 655 1859 τολμᾷ
671 1823 761 1858 λέγειν
774 1824 819 1850 τὸν
837 1824 903 1850 ἀνα-

116 1869 256 1904 ληφθέντα
274 1868 417 1902 ἄνθρωπον
435 1869 705 1902 συμπροσκυνεῖσοαι
719 1869 775 1895 δεῖν
792 1869 830 1905 τῷ
844 1869 904 1905 Θεῷ

116 1915 197 1950 Λόγῳ
212 1914 259 1942 καὶ
272 1913 492 1946 συνδοξάζεσθαι,
506 1914 553 1941 καὶ
575 1914 807 1949 συγχρηματίζειν
824 1915 901 1948 θεὸν,

113 1961 154 1993 ὡς
170 1961 266 1994 ἕτερον
277 1960 362 1994 ἑτέρῳ
374 1959 414 1995 (τὸ
425 1960 478 1995 γὰρ
491 1959 553 1987 σὺν
566 1960 610 1986 ἀεὶ
620 1961 833 1997 προστιθέμενον
842 1961 904 1992 τοῦ-

116 2017 148 2036 το
163 2008 235 2033 νοεῖν
251 2006 425 2040 ἀναγκάσει),
446 2007 494 2032 καὶ
512 2007 574 2041 οὐχὶ
583 2006 615 2041 δὴ
633 2007 734 2041 μᾶλλον
751 2008 802 2043 μιᾷ
818 2016 903 2043 προσ-

117 2054 231 2088 κυνήσει
254 2052 335 2088 τιμᾷν
357 2053 401 2079 τὸν
423 2052 608 2088 Ἐμμανουήλ,
621 2054 669 2081 καὶ
685 2053 749 2089 μίαν
764 2055 840 2089 αὐτῷ
853 2054 903 2090 τὴν

115 2098 274 2132 δοξολογίαν
287 2099 415 2125 ἀνάπτειν
428 2097 495 2125 καθὸ
511 2098 607 2132 γέγονε
623 2100 691 2134 σὰρξ
706 2100 719 2126 ό
729 2099 826 2134 Λόγος,
838 2101 904 2127 ἀνά-

116 2146 192 2180 θεμα
210 2145 290 2171 ἔστω.
304 2144 336 2170 Εἰ
347 2152 389 2175 τις
403 2145 470 2178 φησὶ
481 2143 527 2170 τὸν
537 2143 585 2170 ἕνα
598 2144 702 2179 Κύριον
725 2145 829 2180 Ἰησοῦν
838 2146 904 2180 Χρι-

117 2192 183 2217 στὸν
197 2189 356 2222 δεδοξάσθαι
370 2190 445 2225 παρά
460 2189 506 2215 τοῦ
520 2189 694 2224 Πνεύματος,
714 2190 752 2222 ὡς
775 2191 904 2225 ἀλλοτρίᾳ

955 1596 1087 1628 Verbum,
1101 1602 1134 1622 ac
1149 1603 1205 1623 non
1229 1594 1324 1630 potius
1339 1593 1466 1620 eumdem
1483 1592 1568 1619 Deum
1593 1591 1739 1626 proﬁtetur

954 1648 982 1670 ct
999 1643 1149 1674 hominem,
1166 1649 1228 1669 cum
1245 1641 1364 1668 Verbum
1376 1646 1442 1667 caro
1456 1639 1558 1666 factum
1575 1638 1621 1669 sit,
1637 1646 1737 1666 secun-

955 1690 1018 1714 dttm
1034 1688 1203 1722 Scripturas,
1220 1686 1368 1714 anathema
1383 1686 1433 1713 sit.
1450 1685 1477 1712 Si
1495 1685 1556 1719 quis
1570 1684 1636 1711 dicit
1653 1684 1738 1711 veluti

955 1735 1094 1762 hominem
1104 1733 1198 1761 Iesum
1213 1741 1227 1760 a
1245 1732 1301 1760 Deo
1317 1732 1405 1761 Verbo
1418 1731 1560 1766 agitatum,
1579 1732 1660 1766 eique
1671 1740 1742 1767 [ιω-

954 1781 1057 1809 claram
1073 1779 1213 1815 Unigeniti
1238 1779 1352 1814 gloriam
1377 1779 1577 1806 circumdatam
1608 1786 1679 1811 esse,
1712 1783 1742 1805 ut

955 1827 1001 1862 qui
1017 1827 1088 1854 alius
1099 1826 1134 1854 ab
1149 1827 1211 1860 ipso
1228 1826 1391 1857 exsisteret,
1413 1824 1559 1851 anathema
1574 1824 1620 1851 sit.
1637 1824 1664 1851 si
1680 1824 1741 1858 quis

955 1874 1047 1901 dicere
1063 1873 1155 1904 audet,
1174 1872 1312 1899 hominem
1331 1874 1502 1904 assumptum
1529 1878 1582 1896 una
1596 1877 1659 1896 cum
1684 1870 1740 1897 Deo

960 1919 1054 1947 Verbo
1075 1918 1182 1945 adorari
1209 1921 1236 1944 et
1260 1915 1408 1952 gloriﬁcari
1431 1919 1460 1942 et
1482 1915 1606 1946 laudari,
1630 1915 1741 1949 dicique

954 1967 1040 1994 Dcum
1057 1965 1170 1997 debere,
1201 1963 1284 1991 sicuti
1309 1963 1426 1990 alterum
1451 1970 1514 1990 cum
1538 1962 1624 1989 altero
1661 1961 1741 1996 διο

954 2012 1099 2048 (particula
1115 2011 1189 2038 enim
1206 2010 1263 2038 Con
1279 2009 1396 2045 adjecm,
1426 2016 1534 2044 semper
1563 2008 1590 2036 id
1616 2009 1739 2044 cogitare

954 2064 1036 2094 atque
1049 2057 1203 2092 intelligere
1217 2056 1312 2092 cogit),
1329 2063 1360 2083 ac
1375 2063 1430 2083 non
1455 2056 1547 2091 potius
1573 2055 1740 2083 Emmanue-

956 2105 1007 2132 icm
1020 2104 1180 2132 adoratione
1193 2111 1247 2130 una
1262 2102 1467 2134 honorandunt,
1481 2107 1510 2129 et
1529 2110 1610 2129 unam
1629 2102 1655 2129 ei
1680 2101 1740 2137 glo-

954 2150 1133 2177 riiicationem
1160 2149 1336 2176 tribuendam
1359 2155 1430 2180 esse,
1456 2148 1594 2182 q’uatenus
1619 2146 1740 2175 Verbum

955 2204 1020 2223 caro
1035 2195 1136 2222 factum
1153 2200 1205 2226 est,
1218 2194 1364 2221 anathema
1380 2193 1425 2221 sit.
1443 2193 1472 2220 Si
1496 2193 1559 2228 quis
1571 2193 1638 2220 dicit
1655 2201 1739 2220 unntu

115 2237 233 2271 δυνάμει
256 2237 289 2271 τῇ
306 2236 339 2261 δι’
351 2235 433 2262 αὑτοῦ
450 2235 604 2270 χρώμενον,
616 2237 664 2263 καὶ
678 2235 744 2271 παρ’
759 2237 841 2264 αὐτοῦ
856 2237 901 2262 λα-

956 2242 1099 2269 Dominum
1114 2240 1207 2270 Iesum
1222 2240 1365 2268 Christum
1377 2239 1560 2274 gloriﬁcatutn
1576 2246 1636 2266 esse
1651 2247 1666 2266 a
1678 2239 1740 2273 Spi-

117 2285 201 2311 6όντα
222 2284 252 2310 τὸ
267 2284 390 2317 ἐνεργεῖν
414 2282 545 2311 δύνασθαι
561 2283 633 2310 κατᾶ
650 2284 812 2318 πνευμάτων
834 2283 904 2310 ἀκα-

117 2330 237 2364 θάρτων,
256 2329 303 2355 καὶ
317 2328 346 2355 τὸ
362 2327 484 2363 πληροῦν
506 2328 547 2359 είς
562 2327 721 2363 ἀνθρώπους
734 2329 784 2360 τὰς
805 2328 902 2363 θεοση-

119 2377 195 2411 μίας,
219 2375 266 2403 καὶ
294 2375 355 2410 οὐχὶ
373 2374 405 2409 δὴ
422 2374 522 2409 μᾶλλον
553 2374 620 2401 ῐδιον
645 2375 728 2401 αὑτοῦ
746 2377 777 2401 τὸ
793 2375 904 2411 Πνεῦμα

116 2421 197 2456 φησὶ,
208 2420 248 2447 δι’
263 2419 293 2446 οὖ
318 2420 515 2454 χαὶ¹ὲνήργηκε
534 2422 583 2450 τὰς
604 2419 763 2454 θεοσημίας,
779 2420 904 2454 ἀνάθεμα

116 2469 198 2494 ἔστω.
214 2467 248 2493 Et
259 2475 301 2498 τις
319 2466 448 2502 ἀρχιερέα
465 2466 512 2492 καὶ
529 2466 678 2493 ἀπόστολον
692 2466 742 2500 τῆς
754 2467 904 2501 ὁμολογίας

116 2513 198 2549 ἡμῶν
220 2513 384 2548 γεγενῆσθαι
400 2513 529 2548 Χριστὸν,
545 2511 581 2544 ὡς
602 2513 619 2547 ἠ
643 2512 703 2538 θεία
717 2512 792 2547 λέγει
807 2513 903 2548 Γραφὴ

116 2558 333 2594 ίπροσκεχόμικε
347 2558 401 2592 γὰρ
429 2556 524 2584 ἑαυτὸν
554 2556 624 2591 ὑπὲρ
647 2556 726 2591 ήμῶν
753 2557 793 2587 εἰς
816 2557 904 2592 ὀσμὴν

116 2604 234 2634 εὐωδίας
261 2602 301 2638 ’τῷ
325 2602 385 2637 Θεῷ
413 2604 458 2628 καὶ
488 2601 605 2637 Πατρί)·
632 2603 658 2629 εί
682 2611 724 2634 τις
742 2604 832 2630 τοίνυν
856 2605 904 2639 ἁρ-

116 2651 212 2687 χιερέα
251 2649 300 2676 καὶ
332 2649 482 2675 ἀπόστολον
517 2649 595 2683 ἡμῶν
628 2649 755 2682 γενέσθαι
781 2650 832 2676 οὐκ
857 2651 905 2676 αὐ-

115 2697 161 2723 τὸν
187 2696 234 2722 τόν
262 2695 310 2721 τοῦ
339 2695 407 2721 Θεοῦ
441 2695 536 2729 Λόγον,
561 2695 606 2721 ὅτε
632 2695 729 2730 γέγονε
757 2695 826 2731 σὰρξ
858 2698 905 2724 xz).

116 2743 178 2771 καθ’
204 2743 277 2778 ἡμᾶς
306 2742 459 2776 ἄνθρωπος,
485 2742 542 2768 ἀλλ’
557 2742 594 2773 ὡς
624 2742 718 2778 ἕτερον
739 2743 831 2775 ίδικῶς
860 2744 904 2770 ἆν-

116 2791 228 2825 θρωπον
253 2789 317 2823 παρ’
343 2789 423 2815 αὑτὸν
445 2789 477 2814 ἐκ
493 2788 638 2821 γυναικός·
660 2790 686 2815 εῐ
701 2797 742 2821 τις
769 2790 904 2824 λέγεικαὶ

117 2836 188 2870 ὑπὲρ
205 2834 302 2861 ἑαυτοῦ
328 2836 522 2869 προσενεγκεῖν
551 2834 633 2861 αὑτὸν
661 2836 711 2870 τὴν
733 2837 902 2872 προσφορὰν,

116 2884 163 2910 καί
189 2882 250 2917 οῖ’κὶ
282 2881 314 2916 δὴ
342 2881 441 2916 μᾶλλον
470 2881 539 2916 ὑπὲρ
561 2882 648 2916 μόνων
676 2882 755 2918 ἡμῶν
783 2883 823 2917 (ηὐ
849 2884 903 2917 γὰρ

956 2289 1022 2319 ritu.
1037 2288 1150 2324 perinde
1169 2292 1251 2322 atque
1268 2287 1357 2314 aliena
1379 2286 1482 2313 virtute
1501 2293 1568 2313 usus
1581 2286 1635 2318 sit,
1660 2290 1688 2312 et
1703 2286 1738 2312 ab

955 2335 1002 2362 illo
1015 2334 1163 2368 acceperit,
1181 2337 1210 2360 ut
1234 2332 1327 2360 eiiicax
1350 2337 1446 2359 contra
1473 2331 1596 2365 impuros
1622 2331 1739 2365 spiritus

953 2383 1037 2408 esset.
1055 2382 1081 2404 et
1093 2377 1185 2403 divina
1203 2376 1334 2403 miracula
1351 2376 1424 2402 inter
1437 2375 1563 2402 homines
1577 2375 1659 2402 edere
1675 2382 1739 2409 pos-

955 2429 1006 2455 set,
1025 2432 1057 2451 ac
1073 2422 1229 2458 nonpot-ius
1239 2422 1380 2456 proprium
1396 2421 1484 2456 ipsius
1501 2420 1634 2455 Spiritum
1651 2421 1738 2454 proli-

956 2476 1039 2502 tc-tur,
1059 2478 1106 2505 per
1128 2476 1209 2504 quem
1225 2468 1319 2496 divina
1332 2467 1399 2495 fecit
1424 2466 1569 2498 miracula,
1590 2466 1737 2492 anathema

954 2517 1000 2543 sit.
1021 2515 1050 2543 Si
1075 2515 1137 2550 quis
1154 2514 1310 2550 pontiﬁcem
1331 2517 1359 2540 et
1377 2512 1531 2547 apostolum
1556 2510 1739 2538 confessionis

955 2566 1055 2589 nostrae
1071 2562 1173 2588 factum
1186 2567 1247 2588 esse
1261 2559 1414 2590 Christum,
1432 2557 1514 2585 sicuti
1538 2557 1632 2584 divina
1654 2557 1740 2586 refert

956 2606 1097 2641 Scriptura
1113 2605 1223 2640 (obtulit
1238 2604 1312 2631 enim
1325 2605 1446 2637 seipsum
1463 2609 1514 2637 pro
1532 2601 1612 2629 nobis
1627 2601 1654 2628 itt
1672 2601 1741 2629 odo—

956 2660 1012 2680 rem
1028 2651 1170 2679 suavitatis
1178 2651 1239 2682 Deo
1250 2650 1347 2684 Patri),
1365 2649 1387 2677 si
1401 2649 1476 2684 quis,
1495 2648 1617 2683 inquam,
1631 2648 1741 2682 pontiﬁ-

955 2706 1014 2726 cem
1027 2703 1054 2725 et
1066 2698 1219 2733 apostolum
1236 2702 1360 2725 ttostrutn
1375 2696 1477 2723 factum
1494 2702 1564 2728 esse,
1584 2703 1638 2722 nott
1651 2695 1740 2729 ipsuttt

960 2745 1008 2773 Dei
1023 2745 1153 2777 Verbum,
1169 2752 1232 2772 cum
1247 2752 1311 2771 caro
1327 2748 1356 2770 ct
1369 2743 1440 2771 sicut
1466 2750 1516 2770 nos
1539 2750 1633 2769 sumus
1660 2741 1743 2768 ltottto

956 2792 1058 2819 factum
1069 2796 1121 2823 est,
1134 2790 1182 2817 sed
1195 2795 1325 2824 tanquam
1341 2789 1425 2815 alium
1441 2788 1552 2824 propria
1565 2792 1593 2815 et
1610 2787 1742 2822 peculiari

955 2836 1073 2872 quadam
1090 2835 1197 2864 ratione
1213 2835 1246 2863 ab
1262 2842 1295 2862 eo
1322 2834 1369 2869 qui
1385 2843 1418 2861 ex
1437 2833 1552 2861 ntuliere
1572 2837 1624 2865 est,
1652 2831 1741 2858 homi-

958 2892 1017 2910 nem
1038 2891 1043 2909 :
1060 2887 1194 2918 prxterea
1216 2881 1239 2909 si
1260 2881 1321 2917 quis
1336 2888 1400 2908 eum
1415 2880 1498 2908 etiam
1527 2887 1575 2915 pro
1593 2878 1694 2913 Seipso,
1712 2882 1740 2907 et
