1899 3062
173 98 237 132 1171

781 101 993 138 NICEPHORI
1010 104 1180 139 GALLISTI

1732 102 1802 140 “72

164 157 332 193 jamdudum
348 168 415 197 erga
430 169 492 190 eum
509 166 567 190 erat
580 162 682 190 animo.
699 163 734 191 Et
756 172 819 192 cum
845 164 958 192 Christo

1013 166 1064 194 λων
1083 168 1142 198 τοῖς
1158 166 1381 202 ἀκροϐολισμοῖς,
1397 160 1503 193 ἐκείνου
1531 165 1604 199 μάλα
1620 166 1780 200 καθήπτετο
1792 176 1799 182 -

172 208 315 235 sententiis
327 209 385 236 suis
399 209 571 237 divinitatem
586 210 662 237 multi
675 210 840 243 tribuerent,
859 217 958 237 unum-

172 260 226 287 que
242 258 271 280 et
285 254 412 282 eumdem
425 263 485 283 esse
500 255 609 288 Filium,
625 263 657 283 ex
672 256 753 283 Patre
767 256 879 290 quidem
895 261 958 283 ante

173 299 273 326 smcula
301 300 434 335 genitum,
459 301 593 328 extremis
618 306 708 329 autem
735 302 905 336 temporibus
925 309 958 328 ex

176 350 309 379 perpetua
326 346 436 381 Virgine
466 347 603 375 hominem
625 347 739 379 factum,
764 355 852 383 neque
875 348 958 375 alium

174 395 256 426 atque
267 391 360 424 alium,
375 392 422 419 sed
436 400 520 419 unum
535 398 616 428 alque
631 393 812 426 eumdem,>el
825 392 960 429 virginem

166 438 286 478 Mariam
306 439 417 474 proprie
438 444 465 467 et
478 447 541 467 vere
559 438 691 468 Beorézov
716 441 765 469 Dei
790 441 958 470 Genitricem

174 480 318 511 dicendam
343 493 404 513 esse
428 491 596 520 assererem,
612 495 758 522 assurgens
782 488 927 517 Nestorius
951 498 957 517 :

176 539 186 555 ι
217 530 284 565 Ego,
299 531 409 565 'inquit,
426 532 585 560 bimestrem
604 533 723 568 aliquem
747 539 775 561 et
793 535 959 562 trimestrem

172 575 258 603 Deum
274 584 328 603 non
346 578 473 605 dixerim.
490 578 606 606 Proinde
623 587 709 614 purus
719 586 779 606 sum
795 587 810 606 a
827 580 959 615 sanguine

172 626 275 654 vestro,
291 627 319 650 et
329 623 447 658 amplius
461 625 494 651 ad
509 631 560 652 vos
576 631 629 652 non
641 625 760 652 veniam.
782 634 791 651 ι
805 625 853 653 llis
866 625 958 653 verbis

173 667 266 698 dictis,
278 676 341 696 cum
356 677 403 696 sex
416 670 554 705 episcOpis
570 678 697 706 egressus
713 676 765 703 est,
787 675 814 699 et
827 672 960 706 deinceps

174 722 235 741 cum
263 715 316 743 illis
345 717 493 744 convenire
517 718 616 745 solitus
642 717 694 745 fuit
723 727 731 746 :
757 719 818 747 aliis
850 726 960 754 quoque

174 762 334 797 assumptis,
357 762 405 797 qui
428 771 540 798 pravam
569 763 630 798 ejus
655 763 735 792 ﬁdem
760 765 959 799 sequebantur.

174 809 214 835 Ita
233 809 354 844 synodus
376 809 508 845 deinceps
536 810 563 837 in
592 815 688 845 partes
710 811 778 838 duas
797 812 885 838 divisa
905 817 958 840 est.

175 855 305 889 Cyrillus,
327 860 355 883 et
375 857 423 891 qui
440 864 502 884 cum
520 864 552 884 eo
570 861 658 890 erant,
685 857 818 892 postridie
842 859 959 887 concilio

175 905 282 933 coacto,
294 906 323 928 ut
338 909 396 930 mos
410 908 461 933 est,
477 903 564 930 tribus
576 903 712 938 episcopis
729 903 831 936 missis,
858 903 959 932 Nesto-

176 947 249 974 rium
271 951 302 975 ut
328 948 357 976 in
381 953 547 976 conventum
572 949 679 977 veniret
705 949 835 977 citarent.
857 949 904 977 lile
933 949 960 977 id

176 993 343 1028 contempsit
359 998 387 1021 et
407 994 620 1031 haudquaquam
643 996 810 1030 comparuit,
826 996 960 1031 synodum

177 1038 204 1065 in
223 1039 387 1067 Antiochcni
422 1041 544 1076 episcopi
587 1041 738 1069 adventum
760 1041 901 1070 diﬁerens.
926 1042 961 1071 Ut

177 1090 269 1112 autem
286 1085 331 1112 ille
349 1086 449 1114 iterum
465 1092 547 1121 atque
563 1088 645 1116 tertio
661 1093 782 1120 vocatus,
798 1095 960 1122 responsum

177 1129 296 1161 nullum,
325 1137 380 1163 quo
403 1138 432 1158 se
461 1131 633 1165 defenderet,
662 1132 747 1165 dedit,
773 1138 801 1160 et
829 1134 961 1161 conviciis

176 1181 259 1210 atque
278 1177 452 1204 contumeliis
468 1185 516 1204 eos
531 1178 577 1212 qui
592 1178 624 1205 ad
639 1186 668 1206 se
688 1179 763 1206 mimi
782 1183 861 1206 erant
880 1179 962 1207 remi-

176 1222 213 1248 sit
229 1229 237 1248 :
258 1222 377 1256 synodus
393 1227 485 1250 sancta
504 1228 688 1251 trecentorum
704 1225 811 1253 illorum
823 1231 850 1253 et
867 1227 959 1253 decem

177 1272 241 1294 octo
256 1267 412 1295 divinorum
430 1269 542 1296 Patrum
559 1269 712 1305 symbolum
735 1271 762 1298 in
784 1271 914 1303 medium,
933 1277 960 1300 et

176 1313 271 1348 Ctrilli
293 1318 375 1348 atque
403 1314 537 1348 Nestorii,
564 1324 633 1351 quas
663 1316 741 1344 ultro
768 1310 899 1352 ‘citroque
926 1318 960 1345 de

176 1359 304 1393 dogmate
317 1359 449 1387 dederant
461 1361 576 1394 litteras,
591 1369 696 1389 sacram
710 1362 774 1389 item
787 1363 860 1390 illam
872 1363 961 1391 Caele-

177 1405 243 1432 stini
260 1405 294 1433 ad
311 1405 400 1440 ipsum
417 1405 574 1434 NeSIorium
590 1407 720 1442 scriptam
737 1408 881 1443 epistolam
898 1417 961 1443 pro-

177 1452 249 1479 tulit.
266 1453 354 1486 Atque
372 1453 418 1479 nbi
439 1453 600 1480 Theodotus
626 1453 786 1489 Ancyranus
808 1459 837 1481 et
860 1454 961 1481 Meliti-

177 1497 273 1524 nensis
299 1496 416 1524 Acacius
443 1497 600 1532 blasphema
627 1497 687 1533 ejus
716 1498 797 1525 verba
815 1519 822 1531 ,
858 1499 960 1533 quibus

178 1547 273 1577 aperte
294 1543 394 1577 Ephesi
427 1544 522 1572 multis
551 1544 734 1579 praesentibus
760 1552 828 1572 usus
858 1544 958 1576 fuerat.

178 1590 350 1620 indicavere,
375 1594 403 1617 et
434 1591 525 1618 multze
553 1590 717 1618 eximiorum
743 1595 772 1618 et
801 1595 959 1618 sanctorum

177 1635 303 1663 virorum
333 1642 414 1663 voces
433 1636 544 1668 auditae,
570 1636 738 1671 insuperque
764 1636 817 1663 alia
841 1636 960 1664 Nestorii

178 1682 262 1715 impie
277 1681 346 1709 dicta
360 1686 489 1717 congesta
505 1685 580 1714 sunt,
602 1682 716 1717 impium
737 1682 814 1710 illum
831 1688 963 1710 exaucto-

178 1727 258 1759 ravit,
277 1727 410 1754 sententia
425 1727 500 1754 hisce
516 1727 607 1754 verbis
620 1731 768 1762 concepta:
786 1727 867 1763 515.
879 1728 960 1756 «Cum

179 1777 279 1807 prmter
302 1772 355 1800 alia
390 1772 640 1800 reverendissimus
675 1772 840 1805 Nestorius,
871 1779 961 1807 neque

177 1817 315 1846 vocationi
337 1823 438 1846 nostra:
453 1818 569 1845 audiens
592 1825 654 1845 esse
673 1817 803 1850 voluerit,
828 1825 919 1852 neque
946 1825 962 1845 a

179 1864 260 1892 nobis
277 1864 378 1892 missos
399 1864 588 1892 sanctissimos
603 1868 632 1891 et
657 1863 795 1898 piissimos
815 1863 961 1898 episcopos

178 1910 333 1942 admiserit,
349 1910 505 1937 necessario
518 1916 550 1937 eo
562 1909 765 1942 descendimus,
780 1913 809 1936 ut
821 1909 856 1937 de
867 1909 963 1944 impie-

179 1961 235 1984 tate
250 1956 309 1992 ejus
325 1956 540 1991 inquireremus.
566 1955 598 1982 Et
615 1955 742 1988 quoniam
758 1963 820 1982 cum
840 1963 874 1983 ex
902 1955 962 1989 epi-

178 2004 256 2031 stolis
270 2007 297 2030 et
312 2003 424 2037 scriptis
440 2005 510 2036 ejus,
527 2009 588 2036 qua:
601 2001 670 2029 lecta
682 2002 762 2028 etiam
775 2005 839 2028 sunt
855 2010 862 2028 :
879 2005 962 2036 atque

179 2050 244 2076 item
262 2055 295 2075 ex
306 2048 408 2079 verbis.
424 2048 526 2082 quibus
539 2047 567 2074 in
580 2047 789 2080 metropolitana
820 2047 872 2074 hac
895 2047 962 2074 urbe

180 2102 246 2122 usus
259 2097 301 2121 est
314 2103 321 2121 :
336 2098 393 2121 tum
409 2101 442 2120 ex
458 2093 569 2120 testium
585 2092 677 2124 dictis,
692 2092 774 2127 impie
786 2100 848 2120 eum
859 2097 886 2120 et
898 2099 962 2120 sen-

179 2141 231 2166 tire
251 2143 279 2166 et
296 2139 396 2166 docere
414 2137 648 2173 deprehendimus
667 2146 674 2165 :
699 2139 863 2166 necessitate
881 2138 961 2166 nobis

1010 214 1057 242 καὶ
1067 214 1122 247 γὰρ
1133 212 1260 248 ἀπεχθῶς
1273 213 1339 248 πρὸς
1351 213 1432 240 αὐτὸν
1446 215 1476 240 ἐκ
1493 212 1590 240 πολλοῦ
1606 210 1674 247 εἶχε.
1690 212 1805 240 Πολλῶν

1009 258 1037 285 δέ
1053 259 1097 285 τὸν
1110 259 1228 294 Χριστὸν
1243 258 1452 293 θεολογούντων,
1471 259 1519 285 καὶ
1535 258 1583 284 ἕνα
1596 258 1643 284 καὶ
1658 258 1706 283 τὶν
1719 257 1803 282 αὐτὸν

1010 303 1081 331 εἶναι
1098 305 1173 336 Υιδν,
1189 305 1235 331 τὸν
1253 306 1284 332 ἐκ
1296 305 1403 340 Πατρὸς
1415 305 1465 340 μὲν
1477 304 1530 340 πρὸ
1543 304 1652 330 αἰώνων
1665 303 1803 338 πρότερον

1010 350 1186 385 γεννηθέντα,
1199 350 1247 376 καὶ
1263 349 1307 376 ἐπ’
1322 350 1445 384 ἐσχάτων
1460 349 1487 376 δὲ
1504 349 1557 376 τῶν
1571 350 1691 384 χρόνων,-
1706 349 1738 375 ἐκ
1749 349 1802 382 τῆς

1016 395 1212 438 Ἀειπαρθὲνου
1232 395 1380 429 γενόμενον
1405 394 1559 430 ἄνθρωπον,
1588 394 1636 421 καὶ
1651 395 1702 420 οὐκ
1718 392 1801 420 ἄλλον

1010 441 1058 469 καὶ
1071 441 1161 474 ἄλλον,
1183 441 1228 467 καὶ
1257 441 1392 467 Θεοτόκον
1416 440 1521 476 κυρίως
1541 440 1590 468 καὶ
1616 440 1726 474 ἀληθῶς
1751 439 1803 474 τήν

1011 487 1146 522 παρθένον
1169 487 1280 521 Μαρίαν
1298 486 1531 521 ἀποφηναμένων,
1553 484 1650 520 παρὼν
1668 486 1683 511 δ
1698 485 1804 512 Νεστό-

1012 541 1082 567 ριος,
1105 541 1115 558 ι
1136 531 1216 567 Ἐγὼ,
1235 532 1313 567 φησὶ,
1340 532 1385 559 τὸν
1406 532 1554 567 γενόμενον
1570 532 1728 566 διμηνιαῖον
1751 531 1802 557 καὶ

1010 579 1182 614 τριμηνιαῖον
1201 578 1250 605 οὐκ
1266 579 1297 605 ἂν
1312 578 1378 604 Θεδν
1396 577 1578 613 ὀνομάσαιμν
1595 578 1646 604 καὶ
1659 578 1704 604 διὰ
1719 577 1803 603 τοῦτο

1011 623 1131 659 καθαρός
1147 625 1205 658 εἰμι
1231 624 1284 650 ἀπὸ
1300 623 1347 649 τοῦ
1362 623 1477 658 αἵματος
1498 623 1592 658 ὑμῶν·
1611 624 1659 650 καὶ
1676 623 1732 649 ἀπὸ
1750 621 1800 649 τοῦ

1011 669 1059 696 νῦν
1078 670 1146 706 πρὸς
1163 670 1236 705 ὑμᾶς
1251 669 1302 696 οὐκ
1316 670 1472 704 ἐλεύσομαι.
1493 679 1502 695 ι
1521 669 1603 696 Ταῦτ’
1617 669 1714 700 εἰπὼν,
1731 669 1802 702 μετὰ

1011 717 1041 750 ἓξ
1060 717 1217 743 ἐπισκόπων
1246 716 1353 750 ἐξῆλθε,
1376 717 1423 742 καὶ
1442 715 1490 742 τοῦ
1515 714 1611 742 λοιποῦ
1630 715 1690 750 μετ’
1708 714 1801 742 αὐτῶν

1012 763 1216 798 συνηθροίζετο,
1232 764 1279 790 καὶ
1298 762 1394 793 ἄλλους
1421 761 1614 796 προσειληφὼς
1636 762 1670 796 τῇ
1692 761 1801 788 ἐκείνου

1012 809 1178 844 κακοπιστὶᾳ.
1207 809 1403 844 ἐφεπομένους.
1437 809 1492 835 Καὶ
1525 804 1588 842 διχῆ
1607 807 1638 833 τὸ
1664 807 1759 834 λοιπὸν
1783 807 1801 841 ἡ

1011 855 1119 887 σύνοδος
1135 856 1262 890 διῃρείτο.
1280 856 1310 881 Οἱ
1325 855 1353 880 δὲ
1368 854 1431 889 περὶ
1447 853 1582 889 Κύριλλον
1603 853 1637 888 τῇ
1652 853 1720 886 ἑξῆς
1736 861 1801 879 συν-

1012 902 1101 937 έδριον
1128 900 1320 936 ποιησάμενοι,
1337 899 1373 931 ὡς
1387 899 1458 931 ἐοος,
1477 901 1550 934 τρεῖς
1568 899 1623 925 τῶν
1638 898 1802 926 ἐπισκόπων

1010 947 1240 982 διαπεμψάμενοι,
1269 946 1476 981 μετεστέλλοντο
1501 944 1649 979 Νεστόριον
1675 945 1716 975 εἰς
1748 943 1800 977 τὴν

1012 994 1121 1021 σύνοδον
1146 993 1281 1027 ἁπαντᾷν.
1299 993 1333 1018 ’0
1348 991 1376 1017 δὲ
1392 989 1578 1025 κατωλιγώρει
1602 991 1649 1016 καὶ
1670 989 1800 1024 οὐδαμῶς

1012 1039 1187 1075 παρεγίνετο,
1215 1037 1388 1072 μετεωρίζων
1409 1036 1458 1071 τὴν
1483 1036 1592 1062 σύνοδον
1620 1037 1660 1067 εις
1684 1036 1735 1071 τὴν
1750 1036 1798 1061 τοῦ

1018 1085 1183 1120 Ἀντιοχείας
1197 1084 1276 1119 δῆθεν
1288 1084 1440 1110 ἐπέλευσιν.
1458 1083 1499 1114 Ὧς
1518 1083 1547 1109 δὲ
1561 1083 1608 1109 καὶ
1621 1082 1662 1114 δὶς
1678 1083 1726 1109 καὶ
1738 1083 1799 1117 τρὶς

1012 1131 1133 1166 κληθεὶς,
1150 1130 1226 1157 οὐδὲν
1254 1130 1302 1165 μὲν
1319 1130 1388 1165 πρὸς
1412 1126 1561 1162 ἀπολογίαν
1584 1128 1683 1160 ἐδίδου,
1703 1128 1798 1163 σκώμ-

1014 1187 1081 1213 μασι
1100 1178 1188 1204 δὲκαὶ
1206 1178 1328 1212 ἀτιμίαις
1346 1177 1392 1203 καὶ
1407 1177 1469 1208 τοὺς
1484 1176 1687 1206 ἀποσταλέντας
1711 1175 1799 1202 ὀπίσω

1011 1225 1186 1259 ἀνέπεμπεν·
1202 1225 1218 1259 ή
1243 1224 1309 1258 ἁγία
1333 1223 1441 1254 σύνοδος
1457 1223 1486 1249 τὸ
1501 1222 1558 1249 τῶν
1571 1221 1740 1255 τριακοσίων
1755 1221 1799 1247 δε-

1012 1269 1122 1297 καοκτὼ
1134 1270 1272 1305 οεοςρὸρων
1299 1269 1429 1303 Πατέρων
1454 1267 1587 1302 σύμϐολον
1613 1267 1739 1302 προῆγεν
1758 1267 1799 1298 εἰς

1013 1317 1106 1352 μέσον,
1122 1316 1168 1342 καὶ
1181 1316 1230 1346 τὰς
1242 1315 1385 1346 ἐπιστολὰς
1393 1315 1529 1349 Κυρίλλου
1542 1314 1588 1341 καὶ
1603 1314 1754 1349 Νεστορίου
1766 1313 1799 1344 ἃς

1013 1361 1137 1397 ἀλλήλοις
1150 1361 1214 1395 περὶ
1227 1359 1273 1386 τοῦ
1286 1359 1421 1394 δόγματος
1438 1359 1622 1394 διεπέμποντο
1632 1366 1639 1374 ·
1655 1359 1696 1384 ἔτι
1709 1358 1738 1384 δὲ
1752 1358 1799 1383 καὶ

1011 1408 1062 1444 τὴν
1085 1407 1161 1442 ἱερὰν
1187 1407 1295 1441 ἐκείνην
1309 1406 1356 1432 τοῦ
1375 1406 1538 1432 Κελεστενου
1565 1404 1713 1439 ἐπιστολὴν
1731 1405 1798 1439 πρὸς

1013 1455 1094 1484 αὑτὸν
1111 1454 1271 1489 Νεστόριον.
1295 1452 1478 1480 Ἐπειπόντων
1502 1452 1530 1479 δὲ
1555 1451 1602 1478 τοῦ
1623 1459 1653 1478 τε
1669 1451 1798 1477 Θεοδότου

1019 1498 1154 1534 Ἀγκύρας
1166 1498 1213 1524 καὶ
1229 1497 1276 1524 τοῦ
1288 1499 1337 1531 τῆς
1351 1497 1497 1531 Μελιτινῆς
1518 1496 1647 1523 Ἀκακιου
1663 1497 1710 1522 καὶ
1727 1496 1802 1530 Est-rep

1014 1543 1156 1579 παρρησίᾳ
1184 1543 1289 1570 πολλῶν
1313 1544 1360 1570 ἐπὶ
1375 1543 1423 1578 τῆς
1448 1542 1582 1577 Ἐφεσίων
1597 1543 1800 1576 ἐϐλασφήμησε

1013 1589 1218 1625 μητροπόλεως,
1236 1590 1282 1616 καὶ
1298 1589 1399 1625 ἑτέρων
1413 1589 1442 1616 δέ
1460 1590 1566 1616 πολλῶν
1579 1589 1686 1624 ῥήσεων
1703 1589 1800 1622 ἐκκρί-

1011 1644 1066 1663 των
1085 1636 1171 1669 ἁγίων
1185 1635 1367 1671 ὑφανθεισῶν,
1385 1637 1430 1663 ναὶ
1445 1636 1498 1672 μὴν
1526 1637 1572 1663 καὶ
1589 1635 1678 1662 ἄλλων
1695 1637 1728 1662 ἐκ
1745 1636 1800 1662 τῶν

1011 1682 1161 1718 Νεστορίου
1180 1681 1363 1716 βλασφημιῶν
1392 1682 1635 1717 ἐπισωρευοέντων
1652 1682 1799 1716 ῥημάτων,

1011 1727 1029 1762 ή
1045 1726 1105 1754 Θεία
1130 1727 1240 1758 σύνοδος
1258 1727 1369 1754 καθεῖλε
1386 1727 1432 1753 τὸν
1461 1726 1589 1761 δυσσεϐῆ,
1612 1726 1677 1753 τάδε
1692 1726 1800 1757 λέξεσιν

1012 1773 1108 1807 αὐταῖς
1122 1773 1183 1800 κατ’
1200 1771 1282 1799 αὑτοῦ
1312 1772 1488 1807 ἀποφήνασα·
1512 1781 1521 1798 ι
1537 1772 1609 1806 "pb;
1630 1773 1688 1802 τοῖς
1708 1771 1799 1801 ἄλλοις

1013 1820 1083 1856 μήτε
1100 1819 1254 1846 ὑπακοῦσαι
1271 1818 1448 1854 βουληθέντος
1458 1817 1505 1846 τοῦ
1518 1817 1685 1852 τιμιωτάτου
1697 1817 1798 1843 Νεστο-

1013 1866 1072 1901 ρίου
1095 1866 1129 1900 τῇ
1144 1864 1223 1899 ήμῶν
1248 1864 1356 1898 κλήσει,
1373 1863 1441 1898 μήτε
1469 1863 1523 1897 μὴν
1543 1864 1606 1894 τοὺς
1634 1863 1702 1898 παρ’
1719 1862 1797 1897 ήμῶν

1012 1908 1215 1940 ἀποσταλέντας
1238 1908 1408 1942 ἁγιωτάτους
1425 1907 1473 1935 καὶ
1490 1907 1716 1938 θεοσεῦεστάτους
1737 1908 1797 1933 ἐπι-

1013 1954 1131 1985 σκόπους
1145 1952 1376 1988 προσδεξαμένου,
1385 1952 1543 1986 ἀναγκαίως
1556 1953 1740 1987 ἐχωρήσαμεν
1752 1951 1798 1978 ἐπὶ

1011 1999 1061 2035 τὴν
1076 1999 1200 2032 ἐξέτασιν
1217 1999 1272 2026 τῶν
1287 1998 1508 2034 δυσσεΰηθέντων
1533 1999 1608 2034 αὐτῷ
1618 2007 1626 2015 ο
1639 2000 1688 2024 καὶ
1706 1998 1799 2033 φωρά-

1013 2054 1108 2077 σαντες
1128 2046 1211 2073 αὑτὺν
1227 2045 1259 2072 ἐκ
1285 2054 1315 2072 τε
1327 2045 1382 2072 τῶν
1411 2045 1560 2072 ἐπιστολῶν
1574 2044 1656 2072 αὐτοῦ
1683 2045 1731 2071 καὶ
1745 2044 1798 2071 τῶν

1013 2091 1240 2128 συγγραμμάτων
1268 2091 1324 2118 τῶν
1351 2091 1398 2118 καὶ
1425 2090 1664 2125 ἀναγνωσθέντων,
1697 2091 1731 2117 ὲκ
1746 2091 1798 2117 τῶν

1011 2137 1113 2172 ἀρτίως
1127 2138 1193 2173 παρ’
1203 2136 1287 2164 αὑτοῦ
1302 2137 1440 2173 ῥηθέντων
1455 2138 1525 2164 κατὰ
1541 2137 1621 2172 τήνδε
1632 2137 1682 2170 τὴν
1698 2137 1799 2172 μητρό-

179 2193 193 2211 a
213 2185 387 2218 canonibus,
417 2189 445 2212 et
473 2184 641 2212 sanctissimi
674 2184 763 2212 Patris
795 2185 960 2220 collegaeque

1013 2184 1101 2217 πολιν,
1114 2184 1160 2211 καὶ
1175 2184 1244 2219 πρὸς
1270 2184 1500 2221 μαρτυρηθέντων
1514 2182 1654 2214 δυσσεϐῶς
1669 2183 1800 2217 φρονοῦν-

178 2231 265 2258 nostri
285 2230 400 2258 Romani
417 2230 548 2258 Ecclesia:
566 2230 689 2265 episeopi
716 2230 844 2264 epistola,
872 2231 961 2266 impo-

179 2278 242 2311 sita,
258 2277 305 2305 diu
316 2277 488 2312 multumque
505 2276 697 2312 lacrymantes,
710 2276 744 2304 ad
762 2277 867 2304 tristem
887 2276 958 2304 hanc

179 2324 355 2359 pervenimus
372 2323 547 2352 sententiam.
562 2322 614 2356 Qui
635 2322 719 2358 igitur
733 2322 767 2350 ab
781 2330 815 2350 eo
831 2322 959 2356 blasphe-

178 2371 241 2398 miis
257 2370 394 2406 expetitus
406 2375 459 2402 est,
473 2369 608 2397 Dominus
621 2373 717 2397 noster
729 2368 808 2398 Jesus
822 2368 959 2400 Christus,

178 2424 227 2451 per
241 2421 405 2452 pmsentem
418 2420 541 2445 sanctam
557 2416 692 2452 synodum
708 2416 841 2450 decrevit,
858 2414 959 2444 Nesto«

179 2463 249 2490 rium
262 2471 278 2491 ει
292 2463 423 2499 dignitate
438 2463 600 2498 episcopali,
611 2468 640 2492 et
650 2462 814 2492 sacerdotali
824 2465 962 2491 conventu

179 2511 251 2537 omni
267 2518 328 2538 esse
343 2510 473 2538 alienum.
492 2519 501 2535 ι

1013 2239 1048 2258 τα
1062 2230 1110 2258 καὶ
1133 2230 1317 2265 κηρύττοντα,
1334 2230 1493 2264 ἀναγκαίως
1505 2229 1735 2263 κατεπειχῡέντες
1748 2229 1800 2255 ἀπό

1013 2287 1043 2304 τε
1058 2277 1111 2305 τῶν
1125 2277 1257 2309 κανόνων,
1273 2277 1320 2304 καὶ
1333 2277 1383 2311 τῆς
1407 2276 1554 2311 ἐπιστολῆς
1577 2275 1624 2302 τοῦ
1641 2275 1798 2309 ἁγιωτάτου

1013 2324 1121 2360 Harpe;
1135 2324 1215 2360 ήμῶν
1231 2323 1278 2350 καὶ
1294 2323 1502 2358 συλλειτουργοῦ
1518 2322 1565 2350 τοῦ
1581 2323 1735 2349 ἐπισκόπου
1749 2323 1799 2355 τῆς

1021 2369 1166 2405 Ῥωμαίων
1184 2369 1359 2405 Ἐκκλησίας,
1385 2370 1570 2404 δακρύσαντες
1594 2368 1738 2399 πολλάκις,
1753 2369 1799 2394 ἐπὶ

1014 2419 1117 2451 ταύτην
1130 2417 1179 2453 τήν
1195 2417 1362 2452 σκυθρωπὴν
1386 2417 1568 2452 ἐχωρήσαμεν
1595 2416 1747 2449 ἀπόφασιν.
1769 2415 1798 2441 '0

1016 2463 1225 2499 βλασφημηοεὶς
1239 2463 1330 2489 τοίνυν
1346 2463 1410 2498 παρ’
1430 2462 1512 2489 αὐτοῦ
1533 2461 1635 2497 Κύριος
1650 2461 1730 2496 ἡμῶν
1751 2461 1800 2494 Ἰη-

1017 2507 1082 2539 σοῦς
1096 2507 1213 2543 Χριστὸς
1226 2507 1311 2543 ὥρισε
1332 2507 1377 2534 διὰ
1389 2507 1438 2542 τῆς
1457 2507 1600 2543 παρούσης
1622 2507 1705 2540 ἁγίας
1721 2506 1798 2533 συνὸ-

179 2558 224 2583 δου
241 2559 381 2595 ἀλλότριον
395 2557 522 2588 εἷναιτὸν
541 2559 623 2587 αὐτὸν
637 2558 784 2594 Νεοτόριον
798 2557 844 2586 τοῦ
876 2566 907 2585 τε
940 2555 1122 2584 ἐπισκοπικοῦ
1151 2556 1310 2592 ἀξιώματος
1346 2556 1393 2583 καὶ
1407 2554 1507 2587 παντὸς
1530 2555 1660 2590 συλλόγου
1696 2556 1797 2592 ἱερατι-

181 2603 237 2629 κοῦ.
256 2613 265 2630 ι
