1899 3062
97 140 163 172 1177

558 145 861 178 EtTCl.ESlAS'l‘iC.E
884 149 1074 179 lllSTORlE
1093 149 1165 181 LIB.
1186 148 1263 179 XIV.

1652 149 1719 182 Ηῗὲ

96 199 160 231 παρ’
177 199 242 231 ὑμῖν
260 199 431 235 ἐκκλησίαι.»
457 201 536 228 Ἀλλὰ
552 203 637 229 ταῦτα
656 204 705 238 μὲν
730 204 873 238 φιλοπόνωε

935 213 1018 232 unum
1044 205 1190 239 baptisma.
1208 205 1381 239 Quapropter
1408 212 1499 232 rerum
1527 205 1716 233 universarum

95 246 184 279 εὑρεῖν
201 245 262 271 ἐστι
287 245 326 280 τῷ
342 246 508 282 βουλομένῳ,
530 249 585 280 τοῖς
606 249 756 282 τηνικαῦτα
773 259 878 285 πεπρα-

94 292 204 324 γμένοις
220 292 366 326 ἐπιστῆσαι
380 293 537 328 θελήσαντι.

934 251 1106 278 Servatorem
1135 252 1218 278 Deum
1251 249 1489 286 gioriﬁcavitnus,
1519 251 1614 278 nintuo
1639 253 1718 279 nobis

931 297 1164 332 Congratulantes,
1188 297 1261 331 quod
1281 301 1483 331 congruentem
1502 304 1563 323 eum
1586 298 1718 325 divinitus

93 337 235 372 inspiratis
259 339 409 374 Seripturis
439 346 466 367 et
492 341 637 368 traditione
661 347 818 369 sanctorum
851 342 961 369 Patrum
995 348 1152 371 nostrorum
1175 348 1276 371 nostra!
1309 345 1389 370 simul
1413 349 1441 371 ct.
1472 348 1568 372 vestra:
1596 345 1718 372 ecclesiae

93 385 211 414 habeant
229 386 337 414 fidem.»
354 387 434 422 517
453 388 551 415 Verum
567 388 624 415 haec
639 388 684 423 qui
700 388 839 423 inquirere
857 390 928 417 volet
944 390 1108 423 studiosius,
1125 391 1151 418 in
1165 391 1259 427 synodi
1277 390 1338 426 ejus
1352 391 1420 418 actis
1436 393 1568 426 reperiet.

384 491 507 518 ΚΕΦΑΛ.
523 491 592 525 AG“.

90 533 143 562 οἶα
171 537 356 572 πεπονθέναι
382 537 544 570 Νεστόριος
568 538 660 570 αὐτὸς
690 538 877 572 περίέαυτοῦ

127 571 235 607 γράφει
247 579 254 586 ’
273 573 322 598 καὶ
339 572 378 603 ὼς
392 573 435 604 εἰς
453 573 563 599 Ὄασιν
572 574 664 607 μυρία
676 571 753 600 κατὰ
765 574 876 605 παθὼν,

127 606 218 667 πῖλος
251 607 458 641 σκώληξιτὴν
491 607 627 642 γλῶτταν
657 609 794 642 βρωθεὶς,
823 608 878 635 διε-

128 649 149 674 φ
171 649 240 674 αρηι

134 730 178 762 Ὠς
192 730 219 757 δὲ
239 730 387 766 Νεστόριος
404 732 575 766 ἐξελήλαται,
592 732 618 758 τί
629 742 658 759 τε
674 733 816 760 είσέπειτα
829 733 878 759 αὐ-

90 775 131 810 τῷ
149 775 282 809 ἐγεγόνει,
309 777 382 808 ὅπως
400 786 429 803 τε
448 777 495 803 τὸν
518 777 582 812 τῇδε
612 777 669 811 βίον
696 777 876 812 κατέστρεψε,

91 821 141 848 καὶ
153 821 187 848 τὰ
205 821 304 854 ἐπάξια
318 822 373 849 τῶν
388 822 571 858 βλασφημιῶν
584 823 602 850 ἃ.
611 824 874 859 κεκλήρωταιγέρα,

90 868 148 898 τοῖς
165 867 341 902 ἱστορήσασιν
357 869 385 894 ἐν
400 868 501 904 ἀδήλῳ*
518 869 564 895 καί
583 878 615 903 γε
635 869 667 895 ἂν
681 869 695 895 ὁ
717 869 810 904 χρόνος
830 869 878 904 λή-

91 911 143 945 θης
157 910 249 946 βυθοίς
262 912 429 947 συνεκάλυψε
443 912 539 943 ταῦτα,
554 915 577 940 εἰ
594 915 631 949 μὴ
657 913 741 949 βίϐλῳ
769 915 876 941 ἐκείνου

91 959 252 991 περιτυχεῖν
267 957 378 993 συνέϐη·
393 958 432 993 ἐξ,
444 956 478 993 ἧς
492 958 542 993 τὴν
563 960 627 994 περὶ
643 959 744 986 τούτων
757 960 878 994 ἱστορίαν

91 1002 274 1038 ἀνελεξάμην.
287 1004 343 1030 Καὶ
359 1004 451 1031 τοίνυν
474 1005 555 1037 αὐτὸς
584 1006 598 1032 ὀ
621 1005 671 1040 τῆς
700 1005 877 1041 βλασφημίας

91 1047 196 1082 πατὴρ,
214 1049 228 1074 ὁ
248 1048 284 1083 μὴ
298 1050 345 1076 ἐπὶ
356 1049 406 1085 τῆς
424 1050 538 1084 πέτρας,
556 1051 613 1078 ἀλλ’
627 1052 674 1078 ἐπὶ
690 1052 740 1087 τῆς
759 1052 876 1087 ψάμμου

90 1094 136 1120 τὸν
149 1095 198 1129 τῆς
209 1094 314 1121 ἐκείνου
332 1096 449 1127 πίστεως
459 1088 585 1132 οεμέλιον
598 1098 705 1130 κτίσας,
720 1099 788 1132 πρός
801 1107 877 1130 τινας

89 1137 304 1173 διεγκαλοῦντας
327 1141 452 1176 μὴκατὰ
477 1143 507 1168 τὸ
526 1143 585 1169 δέον
614 1151 640 1169 τι
665 1144 875 1179 καινουργῆσαι,

91 1185 154 1220 μηδ’
165 1186 212 1212 ἐπὶ
225 1188 396 1222 συμφέροντι
412 1187 461 1223 τὴν
475 1189 504 1214 ἐν
529 1188 634 1224 Ἐφέσῳ
661 1189 773 1223 αἰτῆσαι
799 1190 876 1216 σύνο-

89 1231 145 1263 δον,
158 1232 263 1266 γράφει
277 1232 348 1268 ὑπὲρ
360 1234 410 1266 τῆς
423 1233 491 1265 ἰδίας
523 1234 699 1269 βλασφημίας
725 1234 876 1267 ἀπολογού-

91 1285 184 1312 μενος,
202 1279 240 1310 ὡς
253 1279 284 1305 δι’
296 1279 418 1315 ἀνάγκης
435 1280 474 1311 είς
489 1280 562 1306 τοῦθ’
573 1289 634 1316 ηκε,
650 1281 699 1315 τῆς
715 1281 794 1314 ἁγίας
811 1282 875 1307 Ἐκ-

90 1324 207 1360 κλησίας
224 1325 263 1356 είς
276 1325 323 1351 δύο
335 1325 530 1361 διαιρεθείσης
557 1329 604 1353 καὶ
628 1327 682 1353 τῶν
697 1326 746 1362 μὲν
772 1327 876 1361 ἀνθρω-

89 1370 206 1397 ποτόκον
225 1371 280 1397 δεῖν
293 1371 423 1413 λέγεσθαι
436 1371 486 1406 τὴν
501 1372 623 1406 Μαρίαν,
647 1371 700 1398 τῶν
727 1371 755 1398 δὲ
781 1371 876 1398 85016-

89 1424 147 1444 κον·
160 1416 244 1443 αὑτὸν
259 1418 346 1452 μέσην
359 1418 503 1454 ἐπινοῆσαι
518 1418 590 1451 λέξιν
607 1419 654 1449 τὴν
662 1419 874 1453 Χριστοτόκον.

89 1460 276 1494 Διαλαμϐάνει
291 1460 318 1487 δὲ
338 1462 369 1497 τῇ
400 1461 547 1497 ἀπολογίᾳ,
571 1461 608 1492 ὡς
626 1462 659 1488 τὰ
696 1462 746 1496 μὲν
778 1462 875 1497 πρῶτα

89 1506 233 1537 Θεοδόσιος
249 1507 419 1541 προσπαθῶν
447 1507 531 1542 αὐτῷ,
564 1507 743 1542 τῆν’ἐκτίνου
771 1507 872 1534 ἀποϐο-

88 1550 138 1586 λὴν
163 1553 215 1579 οὐκ
236 1553 393 1588 ἐκύρωσεν,
411 1553 570 1580 ἐπισκόπων
597 1554 624 1580 δέ
651 1563 730 1580 τινων
769 1553 874 1580 ἐκεῖθεν

88 1597 242 1629 ἐλθόντων,
277 1598 317 1629 εἰς
350 1598 381 1624 τὸ
410 1599 511 1625 οἰκεῖον
548 1598 707 1625 ἐπανελθεῖν
740 1600 874 1635 μοναστή-

89 1652 146 1677 ριον
179 1644 322 1678 ἐπετράπη
348 1644 362 1670 ὃ
394 1645 448 1678 πρὸ
487 1645 536 1678 τῆς
572 1644 747 1676 Θεουπόλεως
774 1646 873 1672 ἐκειτοο

87 1690 156 1725 ὅπερ
167 1690 299 1724 ὀνομαστὶ
310 1690 435 1725 οὐδαμῶς
451 1691 650 1725 ἐμνημόνευσε*
668 1691 701 1718 τὰ
716 1691 872 1726 Εὑπρεπίου

87 1735 126 1767 δὲ,
141 1735 179 1766 ὡς
195 1735 292 1768 ἐγνων,
307 1736 477 1771 ὠνόμασται”
496 1736 557 1762 δυσὶ
584 1737 704 1768 σταδίοις
723 1737 811 1772 διέχον
825 1738 874 1772 τῆς

88 1781 204 1812 πόλεως’
218 1782 285 1808 ὅπου
296 1782 327 1817 δὴ
344 1783 390 1808 καὶ
407 1782 541 1817 τετραετῆ
558 1783 638 1814 αὐτός
662 1791 728 1817 φησι
750 1782 873 1810 διανῦσαι

87 1828 134 1854 τὸν
149 1827 248 1863 χρόνον
260 1828 350 1863 πάσης
367 1829 513 1856 ἀπολαύων
528 1828 627 1864 τιμῆς.
641 1829 759 1856 Ἔπειτα
774 1830 875 1864 διηγεῖὲ

86 1882 144 1906 ται,
164 1873 202 1904 ὡς
217 1873 359 1900 Θεοδοσίου
381 1874 552 1909 Θεσπίσματι
591 1875 681 1909 φυγὰς
705 1875 745 1906 εἰς
778 1876 874 1901 Ὄασιν

86 1921 204 1954 γίνεται.
219 1920 255 1946 Τὸ
269 1920 297 1946 δέ
314 1920 421 1956 καίριον
434 1920 622 1955 ἀπεκρύψατψ
636 1922 732 1956 ὅτιπερ
754 1921 810 1947 οὐδ’
828 1921 874 1946 οὕ-

86 1975 142 1997 τως
158 1966 228 2000 ἔχων
243 1968 293 2001 τῆς
308 1966 467 2001 βλσφημίας
481 1967 591 2001 ἠρέμει.
608 1967 662 1993 Καί
674 1975 736 1993 τινα
751 1966 874 1999 δ’ἔτερον

86 2011 167 2045 λόγον
181 2011 410 2046 διαλογικώτερον
427 2011 496 2046 πρός
511 2019 573 2041 τινα
585 2011 734 2044 Αίγύπτιον
760 2011 872 2045 γράφει,

87 2058 115 2084 ἐν
161 2057 197 2083 τὰ
226 2066 258 2083 πε
265 2059 290 2091 ρὶ
303 2057 352 2088 τῆς
366 2057 405 2088 είς
417 2057 516 2083 Ὀασιν
545 2056 694 2090 φυγαδείας
707 2056 874 2089 πλατύτερον

86 2104 264 2138 διεξέρχεται.
282 2103 336 2129 Ναὶ
351 2103 404 2137 μὴν
420 2103 467 2129 καὶ
482 2102 511 2135 ἐξ
523 2102 609 2129 ἄλλων
620 2102 792 2137 γραμμάτων
804 2102 874 2128 ἐλεῖν

86 2151 160 2177 ἔστιν
177 2147 212 2176 ὧν
225 2149 269 2176 διὰ
283 2149 332 2180 τὰς
358 2149 534 2184 βλασφημίας
562 2148 714 2183 ἀπήλαυσε,
745 2148 791 2174 τὴν
806 2149 875 2174 πάν-

1196 492 1310 521 CAPUT
1331 490 1450 520 XXXVl.

933 539 1030 572 Qualia
1046 548 1072 566 se
1090 547 1196 574 passum
1215 547 1269 566 esse
1290 539 1428 566 Nestor-ius
1444 540 1498 574 ipse
1512 539 1542 566 de
1557 547 1584 565 se
1596 540 1692 566 scribat
1707 550 1716 574 ;

970 580 994 601 et
1006 579 1034 600 ut
1053 575 1087 601 ad
1101 575 1190 602 0asim
1199 574 1437 601 innumerabilibus
1448 575 1567 601 toleratis
1579 576 1716 607 (rruutuis,

967 615 1098 643 postremo
1114 617 1221 636 corrosa
1236 613 1262 636 et
1285 615 1443 644 consumpta
1468 618 1484 636 a
1508 610 1638 636 vermibus
1665 610 1715 637 lin-

966 653 1030 679 gua,
1044 645 1184 671 interierit.

965 732 1111 766 Postquam
1129 731 1273 760 Nestorius
1290 733 1395 768 ejectus
1414 737 1473 765 est,
1495 732 1561 767 quid
1578 737 1673 767 postea
1689 733 1716 759 ei

928 778 1091 813 contigerit,
1110 782 1139 805 ut
1156 779 1239 806 vitam
1260 785 1423 813 praesentem
1445 779 1565 811 ﬁnierit,
1588 785 1614 806 et
1634 779 1716 814 digna

929 823 1166 857 blasphemiarum
1186 823 1298 858 prmmia
1314 824 1419 856 tulerit,
1439 824 1563 850 historici
1583 832 1636 850 non
1653 832 1716 859 pro-

927 868 1070 896 diderunt.
1089 869 1122 896 Et
1142 869 1267 904 proiecto
1281 870 1322 897 vis
1340 870 1474 904 temporis
1487 869 1637 897 oblivionis
1653 878 1716 904 pro-

927 912 1012 941 fundo
1028 914 1086 941 haec
1107 914 1300 945 immersisset,
1317 914 1368 941 nisi
1394 914 1423 940 in
1443 914 1543 941 librum
1560 915 1622 948 ejus
1644 914 1714 941 inei-

927 958 1044 991 dissem,
1069 967 1103 986 ex
1125 967 1179 994 quo
1205 958 1347 986 historiam
1373 959 1431 994 ejus
1457 959 1592 994 decerpsi.
1621 959 1716 994 itaque

928 1004 986 1039 ipse
1003 1005 1183 1040 blasphemia
1207 1009 1296 1040 pater,
1318 1005 1365 1039 qui
1387 1013 1441 1032 non
1460 1012 1543 1039 super
1561 1010 1649 1040 petra.
1665 1004 1714 1031 scd

928 1051 956 1078 in
976 1058 1060 1078 arena
1083 1051 1259 1078 fundamenta
1276 1051 1337 1078 ﬁdei
1356 1059 1412 1078 suae
1427 1051 1556 1086 jecisset,
1575 1051 1607 1077 ad
1625 1059 1716 1084 quos-

927 1096 987 1123 dam
1006 1098 1052 1131 qui
1068 1097 1092 1124 ci
1108 1097 1270 1132 objecerattt
1283 1118 1289 1130 ,
1310 1105 1365 1124 tton
1384 1102 1459 1124 recte
1476 1097 1551 1124 illum
1570 1105 1613 1124 res
1630 1105 1714 1124 novas

927 1142 1052 1169 molitum
1078 1150 1156 1174 esse.
1179 1151 1267 1177 neque
1290 1151 1323 1169 ex
1345 1143 1504 1177 reipublicae
1529 1143 1664 1174 utilitate,
1684 1148 1716 1170 ut

926 1187 1026 1222 Ephesi
1055 1188 1176 1222 synodus
1203 1194 1348 1223 ageretur,
1374 1189 1503 1222 petiisse.
1522 1189 1712 1216 defensionem

926 1233 1101 1268 blasphemia:
1123 1234 1181 1261 suae
1196 1234 1319 1268 scripsit,
1338 1233 1370 1260 ad
1387 1242 1447 1261 eam
1473 1235 1578 1261 scilicet
1594 1235 1714 1261 necessi-

928 1284 1011 1307 tatem
1037 1288 1067 1307 se
1092 1281 1267 1315 pervenisse.
1296 1280 1418 1308 Ecclesia
1446 1286 1540 1308 sancta
1564 1281 1591 1307 in
1618 1286 1713 1317 partes

926 1326 994 1353 duas
1022 1327 1122 1360 scissa,
1149 1326 1288 1354 dictitans.
1314 1327 1428 1354 Etcum
1453 1327 1497 1353 alii
1519 1327 1631 1361 quidem
1659 1328 1713 1354 ilia-

925 1372 993 1399 riatn
1013 1372 1251 1407 ¹Ανθρωποτόκον,
1273 1372 1299 1399 id
1316 1377 1368 1405 est,
1387 1373 1508 1400 Hominis
1536 1373 1713 1400 Genilriccm:

925 1418 970 1445 alii
988 1422 1077 1446 autem
1099 1418 1240 1452 Θεοτόκον,
1266 1418 1318 1445 hoc
1335 1423 1391 1451 est,
1406 1418 1452 1445 Dei
1473 1418 1644 1450 chitricem,
1668 1419 1713 1445 di-

925 1465 1040 1492 cendam
1058 1468 1222 1498 assererem,
1248 1472 1277 1492 se
1295 1464 1413 1491 mediam
1429 1465 1599 1499 excogitasse
1617 1472 1713 1492 vocem

888 1516 909 1545 α
924 1509 1124 1545 Χριστοτόκον,
1140 1509 1166 1536 id
1182 1513 1241 1542 est,
1261 1509 1358 1536 Christi
1374 1510 1542 1538 Genitricem.
1567 1510 1596 1536 lu
1618 1518 1650 1537 ea
1667 1510 1714 1536 dc-

925 1556 1048 1583 fensione
1069 1556 1170 1588 refert,
1190 1555 1389 1588 Theodosium,
1406 1560 1519 1590 propter
1533 1556 1714 1582 commisera-

927 1603 1042 1633 lioncm,
1065 1601 1184 1636 primum
1201 1602 1379 1637 rejectionem
1403 1602 1463 1636 ejus
1484 1602 1647 1629 auctoritate
1663 1609 1712 1628 sua

925 1657 978 1675 non
994 1648 1190 1681 confirmasse;
1213 1648 1260 1675 ubi
1281 1656 1346 1676 vero
1364 1647 1486 1683 epiScopi
1506 1647 1618 1683 quidam
1636 1647 1712 1674 Con-

925 1693 1103 1727 stantinopoli
1129 1694 1288 1725 venissent,
1313 1699 1341 1720 ut
1358 1694 1385 1720 iu
1411 1693 1609 1720 monasterium
1629 1701 1710 1719 suum

925 1743 1119 1772 reverteretur,
1133 1739 1298 1773 permissum
1311 1740 1335 1766 ei
1354 1747 1426 1770 esse.
1442 1739 1514 1774 qttod
1529 1743 1606 1766 extra
1621 1739 1713 1765 Theo-

924 1784 1007 1819 polim
1025 1784 1106 1811 situtn
1123 1789 1176 1811 est.
1193 1785 1298 1811 Nomen
1316 1785 1427 1819 quidem
1443 1785 1514 1811 illius
1527 1792 1579 1811 non
1599 1791 1714 1818 expres-

926 1832 982 1857 sit:
1004 1830 1037 1857 ab
1060 1830 1202 1864 Euprcpio
1222 1835 1312 1857 tamen
1337 1830 1550 1864 appellationem
1574 1830 1713 1864 acet-pisse

925 1877 987 1910 legi.
1006 1876 1108 1903 Stadiis
1127 1876 1154 1903 id
1171 1876 1278 1903 duobus
1303 1877 1336 1902 ab
1354 1875 1421 1902 urbe
1439 1883 1470 1902 ea
1487 1876 1580 1905 distat.
1601 1875 1646 1901 ulti
1663 1883 1714 1901 an-

925 1930 976 1949 nos
986 1928 1103 1955 quatuor
1117 1929 1145 1948 se
1160 1922 1186 1948 in
1202 1922 1306 1948 honore
1320 1921 1392 1947 otnni
1406 1921 1530 1954 exegisse
1544 1921 1591 1946 ait.
1609 1920 1711 1946 Deinde

925 1972 1132 1996 commemorat.
1157 1971 1186 1993 ut
1203 1966 1353 1993 Theodosii
1374 1966 1516 1992 sanctione
1532 1965 1602 1999 apud
1619 1964 1710 1991 Oasim

925 2008 1050 2040 exsulare
1066 2013 1159 2047 jussus
1176 2012 1222 2042 sit.
1240 2011 1287 2038 sed
1307 2019 1417 2038 causam
1436 2011 1524 2037 exsilii
1551 2010 1710 2044 primariam

925 2060 1018 2087 celat:
1045 2058 1117 2092 quod
1143 2058 1270 2085 videlicet
1297 2057 1343 2084 tali
1368 2057 1451 2083 etiam
1479 2064 1569 2082 rerum
1597 2063 1709 2082 suarum

926 2111 998 2134 statu
1018 2113 1031 2132 a
1055 2104 1225 2139 blasphemia
1244 2111 1298 2130 non
1316 2103 1465 2130 destiterit.
1485 2103 1576 2128 Alium
1600 2109 1711 2136 quoque

926 2151 1030 2179 librum
1048 2150 1081 2178 ad
1099 2150 1254 2184 Aigyptium
1274 2149 1420 2183 quemdam
1441 2148 1572 2175 disertius
1589 2148 1709 2181 scripsit,

84 2204 140 2223 των
158 2195 257 2229 ἔφορον
273 2195 413 2229 ὀφθαλμὸν
433 2195 470 2228 μὴ
489 2194 589 2221 λαϐὼν·
607 2193 625 2221 ἃ
641 2194 706 2229 πρὸς
735 2194 780 2220 τὸν
797 2202 872 2229 την.-

929 2198 953 2224 in
972 2204 1027 2232 quo
1049 2197 1083 2224 de
1106 2196 1202 2224 exsilio
1225 2196 1257 2222 ad
1275 2195 1367 2222 Oasim
1387 2195 1475 2222 fusius
1499 2194 1564 2228 agit.
1591 2195 1628 2221 Ex
1649 2194 1712 2220 aliis

86 2242 177 2269 καῦτα
206 2242 260 2267 τῶν
278 2241 406 2276 Θηϐαίων
431 2240 584 2276 ἡγούμενον
602 2240 706 2276 ἐδήλου·
723 2240 761 2271 ὡς
775 2240 870 2274 ἐπειδὴ

87 2289 126 2324 μὴ
154 2288 202 2322 τῆς
232 2287 386 2322 ἀνηκούσης
413 2286 611 2319 ἐπεξελεύσεως
641 2286 706 2321 παρ’
719 2287 871 2321 ἀνθρώπων

85 2334 177 2368 ἔτυχε,
192 2333 253 2367 δίκη
269 2331 335 2358 Θεοῦ
363 2331 459 2357 τοῦτον
482 2331 566 2364 ἀξίως
599 2331 723 2365 μέτεισι,ἱ
741 2332 872 2365 συμφορᾷ

57 2397 64 2413 τ
85 2381 134 2406 καὶ
149 2378 322 2413 αἰχμαλωσίᾳ.
351 2378 523 2413 ἐλεεινοτὰτῃ
548 2377 744 2412 περιϐαλοῦσα·
776 2377 814 2407 ὡς
841 2377 870 2402 δὲ

85 2427 133 2453 καὶ
167 2426 297 2460 μειζόνων
331 2426 414 2460 ἐχρῆν
433 2426 534 2451 ἐκεῦιον
567 2424 726 2451 ἀπολαῦσαι
759 2423 870 2454 ποινῶν,

52 2470 57 2473 ’
85 2472 134 2506 τῆς
151 2471 201 2505 μὲν
213 2471 309 2497 ἐκτῶν
321 2470 473 2505 Βλεμμύων
493 2470 590 2505 πείρας
613 2470 719 2504 ἀφίετο·
757 2469 872 2499 ἐκείνοις

85 2518 140 2551 γὰρ
156 2517 236 2551 ἔτυχε
254 2516 399 2551 γενόμενος
412 2516 592 2550 ὂορυάλωτος·
605 2516 747 2542 Θεοδοσίου
758 2515 872 2548 δ’ἐγνω-

85 2563 165 2594 κότος
194 2561 279 2589 αὐτοῦ
306 2562 356 2596 τὴν
382 2561 524 2594 ἐπάνοδον,
552 2560 739 2596 θεσπίσμασιν
762 2560 870 2586 ἐκείνου

84 2609 146 2638 ταῖς
173 2607 299 2642 Θηϐαίων
315 2607 455 2642 ἐσχατιαῖς
466 2607 520 2641 γῆν
536 2608 568 2633 ἐκ
596 2607 648 2642 γῆς
665 2606 789 2641 ἀμείϐων
816 2606 870 2642 ᾔευ

85 2655 114 2681 ἐν
127 2651 168 2685 οἷς
183 2654 216 2689 τῇ
230 2654 265 2689 γῇ
281 2650 536 2688 πβοσρηγνύμενος,
550 2653 597 2679 καὶ
612 2653 870 2688 καταπατούμενυς,

85 2699 170 2732 ἀξίως
182 2699 230 2734 τῆς
245 2698 420 2733 βλασφημίας
438 2699 484 2725 τὸν
509 2698 570 2734 τῇδε
589 2698 645 2734 βίον
673 2698 870 2734 κατέστρεψεν·

85 2745 166 2776 ἄλλος
181 2753 223 2776 τις
237 2745 346 2780 Ἄρειος
361 2746 393 2780 τῇ
410 2733 459 2771 sed
484 2745 542 2780 βίου
572 2746 749 2780 καταστρηφῇ
780 2733 784 2734 7
802 2754 870 2780 χρη,-

87 2788 272 2826 ματίσας,οἷα
287 2791 435 2827 τάπίχειρα
446 2792 496 2824 τῆς
528 2793 568 2824 εις
600 2792 666 2818 Θεὸν
692 2792 869 2828 βλασφημίας

87 2837 311 2873 ἐκδιηγούμενος.
343 2837 396 2865 Καὶ
412 2838 465 2873 γὰρ
482 2839 526 2866 καὶ
545 2839 628 2874 ἄμφω
638 2839 737 2874 ἐπίσης
749 2839 868 2874 Χριστὸν

922 2250 1032 2278 quoque
1063 2242 1163 2269 litteris
1188 2242 1318 2276 colligere
1342 2245 1393 2272 est,
1419 2248 1479 2274 quze
1504 2240 1573 2266 mala
1600 2244 1713 2273 propter

923 2289 1108 2323 blasphemias
1124 2289 1236 2320 tulerit,
1252 2295 1314 2315 cum
1331 2287 1517 2321 inspectorem
1540 2294 1631 2312 rerum
1651 2294 1712 2311 om-

922 2337 998 2363 niutn
1022 2335 1131 2362 oculum
1157 2333 1253 2361 lallere
1276 2341 1332 2360 non
1354 2332 1495 2367 potuerit,
1518 2339 1587 2365 quas
1604 2331 1712 2358 litteras

922 2382 956 2408 ad
991 2381 1149 2408 Thebarum
1180 2385 1236 2407 lum
1269 2380 1429 2414 praelectum
1459 2378 1551 2409 dedit,
1585 2377 1711 2403 indicans

922 2427 1144 2462 quattdoquidem
1170 2426 1330 2453 hominibus
1356 2424 1505 2459 condignas
1533 2430 1628 2457 punias
1654 2430 1709 2448 ιιοιι

923 2474 1039 2505 dederit.
1055 2473 1186 2500 divinitus
1203 2479 1232 2498 se
1243 2472 1315 2506 justa
1328 2470 1452 2497 vindicta
1465 2469 1620 2504 expetitum
1635 2475 1708 2499 esse,

923 2525 1005 2555 atque
1028 2520 1057 2546 in
1080 2525 1231 2546 aerumnam
1257 2521 1284 2544 el
1312 2516 1500 2551 captivitatem
1523 2513 1709 2541 miserandam

923 2566 1040 2593 maxime
1064 2564 1203 2591 incidisse.
1221 2563 1302 2598 518
1326 2562 1393 2590 Cum
1417 2569 1482 2588 vero
1505 2568 1568 2588 eum
1590 2560 1709 2594 majores

923 2612 1093 2640 calamitates
1103 2610 1224 2644 experiri
1237 2614 1387 2644 oporteret,
1403 2616 1434 2635 ex
1448 2612 1581 2642 potestate
1596 2606 1707 2640 quidem

923 2656 1122 2692 Blemmyarum
1134 2655 1179 2682 ille
1191 2655 1322 2682 dimissus
1334 2660 1376 2681 est
1407 2655 1514 2687 (eorum
1526 2653 1599 2680 enim
1618 2651 1708 2686 capti-

923 2708 972 2729 vus
997 2701 1108 2735 fuerat).
1132 2696 1279 2726 Theodosii
1304 2704 1414 2729 autem,
1430 2698 1476 2732 qui
1503 2697 1619 2725 rediisse
1643 2703 1707 2724 eum

923 2746 1104 2778 intellexerat,
1118 2744 1298 2780 jussionibus,
1316 2744 1342 2771 in
1359 2744 1492 2771 extremis
1505 2743 1704 2770 Thebanorum

922 2793 988 2826 oris,
1000 2793 1090 2820 locum
1105 2799 1136 2819 ex
1152 2791 1211 2819 loco
1227 2792 1346 2824 mutans,
1361 2795 1483 2818 versatus
1497 2793 1548 2818 est.
1564 2789 1614 2816 Ubi
1632 2793 1706 2815 terra

923 2843 1003 2873 rupta
1024 2841 1170 2872 cenpertus
1184 2841 1264 2871 atque
1282 2844 1442 2872 oppressus,
1464 2836 1548 2864 vitam
1567 2834 1636 2862 hanc
1652 2840 1704 2869 pra
