1899 3062
88 97 156 132 1181

548 105 812 140 ECCLESlASTIC
825 110 847 138 Ε
867 106 1062 142 HISTORIA!
1082 113 1155 143 LIB.
1179 110 1260 144 XIV.

1652 115 1722 146 “12

84 159 245 196 ὑπόμνησιν
262 160 339 196 παρά
353 162 456 197 πατρὶς
474 163 543 198 πρὸς
564 165 623 192 υἱὸν
637 166 668 192 τὺ
696 167 786 202 παρὸν
800 168 863 195 τοῦτ

933 170 1066 206 deinceps
1086 171 1313 206 generationibus
1334 175 1364 200 ct
1378 172 1508 199 :ctatibus
1531 173 1631 206 tragica
1648 175 1721 200 νοτὶ-

84 205 282 240 λογισάμενος,
311 207 444 242 ἀνάσχου,
465 210 629 244 παρακαλῶ,
658 212 709 246 τῆς
743 213 772 239 ἐν
803 213 877 248 αὺτῷ

83 251 244 287 διηγήσεως
257 253 321 288 περὶ
332 254 448 285 πολλῶν,
467 249 531 282 me“
544 256 607 283 ὅσον
622 257 686 292 ἐνῆν
713 260 878 294 γεγραμμέ-

82 300 135 331 νης
156 298 222 339 παρ’
237 298 318 333 ἡμῶν
343 299 527 335 βραχυλογίας
556 302 651 338 οῠσης·
680 305 801 337 Ὀἀσεως
828 308 877 341 τῆς

82 344 133 369 καὶ
148 343 257 376 ιἽδεως
295 346 328 372 ὲκ
352 346 458 373 πολλῶν
485 348 583 382 πρώην
608 350 804 386 ἀφανισθείσης
829 352 876 378 τοῦ

81 390 138 417 τῶν
151 390 287 425 Νομάδων
304 392 425 427 πλήθους
451 394 494 420 ἐπ’
522 395 608 430 αὐτὴν
634 396 867 432 ἀναδραμόντος.»

83 436 138 462 Καὶ
154 435 216 471 μεθ’
231 436 324 472 ἕτερα·
342 446 351 463 ι
366 437 476 466 Τούτων
502 439 530 465 δὲ
556 439 643 472 οὕτως
661 442 874 476 συμδαινόντων,

81 481 134 507 οὐκ
148 479 200 507 οἵδ’
212 482 245 508 ὲκ
263 482 345 511 ποίας
357 483 488 518 ἀφορμῆς
503 484 518 518 ἢ
534 485 614 511 ποίαν
628 485 756 521 ἀφορμὴν
774 487 876 513 λαὸοὖ-

83 536 138 562 σης
163 528 220 571 τῆς
248 529 299 563 σῆς
326 529 577 565 μεγαλοπρεπείας,
607 531 676 567 πρὸς
701 532 877 568 ἐλεφαντίνην

81 574 147 600 τινὰ
161 574 210 608 τῆς
226 575 354 610 Θηϐαίων
370 576 508 612 ἐπαρχίας
529 577 620 613 πέρας
634 578 718 606 οὖσαν
741 579 876 615 βαρϐαρι-

83 620 144 648 κῶν
156 620 202 647 διὰ
227 623 403 656 στρατιωτῶν
421 623 453 649 ἐκ
480 625 531 658 τῆς
564 624 653 655 Πανὸς
681 625 876 660 ὲπεμπόμεθα,

83 668 235 702 συρόμενοι
249 668 318 702 πρὸς
329 668 415 704 αὐτὴν
433 669 477 696 διὰ
489 670 540 705 τῆς
563 671 769 707 προῤῥηθείσης
794 681 877 708 στρα-

80 714 217 748 τιωτικῆς
230 713 366 749 βοηθείας·
381 715 481 750 καὶτῷ
497 716 602 742 πλείονι
620 716 669 752 τῆς
682 716 744 743 ὁδοῦ
762 725 874 752 συντρι-

81 759 195 792 ϐέντες,
214 760 297 788 πάλιν
313 762 438 796 ἄγραφον
451 762 501 797 τῆς
526 764 576 797 σῆς
590 763 704 799 ἀνδρίας
732 763 876 799 καταλαμ‹

81 807 206 842 σάνομεν
216 808 356 843 κέλευσμα
364 809 404 839 είς
412 808 460 843 τὴν
473 809 559 840 Πανὸς
571 810 752 845 ὑποστρέψειν
761 810 876 844 .Συγκο.

933 216 1030 243 feratio
1045 224 1094 244 seu
1112 217 1255 252 quiritatio
1273 217 1433 250 invalescat,
1453 219 1550 246 melius
1567 227 1626 246 esse
1644 226 1673 247 ut
1690 222 1716 246 in

932 262 1116 290 Barltarorum
1141 263 1240 298 aliquis
1264 268 1399 297 potestate
1422 265 1548 299 captivus
1566 266 1617 297 sit,
1639 275 1719 300 quam

932 309 964 336 ad
987 309 1172 337 Romanorum
1200 310 1345 344 imperium
1359 311 1471 344 supplex
1485 311 1634 345 confugiat.
1656 321 1666 338 ι
1689 312 1721 339 Et

928 354 1085 390 juramento
1101 355 1272 390 interposito,
1288 356 1449 390 petitionem
1465 357 1545 383 talem
1560 358 1714 392 subjunxit:

940 400 1053 428 «Patere
1068 408 1118 428 nos
1134 401 1179 428 hic
1195 409 1228 429 cx
1243 401 1305 429 Oasi
1324 409 1450 428 reversos
1464 403 1676 435 manerc,sicuti
1693 403 1720 430 id

931 446 1012 474 nobis
1037 447 1149 474 Barbari
1174 447 1344 482 permisere:
1371 453 1401 474 ut
1426 455 1500 475 nttne
1521 449 1617 480 etiam,
1644 449 1719 483 quod

932 492 987 519 Deo
1001 492 1088 520 visum
1099 497 1150 526 est,
1167 493 1200 520 dc
1208 493 1286 521 nobis
1297 493 1509 521 constituatur.)
1536 494 1565 519 In
1583 494 1636 520 alia
1653 502 1718 520 rur-

931 546 991 566 sum
1001 539 1115 574 cpistola
1127 539 1292 567 adeumdem
1301 539 1357 567 haec
1364 540 1478 567 scribit:
1492 547 1501 564 ι
1511 538 1573 566 Sive
1583 539 1716 572 seriptum

931 584 997 616 hoc,
1011 589 1042 612 ut
1055 585 1148 617 amici,
1163 585 1197 612 ad
1210 584 1440 620 magnificentiam
1456 589 1541 616 tuam,
1555 585 1716 618 epistolam,

931 637 979 656 seu
995 635 1024 657 ut
1046 630 1132 664 patris
1151 630 1184 657 ad
1210 630 1295 657 [ilium
1314 630 1561 657 commonitionem
1585 629 1716 664 accipias,

931 681 984 701 non
1004 674 1103 709 rejice,
1129 678 1154 701 te
1178 682 1285 709 quaeso,
1302 682 1362 709 qua:
1386 675 1414 701 in
1434 682 1467 701 eo
1481 678 1535 707 est,
1554 681 1634 709 quam
1657 673 1717 702 ﬁeri

930 720 1019 754 potuit
1033 720 1223 747 brevissimam
1240 719 1275 747 de
1293 720 1376 748 rebus
1394 720 1487 747 multis
1506 720 1693 747 narrationem
1707 727 1715 746 :

930 773 992 793 cum
1010 765 1098 798 Oasis,
1113 774 1172 801 qua:
1187 767 1270 793 etiam
1285 767 1337 794 lbis
1353 766 1425 793 dieta
1441 770 1493 796 est.
1510 766 1613 793 dudum
1630 774 1643 792 a
1662 765 1717 792 No-

930 811 1041 838 madum
1054 812 1239 844 multitudine,
1250 813 1296 847 qui
1310 813 1337 839 in
1347 820 1406 839 eam
1420 816 1612 843 excurrcrunt.
1623 817 1715 839 vasta-

81 853 184 885 πέντες
199 853 227 880 δὲ
240 854 296 886 τοῖς
309 855 360 889 τῆς
375 856 425 889 σῆς
442 855 596 890 ὁδοιπορίας
627 856 828 890 συμπτώμασιν
843 857 866 882 ὲκ

925 860 950 883 ta
963 857 1007 884 sit.
1016 866 1025 883 ι
1043 857 1076 884 Et
1087 863 1197 892 postea:
1222 868 1231 883 ι
1247 858 1310 886 llaec
1322 866 1383 886 cum
1397 858 1436 886 sic
1448 858 1609 890 acciderint,
1622 858 1714 884 nescio

79 899 206 926 νοσοῦντι
218 900 264 926 καὶ
279 899 432 934 γηράσαντι
453 899 572 935 σώματι,
589 900 636 928 καὶ
651 901 700 936 τὴν
720 902 811 936 χεῖρα,
827 903 875 928 καὶ

80 946 133 981 τὴν
147 946 271 981 πλευρὰν
296 946 494 982 συντριϐέντες,
510 947 672 983 ἀφικόμεθα
683 948 764 975 πάλιν
775 949 814 980 είς
826 948 876 984 τὴν

82 993 178 1024 Πανὸς
189 993 291 1028 τρόπον
317 993 378 1019 τινὰ
393 992 632 1029 ψυχορραγοῦντες
661 995 719 1026 τοῖς
747 995 876 1030 συμπτώ-

83 1048 182 1074 μασιν,
200 1039 241 1066 ἔτι
255 1041 312 1070 τοῖς
327 1040 382 1065 τῶν
394 1039 551 1074 ἀλγηδόνων
579 1041 796 1076 μαστιγούμενοι
822 1051 874 1068 κα-

81 1087 155 1117 κοῐς.
172 1086 284 1121 Μετῆγε
300 1085 328 1112 δὲ
358 1086 440 1112 πάλιν
456 1087 531 1122 ἡμᾶς
557 1087 588 1113 ὲκ
617 1087 668 1121 τῆς
687 1088 775 1119 ηανδς
805 1088 874 1122 πρὸς

80 1134 133 1168 τὴν
151 1133 293 1167 ὑπἀὐτὴν
305 1132 412 1168 ὲνορίκν
430 1133 526 1169 ἕτερον
546 1133 597 1168 τῆς
626 1129 676 1167 σῆς
693 1134 803 1168 ἀνδρίας
827 1134 874 1168 ἔγ-

81 1188 194 1214 γραφον
215 1179 366 1214 ιπτάμενον
394 1180 568 1215 πρόσταγμα.
597 1180 693 1207 Ταῦτα
724 1180 873 1215 στήσεσθαι

81 1226 146 1254 καθ’
163 1227 245 1262 ὴμῶν
271 1225 465 1262 λογιζομένων,
493 1227 540 1253 καὶ
564 1227 594 1253 τὸ
619 1228 676 1257 τοῖς
703 1227 872 1258 καλλινίκοις

82 1273 227 1309 βασιλεῦσι
246 1273 311 1308 περὶ
338 1272 419 1308 ὴμῶν
448 1272 543 1299 δοκοῦν
565 1272 768 1304 ἀναμενόντων,
800 1272 873 1305 ἐξαί-

80 1329 155 1356 φνης
172 1320 242 1354 πρὸς
260 1319 345 1356 ἄλλην
360 1319 469 1354 ὲξορίαν
484 1319 545 1346 καθ’
563 1319 642 1354 ἡμῶν
668 1320 802 1354 τετάρτην
817 1319 871 1346 πά-

81 1369 125 1393 λιν
133 1365 252 1399 ἀφειδῶς
267 1365 330 1392 ἄλλο
340 1365 522 1392 συνετίθετο.)
539 1366 593 1393 Καὶ
607 1365 765 1401 μετ’ὁλίγα·
780 1374 788 1391 ι
801 1365 873 1392 Ἀλλ’

81 1410 238 1446 ἀρκέσθητι
251 1412 309 1442 τοῖς
323 1410 544 1446 πεπραγμένοις,
561 1411 728 1447 παρακαλῶ,
756 1412 804 1438 καὶ
827 1419 871 1437 το-

81 1457 190 1487 σαύτας
201 1456 263 1482 καθ’
280 1456 341 1487 ἑνὸς
355 1456 483 1491 σώματος
498 1457 606 1492 ὲξορίας
621 1457 736 1493 ὁρίζειν,
759 1457 807 1484 καὶ
821 1458 870 1493 τῆς

81 1503 130 1530 ἐπὶ
150 1504 208 1534 τοῖς
220 1503 363 1539 ἀναχθείσι
376 1503 452 1540 παρὰ
476 1504 526 1538 τῆς
551 1504 601 1539 σῆς
618 1504 870 1540 μεγαλοπρεπείας·
885 1527 906 1555 c

81 1552 130 1578 ttat
149 1551 308 1586 παρ’ήμῶν
329 1550 358 1577 δὲ
373 1550 407 1578 δι’
423 1547 461 1578 ὧν
484 1551 569 1586 ἐχρῆν
598 1551 787 1587 γνωρισθῆναι
815 1552 872 1583 τοῖς

81 1595 255 1626 καλλινίκοις
274 1595 355 1630 ἡμῶν
381 1594 524 1630 βασιλεῦσι
547 1595 712 1630 δοκιμασίας
730 1595 870 1629 ἐπιεικῶς,

81 1641 249 1678 παρακαλῶ.
270 1641 485 1677 παραχώρησον.
507 1641 602 1668 Ταῦτα
618 1642 684 1676 παρ’
702 1642 779 1677 ήμῶν
796 1642 872 1677 παρά

81 1689 190 1722 πατρὸς
209 1688 246 1719 ὡς
267 1688 336 1723 πρὸς
350 1688 407 1715 υἱὸν
424 1687 666 1723 συμϐουλεύματα.
685 1688 754 1714 Ειδὲ
772 1689 872 1721 ἀγανα-

82 1735 228 1769 κτήσειας,
246 1733 293 1759 καὶ
307 1732 355 1760 νῦν
367 1731 404 1764 ὡς
419 1732 562 1767 πρότερον.
585 1732 689 1767 πρᾶττε
713 1732 744 1758 τὺ
766 1731 869 1758 δοκοῦν·

83 1781 115 1808 ετ
131 1789 165 1814 γε
195 1779 242 1807 τοῦ
257 1778 491 1815 δοκοῦντος-λόγος
521 1778 610 1810 οὐδεὶς
641 1777 837 1814 δυνατώτερος.
859 1787 868 1803 ι

80 1827 229 1863 Νεστόριος
245 1827 296 1862 μὲν
309 1826 356 1854 οὖν
366 1826 440 1853 οὕτω
451 1827 503 1854 κάν
523 1827 580 1858 τοῖς
594 1826 741 1862 γράμμασι
755 1825 807 1860 πὺξ
821 1825 871 1860 λὰξ

80 1874 171 1907 παίει,
189 1873 287 1909 βαίνει·
313 1873 361 1901 καὶ
387 1873 473 1909 αὐτὴν
503 1873 641 1909 βασίλειον
667 1873 804 1907 ἐξουσίαν,
833 1874 871 1905 ὠς

79 1922 159 1958 δρᾷς.
182 1912 364 1956 βλασφλὶμῶν,
381 1921 496 1957 μηδέπω
509 1921 701 1956 σωφρονήσας,
722 1921 770 1948 καὶ
782 1921 870 1948 ταῦτα

79 1967 237 2002 τηλικαῦτα
248 1967 354 1994 παθών.
377 1967 578 2002 Συγγράμματι
600 1968 628 1994 δὲ
643 1977 714 2000 τινος
743 1969 869 2004 ἐντυχόν-

78 2021 138 2047 τος,
161 2018 211 2042 καὶ
235 2016 285 2049 τὴν
312 2015 442 2050 τελευτὴν
470 2015 578 2041 ἑκείνου
605 2015 794 2051 διηγουμένου,
822 2016 870 2043 καὶ

77 2060 185 2093 ταύτην
198 2061 231 2096 τῇ
254 2061 401 2095 συγγραφῇ
416 2058 629 2096 παραδώσομεν·
657 2060 733 2096 ἔλεγε
751 2061 805 2096 γὰρ
831 2061 870 2093 ὡς

78 2107 129 2142 τὴν
145 2106 271 2140 γλῶτταν
283 2105 446 2140 διαϐρωθεὶς
472 2106 619 2142 σκώλῃξιν,
647 2108 694 2134 ἐπὶ
719 2109 754 2135 τὰ
780 2109 868 2144 μείζω

78 2154 128 2180 καὶ
142 2151 265 2179 ἀθάνατα
280 2151 460 2186 κολαστήρια,
473 2152 523 2184 τὰς
548 2153 704 2187 ἀνηκούσας
729 2153 869 2181 ἀποτισων

927 911 980 938 qua
997 903 1031 931 de
1047 911 1139 934 causa.
1159 909 1206 931 aut
1223 912 1276 939 qua
1292 908 1400 939 arrepta
1417 903 1573 937 occasione,
1591 903 1715 939 magniﬁ-

927 950 1016 977 centia
1030 954 1076 977 tua
1088 957 1139 977 nos
1151 958 1200 985 per
1213 950 1348 977 Barbaros
1360 950 1462 977 milites
1472 958 1504 977 ex
1517 950 1598 977 Panis
1612 949 1713 984 oppido

926 996 960 1024 ad
977 996 1125 1031 quamdam
1147 996 1330 1031 Elephantina
1346 996 1398 1031 (t),
1415 1004 1475 1030 qua:
1493 995 1630 1022 Thebana:
1649 1003 1714 1029 pro—

926 1042 1022 1069 vincia:
1040 1042 1101 1069 finis
1124 1046 1181 1074 est,
1199 1042 1339 1076 deportari
1361 1042 1513 1070 curaverit.
1539 1042 1573 1068 Et
1594 1049 1657 1069 cum
1679 1040 1713 1067 ad

923 1088 996 1115 illam
1013 1096 1062 1123 per
1079 1096 1110 1115 ea
1128 1095 1189 1123 qua:
1203 1088 1323 1115 diximus
1336 1088 1470 1116 mtlitarta
1483 1088 1586 1114 auxilia
1602 1094 1713 1120 rapere-

925 1143 998 1168 mur,
1021 1138 1050 1162 et
1075 1135 1177 1169 majore
1197 1133 1304 1161 itineris
1329 1137 1406 1168 parte
1437 1133 1561 1161 confecta
1579 1134 1714 1168 adﬁgere-

924 1176 1002 1211 mur,
1034 1187 1145 1207 rursum
1174 1187 1189 1206 a
1221 1179 1383 1206 fortitudine
1399 1184 1443 1206 tua
1469 1180 1621 1214 jussionem
1651 1179 1711 1206 sine

923 1225 1027 1260 scripto
1045 1226 1212 1260 accepimus.
1233 1230 1264 1253 ut
1285 1225 1313 1252 in
1327 1225 1467 1252 civitatem
1487 1225 1571 1252 Panis
1586 1230 1710 1252 reverte-

924 1279 1028 1299 remur.
1049 1271 1082 1298 Et
1099 1271 1220 1304 itineris,
1238 1271 1311 1306 quod
1326 1272 1405 1307 jussu
1421 1275 1469 1298 tuo
1486 1278 1709 1306 susceperamus,

923 1319 1034 1347 casibus
1058 1318 1196 1351 confecti,
1218 1326 1335 1354 corpore
1360 1319 1455 1346 morbo
1480 1318 1563 1346 simul
1581 1323 1609 1346 et
1632 1317 1711 1345 senio

922 1365 1105 1396 labefactata,
1122 1371 1232 1391 necnon
1253 1372 1337 1391 manu
1356 1368 1384 1391 et
1404 1364 1492 1391 latere
1514 1363 1664 1395 convulso,
1683 1363 1713 1391 in

923 1410 1004 1438 Panis
1018 1411 1149 1445 oppidum
1167 1411 1271 1438 reversi
1287 1418 1395 1441 Sumus.
1422 1410 1503 1444 520
1527 1410 1620 1437 animo
1640 1417 1712 1444 quo-

925 1456 1074 1485 dammodo
1090 1457 1140 1484 visi:
1159 1457 1303 1484 laboribus
1314 1456 1486 1485 deﬁcientes.
1494 1456 1591 1484 Adhuc
1602 1456 1710 1484 crucia-

925 1505 997 1532 tibus
1021 1504 1147 1532 dolorum
1171 1504 1370 1540 aﬂligehamur,
1393 1508 1421 1531 et
1445 1503 1477 1530 ad
1504 1504 1577 1531 aliud
1600 1511 1710 1531 rursum

923 1551 1096 1578 fortitudinis
1115 1555 1167 1578 tua:
1184 1551 1317 1578 advolans
1337 1550 1471 1585 scriptum
1488 1551 1659 1583 mandatum,
1677 1557 1711 1577 ex

924 1596 1005 1623 Panis
1028 1596 1096 1624 urbe
1119 1596 1146 1624 in
1166 1596 1249 1624 alium
1268 1596 1383 1624 ditionis
1398 1597 1458 1632 ejus
1474 1596 1565 1624 locum
1583 1596 1711 1623 translati

923 1649 1030 1669 sumus.
1055 1642 1090 1669 Et
1110 1649 1172 1669 cum
1201 1642 1269 1670 talia
1292 1642 1428 1670 adversus
1456 1649 1507 1669 nos
1526 1642 1710 1676 conquietura

922 1691 1101 1722 putaremus,
1125 1691 1152 1714 et
1178 1688 1245 1722 quid
1270 1687 1305 1715 de
1330 1688 1409 1715 nobis
1430 1688 1549 1725 victores
1569 1688 1710 1722 principes

923 1738 1089 1766 statuerent,
1101 1739 1337 1769 exspectaremus,
1351 1735 1427 1762 aliud
1443 1735 1536 1762 subito
1549 1735 1608 1762 sine
1622 1734 1711 1770 gratia

922 1781 1009 1813 omni.
1024 1780 1059 1808 de
1075 1781 1271 1816 longinquiore
1286 1781 1352 1814 alio,
1369 1786 1398 1808 et
1416 1786 1515 1816 quarto
1533 1782 1585 1816 iam
1601 1781 1710 1813 exsilio,

923 1827 1080 1857 mandatum
1092 1827 1275 1864 compositum
1289 1831 1341 1855 est.
1359 1836 1368 1854 ι
1384 1827 1416 1854 Et
1427 1827 1508 1864 paulo
1523 1832 1603 1862 post:
1626 1836 1635 1852 ι
1655 1826 1712 1854 Sed

921 1876 1067 1912 acquiesce
1084 1875 1193 1905 tandem
1211 1875 1237 1905 in
1258 1875 1298 1906 eis
1313 1885 1374 1914 qua:
1395 1873 1466 1905 facta
1489 1876 1564 1906 sum.
1584 1878 1660 1907 τοῦδε
1682 1876 1714 1898 (τε

922 1928 962 1951 tot
976 1924 1111 1952 adversus
1134 1932 1236 1959 corpus
1253 1932 1338 1952 unum
1362 1925 1459 1952 exsilia
1483 1925 1634 1954 decernere
1661 1918 1708 1955 LII,"-

921 1973 991 2003 sine.
1011 1976 1039 1999 et
1057 1977 1097 1999 tot
1112 1971 1317 2000 calamitatibus
1332 1979 1393 2002 qua:
1411 1980 1425 2000 a
1442 1973 1646 2009 magniﬁcentia
1662 1980 1707 2002 tua

921 2019 1095 2054 pertulimus,
1109 2025 1258 2048 contentus
1271 2027 1344 2048 esto.
1360 2021 1394 2048 Et
1409 2021 1490 2048 nobis
1503 2029 1553 2056 per
1570 2022 1708 2054 homines,

920 2075 990 2102 quos
1016 2068 1165 2100 convenit,
1196 2069 1362 2095 sententiam
1390 2069 1526 2096 victorum
1553 2069 1707 2104 principum

920 2117 1076 2140 nostrorum
1101 2113 1245 2148 explorare
1260 2113 1428 2147 humaniter,
1447 2122 1548 2149 quaeso,
1566 2115 1706 2149 permitte.

921 2158 983 2186 llaec
1006 2164 1118 2192 nostra,
1137 2159 1223 2187 veluti
1242 2161 1344 2194 patris,
1367 2161 1400 2188 ad
1424 2165 1449 2188 te
1472 2166 1602 2196 tanquam
1622 2163 1706 2189 tilium

80 2199 211 2230 εὐθύνας,
246 2198 350 2233 στένων
381 2199 428 2225 καὶ
463 2199 627 2234 ὀδυρόμενος
663 2200 866 2235 μετεχώρησεν.

925 2205 1034 2233 consilia
1049 2210 1125 2233 sunt.
1149 2206 1197 2234 Sin
1218 2214 1250 2234 ea
1266 2206 1379 2242 indigne
1400 2207 1483 2241 feres,
1507 2213 1564 2235 tum
1584 2214 1611 2235 tu
1634 2216 1708 2236 nunc

80 2247 200 2273 Ἔπειτα
213 2245 241 2272 δὲ
257 2245 304 2272 καὶ
322 2244 462 2276 Θεοδόσιος
483 2245 574 2272 θεόθεν
610 2245 770 2280 κινούμενος
794 2246 868 2273 ἀπά-

81 2300 144 2323 παις
157 2291 258 2326 ψήφοις
274 2290 319 2317 τὸν
336 2290 424 2325 ἀπδῆ
437 2291 598 2323 κατεδίκαζε
616 2292 776 2327 περιϐαλὼν
798 2293 865 2319 ἀνα-

62 2338 193 2373 ,etpmi,
212 2336 283 2363 οὕτω
307 2337 375 2372 πρὸς
394 2337 467 2370 λέξιν
482 2337 695 2373 ἀποφηνάμενος
723 2339 752 2366 ὲν
776 2339 868 2366 διατά-

80 2385 133 2417 ξει,
154 2384 172 2419 ἠ
189 2384 222 2419 τῇ
252 2383 335 2418 βίὸλῳ
352 2383 544 2410 ’1ουστινιανοῦ
568 2383 703 2417 ἔγκειται·
733 2383 816 2417 xeat:
837 2385 866 2411 δὲ

58 2428 60 2430 ’
77 2429 107 2456 τὸ
121 2427 223 2463 βιὸλίον
238 2427 406 2462 ὠνόμασται,
421 2428 499 2462 τρίτη
517 2428 562 2454 τὸν
589 2428 708 2463 ἀριθμὸν
726 2429 774 2455 τοῦ
789 2428 866 2464 πρώ-

77 2483 127 2501 του
155 2472 245 2500 τίτλου
272 2475 457 2508 τυγχάνουσα·
475 2474 563 2507 «Ἔτι,
590 2475 669 2510 φησὶ.
698 2474 866 2510 θεσπίζομεν

79 2520 142 2551 τοὺς
159 2519 307 2555 ζηλοῦντας
324 2520 373 2555 τὴν
385 2520 472 2555 ἀσεόἠ
500 2520 648 2556 Νεστορίου
677 2521 779 2554 πίστιν,
797 2523 813 2558 ἢ
830 2524 864 2558 τῇ

79 2567 204 2603 ἀθεμίτῳ
218 2567 301 2596 αὐτοῦ
317 2568 479 2604 διδασκαλίᾳ
504 2569 732 2603 ἀκολουθοῦντας,
762 2572 787 2598 εἰ
815 2572 866 2606 μὲν

78 2614 227 2641 ἐπίσκοποι
239 2612 294 2642 εἷεν
310 2614 327 2650 ἢ
349 2615 488 2651 κληρικοὶ.
505 2617 560 2644 τῶν
589 2619 747 2654 ἐκκλησιῶν
766 2619 866 2646 ἐκϐάλ-

79 2661 185 2688 λεσθαι·
201 2661 266 2688 εἰδὲ
282 2661 381 2693 λαῖκοὶ,
399 2663 663 2699 ἀναθεματίζεσθαι.
682 2675 691 2691 ι
722 2666 826 2698 Πολλὰς
838 2667 867 2694 δὲ

79 2708 126 2733 καὶ
142 2706 234 2738 ,ἄλλας
257 2707 420 2742 νομοθεσίας
451 2709 503 2744 τῆς
525 2710 666 2745 ἡμετέρας
696 2712 777 2748 χάριν
802 2712 868 2748 θρη-

79 2754 172 2784 σκείας
217 2753 340 2787 ὲντίοησι
377 2754 424 2782 τὸν
471 2756 536 2789 περὶ
577 2757 696 2791 Χριστοῦ
732 2757 866 2794 διάπυρον

923 2259 1033 2286 quoque
1045 2271 1052 2282 ,
1069 2252 1150 2279 sicuti
1171 2258 1251 2280 antea
1264 2274 1270 2286 ,
1289 2254 1361 2288 quod
1383 2254 1513 2288 placitum
1534 2255 1582 2281 tibi
1601 2259 1653 2286 est.
1669 2255 1708 2282 fa-

921 2297 978 2324 cito
994 2305 1001 2324 :
1025 2298 1163 2332 siquidem
1180 2300 1344 2326 sententiam
1370 2305 1443 2327 tuam
1469 2302 1557 2328 oratio
1573 2303 1646 2329 nulla
1661 2303 1708 2329 ﬂe«

921 2348 997 2370 clere
1023 2350 1071 2371 aut
1097 2345 1209 2372 vincere
1233 2350 1335 2380 potest.
1363 2355 1373 2372 ι
1401 2346 1544 2374 Nestorius
1569 2348 1652 2382 igitur
1680 2349 1706 2375 in

920 2389 1020 2416 litteris
1040 2396 1151 2424 quoque
1178 2390 1261 2424 ipsis,
1285 2391 1384 2426 pugnis
1401 2396 1429 2418 et
1450 2392 1574 2419 calcibus
1598 2393 1707 2427 impetit

919 2440 1002 2469 atque
1025 2436 1155 2467 insultat.
1181 2436 1388 2471 imperatoriam
1415 2438 1501 2465 etiam
1529 2444 1705 2474 potestatem,

919 2480 1000 2508 sicuti
1017 2481 1105 2512 vides,
1121 2481 1335 2516 blasphetnans:
1352 2488 1435 2518 atque
1453 2489 1493 2511 tot
1508 2493 1619 2520 quoque
1634 2486 1705 2512 mala

919 2535 1033 2563 passus,
1055 2536 1110 2556 non
1134 2534 1224 2556 tamen
1247 2529 1395 2564 resipiscit.
1411 2531 1540 2559 Pervenit
1562 2533 1588 2559 in
1607 2540 1704 2560 manus

919 2581 994 2601 meas
1014 2575 1148 2610 scriptum
1167 2576 1324 2611 quoddam,
1349 2577 1453 2604 obitum
1469 2578 1529 2612 ejus
1550 2587 1702 2614 exponens,

918 2629 1001 2656 quem
1022 2627 1050 2649 et
1072 2622 1163 2658 ipsum
1185 2623 1339 2650 litterarum
1363 2625 1550 2653 monumentis
1572 2628 1704 2656 mandare

917 2668 945 2695 in
971 2668 1022 2696 hac
1049 2669 1164 2697 historia
1189 2670 1278 2698 visum
1305 2674 1358 2698 est.
1386 2670 1589 2700 Commemorat
1614 2676 1705 2705 enim.

917 2714 1010 2749 lingua
1026 2715 1087 2751 ejus
1105 2724 1119 2744 a
1136 2717 1279 2744 vermibus
1296 2724 1421 2750 corrosa,
1434 2717 1658 2753 ingemiscentem
1675 2724 1705 2747 ct

916 2760 1112 2790 lamentantem
1125 2783 1132 2796 ,
1156 2763 1190 2790 ad
1211 2763 1314 2799 majora
1334 2766 1361 2791 et
1379 2764 1547 2799 sempiterna
1565 2763 1706 2800 supplicia

115 2846 153 2880 (l)
174 2845 355 2881 Elephalttina
378 2847 430 2875 8'20
450 2847 546 2874 stadiis
568 2856 581 2874 a
615 2849 717 2877 Thebis
733 2850 866 2884 Aigvotiis
887 2852 981 2880 distat.
