  <div class='ocr_page' id='page_1' title='image "/cluster/home/n/w/nwhite01/storage/ocr_20150623/146/njp.32101077773156/688.png"; bbox 0 0 1899 3062; ppageno 0'>
   <div class='ocr_carea' id='block_1_1' title="bbox 198 131 263 162">
    <p class='ocr_par' dir='ltr' id='par_1_1' title="bbox 198 131 263 162">
     <span class='ocr_line' id='line_1_1' title="bbox 198 131 263 162; baseline 0.015 -1"><span class='ocrx_word' id='word_1_1' title='bbox 198 131 263 162; x_wconf 59' lang='grc'><strong>112⁸7</strong></span> 
     </span>
    </p>
   </div>
   <div class='ocr_carea' id='block_1_2' title="bbox 197 232 975 272">
    <p class='ocr_par' dir='ltr' id='par_1_2' title="bbox 197 232 975 272">
     <span class='ocr_line' id='line_1_2' title="bbox 197 232 975 272; baseline 0.01 -15"><span class='ocrx_word' id='word_1_2' title='bbox 197 233 240 266; x_wconf 80' lang='grc' dir='ltr'>Τῷ</span> <span class='ocrx_word' id='word_1_3' title='bbox 258 232 483 266; x_wconf 77' lang='grc' dir='ltr'>Ἀλεξιουπόλεως</span> <span class='ocrx_word' id='word_1_4' title='bbox 502 235 660 269; x_wconf 69' lang='grc' dir='ltr'><strong>σχολάζοντι</strong></span> <span class='ocrx_word' id='word_1_5' title='bbox 676 238 692 271; x_wconf 83' lang='grc' dir='ltr'>ὴ</span> <span class='ocrx_word' id='word_1_6' title='bbox 707 237 821 268; x_wconf 72' lang='grc' dir='ltr'>Ἄϐυδος</span> <span class='ocrx_word' id='word_1_7' title='bbox 841 237 956 272; x_wconf 82' lang='grc' dir='ltr'><strong>ἐπεδόθη</strong></span> <span class='ocrx_word' id='word_1_8' title='bbox 969 246 975 253; x_wconf 91' lang='grc'><strong>·</strong></span> 
     </span>
    </p>
   </div>
   <div class='ocr_carea' id='block_1_3' title="bbox 194 277 977 316">
    <p class='ocr_par' dir='ltr' id='par_1_3' title="bbox 194 277 977 316">
     <span class='ocr_line' id='line_1_3' title="bbox 194 277 977 316; baseline 0.009 -13"><span class='ocrx_word' id='word_1_9' title='bbox 194 278 221 308; x_wconf 80' lang='grc' dir='ltr'>ἐς</span> <span class='ocrx_word' id='word_1_10' title='bbox 235 277 350 312; x_wconf 82' lang='grc' dir='ltr'>ὕστερον</span> <span class='ocrx_word' id='word_1_11' title='bbox 368 279 397 305; x_wconf 75' lang='grc' dir='ltr'>δὲ</span> <span class='ocrx_word' id='word_1_12' title='bbox 413 280 459 307; x_wconf 62' lang='grc' dir='ltr'><strong>καὶ¹</strong></span> <span class='ocrx_word' id='word_1_13' title='bbox 472 281 486 307; x_wconf 80' lang='grc' dir='ltr'><em>ὁ</em></span> <span class='ocrx_word' id='word_1_14' title='bbox 507 282 628 316; x_wconf 76' lang='grc' dir='ltr'>’Λπρως.</span> <span class='ocrx_word' id='word_1_15' title='bbox 645 282 745 309; x_wconf 78' lang='grc' dir='ltr'>Πολλαὶ</span> <span class='ocrx_word' id='word_1_16' title='bbox 759 283 785 309; x_wconf 77' lang='grc' dir='ltr'>δὲ</span> <span class='ocrx_word' id='word_1_17' title='bbox 803 283 849 309; x_wconf 74' lang='grc' dir='ltr'><strong>καὶ</strong></span> <span class='ocrx_word' id='word_1_18' title='bbox 865 283 918 309; x_wconf 81' lang='grc' dir='ltr'><strong>τῶν</strong></span> <span class='ocrx_word' id='word_1_19' title='bbox 931 284 977 310; x_wconf 86' lang='grc' dir='ltr'><strong>ὲκ-</strong></span> 
     </span>
    </p>
   </div>
   <div class='ocr_carea' id='block_1_4' title="bbox 194 323 978 362">
    <p class='ocr_par' dir='ltr' id='par_1_4' title="bbox 194 323 978 362">
     <span class='ocr_line' id='line_1_4' title="bbox 194 323 978 362; baseline 0.009 -14"><span class='ocrx_word' id='word_1_20' title='bbox 194 323 314 357; x_wconf 80' lang='grc' dir='ltr'>κλησιῶν</span> <span class='ocrx_word' id='word_1_21' title='bbox 328 326 459 360; x_wconf 80' lang='grc' dir='ltr'>ἥνωνται,</span> <span class='ocrx_word' id='word_1_22' title='bbox 475 326 598 362; x_wconf 80' lang='grc' dir='ltr'>ὥσπερὴ</span> <span class='ocrx_word' id='word_1_23' title='bbox 619 328 708 362; x_wconf 82' lang='grc' dir='ltr'>Πάρος</span> <span class='ocrx_word' id='word_1_24' title='bbox 731 330 779 355; x_wconf 84' lang='grc' dir='ltr'>καὶ</span> <span class='ocrx_word' id='word_1_25' title='bbox 801 331 816 362; x_wconf 85' lang='grc' dir='ltr'>ἡ</span> <span class='ocrx_word' id='word_1_26' title='bbox 833 328 931 362; x_wconf 77' lang='grc' dir='ltr'>Ναξία,</span> <span class='ocrx_word' id='word_1_27' title='bbox 943 329 978 356; x_wconf 83' lang='grc' dir='ltr'><strong>τά</strong></span> 
     </span>
    </p>
   </div>
   <div class='ocr_carea' id='block_1_5' title="bbox 195 373 976 410">
    <p class='ocr_par' dir='ltr' id='par_1_5' title="bbox 195 373 976 410">
     <span class='ocr_line' id='line_1_5' title="bbox 195 373 976 410; baseline 0.001 -10"><span class='ocrx_word' id='word_1_28' title='bbox 195 383 224 400; x_wconf 78' lang='grc' dir='ltr'><strong>τε</strong></span> <span class='ocrx_word' id='word_1_29' title='bbox 237 373 342 406; x_wconf 76' lang='grc' dir='ltr'>Σοῦγδα</span> <span class='ocrx_word' id='word_1_30' title='bbox 358 373 406 400; x_wconf 76' lang='grc' dir='ltr'><strong>καὶ</strong></span> <span class='ocrx_word' id='word_1_31' title='bbox 426 373 459 399; x_wconf 82' lang='grc' dir='ltr'>τὰ</span> <span class='ocrx_word' id='word_1_32' title='bbox 469 373 567 406; x_wconf 80' lang='grc' dir='ltr'>Φοῦλα,</span> <span class='ocrx_word' id='word_1_33' title='bbox 584 373 601 408; x_wconf 77' lang='grc' dir='ltr'>ἦ</span> <span class='ocrx_word' id='word_1_34' title='bbox 612 382 641 400; x_wconf 90' lang='grc' dir='ltr'><strong>τε</strong></span> <span class='ocrx_word' id='word_1_35' title='bbox 659 374 770 400; x_wconf 75' lang='grc' dir='ltr'>’Δλανία</span> <span class='ocrx_word' id='word_1_36' title='bbox 788 376 834 401; x_wconf 77' lang='grc' dir='ltr'>καὶ</span> <span class='ocrx_word' id='word_1_37' title='bbox 850 376 865 410; x_wconf 86' lang='grc' dir='ltr'><strong>ή</strong></span> <span class='ocrx_word' id='word_1_38' title='bbox 883 376 976 410; x_wconf 77' lang='grc' dir='ltr'>Σωτηο</span> 
     </span>
    </p>
   </div>
   <div class='ocr_carea' id='block_1_6' title="bbox 195 418 975 455">
    <p class='ocr_par' dir='ltr' id='par_1_6' title="bbox 195 418 975 455">
     <span class='ocr_line' id='line_1_6' title="bbox 195 418 975 455; baseline 0.004 -11"><span class='ocrx_word' id='word_1_39' title='bbox 195 419 346 453; x_wconf 76' lang='grc' dir='ltr'>ριούπολις.</span> <span class='ocrx_word' id='word_1_40' title='bbox 363 418 417 445; x_wconf 72' lang='grc' dir='ltr'><strong>Τοῦ</strong></span> <span class='ocrx_word' id='word_1_41' title='bbox 439 418 461 444; x_wconf 86' lang='grc' dir='ltr'>δ’</span> <span class='ocrx_word' id='word_1_42' title='bbox 479 419 507 452; x_wconf 80' lang='grc' dir='ltr'>ἐξ</span> <span class='ocrx_word' id='word_1_43' title='bbox 530 419 668 453; x_wconf 80' lang='grc' dir='ltr'>Ἀγγέλων</span> <span class='ocrx_word' id='word_1_44' title='bbox 698 421 835 447; x_wconf 85' lang='grc' dir='ltr'>Ίσαακίου</span> <span class='ocrx_word' id='word_1_45' title='bbox 859 422 904 447; x_wconf 68' lang='grc' dir='ltr'>τὸν</span> <span class='ocrx_word' id='word_1_46' title='bbox 925 421 975 455; x_wconf 76' lang='grc' dir='ltr'>τῆς</span> 
     </span>
    </p>
   </div>
   <div class='ocr_carea' id='block_1_7' title="bbox 192 465 974 501">
    <p class='ocr_par' dir='ltr' id='par_1_7' title="bbox 192 465 974 501">
     <span class='ocr_line' id='line_1_7' title="bbox 192 465 974 501; baseline 0.003 -10"><span class='ocrx_word' id='word_1_47' title='bbox 192 465 330 498; x_wconf 75' lang='grc' dir='ltr'>βασιλείας</span> <span class='ocrx_word' id='word_1_48' title='bbox 358 465 570 499; x_wconf 80' lang='grc' dir='ltr'><strong>πρυτανεύοντος</strong></span> <span class='ocrx_word' id='word_1_49' title='bbox 599 466 704 499; x_wconf 60' lang='grc' dir='ltr'>ϐρότον,</span> <span class='ocrx_word' id='word_1_50' title='bbox 735 469 747 492; x_wconf 76' lang='grc' dir='ltr'><em>ὸ</em></span> <span class='ocrx_word' id='word_1_51' title='bbox 778 467 974 501; x_wconf 77' lang='grc' dir='ltr'>Ἰεροσολύμων</span> 
     </span>
    </p>
   </div>
   <div class='ocr_carea' id='block_1_8' title="bbox 191 511 973 548">
    <p class='ocr_par' dir='ltr' id='par_1_8' title="bbox 191 511 973 548">
     <span class='ocr_line' id='line_1_8' title="bbox 191 511 973 548; baseline 0.004 -11"><span class='ocrx_word' id='word_1_52' title='bbox 191 511 316 542; x_wconf 83' lang='grc' dir='ltr'>Δοσίθεος</span> <span class='ocrx_word' id='word_1_53' title='bbox 329 512 368 542; x_wconf 81' lang='grc' dir='ltr'><strong>είς</strong></span> <span class='ocrx_word' id='word_1_54' title='bbox 384 511 429 537; x_wconf 80' lang='grc' dir='ltr'><strong>τὸν</strong></span> <span class='ocrx_word' id='word_1_55' title='bbox 444 511 492 545; x_wconf 83' lang='grc' dir='ltr'>τῆς</span> <span class='ocrx_word' id='word_1_56' title='bbox 512 512 720 538; x_wconf 74' lang='grc' dir='ltr'>Κωνσταντίνου</span> <span class='ocrx_word' id='word_1_57' title='bbox 740 513 834 547; x_wconf 72' lang='grc' dir='ltr'>θρόνον</span> <span class='ocrx_word' id='word_1_58' title='bbox 857 514 973 548; x_wconf 73' lang='grc' dir='ltr'>μετάγε-</span> 
     </span>
    </p>
   </div>
   <div class='ocr_carea' id='block_1_9' title="bbox 191 556 972 594">
    <p class='ocr_par' dir='ltr' id='par_1_9' title="bbox 191 556 972 594">
     <span class='ocr_line' id='line_1_9' title="bbox 191 556 972 594; baseline 0.005 -12"><span class='ocrx_word' id='word_1_59' title='bbox 191 565 253 583; x_wconf 81' lang='grc' dir='ltr'>ται·</span> <span class='ocrx_word' id='word_1_60' title='bbox 267 558 356 583; x_wconf 76' lang='grc' dir='ltr'>ἐκεῖσε</span> <span class='ocrx_word' id='word_1_61' title='bbox 372 556 401 583; x_wconf 84' lang='grc' dir='ltr'>δὲ</span> <span class='ocrx_word' id='word_1_62' title='bbox 423 556 538 591; x_wconf 88' lang='grc' dir='ltr'>Μάρκος</span> <span class='ocrx_word' id='word_1_63' title='bbox 553 558 567 583; x_wconf 85' lang='grc' dir='ltr'><strong>ὸ</strong></span> <span class='ocrx_word' id='word_1_64' title='bbox 591 559 662 584; x_wconf 74' lang='grc' dir='ltr'>κατὰ</span> <span class='ocrx_word' id='word_1_65' title='bbox 685 558 796 590; x_wconf 82' lang='grc' dir='ltr'><strong>Φλῶρον</strong></span> <span class='ocrx_word' id='word_1_66' title='bbox 812 561 972 594; x_wconf 80' lang='grc' dir='ltr'>προάγεται.</span> 
     </span>
    </p>
   </div>
   <div class='ocr_carea' id='block_1_10' title="bbox 191 602 976 638">
    <p class='ocr_par' dir='ltr' id='par_1_10' title="bbox 191 602 976 638">
     <span class='ocr_line' id='line_1_10' title="bbox 191 602 976 638; baseline 0.003 -9"><span class='ocrx_word' id='word_1_67' title='bbox 191 602 255 630; x_wconf 83' lang='grc' dir='ltr'>Εἶτα</span> <span class='ocrx_word' id='word_1_68' title='bbox 271 603 352 629; x_wconf 74' lang='grc' dir='ltr'>πάλιν</span> <span class='ocrx_word' id='word_1_69' title='bbox 373 602 498 634; x_wconf 82' lang='grc' dir='ltr'><strong>Δοσίθεος</strong></span> <span class='ocrx_word' id='word_1_70' title='bbox 519 603 569 638; x_wconf 82' lang='grc' dir='ltr'>τὴν</span> <span class='ocrx_word' id='word_1_71' title='bbox 586 604 793 631; x_wconf 80' lang='grc' dir='ltr'>Κωνσταντίνου</span> <span class='ocrx_word' id='word_1_72' title='bbox 817 605 914 636; x_wconf 79' lang='grc' dir='ltr'>λιπὼν,</span> <span class='ocrx_word' id='word_1_73' title='bbox 934 608 976 638; x_wconf 63' lang='lat' dir='ltr'><strong>sig</strong></span> 
     </span>
    </p>
   </div>
   <div class='ocr_carea' id='block_1_11' title="bbox 190 648 974 688">
    <p class='ocr_par' dir='ltr' id='par_1_11' title="bbox 190 648 974 688">
     <span class='ocr_line' id='line_1_11' title="bbox 190 648 974 688; baseline 0.006 -14"><span class='ocrx_word' id='word_1_74' title='bbox 190 650 234 674; x_wconf 54' lang='grc' dir='ltr'>τὴν</span> <span class='ocrx_word' id='word_1_75' title='bbox 248 650 298 683; x_wconf 70' lang='grc' dir='ltr'>τῆς</span> <span class='ocrx_word' id='word_1_76' title='bbox 315 648 410 680; x_wconf 83' lang='grc' dir='ltr'>Αἰλίας</span> <span class='ocrx_word' id='word_1_77' title='bbox 426 649 523 684; x_wconf 74' lang='grc' dir='ltr'>θρόνον</span> <span class='ocrx_word' id='word_1_78' title='bbox 545 650 681 684; x_wconf 74' lang='grc' dir='ltr'>ἐπάνεισι,</span> <span class='ocrx_word' id='word_1_79' title='bbox 695 651 742 678; x_wconf 73' lang='grc' dir='ltr'>τοῦ</span> <span class='ocrx_word' id='word_1_80' title='bbox 772 652 842 678; x_wconf 71' lang='grc' dir='ltr'>κατὰ</span> <span class='ocrx_word' id='word_1_81' title='bbox 864 652 974 688; x_wconf 79' lang='grc' dir='ltr'>Φλῶρον</span> 
     </span>
    </p>
   </div>
   <div class='ocr_carea' id='block_1_12' title="bbox 190 696 973 734">
    <p class='ocr_par' dir='ltr' id='par_1_12' title="bbox 190 696 973 734">
     <span class='ocr_line' id='line_1_12' title="bbox 190 696 973 734; baseline 0.006 -13"><span class='ocrx_word' id='word_1_82' title='bbox 190 696 295 722; x_wconf 82' lang='grc' dir='ltr'>ἐκεῖθεν</span> <span class='ocrx_word' id='word_1_83' title='bbox 310 697 386 731; x_wconf 73' lang='grc' dir='ltr'>παρὰ</span> <span class='ocrx_word' id='word_1_84' title='bbox 401 697 492 722; x_wconf 82' lang='grc' dir='ltr'>πᾶσαν</span> <span class='ocrx_word' id='word_1_85' title='bbox 505 696 584 731; x_wconf 87' lang='grc' dir='ltr'>δίκην</span> <span class='ocrx_word' id='word_1_86' title='bbox 596 698 788 729; x_wconf 72' lang='grc' dir='ltr'>ἀπελαθὲν-τος.</span> <span class='ocrx_word' id='word_1_87' title='bbox 802 699 847 730; x_wconf 78' lang='grc' dir='ltr'>Ἐς</span> <span class='ocrx_word' id='word_1_88' title='bbox 859 699 973 734; x_wconf 77' lang='grc' dir='ltr'>ὕστερον</span> 
     </span>
    </p>
   </div>
   <div class='ocr_carea' id='block_1_13' title="bbox 190 742 974 778">
    <p class='ocr_par' dir='ltr' id='par_1_13' title="bbox 190 742 974 778">
     <span class='ocr_line' id='line_1_13' title="bbox 190 742 974 778; baseline 0.005 -10"><span class='ocrx_word' id='word_1_89' title='bbox 190 743 218 769; x_wconf 83' lang='grc' dir='ltr'>δὲ</span> <span class='ocrx_word' id='word_1_90' title='bbox 232 743 280 769; x_wconf 75' lang='grc' dir='ltr'>καὶ</span> <span class='ocrx_word' id='word_1_91' title='bbox 294 742 376 777; x_wconf 79' lang='grc' dir='ltr'>ἄμφω</span> <span class='ocrx_word' id='word_1_92' title='bbox 392 743 456 773; x_wconf 85' lang='grc' dir='ltr'>τοὺς</span> <span class='ocrx_word' id='word_1_93' title='bbox 479 742 592 777; x_wconf 79' lang='grc' dir='ltr'><strong>θρόνους</strong></span> <span class='ocrx_word' id='word_1_94' title='bbox 607 744 658 778; x_wconf 80' lang='grc' dir='ltr'>τῆς</span> <span class='ocrx_word' id='word_1_95' title='bbox 674 744 700 770; x_wconf 81' lang='grc' dir='ltr'>τ’</span> <span class='ocrx_word' id='word_1_96' title='bbox 715 745 809 775; x_wconf 78' lang='grc' dir='ltr'>Αἱλίας</span> <span class='ocrx_word' id='word_1_97' title='bbox 834 746 881 772; x_wconf 67' lang='grc' dir='ltr'>καὶ</span> <span class='ocrx_word' id='word_1_98' title='bbox 898 745 974 772; x_wconf 82' lang='grc' dir='ltr'>Κων-</span> 
     </span>
    </p>
   </div>
   <div class='ocr_carea' id='block_1_14' title="bbox 192 788 973 825">
    <p class='ocr_par' dir='ltr' id='par_1_14' title="bbox 192 788 973 825">
     <span class='ocr_line' id='line_1_14' title="bbox 192 788 973 825; baseline 0.005 -11"><span class='ocrx_word' id='word_1_99' title='bbox 192 789 331 815; x_wconf 84' lang='grc' dir='ltr'>σταντίνου</span> <span class='ocrx_word' id='word_1_100' title='bbox 349 789 496 823; x_wconf 78' lang='grc' dir='ltr'><strong>παρῃτεῖτο</strong></span> <span class='ocrx_word' id='word_1_101' title='bbox 511 788 636 820; x_wconf 73' lang='grc' dir='ltr'><strong>Δοσίθεος</strong></span> <span class='ocrx_word' id='word_1_102' title='bbox 646 798 652 804; x_wconf 91' lang='grc'>·</span> <span class='ocrx_word' id='word_1_103' title='bbox 668 789 715 816; x_wconf 79' lang='grc' dir='ltr'><strong>καὶ</strong></span> <span class='ocrx_word' id='word_1_104' title='bbox 727 790 788 817; x_wconf 74' lang='grc' dir='ltr'>καθ’</span> <span class='ocrx_word' id='word_1_105' title='bbox 798 790 881 817; x_wconf 73' lang='grc' dir='ltr'>αὑτὸν</span> <span class='ocrx_word' id='word_1_106' title='bbox 898 793 973 825; x_wconf 84' lang='grc' dir='ltr'>γενό-</span> 
     </span>
    </p>
   </div>
   <div class='ocr_carea' id='block_1_15' title="bbox 192 835 971 872">
    <p class='ocr_par' dir='ltr' id='par_1_15' title="bbox 192 835 971 872">
     <span class='ocr_line' id='line_1_15' title="bbox 192 835 971 872; baseline 0.003 -10"><span class='ocrx_word' id='word_1_107' title='bbox 192 845 271 869; x_wconf 82' lang='grc' dir='ltr'>μενος</span> <span class='ocrx_word' id='word_1_108' title='bbox 297 835 433 862; x_wconf 77' lang='grc' dir='ltr'>ἐτελεύτα.</span> <span class='ocrx_word' id='word_1_109' title='bbox 451 835 543 862; x_wconf 79' lang='grc' dir='ltr'>Ταῦτα</span> <span class='ocrx_word' id='word_1_110' title='bbox 568 835 617 870; x_wconf 81' lang='grc' dir='ltr'>μὲν</span> <span class='ocrx_word' id='word_1_111' title='bbox 644 836 672 861; x_wconf 82' lang='grc' dir='ltr'>ἐν</span> <span class='ocrx_word' id='word_1_112' title='bbox 693 837 750 868; x_wconf 86' lang='grc' dir='ltr'>τοῖς</span> <span class='ocrx_word' id='word_1_113' title='bbox 776 836 833 863; x_wconf 82' lang='grc' dir='ltr'>ἄνω</span> <span class='ocrx_word' id='word_1_114' title='bbox 864 838 971 872; x_wconf 77' lang='grc' dir='ltr'>χρόνοις</span> 
     </span>
    </p>
   </div>
   <div class='ocr_carea' id='block_1_16' title="bbox 192 881 972 917">
    <p class='ocr_par' dir='ltr' id='par_1_16' title="bbox 192 881 972 917">
     <span class='ocr_line' id='line_1_16' title="bbox 192 881 972 917; baseline 0.003 -9"><span class='ocrx_word' id='word_1_115' title='bbox 192 884 314 916; x_wconf 71' lang='grc' dir='ltr'>ἐγένετο·</span> <span class='ocrx_word' id='word_1_116' title='bbox 332 883 360 908; x_wconf 79' lang='grc' dir='ltr'>ἐν</span> <span class='ocrx_word' id='word_1_117' title='bbox 376 881 403 908; x_wconf 76' lang='grc' dir='ltr'>δὲ</span> <span class='ocrx_word' id='word_1_118' title='bbox 419 881 458 916; x_wconf 81' lang='grc' dir='ltr'>τῷ</span> <span class='ocrx_word' id='word_1_119' title='bbox 479 882 538 908; x_wconf 86' lang='grc' dir='ltr'>κατ’</span> <span class='ocrx_word' id='word_1_120' title='bbox 554 882 603 916; x_wconf 78' lang='grc' dir='ltr'><strong>ἐμὲ</strong></span> <span class='ocrx_word' id='word_1_121' title='bbox 619 882 706 917; x_wconf 79' lang='grc' dir='ltr'>χρόνῳ</span> <span class='ocrx_word' id='word_1_122' title='bbox 726 883 773 909; x_wconf 77' lang='grc' dir='ltr'><strong>καὶ</strong></span> <span class='ocrx_word' id='word_1_123' title='bbox 789 883 852 915; x_wconf 70' lang='grc' dir='ltr'>τοὺς</span> <span class='ocrx_word' id='word_1_124' title='bbox 874 885 972 910; x_wconf 78' lang='grc' dir='ltr'>τέσσα-</span> 
     </span>
    </p>
   </div>
   <div class='ocr_carea' id='block_1_17' title="bbox 195 927 972 964">
    <p class='ocr_par' dir='ltr' id='par_1_17' title="bbox 195 927 972 964">
     <span class='ocr_line' id='line_1_17' title="bbox 195 927 972 964; baseline 0.003 -10"><span class='ocrx_word' id='word_1_125' title='bbox 195 937 243 963; x_wconf 77' lang='grc' dir='ltr'><strong>ρας</strong></span> <span class='ocrx_word' id='word_1_126' title='bbox 258 928 311 954; x_wconf 84' lang='grc' dir='ltr'>τῶν</span> <span class='ocrx_word' id='word_1_127' title='bbox 327 927 437 962; x_wconf 62' lang='grc' dir='ltr'>ὑψηλῶν</span> <span class='ocrx_word' id='word_1_128' title='bbox 452 928 666 962; x_wconf 82' lang='grc' dir='ltr'>προεδρεύοντας</span> <span class='ocrx_word' id='word_1_129' title='bbox 684 928 787 964; x_wconf 82' lang='grc' dir='ltr'>θρόνων</span> <span class='ocrx_word' id='word_1_130' title='bbox 810 930 841 955; x_wconf 82' lang='grc' dir='ltr'>ἐκ</span> <span class='ocrx_word' id='word_1_131' title='bbox 858 930 972 963; x_wconf 82' lang='grc' dir='ltr'>μεταθέ-</span> 
     </span>
    </p>
   </div>
   <div class='ocr_carea' id='block_1_18' title="bbox 191 972 971 1009">
    <p class='ocr_par' dir='ltr' id='par_1_18' title="bbox 191 972 971 1009">
     <span class='ocr_line' id='line_1_18' title="bbox 191 972 971 1009; baseline 0.003 -10"><span class='ocrx_word' id='word_1_132' title='bbox 191 982 260 1000; x_wconf 83' lang='grc' dir='ltr'>σεων</span> <span class='ocrx_word' id='word_1_133' title='bbox 276 972 335 1000; x_wconf 79' lang='grc' dir='ltr'>οῖδα</span> <span class='ocrx_word' id='word_1_134' title='bbox 348 973 560 1008; x_wconf 71' lang='grc' dir='ltr'><strong>γεγενημένους.</strong></span> <span class='ocrx_word' id='word_1_135' title='bbox 578 973 655 1000; x_wconf 74' lang='grc' dir='ltr'>Μετὰ</span> <span class='ocrx_word' id='word_1_136' title='bbox 671 974 726 1009; x_wconf 76' lang='grc' dir='ltr'><strong>γὰρ</strong></span> <span class='ocrx_word' id='word_1_137' title='bbox 738 974 784 1000; x_wconf 77' lang='grc' dir='ltr'><strong>τὸν</strong></span> <span class='ocrx_word' id='word_1_138' title='bbox 799 974 883 1002; x_wconf 77' lang='grc' dir='ltr'>πολὺν</span> <span class='ocrx_word' id='word_1_139' title='bbox 898 976 971 1001; x_wconf 78' lang='grc' dir='ltr'>ἐκεῖ-</span> 
     </span>
    </p>
   </div>
   <div class='ocr_carea' id='block_1_19' title="bbox 189 1019 972 1056">
    <p class='ocr_par' dir='ltr' id='par_1_19' title="bbox 189 1019 972 1056">
     <span class='ocr_line' id='line_1_19' title="bbox 189 1019 972 1056; baseline 0.001 -10"><span class='ocrx_word' id='word_1_140' title='bbox 189 1030 233 1046; x_wconf 85' lang='grc' dir='ltr'><strong>νον</strong></span> <span class='ocrx_word' id='word_1_141' title='bbox 251 1021 390 1055; x_wconf 68' lang='grc' dir='ltr'><strong>1Αρσένιον</strong></span> <span class='ocrx_word' id='word_1_142' title='bbox 407 1021 420 1046; x_wconf 87' lang='grc' dir='ltr'><em>ὁ</em></span> <span class='ocrx_word' id='word_1_143' title='bbox 438 1021 488 1051; x_wconf 78' lang='grc' dir='ltr'>τῆς</span> <span class='ocrx_word' id='word_1_144' title='bbox 499 1020 633 1054; x_wconf 77' lang='grc' dir='ltr'><strong>Ἐφεσίων</strong></span> <span class='ocrx_word' id='word_1_145' title='bbox 656 1019 822 1055; x_wconf 83' lang='grc' dir='ltr'>Νικηφόρος,</span> <span class='ocrx_word' id='word_1_146' title='bbox 836 1022 883 1048; x_wconf 72' lang='grc' dir='ltr'>καὶ</span> <span class='ocrx_word' id='word_1_147' title='bbox 897 1021 910 1047; x_wconf 84' lang='grc' dir='ltr'><strong>ὁ</strong></span> <span class='ocrx_word' id='word_1_148' title='bbox 924 1023 972 1056; x_wconf 75' lang='grc' dir='ltr'>τῆς</span> 
     </span>
    </p>
   </div>
   <div class='ocr_carea' id='block_1_20' title="bbox 196 1065 971 1100">
    <p class='ocr_par' dir='ltr' id='par_1_20' title="bbox 196 1065 971 1100">
     <span class='ocr_line' id='line_1_20' title="bbox 196 1065 971 1100; baseline 0.003 -9"><span class='ocrx_word' id='word_1_149' title='bbox 196 1065 338 1100; x_wconf 76' lang='grc' dir='ltr'>Ἀδριανυῦ</span> <span class='ocrx_word' id='word_1_150' title='bbox 368 1065 517 1100; x_wconf 74' lang='grc' dir='ltr'><strong>Γερμανὸς,</strong></span> <span class='ocrx_word' id='word_1_151' title='bbox 546 1066 585 1096; x_wconf 87' lang='grc' dir='ltr'><strong>είς</strong></span> <span class='ocrx_word' id='word_1_152' title='bbox 613 1065 659 1092; x_wconf 84' lang='grc' dir='ltr'><strong>τδν</strong></span> <span class='ocrx_word' id='word_1_153' title='bbox 687 1066 738 1097; x_wconf 80' lang='grc' dir='ltr'>τῆς</span> <span class='ocrx_word' id='word_1_154' title='bbox 765 1067 971 1093; x_wconf 86' lang='grc' dir='ltr'>Κωνσταντίνου</span> 
     </span>
    </p>
   </div>
   <div class='ocr_carea' id='block_1_21' title="bbox 194 1111 973 1147">
    <p class='ocr_par' dir='ltr' id='par_1_21' title="bbox 194 1111 973 1147">
     <span class='ocr_line' id='line_1_21' title="bbox 194 1111 973 1147; baseline 0.004 -10"><span class='ocrx_word' id='word_1_155' title='bbox 194 1111 383 1146; x_wconf 77' lang='grc' dir='ltr'><strong>μετατίθενται</strong></span> <span class='ocrx_word' id='word_1_156' title='bbox 397 1111 500 1146; x_wconf 84' lang='grc' dir='ltr'>θρόνον.</span> <span class='ocrx_word' id='word_1_157' title='bbox 520 1111 613 1145; x_wconf 86' lang='grc' dir='ltr'>Πολλῷ</span> <span class='ocrx_word' id='word_1_158' title='bbox 627 1111 653 1137; x_wconf 81' lang='grc' dir='ltr'>δὲ</span> <span class='ocrx_word' id='word_1_159' title='bbox 666 1111 779 1145; x_wconf 79' lang='grc' dir='ltr'>ὕστερον</span> <span class='ocrx_word' id='word_1_160' title='bbox 795 1113 842 1139; x_wconf 76' lang='grc' dir='ltr'>καὶ</span> <span class='ocrx_word' id='word_1_161' title='bbox 859 1113 973 1147; x_wconf 71' lang='grc' dir='ltr'>Νίφωνα</span> 
     </span>
    </p>
   </div>
   <div class='ocr_carea' id='block_1_22' title="bbox 188 1157 971 1193">
    <p class='ocr_par' dir='ltr' id='par_1_22' title="bbox 188 1157 971 1193">
     <span class='ocr_line' id='line_1_22' title="bbox 188 1157 971 1193; baseline 0.003 -9"><span class='ocrx_word' id='word_1_162' title='bbox 188 1159 220 1184; x_wconf 86' lang='grc' dir='ltr'>ἑκ</span> <span class='ocrx_word' id='word_1_163' title='bbox 237 1159 286 1192; x_wconf 73' lang='grc' dir='ltr'>τῆς</span> <span class='ocrx_word' id='word_1_164' title='bbox 303 1159 331 1184; x_wconf 77' lang='grc' dir='ltr'>ἐν</span> <span class='ocrx_word' id='word_1_165' title='bbox 349 1157 541 1193; x_wconf 71' lang='grc' dir='ltr'><strong>Ἑλλησπόντῳ</strong></span> <span class='ocrx_word' id='word_1_166' title='bbox 556 1157 678 1189; x_wconf 76' lang='grc' dir='ltr'><strong>Κυζίκου</strong></span> <span class='ocrx_word' id='word_1_167' title='bbox 695 1159 735 1189; x_wconf 84' lang='grc' dir='ltr'><strong>είς</strong></span> <span class='ocrx_word' id='word_1_168' title='bbox 752 1158 798 1185; x_wconf 84' lang='grc' dir='ltr'><strong>τὸν</strong></span> <span class='ocrx_word' id='word_1_169' title='bbox 810 1159 890 1185; x_wconf 77' lang='grc' dir='ltr'>αὑτὸν</span> <span class='ocrx_word' id='word_1_170' title='bbox 904 1159 971 1186; x_wconf 81' lang='grc' dir='ltr'>ἀνα-</span> 
     </span>
    </p>
   </div>
   <div class='ocr_carea' id='block_1_23' title="bbox 188 1204 972 1240">
    <p class='ocr_par' dir='ltr' id='par_1_23' title="bbox 188 1204 972 1240">
     <span class='ocr_line' id='line_1_23' title="bbox 188 1204 972 1240; baseline 0.003 -10"><span class='ocrx_word' id='word_1_171' title='bbox 188 1205 304 1239; x_wconf 75' lang='grc' dir='ltr'>γόμενον</span> <span class='ocrx_word' id='word_1_172' title='bbox 318 1204 412 1240; x_wconf 83' lang='grc' dir='ltr'>θρόνον</span> <span class='ocrx_word' id='word_1_173' title='bbox 426 1204 593 1239; x_wconf 74' lang='grc' dir='ltr'>ἐθεασάμην.</span> <span class='ocrx_word' id='word_1_174' title='bbox 610 1204 763 1238; x_wconf 74' lang='grc' dir='ltr'>Ἀλλὰμὴν</span> <span class='ocrx_word' id='word_1_175' title='bbox 781 1205 827 1231; x_wconf 73' lang='grc' dir='ltr'><strong>καὶ</strong></span> <span class='ocrx_word' id='word_1_176' title='bbox 839 1205 884 1231; x_wconf 77' lang='grc' dir='ltr'><strong>τὸν</strong></span> <span class='ocrx_word' id='word_1_177' title='bbox 897 1205 972 1232; x_wconf 77' lang='grc' dir='ltr'>Ἀλε-</span> 
     </span>
    </p>
   </div>
   <div class='ocr_carea' id='block_1_24' title="bbox 189 1250 971 1286">
    <p class='ocr_par' dir='ltr' id='par_1_24' title="bbox 189 1250 971 1286">
     <span class='ocr_line' id='line_1_24' title="bbox 189 1250 971 1286; baseline 0 -9"><span class='ocrx_word' id='word_1_178' title='bbox 189 1251 329 1286; x_wconf 75' lang='grc' dir='ltr'>ξανδρείας</span> <span class='ocrx_word' id='word_1_179' title='bbox 343 1251 516 1284; x_wconf 66' lang='grc' dir='ltr'>Ἀθανάσιιιν,</span> <span class='ocrx_word' id='word_1_180' title='bbox 535 1251 564 1282; x_wconf 76' lang='grc' dir='ltr'>ὃς</span> <span class='ocrx_word' id='word_1_181' title='bbox 582 1250 626 1276; x_wconf 82' lang='grc' dir='ltr'>τὸν</span> <span class='ocrx_word' id='word_1_182' title='bbox 645 1251 778 1277; x_wconf 79' lang='grc' dir='ltr'>Νικόλαον</span> <span class='ocrx_word' id='word_1_183' title='bbox 792 1251 936 1284; x_wconf 76' lang='grc' dir='ltr'>διεδέξατο,</span> <span class='ocrx_word' id='word_1_184' title='bbox 958 1252 971 1278; x_wconf 83' lang='grc' dir='ltr'>ὀ</span> 
     </span>
    </p>
   </div>
   <div class='ocr_carea' id='block_1_25' title="bbox 187 1297 969 1332">
    <p class='ocr_par' dir='ltr' id='par_1_25' title="bbox 187 1297 969 1332">
     <span class='ocr_line' id='line_1_25' title="bbox 187 1297 969 1332; baseline 0 -9"><span class='ocrx_word' id='word_1_185' title='bbox 187 1299 237 1332; x_wconf 76' lang='grc' dir='ltr'><strong>τῆς</strong></span> <span class='ocrx_word' id='word_1_186' title='bbox 271 1297 410 1332; x_wconf 67' lang='grc' dir='ltr'>Αἰγύπτου</span> <span class='ocrx_word' id='word_1_187' title='bbox 442 1297 592 1328; x_wconf 71' lang='grc' dir='ltr'>ἐπίσκοπος</span> <span class='ocrx_word' id='word_1_188' title='bbox 626 1297 777 1331; x_wconf 80' lang='grc' dir='ltr'>Γρηγὸριος</span> <span class='ocrx_word' id='word_1_189' title='bbox 807 1297 969 1332; x_wconf 76' lang='grc' dir='ltr'>διαδέχεται.</span> 
     </span>
    </p>
   </div>
   <div class='ocr_carea' id='block_1_26' title="bbox 193 1343 972 1379">
    <p class='ocr_par' dir='ltr' id='par_1_26' title="bbox 193 1343 972 1379">
     <span class='ocr_line' id='line_1_26' title="bbox 193 1343 972 1379; baseline -0.004 -7"><span class='ocrx_word' id='word_1_190' title='bbox 193 1346 259 1372; x_wconf 77' lang='grc' dir='ltr'>Ἀνὰ</span> <span class='ocrx_word' id='word_1_191' title='bbox 270 1345 298 1371; x_wconf 78' lang='grc' dir='ltr'>δὲ</span> <span class='ocrx_word' id='word_1_192' title='bbox 317 1345 366 1379; x_wconf 76' lang='grc' dir='ltr'>τὴν</span> <span class='ocrx_word' id='word_1_193' title='bbox 379 1345 517 1378; x_wconf 70' lang='grc' dir='ltr'>Ἀντιόχου</span> <span class='ocrx_word' id='word_1_194' title='bbox 539 1344 610 1370; x_wconf 83' lang='grc' dir='ltr'>κατὰ</span> <span class='ocrx_word' id='word_1_195' title='bbox 624 1344 751 1378; x_wconf 80' lang='grc' dir='ltr'>διαδοχὴν</span> <span class='ocrx_word' id='word_1_196' title='bbox 768 1345 816 1370; x_wconf 76' lang='grc' dir='ltr'>καὶ</span> <span class='ocrx_word' id='word_1_197' title='bbox 833 1343 972 1378; x_wconf 77' lang='grc' dir='ltr'>τέσσαρας</span> 
     </span>
    </p>
   </div>
   <div class='ocr_carea' id='block_1_27' title="bbox 187 1389 970 1424">
    <p class='ocr_par' dir='ltr' id='par_1_27' title="bbox 187 1389 970 1424">
     <span class='ocr_line' id='line_1_27' title="bbox 187 1389 970 1424; baseline -0.001 -8"><span class='ocrx_word' id='word_1_198' title='bbox 187 1390 273 1424; x_wconf 79' lang='grc' dir='ltr'>ἔγνων</span> <span class='ocrx_word' id='word_1_199' title='bbox 301 1390 334 1416; x_wconf 74' lang='grc' dir='ltr'>ἐκ</span> <span class='ocrx_word' id='word_1_200' title='bbox 369 1389 557 1424; x_wconf 65' lang='grc' dir='ltr'>μεταθέσεωψ</span> <span class='ocrx_word' id='word_1_201' title='bbox 586 1390 655 1422; x_wconf 67' lang='grc' dir='ltr'>μετὰ</span> <span class='ocrx_word' id='word_1_202' title='bbox 686 1389 740 1423; x_wconf 80' lang='grc' dir='ltr'><strong>γὰρ</strong></span> <span class='ocrx_word' id='word_1_203' title='bbox 762 1389 900 1423; x_wconf 79' lang='grc' dir='ltr'>Εὑθύμιον</span> <span class='ocrx_word' id='word_1_204' title='bbox 923 1390 970 1415; x_wconf 82' lang='grc' dir='ltr'>καὶ</span> 
     </span>
    </p>
   </div>
   <div class='ocr_carea' id='block_1_28' title="bbox 194 1435 971 1472">
    <p class='ocr_par' dir='ltr' id='par_1_28' title="bbox 194 1435 971 1472">
     <span class='ocr_line' id='line_1_28' title="bbox 194 1435 971 1472; baseline -0.001 -9"><span class='ocrx_word' id='word_1_205' title='bbox 194 1437 332 1472; x_wconf 78' lang='grc' dir='ltr'>Ἀρσένιος</span> <span class='ocrx_word' id='word_1_206' title='bbox 348 1437 378 1462; x_wconf 83' lang='grc' dir='ltr'>ὲκ</span> <span class='ocrx_word' id='word_1_207' title='bbox 394 1436 550 1470; x_wconf 67' lang='grc' dir='ltr'>Τριπόλεως</span> <span class='ocrx_word' id='word_1_208' title='bbox 566 1436 612 1462; x_wconf 74' lang='grc' dir='ltr'><strong>τὸν</strong></span> <span class='ocrx_word' id='word_1_209' title='bbox 638 1437 727 1462; x_wconf 78' lang='grc' dir='ltr'>ἐκεῖσε</span> <span class='ocrx_word' id='word_1_210' title='bbox 743 1435 839 1470; x_wconf 83' lang='grc' dir='ltr'>θρόνον</span> <span class='ocrx_word' id='word_1_211' title='bbox 853 1435 971 1470; x_wconf 77' lang='grc' dir='ltr'>κληροῦ-</span> 
     </span>
    </p>
   </div>
   <div class='ocr_carea' id='block_1_29' title="bbox 187 1481 968 1517">
    <p class='ocr_par' dir='ltr' id='par_1_29' title="bbox 187 1481 968 1517">
     <span class='ocr_line' id='line_1_29' title="bbox 187 1481 968 1517; baseline 0.001 -9"><span class='ocrx_word' id='word_1_212' title='bbox 187 1490 243 1508; x_wconf 87' lang='grc' dir='ltr'>ται.</span> <span class='ocrx_word' id='word_1_213' title='bbox 272 1482 373 1509; x_wconf 79' lang='grc' dir='ltr'>Τοῦτον</span> <span class='ocrx_word' id='word_1_214' title='bbox 391 1482 418 1508; x_wconf 79' lang='grc' dir='ltr'>δὲ</span> <span class='ocrx_word' id='word_1_215' title='bbox 435 1482 448 1508; x_wconf 84' lang='grc' dir='ltr'><strong>ό</strong></span> <span class='ocrx_word' id='word_1_216' title='bbox 463 1482 513 1516; x_wconf 82' lang='grc' dir='ltr'>τῆς</span> <span class='ocrx_word' id='word_1_217' title='bbox 529 1482 617 1517; x_wconf 89' lang='grc' dir='ltr'>Τύρου</span> <span class='ocrx_word' id='word_1_218' title='bbox 634 1481 767 1516; x_wconf 83' lang='grc' dir='ltr'>Κύριλ).ος</span> <span class='ocrx_word' id='word_1_219' title='bbox 793 1482 948 1517; x_wconf 80' lang='grc' dir='ltr'>διαδέχεται</span> <span class='ocrx_word' id='word_1_220' title='bbox 959 1490 968 1498; x_wconf 81' lang='grc'><strong><em>⁸</em></strong></span> 
     </span>
    </p>
   </div>
   <div class='ocr_carea' id='block_1_30' title="bbox 664 136 1369 173">
    <p class='ocr_par' dir='ltr' id='par_1_30' title="bbox 664 136 1369 173">
     <span class='ocr_line' id='line_1_30' title="bbox 664 136 1369 173; baseline 0.009 -6"><span class='ocrx_word' id='word_1_221' title='bbox 664 136 964 168; x_wconf 62' lang='lat' dir='ltr'><strong>ECCLESIASTICJI‘.</strong></span> <span class='ocrx_word' id='word_1_222' title='bbox 984 139 1177 171; x_wconf 69' lang='lat' dir='ltr'><strong>HISTORI/E</strong></span> <span class='ocrx_word' id='word_1_223' title='bbox 1197 141 1271 173; x_wconf 87' lang='lat' dir='ltr'><strong>LIB.</strong></span> <span class='ocrx_word' id='word_1_224' title='bbox 1292 143 1369 173; x_wconf 76' lang='lat' dir='ltr'><strong>XIV.</strong></span> 
     </span>
    </p>
   </div>
   <div class='ocr_carea' id='block_1_31' title="bbox 197 186 1019 226">
    <p class='ocr_par' dir='ltr' id='par_1_31' title="bbox 197 186 1019 226">
     <span class='ocr_line' id='line_1_31' title="bbox 197 186 1019 226; baseline 0.009 -14"><span class='ocrx_word' id='word_1_225' title='bbox 197 195 243 220; x_wconf 62' lang='lat' dir='ltr'><strong>an;</strong></span> <span class='ocrx_word' id='word_1_226' title='bbox 259 187 287 213; x_wconf 80' lang='grc' dir='ltr'>δὲ</span> <span class='ocrx_word' id='word_1_227' title='bbox 305 186 351 213; x_wconf 79' lang='grc' dir='ltr'>καὶ</span> <span class='ocrx_word' id='word_1_228' title='bbox 371 188 384 214; x_wconf 81' lang='grc' dir='ltr'><strong>ὁ</strong></span> <span class='ocrx_word' id='word_1_229' title='bbox 400 187 623 220; x_wconf 73' lang='grc' dir='ltr'>Λεοιτουπόλεως</span> <span class='ocrx_word' id='word_1_230' title='bbox 642 190 721 225; x_wconf 75' lang='grc' dir='ltr'>ἔσχεν</span> <span class='ocrx_word' id='word_1_231' title='bbox 744 192 978 226; x_wconf 79' lang='grc' dir='ltr'>Ἀρκαδιούπολιν.</span> <span class='ocrx_word' id='word_1_232' title='bbox 992 197 1019 223; x_wconf 69' lang='grc' dir='ltr'>Α</span> 
     </span>
    </p>
   </div>
   <div class='ocr_carea' id='block_1_32' title="bbox 1743 145 1810 181">
    <p class='ocr_par' dir='ltr' id='par_1_32' title="bbox 1743 145 1810 181">
     <span class='ocr_line' id='line_1_32' title="bbox 1743 145 1810 181; baseline 0 -2"><span class='ocrx_word' id='word_1_233' title='bbox 1743 145 1810 181; x_wconf 79' lang='lat'><strong>1198</strong></span> 
     </span>
    </p>
   </div>
   <div class='ocr_carea' id='block_1_33' title="bbox 1031 196 1811 234">
    <p class='ocr_par' dir='ltr' id='par_1_33' title="bbox 1031 196 1811 234">
     <span class='ocr_line' id='line_1_33' title="bbox 1031 196 1811 234; baseline 0.012 -13"><span class='ocrx_word' id='word_1_234' title='bbox 1031 196 1185 230; x_wconf 73' lang='lat' dir='ltr'><strong>przeterjus</strong></span> <span class='ocrx_word' id='word_1_235' title='bbox 1208 201 1235 223; x_wconf 89' lang='lat' dir='ltr'><strong>et</strong></span> <span class='ocrx_word' id='word_1_236' title='bbox 1256 205 1364 232; x_wconf 72' lang='lat' dir='ltr'><strong>requum</strong></span> <span class='ocrx_word' id='word_1_237' title='bbox 1381 207 1462 226; x_wconf 87' lang='lat' dir='ltr'><strong>omne</strong></span> <span class='ocrx_word' id='word_1_238' title='bbox 1478 201 1602 234; x_wconf 87' lang='lat' dir='ltr'><strong>expulso.</strong></span> <span class='ocrx_word' id='word_1_239' title='bbox 1629 201 1724 229; x_wconf 85' lang='lat' dir='ltr'><strong>Postea</strong></span> <span class='ocrx_word' id='word_1_240' title='bbox 1746 212 1811 230; x_wconf 84' lang='lat' dir='ltr'><strong>vero</strong></span> 
     </span>
    </p>
   </div>
   <div class='ocr_carea' id='block_1_34' title="bbox 1031 242 1811 280">
    <p class='ocr_par' dir='ltr' id='par_1_34' title="bbox 1031 242 1811 280">
     <span class='ocr_line' id='line_1_34' title="bbox 1031 242 1811 280; baseline 0.012 -12"><span class='ocrx_word' id='word_1_241' title='bbox 1031 245 1147 275; x_wconf 82' lang='lat' dir='ltr'><strong>utraque</strong></span> <span class='ocrx_word' id='word_1_242' title='bbox 1173 247 1200 270; x_wconf 86' lang='lat' dir='ltr'><strong>et</strong></span> <span class='ocrx_word' id='word_1_243' title='bbox 1223 242 1338 272; x_wconf 64' lang='lat' dir='ltr'><strong>Eliensi</strong></span> <span class='ocrx_word' id='word_1_244' title='bbox 1368 250 1395 272; x_wconf 87' lang='lat' dir='ltr'><strong>et</strong></span> <span class='ocrx_word' id='word_1_245' title='bbox 1419 245 1720 280; x_wconf 85' lang='lat' dir='ltr'><strong>Constantinopolitaua</strong></span> <span class='ocrx_word' id='word_1_246' title='bbox 1745 250 1811 277; x_wconf 87' lang='lat' dir='ltr'><strong>sede</strong></span> 
     </span>
    </p>
   </div>
   <div class='ocr_carea' id='block_1_35' title="bbox 1029 287 1809 325">
    <p class='ocr_par' dir='ltr' id='par_1_35' title="bbox 1029 287 1809 325">
     <span class='ocr_line' id='line_1_35' title="bbox 1029 287 1809 325; baseline 0.012 -12"><span class='ocrx_word' id='word_1_247' title='bbox 1029 287 1198 322; x_wconf 87' lang='lat' dir='ltr'><strong>posthabita,</strong></span> <span class='ocrx_word' id='word_1_248' title='bbox 1219 289 1365 317; x_wconf 80' lang='lat' dir='ltr'><strong>Dositlteus</strong></span> <span class='ocrx_word' id='word_1_249' title='bbox 1384 293 1509 325; x_wconf 87' lang='lat' dir='ltr'><strong>privatus</strong></span> <span class='ocrx_word' id='word_1_250' title='bbox 1541 293 1609 320; x_wconf 84' lang='lat' dir='ltr'><strong>vixit</strong></span> <span class='ocrx_word' id='word_1_251' title='bbox 1631 299 1658 321; x_wconf 89' lang='lat' dir='ltr'><strong>et</strong></span> <span class='ocrx_word' id='word_1_252' title='bbox 1682 295 1809 322; x_wconf 77' lang='lat' dir='ltr'><strong>decessit.</strong></span> 
     </span>
    </p>
   </div>
   <div class='ocr_carea' id='block_1_36' title="bbox 1032 332 1811 371">
    <p class='ocr_par' dir='ltr' id='par_1_36' title="bbox 1032 332 1811 371">
     <span class='ocr_line' id='line_1_36' title="bbox 1032 332 1811 371; baseline 0.012 -12"><span class='ocrx_word' id='word_1_253' title='bbox 1032 332 1095 360; x_wconf 56' lang='lat' dir='ltr'><strong>Haec</strong></span> <span class='ocrx_word' id='word_1_254' title='bbox 1120 334 1309 369; x_wconf 85' lang='lat' dir='ltr'><strong>superioribus</strong></span> <span class='ocrx_word' id='word_1_255' title='bbox 1338 337 1509 371; x_wconf 87' lang='lat' dir='ltr'><strong>temporibus</strong></span> <span class='ocrx_word' id='word_1_256' title='bbox 1537 344 1600 366; x_wconf 88' lang='lat' dir='ltr'><strong>sunt</strong></span> <span class='ocrx_word' id='word_1_257' title='bbox 1628 345 1698 367; x_wconf 81' lang='lat' dir='ltr'><strong>aeta.</strong></span> <span class='ocrx_word' id='word_1_258' title='bbox 1720 340 1811 369; x_wconf 65' lang='lat' dir='ltr'><strong>Etate</strong></span> 
     </span>
    </p>
   </div>
   <div class='ocr_carea' id='block_1_37' title="bbox 1027 382 1810 418">
    <p class='ocr_par' dir='ltr' id='par_1_37' title="bbox 1027 382 1810 418">
     <span class='ocr_line' id='line_1_37' title="bbox 1027 382 1810 418; baseline 0.009 -12"><span class='ocrx_word' id='word_1_259' title='bbox 1027 387 1092 407; x_wconf 83' lang='lat' dir='ltr'><strong>vero</strong></span> <span class='ocrx_word' id='word_1_260' title='bbox 1109 388 1168 407; x_wconf 91' lang='lat' dir='ltr'><strong>mea</strong></span> <span class='ocrx_word' id='word_1_261' title='bbox 1184 386 1302 416; x_wconf 88' lang='lat' dir='ltr'><strong>quatuor</strong></span> <span class='ocrx_word' id='word_1_262' title='bbox 1319 382 1477 410; x_wconf 85' lang='lat' dir='ltr'><strong>sublimium</strong></span> <span class='ocrx_word' id='word_1_263' title='bbox 1494 385 1600 412; x_wconf 80' lang='lat' dir='ltr'><strong>sodium</strong></span> <span class='ocrx_word' id='word_1_264' title='bbox 1615 386 1764 418; x_wconf 86' lang='lat' dir='ltr'><strong>antistites,</strong></span> <span class='ocrx_word' id='word_1_265' title='bbox 1777 394 1810 413; x_wconf 82' lang='lat' dir='ltr'><strong>ex</strong></span> 
     </span>
    </p>
   </div>
   <div class='ocr_carea' id='block_1_38' title="bbox 1027 424 1810 462">
    <p class='ocr_par' dir='ltr' id='par_1_38' title="bbox 1027 424 1810 462">
     <span class='ocr_line' id='line_1_38' title="bbox 1027 424 1810 462; baseline 0.011 -13"><span class='ocrx_word' id='word_1_266' title='bbox 1027 424 1216 455; x_wconf 85' lang='lat' dir='ltr'><strong>translatione,</strong></span> <span class='ocrx_word' id='word_1_267' title='bbox 1235 425 1363 453; x_wconf 70' lang='lat' dir='ltr'><strong>Ecclesia:</strong></span> <span class='ocrx_word' id='word_1_268' title='bbox 1379 427 1461 454; x_wconf 82' lang='lat' dir='ltr'><strong>rebus</strong></span> <span class='ocrx_word' id='word_1_269' title='bbox 1478 436 1593 462; x_wconf 69' lang='lat' dir='ltr'><strong>prmesse</strong></span> <span class='ocrx_word' id='word_1_270' title='bbox 1610 431 1734 457; x_wconf 79' lang='lat' dir='ltr'><strong>utemini.</strong></span> <span class='ocrx_word' id='word_1_271' title='bbox 1747 431 1810 458; x_wconf 70' lang='lat' dir='ltr'><strong>POnl.</strong></span> 
     </span>
    </p>
   </div>
   <div class='ocr_carea' id='block_1_39' title="bbox 1027 470 1810 510">
    <p class='ocr_par' dir='ltr' id='par_1_39' title="bbox 1027 470 1810 510">
     <span class='ocr_line' id='line_1_39' title="bbox 1027 470 1810 510; baseline 0.011 -16"><span class='ocrx_word' id='word_1_272' title='bbox 1027 475 1154 502; x_wconf 80' lang='lat' dir='ltr'><strong>magnum</strong></span> <span class='ocrx_word' id='word_1_273' title='bbox 1170 470 1243 496; x_wconf 88' lang='lat' dir='ltr'><strong>enim</strong></span> <span class='ocrx_word' id='word_1_274' title='bbox 1262 471 1406 498; x_wconf 88' lang='lat' dir='ltr'><strong>Arsenium</strong></span> <span class='ocrx_word' id='word_1_275' title='bbox 1427 472 1503 500; x_wconf 89' lang='lat' dir='ltr'><strong>illum</strong></span> <span class='ocrx_word' id='word_1_276' title='bbox 1530 475 1703 509; x_wconf 81' lang='lat' dir='ltr'><strong>Nicephorus</strong></span> <span class='ocrx_word' id='word_1_277' title='bbox 1720 476 1810 510; x_wconf 84' lang='lat' dir='ltr'><strong>Ephe-</strong></span> 
     </span>
    </p>
   </div>
   <div class='ocr_carea' id='block_1_40' title="bbox 1026 513 1810 552">
    <p class='ocr_par' dir='ltr' id='par_1_40' title="bbox 1026 513 1810 552">
     <span class='ocr_line' id='line_1_40' title="bbox 1026 513 1810 552; baseline 0.013 -14"><span class='ocrx_word' id='word_1_278' title='bbox 1026 513 1085 540; x_wconf 82' lang='lat' dir='ltr'><strong>sius</strong></span> <span class='ocrx_word' id='word_1_279' title='bbox 1114 518 1139 540; x_wconf 90' lang='lat' dir='ltr'><strong>et</strong></span> <span class='ocrx_word' id='word_1_280' title='bbox 1155 514 1308 544; x_wconf 86' lang='lat' dir='ltr'><strong>Germanus</strong></span> <span class='ocrx_word' id='word_1_281' title='bbox 1328 517 1586 552; x_wconf 79' lang='lat' dir='ltr'><strong>Adrianopolitanus</strong></span> <span class='ocrx_word' id='word_1_282' title='bbox 1610 521 1636 546; x_wconf 90' lang='lat' dir='ltr'><strong>in</strong></span> <span class='ocrx_word' id='word_1_283' title='bbox 1651 521 1810 548; x_wconf 86' lang='lat' dir='ltr'><strong>Constanti-</strong></span> 
     </span>
    </p>
   </div>
   <div class='ocr_carea' id='block_1_41' title="bbox 1025 560 1808 600">
    <p class='ocr_par' dir='ltr' id='par_1_41' title="bbox 1025 560 1808 600">
     <span class='ocr_line' id='line_1_41' title="bbox 1025 560 1808 600; baseline 0.01 -15"><span class='ocrx_word' id='word_1_284' title='bbox 1025 560 1212 593; x_wconf 80' lang='lat' dir='ltr'><strong>nopolilanam</strong></span> <span class='ocrx_word' id='word_1_285' title='bbox 1229 561 1379 591; x_wconf 86' lang='lat' dir='ltr'><strong>Ecclesiam</strong></span> <span class='ocrx_word' id='word_1_286' title='bbox 1403 569 1467 591; x_wconf 89' lang='lat' dir='ltr'><strong>sunt</strong></span> <span class='ocrx_word' id='word_1_287' title='bbox 1484 565 1638 593; x_wconf 82' lang='lat' dir='ltr'><strong>transmissi</strong></span> <span class='ocrx_word' id='word_1_288' title='bbox 1659 566 1708 600; x_wconf 83' lang='grc'><strong>(1).</strong></span> <span class='ocrx_word' id='word_1_289' title='bbox 1724 567 1808 594; x_wconf 81' lang='grc' dir='ltr'><strong>Μιιίιο</strong></span> 
     </span>
    </p>
   </div>
   <div class='ocr_carea' id='block_1_42' title="bbox 1024 606 1808 647">
    <p class='ocr_par' dir='ltr' id='par_1_42' title="bbox 1024 606 1808 647">
     <span class='ocr_line' id='line_1_42' title="bbox 1024 606 1808 647; baseline 0.01 -15"><span class='ocrx_word' id='word_1_290' title='bbox 1024 606 1125 634; x_wconf 78' lang='lat' dir='ltr'><strong>deinde</strong></span> <span class='ocrx_word' id='word_1_291' title='bbox 1145 611 1217 642; x_wconf 68' lang='lat' dir='ltr'><strong>post,</strong></span> <span class='ocrx_word' id='word_1_292' title='bbox 1238 608 1392 643; x_wconf 85' lang='lat' dir='ltr'><strong>Niphonem</strong></span> <span class='ocrx_word' id='word_1_293' title='bbox 1417 611 1497 637; x_wconf 80' lang='lat' dir='ltr'><strong>etiam</strong></span> <span class='ocrx_word' id='word_1_294' title='bbox 1517 619 1548 638; x_wconf 77' lang='lat' dir='ltr'><strong>rx</strong></span> <span class='ocrx_word' id='word_1_295' title='bbox 1568 612 1736 647; x_wconf 69' lang='lat' dir='ltr'><strong>Hellesponti</strong></span> <span class='ocrx_word' id='word_1_296' title='bbox 1757 614 1808 644; x_wconf 82' lang='lat' dir='ltr'><strong>Cv-</strong></span> 
     </span>
    </p>
   </div>
   <div class='ocr_carea' id='block_1_43' title="bbox 1025 651 1807 686">
    <p class='ocr_par' dir='ltr' id='par_1_43' title="bbox 1025 651 1807 686">
     <span class='ocr_line' id='line_1_43' title="bbox 1025 651 1807 686; baseline 0.012 -9"><span class='ocrx_word' id='word_1_297' title='bbox 1025 651 1084 678; x_wconf 80' lang='lat' dir='ltr'><strong>zico</strong></span> <span class='ocrx_word' id='word_1_298' title='bbox 1107 653 1134 678; x_wconf 90' lang='lat' dir='ltr'><strong>in</strong></span> <span class='ocrx_word' id='word_1_299' title='bbox 1160 653 1284 680; x_wconf 82' lang='lat' dir='ltr'><strong>eamdem</strong></span> <span class='ocrx_word' id='word_1_300' title='bbox 1309 654 1458 682; x_wconf 88' lang='lat' dir='ltr'><strong>Ecclesiam</strong></span> <span class='ocrx_word' id='word_1_301' title='bbox 1484 656 1632 684; x_wconf 87' lang='lat' dir='ltr'><strong>deductum</strong></span> <span class='ocrx_word' id='word_1_302' title='bbox 1658 666 1719 685; x_wconf 87' lang='lat' dir='ltr'><strong>esse</strong></span> <span class='ocrx_word' id='word_1_303' title='bbox 1737 659 1807 686; x_wconf 87' lang='lat' dir='ltr'><strong>vidi-</strong></span> 
     </span>
    </p>
   </div>
   <div class='ocr_carea' id='block_1_44' title="bbox 1024 698 1805 737">
    <p class='ocr_par' dir='ltr' id='par_1_44' title="bbox 1024 698 1805 737">
     <span class='ocr_line' id='line_1_44' title="bbox 1024 698 1805 737; baseline 0.012 -14"><span class='ocrx_word' id='word_1_304' title='bbox 1024 704 1095 724; x_wconf 88' lang='lat' dir='ltr'><strong>mus.</strong></span> <span class='ocrx_word' id='word_1_305' title='bbox 1113 698 1264 726; x_wconf 77' lang='lat' dir='ltr'><strong>Athanasio</strong></span> <span class='ocrx_word' id='word_1_306' title='bbox 1282 707 1392 735; x_wconf 83' lang='lat' dir='ltr'><strong>quoque</strong></span> <span class='ocrx_word' id='word_1_307' title='bbox 1411 701 1608 735; x_wconf 80' lang='lat' dir='ltr'><strong>Alexandrino,</strong></span> <span class='ocrx_word' id='word_1_308' title='bbox 1630 704 1674 737; x_wconf 93' lang='lat' dir='ltr'><strong>qui</strong></span> <span class='ocrx_word' id='word_1_309' title='bbox 1692 703 1805 732; x_wconf 76' lang='lat' dir='ltr'><strong>Nicolao</strong></span> 
     </span>
    </p>
   </div>
   <div class='ocr_carea' id='block_1_45' title="bbox 1024 743 1806 784">
    <p class='ocr_par' dir='ltr' id='par_1_45' title="bbox 1024 743 1806 784">
     <span class='ocr_line' id='line_1_45' title="bbox 1024 743 1806 784; baseline 0.009 -15"><span class='ocrx_word' id='word_1_310' title='bbox 1024 748 1197 770; x_wconf 80' lang='lat' dir='ltr'><strong>successerat</strong></span> <span class='ocrx_word' id='word_1_311' title='bbox 1208 764 1214 776; x_wconf 87' lang='lat'><strong>,</strong></span> <span class='ocrx_word' id='word_1_312' title='bbox 1226 743 1373 780; x_wconf 76' lang='lat' dir='ltr'><strong>Gregorius</strong></span> <span class='ocrx_word' id='word_1_313' title='bbox 1386 745 1494 781; x_wconf 60' lang='grc' dir='ltr'><strong>ΕΒΗ)ιί</strong></span> <span class='ocrx_word' id='word_1_314' title='bbox 1511 747 1659 783; x_wconf 84' lang='lat' dir='ltr'><strong>episcopus</strong></span> <span class='ocrx_word' id='word_1_315' title='bbox 1673 749 1806 784; x_wconf 80' lang='lat' dir='ltr'><strong>subroga-</strong></span> 
     </span>
    </p>
   </div>
   <div class='ocr_carea' id='block_1_46' title="bbox 1025 790 1804 829">
    <p class='ocr_par' dir='ltr' id='par_1_46' title="bbox 1025 790 1804 829">
     <span class='ocr_line' id='line_1_46' title="bbox 1025 790 1804 829; baseline 0.009 -13"><span class='ocrx_word' id='word_1_316' title='bbox 1025 793 1069 816; x_wconf 85' lang='lat' dir='ltr'><strong>tus</strong></span> <span class='ocrx_word' id='word_1_317' title='bbox 1092 795 1146 817; x_wconf 88' lang='lat' dir='ltr'><strong>est.</strong></span> <span class='ocrx_word' id='word_1_318' title='bbox 1171 790 1323 818; x_wconf 73' lang='lat' dir='ltr'><strong>Antiochiae</strong></span> <span class='ocrx_word' id='word_1_319' title='bbox 1350 799 1416 818; x_wconf 88' lang='lat' dir='ltr'><strong>vero</strong></span> <span class='ocrx_word' id='word_1_320' title='bbox 1444 798 1564 827; x_wconf 80' lang='lat' dir='ltr'><strong>quatuor</strong></span> <span class='ocrx_word' id='word_1_321' title='bbox 1592 801 1641 828; x_wconf 85' lang='lat' dir='ltr'><strong>per</strong></span> <span class='ocrx_word' id='word_1_322' title='bbox 1669 795 1804 829; x_wconf 80' lang='lat' dir='ltr'><strong>ejusmodi</strong></span> 
     </span>
    </p>
   </div>
   <div class='ocr_carea' id='block_1_47' title="bbox 1025 835 1804 872">
    <p class='ocr_par' dir='ltr' id='par_1_47' title="bbox 1025 835 1804 872">
     <span class='ocr_line' id='line_1_47' title="bbox 1025 835 1804 872; baseline 0.012 -11"><span class='ocrx_word' id='word_1_323' title='bbox 1025 835 1229 863; x_wconf 79' lang='lat' dir='ltr'><strong>translationem</strong></span> <span class='ocrx_word' id='word_1_324' title='bbox 1247 837 1391 872; x_wconf 79' lang='lat' dir='ltr'><strong>episcopos</strong></span> <span class='ocrx_word' id='word_1_325' title='bbox 1402 840 1567 868; x_wconf 85' lang='lat' dir='ltr'><strong>successisse</strong></span> <span class='ocrx_word' id='word_1_326' title='bbox 1581 842 1655 868; x_wconf 91' lang='lat' dir='ltr'><strong>novi.</strong></span> <span class='ocrx_word' id='word_1_327' title='bbox 1672 841 1736 869; x_wconf 88' lang='lat' dir='ltr'><strong>Post</strong></span> <span class='ocrx_word' id='word_1_328' title='bbox 1753 842 1804 869; x_wconf 88' lang='lat' dir='ltr'><strong>Eu-</strong></span> 
     </span>
    </p>
   </div>
   <div class='ocr_carea' id='block_1_48' title="bbox 1025 881 1806 920">
    <p class='ocr_par' dir='ltr' id='par_1_48' title="bbox 1025 881 1806 920">
     <span class='ocr_line' id='line_1_48' title="bbox 1025 881 1806 920; baseline 0.014 -14"><span class='ocrx_word' id='word_1_329' title='bbox 1025 881 1156 916; x_wconf 84' lang='lat' dir='ltr'><strong>thymium</strong></span> <span class='ocrx_word' id='word_1_330' title='bbox 1181 890 1297 917; x_wconf 89' lang='lat' dir='ltr'><strong>namque</strong></span> <span class='ocrx_word' id='word_1_331' title='bbox 1328 891 1361 911; x_wconf 77' lang='lat' dir='ltr'><strong>ex</strong></span> <span class='ocrx_word' id='word_1_332' title='bbox 1386 884 1487 920; x_wconf 84' lang='lat' dir='ltr'><strong>Tripoli</strong></span> <span class='ocrx_word' id='word_1_333' title='bbox 1510 886 1642 915; x_wconf 80' lang='lat' dir='ltr'><strong>Arsenius</strong></span> <span class='ocrx_word' id='word_1_334' title='bbox 1663 890 1806 917; x_wconf 81' lang='lat' dir='ltr'><strong>transmis-</strong></span> 
     </span>
    </p>
   </div>
   <div class='ocr_carea' id='block_1_49' title="bbox 1023 928 1805 970">
    <p class='ocr_par' dir='ltr' id='par_1_49' title="bbox 1023 928 1805 970">
     <span class='ocr_line' id='line_1_49' title="bbox 1023 928 1805 970; baseline 0.01 -16"><span class='ocrx_word' id='word_1_335' title='bbox 1023 935 1071 954; x_wconf 87' lang='lat' dir='ltr'><strong>sus</strong></span> <span class='ocrx_word' id='word_1_336' title='bbox 1092 928 1184 956; x_wconf 85' lang='lat' dir='ltr'><strong>sedem</strong></span> <span class='ocrx_word' id='word_1_337' title='bbox 1207 937 1267 956; x_wconf 90' lang='lat' dir='ltr'><strong>eam</strong></span> <span class='ocrx_word' id='word_1_338' title='bbox 1291 931 1407 958; x_wconf 84' lang='lat' dir='ltr'><strong>sortitus</strong></span> <span class='ocrx_word' id='word_1_339' title='bbox 1424 936 1476 959; x_wconf 88' lang='lat' dir='ltr'><strong>est.</strong></span> <span class='ocrx_word' id='word_1_340' title='bbox 1499 932 1549 959; x_wconf 89' lang='lat' dir='ltr'><strong>Cui</strong></span> <span class='ocrx_word' id='word_1_341' title='bbox 1573 933 1690 969; x_wconf 87' lang='lat' dir='ltr'><strong>Cyrillus</strong></span> <span class='ocrx_word' id='word_1_342' title='bbox 1705 935 1805 970; x_wconf 75' lang='lat' dir='ltr'><strong>Tyrius</strong></span> 
     </span>
    </p>
   </div>
   <div class='ocr_carea' id='block_1_50' title="bbox 1023 975 1803 1016">
    <p class='ocr_par' dir='ltr' id='par_1_50' title="bbox 1023 975 1803 1016">
     <span class='ocr_line' id='line_1_50' title="bbox 1023 975 1803 1016; baseline 0.012 -16"><span class='ocrx_word' id='word_1_343' title='bbox 1023 975 1166 1002; x_wconf 82' lang='lat' dir='ltr'><strong>successit.</strong></span> <span class='ocrx_word' id='word_1_344' title='bbox 1177 975 1266 1010; x_wconf 84' lang='lat' dir='ltr'><strong>Atque</strong></span> <span class='ocrx_word' id='word_1_345' title='bbox 1279 976 1343 1004; x_wconf 88' lang='lat' dir='ltr'><strong>huic</strong></span> <span class='ocrx_word' id='word_1_346' title='bbox 1356 977 1626 1013; x_wconf 82' lang='lat' dir='ltr'><strong>Pompeiopolitanus</strong></span> <span class='ocrx_word' id='word_1_347' title='bbox 1638 981 1783 1016; x_wconf 77' lang='lat' dir='ltr'><strong>Dionysius</strong></span> <span class='ocrx_word' id='word_1_348' title='bbox 1797 991 1803 1009; x_wconf 91' lang='lat'><strong>:</strong></span> 
     </span>
    </p>
   </div>
   <div class='ocr_carea' id='block_1_51' title="bbox 1023 1019 1807 1061">
    <p class='ocr_par' dir='ltr' id='par_1_51' title="bbox 1023 1019 1807 1061">
     <span class='ocr_line' id='line_1_51' title="bbox 1023 1019 1807 1061; baseline 0.011 -15"><span class='ocrx_word' id='word_1_349' title='bbox 1023 1019 1154 1056; x_wconf 75' lang='lat' dir='ltr'><strong>Dionysio</strong></span> <span class='ocrx_word' id='word_1_350' title='bbox 1180 1030 1275 1050; x_wconf 88' lang='lat' dir='ltr'><strong>rursus</strong></span> <span class='ocrx_word' id='word_1_351' title='bbox 1290 1023 1410 1059; x_wconf 79' lang='lat' dir='ltr'><strong>Cyrillus</strong></span> <span class='ocrx_word' id='word_1_352' title='bbox 1427 1026 1509 1058; x_wconf 87' lang='lat' dir='ltr'><strong>alius,</strong></span> <span class='ocrx_word' id='word_1_353' title='bbox 1524 1027 1570 1061; x_wconf 88' lang='lat' dir='ltr'><strong>qui</strong></span> <span class='ocrx_word' id='word_1_354' title='bbox 1593 1027 1724 1061; x_wconf 75' lang='lat' dir='ltr'><strong>deinceps</strong></span> <span class='ocrx_word' id='word_1_355' title='bbox 1745 1036 1807 1056; x_wconf 92' lang='lat' dir='ltr'><strong>suc-</strong></span> 
     </span>
    </p>
   </div>
   <div class='ocr_carea' id='block_1_52' title="bbox 1024 1066 1807 1106">
    <p class='ocr_par' dir='ltr' id='par_1_52' title="bbox 1024 1066 1807 1106">
     <span class='ocr_line' id='line_1_52' title="bbox 1024 1066 1807 1106; baseline 0.009 -14"><span class='ocrx_word' id='word_1_356' title='bbox 1024 1073 1160 1093; x_wconf 88' lang='lat' dir='ltr'><strong>cessorem</strong></span> <span class='ocrx_word' id='word_1_357' title='bbox 1177 1066 1272 1094; x_wconf 87' lang='lat' dir='ltr'><strong>habuit</strong></span> <span class='ocrx_word' id='word_1_358' title='bbox 1286 1068 1390 1095; x_wconf 89' lang='lat' dir='ltr'><strong>clarum</strong></span> <span class='ocrx_word' id='word_1_359' title='bbox 1409 1069 1485 1096; x_wconf 91' lang='lat' dir='ltr'><strong>illum</strong></span> <span class='ocrx_word' id='word_1_360' title='bbox 1505 1071 1662 1105; x_wconf 86' lang='lat' dir='ltr'><strong>Dionysium</strong></span> <span class='ocrx_word' id='word_1_361' title='bbox 1681 1072 1807 1106; x_wconf 89' lang='lat' dir='ltr'><strong>Mopsue-</strong></span> 
     </span>
    </p>
   </div>
   <div class='ocr_carea' id='block_1_53' title="bbox 1024 1112 1802 1152">
    <p class='ocr_par' dir='ltr' id='par_1_53' title="bbox 1024 1112 1802 1152">
     <span class='ocr_line' id='line_1_53' title="bbox 1024 1112 1802 1152; baseline 0.009 -15"><span class='ocrx_word' id='word_1_362' title='bbox 1024 1112 1170 1145; x_wconf 69' lang='lat' dir='ltr'><strong>stienscm,</strong></span> <span class='ocrx_word' id='word_1_363' title='bbox 1200 1117 1281 1147; x_wconf 78' lang='lat' dir='ltr'><strong>atque</strong></span> <span class='ocrx_word' id='word_1_364' title='bbox 1298 1114 1340 1140; x_wconf 87' lang='lat' dir='ltr'><strong>hic</strong></span> <span class='ocrx_word' id='word_1_365' title='bbox 1355 1123 1463 1142; x_wconf 89' lang='lat' dir='ltr'><strong>rursum</strong></span> <span class='ocrx_word' id='word_1_366' title='bbox 1479 1116 1663 1150; x_wconf 84' lang='lat' dir='ltr'><strong>Sophroniqu</strong></span> <span class='ocrx_word' id='word_1_367' title='bbox 1679 1118 1802 1152; x_wconf 81' lang='lat' dir='ltr'><strong>Tyrium.</strong></span> 
     </span>
    </p>
   </div>
   <div class='ocr_carea' id='block_1_54' title="bbox 1024 1158 1804 1195">
    <p class='ocr_par' dir='ltr' id='par_1_54' title="bbox 1024 1158 1804 1195">
     <span class='ocr_line' id='line_1_54' title="bbox 1024 1158 1804 1195; baseline 0.009 -11"><span class='ocrx_word' id='word_1_368' title='bbox 1024 1158 1218 1194; x_wconf 79' lang='lat' dir='ltr'><strong>Hierosolymis</strong></span> <span class='ocrx_word' id='word_1_369' title='bbox 1235 1159 1329 1187; x_wconf 78' lang='lat' dir='ltr'><strong>itidem</strong></span> <span class='ocrx_word' id='word_1_370' title='bbox 1348 1160 1417 1188; x_wconf 89' lang='lat' dir='ltr'><strong>duos</strong></span> <span class='ocrx_word' id='word_1_371' title='bbox 1439 1168 1487 1195; x_wconf 88' lang='lat' dir='ltr'><strong>per</strong></span> <span class='ocrx_word' id='word_1_372' title='bbox 1505 1163 1713 1190; x_wconf 85' lang='lat' dir='ltr'><strong>translationem</strong></span> <span class='ocrx_word' id='word_1_373' title='bbox 1741 1172 1804 1191; x_wconf 91' lang='lat' dir='ltr'><strong>suc-</strong></span> 
     </span>
    </p>
   </div>
   <div class='ocr_carea' id='block_1_55' title="bbox 1023 1205 1804 1242">
    <p class='ocr_par' dir='ltr' id='par_1_55' title="bbox 1023 1205 1804 1242">
     <span class='ocr_line' id='line_1_55' title="bbox 1023 1205 1804 1242; baseline 0.009 -12"><span class='ocrx_word' id='word_1_374' title='bbox 1023 1205 1139 1231; x_wconf 87' lang='lat' dir='ltr'><strong>cessisse</strong></span> <span class='ocrx_word' id='word_1_375' title='bbox 1164 1205 1292 1232; x_wconf 87' lang='lat' dir='ltr'><strong>vidimus.</strong></span> <span class='ocrx_word' id='word_1_376' title='bbox 1311 1206 1388 1241; x_wconf 82' lang='lat'><strong>531</strong></span> <span class='ocrx_word' id='word_1_377' title='bbox 1407 1207 1473 1234; x_wconf 87' lang='lat' dir='ltr'><strong>Nam</strong></span> <span class='ocrx_word' id='word_1_378' title='bbox 1490 1207 1645 1242; x_wconf 89' lang='lat' dir='ltr'><strong>Sophronio</strong></span> <span class='ocrx_word' id='word_1_379' title='bbox 1662 1209 1804 1241; x_wconf 79' lang='lat' dir='ltr'><strong>defuncto,</strong></span> 
     </span>
    </p>
   </div>
   <div class='ocr_carea' id='block_1_56' title="bbox 1024 1249 1805 1291">
    <p class='ocr_par' dir='ltr' id='par_1_56' title="bbox 1024 1249 1805 1291">
     <span class='ocr_line' id='line_1_56' title="bbox 1024 1249 1805 1291; baseline 0.01 -16"><span class='ocrx_word' id='word_1_380' title='bbox 1024 1249 1050 1276; x_wconf 91' lang='lat' dir='ltr'><strong>in</strong></span> <span class='ocrx_word' id='word_1_381' title='bbox 1069 1250 1155 1276; x_wconf 81' lang='lat' dir='ltr'><strong>locum</strong></span> <span class='ocrx_word' id='word_1_382' title='bbox 1181 1252 1242 1286; x_wconf 91' lang='lat' dir='ltr'><strong>ejus</strong></span> <span class='ocrx_word' id='word_1_383' title='bbox 1265 1252 1432 1280; x_wconf 81' lang='lat' dir='ltr'><strong>Athanasius</strong></span> <span class='ocrx_word' id='word_1_384' title='bbox 1448 1252 1577 1281; x_wconf 59' lang='grc' dir='ltr'>(ἔπεσι-οπο</span> <span class='ocrx_word' id='word_1_385' title='bbox 1602 1255 1720 1290; x_wconf 87' lang='lat' dir='ltr'><strong>Philippi</strong></span> <span class='ocrx_word' id='word_1_386' title='bbox 1744 1259 1805 1291; x_wconf 85' lang='lat' dir='ltr'><strong>epi-</strong></span> 
     </span>
    </p>
   </div>
   <div class='ocr_carea' id='block_1_57' title="bbox 1023 1297 1803 1336">
    <p class='ocr_par' dir='ltr' id='par_1_57' title="bbox 1023 1297 1803 1336">
     <span class='ocr_line' id='line_1_57' title="bbox 1023 1297 1803 1336; baseline 0.012 -15"><span class='ocrx_word' id='word_1_387' title='bbox 1023 1303 1123 1330; x_wconf 85' lang='lat' dir='ltr'><strong>scopus</strong></span> <span class='ocrx_word' id='word_1_388' title='bbox 1137 1297 1271 1325; x_wconf 83' lang='lat' dir='ltr'><strong>sulIcctus</strong></span> <span class='ocrx_word' id='word_1_389' title='bbox 1285 1303 1337 1326; x_wconf 87' lang='lat' dir='ltr'><strong>est.</strong></span> <span class='ocrx_word' id='word_1_390' title='bbox 1351 1298 1436 1332; x_wconf 88' lang='lat' dir='ltr'><strong>Cujus</strong></span> <span class='ocrx_word' id='word_1_391' title='bbox 1451 1300 1544 1327; x_wconf 89' lang='lat' dir='ltr'><strong>sedem</strong></span> <span class='ocrx_word' id='word_1_392' title='bbox 1565 1301 1675 1329; x_wconf 76' lang='lat' dir='ltr'><strong>Gabriel</strong></span> <span class='ocrx_word' id='word_1_393' title='bbox 1691 1303 1803 1336; x_wconf 80' lang='lat' dir='ltr'><strong>quidam</strong></span> 
     </span>
    </p>
   </div>
   <div class='ocr_carea' id='block_1_58' title="bbox 1022 1342 1805 1383">
    <p class='ocr_par' dir='ltr' id='par_1_58' title="bbox 1022 1342 1805 1383">
     <span class='ocr_line' id='line_1_58' title="bbox 1022 1342 1805 1383; baseline 0.013 -15"><span class='ocrx_word' id='word_1_394' title='bbox 1022 1342 1153 1369; x_wconf 65' lang='lat' dir='ltr'><strong>Caesarem</strong></span> <span class='ocrx_word' id='word_1_395' title='bbox 1170 1342 1301 1378; x_wconf 79' lang='lat' dir='ltr'><strong>Philippi,</strong></span> <span class='ocrx_word' id='word_1_396' title='bbox 1318 1349 1346 1371; x_wconf 90' lang='lat' dir='ltr'><strong>et</strong></span> <span class='ocrx_word' id='word_1_397' title='bbox 1363 1345 1421 1379; x_wconf 90' lang='lat' dir='ltr'><strong>ipse</strong></span> <span class='ocrx_word' id='word_1_398' title='bbox 1436 1354 1525 1380; x_wconf 87' lang='lat' dir='ltr'><strong>nuper</strong></span> <span class='ocrx_word' id='word_1_399' title='bbox 1537 1348 1684 1383; x_wconf 82' lang='lat' dir='ltr'><strong>episcopus</strong></span> <span class='ocrx_word' id='word_1_400' title='bbox 1703 1357 1805 1378; x_wconf 66' lang='lat' dir='ltr'><strong>renum</strong></span> 
     </span>
    </p>
   </div>
   <div class='ocr_carea' id='block_1_59' title="bbox 1023 1388 1802 1431">
    <p class='ocr_par' dir='ltr' id='par_1_59' title="bbox 1023 1388 1802 1431">
     <span class='ocr_line' id='line_1_59' title="bbox 1023 1388 1802 1431; baseline 0.014 -18"><span class='ocrx_word' id='word_1_401' title='bbox 1023 1388 1115 1419; x_wconf 86' lang='lat' dir='ltr'><strong>tiatus,</strong></span> <span class='ocrx_word' id='word_1_402' title='bbox 1130 1389 1192 1416; x_wconf 82' lang='lat' dir='ltr'><strong>dolo</strong></span> <span class='ocrx_word' id='word_1_403' title='bbox 1207 1391 1298 1423; x_wconf 87' lang='lat' dir='ltr'><strong>rapuit</strong></span> <span class='ocrx_word' id='word_1_404' title='bbox 1311 1399 1318 1429; x_wconf 89' lang='lat'><strong>:_</strong></span> <span class='ocrx_word' id='word_1_405' title='bbox 1336 1396 1365 1418; x_wconf 90' lang='lat' dir='ltr'><strong>et</strong></span> <span class='ocrx_word' id='word_1_406' title='bbox 1384 1393 1466 1426; x_wconf 83' lang='lat' dir='ltr'><strong>paulo</strong></span> <span class='ocrx_word' id='word_1_407' title='bbox 1483 1400 1543 1427; x_wconf 86' lang='lat' dir='ltr'><strong>post</strong></span> <span class='ocrx_word' id='word_1_408' title='bbox 1557 1393 1622 1422; x_wconf 79' lang='lat' dir='ltr'><strong>fatis</strong></span> <span class='ocrx_word' id='word_1_409' title='bbox 1636 1397 1802 1431; x_wconf 81' lang='lat' dir='ltr'><strong>concedens,</strong></span> 
     </span>
    </p>
   </div>
   <div class='ocr_carea' id='block_1_60' title="bbox 1023 1433 1802 1476">
    <p class='ocr_par' dir='ltr' id='par_1_60' title="bbox 1023 1433 1802 1476">
     <span class='ocr_line' id='line_1_60' title="bbox 1023 1433 1802 1476; baseline 0.013 -17"><span class='ocrx_word' id='word_1_410' title='bbox 1023 1433 1064 1460; x_wconf 92' lang='lat' dir='ltr'><strong>vel</strong></span> <span class='ocrx_word' id='word_1_411' title='bbox 1080 1433 1182 1461; x_wconf 85' lang='lat' dir='ltr'><strong>invitus</strong></span> <span class='ocrx_word' id='word_1_412' title='bbox 1198 1442 1259 1461; x_wconf 86' lang='lat' dir='ltr'><strong>eam</strong></span> <span class='ocrx_word' id='word_1_413' title='bbox 1280 1443 1375 1464; x_wconf 87' lang='lat' dir='ltr'><strong>rursus</strong></span> <span class='ocrx_word' id='word_1_414' title='bbox 1395 1437 1547 1465; x_wconf 79' lang='lat' dir='ltr'><strong>Athanasio</strong></span> <span class='ocrx_word' id='word_1_415' title='bbox 1571 1440 1655 1474; x_wconf 92' lang='lat' dir='ltr'><strong>priori</strong></span> <span class='ocrx_word' id='word_1_416' title='bbox 1679 1441 1802 1476; x_wconf 87' lang='lat' dir='ltr'><strong>reliquit.</strong></span> 
     </span>
    </p>
   </div>
   <div class='ocr_carea' id='block_1_61' title="bbox 1023 1479 1804 1521">
    <p class='ocr_par' dir='ltr' id='par_1_61' title="bbox 1023 1479 1804 1521">
     <span class='ocr_line' id='line_1_61' title="bbox 1023 1479 1804 1521; baseline 0.013 -16"><span class='ocrx_word' id='word_1_417' title='bbox 1023 1479 1086 1507; x_wconf 61' lang='lat' dir='ltr'><strong>Hac</strong></span> <span class='ocrx_word' id='word_1_418' title='bbox 1100 1481 1133 1506; x_wconf 91' lang='lat' dir='ltr'><strong>de</strong></span> <span class='ocrx_word' id='word_1_419' title='bbox 1157 1481 1349 1516; x_wconf 89' lang='lat' dir='ltr'><strong>episcoporum</strong></span> <span class='ocrx_word' id='word_1_420' title='bbox 1367 1483 1604 1518; x_wconf 79' lang='lat' dir='ltr'><strong>translationibus,</strong></span> <span class='ocrx_word' id='word_1_421' title='bbox 1622 1495 1683 1521; x_wconf 68' lang='lat' dir='ltr'><strong>qua:</strong></span> <span class='ocrx_word' id='word_1_422' title='bbox 1699 1488 1741 1515; x_wconf 86' lang='lat' dir='ltr'><strong>vel</strong></span> <span class='ocrx_word' id='word_1_423' title='bbox 1755 1496 1804 1515; x_wconf 87' lang='lat' dir='ltr'><strong>an-</strong></span> 
     </span>
    </p>
   </div>
   <div class='ocr_carea' id='block_1_62' title="bbox 187 1526 968 1564">
    <p class='ocr_par' dir='ltr' id='par_1_62' title="bbox 187 1527 968 1563">
     <span class='ocr_line' id='line_1_62' title="bbox 187 1527 968 1563; baseline 0.001 -9"><span class='ocrx_word' id='word_1_424' title='bbox 187 1528 233 1554; x_wconf 73' lang='grc' dir='ltr'>καὶ</span> <span class='ocrx_word' id='word_1_425' title='bbox 243 1527 338 1554; x_wconf 83' lang='grc' dir='ltr'>τοῦτον</span> <span class='ocrx_word' id='word_1_426' title='bbox 349 1528 376 1554; x_wconf 80' lang='grc' dir='ltr'>δὲ</span> <span class='ocrx_word' id='word_1_427' title='bbox 390 1529 403 1554; x_wconf 82' lang='grc' dir='ltr'>ὁ</span> <span class='ocrx_word' id='word_1_428' title='bbox 418 1529 465 1563; x_wconf 76' lang='grc' dir='ltr'>τῆς</span> <span class='ocrx_word' id='word_1_429' title='bbox 480 1528 732 1563; x_wconf 78' lang='grc' dir='ltr'>Πομπηΐουπόλεως</span> <span class='ocrx_word' id='word_1_430' title='bbox 749 1527 888 1560; x_wconf 88' lang='grc' dir='ltr'>Διονύσιος</span> <span class='ocrx_word' id='word_1_431' title='bbox 898 1535 905 1543; x_wconf 93' lang='grc'>·</span> <span class='ocrx_word' id='word_1_432' title='bbox 923 1528 968 1555; x_wconf 81' lang='grc' dir='ltr'>τὸν</span> 
     </span>
    </p>
   </div>
   <div class='ocr_carea' id='block_1_63' title="bbox 1021 1526 1802 1564">
    <p class='ocr_par' dir='ltr' id='par_1_63' title="bbox 1023 1526 1802 1564">
     <span class='ocr_line' id='line_1_63' title="bbox 1023 1526 1802 1564; baseline 0.012 -12"><span class='ocrx_word' id='word_1_433' title='bbox 1023 1530 1065 1553; x_wconf 90' lang='lat' dir='ltr'><strong>lea</strong></span> <span class='ocrx_word' id='word_1_434' title='bbox 1083 1526 1124 1553; x_wconf 91' lang='lat' dir='ltr'><strong>vel</strong></span> <span class='ocrx_word' id='word_1_435' title='bbox 1142 1530 1204 1560; x_wconf 86' lang='lat' dir='ltr'><strong>post</strong></span> <span class='ocrx_word' id='word_1_436' title='bbox 1219 1527 1291 1556; x_wconf 80' lang='lat' dir='ltr'><strong>facta</strong></span> <span class='ocrx_word' id='word_1_437' title='bbox 1303 1535 1363 1556; x_wconf 87' lang='lat' dir='ltr'><strong>esse</strong></span> <span class='ocrx_word' id='word_1_438' title='bbox 1376 1530 1502 1564; x_wconf 80' lang='lat' dir='ltr'><strong>cognovi,</strong></span> <span class='ocrx_word' id='word_1_439' title='bbox 1517 1531 1650 1559; x_wconf 86' lang='lat' dir='ltr'><strong>volumini</strong></span> <span class='ocrx_word' id='word_1_440' title='bbox 1668 1533 1733 1560; x_wconf 74' lang='lat' dir='ltr'><strong>huic</strong></span> <span class='ocrx_word' id='word_1_441' title='bbox 1751 1541 1802 1560; x_wconf 92' lang='lat' dir='ltr'><strong>an-</strong></span> 
     </span>
    </p>
   </div>
   <div class='ocr_carea' id='block_1_64' title="bbox 185 1572 971 1609">
    <p class='ocr_par' dir='ltr' id='par_1_64' title="bbox 185 1572 971 1609">
     <span class='ocr_line' id='line_1_64' title="bbox 185 1572 971 1609; baseline 0.001 -9"><span class='ocrx_word' id='word_1_442' title='bbox 185 1575 208 1600; x_wconf 79' lang='lat'><strong>6’</strong></span> <span class='ocrx_word' id='word_1_443' title='bbox 226 1572 302 1605; x_wconf 76' lang='grc' dir='ltr'>αὖθις</span> <span class='ocrx_word' id='word_1_444' title='bbox 330 1573 462 1608; x_wconf 83' lang='grc' dir='ltr'>Κύρι).λος</span> <span class='ocrx_word' id='word_1_445' title='bbox 484 1574 588 1608; x_wconf 72' lang='grc' dir='ltr'>ἕτερος,</span> <span class='ocrx_word' id='word_1_446' title='bbox 617 1574 646 1600; x_wconf 85' lang='grc' dir='ltr'>οὗ</span> <span class='ocrx_word' id='word_1_447' title='bbox 671 1574 792 1609; x_wconf 80' lang='grc' dir='ltr'>διάδοχος</span> <span class='ocrx_word' id='word_1_448' title='bbox 809 1576 822 1601; x_wconf 79' lang='grc' dir='ltr'>ὁ</span> <span class='ocrx_word' id='word_1_449' title='bbox 847 1575 971 1609; x_wconf 75' lang='grc' dir='ltr'>Μοψουε-</span> 
     </span>
    </p>
   </div>
   <div class='ocr_carea' id='block_1_65' title="bbox 186 1617 968 1654">
    <p class='ocr_par' dir='ltr' id='par_1_65' title="bbox 186 1617 968 1654">
     <span class='ocr_line' id='line_1_65' title="bbox 186 1617 968 1654; baseline 0.001 -10"><span class='ocrx_word' id='word_1_450' title='bbox 186 1618 263 1650; x_wconf 79' lang='grc' dir='ltr'>στίας</span> <span class='ocrx_word' id='word_1_451' title='bbox 278 1619 404 1653; x_wconf 70' lang='grc' dir='ltr'>λαμπρὸς</span> <span class='ocrx_word' id='word_1_452' title='bbox 417 1617 572 1648; x_wconf 75' lang='grc' dir='ltr'>Διονύσιος·</span> <span class='ocrx_word' id='word_1_453' title='bbox 587 1618 633 1644; x_wconf 73' lang='grc' dir='ltr'>καὶ</span> <span class='ocrx_word' id='word_1_454' title='bbox 646 1618 741 1644; x_wconf 82' lang='grc' dir='ltr'>τοῦτον</span> <span class='ocrx_word' id='word_1_455' title='bbox 757 1619 838 1646; x_wconf 82' lang='grc' dir='ltr'>πάλιν</span> <span class='ocrx_word' id='word_1_456' title='bbox 853 1621 866 1646; x_wconf 74' lang='grc' dir='ltr'>ὁ</span> <span class='ocrx_word' id='word_1_457' title='bbox 879 1619 968 1654; x_wconf 85' lang='grc' dir='ltr'>Τύρου</span> 
     </span>
    </p>
   </div>
   <div class='ocr_carea' id='block_1_66' title="bbox 186 1663 969 1698">
    <p class='ocr_par' dir='ltr' id='par_1_66' title="bbox 186 1663 969 1698">
     <span class='ocr_line' id='line_1_66' title="bbox 186 1663 969 1698; baseline 0 -7"><span class='ocrx_word' id='word_1_458' title='bbox 186 1665 350 1698; x_wconf 71' lang='grc' dir='ltr'>Σωφρόνιος.</span> <span class='ocrx_word' id='word_1_459' title='bbox 368 1663 507 1694; x_wconf 79' lang='grc' dir='ltr'>Ὡσαύτως</span> <span class='ocrx_word' id='word_1_460' title='bbox 537 1663 564 1690; x_wconf 80' lang='grc' dir='ltr'>δὲ</span> <span class='ocrx_word' id='word_1_461' title='bbox 593 1665 640 1689; x_wconf 69' lang='grc' dir='ltr'>καὶ</span> <span class='ocrx_word' id='word_1_462' title='bbox 662 1665 690 1689; x_wconf 85' lang='grc' dir='ltr'>ἐν</span> <span class='ocrx_word' id='word_1_463' title='bbox 709 1664 911 1698; x_wconf 80' lang='grc' dir='ltr'>Ἰεροσολύμοις</span> <span class='ocrx_word' id='word_1_464' title='bbox 937 1666 969 1691; x_wconf 85' lang='grc' dir='ltr'>ὲκ</span> 
     </span>
    </p>
   </div>
   <div class='ocr_carea' id='block_1_67' title="bbox 190 1709 970 1745">
    <p class='ocr_par' dir='ltr' id='par_1_67' title="bbox 190 1709 970 1745">
     <span class='ocr_line' id='line_1_67' title="bbox 190 1709 970 1745; baseline 0.001 -10"><span class='ocrx_word' id='word_1_465' title='bbox 190 1710 362 1743; x_wconf 77' lang='grc' dir='ltr'>μεταθέσεως</span> <span class='ocrx_word' id='word_1_466' title='bbox 377 1710 423 1735; x_wconf 73' lang='grc' dir='ltr'>δὺο</span> <span class='ocrx_word' id='word_1_467' title='bbox 449 1709 593 1742; x_wconf 82' lang='grc' dir='ltr'>τεθέαμαι.</span> <span class='ocrx_word' id='word_1_468' title='bbox 606 1709 763 1744; x_wconf 82' lang='grc' dir='ltr'>Σωφρονίου</span> <span class='ocrx_word' id='word_1_469' title='bbox 776 1710 830 1745; x_wconf 76' lang='grc' dir='ltr'>γὰρ</span> <span class='ocrx_word' id='word_1_470' title='bbox 844 1711 970 1745; x_wconf 83' lang='grc' dir='ltr'>τελευτή-</span> 
     </span>
    </p>
   </div>
   <div class='ocr_carea' id='block_1_68' title="bbox 187 1754 968 1790">
    <p class='ocr_par' dir='ltr' id='par_1_68' title="bbox 187 1754 968 1790">
     <span class='ocr_line' id='line_1_68' title="bbox 187 1754 968 1790; baseline 0.001 -9"><span class='ocrx_word' id='word_1_471' title='bbox 187 1763 293 1788; x_wconf 70' lang='grc' dir='ltr'>σαντος,</span> <span class='ocrx_word' id='word_1_472' title='bbox 326 1755 339 1781; x_wconf 83' lang='grc' dir='ltr'>ὁ</span> <span class='ocrx_word' id='word_1_473' title='bbox 362 1754 412 1789; x_wconf 81' lang='grc' dir='ltr'>τῆς</span> <span class='ocrx_word' id='word_1_474' title='bbox 440 1754 576 1781; x_wconf 82' lang='grc' dir='ltr'>Φιλίππου</span> <span class='ocrx_word' id='word_1_475' title='bbox 605 1755 774 1790; x_wconf 78' lang='grc' dir='ltr'>Καισαρείας</span> <span class='ocrx_word' id='word_1_476' title='bbox 809 1755 968 1787; x_wconf 79' lang='grc' dir='ltr'>Ἀθανὰσιος</span> 
     </span>
    </p>
   </div>
   <div class='ocr_carea' id='block_1_69' title="bbox 184 1801 968 1837">
    <p class='ocr_par' dir='ltr' id='par_1_69' title="bbox 184 1801 968 1837">
     <span class='ocr_line' id='line_1_69' title="bbox 184 1801 968 1837; baseline 0 -9"><span class='ocrx_word' id='word_1_477' title='bbox 184 1802 305 1836; x_wconf 78' lang='grc' dir='ltr'>διάδοχος</span> <span class='ocrx_word' id='word_1_478' title='bbox 330 1802 446 1834; x_wconf 78' lang='grc' dir='ltr'>γίνεται.</span> <span class='ocrx_word' id='word_1_479' title='bbox 465 1801 502 1827; x_wconf 80' lang='grc' dir='ltr'>Οὔ</span> <span class='ocrx_word' id='word_1_480' title='bbox 519 1801 641 1836; x_wconf 82' lang='grc' dir='ltr'>Γαΰριήλ</span> <span class='ocrx_word' id='word_1_481' title='bbox 666 1810 707 1833; x_wconf 79' lang='grc' dir='ltr'><strong>τις</strong></span> <span class='ocrx_word' id='word_1_482' title='bbox 737 1803 906 1837; x_wconf 72' lang='grc' dir='ltr'>Καισαρείας</span> <span class='ocrx_word' id='word_1_483' title='bbox 920 1803 968 1836; x_wconf 80' lang='grc' dir='ltr'>τῆς</span> 
     </span>
    </p>
   </div>
   <div class='ocr_carea' id='block_1_70' title="bbox 185 1846 966 1883">
    <p class='ocr_par' dir='ltr' id='par_1_70' title="bbox 185 1846 966 1883">
     <span class='ocr_line' id='line_1_70' title="bbox 185 1846 966 1883; baseline 0.001 -10"><span class='ocrx_word' id='word_1_484' title='bbox 185 1848 319 1873; x_wconf 70' lang='grc' dir='ltr'>Φιλίππου</span> <span class='ocrx_word' id='word_1_485' title='bbox 333 1848 379 1873; x_wconf 75' lang='grc' dir='ltr'>καὶ</span> <span class='ocrx_word' id='word_1_486' title='bbox 395 1846 472 1878; x_wconf 78' lang='grc' dir='ltr'>οὗτος</span> <span class='ocrx_word' id='word_1_487' title='bbox 487 1846 582 1881; x_wconf 82' lang='grc' dir='ltr'>πρώην</span> <span class='ocrx_word' id='word_1_488' title='bbox 595 1847 743 1878; x_wconf 70' lang='grc' dir='ltr'>ἐπίσκοπος</span> <span class='ocrx_word' id='word_1_489' title='bbox 756 1848 966 1883; x_wconf 71' lang='grc' dir='ltr'>ἀνακηρυχθεὶς,</span> 
     </span>
    </p>
   </div>
   <div class='ocr_carea' id='block_1_71' title="bbox 185 1893 967 1928">
    <p class='ocr_par' dir='ltr' id='par_1_71' title="bbox 185 1893 967 1928">
     <span class='ocr_line' id='line_1_71' title="bbox 185 1893 967 1928; baseline 0 -9"><span class='ocrx_word' id='word_1_490' title='bbox 185 1893 254 1927; x_wconf 78' lang='grc' dir='ltr'>δόλῳ</span> <span class='ocrx_word' id='word_1_491' title='bbox 270 1893 315 1919; x_wconf 58' lang='grc' dir='ltr'><strong>τὸν</strong></span> <span class='ocrx_word' id='word_1_492' title='bbox 340 1893 435 1928; x_wconf 78' lang='grc' dir='ltr'>θρόνον</span> <span class='ocrx_word' id='word_1_493' title='bbox 454 1893 651 1928; x_wconf 81' lang='grc' dir='ltr'>Ἰεροσολύμων</span> <span class='ocrx_word' id='word_1_494' title='bbox 673 1893 808 1927; x_wconf 81' lang='grc' dir='ltr'><strong>ἁρπάζει·</strong></span> <span class='ocrx_word' id='word_1_495' title='bbox 827 1894 874 1919; x_wconf 67' lang='grc' dir='ltr'><strong>καὶ⁴</strong></span> <span class='ocrx_word' id='word_1_496' title='bbox 900 1893 967 1928; x_wconf 82' lang='grc' dir='ltr'>μετὰ</span> 
     </span>
    </p>
   </div>
   <div class='ocr_carea' id='block_1_72' title="bbox 190 1938 968 1974">
    <p class='ocr_par' dir='ltr' id='par_1_72' title="bbox 190 1938 968 1974">
     <span class='ocr_line' id='line_1_72' title="bbox 190 1938 968 1974; baseline 0 -9"><span class='ocrx_word' id='word_1_497' title='bbox 190 1939 277 1974; x_wconf 74' lang='grc' dir='ltr'>βραχὺ</span> <span class='ocrx_word' id='word_1_498' title='bbox 293 1939 365 1965; x_wconf 85' lang='grc' dir='ltr'>τέλει</span> <span class='ocrx_word' id='word_1_499' title='bbox 388 1938 436 1965; x_wconf 74' lang='grc' dir='ltr'>τοῦ</span> <span class='ocrx_word' id='word_1_500' title='bbox 452 1939 511 1974; x_wconf 79' lang='grc' dir='ltr'>βίου</span> <span class='ocrx_word' id='word_1_501' title='bbox 530 1939 713 1974; x_wconf 75' lang='grc' dir='ltr'>χρησάμενος,</span> <span class='ocrx_word' id='word_1_502' title='bbox 727 1939 766 1973; x_wconf 85' lang='grc' dir='ltr'>τῷ</span> <span class='ocrx_word' id='word_1_503' title='bbox 786 1939 881 1973; x_wconf 76' lang='grc' dir='ltr'>πρώην</span> <span class='ocrx_word' id='word_1_504' title='bbox 889 1939 968 1965; x_wconf 73' lang='grc' dir='ltr'>Ἀθα-</span> 
     </span>
    </p>
   </div>
   <div class='ocr_carea' id='block_1_73' title="bbox 185 1984 968 2020">
    <p class='ocr_par' dir='ltr' id='par_1_73' title="bbox 185 1984 968 2020">
     <span class='ocr_line' id='line_1_73' title="bbox 185 1984 968 2020; baseline 0 -9"><span class='ocrx_word' id='word_1_505' title='bbox 185 1987 269 2019; x_wconf 73' lang='grc' dir='ltr'>νατίῳ</span> <span class='ocrx_word' id='word_1_506' title='bbox 300 1985 347 2011; x_wconf 75' lang='grc' dir='ltr'>καὶ</span> <span class='ocrx_word' id='word_1_507' title='bbox 374 1985 449 2012; x_wconf 84' lang='grc' dir='ltr'>ἄκων</span> <span class='ocrx_word' id='word_1_508' title='bbox 479 1985 638 2011; x_wconf 78' lang='grc' dir='ltr'>καταλείπει</span> <span class='ocrx_word' id='word_1_509' title='bbox 671 1984 715 2010; x_wconf 76' lang='grc' dir='ltr'>τὸν</span> <span class='ocrx_word' id='word_1_510' title='bbox 741 1984 845 2020; x_wconf 67' lang='grc' dir='ltr'>θρόνον.</span> <span class='ocrx_word' id='word_1_511' title='bbox 874 1985 968 2011; x_wconf 77' lang='grc' dir='ltr'>Ταῦτα</span> 
     </span>
    </p>
   </div>
   <div class='ocr_carea' id='block_1_74' title="bbox 187 2031 967 2066">
    <p class='ocr_par' dir='ltr' id='par_1_74' title="bbox 187 2031 967 2066">
     <span class='ocr_line' id='line_1_74' title="bbox 187 2031 967 2066; baseline 0 -9"><span class='ocrx_word' id='word_1_512' title='bbox 187 2031 236 2065; x_wconf 78' lang='grc' dir='ltr'>μὲν</span> <span class='ocrx_word' id='word_1_513' title='bbox 253 2031 318 2065; x_wconf 64' lang='grc' dir='ltr'>περὶ</span> <span class='ocrx_word' id='word_1_514' title='bbox 336 2031 527 2065; x_wconf 79' lang='grc' dir='ltr'>μεταθέσεων·</span> <span class='ocrx_word' id='word_1_515' title='bbox 543 2031 561 2058; x_wconf 84' lang='grc' dir='ltr'>ἃ</span> <span class='ocrx_word' id='word_1_516' title='bbox 577 2031 631 2065; x_wconf 74' lang='grc' dir='ltr'><strong>ἐγὼ</strong></span> <span class='ocrx_word' id='word_1_517' title='bbox 648 2031 696 2057; x_wconf 81' lang='grc' dir='ltr'>καὶ</span> <span class='ocrx_word' id='word_1_518' title='bbox 717 2031 813 2066; x_wconf 80' lang='grc' dir='ltr'>πρώην</span> <span class='ocrx_word' id='word_1_519' title='bbox 825 2032 871 2058; x_wconf 78' lang='grc' dir='ltr'><strong>καὶ</strong></span> <span class='ocrx_word' id='word_1_520' title='bbox 886 2031 967 2058; x_wconf 76' lang='grc' dir='ltr'>ὓστε-</span> 
     </span>
    </p>
   </div>
   <div class='ocr_carea' id='block_1_75' title="bbox 187 2077 967 2113">
    <p class='ocr_par' dir='ltr' id='par_1_75' title="bbox 187 2077 967 2113">
     <span class='ocr_line' id='line_1_75' title="bbox 187 2077 967 2113; baseline 0 -10"><span class='ocrx_word' id='word_1_521' title='bbox 187 2087 234 2112; x_wconf 90' lang='grc' dir='ltr'><strong>ρον</strong></span> <span class='ocrx_word' id='word_1_522' title='bbox 249 2078 340 2111; x_wconf 75' lang='grc' dir='ltr'>γνοὺς.</span> <span class='ocrx_word' id='word_1_523' title='bbox 359 2078 392 2112; x_wconf 78' lang='grc' dir='ltr'><strong>τῇ</strong></span> <span class='ocrx_word' id='word_1_524' title='bbox 415 2078 561 2113; x_wconf 83' lang='grc' dir='ltr'>συγγραφῇ</span> <span class='ocrx_word' id='word_1_525' title='bbox 578 2078 749 2112; x_wconf 81' lang='grc' dir='ltr'>παρεθέμην.</span> <span class='ocrx_word' id='word_1_526' title='bbox 766 2077 884 2109; x_wconf 80' lang='grc' dir='ltr'>Πολλοὺς</span> <span class='ocrx_word' id='word_1_527' title='bbox 898 2077 919 2103; x_wconf 76' lang='grc' dir='ltr'>δ’</span> <span class='ocrx_word' id='word_1_528' title='bbox 934 2078 967 2104; x_wconf 78' lang='grc' dir='ltr'>ἂν</span> 
     </span>
    </p>
   </div>
   <div class='ocr_carea' id='block_1_76' title="bbox 186 2123 966 2158">
    <p class='ocr_par' dir='ltr' id='par_1_76' title="bbox 186 2123 966 2158">
     <span class='ocr_line' id='line_1_76' title="bbox 186 2123 966 2158; baseline 0.001 -8"><span class='ocrx_word' id='word_1_529' title='bbox 186 2124 233 2150; x_wconf 75' lang='grc' dir='ltr'>καὶ</span> <span class='ocrx_word' id='word_1_530' title='bbox 244 2123 342 2153; x_wconf 76' lang='grc' dir='ltr'>ἄλλους</span> <span class='ocrx_word' id='word_1_531' title='bbox 357 2123 432 2158; x_wconf 76' lang='grc' dir='ltr'>εὖροι</span> <span class='ocrx_word' id='word_1_532' title='bbox 448 2132 489 2154; x_wconf 83' lang='grc' dir='ltr'><strong>τις</strong></span> <span class='ocrx_word' id='word_1_533' title='bbox 504 2124 568 2154; x_wconf 72' lang='grc' dir='ltr'>ἴσως</span> <span class='ocrx_word' id='word_1_534' title='bbox 579 2124 639 2155; x_wconf 78' lang='grc' dir='ltr'>ταῖς</span> <span class='ocrx_word' id='word_1_535' title='bbox 655 2124 787 2158; x_wconf 76' lang='grc' dir='ltr'>ἱστορίαις</span> <span class='ocrx_word' id='word_1_536' title='bbox 804 2123 966 2157; x_wconf 86' lang='grc' dir='ltr'>φιλοπονῶν.</span> 
     </span>
    </p>
   </div>
   <div class='ocr_carea' id='block_1_77' title="bbox 191 2166 967 2204">
    <p class='ocr_par' dir='ltr' id='par_1_77' title="bbox 191 2166 967 2204">
     <span class='ocr_line' id='line_1_77' title="bbox 191 2166 967 2204; baseline 0 -9"><span class='ocrx_word' id='word_1_537' title='bbox 191 2170 220 2195; x_wconf 90' lang='grc'><strong>’0</strong></span> <span class='ocrx_word' id='word_1_538' title='bbox 239 2170 293 2204; x_wconf 78' lang='grc' dir='ltr'>γὰρ</span> <span class='ocrx_word' id='word_1_539' title='bbox 323 2168 424 2200; x_wconf 79' lang='grc' dir='ltr'>κανὼν,</span> <span class='ocrx_word' id='word_1_540' title='bbox 449 2166 520 2204; x_wconf 73' lang='grc' dir='ltr'>ᾗπερ</span> <span class='ocrx_word' id='word_1_541' title='bbox 551 2177 596 2203; x_wconf 87' lang='grc' dir='ltr'><strong>μοι</strong></span> <span class='ocrx_word' id='word_1_542' title='bbox 623 2169 743 2204; x_wconf 76' lang='grc' dir='ltr'>εἴρηται,</span> <span class='ocrx_word' id='word_1_543' title='bbox 771 2169 916 2204; x_wconf 81' lang='grc' dir='ltr'>μετάθεσιν</span> <span class='ocrx_word' id='word_1_544' title='bbox 936 2169 967 2196; x_wconf 84' lang='grc' dir='ltr'><strong>τδ</strong></span> 
     </span>
    </p>
   </div>
   <div class='ocr_carea' id='block_1_78' title="bbox 183 2215 964 2251">
    <p class='ocr_par' dir='ltr' id='par_1_78' title="bbox 183 2215 964 2251">
     <span class='ocr_line' id='line_1_78' title="bbox 183 2215 964 2251; baseline 0.004 -11"><span class='ocrx_word' id='word_1_545' title='bbox 183 2216 303 2241; x_wconf 69' lang='grc' dir='ltr'>τοιοῦτον</span> <span class='ocrx_word' id='word_1_546' title='bbox 316 2215 456 2250; x_wconf 70' lang='grc' dir='ltr'>ὀνομάζει,</span> <span class='ocrx_word' id='word_1_547' title='bbox 472 2215 519 2241; x_wconf 80' lang='grc' dir='ltr'>καὶ</span> <span class='ocrx_word' id='word_1_548' title='bbox 534 2215 564 2241; x_wconf 84' lang='grc' dir='ltr'>οὐ</span> <span class='ocrx_word' id='word_1_549' title='bbox 588 2215 753 2249; x_wconf 78' lang='grc' dir='ltr'>μετάστασιν</span> <span class='ocrx_word' id='word_1_550' title='bbox 768 2216 784 2251; x_wconf 82' lang='grc' dir='ltr'>ἢ</span> <span class='ocrx_word' id='word_1_551' title='bbox 803 2216 964 2250; x_wconf 81' lang='grc' dir='ltr'>μετάῦασιν.</span> 
     </span>
    </p>
   </div>
   <div class='ocr_carea' id='block_1_79' title="bbox 184 2259 965 2296">
    <p class='ocr_par' dir='ltr' id='par_1_79' title="bbox 184 2259 965 2296">
     <span class='ocr_line' id='line_1_79' title="bbox 184 2259 965 2296; baseline 0.005 -11"><span class='ocrx_word' id='word_1_552' title='bbox 184 2260 276 2286; x_wconf 80' lang='grc' dir='ltr'>Ταῦτα</span> <span class='ocrx_word' id='word_1_553' title='bbox 293 2260 346 2294; x_wconf 85' lang='grc' dir='ltr'>γὰρ</span> <span class='ocrx_word' id='word_1_554' title='bbox 359 2259 394 2291; x_wconf 83' lang='grc' dir='ltr'>ὼς</span> <span class='ocrx_word' id='word_1_555' title='bbox 413 2261 446 2287; x_wconf 75' lang='grc' dir='ltr'>ἄν</span> <span class='ocrx_word' id='word_1_556' title='bbox 460 2269 501 2292; x_wconf 85' lang='grc' dir='ltr'><strong>τις</strong></span> <span class='ocrx_word' id='word_1_557' title='bbox 512 2261 583 2287; x_wconf 78' lang='grc' dir='ltr'>εἴποι</span> <span class='ocrx_word' id='word_1_558' title='bbox 604 2261 649 2288; x_wconf 68' lang='grc' dir='ltr'><strong>ἐπὶ</strong></span> <span class='ocrx_word' id='word_1_559' title='bbox 664 2261 793 2296; x_wconf 61' lang='grc' dir='ltr'>ἐμψύχων</span> <span class='ocrx_word' id='word_1_560' title='bbox 813 2262 965 2296; x_wconf 58' lang='grc' dir='ltr'>λαμϐάνονν</span> 
     </span>
    </p>
   </div>
   <div class='ocr_carea' id='block_1_80' title="bbox 186 2306 966 2342">
    <p class='ocr_par' dir='ltr' id='par_1_80' title="bbox 186 2306 966 2342">
     <span class='ocr_line' id='line_1_80' title="bbox 186 2306 966 2342; baseline 0.005 -11"><span class='ocrx_word' id='word_1_561' title='bbox 186 2315 241 2338; x_wconf 78' lang='grc' dir='ltr'>ται,</span> <span class='ocrx_word' id='word_1_562' title='bbox 271 2307 317 2332; x_wconf 75' lang='grc' dir='ltr'>καὶ</span> <span class='ocrx_word' id='word_1_563' title='bbox 333 2306 363 2338; x_wconf 78' lang='grc' dir='ltr'><strong>ἐξ</strong></span> <span class='ocrx_word' id='word_1_564' title='bbox 381 2306 485 2338; x_wconf 74' lang='grc' dir='ltr'>οἰκείας</span> <span class='ocrx_word' id='word_1_565' title='bbox 519 2307 706 2342; x_wconf 83' lang='grc' dir='ltr'>προαιρέσεως</span> <span class='ocrx_word' id='word_1_566' title='bbox 732 2309 917 2342; x_wconf 81' lang='grc' dir='ltr'>κινουμένων·</span> <span class='ocrx_word' id='word_1_567' title='bbox 936 2310 966 2335; x_wconf 72' lang='grc' dir='ltr'><strong>τὸ</strong></span> 
     </span>
    </p>
   </div>
   <div class='ocr_carea' id='block_1_81' title="bbox 183 2351 963 2388">
    <p class='ocr_par' dir='ltr' id='par_1_81' title="bbox 183 2351 963 2388">
     <span class='ocr_line' id='line_1_81' title="bbox 183 2351 963 2388; baseline 0.004 -12"><span class='ocrx_word' id='word_1_568' title='bbox 183 2352 211 2377; x_wconf 79' lang='grc' dir='ltr'>δέ</span> <span class='ocrx_word' id='word_1_569' title='bbox 227 2359 259 2384; x_wconf 88' lang='grc' dir='ltr'><strong>γε</strong></span> <span class='ocrx_word' id='word_1_570' title='bbox 287 2351 484 2385; x_wconf 83' lang='grc' dir='ltr'>μετατίθεσθαι</span> <span class='ocrx_word' id='word_1_571' title='bbox 511 2353 559 2378; x_wconf 76' lang='grc' dir='ltr'>καὶ</span> <span class='ocrx_word' id='word_1_572' title='bbox 575 2353 591 2386; x_wconf 90' lang='grc' dir='ltr'><strong>ἠ</strong></span> <span class='ocrx_word' id='word_1_573' title='bbox 614 2353 757 2386; x_wconf 83' lang='grc' dir='ltr'>μετάθεσις</span> <span class='ocrx_word' id='word_1_574' title='bbox 775 2353 821 2378; x_wconf 73' lang='grc' dir='ltr'><strong>ἐπὶ</strong></span> <span class='ocrx_word' id='word_1_575' title='bbox 843 2352 963 2388; x_wconf 74' lang='grc' dir='ltr'>ἀψύχων,</span> 
     </span>
    </p>
   </div>
   <div class='ocr_carea' id='block_1_82' title="bbox 183 2396 965 2432">
    <p class='ocr_par' dir='ltr' id='par_1_82' title="bbox 183 2396 965 2432">
     <span class='ocr_line' id='line_1_82' title="bbox 183 2396 965 2432; baseline 0.001 -10"><span class='ocrx_word' id='word_1_576' title='bbox 183 2397 229 2422; x_wconf 70' lang='grc' dir='ltr'>καὶ</span> <span class='ocrx_word' id='word_1_577' title='bbox 249 2397 293 2430; x_wconf 80' lang='grc' dir='ltr'><strong>ὑφ’</strong></span> <span class='ocrx_word' id='word_1_578' title='bbox 311 2397 412 2431; x_wconf 76' lang='grc' dir='ltr'>ἑτέρων</span> <span class='ocrx_word' id='word_1_579' title='bbox 424 2396 525 2422; x_wconf 71' lang='grc' dir='ltr'>ὡσανεὶ</span> <span class='ocrx_word' id='word_1_580' title='bbox 539 2397 719 2431; x_wconf 82' lang='grc' dir='ltr'>κινουμένων.</span> <span class='ocrx_word' id='word_1_581' title='bbox 740 2397 788 2432; x_wconf 79' lang='grc' dir='ltr'>Εἴη</span> <span class='ocrx_word' id='word_1_582' title='bbox 799 2397 821 2423; x_wconf 82' lang='grc' dir='ltr'>δ’</span> <span class='ocrx_word' id='word_1_583' title='bbox 836 2398 868 2423; x_wconf 82' lang='grc' dir='ltr'>ἂν</span> <span class='ocrx_word' id='word_1_584' title='bbox 884 2399 965 2431; x_wconf 88' lang='grc' dir='ltr'>μετά-</span> 
     </span>
    </p>
   </div>
   <div class='ocr_carea' id='block_1_83' title="bbox 184 2441 965 2477">
    <p class='ocr_par' dir='ltr' id='par_1_83' title="bbox 184 2441 965 2477">
     <span class='ocr_line' id='line_1_83' title="bbox 184 2441 965 2477; baseline 0.001 -10"><span class='ocrx_word' id='word_1_585' title='bbox 184 2450 278 2472; x_wconf 75' lang='grc' dir='ltr'>στασις</span> <span class='ocrx_word' id='word_1_586' title='bbox 296 2442 340 2467; x_wconf 74' lang='grc' dir='ltr'><strong>ἐπὶ</strong></span> <span class='ocrx_word' id='word_1_587' title='bbox 355 2441 408 2466; x_wconf 79' lang='grc' dir='ltr'>τῶν</span> <span class='ocrx_word' id='word_1_588' title='bbox 424 2441 531 2467; x_wconf 81' lang='grc' dir='ltr'>οἴκοθεν</span> <span class='ocrx_word' id='word_1_589' title='bbox 546 2442 741 2477; x_wconf 79' lang='grc' dir='ltr'>ἐπιπηδώντων</span> <span class='ocrx_word' id='word_1_590' title='bbox 757 2444 810 2473; x_wconf 81' lang='grc' dir='ltr'>τοῖς</span> <span class='ocrx_word' id='word_1_591' title='bbox 835 2442 965 2477; x_wconf 62' lang='grc' dir='ltr'>ὑψηλοτέι</span> 
     </span>
    </p>
   </div>
   <div class='ocr_carea' id='block_1_84' title="bbox 183 2485 964 2521">
    <p class='ocr_par' dir='ltr' id='par_1_84' title="bbox 183 2485 964 2521">
     <span class='ocr_line' id='line_1_84' title="bbox 183 2485 964 2521; baseline 0.003 -10"><span class='ocrx_word' id='word_1_592' title='bbox 183 2495 238 2521; x_wconf 65' lang='lat' dir='ltr'><strong>pot;</strong></span> <span class='ocrx_word' id='word_1_593' title='bbox 251 2486 304 2511; x_wconf 76' lang='grc' dir='ltr'>τῶν</span> <span class='ocrx_word' id='word_1_594' title='bbox 321 2486 441 2519; x_wconf 61' lang='grc' dir='ltr'>θρόνων·</span> <span class='ocrx_word' id='word_1_595' title='bbox 461 2485 606 2520; x_wconf 70' lang='grc' dir='ltr'>μετάθεσις</span> <span class='ocrx_word' id='word_1_596' title='bbox 623 2486 650 2511; x_wconf 77' lang='grc' dir='ltr'>δὲ</span> <span class='ocrx_word' id='word_1_597' title='bbox 674 2487 720 2511; x_wconf 71' lang='grc' dir='ltr'><strong>ἐπὶ</strong></span> <span class='ocrx_word' id='word_1_598' title='bbox 737 2487 790 2512; x_wconf 76' lang='grc' dir='ltr'>τῶν</span> <span class='ocrx_word' id='word_1_599' title='bbox 805 2486 850 2520; x_wconf 81' lang='grc' dir='ltr'><strong>ὑφ’</strong></span> <span class='ocrx_word' id='word_1_600' title='bbox 863 2487 964 2521; x_wconf 67' lang='grc' dir='ltr'>ἑτέρων</span> 
     </span>
    </p>
   </div>
   <div class='ocr_carea' id='block_1_85' title="bbox 181 2531 963 2567">
    <p class='ocr_par' dir='ltr' id='par_1_85' title="bbox 181 2531 963 2567">
     <span class='ocr_line' id='line_1_85' title="bbox 181 2531 963 2567; baseline 0.003 -11"><span class='ocrx_word' id='word_1_601' title='bbox 181 2532 302 2565; x_wconf 76' lang='grc' dir='ltr'>ἀκουσίῳ</span> <span class='ocrx_word' id='word_1_602' title='bbox 320 2533 354 2566; x_wconf 82' lang='grc' dir='ltr'>τῇ</span> <span class='ocrx_word' id='word_1_603' title='bbox 370 2531 465 2567; x_wconf 82' lang='grc' dir='ltr'>γνώμῃ</span> <span class='ocrx_word' id='word_1_604' title='bbox 479 2533 581 2566; x_wconf 76' lang='grc' dir='ltr'>τρόπον</span> <span class='ocrx_word' id='word_1_605' title='bbox 597 2532 657 2556; x_wconf 74' lang='grc' dir='ltr'>τινὰ</span> <span class='ocrx_word' id='word_1_606' title='bbox 671 2531 963 2566; x_wconf 74' lang='grc' dir='ltr'>προὸιὸαξομένων.’“0</span> 
     </span>
    </p>
   </div>
   <div class='ocr_carea' id='block_1_86' title="bbox 181 2576 962 2612">
    <p class='ocr_par' dir='ltr' id='par_1_86' title="bbox 181 2576 962 2612">
     <span class='ocr_line' id='line_1_86' title="bbox 181 2576 962 2612; baseline -0.001 -9"><span class='ocrx_word' id='word_1_607' title='bbox 181 2577 212 2612; x_wconf 82' lang='grc' dir='ltr'>δὴ</span> <span class='ocrx_word' id='word_1_608' title='bbox 223 2577 270 2604; x_wconf 76' lang='grc' dir='ltr'><strong>καὶ</strong></span> <span class='ocrx_word' id='word_1_609' title='bbox 283 2577 443 2608; x_wconf 76' lang='grc' dir='ltr'>Κελεστῖνος</span> <span class='ocrx_word' id='word_1_610' title='bbox 459 2578 472 2603; x_wconf 84' lang='grc' dir='ltr'><strong><em>ὁ</em></strong></span> <span class='ocrx_word' id='word_1_611' title='bbox 488 2577 537 2610; x_wconf 78' lang='grc' dir='ltr'>τῆς</span> <span class='ocrx_word' id='word_1_612' title='bbox 557 2576 666 2611; x_wconf 77' lang='grc' dir='ltr'>Ῥώμης</span> <span class='ocrx_word' id='word_1_613' title='bbox 683 2577 831 2608; x_wconf 73' lang='grc' dir='ltr'>ἐπίσκοπος</span> <span class='ocrx_word' id='word_1_614' title='bbox 851 2577 879 2602; x_wconf 79' lang='grc' dir='ltr'>ἐν</span> <span class='ocrx_word' id='word_1_615' title='bbox 906 2579 962 2609; x_wconf 82' lang='grc' dir='ltr'>τοῖς</span> 
     </span>
    </p>
   </div>
   <div class='ocr_carea' id='block_1_87' title="bbox 182 2622 961 2658">
    <p class='ocr_par' dir='ltr' id='par_1_87' title="bbox 182 2622 961 2658">
     <span class='ocr_line' id='line_1_87' title="bbox 182 2622 961 2658; baseline 0.001 -10"><span class='ocrx_word' id='word_1_616' title='bbox 182 2623 247 2657; x_wconf 81' lang='grc' dir='ltr'>παρ’</span> <span class='ocrx_word' id='word_1_617' title='bbox 266 2622 339 2657; x_wconf 76' lang='grc' dir='ltr'>αὐτῷ</span> <span class='ocrx_word' id='word_1_618' title='bbox 353 2623 530 2657; x_wconf 74' lang='grc' dir='ltr'>καλουμένοις</span> <span class='ocrx_word' id='word_1_619' title='bbox 547 2623 687 2657; x_wconf 73' lang='grc' dir='ltr'>σεκρέτοις</span> <span class='ocrx_word' id='word_1_620' title='bbox 706 2624 742 2653; x_wconf 58' lang='grc' dir='ltr'><strong>ὲιδ</strong></span> <span class='ocrx_word' id='word_1_621' title='bbox 751 2623 891 2658; x_wconf 74' lang='grc' dir='ltr'>κεφαλαίῳ</span> <span class='ocrx_word' id='word_1_622' title='bbox 902 2624 961 2649; x_wconf 84' lang='grc' dir='ltr'>δευ-</span> 
     </span>
    </p>
   </div>
   <div class='ocr_carea' id='block_1_88' title="bbox 180 2668 963 2703">
    <p class='ocr_par' dir='ltr' id='par_1_88' title="bbox 180 2668 963 2703">
     <span class='ocr_line' id='line_1_88' title="bbox 180 2668 963 2703; baseline 0.001 -9"><span class='ocrx_word' id='word_1_623' title='bbox 180 2669 251 2703; x_wconf 77' lang='grc' dir='ltr'>τέρῳ</span> <span class='ocrx_word' id='word_1_624' title='bbox 265 2668 447 2702; x_wconf 79' lang='grc' dir='ltr'>παραδεικνὺς</span> <span class='ocrx_word' id='word_1_625' title='bbox 471 2669 531 2695; x_wconf 76' lang='grc' dir='ltr'>τάδε</span> <span class='ocrx_word' id='word_1_626' title='bbox 548 2670 616 2694; x_wconf 75' lang='grc' dir='ltr'>κατά</span> <span class='ocrx_word' id='word_1_627' title='bbox 631 2668 708 2703; x_wconf 76' lang='grc' dir='ltr'>ῥῆμα</span> <span class='ocrx_word' id='word_1_628' title='bbox 731 2668 874 2700; x_wconf 72' lang='grc' dir='ltr'>διέξεισινο</span> <span class='ocrx_word' id='word_1_629' title='bbox 891 2679 899 2694; x_wconf 80' lang='grc' dir='ltr'><strong>ι</strong></span> <span class='ocrx_word' id='word_1_630' title='bbox 921 2670 963 2695; x_wconf 70' lang='lat' dir='ltr'><strong>Ef-</strong></span> 
     </span>
    </p>
   </div>
   <div class='ocr_carea' id='block_1_89' title="bbox 215 2736 961 2772">
    <p class='ocr_par' dir='ltr' id='par_1_89' title="bbox 215 2736 961 2772">
     <span class='ocr_line' id='line_1_89' title="bbox 215 2736 961 2772; baseline 0.004 -10"><span class='ocrx_word' id='word_1_631' title='bbox 215 2736 253 2769; x_wconf 84' lang='grc' dir='ltr'><strong>(Ι)</strong></span> <span class='ocrx_word' id='word_1_632' title='bbox 274 2736 311 2763; x_wconf 87' lang='lat' dir='ltr'><strong>De</strong></span> <span class='ocrx_word' id='word_1_633' title='bbox 334 2736 384 2762; x_wconf 79' lang='lat' dir='ltr'><strong>hac</strong></span> <span class='ocrx_word' id='word_1_634' title='bbox 407 2745 436 2764; x_wconf 90' lang='lat' dir='ltr'><strong>re</strong></span> <span class='ocrx_word' id='word_1_635' title='bbox 458 2738 515 2771; x_wconf 77' lang='lat' dir='ltr'><strong>ipse</strong></span> <span class='ocrx_word' id='word_1_636' title='bbox 537 2737 707 2771; x_wconf 82' lang='lat' dir='ltr'><strong>Niccpltorus</strong></span> <span class='ocrx_word' id='word_1_637' title='bbox 722 2738 748 2764; x_wconf 94' lang='lat' dir='ltr'><strong>in</strong></span> <span class='ocrx_word' id='word_1_638' title='bbox 765 2738 887 2772; x_wconf 74' lang='lat' dir='ltr'><strong>catalogo</strong></span> <span class='ocrx_word' id='word_1_639' title='bbox 902 2738 961 2771; x_wconf 84' lang='lat' dir='ltr'><strong>epi-</strong></span> 
     </span>
    </p>
   </div>
   <div class='ocr_carea' id='block_1_90' title="bbox 178 2771 960 2807">
    <p class='ocr_par' dir='ltr' id='par_1_90' title="bbox 178 2771 960 2807">
     <span class='ocr_line' id='line_1_90' title="bbox 178 2771 960 2807; baseline 0.001 -9"><span class='ocrx_word' id='word_1_640' title='bbox 178 2778 320 2804; x_wconf 80' lang='lat' dir='ltr'><strong>scoporum</strong></span> <span class='ocrx_word' id='word_1_641' title='bbox 337 2771 701 2806; x_wconf 86' lang='lat' dir='ltr'><strong>Constantinopolitanorutn</strong></span> <span class='ocrx_word' id='word_1_642' title='bbox 718 2779 724 2798; x_wconf 91' lang='lat'>:</span> <span class='ocrx_word' id='word_1_643' title='bbox 742 2771 880 2806; x_wconf 80' lang='grc' dir='ltr'>’Λρσένιος</span> <span class='ocrx_word' id='word_1_644' title='bbox 897 2773 960 2807; x_wconf 72' lang='grc' dir='ltr'>ἄρι-</span> 
     </span>
    </p>
   </div>
   <div class='ocr_carea' id='block_1_91' title="bbox 179 2807 962 2842">
    <p class='ocr_par' dir='ltr' id='par_1_91' title="bbox 179 2807 962 2842">
     <span class='ocr_line' id='line_1_91' title="bbox 179 2807 962 2842; baseline 0.005 -12"><span class='ocrx_word' id='word_1_645' title='bbox 179 2815 240 2836; x_wconf 77' lang='grc' dir='ltr'>στος</span> <span class='ocrx_word' id='word_1_646' title='bbox 256 2807 283 2831; x_wconf 83' lang='grc' dir='ltr'>ὲν</span> <span class='ocrx_word' id='word_1_647' title='bbox 301 2807 471 2842; x_wconf 66' lang='grc' dir='ltr'>ᾀρχιθύτακ,</span> <span class='ocrx_word' id='word_1_648' title='bbox 491 2808 540 2840; x_wconf 75' lang='grc' dir='ltr'>τῆς</span> <span class='ocrx_word' id='word_1_649' title='bbox 559 2808 671 2842; x_wconf 65' lang='grc' dir='ltr'>Ἐφέσου</span> <span class='ocrx_word' id='word_1_650' title='bbox 692 2809 823 2842; x_wconf 79' lang='grc' dir='ltr'>πρόεδρος</span> <span class='ocrx_word' id='word_1_651' title='bbox 839 2810 852 2833; x_wconf 82' lang='grc' dir='ltr'>ὁ</span> <span class='ocrx_word' id='word_1_652' title='bbox 876 2808 962 2842; x_wconf 81' lang='grc' dir='ltr'>Νικη-</span> 
     </span>
    </p>
   </div>
   <div class='ocr_carea' id='block_1_92' title="bbox 179 2841 959 2877">
    <p class='ocr_par' dir='ltr' id='par_1_92' title="bbox 179 2841 959 2877">
     <span class='ocr_line' id='line_1_92' title="bbox 179 2841 959 2877; baseline 0.006 -12"><span class='ocrx_word' id='word_1_653' title='bbox 179 2844 269 2875; x_wconf 65' lang='grc' dir='ltr'>φ’)ρος,</span> <span class='ocrx_word' id='word_1_654' title='bbox 283 2841 331 2875; x_wconf 74' lang='grc' dir='ltr'>τῆς</span> <span class='ocrx_word' id='word_1_655' title='bbox 346 2842 483 2877; x_wconf 70' lang='grc' dir='ltr'>Ἀδριανοῦ</span> <span class='ocrx_word' id='word_1_656' title='bbox 499 2842 636 2877; x_wconf 61' lang='grc' dir='ltr'>Γερμανὸς</span> <span class='ocrx_word' id='word_1_657' title='bbox 651 2841 812 2877; x_wconf 74' lang='grc' dir='ltr'>ἀρχιθύεης.</span> <span class='ocrx_word' id='word_1_658' title='bbox 826 2842 881 2870; x_wconf 84' lang='lat' dir='ltr'><strong>Hoc</strong></span> <span class='ocrx_word' id='word_1_659' title='bbox 898 2841 959 2870; x_wconf 76' lang='lat' dir='ltr'><strong>est:</strong></span> 
     </span>
    </p>
   </div>
   <div class='ocr_carea' id='block_1_93' title="bbox 1021 1572 1802 1612">
    <p class='ocr_par' dir='ltr' id='par_1_93' title="bbox 1021 1572 1802 1612">
     <span class='ocr_line' id='line_1_93' title="bbox 1021 1572 1802 1612; baseline 0.01 -15"><span class='ocrx_word' id='word_1_660' title='bbox 1021 1572 1116 1599; x_wconf 86' lang='lat' dir='ltr'><strong>nexui.</strong></span> <span class='ocrx_word' id='word_1_661' title='bbox 1138 1572 1265 1600; x_wconf 78' lang='lat' dir='ltr'><strong>Fortasse</strong></span> <span class='ocrx_word' id='word_1_662' title='bbox 1289 1578 1380 1601; x_wconf 87' lang='lat' dir='ltr'><strong>autem</strong></span> <span class='ocrx_word' id='word_1_663' title='bbox 1399 1576 1492 1609; x_wconf 86' lang='lat' dir='ltr'><strong>plures</strong></span> <span class='ocrx_word' id='word_1_664' title='bbox 1507 1576 1576 1604; x_wconf 87' lang='lat' dir='ltr'><strong>alios</strong></span> <span class='ocrx_word' id='word_1_665' title='bbox 1591 1578 1734 1612; x_wconf 81' lang='lat' dir='ltr'><strong>quisquam</strong></span> <span class='ocrx_word' id='word_1_666' title='bbox 1758 1579 1802 1606; x_wconf 85' lang='lat' dir='ltr'><strong>in-</strong></span> 
     </span>
    </p>
   </div>
   <div class='ocr_carea' id='block_1_94' title="bbox 1022 1618 1800 1653">
    <p class='ocr_par' dir='ltr' id='par_1_94' title="bbox 1022 1618 1800 1653">
     <span class='ocr_line' id='line_1_94' title="bbox 1022 1618 1800 1653; baseline 0.012 -10"><span class='ocrx_word' id='word_1_667' title='bbox 1022 1618 1149 1651; x_wconf 84' lang='lat' dir='ltr'><strong>venerit,</strong></span> <span class='ocrx_word' id='word_1_668' title='bbox 1183 1620 1229 1653; x_wconf 92' lang='lat' dir='ltr'><strong>qui</strong></span> <span class='ocrx_word' id='word_1_669' title='bbox 1255 1620 1383 1648; x_wconf 85' lang='lat' dir='ltr'><strong>historias</strong></span> <span class='ocrx_word' id='word_1_670' title='bbox 1408 1623 1532 1650; x_wconf 86' lang='lat' dir='ltr'><strong>studiose</strong></span> <span class='ocrx_word' id='word_1_671' title='bbox 1559 1625 1680 1651; x_wconf 77' lang='lat' dir='ltr'><strong>evolvat.</strong></span> <span class='ocrx_word' id='word_1_672' title='bbox 1709 1625 1800 1652; x_wconf 87' lang='lat' dir='ltr'><strong>Canon</strong></span> 
     </span>
    </p>
   </div>
   <div class='ocr_carea' id='block_1_95' title="bbox 1020 1664 1800 1700">
    <p class='ocr_par' dir='ltr' id='par_1_95' title="bbox 1020 1664 1800 1700">
     <span class='ocr_line' id='line_1_95' title="bbox 1020 1664 1800 1700; baseline 0.012 -11"><span class='ocrx_word' id='word_1_673' title='bbox 1020 1671 1149 1698; x_wconf 81' lang='lat' dir='ltr'><strong>namque,</strong></span> <span class='ocrx_word' id='word_1_674' title='bbox 1163 1664 1243 1691; x_wconf 88' lang='lat' dir='ltr'><strong>sicuti</strong></span> <span class='ocrx_word' id='word_1_675' title='bbox 1258 1673 1272 1691; x_wconf 73' lang='grc' dir='ltr'><strong>ο</strong></span> <span class='ocrx_word' id='word_1_676' title='bbox 1285 1674 1327 1693; x_wconf 89' lang='lat' dir='ltr'><strong>me</strong></span> <span class='ocrx_word' id='word_1_677' title='bbox 1340 1672 1380 1694; x_wconf 80' lang='lat' dir='ltr'><strong>est</strong></span> <span class='ocrx_word' id='word_1_678' title='bbox 1397 1667 1509 1700; x_wconf 83' lang='lat' dir='ltr'><strong>dictum,</strong></span> <span class='ocrx_word' id='word_1_679' title='bbox 1524 1670 1727 1697; x_wconf 65' lang='lat' dir='ltr'><strong>translationem</strong></span> <span class='ocrx_word' id='word_1_680' title='bbox 1740 1679 1800 1698; x_wconf 80' lang='lat' dir='ltr'><strong>eam</strong></span> 
     </span>
    </p>
   </div>
   <div class='ocr_carea' id='block_1_96' title="bbox 1020 1710 1801 1746">
    <p class='ocr_par' dir='ltr' id='par_1_96' title="bbox 1020 1710 1801 1746">
     <span class='ocr_line' id='line_1_96' title="bbox 1020 1710 1801 1746; baseline 0.012 -11"><span class='ocrx_word' id='word_1_681' title='bbox 1020 1717 1076 1735; x_wconf 79' lang='lat' dir='ltr'><strong>rem</strong></span> <span class='ocrx_word' id='word_1_682' title='bbox 1089 1710 1219 1744; x_wconf 83' lang='lat' dir='ltr'><strong>appellat,</strong></span> <span class='ocrx_word' id='word_1_683' title='bbox 1233 1716 1261 1737; x_wconf 84' lang='lat' dir='ltr'><strong>et</strong></span> <span class='ocrx_word' id='word_1_684' title='bbox 1274 1719 1327 1738; x_wconf 93' lang='lat' dir='ltr'><strong>non</strong></span> <span class='ocrx_word' id='word_1_685' title='bbox 1343 1714 1586 1746; x_wconf 77' lang='lat' dir='ltr'><strong>permutationem,</strong></span> <span class='ocrx_word' id='word_1_686' title='bbox 1599 1721 1646 1743; x_wconf 79' lang='lat' dir='ltr'><strong>aut</strong></span> <span class='ocrx_word' id='word_1_687' title='bbox 1660 1718 1801 1744; x_wconf 61' lang='lat' dir='ltr'><strong>transitio-</strong></span> 
     </span>
    </p>
   </div>
   <div class='ocr_carea' id='block_1_97' title="bbox 1019 1757 1802 1799">
    <p class='ocr_par' dir='ltr' id='par_1_97' title="bbox 1019 1757 1802 1799">
     <span class='ocr_line' id='line_1_97' title="bbox 1019 1757 1802 1799; baseline 0.014 -18"><span class='ocrx_word' id='word_1_688' title='bbox 1019 1762 1080 1782; x_wconf 82' lang='lat' dir='ltr'><strong>nem</strong></span> <span class='ocrx_word' id='word_1_689' title='bbox 1104 1765 1110 1782; x_wconf 93' lang='lat'><strong>:</strong></span> <span class='ocrx_word' id='word_1_690' title='bbox 1135 1757 1208 1791; x_wconf 87' lang='lat' dir='ltr'><strong>quod</strong></span> <span class='ocrx_word' id='word_1_691' title='bbox 1233 1757 1290 1785; x_wconf 77' lang='lat' dir='ltr'><strong>inec</strong></span> <span class='ocrx_word' id='word_1_692' title='bbox 1314 1759 1398 1786; x_wconf 83' lang='lat' dir='ltr'><strong>verba</strong></span> <span class='ocrx_word' id='word_1_693' title='bbox 1425 1761 1458 1786; x_wconf 93' lang='lat' dir='ltr'><strong>de</strong></span> <span class='ocrx_word' id='word_1_694' title='bbox 1481 1762 1611 1790; x_wconf 85' lang='lat' dir='ltr'><strong>animatis</strong></span> <span class='ocrx_word' id='word_1_695' title='bbox 1639 1769 1665 1790; x_wconf 94' lang='lat' dir='ltr'><strong>ct</strong></span> <span class='ocrx_word' id='word_1_696' title='bbox 1682 1766 1721 1791; x_wconf 75' lang='lat' dir='ltr'><strong>eis</strong></span> <span class='ocrx_word' id='word_1_697' title='bbox 1741 1774 1802 1799; x_wconf 72' lang='lat' dir='ltr'><strong>qum</strong></span> 
     </span>
    </p>
   </div>
   <div class='ocr_carea' id='block_1_98' title="bbox 1017 1803 1799 1841">
    <p class='ocr_par' dir='ltr' id='par_1_98' title="bbox 1017 1803 1799 1841">
     <span class='ocr_line' id='line_1_98' title="bbox 1017 1803 1799 1841; baseline 0.014 -12"><span class='ocrx_word' id='word_1_698' title='bbox 1017 1803 1132 1838; x_wconf 86' lang='lat' dir='ltr'><strong>proprio</strong></span> <span class='ocrx_word' id='word_1_699' title='bbox 1146 1804 1261 1831; x_wconf 86' lang='lat' dir='ltr'><strong>arbitrio</strong></span> <span class='ocrx_word' id='word_1_700' title='bbox 1274 1809 1301 1831; x_wconf 90' lang='lat' dir='ltr'><strong>et</strong></span> <span class='ocrx_word' id='word_1_701' title='bbox 1317 1805 1458 1834; x_wconf 84' lang='lat' dir='ltr'><strong>voluntate</strong></span> <span class='ocrx_word' id='word_1_702' title='bbox 1482 1814 1638 1841; x_wconf 87' lang='lat' dir='ltr'><strong>moventur,</strong></span> <span class='ocrx_word' id='word_1_703' title='bbox 1656 1814 1799 1841; x_wconf 76' lang='lat' dir='ltr'><strong>transferri</strong></span> 
     </span>
    </p>
   </div>
   <div class='ocr_carea' id='block_1_99' title="bbox 1018 1851 1800 1892">
    <p class='ocr_par' dir='ltr' id='par_1_99' title="bbox 1018 1851 1800 1892">
     <span class='ocr_line' id='line_1_99' title="bbox 1018 1851 1800 1892; baseline 0.013 -17"><span class='ocrx_word' id='word_1_704' title='bbox 1018 1854 1108 1876; x_wconf 85' lang='lat' dir='ltr'><strong>autem</strong></span> <span class='ocrx_word' id='word_1_705' title='bbox 1138 1855 1165 1877; x_wconf 89' lang='lat' dir='ltr'><strong>et</strong></span> <span class='ocrx_word' id='word_1_706' title='bbox 1184 1851 1326 1878; x_wconf 83' lang='lat' dir='ltr'><strong>translatio</strong></span> <span class='ocrx_word' id='word_1_707' title='bbox 1350 1852 1384 1879; x_wconf 82' lang='lat' dir='ltr'><strong>de</strong></span> <span class='ocrx_word' id='word_1_708' title='bbox 1401 1854 1560 1882; x_wconf 86' lang='lat' dir='ltr'><strong>inanimatis</strong></span> <span class='ocrx_word' id='word_1_709' title='bbox 1583 1861 1665 1890; x_wconf 86' lang='lat' dir='ltr'><strong>atque</strong></span> <span class='ocrx_word' id='word_1_710' title='bbox 1685 1858 1724 1884; x_wconf 88' lang='lat' dir='ltr'><strong>eis</strong></span> <span class='ocrx_word' id='word_1_711' title='bbox 1739 1867 1800 1892; x_wconf 73' lang='lat' dir='ltr'><strong>qua:</strong></span> 
     </span>
    </p>
   </div>
   <div class='ocr_carea' id='block_1_100' title="bbox 1018 1894 1799 1930">
    <p class='ocr_par' dir='ltr' id='par_1_100' title="bbox 1018 1894 1799 1930">
     <span class='ocr_line' id='line_1_100' title="bbox 1018 1894 1799 1930; baseline 0.013 -10"><span class='ocrx_word' id='word_1_712' title='bbox 1018 1894 1102 1922; x_wconf 85' lang='lat' dir='ltr'><strong>veluti</strong></span> <span class='ocrx_word' id='word_1_713' title='bbox 1117 1895 1151 1922; x_wconf 84' lang='lat' dir='ltr'><strong>ab</strong></span> <span class='ocrx_word' id='word_1_714' title='bbox 1165 1896 1225 1922; x_wconf 82' lang='lat' dir='ltr'><strong>aliis</strong></span> <span class='ocrx_word' id='word_1_715' title='bbox 1240 1902 1400 1929; x_wconf 81' lang='lat' dir='ltr'><strong>moventur.</strong></span> <span class='ocrx_word' id='word_1_716' title='bbox 1421 1898 1550 1926; x_wconf 83' lang='lat' dir='ltr'><strong>dicatur:</strong></span> <span class='ocrx_word' id='word_1_717' title='bbox 1568 1900 1606 1927; x_wconf 89' lang='lat' dir='ltr'><strong>ita</strong></span> <span class='ocrx_word' id='word_1_718' title='bbox 1625 1906 1653 1928; x_wconf 91' lang='lat' dir='ltr'><strong>ut</strong></span> <span class='ocrx_word' id='word_1_719' title='bbox 1666 1907 1799 1930; x_wconf 88' lang='lat' dir='ltr'><strong>transmu-</strong></span> 
     </span>
    </p>
   </div>
   <div class='ocr_carea' id='block_1_101' title="bbox 1019 1940 1798 1979">
    <p class='ocr_par' dir='ltr' id='par_1_101' title="bbox 1019 1940 1798 1979">
     <span class='ocr_line' id='line_1_101' title="bbox 1019 1940 1798 1979; baseline 0.012 -13"><span class='ocrx_word' id='word_1_720' title='bbox 1019 1940 1086 1967; x_wconf 86' lang='lat' dir='ltr'><strong>tatio</strong></span> <span class='ocrx_word' id='word_1_721' title='bbox 1111 1945 1138 1967; x_wconf 91' lang='lat' dir='ltr'><strong>et</strong></span> <span class='ocrx_word' id='word_1_722' title='bbox 1165 1942 1292 1969; x_wconf 89' lang='lat' dir='ltr'><strong>transitio</strong></span> <span class='ocrx_word' id='word_1_723' title='bbox 1313 1950 1408 1970; x_wconf 86' lang='lat' dir='ltr'><strong>eorum</strong></span> <span class='ocrx_word' id='word_1_724' title='bbox 1427 1945 1474 1975; x_wconf 83' lang='lat' dir='ltr'><strong>sit,</strong></span> <span class='ocrx_word' id='word_1_725' title='bbox 1500 1953 1560 1979; x_wconf 63' lang='lat' dir='ltr'><strong>qurc</strong></span> <span class='ocrx_word' id='word_1_726' title='bbox 1575 1954 1607 1972; x_wconf 85' lang='lat' dir='ltr'><strong>ex</strong></span> <span class='ocrx_word' id='word_1_727' title='bbox 1624 1947 1687 1974; x_wconf 88' lang='lat' dir='ltr'><strong>sede</strong></span> <span class='ocrx_word' id='word_1_728' title='bbox 1702 1956 1750 1975; x_wconf 79' lang='lat' dir='ltr'><strong>sua</strong></span> <span class='ocrx_word' id='word_1_729' title='bbox 1774 1950 1798 1975; x_wconf 93' lang='lat' dir='ltr'><strong>in</strong></span> 
     </span>
    </p>
   </div>
   <div class='ocr_carea' id='block_1_102' title="bbox 1018 1985 1798 2021">
    <p class='ocr_par' dir='ltr' id='par_1_102' title="bbox 1018 1985 1798 2021">
     <span class='ocr_line' id='line_1_102' title="bbox 1018 1985 1798 2021; baseline 0.012 -9"><span class='ocrx_word' id='word_1_730' title='bbox 1018 1985 1194 2014; x_wconf 79' lang='lat' dir='ltr'><strong>sublimiores</strong></span> <span class='ocrx_word' id='word_1_731' title='bbox 1224 1987 1349 2015; x_wconf 86' lang='lat' dir='ltr'><strong>involant</strong></span> <span class='ocrx_word' id='word_1_732' title='bbox 1377 1989 1518 2018; x_wconf 87' lang='lat' dir='ltr'><strong>thronos:</strong></span> <span class='ocrx_word' id='word_1_733' title='bbox 1542 1992 1686 2019; x_wconf 71' lang='lat' dir='ltr'><strong>translatio</strong></span> <span class='ocrx_word' id='word_1_734' title='bbox 1707 1999 1798 2021; x_wconf 71' lang='lat' dir='ltr'><strong>autem</strong></span> 
     </span>
    </p>
   </div>
   <div class='ocr_carea' id='block_1_103' title="bbox 1018 2033 1797 2071">
    <p class='ocr_par' dir='ltr' id='par_1_103' title="bbox 1018 2033 1797 2071">
     <span class='ocr_line' id='line_1_103' title="bbox 1018 2033 1797 2071; baseline 0.014 -14"><span class='ocrx_word' id='word_1_735' title='bbox 1018 2038 1113 2058; x_wconf 86' lang='lat' dir='ltr'><strong>eorum</strong></span> <span class='ocrx_word' id='word_1_736' title='bbox 1128 2033 1174 2067; x_wconf 91' lang='lat' dir='ltr'><strong>qui</strong></span> <span class='ocrx_word' id='word_1_737' title='bbox 1191 2033 1240 2068; x_wconf 86' lang='lat' dir='ltr'><strong>ipsi</strong></span> <span class='ocrx_word' id='word_1_738' title='bbox 1256 2033 1334 2061; x_wconf 82' lang='lat' dir='ltr'><strong>inviti</strong></span> <span class='ocrx_word' id='word_1_739' title='bbox 1351 2035 1384 2061; x_wconf 76' lang='lat' dir='ltr'><strong>ab</strong></span> <span class='ocrx_word' id='word_1_740' title='bbox 1398 2035 1461 2063; x_wconf 83' lang='lat' dir='ltr'><strong>aliis</strong></span> <span class='ocrx_word' id='word_1_741' title='bbox 1484 2037 1536 2063; x_wconf 88' lang='lat' dir='ltr'><strong>alio</strong></span> <span class='ocrx_word' id='word_1_742' title='bbox 1553 2038 1752 2071; x_wconf 86' lang='lat' dir='ltr'><strong>producuntur.</strong></span> <span class='ocrx_word' id='word_1_743' title='bbox 1769 2041 1797 2068; x_wconf 78' lang='grc' dir='ltr'><strong>ιιι</strong></span> 
     </span>
    </p>
   </div>
   <div class='ocr_carea' id='block_1_104' title="bbox 1017 2078 1798 2118">
    <p class='ocr_par' dir='ltr' id='par_1_104' title="bbox 1017 2078 1798 2118">
     <span class='ocr_line' id='line_1_104' title="bbox 1017 2078 1798 2118; baseline 0.012 -14"><span class='ocrx_word' id='word_1_744' title='bbox 1017 2078 1090 2112; x_wconf 91' lang='lat' dir='ltr'><strong>quod</strong></span> <span class='ocrx_word' id='word_1_745' title='bbox 1104 2083 1131 2106; x_wconf 89' lang='lat' dir='ltr'><strong>et</strong></span> <span class='ocrx_word' id='word_1_746' title='bbox 1150 2079 1313 2107; x_wconf 75' lang='lat' dir='ltr'><strong>lecstinus</strong></span> <span class='ocrx_word' id='word_1_747' title='bbox 1328 2080 1420 2108; x_wconf 79' lang='lat' dir='ltr'><strong>Roma:</strong></span> <span class='ocrx_word' id='word_1_748' title='bbox 1440 2083 1595 2118; x_wconf 84' lang='lat' dir='ltr'><strong>episcopus,</strong></span> <span class='ocrx_word' id='word_1_749' title='bbox 1613 2085 1639 2111; x_wconf 91' lang='lat' dir='ltr'><strong>in</strong></span> <span class='ocrx_word' id='word_1_750' title='bbox 1655 2086 1722 2118; x_wconf 81' lang='lat' dir='ltr'><strong>suis,</strong></span> <span class='ocrx_word' id='word_1_751' title='bbox 1740 2088 1798 2114; x_wconf 82' lang='lat' dir='ltr'><strong>sic-</strong></span> 
     </span>
    </p>
   </div>
   <div class='ocr_carea' id='block_1_105' title="bbox 1018 2124 1798 2165">
    <p class='ocr_par' dir='ltr' id='par_1_105' title="bbox 1018 2124 1798 2165">
     <span class='ocr_line' id='line_1_105' title="bbox 1018 2124 1798 2165; baseline 0.014 -15"><span class='ocrx_word' id='word_1_752' title='bbox 1018 2124 1057 2151; x_wconf 90' lang='lat' dir='ltr'><strong>uti</strong></span> <span class='ocrx_word' id='word_1_753' title='bbox 1090 2125 1148 2159; x_wconf 89' lang='lat' dir='ltr'><strong>ipse</strong></span> <span class='ocrx_word' id='word_1_754' title='bbox 1167 2126 1295 2160; x_wconf 85' lang='lat' dir='ltr'><strong>appellat,</strong></span> <span class='ocrx_word' id='word_1_755' title='bbox 1325 2127 1452 2160; x_wconf 83' lang='lat' dir='ltr'><strong>secretis,</strong></span> <span class='ocrx_word' id='word_1_756' title='bbox 1471 2130 1559 2164; x_wconf 88' lang='lat' dir='ltr'><strong>capite</strong></span> <span class='ocrx_word' id='word_1_757' title='bbox 1573 2132 1706 2165; x_wconf 82' lang='lat' dir='ltr'><strong>secundo,</strong></span> <span class='ocrx_word' id='word_1_758' title='bbox 1723 2133 1798 2162; x_wconf 87' lang='lat' dir='ltr'><strong>hisce</strong></span> 
     </span>
    </p>
   </div>
   <div class='ocr_carea' id='block_1_106' title="bbox 1019 2169 1798 2211">
    <p class='ocr_par' dir='ltr' id='par_1_106' title="bbox 1019 2169 1798 2211">
     <span class='ocr_line' id='line_1_106' title="bbox 1019 2169 1798 2211; baseline 0.015 -17"><span class='ocrx_word' id='word_1_759' title='bbox 1019 2172 1100 2196; x_wconf 85' lang='lat' dir='ltr'><strong>utens</strong></span> <span class='ocrx_word' id='word_1_760' title='bbox 1121 2169 1214 2197; x_wconf 87' lang='lat' dir='ltr'><strong>verbis</strong></span> <span class='ocrx_word' id='word_1_761' title='bbox 1238 2171 1384 2199; x_wconf 83' lang='lat' dir='ltr'><strong>ostendit:</strong></span> <span class='ocrx_word' id='word_1_762' title='bbox 1413 2183 1421 2199; x_wconf 87' lang='grc' dir='ltr'><strong>ι</strong></span> <span class='ocrx_word' id='word_1_763' title='bbox 1448 2173 1474 2201; x_wconf 85' lang='lat' dir='ltr'><strong>Si</strong></span> <span class='ocrx_word' id='word_1_764' title='bbox 1501 2175 1648 2211; x_wconf 87' lang='lat' dir='ltr'><strong>episcopus</strong></span> <span class='ocrx_word' id='word_1_765' title='bbox 1672 2179 1798 2206; x_wconf 80' lang='lat' dir='ltr'><strong>utilitatis</strong></span> 
     </span>
    </p>
   </div>
   <div class='ocr_carea' id='block_1_107' title="bbox 1019 2216 1796 2257">
    <p class='ocr_par' dir='ltr' id='par_1_107' title="bbox 1019 2216 1796 2257">
     <span class='ocr_line' id='line_1_107' title="bbox 1019 2216 1796 2257; baseline 0.013 -15"><span class='ocrx_word' id='word_1_766' title='bbox 1019 2216 1108 2251; x_wconf 79' lang='lat' dir='ltr'><strong>gratia</strong></span> <span class='ocrx_word' id='word_1_767' title='bbox 1138 2217 1330 2251; x_wconf 78' lang='lat' dir='ltr'><strong>transferatur,</strong></span> <span class='ocrx_word' id='word_1_768' title='bbox 1349 2227 1383 2247; x_wconf 91' lang='lat' dir='ltr'><strong>ne</strong></span> <span class='ocrx_word' id='word_1_769' title='bbox 1397 2219 1422 2246; x_wconf 87' lang='lat' dir='ltr'><strong>id</strong></span> <span class='ocrx_word' id='word_1_770' title='bbox 1439 2228 1487 2254; x_wconf 83' lang='lat' dir='ltr'><strong>per</strong></span> <span class='ocrx_word' id='word_1_771' title='bbox 1502 2222 1619 2256; x_wconf 83' lang='lat' dir='ltr'><strong>scipsutn</strong></span> <span class='ocrx_word' id='word_1_772' title='bbox 1638 2223 1729 2257; x_wconf 77' lang='lat' dir='ltr'><strong>faciat,</strong></span> <span class='ocrx_word' id='word_1_773' title='bbox 1750 2227 1796 2252; x_wconf 77' lang='lat' dir='ltr'><strong>sed</strong></span> 
     </span>
    </p>
   </div>
   <div class='ocr_carea' id='block_1_108' title="bbox 1018 2261 1798 2307">
    <p class='ocr_par' dir='ltr' id='par_1_108' title="bbox 1018 2261 1798 2307">
     <span class='ocr_line' id='line_1_108' title="bbox 1018 2261 1798 2307; baseline 0.014 -19"><span class='ocrx_word' id='word_1_774' title='bbox 1018 2261 1150 2291; x_wconf 80' lang='lat' dir='ltr'><strong>fratribus</strong></span> <span class='ocrx_word' id='word_1_775' title='bbox 1177 2265 1349 2300; x_wconf 79' lang='lat' dir='ltr'><strong>cogentibus.</strong></span> <span class='ocrx_word' id='word_1_776' title='bbox 1376 2265 1408 2292; x_wconf 85' lang='lat' dir='ltr'><strong>Et</strong></span> <span class='ocrx_word' id='word_1_777' title='bbox 1438 2275 1495 2294; x_wconf 87' lang='lat' dir='ltr'><strong>rem</strong></span> <span class='ocrx_word' id='word_1_778' title='bbox 1521 2276 1581 2295; x_wconf 80' lang='lat' dir='ltr'><strong>eam</strong></span> <span class='ocrx_word' id='word_1_779' title='bbox 1606 2277 1691 2297; x_wconf 71' lang='lat' dir='ltr'><strong>sacra:</strong></span> <span class='ocrx_word' id='word_1_780' title='bbox 1717 2271 1798 2307; x_wconf 74' lang='lat' dir='ltr'><strong>hujus</strong></span> 
     </span>
    </p>
   </div>
   <div class='ocr_carea' id='block_1_109' title="bbox 1019 2308 1799 2348">
    <p class='ocr_par' dir='ltr' id='par_1_109' title="bbox 1019 2308 1799 2348">
     <span class='ocr_line' id='line_1_109' title="bbox 1019 2308 1799 2348; baseline 0.012 -13"><span class='ocrx_word' id='word_1_781' title='bbox 1019 2308 1092 2336; x_wconf 87' lang='lat' dir='ltr'><strong>sedis</strong></span> <span class='ocrx_word' id='word_1_782' title='bbox 1111 2310 1276 2338; x_wconf 86' lang='lat' dir='ltr'><strong>auctoritate</strong></span> <span class='ocrx_word' id='word_1_783' title='bbox 1291 2311 1431 2345; x_wconf 78' lang='lat' dir='ltr'><strong>expediat,</strong></span> <span class='ocrx_word' id='word_1_784' title='bbox 1453 2320 1506 2338; x_wconf 87' lang='lat' dir='ltr'><strong>non</strong></span> <span class='ocrx_word' id='word_1_785' title='bbox 1528 2314 1615 2340; x_wconf 86' lang='lat' dir='ltr'><strong>inanis</strong></span> <span class='ocrx_word' id='word_1_786' title='bbox 1629 2315 1733 2348; x_wconf 69' lang='lat' dir='ltr'><strong>glorim,</strong></span> <span class='ocrx_word' id='word_1_787' title='bbox 1751 2325 1799 2344; x_wconf 88' lang='lat' dir='ltr'><strong>ve-</strong></span> 
     </span>
    </p>
   </div>
   <div class='ocr_carea' id='block_1_110' title="bbox 1017 2354 1793 2396">
    <p class='ocr_par' dir='ltr' id='par_1_110' title="bbox 1017 2354 1793 2396">
     <span class='ocr_line' id='line_1_110' title="bbox 1017 2354 1793 2396; baseline 0.012 -17"><span class='ocrx_word' id='word_1_788' title='bbox 1017 2362 1076 2380; x_wconf 87' lang='lat' dir='ltr'><strong>rum</strong></span> <span class='ocrx_word' id='word_1_789' title='bbox 1101 2354 1227 2382; x_wconf 89' lang='lat' dir='ltr'><strong>utilitatis</strong></span> <span class='ocrx_word' id='word_1_790' title='bbox 1243 2357 1395 2383; x_wconf 88' lang='lat' dir='ltr'><strong>communis</strong></span> <span class='ocrx_word' id='word_1_791' title='bbox 1421 2362 1468 2383; x_wconf 88' lang='lat' dir='ltr'><strong>aut</strong></span> <span class='ocrx_word' id='word_1_792' title='bbox 1493 2358 1664 2386; x_wconf 83' lang='lat' dir='ltr'><strong>necessitatis</strong></span> <span class='ocrx_word' id='word_1_793' title='bbox 1688 2367 1763 2396; x_wconf 76' lang='lat' dir='ltr'><strong>ergo.</strong></span> <span class='ocrx_word' id='word_1_794' title='bbox 1784 2372 1793 2388; x_wconf 72' lang='grc' dir='ltr'><strong>ι</strong></span> 
     </span>
    </p>
   </div>
   <div class='ocr_carea' id='block_1_111' title="bbox 1016 2399 1797 2437">
    <p class='ocr_par' dir='ltr' id='par_1_111' title="bbox 1016 2399 1797 2437">
     <span class='ocr_line' id='line_1_111' title="bbox 1016 2399 1797 2437; baseline 0.012 -12"><span class='ocrx_word' id='word_1_795' title='bbox 1016 2399 1117 2426; x_wconf 86' lang='lat' dir='ltr'><strong>Eadem</strong></span> <span class='ocrx_word' id='word_1_796' title='bbox 1132 2405 1160 2427; x_wconf 90' lang='lat' dir='ltr'><strong>et</strong></span> <span class='ocrx_word' id='word_1_797' title='bbox 1174 2400 1303 2428; x_wconf 81' lang='lat' dir='ltr'><strong>Anterius</strong></span> <span class='ocrx_word' id='word_1_798' title='bbox 1320 2403 1422 2437; x_wconf 76' lang='lat' dir='ltr'><strong>collega</strong></span> <span class='ocrx_word' id='word_1_799' title='bbox 1438 2404 1497 2437; x_wconf 82' lang='lat' dir='ltr'><strong>ejus</strong></span> <span class='ocrx_word' id='word_1_800' title='bbox 1514 2403 1607 2436; x_wconf 77' lang='lat' dir='ltr'><strong>refert,</strong></span> <span class='ocrx_word' id='word_1_801' title='bbox 1626 2405 1662 2431; x_wconf 83' lang='lat' dir='ltr'><strong>ita</strong></span> <span class='ocrx_word' id='word_1_802' title='bbox 1676 2407 1708 2433; x_wconf 88' lang='lat' dir='ltr'><strong>ad</strong></span> <span class='ocrx_word' id='word_1_803' title='bbox 1734 2415 1797 2434; x_wconf 76' lang='lat' dir='ltr'><strong>ver-</strong></span> 
     </span>
    </p>
   </div>
   <div class='ocr_carea' id='block_1_112' title="bbox 1017 2444 1796 2485">
    <p class='ocr_par' dir='ltr' id='par_1_112' title="bbox 1017 2444 1796 2485">
     <span class='ocr_line' id='line_1_112' title="bbox 1017 2444 1796 2485; baseline 0.013 -15"><span class='ocrx_word' id='word_1_804' title='bbox 1017 2444 1081 2471; x_wconf 91' lang='lat' dir='ltr'><strong>bum</strong></span> <span class='ocrx_word' id='word_1_805' title='bbox 1097 2445 1192 2473; x_wconf 89' lang='lat' dir='ltr'><strong>diccns</strong></span> <span class='ocrx_word' id='word_1_806' title='bbox 1208 2456 1214 2473; x_wconf 86' lang='lat'><strong>:</strong></span> <span class='ocrx_word' id='word_1_807' title='bbox 1233 2455 1242 2471; x_wconf 83' lang='grc' dir='ltr'><strong>ι</strong></span> <span class='ocrx_word' id='word_1_808' title='bbox 1264 2447 1482 2475; x_wconf 81' lang='lat' dir='ltr'><strong>Translationem</strong></span> <span class='ocrx_word' id='word_1_809' title='bbox 1499 2449 1692 2485; x_wconf 83' lang='lat' dir='ltr'><strong>episcoporqu</strong></span> <span class='ocrx_word' id='word_1_810' title='bbox 1720 2461 1796 2480; x_wconf 87' lang='lat' dir='ltr'><strong>com-</strong></span> 
     </span>
    </p>
   </div>
   <div class='ocr_carea' id='block_1_113' title="bbox 1016 2490 1793 2528">
    <p class='ocr_par' dir='ltr' id='par_1_113' title="bbox 1016 2490 1793 2528">
     <span class='ocr_line' id='line_1_113' title="bbox 1016 2490 1793 2528; baseline 0.012 -13"><span class='ocrx_word' id='word_1_811' title='bbox 1016 2490 1108 2517; x_wconf 91' lang='lat' dir='ltr'><strong>munis</strong></span> <span class='ocrx_word' id='word_1_812' title='bbox 1122 2491 1250 2517; x_wconf 88' lang='lat' dir='ltr'><strong>utilitatis</strong></span> <span class='ocrx_word' id='word_1_813' title='bbox 1265 2497 1312 2518; x_wconf 83' lang='lat' dir='ltr'><strong>aut</strong></span> <span class='ocrx_word' id='word_1_814' title='bbox 1326 2493 1499 2521; x_wconf 78' lang='lat' dir='ltr'><strong>necessitatis</strong></span> <span class='ocrx_word' id='word_1_815' title='bbox 1516 2495 1601 2528; x_wconf 83' lang='lat' dir='ltr'><strong>gratia</strong></span> <span class='ocrx_word' id='word_1_816' title='bbox 1618 2496 1718 2523; x_wconf 79' lang='lat' dir='ltr'><strong>scitote</strong></span> <span class='ocrx_word' id='word_1_817' title='bbox 1736 2498 1793 2524; x_wconf 76' lang='lat' dir='ltr'><strong>ﬁeri</strong></span> 
     </span>
    </p>
   </div>
   <div class='ocr_carea' id='block_1_114' title="bbox 1014 2534 1795 2574">
    <p class='ocr_par' dir='ltr' id='par_1_114' title="bbox 1014 2534 1795 2574">
     <span class='ocr_line' id='line_1_114' title="bbox 1014 2534 1795 2574; baseline 0.01 -13"><span class='ocrx_word' id='word_1_818' title='bbox 1014 2534 1110 2567; x_wconf 86' lang='lat' dir='ltr'><strong>licere,</strong></span> <span class='ocrx_word' id='word_1_819' title='bbox 1126 2544 1180 2563; x_wconf 88' lang='lat' dir='ltr'><strong>non</strong></span> <span class='ocrx_word' id='word_1_820' title='bbox 1197 2541 1287 2564; x_wconf 89' lang='lat' dir='ltr'><strong>autem</strong></span> <span class='ocrx_word' id='word_1_821' title='bbox 1304 2538 1452 2572; x_wconf 81' lang='lat' dir='ltr'><strong>cujuslibet</strong></span> <span class='ocrx_word' id='word_1_822' title='bbox 1468 2539 1629 2574; x_wconf 82' lang='lat' dir='ltr'><strong>cupiditate,</strong></span> <span class='ocrx_word' id='word_1_823' title='bbox 1645 2546 1692 2568; x_wconf 92' lang='lat' dir='ltr'><strong>ant</strong></span> <span class='ocrx_word' id='word_1_824' title='bbox 1707 2542 1795 2569; x_wconf 90' lang='lat' dir='ltr'><strong>domi-</strong></span> 
     </span>
    </p>
   </div>
   <div class='ocr_carea' id='block_1_115' title="bbox 1015 2581 1794 2618">
    <p class='ocr_par' dir='ltr' id='par_1_115' title="bbox 1015 2581 1794 2618">
     <span class='ocr_line' id='line_1_115' title="bbox 1015 2581 1794 2618; baseline 0.01 -11"><span class='ocrx_word' id='word_1_825' title='bbox 1015 2581 1137 2608; x_wconf 87' lang='lat' dir='ltr'><strong>natlonis</strong></span> <span class='ocrx_word' id='word_1_826' title='bbox 1152 2582 1308 2610; x_wconf 79' lang='lat' dir='ltr'><strong>aﬂ‘ectione.</strong></span> <span class='ocrx_word' id='word_1_827' title='bbox 1325 2584 1464 2618; x_wconf 84' lang='lat' dir='ltr'><strong>Siquidem</strong></span> <span class='ocrx_word' id='word_1_828' title='bbox 1481 2586 1578 2613; x_wconf 82' lang='lat' dir='ltr'><strong>Petrus</strong></span> <span class='ocrx_word' id='word_1_829' title='bbox 1589 2587 1684 2614; x_wconf 89' lang='lat' dir='ltr'><strong>doctor</strong></span> <span class='ocrx_word' id='word_1_830' title='bbox 1699 2593 1725 2615; x_wconf 84' lang='lat' dir='ltr'><strong>el.</strong></span> <span class='ocrx_word' id='word_1_831' title='bbox 1739 2589 1794 2615; x_wconf 77' lang='lat' dir='ltr'><strong>dux</strong></span> 
     </span>
    </p>
   </div>
   <div class='ocr_carea' id='block_1_116' title="bbox 1015 2628 1794 2661">
    <p class='ocr_par' dir='ltr' id='par_1_116' title="bbox 1015 2628 1794 2661">
     <span class='ocr_line' id='line_1_116' title="bbox 1015 2628 1794 2661; baseline 0.012 -9"><span class='ocrx_word' id='word_1_832' title='bbox 1015 2631 1109 2654; x_wconf 81' lang='lat' dir='ltr'><strong>noster</strong></span> <span class='ocrx_word' id='word_1_833' title='bbox 1140 2628 1333 2656; x_wconf 75' lang='lat' dir='ltr'><strong>ecclesiastica:</strong></span> <span class='ocrx_word' id='word_1_834' title='bbox 1350 2631 1475 2658; x_wconf 88' lang='lat' dir='ltr'><strong>utilitatis</strong></span> <span class='ocrx_word' id='word_1_835' title='bbox 1491 2640 1572 2659; x_wconf 84' lang='lat' dir='ltr'><strong>causa</strong></span> <span class='ocrx_word' id='word_1_836' title='bbox 1596 2641 1628 2660; x_wconf 88' lang='lat' dir='ltr'><strong>ex</strong></span> <span class='ocrx_word' id='word_1_837' title='bbox 1651 2635 1794 2661; x_wconf 84' lang='lat' dir='ltr'><strong>Antiochia</strong></span> 
     </span>
    </p>
   </div>
   <div class='ocr_carea' id='block_1_117' title="bbox 1015 2671 1792 2712">
    <p class='ocr_par' dir='ltr' id='par_1_117' title="bbox 1015 2671 1792 2712">
     <span class='ocr_line' id='line_1_117' title="bbox 1015 2671 1792 2712; baseline 0.014 -16"><span class='ocrx_word' id='word_1_838' title='bbox 1015 2671 1128 2697; x_wconf 76' lang='lat' dir='ltr'><strong>Romam</strong></span> <span class='ocrx_word' id='word_1_839' title='bbox 1144 2673 1294 2701; x_wconf 84' lang='lat' dir='ltr'><strong>translatus</strong></span> <span class='ocrx_word' id='word_1_840' title='bbox 1309 2681 1361 2708; x_wconf 87' lang='lat' dir='ltr'><strong>est,</strong></span> <span class='ocrx_word' id='word_1_841' title='bbox 1375 2681 1402 2704; x_wconf 90' lang='lat' dir='ltr'><strong>et</strong></span> <span class='ocrx_word' id='word_1_842' title='bbox 1415 2677 1478 2703; x_wconf 89' lang='lat' dir='ltr'><strong>inde</strong></span> <span class='ocrx_word' id='word_1_843' title='bbox 1492 2683 1585 2712; x_wconf 84' lang='lat' dir='ltr'><strong>postea</strong></span> <span class='ocrx_word' id='word_1_844' title='bbox 1599 2680 1792 2707; x_wconf 59' lang='lat' dir='ltr'><strong>Alexandriam</strong></span> 
     </span>
    </p>
   </div>
   <div class='ocr_carea' id='block_1_118' title="bbox 1013 2740 1792 2782">
    <p class='ocr_par' dir='ltr' id='par_1_118' title="bbox 1013 2740 1792 2782">
     <span class='ocr_line' id='line_1_118' title="bbox 1013 2740 1792 2782; baseline 0.012 -16"><span class='ocrx_word' id='word_1_845' title='bbox 1013 2740 1044 2782; x_wconf 51' lang='lat' dir='ltr'><strong>in</strong></span> <span class='ocrx_word' id='word_1_846' title='bbox 1061 2741 1364 2782; x_wconf 19' lang='lat' dir='ltr'><strong>urchintystis‘optimus</strong></span> <span class='ocrx_word' id='word_1_847' title='bbox 1375 2744 1499 2773; x_wconf 70' lang='lat' dir='ltr'><strong>Arscuius</strong></span> <span class='ocrx_word' id='word_1_848' title='bbox 1509 2767 1516 2777; x_wconf 88' lang='lat'><strong>,</strong></span> <span class='ocrx_word' id='word_1_849' title='bbox 1534 2747 1679 2782; x_wconf 77' lang='lat' dir='ltr'><strong>Ephesique</strong></span> <span class='ocrx_word' id='word_1_850' title='bbox 1694 2747 1792 2782; x_wconf 66' lang='lat' dir='ltr'><strong>pra&#39;mcl</strong></span> 
     </span>
    </p>
   </div>
   <div class='ocr_carea' id='block_1_119' title="bbox 1014 2776 1792 2816">
    <p class='ocr_par' dir='ltr' id='par_1_119' title="bbox 1014 2776 1792 2816">
     <span class='ocr_line' id='line_1_119' title="bbox 1014 2776 1792 2816; baseline 0.008 -14"><span class='ocrx_word' id='word_1_851' title='bbox 1014 2776 1125 2810; x_wconf 75' lang='lat' dir='ltr'><strong>inclytus</strong></span> <span class='ocrx_word' id='word_1_852' title='bbox 1147 2776 1325 2814; x_wconf 68' lang='lat' dir='ltr'><strong>Nic-ephorus,</strong></span> <span class='ocrx_word' id='word_1_853' title='bbox 1345 2780 1492 2808; x_wconf 81' lang='lat' dir='ltr'><strong>Cermmtu</strong></span> <span class='ocrx_word' id='word_1_854' title='bbox 1510 2776 1583 2810; x_wconf 62' lang='lat' dir='ltr'><strong>urbis</strong></span> <span class='ocrx_word' id='word_1_855' title='bbox 1607 2776 1718 2810; x_wconf 62' lang='lat' dir='ltr'><strong>Adriani</strong></span> <span class='ocrx_word' id='word_1_856' title='bbox 1737 2783 1792 2816; x_wconf 82' lang='lat' dir='ltr'><strong>epi-</strong></span> 
     </span>
    </p>
   </div>
   <div class='ocr_carea' id='block_1_120' title="bbox 1013 2819 1127 2846">
    <p class='ocr_par' dir='ltr' id='par_1_120' title="bbox 1013 2819 1127 2846">
     <span class='ocr_line' id='line_1_120' title="bbox 1013 2819 1127 2846; baseline 0.009 -8"><span class='ocrx_word' id='word_1_857' title='bbox 1013 2819 1127 2846; x_wconf 59' lang='lat' dir='ltr'><strong>scapus.</strong></span> 
     </span>
    </p>
   </div>
  </div>
