1899 3062
128 119 198 151 12ἒ7

742 121 950 150 ΝΠζΕΡΗΟΗΙ
969 121 1140 151 CALLlSTl

1683 121 1751 153 ιρις

128 187 200 206 nent.
218 178 246 205 lu
275 180 315 206 eis
346 187 414 214 quas
436 178 491 206 dixi
525 179 690 213 porticibus,
716 180 749 206 ad
774 179 913 213 fastigium

975 179 1073 213 ἓμενον,
1103 180 1150 206 καὶ
1167 178 1245 211 αὖθις
1271 180 1402 215 ἐξαπίνης
1427 180 1657 214 ἀναφαινόμενον⁹
1672 181 1755 206 τοὺτο

128 231 265 251 sutnmutn
295 225 409 251 cancelli
441 225 561 259 (quidam
598 224 732 252 fenestras
775 224 912 259 appellare

127 268 308 299 consuevere)
321 274 398 301 sunt,
414 270 569 303 porticibus
591 269 658 303 ipsis
673 273 701 295 et
720 269 837 296 subdiali
853 277 913 304 qua:

127 313 200 340 dicta
219 319 260 340 est
275 316 346 341 aula:
366 315 573 349 respondentes,
595 316 741 350 locumque
758 315 913 343 volentibus

127 358 236 390 dantes,
250 365 278 386 ut
292 368 324 386 ex
342 361 399 394 ipso
416 361 516 395 templo
533 367 621 392 extra,
638 365 666 388 et
690 369 801 388 rursum
816 361 849 387 ab
864 369 912 388 ex-

129 404 223 430 teriori
245 399 335 439 templi
350 409 426 439 parte
444 406 470 432 in
485 407 614 440 templum
624 407 782 441 prospicere
797 406 912 439 possint.

132 449 181 476 Ubi
199 449 232 476 ad
250 450 345 476 Levant
359 451 492 477 columnae
508 451 580 478 latus
608 453 634 478 itt
649 451 834 479 cancellorum
861 459 915 478 uno

128 495 294 522 emicanlem
309 503 422 523 ccrnere
438 502 480 524 est
501 497 661 525 immensam
677 498 823 532 quamdam
847 497 916 524 slel-

129 542 182 569 lam
200 542 249 578 (Ι),
265 551 313 578 per
331 544 477 571 fenestram
501 544 704 572 discurrentem
730 550 758 572 et
772 546 916 580 splendide

126 592 334 620 coruscantem,
350 592 378 614 et
395 588 476 615 modo
489 589 573 616 veluti
587 593 751 621 cessantem,
767 597 830 615 mox
850 596 916 616 vero

130 639 239 658 rursum
259 632 410 667 derepente
432 634 622 669 ail'ulgentem.
652 635 680 661 Id
701 634 774 669 quod
793 634 832 661 eis
857 639 917 660 tan-

127 683 187 704 tum
204 678 301 706 diebus
315 679 354 710 fit.
372 681 472 714 quibus
486 681 616 708 memoria
632 680 718 708 sancti
736 681 786 707 viri
803 680 915 707 colitur.

132 723 202 750 Sunt
222 724 306 751 etiam
320 725 368 760 qui
384 726 523 753 memoriae
538 727 731 761 prodiderunt.
747 727 833 761 ipsius
847 734 917 760 quo-

131 777 185 802 que
201 769 347 805 Symeonis
358 772 456 799 facient
473 773 546 800 illam
579 773 633 800 huc
661 778 745 807 atque
769 773 834 799 illnc
850 773 918 799 voli~

966 225 988 250 δ’
1003 226 1032 250 ἐν
1044 227 1078 259 τῇ
1106 226 1201 261 μνήμῃ
1227 226 1309 261 μόνον
1324 227 1382 252 τοῦ.
1393 227 1472 259 ἁγίου
1494 226 1662 260 ἐγγίνεσθαι.
1691 226 1757 252 Εἰσὶ

966 271 994 296 δὲ
1018 271 1041 297 οἳ
1062 265 1276 306 καθιστὸρησαν,
1302 272 1350 298 καὶ
1364 272 1431 298 αὐτὸ
1445 273 1534 298 ἐκεῖνο
1556 271 1586 298 τδ
1607 270 1653 297 τοῦ
1676 270 1756 296 ὁσίου

968 317 1115 350 πρόσωπον
1144 316 1196 344 ὦδε
1227 319 1338 344 κάκεῖσε
1367 319 1596 353 περιιπτὰμενον,
1623 318 1676 344 ἀνὰ
1707 318 1758 344 τὸν

968 362 1064 388 στῦλον
1079 363 1203 394 θεᾶσθαι,
1225 363 1273 399 τὴν
1301 364 1409 399 ὑπήνην
1437 365 1601 399 καθειμένον
1618 364 1657 396 ὼς
1685 365 1758 399 σχή-

969 416 1055 441 ματος
1066 406 1135 442 εἶχε,
1154 410 1202 434 καὶ
1224 409 1307 444 τιάρᾳ
1320 410 1369 444 τὴν
1392 411 1514 444 κεφαλὴν
1532 410 1756 444 καλυπτόμενον,

968 453 1006 484 ὥς
1026 462 1057 487 γε
1075 452 1108 488 ἦν
1124 455 1228 486 εἰωθός.
1249 454 1354 489 Ὀρῶσι
1370 455 1397 481 δὲ
1414 456 1514 487 πάντες
1533 456 1564 481 τδ
1584 456 1692 491 θαῦμα,
1709 456 1758 483 καὶ

968 501 1097 534 γυναῖκες
1114 501 1165 532 ἔξω
1181 501 1246 536 περὶ
1261 501 1311 531 τὰς
1327 501 1407 535 φλιὰς
1433 502 1552 527 ἑστῶσαι
1569 509 1576 516 ·
1599 503 1615 536 ἡ
1633 501 1689 536 γὰρ
1706 502 1757 536 μία

969 546 1024 572 τῶν
1054 545 1171 580 θυρίδων
1201 547 1314 580 ἀντικρὺ
1341 547 1388 573 τοῦ
1419 546 1608 580 σελαγὶςοντος
1637 548 1759 581 ἀστέρος

968 591 1036 618 ὲστί.
1056 591 1143 626 Πολλὴ
1159 593 1212 625 γάρ
1227 601 1270 624 τις
1284 592 1373 618 ἔνεστι
1390 592 1498 626 φυλακὴ
1511 592 1549 626 τῷ
1564 592 1656 627 χώρῳ,
1669 592 1709 623 ὡς
1723 593 1758 618 ἂν

969 637 1009 670 μὴ
1023 636 1092 671 λάθῃ
1105 638 1173 672 γυνὴ
1186 637 1240 664 τῶν
1257 637 1339 672 ἱερῶν
1352 637 1505 672 περιϐόλων
1520 637 1574 663 ἔσω
1589 639 1756 672 φοιτήσασα.

968 681 1001 710 Οἱ
1015 683 1037 709 δ’
1054 682 1150 718 ἄνδρες
1166 684 1213 709 καὶ
1231 682 1286 709 τῶν
1302 684 1440 718 ἀγροίκων
1455 683 1572 709 εἰσίασιν
1591 683 1665 710 ἔνδον
1685 683 1758 716 μετὰ

967 728 1023 754 τῶν
1035 729 1194 764 νωτοφόρων
1215 730 1302 763 σφίσι,
1320 729 1450 760 πολλάκις
1471 728 1688 764 περιπολοῦντες
1709 729 1758 755 τὸν

969 774 1057 799 κίονα.
1074 774 1201 800 Τοσαῦτα
1213 776 1278 809 περὶ
1292 775 1339 800 τοῦ
1355 774 1481 809 Συμεών.

132 823 245 850 tantem,
277 820 309 846 ad
327 820 483 848 columnam
508 822 606 853 videri,
628 821 722 852 barba.
747 820 829 848 sicuti
856 828 915 847 eam
935 826 1100 855 gestaverat,
1122 822 1310 854 submissiore,
1339 827 1367 849 et
1385 822 1473 856 capite
1509 822 1577 848 tiara
1588 826 1677 853 tecto;
1692 828 1756 848 nam

132 865 172 892 sic
186 873 296 900 quoque
315 867 360 894 ille
375 867 501 895 incedere
512 868 610 895 solitus
625 867 726 895 fuerat.
748 867 908 894 Miraculum
928 867 979 894 hoc
1011 873 1135 902 spectant
1165 876 1271 900 omnes,

1310 869 1439 895 mulieres
1461 876 1580 903 quoque,
1604 869 1651 894 sed
1678 872 1756 895 extra

132 913 263 946 templum
289 920 320 940 ac
348 919 440 948 postes
460 920 572 942 stantes.
598 915 684 942 Janus
705 916 778 942 enim
805 923 858 941 una
898 921 932 941 ex
951 913 1068 941 adverso
1084 915 1169 942 stella:
1185 915 1299 950 fulgenti
1315 915 1404 942 locata
1422 921 1475 942 est.
1509 915 1547 941 Ne
1558 915 1631 941 enim
1654 915 1757 941 mulier

132 959 267 992 quaepiam
281 967 385 987 sacram
400 961 486 988 atdem
499 961 569 988 forte
583 962 764 996 ingrediatur.
780 962 863 990 etiam
882 967 964 996 atque
980 961 1062 988 etiam
1079 963 1174 989 nescio
1191 970 1273 997 quam
1291 963 1326 990 ob
1342 970 1452 990 causam
1465 970 1513 996 per
1528 962 1681 988 custodiam
1694 962 1755 988 loco

129 1004 158 1030 ei
174 1004 329 1039 impositam
346 1011 471 1033 cavetur.
492 1007 547 1034 Viri
563 1013 666 1040 autem,
681 1008 764 1035 etiam
779 1017 811 1035 ex
837 1008 960 1040 rusticis,
992 1015 1046 1034 una
1066 1015 1128 1035 cum
1161 1008 1295 1043 jumentis
1320 1009 1379 1037 suis
1405 1008 1620 1043 ingrediuntur,
1655 1009 1757 1042 sacpius

134 1051 290 1078 columnam
303 1051 389 1087 ipsam
405 1055 620 1082 circumeuntes.
641 1054 705 1082 lliec
719 1055 752 1081 de
770 1055 916 1090 Symeoue.

395 1111 476 1147 564
495 1110 608 1140 CAPUT
620 1112 674 1140 Lll.

134 1157 172 1184 De
194 1160 288 1184 sancto
303 1161 326 1184 et
345 1165 441 1192 magna
462 1158 615 1193 Euthymio,
639 1159 752 1194 aliisque
769 1159 813 1194 qui
828 1163 919 1185 sancte

344 1195 436 1228 pieque
454 1194 535 1220 vitam
554 1200 707 1229 exegerunt.

170 1248 227 1277 Sub
243 1250 339 1278 eodem
356 1250 470 1286 imperio
487 1258 604 1285 magnus
618 1252 700 1278 etiam
728 1251 773 1278 ille
791 1256 818 1278 et
834 1251 920 1286 incly-

135 1300 179 1322 tus
195 1295 360 1330 Euthymius
380 1298 405 1323 in
423 1297 566 1324 Palatstina
583 1297 722 1325 excelluit.
739 1297 789 1331 Qui
803 1297 854 1324 sub
873 1297 920 1324 Va-

135 1342 209 1368 lente
218 1343 328 1377 quidem
336 1351 369 1370 ex
386 1343 570 1377 promissiotte
583 1348 674 1376 natus,
691 1351 705 1370 a
722 1351 820 1378 magno
829 1348 919 1371 autent

131 1388 228 1414 ()treio
243 1389 342 1415 Acacio
357 1389 538 1416 Melitinensis
555 1389 688 1417 Ecclesiae
706 1391 843 1424 episcopis
867 1391 920 1417 rite

135 1434 233 1461 doctus
250 1439 331 1469 atque
344 1435 461 1463 eductus
481 1444 487 1462 :
505 1436 607 1463 deinde
632 1436 659 1463 in
692 1437 919 1472 presbyterorum

133 1481 259 1507 ordinem
276 1481 400 1511 allectus,
413 1489 552 1508 sacrarum
571 1486 674 1508 tantum
704 1490 794 1509 rerum
825 1490 919 1510 curam

134 1527 232 1560 gessit.
259 1526 356 1553 Postea
375 1527 401 1553 in
426 1526 568 1554 Palwstina
592 1535 646 1554 una
666 1535 727 1554 eum
759 1528 926 1554 admirando

137 1572 295 1599 'l‘heoctislo
311 1573 336 1599 in
355 1578 434 1600 antro
453 1574 574 1608 quodam
588 1574 698 1600 virtutis
714 1573 810 1600 statuit
834 1573 918 1601 oflici-

138 1627 199 1646 nam
216 1626 224 1645 :
242 1619 388 1654 multisque
402 1625 430 1647 et
444 1619 525 1646 variis
537 1620 623 1651 callis,
640 1620 786 1646 sanctioris
800 1620 921 1654 philoso-

139 1666 209 1700 pbia:
239 1666 326 1692 mellis
350 1666 468 1700 stipandi
499 1666 585 1700 gratia
615 1666 794 1698 constructis,
826 1667 922 1701 ingens

138 1711 261 1738 rondidit
283 1712 491 1738 monasterium.
519 1712 546 1739 In
576 1716 681 1739 tantum
703 1717 795 1739 autem
820 1713 921 1740 virtute

135 1758 247 1789 enituit,
267 1763 295 1784 ut
311 1765 373 1785 cum
391 1765 478 1784 canon
495 1763 576 1789 esset.
594 1763 622 1786 et
651 1759 773 1786 formula
802 1759 919 1786 instituti

137 1803 293 1834 monastici,
307 1808 363 1830 tum
377 1804 515 1831 miraculis
529 1805 611 1831 etiatn
627 1805 740 1832 edendis
757 1806 920 1840 praeclarum

139 1849 274 1876 obtineret
294 1857 405 1876 nonten.
422 1850 488 1877 Nam
503 1851 648 1878 Persarum
657 1851 801 1886 cujusdam
818 1852 923 1878 tribttni

141 1893 225 1920 lilium
248 1895 343 1921 morbo
359 1895 503 1922 liberatum
515 1896 547 1922 ad
569 1895 785 1923 incolumitatem
802 1896 924 1928 reduxit,

139 1944 167 1965 et
181 1939 243 1966 εωιὶ
262 1940 360 1974 ianuas
376 1941 496 1974 aperuit,
523 1947 604 1975 atque
618 1942 706 1968 sterili
728 1947 806 1968 terrzc
825 1942 923 1969 fertili-

140 1989 221 2012 tatem
238 1985 411 2012 orationibus
431 1986 598 2012 conciliavit.
618 1987 714 2013 Eﬂ'ecit
728 1988 809 2014 etiam
822 2009 829 2021 ,
847 1992 876 2014 ut
891 1996 923 2014 ex

138 2030 311 2065 paucissimis
326 2030 437 2065 plurimi
456 2038 539 2064 panes
554 2031 662 2063 fierent,
678 2032 777 2066 quibus
794 2032 924 2066 quadrin-

140 2078 211 2111 genti
229 2078 279 2104 viri
297 2078 390 2105 refecti
406 2083 468 2104 sunt
484 2087 490 2104 :
511 2078 641 2105 mulieres
658 2079 767 2106 steriles
793 2079 925 2107 fecundas

138 2123 269 2150 reddidit.
285 2124 352 2150 Cum
373 2125 458 2151 sacris
470 2124 592 2159 mysticis
609 2131 782 2159 operaretur,
800 2126 845 2152 lux
871 2133 926 2152 cm-

139 2170 205 2197 iitus
215 2169 328 2203 perinde
341 2174 422 2204 atque
432 2170 558 2196 columna
572 2171 715 2205 aﬂ'uigens,
727 2179 789 2198 eum
804 2172 922 2198 circum—

141 2215 216 2241 dedit
232 2223 238 2241 :
257 2215 342 2242 veluti
366 2222 433 2242 voce
450 2216 562 2246 emissa,
593 2221 695 2250 quanta
727 2217 789 2244 vitat
805 2218 925 2252 puritate

138 2259 181 2285 vir
193 2258 216 2285 is
233 2263 305 2286 esset
321 2259 455 2286 indicans.
469 2260 501 2286 Et
518 2268 574 2294 qtto
589 2260 705 2295 quisque
719 2269 814 2289 eorum
831 2265 925 2290 anitno

137 2311 221 2337 esset,
238 2305 285 2340 qui
305 2305 338 2332 ad
357 2313 463 2333 sacrant
480 2307 700 2333 communionetn
720 2308 924 2342 percipiendam

137 2351 316 2383 accedebant,
332 2359 381 2386 per
396 2359 522 2378 arcanam
552 2352 746 2379 rerelationem
776 2355 926 2388 perspicie-

139 2398 197 2430 bat,
213 2399 285 2432 quoii
302 2398 486 2425 clarissimum
514 2406 627 2432 prorsus
656 2400 846 2426 sanctimonim
866 2402 925 2435 eius

1273 1111 1398 1137 ΚΕΦΛΛ.
1420 1109 1468 1135 lB’.

971 1158 1039 1191 Περὶ
1058 1157 1110 1184 τοῦ
1126 1157 1213 1190 ἁγίου
1226 1156 1276 1182 καὶ
1286 1157 1422 1190 μεγάλου
1450 1157 1612 1190 ΕὑθινμΙου,
1638 1156 1688 1182 καί
1703 1156 1756 1182 ἀι-

1068 1194 1132 1218 λων
1148 1191 1294 1225 θεοφιλῶς
1309 1192 1362 1217 τὸν
1374 1192 1446 1223 βίον
1456 1191 1653 1224 διηνυκότων.

1010 1249 1073 1276 Ἐπὶ
1089 1250 1117 1275 δὲ
1134 1248 1183 1282 τῆς
1197 1249 1282 1283 αὑτῆς
1297 1249 1443 1284 ἡγεμονίας
1462 1250 1510 1276 καὶ
1525 1249 1662 1283 saeuum;
1677 1249 1751 1275 ἐκεῖ-

971 1304 1014 1327 νος
1028 1296 1041 1321 ό
1067 1295 1155 1330 μέγας
1181 1295 1228 1321 καὶ
1246 1294 1411 1329 περιϐόητος
1436 1295 1487 1321 ἀνὰ
1504 1295 1552 1329 τὴν
1568 1295 1756 1327 Παλαιστίνην

970 1340 1129 1375 διέλαμπεν·
1147 1340 1177 1372 ἐξ
1195 1340 1363 1374 ἐπαγγελίας
1384 1340 1434 1374 μὲν
1461 1341 1665 1375 γεγεννῆμὲνος
1685 1341 1755 1367 κατὰ

970 1388 1033 1418 τοὺς
1047 1387 1158 1422 χρόνους
1174 1387 1337 1418 Οὐάλεντος,
1360 1387 1478 1421 Ὀτρηῖῳ
1501 1387 1531 1413 δὲ
1553 1387 1591 1421 τῷ
1615 1387 1688 1413 πάνυ
1710 1388 1755 1413 καὶ

977 1433 1098 1468 Ἀκακίῳ
1111 1434 1169 1464 τοῖς
1184 1433 1234 1467 τῆς
1250 1433 1403 1459 Μελιτινῶν
1416 1432 1566 1466 ἐκκλησίας
1577 1432 1660 1464 θείοις
1670 1433 1755 1467 καθη-

971 1480 1070 1514 γεμόσι
1094 1479 1209 1513 τραφεὶς
1235 1478 1319 1512 ἀξίως
1339 1479 1386 1505 καὶ
1415 1479 1541 1510 παιδείας
1564 1479 1754 1514 μετειληχώς·

972 1525 1030 1552 εἶτα
1044 1525 1093 1560 τὴν
1111 1524 1157 1551 τοῦ
1177 1524 1364 1559 πρεσϐυτέρου
1380 1524 1489 1558 δέχεται
1507 1524 1690 1559 χειροτονίαν,
1709 1524 1755 1549 καὶ

971 1572 1025 1598 τῶν
1040 1572 1120 1606 ίερῶν
1137 1571 1226 1606 μονῶν
1235 1572 1285 1606 τὴν
1298 1571 1460 1604 ἐπιμέλειαν
1470 1570 1534 1605 ὲκλη
1540 1570 1629 1605 ροῦτο.
1639 1570 1756 1598 Ἔπειτα

972 1619 1043 1645 κατὰ
1061 1619 1246 1652 Παλαιστίνην
1259 1617 1417 1651 γενόμενος,
1434 1617 1463 1642 ἐν
1478 1625 1533 1643 τινι
1553 1616 1681 1650 σπηλαίῳ
1696 1615 1756 1642 σύν‹

972 1673 1030 1699 αμα
1046 1663 1084 1699 τῷ
1100 1663 1251 1699 θαυμαστῷ
1266 1663 1421 1698 Θεοχτίστῳ
1433 1663 1463 1689 τὸ
1474 1663 1524 1697 τῆς
1539 1663 1641 1698 ἀρετῆς
1655 1663 1757 1697 πήγννρ

973 1717 1016 1736 ται
1033 1711 1225 1745 ἐργαστήριον,
1245 1710 1292 1736 καὶ
1310 1709 1340 1735 τὸ
1359 1711 1407 1743 τῆς
1424 1709 1585 1743 φιλοσοφίας
1602 1709 1757 1734 ἐκπονεῖται

974 1756 1023 1782 σῦν
1039 1756 1136 1791 ἐκείνῳ
1152 1757 1213 1791 μέλι
1230 1756 1283 1782 ὑπὸ
1298 1755 1405 1786 πολλοῖς
1416 1755 1464 1780 καὶ
1479 1754 1619 1789 διαφόροις
1635 1762 1759 1787 καταγω-

974 1802 1055 1835 γίοις’
1072 1802 1118 1828 καὶ
1140 1803 1244 1836 λαύραν
1267 1800 1448 1836 ὑπερμεγέθη
1467 1800 1620 1835 συνῐστησι·
1644 1800 1691 1826 καὶ
1713 1800 1759 1826 ἐπὶ

973 1848 1053 1874 τόσον
1068 1847 1212 1882 προελθεῖν
1227 1848 1340 1882 ἀρετῆς,
1354 1847 1390 1878 ὡς
1403 1847 1506 1873 κανόνα
1520 1847 1567 1872 καὶ
1581 1847 1668 1872 τύπον
1684 1846 1759 1880 γενέ-

975 1893 1037 1920 σθαι
1052 1893 1101 1922 τὸν,
1113 1893 1171 1928 βίον
1190 1893 1340 1928 μοναδικῆς
1358 1893 1562 1923 καταστάσεως
1581 1889 1720 1927 περιφανῆ
1733 1891 1759 1917 δι

974 1938 1102 1974 γενέσθαι
1122 1941 1177 1971 τοῖς
1196 1939 1330 1973 θαύμασι.
1346 1939 1399 1965 Τοῦ
1417 1939 1473 1973 γὰρ
1491 1939 1604 1972 Περσῶν
1620 1938 1759 1973 φυλάρχου

974 1986 1019 2011 τδν
1038 1986 1120 2012 παῖδα
1136 1985 1270 2021 ἀρτιμελῆ
1289 1986 1337 2012 καὶ
1359 1985 1428 2011 σῶον
1444 1985 1562 2018 ἐδείκνυ,
1581 1985 1627 2010 καὶ
1644 1984 1694 2015 τὰς
1713 1983 1759 2009 τοῦ

975 2032 1092 2066 οὐρανοῦ
1108 2031 1193 2067 θύρας
1213 2032 1327 2066 ἀνέῳξε,
1348 2031 1395 2057 καὶ
1411 2031 1525 2065 γόνιμον
1537 2030 1587 2065 τὴν
1606 2031 1658 2064 γῆν
1672 2030 1761 2064 (imp-

975 2079 1040 2105 πίαν
1053 2078 1186 2106 νοσοῦσαν
1205 2079 1432 2112 παρεσκευάσατο
1455 2078 1517 2108 ταῖς
1533 2077 1636 2111 εὐχαῖς.
1654 2075 1761 2110 Πλῆθος

975 2125 1002 2150 δὲ
1019 2124 1108 2159 ἄρτων
1125 2126 1156 2151 ὲκ
1180 2124 1250 2151 πάνυ
1279 2123 1460 2158 βραχυτάτων
1477 2122 1603 2156 πηγάσαι
1619 2121 1759 2155 ἐποίησεν,

976 2170 1005 2200 ἐξ
1029 2168 1066 2197 ὧν
1086 2171 1134 2197 καὶ
1155 2170 1329 2206 τετρακόσιοι
1344 2170 1441 2203 ἄνδρες
1466 2169 1636 2204 ἐτράφησαν
1653 2167 1761 2201 γυναιξὶ

976 2217 997 2242 δ’
1014 2217 1227 2251 ὲστειρωμέναις
1245 2217 1293 2247 τὰς
1313 2216 1422 2250 μήτρας
1437 2215 1617 2245 εὐτεκνούςας
1632 2213 1760 2240 καθίστα.

976 2263 1031 2298 Τὴν
1047 2263 1068 2288 δ’
1086 2263 1162 2297 ἱερὰν
1178 2261 1368 2292 ἐπιτελοῦντος
1386 2261 1594 2295 μυσταγωγίαν,
1607 2260 1664 2293 φῶς
1683 2260 1761 2294 οὐρα-

976 2310 1051 2336 νόθεν
1063 2307 1162 2343 οἷάπερ
1180 2308 1275 2339 στῦλος
1296 2307 1469 2342 περιλάμπον
1494 2306 1537 2332 ἐπ’
1554 2306 1636 2332 αὑτὸν
1653 2305 1761 2331 καθεῖτο

977 2355 1189 2389 συμπαρεστώς·
1209 2355 1255 2380 καὶ
1271 2354 1353 2380 οἱονεὶ
1369 2353 1461 2387 φωνὴν
1476 2352 1577 2386 ἀφιεὶς,
1595 2349 1650 2382 οἷος
1668 2353 1702 2386 τῇ
1714 2351 1760 2377 τοῦ

978 2400 1034 2435 βίου
1052 2399 1227 2434 λαμπρότητι
1255 2400 1269 2425 ό
1295 2399 1375 2432 ἁνήρ·
1395 2399 1442 2424 καὶ
1467 2397 1521 2423 τῶν
1545 2397 1714 2430 προσιόντων
1729 2397 1761 2430 τῇ

138 2452 254 2470 summa:
270 2444 400 2471 indicium
417 2444 478 2471 fuit.
502 2445 628 2478 Migravit
649 2450 740 2472 autetn
756 2447 798 2472 vir
829 2447 920 2473 beatu:

980 2446 1039 2480 θείᾳ
1068 2444 1195 2480 κοινωνία
1215 2442 1271 2475 οἶος
1298 2443 1415 2475 ἕκαστος
1443 2442 1492 2478 τὴν
1518 2442 1636 2468 διάθεσιν
1661 2442 1763 2476 νοερῶς

139 2490 174 2517 ad
191 2491 346 2523 Dominum,
378 2499 439 2518 eutn
470 2492 618 2527 nonaginta
651 2497 679 2519 et
704 2497 808 2526 septem
838 2501 925 2519 annos

138 2537 283 2570 exegisset,
301 2537 393 2564 Leone
414 2544 512 2573 magno
532 2539 697 2572 imperante.
714 2539 773 2564 Vita
796 2539 923 2568 modera-

141 2587 187 2609 tus
211 2588 239 2610 et
269 2584 393 2612 moribus
421 2593 552 2620 perquam
580 2585 694 2619 simplex
722 2585 775 2612 fuit
798 2593 803 2611 :
836 2584 928 2611 colore

141 2628 287 2662 candidus,
305 2637 334 2659 et
348 2631 381 2658 ad
397 2631 501 2659 femora
519 2640 603 2667 usque
616 2631 791 2666 promissam,
811 2638 926 2665 eamque

142 2675 257 2701 densam
288 2677 393 2705 habens
422 2679 545 2706 barbam.
576 2678 613 2705 Dc
635 2686 689 2713 quo
715 2678 781 2704 illud
808 2677 928 2704 historia:

147 2726 322 2748 memorant:
344 2731 405 2750 cum
440 2724 592 2751 monachus
622 2724 734 2758 quidam
761 2729 926 2755 moreretur,

142 2767 191 2801 qui
205 2767 341 2802 egregiam
353 2768 461 2797 virtutis
470 2776 497 2798 et
511 2770 645 2797 castitatis
656 2771 754 2796 fatuam
776 2769 926 2802 obtineret,

979 2491 1132 2526 ὲμυεῖτο,’ὂ
1142 2491 1293 2525 τεκμέριον
1306 2489 1513 2524 ὲμφανέστατον
1525 2488 1646 2522 ἀτεχνῶς
1659 2487 1709 2522 τῆς
1724 2488 1763 2517 εἰς

980 2537 1062 2570 ἄκρον
1074 2537 1178 2562 ἐκείνου
1192 2537 1367 2570 καθάρσεως.
1384 2533 1526 2568 Ἐξεδήμει
1537 2533 1565 2559 δὲ
1581 2532 1649 2567 πρὸς
1662 2532 1763 2566 Κύριον

979 2585 993 2609 ὁ
1013 2585 1149 2617 μακάριος
1176 2583 1276 2609 ἑκατὸν
1306 2582 1373 2608 ὲτῶν
1401 2580 1520 2615 γεγονὼς
1544 2580 1659 2606 δεόντων
1677 2578 1763 2613 μόνων

979 2631 1075 2665 τριῶν,
1091 2631 1206 2660 Λέοντος
1222 2629 1268 2655 τοῦ
1285 2628 1404 2664 μεγάλου
1419 2627 1468 2662 τὴν
1486 2626 1574 2661 ἀρχὴν
1588 2624 1761 2653 διιθύνοντος·

982 2677 1091 2712 μέτριος
1106 2675 1143 2702 ὢν
1153 2677 1182 2702 τὺ
1197 2674 1272 2710 ἦθος,
1290 2676 1337 2701 καὶ
1351 2675 1398 2701 τὺν
1410 2674 1511 2708 τρόπον
1526 2673 1598 2706 μάλα
1609 2670 1763 2697 ἁπλούστα-

978 2731 1033 2755 το;’
1051 2723 1080 2749 τὸ
1096 2723 1123 2748 δὲ
1137 2722 1236 2757 χρῶμα
1249 2722 1358 2752 λευκὸς,
1388 2720 1453 2755 ἄχρι
1472 2719 1527 2745 τῶν
1547 2717 1642 2752 μηρῶν
1656 2717 1764 2742 δασεῖαν

979 2769 1145 2804 καθειμένην
1166 2769 1215 2803 τὴν
1245 2769 1352 2803 ὑπήνην
1378 2767 1457 2802 ἔχων.
1489 2765 1643 2799 ’ἱστόρηται
1672 2763 1762 2796 μέντοι

184 2836 222 2871 (1)
239 2836 313 2863 lianc
338 2837 441 2864 stellam
475 2847 504 2866 se
529 2839 628 2866 vidisse
664 2840 759 2867 scribit
787 2839 930 2873 Eragrius,
956 2838 1001 2865 lib.
1023 2846 1042 2869 t,
1068 2847 1128 2872 cap.
1147 2839 1188 2865 Η.
