1899 3062
167 130 236 161 125ῧ
773 124 956 156 NlCEPliOl

1012 121 1179 152 SALLIS'l‘l
1727 121 1800 154 1.56

165 187 211 220 qui
237 186 362 218 dederit,
386 190 413 213 ct
439 185 510 212 filios
536 184 581 219 qui
609 183 767 217 acrepcrint
791 181 950 216 imperium,
971 180 1043 214 quod
1078 178 1246 204 laudatorem
1267 176 1346 204 talem
1362 177 1578 204 sintconsecuti.
1596 187 1604 203 ι
1639 178 1699 206 [hcc
1714 179 1800 206 Liba~

167 235 239 262 nius.
258 233 423 261 Plutarchus
457 241 522 259 vero
545 231 699 258 orationem
737 228 884 255 dilucidam
908 231 935 253 et
956 226 1060 252 facilem
1087 231 1150 250 vere
1165 228 1190 249 ('l
1208 229 1335 256 germane
1357 222 1475 249 Atticam
1504 231 1566 250 esse
1588 231 1692 252 censet.
1718 236 1726 250 ι
1750 227 1802 252 διν

166 282 253 312 enim,
275 280 366 315 inquit
384 280 440 311 ille,
460 282 585 305 oratores
606 273 876 308 dixeruntuGorgias
891 276 983 298 autent
1015 270 1166 297 Leontinus
1204 270 1308 303 primus
1342 268 1439 295 vitium
1455 269 1506 295 hoc
1527 270 1553 295 in
1574 270 1715 297 orationes
1731 272 1803 298 civi-

166 327 216 359 les,
232 327 349 353 sublime
365 330 390 352 cl
410 323 554 359 ﬁguratum
573 322 681 349 dicendi
700 328 787 356 genus
803 319 945 348 aﬂeclanS.
968 317 1081 347 invexit,
1102 320 1130 342 et
1146 315 1349 349 perspicuitatis
1367 315 1519 343 luminibus
1531 316 1680 344 obstruxit.
1693 317 1802 344 Vitium

167 374 218 400 hoc
235 374 316 400 etiam
339 371 530 398 admirandum
550 369 692 396 Platonem
718 366 844 400 contigit.
861 373 869 389 ›
891 363 968 396 Quod
991 363 1014 390 si
1034 363 1085 389 bac
1114 361 1142 388 in
1159 368 1189 388 re
1208 361 1356 388 Plutarcho
1371 362 1542 389 credendum
1557 368 1609 390 est.
1624 367 1653 389 ut
1671 364 1802 398 profecto

167 420 396 450 cstcredcudum,
412 418 505 445 multis
519 416 609 443 modis
623 415 691 442 alios
705 421 801 441 omnes
818 402 966 448 praeclarus
981 414 1092 445 superat
1103 409 1233 441 Joannes,
1254 409 1300 444 qui
1319 409 1346 436 in
1366 409 1537 437 orationibus
1553 410 1611 437 suis
1620 410 1801 438 Atticismum

173 469 267 500 refert,
285 472 312 494 ct
328 467 553 502 perspicuitatem
566 465 615 496 ita,
628 463 739 490 utltaud
760 463 842 489 sciam
859 469 892 488 an
909 460 978 487 alius
992 459 1135 494 quisquam
1149 457 1245 492 magis,
1265 458 1393 484 retinet.»
1415 457 1479 485 Haec
1504 458 1614 485 divinus
1628 458 1764 486 Isidorus.

1305 526 1429 552 ΚΕΦΑΛ.
1453 526 1515 554 NA'.

414 535 496 569 569
514 533 626 561 CAPUT
647 532 714 560 LIV.
970 531 994 558 Α

170 595 207 621 De
229 598 320 621 sancto
339 592 402 619 Nilo
421 601 429 619 :
445 593 476 618 de
494 591 582 618 Marco
602 591 729 618 monac/to
745 594 768 617 et
783 590 815 616 de
840 587 956 616 Theodo-

425 633 479 654 reto
494 626 557 662 Cyri
573 628 700 661 episcopo.

207 685 374 713 Admiranda
398 690 489 711 autem
513 684 573 710 Nilo
593 684 678 718 patria
703 680 956 715 Constantinopolis

171 731 232 762 fuit,
250 732 328 765 cujus
342 731 424 757 etiam
443 734 556 764 propter
573 729 711 763 egregiam
729 727 839 762 generis
857 726 956 753 nobili-

172 782 254 804 tatem
281 776 425 811 praefectus
451 775 511 802 fuit.
540 775 663 802 Potentia
687 779 779 800 aulem
805 777 832 800 et
857 772 956 806 opibus

171 824 303 854 afllueus,
329 823 478 848 asceticam
505 821 559 848 illis
588 821 707 854 pra-tulit
734 820 836 851 vitam;
855 818 956 853 quippe

170 869 216 902 qui
239 870 271 894 ad
292 868 448 902 exemplum
470 867 558 894 divini
581 867 706 897 Davidis,
723 867 755 893 ad
780 867 891 892 domum
910 865 955 892 Dei

170 914 251 949 abjici
264 934 271 946 ,
288 921 370 948 quam
391 914 417 940 in
438 913 623 939 tabernaculis
639 917 811 946 peccatorum
833 911 955 938 liabitar‘c

171 961 309 987 maluerit.
324 959 356 986 Et
366 967 430 985 cum
445 958 613 993 eloquentiae
627 958 651 984 vi
666 959 791 992 polleret,
804 958 957 992 divina‘qne

170 1007 264 1042 gratia:
277 1007 367 1033 nervis
382 1006 488 1033 validus
501 1010 586 1036 esset.
601 1005 704 1038 scripta
721 1005 806 1034 varia.
823 1012 883 1038 quae
895 1005 957 1030 vitae

171 1052 329 1080 monasticae
353 1052 516 1083 exercitium
534 1051 692 1082 instruunt,
719 1050 845 1084 reliquit,
865 1050 958 1077 verbis

170 1103 198 1125 ct
221 1098 369 1125 sententiis
394 1097 431 1124 ita
458 1097 628 1132 composita,
647 1101 677 1122 ut
700 1097 811 1123 lectoris
835 1096 956 1123 animum

170 1146 256 1180 gratia
280 1145 435 1171 incredibili
458 1149 596 1171 recreent.
619 1143 735 1177 Scripsit
759 1151 870 1178 quoquc
885 1143 956 1170 divi-

170 1198 268 1217 norum
289 1190 400 1217 Patrum
419 1189 446 1216 in
466 1194 557 1215 monte
575 1188 638 1215 Sina
656 1188 762 1215 obitum
782 1190 954 1223 martyrium,
972 1206 994 1236 Β

172 1236 299 1262 facundia
320 1241 347 1262 et
367 1235 467 1262 affectu
489 1239 582 1266 tanto,
605 1239 635 1261 ut
653 1235 720 1261 satis
743 1234 806 1261 inde
828 1233 956 1268 colligere

171 1283 262 1313 liceat,
282 1290 362 1316 quam
376 1282 475 1309 eximia
490 1281 614 1310 doctrina
627 1282 703 1317 juxta
719 1287 746 1309 et
762 1282 864 1308 virtute
877 1281 919 1308 vir
935 1281 958 1308 is

172 1330 274 1357 fuerit:
294 1330 338 1357 ubi
354 1329 436 1356 etiam
450 1337 514 1356 suas
528 1334 556 1356 et
572 1329 690 1355 filiorum
711 1337 755 1356 res
770 1329 865 1363 paucis
882 1336 958 1356 com-

172 1380 319 1406 memorat,
341 1374 536 1402 miserabiliter
550 1375 634 1402 veluti
653 1375 679 1401 in
696 1375 828 1409 tragoedia
845 1374 959 1409 captivi-

172 1426 255 1448 tatem
278 1428 374 1448 eorum
398 1428 560 1456 exponens,
585 1429 647 1448 cum
673 1421 786 1448 Barbari
812 1422 959 1457 Blemmyre

172 1467 334 1494 excursione
350 1475 397 1493 sua
410 1467 512 1494 caedem
525 1467 663 1502 ingentem
678 1467 783 1494 fecere:
801 1468 873 1502 quod
889 1475 959 1502 opu-

171 1513 278 1539 sculum
294 1517 423 1547 tanquam
447 1513 589 1548 spirituale
610 1513 748 1548 quoddam
774 1513 959 1540 oblectamen-

174 1564 230 1586 tum
259 1560 393 1587 studiosis
410 1554 532 1594 reliquit.
561 1560 636 1587 Alios
654 1560 719 1586 item
739 1560 824 1587 libros
840 1560 959 1593 optimus

174 1606 270 1638 edidit,
288 1606 439 1640 spiritualis
455 1608 548 1641 gratiae
568 1614 621 1633 non
640 1599 788 1640 expertes:
808 1606 878 1634 inter
890 1614 959 1641 quos

173 1651 275 1684 primas
298 1658 361 1677 eum
378 1650 449 1678 ferre
474 1656 561 1685 puto,
578 1659 660 1686 quem
687 1651 820 1679 adversus
843 1652 961 1686 gentiles

173 1697 293 1731 scripsit.
309 1701 338 1723 et
356 1703 465 1723 rursum
481 1697 528 1731 qui
545 1697 580 1723 ab
594 1705 628 1724 eo
642 1697 675 1724 ad
690 1697 833 1732 Eulogium
847 1705 959 1732 compo-

174 1741 219 1767 siti
237 1745 310 1767 sunt.
329 1740 424 1776 Capita
440 1745 532 1768 autem
553 1742 664 1777 collegit
682 1742 773 1776 aliqua
789 1742 900 1776 quidem
915 1742 959 1769 fu-

173 1786 240 1818 sius,
257 1786 340 1813 multa
355 1791 446 1813 autent
462 1787 688 1820 compendiosius
707 1792 834 1818 tractata,
853 1788 879 1814 in
894 1788 957 1823 qui-

174 1831 224 1857 bus
239 1831 408 1865 spiritualem
425 1831 558 1864 fructum,
574 1832 690 1867 perinde
702 1838 785 1867 atque
800 1838 895 1861 nectar
912 1838 959 1860 aut

1006 583 1074 616 Περὶ
1093 583 1146 609 τοῦ
1162 583 1248 615 ἁγίου
1265 582 1385 617 Νείλου,
1410 582 1459 608 καὶ
1484 581 1606 616 Μάρκου
1633 584 1687 610 τοῦ
1701 584 1802 617 ἀσχη-

1041 618 1094 645 τοῦ
1115 618 1162 644 καὶ
1179 616 1371 651 Θεοδωρήτου
1386 617 1439 644 τοῦ
1456 617 1626 645 ἐπισκόπου
1647 619 1762 653 Κύρου.

1042 675 1088 710 Τῷ
1103 675 1130 702 δὲ
1149 675 1286 708 θεσπεσίῳ
1307 673 1397 708 Νείλῳ
1420 675 1521 709 πατρὶς
1545 675 1595 709 μὲν
1613 676 1630 710 ἡ
1649 676 1701 710 τῆς
1717 677 1799 703 Κων-

1006 721 1148 749 σταντίνου
1169 721 1303 754 ἐτύγχανε
1326 720 1416 752 πόλις,
1433 718 1467 756 ἧς
1484 721 1524 755 τῷ
1540 722 1665 756 περιόντι
1684 723 1737 758 τῆς
1753 724 1799 749 εὖ-

1006 768 1115 802 γενείας
1131 767 1177 793 καὶ
1194 766 1315 801 ἔπαρχος
1332 767 1503 800 ἐχρημάτισε
1517 774 1525 782 ⁸
1548 767 1659 803 πλούτῳ
1674 768 1703 794 δὲ
1719 769 1801 804 βαθεῖ

1006 813 1055 840 καὶ
1077 812 1225 846 δυναστείᾳ
1254 812 1483 847 περιρῤεόμενος,
1510 813 1667 849 ἀσκητιχὴν
1696 815 1799 850 ἀντηλ-

1007 860 1119 886 λάττετο
1136 858 1258 893 ἀγωγὴν,
1273 858 1345 885 κατὰ
1356 859 1401 884 τὸν
1415 859 1486 885 θεῖον
1502 859 1592 892 Δαυῖδ,
1609 861 1678 896 οἴκῳ
1694 862 1800 894 μᾶλλον

1007 905 1074 932 Θεοῦ
1091 905 1281 940 παρερῤίφθαι
1294 905 1459 939 αἱρούμενος
1475 905 1492 939 ἢ
1509 905 1691 941 σκηνώμασιν
1703 909 1799 943 ἁμαρ-

1008 950 1103 976 τωλῶν
1123 952 1273 977 κατοικεῖν.
1303 951 1390 984 Λόγου
1413 951 1442 977 δὲ
1461 951 1576 986 δυνάμει
1600 954 1723 987 κρατῶν,
1751 956 1801 980 καὶ

1007 998 1040 1031 τῇ
1061 996 1121 1031 θείᾳ
1136 995 1318 1030 νευρούμενος
1332 996 1435 1031 χάριτι,
1453 998 1662 1032 συγγράμματα
1677 999 1798 1034 διάφορα

1009 1041 1171 1068 καταλείπει
1194 1043 1263 1076 πρὸς
1285 1041 1402 1076 ἄσκησιν
1415 1042 1614 1076 ὑπαλείφοντα.
1636 1043 1708 1070 οὕτω
1726 1046 1799 1079 φρά-

1009 1096 1078 1119 σεως
1099 1088 1146 1114 καὶ
1170 1088 1315 1122 νοημάτων
1341 1088 1502 1123 μετέχοντα,
1530 1088 1567 1120 ὼς
1583 1089 1630 1115 τδν
1659 1090 1797 1124 ἀναγινὼ-

1010 1142 1110 1161 σκοντα
1147 1134 1259 1169 χάριτος
1294 1135 1436 1169 ἁφράστου
1467 1134 1579 1170 ἕμπλεω
1612 1136 1798 1164 καθεστάναι.

1008 1181 1076 1207 Μεθ’
1088 1177 1125 1207 ὧν
1141 1180 1189 1207 καὶ
1205 1181 1235 1207 τὸ
1251 1180 1332 1216 ἐν’τῷ
1348 1181 1448 1216 Σιναίῳ
1464 1181 1523 1215 ὄρει
1539 1181 1594 1207 τῶν
1611 1181 1694 1208 θείων
1710 1183 1800 1209 Πατέ-

1010 1236 1065 1261 ρων
1078 1227 1230 1262 μαρτύριον
1242 1228 1445 1263 ἀναγράφεται,
1460 1227 1532 1255 οὕτω
1545 1228 1680 1264 λαμπρῶς
1693 1238 1722 1256 τε
1737 1230 1798 1264 ἅμα

1010 1273 1057 1299 καὶ
1074 1274 1248 1307 περιπαθῶς,
1265 1274 1303 1305 ὡς
1317 1274 1409 1300 ἱκανὸν
1425 1271 1496 1300 εἶναι
1521 1274 1647 1301 ἐντεῦθεν
1664 1275 1799 1310 Θηράσαι,

1009 1317 1064 1351 οἷος
1091 1320 1152 1346 κατ’
1170 1321 1255 1355 ἄμφω
1277 1320 1390 1354 γέγονεν
1403 1321 1417 1347 ὁ
1440 1320 1521 1355 ἀνὴρ,
1539 1319 1568 1346 ἐν
1584 1329 1615 1347 τε
1640 1321 1731 1355 λόγων
1750 1331 1802 1348 και

1009 1365 1109 1401 ἀρετῆς
1126 1367 1281 1402 περιουσίᾳ.
1305 1366 1380 1393 Ἐκεῖ
1396 1367 1428 1402 δὴ
1446 1367 1494 1394 καὶ
1509 1368 1543 1395 τὰ
1560 1370 1621 1395 κατ’
1649 1370 1734 1396 αὑτὸν
1750 1371 1801 1396 κεὶ

1009 1413 1073 1444 τοὺς
1102 1413 1201 1445 παῖδας
1223 1414 1346 1448 μετρίως
1368 1414 1509 1448 διέξεισιν,
1532 1416 1714 1451 ἐπιτραγῳδῶν
1738 1417 1802 1443 λίαν

1009 1459 1170 1495 περιπαθῶς
1181 1461 1234 1495 τὴν
1253 1460 1445 1495 αἰχμαλωσίαν
1467 1461 1568 1494 αὐτῶν,
1584 1462 1733 1498 βαρϐάρων
1747 1473 1802 1491 κα-

1009 1506 1203 1541 ταδραμόντων
1219 1506 1244 1533 οἳ
1260 1507 1403 1541 Βλέμμυες
1415 1507 1572 1540 ἐκαλοῦντο,
1589 1510 1637 1535 καὶ
1650 1510 1731 1544 φόνον
1743 1512 1799 1537 οὐκ

1009 1553 1153 1588 ἐλάχιστον
1183 1553 1368 1587 δεδρακότων·
1386 1553 1400 1580 ὃ
1422 1553 1470 1580 καὶ
1487 1554 1598 1590 ἥδυσμά
1616 1564 1643 1582 τι
1669 1565 1799 1592 πνευμα-

1009 1601 1087 1626 τικὸν
1110 1601 1167 1631 τοῖς
1191 1599 1361 1634 φιλομαοέσι
1390 1600 1599 1628 καταλέλοιπεν.
1625 1603 1751 1636 Ἀριστοι
1769 1605 1801 1630 δὲ

1009 1645 1084 1680 αὐτῷ
1108 1646 1156 1671 καὶ
1186 1646 1275 1680 ἕτεροι
1305 1645 1379 1678 λόγυι
1400 1646 1580 1681 πεπόνηνται,
1602 1649 1802 1683 πνευματικῆς

1009 1692 1059 1718 οὐκ
1080 1691 1189 1725 ἄμοιροι
1212 1690 1324 1725 χάριτος
1336 1698 1344 1706 ·
1362 1687 1402 1718 ὧν
1431 1689 1510 1726 οἶμαι
1524 1693 1634 1719 πάντων
1651 1695 1686 1720 τὰ
1701 1695 1799 1729 πρῶτα

1011 1738 1153 1773 φέρεσθαι,
1165 1738 1194 1764 ὃν
1210 1738 1278 1772 πρὸς
1294 1737 1429 1772 Ἕλληνας
1442 1738 1601 1773 ἐπιγράεει,
1616 1741 1664 1766 καὶ
1683 1741 1718 1767 τὰ
1730 1742 1800 1776 πρὸς

1011 1785 1140 1818 Εὒλόγιον
1161 1785 1304 1820 Κεφάλαια
1313 1784 1340 1810 δὲ
1351 1785 1579 1816 συντάττει,ἇλλα
1590 1787 1688 1820 usual;
1698 1788 1799 1818 πλάτος

1012 1830 1182 1865 ὴπλωμένα,
1195 1830 1280 1857 πολλὰ
1293 1829 1322 1862 δὲ
1336 1830 1487 1863 συντεμὼν,
1502 1831 1670 1858 εὐσύνοπτον
1681 1830 1737 1859 οἷον
1751 1834 1799 1859 καὶ

172 1878 339 1905 ambrosiam
358 1879 491 1913 aliquam,
506 1879 594 1906 oculis
606 1879 773 1913 subjectum,
787 1881 822 1906 ita
837 1883 866 1906 ut
880 1879 956 1906 facile

1013 1876 1160 1911 πρόχειρον
1173 1876 1219 1902 τὸν
1244 1877 1430 1910 πνευματικὸν
1445 1877 1563 1912 καρπὸν,
1578 1876 1624 1904 οἷά
1648 1887 1676 1905 τι
1697 1879 1797 1913 νέκταρ

173 1925 276 1958 percipi
299 1929 409 1959 posset,
431 1925 584 1959 proposuit.
603 1925 690 1957 Quem
708 1926 763 1952 vita
785 1925 959 1958 defunctum,

171 1969 298 1997 Justinus
314 1972 449 2004 posterior
461 1970 526 1997 inde
542 1971 719 2003 translatum,
739 1971 766 1998 in
781 1971 959 2000 fundamento

172 2015 332 2043 sacratioris
355 2023 472 2048 mensae,
499 2016 526 2043 in
545 2024 578 2043 eo
593 2017 667 2051 quod
688 2017 722 2044 ab
738 2019 814 2052 ipso,
835 2019 916 2046 Petro
932 2025 960 2046 et

172 2062 257 2089 Paulo
281 2063 468 2096 apostolorum
498 2063 690 2098 principibus,
716 2065 749 2091 ad
775 2066 958 2100 orphanotro-

173 2107 268 2141 pllium
295 2112 484 2136 constructum
514 2115 576 2142 est,
603 2111 706 2144 templo
735 2112 870 2146 reposuit.
899 2111 958 2146 Ipse

172 2160 282 2187 quoque
297 2152 405 2180 Marcus
421 2154 446 2180 in
464 2155 616 2182 monastica
631 2156 709 2189 prius
722 2162 855 2187 versatus,
872 2157 958 2184 multa

174 2203 234 2231 post
249 2205 279 2225 se
299 2198 413 2232 reliquit
429 2199 544 2234 scripta.
561 2201 663 2227 Eorum
678 2201 726 2234 qui
743 2201 777 2228 ad
795 2210 845 2229 nos
863 2211 960 2237 pervc-

175 2250 285 2276 nerunt,
305 2244 367 2271 libri
387 2250 451 2272 octo
467 2249 543 2276 sunt,
565 2246 759 2273 nnivcrsalium
780 2247 956 2275 atlectionum

173 2299 318 2318 numerum
343 2296 507 2325 mqttanles:
533 2296 561 2318 et
583 2292 630 2319 alii
656 2292 768 2327 triginta
792 2297 819 2320 et
844 2294 914 2326 duo,
930 2295 957 2321 in

172 2338 272 2371 quibus
287 2337 346 2364 vias
363 2337 446 2364 totius
467 2338 594 2364 asceticae
616 2338 678 2365 vita:
692 2346 787 2367 omnes
810 2341 958 2374 prosequi-

175 2391 227 2413 tur,
243 2383 276 2409 ad
295 2390 355 2417 quae
370 2383 429 2410 loca
446 2383 642 2415 secedendum,
658 2388 687 2411 et
706 2385 845 2419 quomodo
861 2385 895 2412 ad
911 2393 958 2412 vo-

172 2433 305 2456 mntatem
329 2430 374 2456 Dei
398 2437 510 2465 gressus
528 2430 666 2465 dirigendi
691 2431 765 2458 sint:
783 2431 865 2466 57o
886 2439 957 2466 quo-

172 2474 254 2500 modo
272 2475 353 2500 etiam
371 2475 454 2501 bomo
475 2475 630 2502 demonum
653 2477 818 2504 tcutationes
833 2482 955 2512 superet,

171 2525 347 2555 mentemque
374 2526 515 2556 repurget,
541 2527 624 2557 atque
639 2523 672 2550 ad
695 2529 817 2550 veterem
841 2524 957 2559 dignita-

172 2570 226 2591 tem
248 2567 455 2602 progrediatur.
472 2573 500 2595 et
519 2576 582 2595 cum
600 2569 655 2595 Deo
671 2569 784 2597 caeleste
798 2570 954 2597 institutum
969 2560 994 2590 D

172 2616 292 2639 sectatus
312 2613 395 2640 vivat.
414 2614 606 2642 Theodorelus
622 2623 685 2642 vero
710 2615 822 2643 natione
841 2616 953 2650 quidem

173 2656 257 2690 Syrus
274 2658 336 2688 fuit,
356 2665 476 2687 sectator
492 2666 583 2687 autem
600 2661 689 2695 magni
705 2660 819 2688 Joannis
832 2661 954 2696 Chryso-

171 2703 269 2734 SIomi,
295 2703 426 2739 illutnque
453 2707 504 2732 sibi
523 2707 601 2740 quasi
627 2707 786 2742 primariqu
811 2709 952 2742 exemplar

170 2748 238 2782 ston
252 2748 450 2778 conformanda
464 2752 634 2786 propositum
648 2753 753 2780 habuit.
768 2754 874 2780 Etenim
892 2754 954 2780 ﬂui-

169 2795 221 2820 dus
240 2793 387 2821 admodum
408 2802 435 2823 et
451 2798 598 2831 capiosus,
621 2800 647 2826 in
664 2800 818 2827 elocutione
836 2800 950 2832 facilius,

170 2845 196 2866 cl
214 2841 331 2867 Atticum
348 2842 460 2874 gratiam
478 2844 611 2871 rcdulcns.
635 2846 850 2873 Lucubratioues
869 2846 902 2873 ab
919 2855 951 2873 eo

1010 1923 1026 1957 ἢ
1048 1923 1215 1958 ἀμϐροσίαν,
1239 1923 1433 1958 προὸάλλεται.
1452 1924 1501 1949 Ὃν
1517 1924 1590 1950 τέλει
1613 1925 1674 1958 βίου
1692 1927 1798 1960 χρησά-

1012 1976 1104 2002 μενον,
1138 1968 1283 1999 Ἰουστῖνος
1307 1969 1320 1994 ὀ
1345 1968 1458 2002 ὕστερος
1483 1969 1588 1996 ἐκεῖθεν
1612 1972 1798 2006 ἀνακομίσας,

1010 2014 1057 2040 ἐπὶ
1069 2014 1109 2049 τῷ
1131 2014 1225 2050 βάθρῳ
1242 2015 1292 2050 τῆς
1313 2016 1389 2050 ἱερᾶς
1410 2017 1553 2052 τραπέζης
1573 2018 1620 2044 τοῦ
1641 2019 1708 2054 παρ’
1722 2021 1798 2054 αὐτῷ

1009 2060 1174 2094 δομηθέντος
1187 2062 1262 2087 eheu
1281 2061 1377 2096 Πέτρῳ
1393 2063 1440 2088 καὶ
1452 2063 1551 2098 Παύλῳ
1564 2065 1620 2096 τοῖς
1635 2066 1797 2099 κορυφαίοις

1009 2108 1063 2138 τῶν
1079 2108 1238 2134 ἀποστόλων
1255 2108 1292 2142 τῷ
1310 2108 1532 2144 ὀρφανοτροφείῳ
1556 2111 1701 2140 κατέθετο.
1718 2113 1794 2147 Mai!»

1010 2163 1056 2186 κος
1073 2155 1100 2181 δὲ
1116 2155 1164 2181 καὶ
1181 2155 1260 2186 αὐτὸς
1274 2155 1361 2182 πολλὰ
1379 2156 1429 2191 μὲν
1454 2157 1663 2192 συγγράμματα
1679 2160 1797 2185 nauli—

1008 2200 1113 2232 λοιπεν,
1140 2202 1277 2235 ἀσκητικῇ
1303 2201 1437 2237 πρότερον
1468 2203 1591 2239 πολιτείᾳ
1621 2205 1797 2239 ἐγγυμνασᾶ-

1011 2255 1107 2282 μενος*
1133 2247 1150 2274 ἃ
1167 2247 1190 2273 δ’
1219 2247 1266 2274 οὖν
1290 2249 1356 2281 ἡμῖν
1382 2249 1531 2275 συνέπεσεν
1557 2249 1692 2284 ἐντυχεῖν,
1722 2251 1795 2284 λόγοι

1007 2292 1091 2325 ὀκτὼ,
1113 2293 1255 2327 ἰσάριθμοι
1271 2295 1328 2324 τοῖς
1342 2293 1499 2325 καθολικοῖς
1513 2295 1628 2321 πάθε-τιν
1646 2297 1688 2327 εις
1704 2298 1796 2330 χεῖρας

1008 2337 1076 2375 ἧκον
1088 2349 1095 2356 ·
1123 2340 1170 2366 καὶ
1187 2340 1278 2375 ἕτεροι
1291 2339 1338 2366 δύο
1354 2340 1423 2375 πρὸς
1448 2343 1504 2372 τοῖς
1525 2341 1686 2376 τριάκοντα,
1710 2343 1745 2369 δι’
1759 2341 1795 2370 ὧν

1008 2387 1100 2414 πᾶσαν
1115 2387 1267 2422 ἁσκητικῆς
1291 2387 1431 2418 πολιτείας
1445 2387 1504 2414 ὁδὸν
1522 2387 1705 2423 διεξέρχεται,
1724 2390 1796 2417 διδά-

1010 2441 1082 2459 σκων
1134 2433 1223 2468 χρεών
1247 2441 1276 2458 τε
1292 2432 1341 2463 τὰς
1358 2425 1550 2468 ἀναχωρήσεις
1576 2436 1673 2465 ποιεῖν,
1692 2436 1751 2466 πῶς
1767 2444 1795 2461 τε

1009 2479 1153 2515 ῥυθμίζειν
1171 2479 1205 2505 τὰ
1219 2479 1292 2505 κατὰ
1311 2478 1379 2504 Θεὸν
1400 2479 1559 2513 διαϐήματα
1575 2487 1581 2494 ·
1598 2481 1645 2506 καὶ
1662 2481 1701 2512 ὡς
1719 2490 1794 2516 περι‹

1008 2527 1112 2559 γίνεται
1137 2525 1188 2559 τῆς
1216 2525 1272 2551 τῶν
1294 2525 1431 2558 δαιμόνων
1455 2526 1556 2559 πείρας
1582 2527 1596 2552 ὁ
1627 2527 1794 2561 ἄνθρωπος·

1008 2572 1081 2602 ὅπως
1094 2580 1122 2597 τε
1149 2571 1163 2597 ὁ
1186 2570 1249 2601 νοῦς
1266 2571 1442 2605 καθαίρεται,
1467 2572 1600 2606 καὶπρὸς
1624 2572 1655 2598 τὸ
1680 2573 1794 2608 ἀρχαῖον

1008 2616 1117 2651 ἀξίωμα
1134 2617 1255 2652 πρόεισι,
1278 2619 1327 2642 καὶ
1348 2617 1407 2651 ε’)εῴ
1427 2618 1595 2651 συγγίνεται,
1616 2619 1662 2644 ἐπὶ
1678 2620 1730 2653 γῆς
1747 2619 1793 2652 τὴν

1007 2663 1134 2697 οὐράνιον
1165 2662 1267 2696 μετιὼν
1295 2662 1444 2688 πολιτείαν.
1471 2663 1646 2697 Θεοδὼρητος
1666 2664 1695 2690 δὲ
1712 2657 1810 2699 Eripe;~

1009 2709 1058 2744 μὲν
1073 2707 1106 2743 ἦν
1122 2709 1199 2742 γένος
1212 2717 1218 2723 ·
1240 2708 1280 2743 τῷ
1299 2709 1409 2743 μεγάλῳ
1426 2708 1453 2734 δὲ
1477 2709 1609 2743 φοιτήςτις
1633 2710 1744 2745 Ἰωάννῃ
1756 2709 1791 2743 τῷ

1007 2754 1205 2788 Χρυσοστόμῳ,
1232 2753 1388 2788 ἀρχέτυπον
1414 2750 1470 2780 οἷυν
1495 2755 1556 2779 ὅσον
1580 2754 1615 2780 τὰ
1646 2755 1675 2785 ἐς
1698 2755 1790 2788 λόγους

1007 2802 1126 2834 ἐγένετο.
1142 2799 1245 2835 Εὖρους
1261 2800 1316 2834 γάρ
1334 2801 1391 2826 ἐστι
1410 2799 1483 2834 μάλα
1501 2800 1548 2826 καὶ
1562 2800 1686 2834 γόνιμος,
1700 2801 1749 2835 τήν
1763 2807 1787 2826 τι

1008 2849 1109 2880 φράσιν
1125 2847 1208 2879 λεῖος,
1225 2847 1295 2881 μετὰ
1310 2846 1359 2881 τῆς
1384 2846 1512 2880 Ἀττικῆς
1525 2847 1639 2882 χάριτος
1654 2846 1785 2882 προηγμέ-
