1899 3062
192 128 258 158 1363

795 127 1004 159 NICEPHORI
1024 129 1195 162 CALLlSTI

1746 130 1818 162 ΙΞΓΕ

188 186 310 216 credam.
328 192 416 220 neque
434 184 566 212 mundum
582 185 670 220 ipsum
683 190 710 212 et
728 190 821 219 partes
835 187 896 219 ejus
906 186 971 215 alias

1025 188 1148 224 ἀνάγκης
1171 189 1326 225 παρούσης,
1342 190 1399 217 οὔτ’
1425 191 1546 227 ἐλέγχειν
1563 191 1644 226 σοφὸν
1662 193 1718 219 οὔτ’
1733 194 1820 222 ὲὶέγ-

187 233 349 259 interiturus
369 239 431 259 esse
450 231 550 258 dicam.
573 232 815 259 ltesurrectioucm
834 232 971 266 dcpraedi-

188 284 278 307 catam
316 286 424 306 sacrum
463 277 594 313 quiddam
619 282 647 305 et
668 277 781 305 ntinime
804 277 971 312 vulgandam

189 333 251 354 esse
266 325 337 352 duco
351 345 358 357 ,
376 331 464 359 neque
479 319 621 358 conceptis
637 323 707 358 vulgi
726 323 905 357 opinionibus
928 330 973 349 as-

189 371 284 399 sentiri
309 379 430 406 possum.
461 370 543 405 574Ι
564 370 638 397 Mens
665 370 837 404 philosophia
862 369 972 397 exculta

189 425 287 444 verum
302 417 445 452 perspicit.
463 416 500 443 Ea
526 416 691 443 necessitate
709 416 841 447 adducta,
858 414 973 442 utenda-

188 464 260 491 cium
277 463 425 498 pcrmittit.
442 463 477 490 Et
495 462 576 489 habet
593 462 728 489 rationem
743 470 791 488 seu
816 460 972 496 proportio-

189 517 250 538 nem
264 517 341 538 suam
357 509 450 537 lumen
469 509 503 536 ad
519 509 663 536 veritatem
682 513 710 535 et
723 508 819 536 oculus
835 507 868 535 ad
885 515 972 542 popu-

188 557 256 584 lum.
273 556 414 589 Quatenus
431 563 498 590 crgo
522 555 621 582 oculus
637 555 743 581 lumine
766 553 922 588 copiosiore
943 553 970 580 in

189 602 313 630 deterius
328 603 469 633 abutatur,
481 606 529 628 aut
541 601 623 636 lippis
636 600 755 627 tenebrat
767 599 971 626 commodiores

187 649 253 682 sint,
272 648 407 676 hactenus
431 647 606 675 mendacium
635 653 745 681 quoqtte
772 645 873 680 populo
904 645 970 672 utile

187 702 258 727 esse,
284 700 313 722 et
334 694 479 721 veritatem
506 693 616 720 noxiam
640 692 683 719 eis
709 696 786 726 puto,
814 690 860 726 qui
883 692 969 718 aciem

189 741 288 770 utentis
308 741 336 768 in
357 741 512 768 evidentem
535 747 626 766 rerum
652 738 804 765 claritatem
827 737 971 765 intendere

187 792 341 823 nequeunt.
369 787 448 821 Quod
470 787 493 814 si
517 785 674 813 sacerdotes
697 785 784 812 nostri
816 784 874 812 lucc
902 783 969 811 ntihi

187 835 363 871 permittunt,
390 839 487 869 potero
516 841 582 860 sane
607 839 658 867 ego
685 839 794 866 quoque
819 830 970 858 sacerdotis

183 865 304 909 ,inunerc
325 865 413 914 fungi,
438 879 485 914 qui
504 878 578 906 domi
595 865 706 913 quidem
728 865 909 912 philosophiae
926 877 970 905 in-
987 865 1009 893 Β

188 929 300 961 eumbo,
313 927 340 954 in
355 927 494 961 publicum
510 930 602 952 autem
616 931 779 959 progressus
793 923 971 952 sermonibus

187 978 216 1001 et
230 972 376 1007 colloquiis
398 970 540 998 hominum
557 970 691 1002 delector,
709 976 742 996 ac
760 976 850 1003 neque
868 968 971 996 docens

186 1027 279 1053 neque
293 1018 441 1048 dedoceas,
454 1016 502 1043 sed
520 1016 547 1043 itt
563 1015 712 1050 anticipata
732 1014 863 1049 opinione
873 1020 970 1048 quem-

187 1073 244 1101 que
259 1064 409 1100 persistere
425 1063 601 1098 permittens.
615 1061 664 1088 Sin
680 1061 721 1088 illi
745 1059 917 1087 sacerdotem
932 1059 969 1086 ita

186 1113 342 1140 animatum
365 1115 394 1138 et
411 1109 590 1144 opinionibus
607 1107 783 1135 manifestum
802 1113 863 1134 esse
886 1113 972 1141 opor-

187 1165 248 1187 tere
262 1158 366 1189 dicant,
391 1155 521 1184 omnibus
540 1163 584 1182 me
606 1154 694 1189 palam
717 1153 863 1181 ostendere
882 1153 970 1180 inter-

187 1204 322 1233 miserint.
340 1202 410 1236 Quid
426 1201 499 1229 enim
519 1201 558 1228 rei
577 1205 620 1228 est
637 1200 738 1235 populo
763 1206 824 1226 cum
846 1197 971 1234 philoso-

187 1251 270 1287 phia?
287 1250 388 1278 Rerum
401 1248 504 1284 quippe
522 1247 678 1274 divinarum
695 1246 842 1273 veritatem
858 1245 971 1272 minime

187 1297 293 1333 vulgari
315 1300 436 1331 oportet.
458 1294 578 1329 Populus
593 1298 685 1320 autem
702 1299 778 1319 more
793 1295 822 1319 et
844 1296 970 1318 assuetu-

187 1344 254 1373 dine
269 1343 322 1371 alia
340 1341 456 1376 indiget.
475 1341 594 1368 Rursum
613 1338 697 1374 igitur
722 1343 750 1365 et
766 1336 868 1372 saepius
890 1343 971 1370 repe-

189 1396 251 1419 tens
264 1389 366 1422 dicam,
391 1387 468 1415 nulla
488 1390 604 1421 cogente
627 1384 805 1416 necessitate,
821 1390 910 1418 neque
926 1389 974 1409 ar-

187 1444 272 1473 guere
289 1442 379 1469 neque
393 1433 471 1468 argui
493 1431 627 1467 sapientis
649 1437 723 1458 esse.
745 1429 774 1457 lu
795 1428 970 1456 sacerdotum

188 1489 280 1510 autent
310 1480 435 1508 ordinetn
468 1481 629 1512 c00ptatus,
661 1482 716 1502 non
743 1474 911 1502 committam
940 1475 971 1499 ut

188 1529 314 1562 dogmata
335 1529 435 1561 praeter
453 1523 539 1551 animi
554 1521 718 1550 sententiam
739 1519 909 1547 assimulem.
933 1518 970 1545 De

187 1575 233 1602 his
249 1573 344 1605 Deum,
361 1571 396 1599 de
411 1571 456 1598 his
477 1569 607 1597 homines
631 1571 715 1595 testes
736 1567 846 1594 invoco.
863 1564 971 1593 Veritas

189 1621 238 1649 Dei
251 1620 363 1656 propria
376 1622 430 1648 est.
446 1615 518 1652 apud
532 1622 614 1650 quem
631 1615 659 1642 in
675 1613 758 1641 rebus
773 1611 904 1640 omnibus
926 1611 972 1638 itt-

187 1669 320 1703 culpatus
339 1672 402 1693 esse
421 1663 497 1690 volo.
510 1661 568 1689 Hoc
590 1667 677 1688 unum
696 1664 801 1688 tantum
817 1666 872 1685 non
891 1657 971 1685 dissi-

191 1714 277 1742 mulo.
297 1709 526 1745 Quandoquidem
551 1707 605 1744 joei
629 1711 657 1735 et
680 1706 808 1733 ludorum
831 1704 972 1732 studiosus

189 1767 251 1788 sum
267 1767 274 1786 :
300 1758 337 1785 ita
355 1761 385 1784 ut
397 1756 452 1791 jam
470 1755 534 1782 inde
548 1761 564 1780 a
580 1761 665 1788 puero
680 1753 784 1780 crimen
806 1750 872 1777 illud
885 1749 972 1777 stuti-

189 1806 310 1837 nuerim,
324 1803 386 1839 plus
402 1809 484 1837 quam
499 1800 621 1832 deceret,
638 1798 721 1825 armis
737 1805 780 1824 me
794 1802 821 1824 et
833 1796 913 1830 equis
926 1795 973 1822 de-

188 1852 320 1880 lectatunt
335 1855 409 1881 esse,
424 1846 510 1874 tristis
527 1845 638 1881 quidem
657 1851 714 1872 ero.
732 1842 804 1875 Quid
819 1841 892 1869 enim
908 1847 971 1868 ettm

188 1897 367 1924 charissimos
380 1901 462 1921 canes
477 1893 549 1919 feras
565 1891 653 1918 nullas
668 1889 808 1925 persequi,
819 1892 847 1915 et
859 1887 972 1922 sagittas

189 1953 203 1971 a
234 1942 406 1971 teredinibus
422 1947 519 1967 exesas
541 1945 604 1965 esse
622 1937 730 1969 videro,
756 1935 855 1963 faciant
874 1933 973 1961 aliud?

190 1990 245 2018 Sed
272 1995 361 2016 tamen
386 1985 582 2016 constantiam,
604 1984 626 2011 si
649 1984 722 2011 Deus
744 1982 872 2012 voluerit,
899 1981 971 2008 obti-

189 2036 260 2064 nebo
274 2045 281 2064 :
294 2041 388 2070 atque,
405 2032 530 2069 quamvis
542 2039 557 2058 a
572 2030 647 2059 euris
660 2030 778 2061 alienus,
797 2027 971 2058 maccrabor,

190 2089 394 2116 causarumque
420 2085 448 2108 et
478 2078 651 2114 negotiorum
679 2074 857 2110 quantumvis
889 2080 972 2108 grave

192 2128 373 2157 ministerium
387 2127 450 2157 hoc,
462 2126 516 2153 Deo
525 2125 661 2155 serviens,
673 2121 828 2150 sustinebo.
841 2121 971 2155 Dogmata

190 2179 283 2202 autem
308 2181 357 2208 per
385 2170 632 2200 dissimulationem
659 2176 713 2196 non
746 2172 852 2202 tegam,
882 2172 972 2200 neque

192 2220 260 2248 mihi
279 2227 357 2247 mens
376 2226 390 2246 a
405 2219 499 2254 lingua
528 2215 683 2244 dissentiet.
710 2215 767 2242 lloc
789 2214 830 2242 sic
854 2220 917 2240 cum
945 2216 971 2239 et

191 2266 308 2295 sentiant
329 2270 356 2292 et
369 2264 470 2296 dicant,
495 2262 550 2290 Deo
567 2261 673 2295 placere
697 2264 785 2294 puto:
807 2266 897 2293 neque
915 2265 972 2285 ser-

192 2314 281 2341 monis
297 2313 371 2340 illius
384 2311 418 2338 de
431 2317 475 2338 me
488 2308 662 2337 occasionem
680 2307 836 2340 relinquere
853 2304 916 2331 volo
929 2311 972 2332 tne

191 2358 264 2394 quod
281 2357 328 2392 qui
345 2356 444 2383 fuerim
460 2355 603 2389 ignoratus
618 2352 682 2384 sim,
701 2350 886 2378 ordinationis
911 2349 972 2376 suf-

190 2405 275 2440 fragia
289 2403 424 2438 rapuisse.
446 2401 580 2428 Ctetcrutn
599 2399 644 2426 Dei
669 2397 878 2425 amantissimus
892 2401 971 2430 pater

1024 235 1131 269 χεσοαι.
1162 236 1337 270 Καλούμενος
1363 236 1387 263 δ’
1408 237 1448 269 εἰς
1478 238 1640 273 ίερωσύνην,
1665 239 1716 266 οὐκ
1743 239 1820 271 ἀξιῶ

1023 282 1238 316 προσποιεῖσθαι
1251 282 1387 317 δόγματα.
1402 283 1496 310 Ταῦτα.
1510 284 1588 316 Θεὸν,
1607 284 1694 311 ταῦτα
1705 284 1820 319 ἀνθρώ-

1023 334 1092 357 πους
1106 327 1291 362 μαρτύρομαι.
1309 328 1417 356 Οῐκεῖον
1430 329 1544 364 ἀλήθεια
1557 330 1631 366 Θεῷ,
1646 327 1668 365 ᾧ
1681 331 1726 358 διὰ
1741 332 1818 358 πάν-

1023 380 1077 399 των
1103 373 1226 406 ἀναίτιος
1239 372 1311 401 εἶναι
1327 374 1469 410 βούλομαι.
1487 377 1537 403 Ἓν
1559 377 1638 404 τοῦτο
1666 378 1747 412 μόνον
1761 379 1818 414 οὐχ

1023 419 1206 454 ὑποκρίνομαι
1218 428 1225 436 π
1240 420 1304 447 ἐπεὶ
1318 421 1367 448 καὶ
1379 421 1577 458 φιλοπαίγμων
1587 423 1636 455 ὢν,
1652 424 1691 455 ὣς
1700 433 1734 458 γε
1747 434 1819 452 παι-

1021 464 1100 491 δόοεν
1125 467 1215 493 αἰτίαν
1239 466 1319 502 ἔσχον
1333 468 1501 503 ὁπλομανεῖν
1514 478 1545 496 τε
1567 471 1615 497 καὶ
1641 471 1818 505 ἱππομανεῖν

1023 511 1094 546 πέρα
1110 511 1160 538 τοῦ
1172 512 1288 544 δέοντος,
1308 513 1457 548 ἀνιάσομαι
1471 515 1538 550 μέν·
1553 517 1580 542 τί
1593 517 1647 552 γὰρ
1665 520 1714 543 καὶ
1730 518 1817 544 πάθω

1021 557 1071 588 τὰς
1096 558 1229 592 φιλτάτας
1253 559 1339 590 κύνας
1358 560 1479 596 ἁθήρους
1509 562 1590 595 ὁρῶν,
1616 564 1664 590 καὶ
1683 564 1720 590 τὰ
1745 566 1816 591 τὸἀ

1023 602 1245 638 θριπηδέστατα;
1263 606 1435 641 Καρτερήσω
1460 608 1500 640 δὲ,
1516 608 1550 635 ἃν
1574 609 1707 645 ἐπιτάττῃ
1724 610 1812 639 Θεόξ-

1021 650 1068 676 καὶ
1087 651 1265 685 μισὸφροντις
1288 652 1337 685 ὢν,
1362 653 1530 688 ὀδυνήσομαι
1549 655 1608 688 μὲν,
1634 656 1771 690 ἀνέξομαι
1785 657 1814 684 δὲ

1021 696 1142 723 δικιδίων
1157 697 1203 723 καὶ
1230 699 1404 733 πραγμάτων
1426 700 1599 735 λειτουργίαν
1617 703 1680 729 τινὰ
1704 704 1813 737 ταύτην

1021 741 1047 767 εί
1067 742 1115 767 καὶ
1129 741 1242 777 βαρεῖαν
1256 743 1396 778 ἐμπιπλὰς
1420 745 1459 780 τῷ
1479 748 1548 781 Θεῷ.
1573 749 1702 782 Δὸγματα
1716 750 1746 775 δὲ
1760 751 1813 777 οἰκ

1021 787 1231 822 ὲπηλυγάσομαι
1243 795 1251 803 ·
1268 790 1328 816 οὐδὲ
1342 791 1483 818 στασιάσει
1503 801 1548 827 μοι
1563 795 1632 828 πρὸς
1649 794 1699 825 τὴν
1717 796 1810 829 γλῶσ-

1024 842 1074 861 σαν
1088 834 1104 869 ὴ
1118 835 1226 870 γνώμη.
1244 836 1323 864 Οὕτω
1336 839 1455 872 φρονῶν,
1469 839 1541 866 οὕτω
1559 840 1657 874 λέγων,
1677 843 1811 876 ἀρέσκειν

1022 878 1100 914 οἶμαι
1112 880 1183 916 Θεῷ.
1196 882 1234 908 Οὐ
1250 882 1381 918 βούλομαι
1391 885 1419 911 δὲ
1431 885 1643 921 καταλελεῖφθαι
1656 889 1726 923 περὶ
1740 889 1810 920 ἐμοῦ

1021 924 1112 959 λόγον,
1134 926 1172 958 ὡς
1183 927 1330 963 ἀγνοηθεὶς
1344 929 1459 964 ἦρπασα
1473 930 1522 966 τὴν
1536 933 1718 966 χειροτονίαν.
1739 935 1811 961 Ἀλλ’

1021 971 1099 1004 εἰδὼς
1125 972 1140 998 ὁ
1166 971 1374 1006 θεοφιλέστατος
1400 975 1492 1010 πατὴρ
1519 976 1661 1010 Θεόφιλος.
1689 979 1739 1004 καὶ
1765 980 1805 1008 ὡς

1020 1017 1168 1045 ἐπίσταται
1191 1018 1276 1052 σαφές
1298 1027 1343 1053 μοι
1368 1019 1498 1054 ποιήσας,
1517 1020 1589 1047 οὕτω
1614 1022 1810 1057 βουλευσάπϐω

1021 1065 1086 1099 περὶ
1098 1064 1176 1099 ἐμοῦ.
1193 1064 1229 1092 Ἢ
1244 1065 1298 1101 γὰρ
1315 1066 1387 1092 κατὰ
1399 1066 1494 1101 χώραν
1512 1068 1589 1094 ἐάσει
1610 1077 1643 1103 με
1658 1069 1703 1095 ἐπ’
1720 1070 1812 1104 ὲμαυ-

1021 1109 1069 1137 τοῦ
1095 1110 1307 1145 φιλοσοφοῦντα,
1331 1111 1348 1147 ἢ
1370 1112 1418 1138 τοῦ
1434 1113 1504 1147 μετὰ
1524 1113 1613 1140 ταῦτα
1640 1114 1747 1149 κρίνειν
1762 1117 1810 1142 καὶ

1020 1155 1187 1192 διαγράφειν
1212 1156 1260 1184 τοῦ
1287 1157 1370 1192 χοροῦ
1395 1158 1451 1185 τῶν
1476 1159 1574 1195 ἱερέων
1599 1161 1685 1195 ἡμᾶς,
1718 1161 1812 1197 ἑαυτῷ

1021 1202 1115 1238 χώραν
1137 1203 1187 1239 οὐχ
1216 1203 1370 1237 ὑπολείψει.
1401 1205 1475 1240 Πρὸς
1505 1206 1592 1233 ταῦτα
1619 1207 1703 1242 λῆρός
1732 1209 1811 1235 ἐστιν

1025 1249 1119 1277 ἁπασα
1129 1249 1245 1285 γνώμη·
1265 1251 1297 1277 τὸ
1319 1251 1374 1286 γὰρ
1388 1251 1488 1286 ἀληθὲς
1505 1252 1536 1279 εὖ
1555 1251 1605 1279 οἷδ“
1628 1254 1670 1280 ὅτι
1693 1255 1733 1290 τῷ
1749 1255 1810 1290 Θεῷ

1021 1295 1267 1331 προσφιλέστατον.
1283 1297 1338 1323 Καὶ
1348 1297 1380 1332 νὴ
1393 1297 1443 1332 τὴν
1461 1298 1537 1332 ἱεράν
1549 1307 1596 1324 σου
1613 1300 1749 1334 κεφαλὴν,
1761 1303 1812 1328 καὶ

1022 1341 1061 1368 ἔτι
1079 1341 1135 1376 πρὸ
1156 1341 1260 1376 ταύτης
1275 1342 1308 1377 νὴ
1326 1343 1373 1369 τὸν
1397 1343 1496 1378 ἔφορον
1514 1344 1564 1378 τῆς
1588 1344 1719 1380 ἀληθείας
1732 1346 1812 1381 Θεὸν,

1021 1387 1140 1422 ἄχθομαι
1158 1388 1218 1422 μὲν,
1234 1388 1294 1419 πῶς
1311 1389 1365 1423 γὰρ
1379 1389 1410 1415 οὐ
1427 1389 1527 1424 μέλλω,
1542 1390 1643 1425 δεῆσαν
1657 1390 1756 1427 ὥσπερ
1769 1393 1811 1423 είς

1022 1433 1078 1469 βίον
1093 1434 1147 1461 ἀπὸ
1163 1435 1222 1469 βίου
1248 1435 1518 1469 μετασκευάζεσοαις
1538 1436 1570 1462 Ei
1588 1437 1616 1462 δὲ
1635 1437 1740 1464 τούτων
1755 1447 1812 1472 φα-

1021 1479 1110 1514 νερῶν
1124 1480 1292 1514 γενομένων,
1308 1480 1382 1515 ἆπερ
1401 1481 1451 1507 οὐκ
1468 1481 1536 1513 ἀξιῶ
1551 1481 1696 1509 λανθάνειν
1717 1484 1814 1519 ἔγχρε-

985 1535 1007 1564 c
1022 1534 1094 1552 νειεν
1117 1527 1189 1561 ἡμᾶς
1212 1527 1330 1561 ἱερεῦσιν
1347 1523 1369 1562 ᾧ
1381 1527 1460 1554 τοῦτο
1474 1528 1588 1554 δέδωκεν
1605 1529 1619 1554 ό
1637 1529 1718 1563 Θεὸς,
1741 1531 1812 1557 ὑπο-

1022 1572 1139 1606 δύσομαι
1151 1572 1201 1607 τὴν
1217 1573 1341 1607 ἀνάγκην
1355 1592 1364 1606 ,
1377 1573 1425 1600 καὶ
1439 1572 1476 1605 ὡς
1493 1574 1566 1600 θεῖον
1581 1574 1711 1610 σύνθημα
1726 1583 1813 1602 κατα-

1022 1618 1144 1654 δέξομαι.
1159 1619 1312 1654 Λογίζομαι
1324 1619 1380 1654 γὰρ
1393 1620 1434 1646 ὅτι
1454 1621 1502 1647 καὶ
1517 1620 1652 1655 βασιλέως
1667 1621 1702 1648 ἂν
1714 1623 1812 1649 ἐπιτά-

1023 1665 1129 1699 ξαντος,
1145 1666 1192 1692 καὶ
1211 1666 1410 1701 κακοδαίμονὸς
1422 1675 1495 1698 τινος
1509 1667 1717 1700 Δὺγουσταλίου
1730 1668 1812 1704 δίκην

1022 1712 1056 1739 ἂν
1073 1712 1162 1739 ἔδωκα
1184 1712 1222 1747 μὴ
1238 1712 1412 1746 πειθόμενος.
1428 1712 1473 1748 Τῷ
1496 1713 1555 1747 Θεῷ
1571 1713 1595 1739 δ’
1611 1713 1757 1750 ἐθελοντὴν
1770 1715 1814 1741 δετ

1022 1758 1177 1785 πείθεσθαι.
1194 1759 1226 1785 Εἰ
1240 1759 1271 1794 δὴ
1295 1759 1438 1794 προσίεταί
1451 1768 1486 1793 με
1509 1759 1681 1794 λειτουργεῖν
1693 1762 1709 1787 ὁ
1731 1762 1811 1793 Θεὸς,

1023 1803 1056 1830 ἑκ
1067 1803 1222 1838 προοιμίων
1233 1803 1274 1829 δεῖ
1285 1803 1315 1829 τὸ
1328 1803 1466 1829 θειότατον
1481 1803 1592 1839 ἀγαπᾷν
1605 1805 1657 1838 τὴν
1668 1804 1811 1840 ἀλήθειαν·

1022 1848 1089 1875 ἀλλὰ
1106 1850 1144 1882 μὴ
1167 1848 1212 1874 διὰ
1229 1848 1283 1874 τῶν
1295 1848 1498 1874 ἐναντιωτάτων
1517 1849 1608 1875 ὁποῖόν
1623 1850 1684 1875 ἐστι
1698 1851 1728 1876 τὸ
1746 1850 1811 1884 ψεῦ-

1022 1894 1076 1925 δος,
1091 1894 1130 1925 εἰς
1153 1894 1202 1929 τὴν
1223 1893 1379 1928 ὑπηρεσίαν
1401 1894 1484 1920 αὑτοῦ
1507 1895 1709 1929 παραδύεσθαι,
1726 1896 1809 1922 raw]

1022 1939 1054 1975 δὴ
1076 1940 1123 1965 τοῦ
1150 1941 1212 1970 τοὺς
1232 1940 1428 1974 οχολαστιχοὺς
1453 1940 1552 1966 εἰδέναι
1576 1949 1606 1966 τε
1631 1941 1732 1971 ταῦτα,
1763 1942 1811 1968 καὶ

1023 1986 1092 2020 πρὸς
1112 1986 1213 2012 ἐκεῖνον
1227 1985 1397 2019 ἐξαγγεῖλαι.
1418 1995 1427 2011 ι
1451 1985 1479 2012 'U
1501 1986 1551 2019 μὲν
1568 1984 1614 2012 οὖν
1637 1988 1754 2014 τοιαῦτα
1767 1988 1811 2014 λέ-

1024 2040 1080 2065 γων
1095 2032 1140 2057 καὶ
1159 2031 1287 2065 ἐμφανῶς
1302 2031 1523 2066 παραιτούμενος
1554 2033 1609 2059 οὐδ’
1624 2033 1699 2059 οὕτω
1716 2034 1810 2068 διέδρα

1024 2077 1053 2103 τὸ
1070 2077 1197 2113 ἱερᾶσθαι
1211 2085 1219 2092 ’
1245 2077 1332 2103 ταῦτα
1349 2076 1371 2102 δ’
1393 2077 1448 2111 ὲγὼ
1463 2078 1635 2112 παρεθέμην,
1661 2079 1697 2105 ἵν’
1712 2080 1811 2106 εἰδέναι

1024 2123 1134 2156 ἔχοιμεν
1145 2123 1194 2149 ὅσα
1206 2123 1294 2156 λόγοις
1306 2123 1461 2156 οἰκονομίας
1475 2123 1611 2158 διαφόροις
1625 2125 1640 2158 ἠ
1658 2124 1810 2159 Ἐκκλησία

1023 2167 1158 2199 ἐτέλεσεν,
1182 2167 1213 2193 οὐ
1230 2166 1322 2201 νόμοις
1346 2166 1433 2193 ταῦτα
1448 2167 1564 2200 τιθεῖσα,
1587 2168 1655 2195 ἀλλὰ
1672 2171 1731 2201 τοῖς
1753 2179 1812 2196 και-

1027 2214 1083 2248 ροῖς
1108 2213 1142 2240 τὰ
1166 2213 1342 2248 προσήκοντα
1367 2213 1536 2247 πράττουσα.
1563 2214 1685 2241 Τοιαῦτα
1710 2216 1760 2242 καὶ
1778 2216 1812 2242 τὰ

1028 2258 1100 2285 κατὰ
1122 2258 1168 2285 τὸν
1184 2258 1267 2284 πολὺν
1288 2259 1317 2285 ἐν
1333 2258 1480 2294 φιλοσοφῐᾳ
1503 2259 1643 2286 Συνὲοιον.
1669 2260 1768 2288 Πολλοὶ
1784 2262 1812 2287 δὲ

1027 2306 1074 2331 καὶ
1089 2303 1178 2336 ἕτεροι
1198 2304 1350 2339 τηνικαῦτα
1369 2305 1547 2339 ἐφιλοσόφουν
1571 2305 1643 2340 λόγῳ
1661 2306 1709 2332 καὶ
1728 2307 1811 2341 ἀρετῇ

1025 2350 1225 2385 διαπρέποντες
1237 2359 1244 2367 ⁸
1259 2348 1296 2378 ὧν
1309 2351 1376 2385 πρὸς
1390 2352 1489 2378 λεπτὸν
1504 2352 1601 2386 μνείαν
1624 2353 1811 2387 ἐποιησάμην,

1025 2398 1051 2423 si
1068 2397 1106 2431 μὴ
1125 2397 1220 2431 πόρρω
1247 2396 1294 2423 τοῦ
1322 2398 1502 2432 προκειμένου
1517 2398 1621 2433 βαίνειν
1632 2399 1807 2434 ἐλογιζόμην.

190 2449 373 2484 Theophilus,
403 2456 465 2475 cum
483 2455 526 2474 me
544 2445 630 2478 norit,
653 2449 797 2479 postquam
818 2443 882 2470 mihi
905 2450 934 2469 se
953 2443 979 2470 id
1008 2443 1079 2470 scire
1098 2443 1314 2477 signiﬁcaverit:
1335 2443 1374 2470 sic
1392 2443 1500 2471 tandem
1530 2445 1562 2471 de
1577 2452 1620 2471 me
1653 2447 1810 2477 censilium.

190 2497 256 2532 quid
277 2500 393 2528 statuat,
411 2494 513 2528 capiat.
530 2493 600 2519 Tum
626 2491 700 2519 enittt
726 2494 774 2517 aut
797 2490 824 2517 in
844 2489 970 2517 instituto
990 2496 1052 2517 meo
1080 2489 1174 2516 vivere
1192 2497 1234 2516 me
1248 2494 1277 2516 et
1291 2489 1481 2524 philosophari
1498 2490 1627 2524 patietur,
1659 2498 1707 2519 aut
1720 2497 1812 2526 postea

191 2549 220 2572 ut
236 2546 288 2577 me;
308 2543 334 2569 in
349 2541 484 2577 judicium
508 2543 600 2572 vocet,
622 2538 664 2565 vel
685 2537 858 2565 sacerdotum
881 2536 977 2564 ordine
1009 2540 1128 2568 moveat,
1144 2535 1224 2570 575
1244 2536 1297 2563 sibi
1331 2535 1382 2571 ipsi
1415 2541 1577 2570 potestatem
1594 2545 1649 2564 non
1665 2539 1810 2572 relinquet.

191 2592 256 2618 Alia:
271 2592 383 2624 insuper
399 2587 544 2623 opiniones
566 2590 592 2613 et
616 2584 761 2612 sententiae
777 2591 873 2610 omnes
891 2591 970 2617 nugm
990 2583 1103 2610 fuerint.
1119 2583 1268 2610 Veritatem
1300 2582 1375 2609 enim
1414 2583 1481 2609 satis
1513 2583 1571 2610 scio
1593 2584 1647 2610 Duo
1666 2592 1727 2611 esse
1752 2594 1811 2617 gra-

193 2636 334 2663 tissimam.
351 2634 404 2663 Sed
424 2634 496 2660 enim
513 2639 621 2659 sacrum
639 2636 721 2665 caput
738 2635 826 2661 tuum,
862 2634 948 2665 atque
983 2629 1010 2656 itt
1032 2630 1130 2664 primis
1159 2629 1284 2656 veritatis
1311 2633 1428 2656 tutorem
1454 2634 1482 2656 et
1511 2630 1697 2662 iuspecmrern
1730 2631 1810 2657 Deum

192 2686 288 2711 testor.
307 2688 375 2714 aegre
396 2680 462 2707 mihi
486 2686 557 2706 esse.
580 2677 723 2711 Quomodo
745 2677 819 2704 enim
844 2684 899 2703 non
923 2676 970 2709 sit,
991 2683 1054 2702 cttm
1094 2675 1298 2711 quodammodo
1333 2683 1365 2702 ex
1386 2674 1441 2702 vita
1463 2675 1544 2702 solita
1576 2676 1602 2702 in
1628 2676 1713 2703 \itatn
1732 2677 1809 2703 aliam

192 2726 388 2756 transeundum
405 2726 471 2754 mihi
492 2725 548 2753 sit?
562 2725 640 2757 Quod
658 2724 679 2751 si
705 2724 790 2751 rebus
808 2723 850 2750 his
873 2723 899 2749 iu
935 2723 1076 2757 publicum
1115 2722 1230 2757 prolatis
1265 2722 1363 2757 (latere
1378 2723 1452 2748 enim
1487 2729 1532 2749 eas
1549 2727 1576 2749 et
1593 2723 1680 2756 premi
1702 2723 1775 2751 nolo;
1790 2723 1808 2747 is

190 2774 235 2801 cui
259 2775 421 2806 potestatem
439 2773 509 2800 hanc
536 2771 673 2799 concessit
696 2771 778 2803 Deus,
800 2770 826 2797 in
842 2769 966 2797 ordinent
987 2769 1162 2796 sacerdotum
1199 2776 1241 2796 me
1276 2769 1384 2803 legerit,
1408 2769 1511 2795 subibo
1529 2777 1588 2795 eam
1606 2769 1805 2796 licccssitatettt.

191 2825 219 2846 ct
246 2816 329 2844 veluti
357 2819 484 2844 tesseram
505 2818 636 2844 divinitus
661 2817 779 2844 oblatam
804 2817 964 2850 suscipiam.
985 2816 1032 2843 Sic
1066 2816 1142 2843 enim
1161 2816 1304 2848 existimo,
1328 2816 1350 2843 si
1385 2816 1428 2842 vel
1453 2815 1632 2850 imperatore,
1649 2816 1693 2843 vel
1711 2814 1805 2842 infelici

193 2867 303 2897 Deoque
325 2863 409 2892 inviso
443 2865 583 2897 Augustali
615 2867 742 2899 quopiam
776 2865 902 2898 iubente,
930 2865 1062 2900 imperata
1088 2873 1143 2892 non
1180 2865 1308 2895 facerem,
1326 2863 1520 2891 inobedieutie
1538 2872 1635 2894 pwnas
1660 2872 1702 2892 me
1726 2865 1799 2891 data-
