1899 3062
101 129 171 158 124εὸ
547 131 846 165 ΕρριΕδιΑδτιαΑι
865 135 888 165 Η

949 135 1058 168 ὈῙῖΙίΕ
1075 138 1148 170 LIB.
1169 138 1248 169 XIV.
1647 134 1716 167 1⁵ὶῦίὶ

93 192 157 236 rum
177 191 241 212 esse
260 193 267 212 :
285 185 343 236 _De_o
360 190 461 236 autem
482 188 536 224 ipsi
558 190 682 218 volentes
704 198 755 219 nos
784 199 881 227 parcre
901 194 1039 221 convenit.
1077 194 1125 222 Sin
1148 203 1191 223 me
1215 195 1248 222 ad
1273 201 1382 222 sacrum
1399 193 1556 221 obeundum
1591 192 1717 219 ministe-

93 232 169 258 rium
183 239 238 258 non
259 232 380 261 admittit
402 234 485 268 Deus.
503 235 537 264 ab
555 236 615 271 ipso
633 238 725 265 statim
751 239 829 266 initio
854 240 881 267 in
900 248 943 268 me
961 249 1017 269 rem
1052 241 1252 269 divinissimam
1275 242 1416 269 veritatem
1440 242 1526 276 ipsam
1560 238 1717 274 COtllltiL‘Cli‘

93 285 251 331 timide?”
267 279 293 306 id
310 281 444 331 quod‘illi
476 283 594 311 maxime
619 289 765 319 repugnat,
789 287 961 314 mendacium
997 288 1113 320 scilicet.
1137 288 1307 316 iunctionem
1342 288 1429 323 ipsius
1463 287 1603 320 suscipere
1629 286 1719 312 dcet-1.

93 325 148 352 Fac
164 325 250 360 igitur
272 331 302 353 ut
319 327 477 356 scholastici
493 329 552 358 hazc
577 330 676 363 sciant,
700 337 729 359 et
753 332 786 359 ad
821 333 898 360 illum
919 334 1049 362 referant.
1069 344 1079 361 ι
1099 334 1232 370 Synesius
1247 334 1358 370 quidem
1392 334 1452 361 hzcc
1473 333 1607 365 scrihens,
1625 337 1721 366 aperte

92 371 298 399 sacerdotalem
313 372 475 408 dignitatem
493 380 636 404 aversatus
657 382 711 409 est,
724 377 771 405 sed
789 382 880 405 tamen
901 386 1010 407 sacrum
1045 388 1146 408 munus
1184 388 1238 408 non
1262 380 1369 415 eil'ugit.
1396 379 1458 407 llzec
1480 387 1530 414 ego
1551 387 1585 406 eo
1607 378 1723 405 consilio

93 419 141 445 hic
155 419 258 455 adjeci,
274 422 384 449 utscire
400 422 539 457 possimus
552 430 613 458 quae
641 424 716 452 varie
749 432 799 459 per
826 425 1042 459 dispensationis
1075 428 1209 456 rationem
1235 428 1358 456 Ecclesia
1378 427 1477 462 egerit,
1502 435 1555 454 non
1580 426 1625 452 illa
1650 425 1724 460 lcch

92 472 187 495 certas
202 472 339 502 statuens,
361 469 410 497 sed
442 475 525 505 prout
545 475 653 507 tempus
666 472 760 505 ferret,
780 481 841 508 quae
871 474 1000 502 decereut
1030 480 1058 503 et
1089 477 1232 504 commoda
1246 480 1338 503 essent
1359 475 1471 502 faciens.
1490 474 1553 502 llaec
1570 474 1603 501 de
1620 473 1723 501 eximio

93 515 264 549 philosopho
281 515 409 551 Synesio.
432 516 510 545 Multi
534 525 599 546 vero
613 524 744 553 pmterea
759 519 806 547 alii
822 524 880 547 tum
898 521 1085 557 philosOphati
1115 527 1188 556 sunt,
1213 522 1340 550 doctrina
1359 522 1445 549 simul
1478 526 1506 548 ct
1523 521 1626 548 virtute
1644 519 1723 547 cclc-

93 562 159 588 bres
189 570 196 588 :

93 612 195 638 εσυ-ειη
200 630 208 638 .

229 569 348 596 quorum
381 563 507 592 omnium
542 565 711 592 mentionem
744 566 883 599 facerem.

390 693 518 721 ΚΕΦΔΛ.
531 693 603 727 NQ".

95 764 168 796 lippi
183 763 448 791 ‘Of'ajsrtrwaroz'r
464 764 518 791 τοῦ
533 765 570 791 ἐν
597 763 688 798 Ῥώμῃ
701 763 888 796 ,ϐασιλεύον-

133 806 204 831 Tac’
221 800 271 826 καὶ
301 800 367 832 περὶ
397 799 452 826 τοῦ
475 800 586 833 ἔθνους
609 799 668 826 τῶν
697 801 829 831 Γότθων,
843 799 887 831 εἷς

132 835 216 861 πόσα
246 835 412 868 διῄρηνται,
438 834 488 861 καὶ
506 835 613 867 ποίους
637 835 733 869 ἔσχον
755 836 887 869 τόπους-τ

133 869 179 895 ἐτι
195 869 230 895 δὲ
245 869 295 895 καὶ
323 869 390 902 περὶ
414 869 594 904 Βογιςςατίου
625 869 673 896 καὶ
694 870 811 896 Ἀετίου
838 868 888 895 καὶ

135 905 290 937 Ἄσπιηος
318 904 377 930 τῶν
405 904 601 938 στρατηγῶν·
630 904 679 930 καὶ
705 904 744 936 ὡς
772 905 788 938 ἠ
812 904 887 938 ,πρὸς

131 939 266 973 ἑσπέραν
278 939 372 973 Λιϐύη
388 939 447 966 ὑπὸ
464 938 659 972 οὺανόήλους
675 939 804 973 ἐγένετο.

134 1007 358 1038 Οὐαλεντινιιινδς
383 1007 410 1034 δὲ
426 1008 440 1034 ὁ
462 1007 613 1039 Πλακιδίας
632 1008 684 1043 μὲν
704 1009 772 1040 υίὸς,
792 1007 888 1034 Θεοδο-

99 1054 159 1080 σίου
176 1054 204 1080 δὲ
218 1053 345 1088 γαμῧρδς
362 1054 409 1080 ἐπὶ
431 1055 464 1089 τῇ
480 1053 598 1089 θυγατρὶ
613 1055 740 1090 Εύδοξέᾳ,
760 1055 793 1089 ἢν
813 1055 889 1090 αὐτῷ

100 1099 217 1125 Εύδοκία
230 1099 338 1132 ἐγέννα,
356 1099 404 1126 καὶ
419 1099 468 1134 τῆς
482 1100 614 1135 ἕσπερίου
634 1099 737 1135 λήξεως
754 1100 888 1134 αὐτοκρά-

100 1150 166 1176 τωρ,
184 1142 289 1177 οὖδαμῆ
307 1143 356 1177 μὲν
375 1143 430 1170 τῶν
451 1143 616 1180 Ἐκκληοίας
636 1144 721 1178 ὑγιῶν
743 1144 888 1178 δογμάτων

98 1188 221 1220 ἐξέκλινε
235 1208 243 1220 ,
265 1189 324 1215 λίαν
340 1189 368 1216 δὲ
392 1189 439 1216 καὶ
452 1189 503 1226 τῆς
524 1190 655 1222 εὐσεϐοῦς
672 1190 821 1225 Θρησκείας
842 1191 888 1217 ἀν-

97 1235 245 1261 τεποιεῖτο.
268 1235 331 1261 Ἐπὶ
347 1235 441 1270 μέντοι
463 1235 513 1271 τὴν
531 1235 637 1263 δίαιταν
651 1236 737 1273 πολλῇ
757 1238 790 1272 τῇ
813 1237 888 1264 ἀδια-

97 1279 183 1314 φιιρίᾳ
199 1279 300 1315 ἐχρῆτο
313 1288 321 1297 ο
339 1281 444 1316 συχυῶς
460 1282 513 1316 γὰρ
531 1281 628 1317 γόησιν
648 1282 763 1317 ὁμιλῶν,
778 1291 889 1317 φαρμα-

98 1325 192 1357 κείαις
213 1325 319 1361 ἔχαιρε.
336 1327 392 1354 Καὶ
416 1326 476 1362 δῆθ’
496 1327 550 1354 ὑπὸ
569 1327 701 1355 τοιούτων
720 1328 768 1355 καὶ
787 1328 889 1363 ἑτέρων

97 1371 197 1398 παθῶν
209 1371 384 1407 ὀχλούμενος,
401 1372 432 1399 οὗ
450 1372 531 1408 μόνον
542 1373 889 1409 Βρετταννίαν,⁴1σπανίαν
907 1363 929 1393 Β

98 1427 130 1444 τε
145 1418 205 1452 ἅμα
219 1419 267 1444 καὶ
284 1419 400 1451 Γαλλίας
410 1419 458 1453 τῆς
477 1420 564 1455 ἀρχῆς
580 1421 634 1456 πρὸ
648 1421 764 1456 βραχέος
776 1421 890 1456 ἀφαιρε-

99 1463 198 1495 θείσας
223 1464 419 1492 ἀνασώσασθαι
444 1465 572 1501 ἴσχυσεν*
597 1466 666 1494 ἀλλὰ
689 1466 756 1502 πρὸς
779 1467 891 1500 ταύταις

99 1510 150 1536 καὶ
167 1509 217 1545 τὴν
232 1510 366 1545 ἑσπερίαν
383 1512 474 1538 πᾶσαν
490 1511 607 1548 Λιϐύην,
621 1513 638 1548 ἥ
659 1512 692 1548 δὴ
707 1512 762 1540 τῶν
776 1513 891 1548 ’Ἄφρων

99 1556 240 1589 καλεῖται,
258 1556 484 1591 προσαπώλεσεν,
508 1558 562 1585 ἔτει
586 1559 827 1595 πεντεκαιδεκάτῳ
841 1560 891 1594 τῆς

99 1603 210 1629 ἐκείνου
232 1602 332 1637 ἀρχῆς,
354 1604 445 1634 αίτίας
461 1604 642 1640 ὴγησαμένης
658 1605 775 1632 τοιᾶσδε.
807 1606 892 1641 Στρα-

99 1648 181 1682 τηγὼ
195 1649 242 1675 δύο
259 1649 346 1685 ήστην
360 1650 389 1676 ὲν
405 1649 695 1677 Κωνσταντινουπόλει
706 1659 713 1666 ·
731 1651 892 1685 Βονιφάτιος

99 1695 150 1722 καὶ
172 1694 278 1726 ’Δάτιος
297 1694 403 1726 τούτοις
418 1695 435 1730 ἡ
451 1695 548 1728 κλῆσις
559 1703 567 1711 ·
593 1695 641 1727 οὓς
661 1696 801 1727 Θεοδόσιος
816 1696 892 1732 βασι-

100 1742 167 1773 λεὺς
197 1741 415 1777 Οὐαλεντινιανῷ
442 1742 619 1778 αἰτησαμένῳ
633 1743 673 1774 είς
696 1741 808 1778 Ῥώμην
824 1743 892 1770 ἀπέ-

102 1788 222 1816 στειλεν.
243 1788 321 1815 Ἐπεὶ
333 1788 361 1815 δὲ
373 1788 527 1824 Βονιφατῐῳ
543 1789 584 1820 είς
595 1788 683 1824 ἀρχὴν
697 1789 714 1824 ἡ
726 1789 796 1824 πρὸς
809 1789 892 1816 ἑσπέ-

102 1844 154 1871 ραν
162 1834 313 1871 ἐκληροῦτο
328 1835 428 1870 Λιϐύη,
439 1835 557 1870 μετρίως
568 1836 691 1869 ἐνεγκεῖν
700 1835 774 1862 τοῦτ’
790 1836 892 1868 Ἀἐτιος

98 1883 152 1916 οὐχ
166 1879 222 1912 οἷός
247 1889 276 1908 τε
296 1878 341 1916 ἦν.
369 1881 502 1916 Κέντροις
522 1881 614 1908 τοίνυν
640 1881 741 1916 φθόνου
766 1880 890 1917 βληθεὶς,

98 1926 232 1961 διαὸολὴν
259 1926 359 1960 ἐκείνῳ
378 1926 580 1961 συνέρῤαπτεν,
606 1926 645 1957 ὡς
673 1926 715 1961 εἴη
740 1926 891 1961 ἀνταρσίαν

100 1973 154 2007 μὶν
172 1972 306 2008 μελετῶν,
321 1972 373 1999 οὐκ
391 1971 483 2006 ἀγαθὰ
502 1971 531 1998 δὲ
546 1971 594 1998 καὶ
610 1972 668 2004 τοῖς
683 1971 819 2007 κρατοῦσι
832 1971 891 1998 δια-

99 2019 258 2054 νοούμενος.
285 2018 339 2045 Καὶ
358 2018 444 2045 ταῦτα
462 2017 512 2053 μὲν
532 2018 565 2053 τῇ
588 2018 635 2045 τοῦ
657 2017 792 2053 βασιλέως
806 2018 892 2054 μητρὶ

99 2065 236 2100 Πλακιδίᾳ
252 2064 345 2099 κρύφα
354 2064 462 2099 εἰσῆγε,
481 2064 589 2099 καὶτῆς
603 2065 691 2100 ἀρχῆς
708 2065 813 2092 ἐκεῖνον
827 2064 895 2101 μεθ-

100 2113 182 2148 ιστᾷν
205 2111 399 2139 συνεϐούλευεν
413 2119 421 2127 ·
445 2110 544 2146 ἐκεινῳ
567 2110 589 2137 δ’
608 2109 686 2142 αὖθις
709 2110 791 2147 ἕτερα
824 2111 894 2146 γρά-

99 2167 160 2193 φων
175 2158 323 2192 εἰσηγεῖτο,
337 2155 472 2191 μηδαμῶς
488 2155 598 2183 ἑλέσθαι
614 2156 703 2182 ὀπίσω
721 2156 820 2190 ἐλθεῖν,
835 2157 894 2192 εἴγε

98 2205 173 2237 δόξει
189 2205 245 2234 τοῖς
257 2203 406 2239 κρατοῦσιν
422 2203 504 2230 αὐτὸν
518 2203 768 2238 μεταστέλλεσθαι·
783 2205 894 2240 διαϐλη-

101 2248 185 2282 ῡήναι
202 2247 267 2282 γὰρ,
283 2247 330 2273 καὶ
349 2246 506 2282 πανουργίᾳ
530 2247 586 2274 τῶν
605 2247 781 2282 κρατούντων
806 2248 892 2283 ἀνάγ-

100 2302 153 2328 κην
166 2291 238 2319 εἶναι
252 2292 448 2327 διαφθαρῆναι.
466 2293 499 2319 Ἃ
519 2292 550 2327 δὴ
565 2293 719 2328 γράμματα
741 2294 782 2325 εἰς
796 2296 893 2330 χεῖρας

100 2339 194 2366 λαϐὼν
208 2338 381 2373 Βονιφάτιος,
397 2338 444 2364 καὶ
460 2335 504 2364 οἷα
518 2338 585 2373 παρ’
600 2339 697 2374 ἀνδρὸς
711 2339 788 2373 φίλου
801 2349 830 2366 τε
844 2341 893 2367 καὶ

101 2385 226 2420 γνησίως
249 2384 323 2418 μάλα
338 2384 447 2419 ἔχοντος
465 2384 617 2417 πιστεύσας
642 2385 745 2418 αὐτοῖς,
765 2386 891 2421 οὐδαμῶς

102 2433 227 2468 ὑπήκουε
253 2432 304 2467 τῆς
322 2431 410 2467 ἀρχῆς
435 2431 598 2466 ἀποστῆναι,
631 2432 734 2467 καίπερ
761 2433 892 2466 πολλάκις

102 2481 157 2507 ὑπὸ
185 2479 232 2506 τοῦ
259 2479 392 2515 βασιλέως
419 2478 680 2513 μεταστελλόμενος.
707 2478 848 2506 Ἐντεῦθεν
866 2481 892 2506 οἱ

103 2526 227 2562 βασιλεῖς
252 2524 295 2552 οἶα
320 2524 411 2559 πιστῷ
426 2525 475 2551 καὶ
498 2524 570 2559 εὔνῳ
597 2525 631 2552 τὰ
657 2524 777 2560 μάλιστα
796 2526 892 2560 Ἀετίῳ

103 2573 263 2608 προσεῖχον,
278 2572 311 2599 ὲκ
333 2571 432 2598 πολλοῦ
447 2571 498 2607 τὴν
513 2570 619 2598 ἐκείνου
638 2571 803 2606 δυσμένειαν
827 2581 893 2607 προ-

104 2618 269 2655 μηνύσαντι,
284 2617 332 2645 καὶ
344 2617 375 2653 δὴ
393 2617 442 2644 σὺν
458 2617 556 2653 ἐκείνῳ
570 2617 619 2652 τὴν
641 2618 713 2644 κατὰ
728 2617 891 2653 Βονιφατίου

101 2665 177 2695 ὅπως
206 2663 328 2698 ἀιποσαίη
355 2663 490 2696 συσκευὴν
522 2661 646 2697 ὕφαινον.
678 2662 838 2696 Τηνικαῦτα
863 2664 893 2690 δὲ

925 568 977 595 nisi
1010 577 1053 597 mc
1090 570 1169 605 longe
1198 569 1232 597 ab
1263 570 1390 596 instituto
1423 568 1614 604 digressurum
1663 573 1725 594 esse

1235 692 1348 721 CAPUT
1368 692 1434 720 LVI.

943 761 980 788 De
1012 761 1208 794 Valentiniano,
1236 762 1282 796 qui
1306 761 1395 788 Roma:
1416 760 1567 793 imperavit.
1597 759 1633 786 De
1652 763 1728 794 gente

976 797 1131 825 Gouhorum
1145 805 1154 824 :
1169 797 1196 823 in
1214 795 1279 830 quas
1299 797 1419 823 nationes
1440 795 1536 825 divisa.
1559 799 1584 821 et
1609 802 1667 828 qua:
1692 798 1729 820 te-

976 833 1084 859 nuerint
1107 833 1174 859 loca.
1201 829 1336 858 Praeterea
1361 831 1392 857 de
1417 830 1564 864 Bonifacio.
1593 829 1668 855 Actio
1703 833 1728 854 et

975 868 1079 901 Aspare
1094 867 1202 894 ducibus
1214 875 1222 894 :
1233 872 1258 894 et
1274 870 1302 893 ut
1314 866 1396 901 Libya
1409 864 1580 892 occidentalis
1598 864 1727 891 Vandalis

975 902 1081 929 subdita
1096 902 1187 936 fuerit.

977 1002 1063 1030 Porro
1076 1002 1286 1031 Valentinianus
1298 999 1427 1028 Placidia
1443 999 1515 1027 lilius
1535 1003 1565 1027 et
1578 997 1730 1026 Theodosii

941 1057 1026 1084 gener
1044 1050 1118 1083 (nam
1142 1047 1292 1075 Eudoxiam
1311 1047 1395 1074 tiliam
1410 1046 1481 1081 ejus,
1498 1051 1581 1079 quam
1597 1044 1622 1071 ei
1639 1043 1731 1071 Eudo-

942 1095 983 1122 cia
999 1098 1141 1129 genuerat,
1158 1093 1186 1120 in
1209 1092 1388 1120 matrimonio
1409 1091 1527 1125 habuit),
1546 1089 1732 1116 Occidentalis

942 1141 1051 1176 imperii
1068 1139 1191 1168 habenas
1225 1138 1366 1170 obtinens,
1391 1136 1606 1171 haudquaquam
1625 1143 1640 1162 a
1655 1135 1731 1163 sanis

942 1185 1071 1213 Ecclcsize
1096 1183 1271 1219 dogmatibus
1302 1182 1442 1214 descivit,
1471 1180 1590 1208 verioris
1618 1179 1732 1215 pietatis

942 1237 1024 1267 atque
1039 1230 1179 1265 religionis
1195 1237 1259 1257 acer
1274 1232 1405 1257 sectator.
1418 1227 1498 1261 Quod
1512 1231 1604 1255 autem
1621 1226 1649 1253 in
1663 1233 1729 1253 con-

943 1277 1090 1306 suetudine
1107 1281 1136 1305 ct
1161 1276 1217 1304 vita
1231 1276 1392 1311 quotidiana
1411 1274 1518 1302 nullum
1538 1278 1646 1301 certum
1670 1279 1730 1300 ser-

943 1328 1021 1352 varet
1049 1323 1172 1355 modum,
1200 1322 1352 1356 multisque
1373 1324 1500 1348 uteretur
1519 1319 1729 1355 impostoribus,

943 1375 1027 1406 atque
1036 1370 1271 1398 incantationibus
1284 1368 1430 1405 gauderet.
1439 1372 1467 1394 et
1483 1367 1546 1394 aliis
1559 1366 1728 1401 ejuscemodi

942 1419 1019 1447 vitiis
1031 1418 1208 1446 transversim
1229 1421 1368 1452 ageretur,
1388 1415 1471 1450 576
1488 1421 1543 1441 non
1566 1413 1655 1441 solum
1671 1412 1732 1440 Bri-

945 1465 1078 1498 tanniam,
1094 1464 1254 1499 llispaniam
1277 1468 1303 1490 et
1317 1462 1432 1495 Gallias,
1448 1468 1510 1496 quae
1531 1459 1651 1495 imperio
1668 1459 1730 1494 ejus

943 1511 1077 1545 ademptze
1104 1509 1224 1542 fuerant.
1256 1515 1424 1543 recuperare
1450 1514 1507 1534 non
1535 1506 1648 1540 potuit,
1679 1503 1730 1531 sed

944 1557 1058 1592 Libyam
1073 1556 1155 1583 etiam
1173 1562 1283 1582 omnem
1305 1558 1332 1581 et
1356 1553 1477 1580 Africam
1501 1551 1634 1587 perdidit,
1648 1550 1732 1586 quin-

944 1603 1052 1631 decimo
1069 1601 1178 1637 imperii
1195 1601 1238 1628 sui
1263 1608 1348 1633 anno,
1372 1599 1408 1627 ob
1423 1606 1535 1626 causam
1562 1596 1730 1633 huiusmodi.

945 1649 1004 1676 Duo
1021 1649 1085 1676 belli
1110 1649 1196 1675 duces
1218 1645 1461 1681 Constantinopoli
1478 1645 1604 1677 fuerunt,
1621 1643 1732 1671 Bonifa-

944 1695 1006 1723 cius
1031 1699 1059 1721 et
1074 1693 1186 1730 .Aetius
1201 1713 1209 1726 ,
1230 1701 1300 1728 quos
1320 1692 1496 1720 Theodosius
1518 1692 1670 1726 imperator
1696 1690 1739 1717 ad.

944 1740 1180 1771 Valentinianum,
1196 1739 1243 1774 qui
1262 1738 1315 1766 hoc
1338 1739 1468 1774 petierat,
1484 1737 1570 1765 misit.
1592 1737 1661 1765 Cum
1682 1743 1732 1763 au-

945 1791 1001 1815 tem
1023 1786 1166 1814 Bonifacio
1182 1785 1368 1813 Occidentalis
1388 1784 1473 1819 Libya
1494 1784 1638 1819 provincia
1658 1782 1733 1810 obti-
1763 1807 1767 1816 τ

944 1833 1039 1870 sisset,
1067 1832 1166 1860 Aetius
1189 1831 1217 1858 id
1241 1838 1320 1866 :equo
1343 1830 1437 1857 animo
1453 1829 1527 1856 ferre
1548 1836 1603 1856 non
1619 1827 1732 1863 potuit:

945 1879 994 1908 sed
1019 1879 1130 1906 invidia:
1154 1877 1274 1905 stimulis
1300 1881 1391 1909 actus,
1407 1875 1573 1903 calumniam
1598 1874 1734 1901 adversus

944 1933 1008 1954 eum
1033 1924 1221 1956 concinnavit,
1244 1924 1278 1950 ad
1297 1922 1479 1950 rebellionem
1510 1928 1574 1949 eum
1595 1923 1734 1955 spectare.

945 1971 1216 2007 imperatoribusque
1231 1977 1327 2005 parum
1348 1969 1433 1996 [ldum
1454 1975 1528 2000 esse.
1556 1967 1732 1995 criminatus.

946 2017 1003 2046 Hoc
1019 2019 1059 2046 sic
1071 2017 1140 2045 clam
1155 2016 1228 2052 apud
1245 2015 1421 2051 imperatoris
1437 2019 1553 2042 matrem
1570 2013 1733 2046 Placidiam,

948 2068 979 2092 ut
994 2062 1137 2099 provincia
1159 2062 1184 2091 ei
1203 2062 1374 2090 adimeretur
1397 2061 1529 2095 suadens,
1546 2061 1614 2095 egit.
1641 2060 1734 2094 Atque

947 2110 1060 2139 interim
1076 2109 1159 2138 etiam
1175 2109 1256 2145 longe
1270 2109 1323 2136 alia
1341 2108 1374 2136 ad
1397 2109 1474 2136 illum
1488 2108 1618 2143 scripsit:
1635 2107 1733 2135 videli-

945 2163 990 2184 cet
1015 2164 1050 2184 ne
1078 2155 1233 2191 provincia,
1259 2155 1283 2183 si
1306 2155 1447 2190 principes
1467 2162 1531 2183 eum
1559 2158 1733 2185 revocarent.

945 2202 1106 2230 decederet.
1136 2202 1262 2229 Drlatum
1286 2202 1361 2229 enim
1387 2209 1451 2229 eum
1474 2201 1548 2236 apud
1570 2201 1632 2229 illos
1658 2208 1734 2233 esse.

945 2249 1194 2284 necessitatemque
1221 2249 1260 2276 illi
1289 2256 1349 2276 eam
1377 2249 1551 2281 incumbere.
1577 2253 1607 2275 ut
1638 2247 1734 2275 fraude

944 2303 1041 2323 eorum
1062 2295 1236 2330 pereundum
1263 2295 1317 2323 sibi
1334 2299 1419 2328 esset,
1438 2294 1594 2322 allirmavit.
1621 2293 1732 2320 Litteris

945 2342 1046 2370 talibus
1065 2341 1227 2368 Bonifacius
1250 2341 1387 2376 acceptis,
1413 2339 1501 2373 Aetio,
1520 2346 1600 2373 quem
1618 2338 1670 2365 sibi
1689 2346 1731 2365 vc-

944 2396 1004 2415 rum
1031 2393 1059 2415 et
1081 2388 1166 2415 iidum
1183 2387 1303 2415 amicum
1330 2393 1392 2414 esse
1410 2385 1536 2421 putabat,
1553 2384 1691 2412 credidit:
1706 2389 1731 2410 ct

944 2434 1071 2469 quamvis
1094 2433 1195 2468 sacpius
1216 2434 1250 2460 ab
1271 2434 1441 2468 imperatore
1463 2435 1620 2463 revocatus,
1642 2429 1728 2456 haud-

943 2488 1080 2515 quaquam
1096 2485 1186 2508 tamen
1204 2485 1234 2507 ut
1250 2479 1422 2514 provinciam
1439 2478 1619 2512 relinqueret,
1631 2476 1727 2510 iussio-

944 2527 1025 2554 nibus
1052 2526 1112 2561 eius
1140 2526 1243 2561 paruit.
1270 2526 1447 2560 Quapropter
1472 2523 1613 2558 principes
1640 2523 1731 2555 Actio,

945 2577 1072 2607 tanquam
1087 2572 1191 2599 homini
1209 2572 1264 2599 tido
1281 2575 1310 2599 et
1327 2570 1471 2602 beucvclo,
1489 2569 1540 2604 qui
1558 2569 1663 2596 dudum
1683 2568 1732 2595 ho-

942 2618 1033 2645 stilem
1049 2617 1122 2645 illius
1138 2618 1260 2644 animum
1286 2616 1445 2649 indicasset,
1468 2615 1606 2646 faverunt,
1623 2619 1650 2643 ct
1666 2623 1731 2643 cum

944 2672 977 2692 eo
1004 2669 1099 2692 contra
1123 2663 1292 2691 Bonifacium
1312 2663 1404 2690 dolmn
1423 2667 1550 2697 texuere.
1575 2660 1610 2688 Ea
1629 2667 1732 2697 tempe-

102 2710 190 2738 πολλά
208 2718 239 2736 τε
254 2709 303 2736 καὶ
320 2708 439 2744 μέγιστα
458 2708 576 2735 Γοτθικὰ
589 2708 656 2743 ἔθνη
676 2707 748 2735 κατὰ
761 2708 791 2734 τὸ
805 2710 888 2744 πέραν

949 2713 1016 2737 state
1042 2708 1170 2744 plurimae
1202 2708 1383 2743 maximeque
1410 2706 1546 2734 Cotthica:
1577 2712 1674 2742 gentes
1704 2708 1731 2733 in

101 2757 150 2784 τοῦ
165 2757 274 2792 Ἴστρου
296 2757 347 2782 ἀνὰ
361 2755 395 2782 τὰ
413 2755 570 2790 ὕπερὸόρεα
594 2754 664 2790 μέρη
687 2755 825 2790 πανταχοῦ
838 2756 891 2782 διε-

103 2805 236 2831 σκέδαστο
250 2811 258 2818 ·
275 2800 313 2829 ὧν
327 2802 362 2828 τὰ
385 2802 504 2836 μάλιστα
522 2801 588 2837 παρ’
599 2801 715 2833 ἐκείνοις
733 2801 814 2836 λόγου
828 2802 891 2829 πολπ

103 2850 149 2876 λοῦ
167 2849 229 2878 ἄξια
254 2849 375 2879 τέσσαρά
401 2850 467 2879 εἰει.
487 2849 601 2878 ταύταις
623 2848 804 2877 ὠνοιιοισιιένα
830 2851 890 2878 ταῖς

944 2755 1154 2790 septentrionali
1177 2759 1254 2790 parte
1279 2754 1314 2782 ad
1343 2755 1443 2781 lstrum
1470 2753 1572 2788 passim
1598 2754 1731 2787 disperso

943 2807 1032 2830 erant.
1050 2801 1124 2828 inter
1140 2809 1210 2836 quas
1230 2801 1377 2837 pratcipuzc
1399 2805 1518 2836 quatuor
1531 2799 1638 2835 judicio
1657 2800 1729 2833 ips:-

944 2856 1003 2876 rum
1016 2848 1140 2876 celebres
1167 2848 1261 2876 fucrc.
1284 2847 1379 2876 Gotthi
1405 2847 1524 2876 scilicet.
1549 2843 1728 2878 Visscgotthi,
