1899 3062
136 139 203 172 1⁷273

577 139 879 172 ECCLESIASTICA!
894 139 1090 172 HISTORUE
1110 141 1185 174 LIB.
1207 142 1286 174 XIV.

1681 137 1750 170 1214.

130 197 241 233 ψαντος,
263 198 403 230 Θεοδόσιος
429 198 478 233 τῆς
494 198 598 229 πόλεως
614 197 724 231 ἐξῆλθεν
734 197 912 230 ίππάσασθαι,

969 197 1040 226 urbe
1051 205 1180 234 egressus
1194 203 1247 231 est,
1268 201 1298 225 ut
1320 195 1490 232 equitatione
1506 200 1534 224 ct
1551 195 1696 224 venatione
1720 203 1750 222 sc

132 244 179 269 καὶ
205 244 344 278 κυνηγίοις
363 243 461 270 ἑαυτὸν
483 243 599 270 ἀνεῖναι.
617 243 662 269 Ἐν
677 240 718 274 οἷς
741 243 762 269 δ’
781 242 916 274 ἱππάζετο

130 289 176 315 τοῦ
193 290 278 315 ῑππου
302 289 509 324 ἐκσφαιρισθεὶς
520 310 527 322 ,
545 289 580 316 τὰ
595 288 674 324 ,περὶ
696 289 743 316 τδν
771 288 915 315 σπόνδυλον

131 335 291 369 adﬁctam:-
313 335 361 361 καὶ
387 335 563 366 κατακλιθεὶς
587 334 728 369 λεκτικίῳ,
750 335 838 370 εἰσῄει
865 334 915 369 τὴν

131 382 220 408 πόλιν.
246 381 324 407 Ἐπεὶ
338 381 367 407 δὲ
384 380 487 416 ᾔσθετο
500 380 601 412 ἀπιὼν,
636 381 664 407 ἐν
687 381 836 415 ἀπορρήτῳ
865 379 915 415 τὴν

129 429 247 463 ἀδελφὴν
267 428 433 464 Πουλχερίαν
458 427 721 462 μεταστειλάμενος,
753 428 819 462 περὶ
836 427 915 460 Μαρ-

129 474 224 501 κιανοῦ
238 474 285 501 τοῦ
299 474 353 500 ἀπὸ
368 474 520 509 τρισούνων
543 475 610 509 αὐτῇ
639 474 783 508 διελέγετο.
807 473 844 505 ὠς
860 474 915 509 ἄρα

129 518 207 553 φίλον
227 517 272 552 εἴη
293 517 353 552 Θεῷ
368 517 427 552 μετ’
443 517 526 544 αὑτὸν
552 518 657 544 ἐκεῖνον
687 517 739 552 τὴν
766 517 914 550 Ῥωμαίων

129 564 218 600 ἀρχὴν
236 563 358 591 διοικεῖν.
382 563 437 589 Καὶ
452 564 466 589 ὁ
483 563 532 598 μὲν
556 562 631 590 ταῦτ’
656 563 759 595 εἰπὼν,
775 563 913 590 ἐτελεύτα.

131 610 193 637 Ἔτι
209 609 233 636 δ’
246 609 432 644 ἀγνοουμένης
445 609 494 644 τῆς
507 608 684 640 ἁποόιώσςως
702 608 741 644 τῷ
757 608 914 644 κρατοῦντι,

126 655 173 682 τὸν
197 655 359 690 Μαρκιανὺν
387 655 540 690 Πουλχερία
563 655 737 690 ποιησαμένη
769 654 915 690 μετάπεμ-

128 710 207 733 πτον,
236 701 321 736 ἄνδρα.
339 701 502 737 σωφροσύνῃ
527 702 574 728 καὶ
598 701 747 735 σεμνότητι
771 701 829 735 βίου
856 701 915 728 δια-

127 748 236 784 πρεπῆ,
249 748 297 775 καὶ
313 747 387 782 γήρᾳ
406 747 457 783 ήδη
476 747 680 782 κοσμούμενον,
702 747 768 782 περὶ
788 748 837 782 τῆς
864 747 914 782 ἀρ-

127 795 180 829 χῆς
196 793 346 821 ὲκοινοῦτο’
362 794 417 820 Καὶ
438 794 483 825 σὲ,
505 793 599 828 φησὶν,
616 792 670 827 ἐγὼ
679 793 734 819 τῶν
757 792 846 820 ἄλλων
863 792 913 827 τῆς

127 839 284 873 συγκλήτου
299 837 394 872 ἄρχειν
405 837 556 872 προκρίνω.
569 836 664 872 Ὅρκῳ
689 836 780 863 τοίνυν
797 836 915 871 ἀσφαλι-

127 885 247 920 σάμενος
261 883 298 915 ὼς
310 884 359 910 οὐκ
374 883 408 910 ἂν
419 882 564 910 ὲπίόουλον
586 883 649 917 ἐμοὶ
660 882 711 917 τῆς
733 881 805 915 ζωῆς
820 890 849 908 τε
866 881 913 909 καὶ
929 876 950 904 Β

125 932 177 966 τῆς
188 930 276 966 ἀρχῆς
302 931 349 957 καὶ
363 929 482 965 μάλιστα
508 929 558 963 τῆς
586 928 739 963 παρθενίας
762 929 911 963 φρονήσῃς,

127 978 162 1014 ην
185 976 217 1003 ὲκ
234 975 293 1002 νέου
322 976 459 1010 ἀνεθέμην
483 974 554 1010 Θεῷ,
580 974 703 1008 λάμὸανε
730 974 780 1009 τὴν
814 975 913 1009 ἀρχήν.

127 1023 183 1052 Τοῦ
199 1023 229 1050 δέ
249 1022 275 1057 τ’
297 1023 335 1054 ὼς
362 1022 449 1048 ἐδόκει
467 1022 501 1056 τῇ
526 1019 643 1056 βασιλίδι
669 1019 838 1055 πράξαντος,
865 1020 913 1047 τὸν

128 1070 303 1105 πατριάρχην
326 1068 482 1095 ’Δνατὸλιον
495 1067 585 1101 (οὗτος
603 1067 656 1100 γὰρ
673 1066 742 1101 μετὰ
764 1066 914 1093 Φλαὸιανδν

128 1114 274 1149 ιγεγόνει),
293 1112 526 1153 μεταστειλαμένη
541 1111 589 1138 καὶ
609 1111 659 1147 τὴν
676 1111 913 1147 σύγκλητονλᾷπα-

127 1168 191 1192 σαν,
201 1160 272 1187 κατὰ
281 1160 312 1186 τὸ
322 1159 468 1194 Ἕϐδομον,
477 1157 588 1192 βασιλέα
603 1157 746 1192 Ῥωμαίων
756 1157 838 1189 εὐθὺς
849 1157 914 1192 ἀνη-

126 1207 237 1242 γόρευε.
253 1205 392 1236 Θεοδόσιος
411 1204 434 1231 δ’
448 1204 478 1236 ἐξ
496 1203 582 1238 αὐτῆς
598 1203 627 1230 ἐν
654 1203 688 1238 τῇ
706 1201 822 1238 πατρῴᾳ
840 1202 912 1238 θήκῃ

127 1253 272 1283 ἐτέθαπτο,
285 1250 395 1278 κατὰτὸ
416 1250 504 1282 δεξιὸν
524 1248 652 1285 ὑπερῷον
676 1248 724 1275 τοῦ
751 1248 807 1275 τῶν
830 1248 913 1276 Ἀπο-

127 1300 230 1327 στόλων
250 1297 334 1334 σηκοῦ
349 1298 377 1324 ὲν
392 1296 458 1330 λίθῳ
477 1295 617 1330 Ῥωμαίῳ,
636 1292 658 1330 ᾧ
676 1295 778 1330 δηλαδὴ
792 1295 910 1330 ὑπερῴῳ

125 1345 167 1379 τῷ
184 1345 233 1380 ίσῳ
247 1344 314 1379 λίθῳ
333 1343 380 1371 καὶ
397 1343 412 1370 ὁ
428 1343 520 1378 πατὴρ
550 1342 705 1378 Ἀρκάδιος,
719 1341 765 1368 καὶ
779 1343 795 1377 ἡ
823 1342 913 1377 μήτηρ

126 1390 251 1422 Εὺδοξία,
263 1389 312 1415 καὶ
335 1390 350 1415 ὸ
365 1388 476 1420 πάππος
499 1386 583 1414 αὑτοῦ
597 1387 736 1419 Θεοδόσιος
766 1387 914 1422 xamen“.

127 1446 190 1465 σαν.
213 1436 258 1462 Ἐν
268 1435 296 1462 δὲ
309 1434 348 1469 τῷ
362 1434 529 1469 καταντικρὺ
553 1433 600 1460 καὶ
624 1433 765 1469 ἀριστερῷ
796 1432 912 1468 ὑπερῴῳ

126 1483 177 1510 τοῦ
208 1481 281 1509 θείου
306 1480 438 1516 τεμένους
471 1479 615 1511 Ἰουλιανός
644 1487 674 1506 τε
706 1479 755 1506 καὶ
782 1478 912 1511 Ἰοὸιανδς

126 1530 244 1556 κεῖνται.
259 1527 381 1562 Τελευτᾴ
394 1526 423 1553 δὲ
437 1527 451 1553 ὁ
468 1525 597 1560 βασιλεὺς
611 1525 764 1558 Θεοδόσιος,
781 1525 849 1553 ἑτῶν
863 1533 911 1560 γε-

126 1575 239 1609 νόμενος
250 1573 309 1603 ἑνὸς
336 1573 382 1598 καὶ
410 1572 591 1606 πεντήκοντα·
619 1571 665 1606 ἀφ’
680 1568 717 1598 ὧν
741 1571 776 1598 τὰ
802 1571 848 1598 δύο
864 1572 911 1598 καὶ

125 1620 333 1654 τεσσαράκοντα
348 1617 533 1644 εὐσεϐέστατα
557 1615 652 1652 ἦρξεν,
676 1617 739 1652 ὅρον
769 1617 911 1652 βασιλείας

125 1666 173 1692 τὸν
188 1665 245 1700 βίον
271 1664 319 1690 καὶ
344 1663 394 1698 τὴν
425 1663 513 1698 ἀρχὴν
535 1663 667 1697 ἄντικρυς
694 1662 908 1696 καταλελοιπώς.

127 1710 253 1744 ιΙεριέχει
264 1709 292 1735 δὲ
306 1709 355 1736 καὶ
371 1711 388 1743 ή
399 1708 526 1743 παροῦσα
544 1708 830 1743 τεσσαρεσκαιδεκάτη
863 1717 911 1744 μοι

125 1756 182 1783 τῶν
197 1754 325 1790 ἱστοριῶν
341 1755 440 1790 χρόνον
461 1754 530 1781 ὲτῶν
551 1754 756 1790 τεσσαράκοντα
783 1755 852 1790 πρὸς
865 1755 912 1782 δυ-

128 1802 182 1827 σίψ
204 1800 324 1835 ὁπηνίκα
352 1800 455 1836 κόσμου
480 1799 529 1835 μὲν
545 1799 605 1832 ἔτος
618 1799 713 1836 ,εὲξεκ
734 1799 788 1827 ἀπὸ
814 1801 843 1828 δὲ
861 1801 912 1836 τῆς

127 1845 205 1876 οείας
230 1845 277 1872 τοῦ
302 1845 404 1880 Κυρίου
434 1845 590 1882 γεννήσεως
616 1846 841 1882 τετρακοσιοστδν
864 1847 912 1874 καὶ

127 1891 275 1927 ἑξηκοστὸν
289 1891 462 1927 ἐπεραίνετο.

161 2015 369 2054 (I)Socundum
390 2016 544 2046 neotericos
556 2015 639 2045 “ﬁt.

966 249 1113 271 recrearet.
1130 243 1220 278 Atque
1236 244 1307 270 inter
1321 243 1500 278 cquitaudum
1521 250 1592 277 equo
1608 242 1749 276 delapsus,

965 290 1051 324 spinae
1076 289 1232 316 vertebram
1259 288 1372 316 luxavit.
1398 289 1573 323 Quapropter
1596 287 1693 315 lectica
1721 287 1748 314 in

967 335 1061 362 urbem
1080 336 1183 363 relatus
1198 339 1251 362 est.
1270 336 1359 370 Atque
1384 334 1428 361 ubi
1454 341 1482 362 se
1506 334 1670 362 moriturum
1688 341 1748 361 esse

967 380 1064 413 sensit,
1081 388 1144 407 cum
1167 380 1310 408 Pulcheria
1326 387 1422 408 sorore
1444 385 1553 407 secreto
1577 379 1610 406 ad
1633 387 1662 407 se
1685 387 1750 406 evo-

966 431 1038 459 cata,
1055 426 1088 453 de
1115 427 1249 454 Martiano
1271 434 1305 454 ex
1328 427 1448 453 tribunis
1474 426 1583 453 locutus
1609 430 1674 453 est:
1693 425 1748 452 Deo

966 475 1073 506 gratum
1098 472 1284 507 placitumque
1303 480 1362 498 esse
1382 471 1486 500 dicens.
1513 475 1543 498 ut
1565 471 1609 498 ille
1632 476 1694 505 post
1717 478 1748 497 se

967 518 1117 545 Romanam
1133 518 1340 547 administraret
1359 517 1503 545 ditionem.
1523 517 1556 544 Et
1574 517 1619 544 ille
1635 517 1746 551 quidem

965 570 1028 590 cum
1051 563 1109 590 haec
1134 564 1249 591 dixisset
1278 568 1402 591 mortuus
1424 568 1477 590 est.
1503 563 1630 590 Nondum
1655 567 1749 589 autem

966 608 1142 642 imperatoris
1157 614 1246 636 morte
1257 616 1407 644 comperta,
1423 609 1568 636 Pulcheria
1583 608 1748 636 Martianum

966 655 1096 687 accersit,
1112 655 1203 682 virum
1227 657 1409 691 temperantia
1429 660 1457 683 et
1482 655 1616 690 gravitate
1639 661 1748 681 morum

966 701 1140 735 praeclarum,
1157 705 1184 728 el.
1204 702 1281 728 senio
1295 701 1349 736 jam
1370 700 1570 733 venerandum,
1589 705 1617 727 et
1633 700 1749 727 consilio

964 745 998 772 de
1025 746 1131 780 imperii
1160 747 1335 774 successione
1363 753 1425 773 cum
1455 753 1489 773 eo
1519 746 1748 778 communicato,

965 791 1044 826 581
1066 791 1114 824 Te,
1133 791 1233 826 inquit,
1248 799 1300 826 ego
1315 799 1348 818 ex
1363 796 1461 819 senatu
1478 792 1552 819 omni
1570 800 1626 826 pra:
1640 792 1747 820 caeteris

963 836 1080 870 imperio
1099 836 1213 872 dignum
1229 837 1333 872 judico.
1349 836 1470 865 Proinde
1483 837 1664 873 jurisjurandi
1680 837 1748 865 reli—

964 883 1044 917 gione
1068 882 1242 917 interposita,
1269 888 1296 910 te
1319 882 1382 910 vita).
1408 887 1436 910 et
1463 883 1604 918 potestati,
1631 883 1748 912 maxime

964 933 1055 958 autem
1071 929 1224 963 virginitati
1242 935 1321 960 mere,
1338 936 1419 963 quam
1435 936 1450 956 a
1464 930 1554 964 prima
1578 929 1748 957 adolesentia

964 973 1020 1001 Deo
1033 975 1204 1007 consecravi,
1217 983 1272 1002 non
1288 975 1484 1003 insidiaturum
1505 984 1577 1010 esse,
1602 976 1748 1011 imperium

965 1019 1054 1054 ipsum
1074 1028 1151 1055 cape.
1168 1019 1314 1055 Postquam
1335 1021 1381 1048 ille
1403 1022 1476 1056 quod
1498 1022 1621 1057 Augusta
1641 1021 1751 1049 volebat

966 1067 1082 1102 peregit,
1101 1068 1259 1102 patriarcha
1275 1068 1414 1099 Anatolio,
1427 1068 1474 1102 qui
1493 1068 1623 1095 Flaviano
1639 1075 1750 1096 succes-

964 1117 1049 1145 serat,
1063 1117 1092 1140 et
1107 1113 1236 1140 universo
1249 1117 1345 1140 senatu
1359 1114 1518 1140 convocatis
1533 1113 1567 1140 ad
1583 1113 1747 1148 Septimum,

963 1157 1056 1184 statim
1074 1165 1137 1184 eum
1161 1158 1357 1192 imperatorem
1375 1158 1491 1185 creavit.
1507 1157 1680 1186 Theodosius
1696 1164 1748 1186 all-

964 1207 1018 1230 tem
1036 1208 1132 1238 postea
1154 1211 1216 1232 mox
1241 1204 1267 1231 in
1293 1208 1409 1239 paterno
1426 1208 1605 1232 monumento
1630 1203 1749 1232 Romani

963 1249 1063 1284 lapidis
1077 1251 1216 1286 repositus
1235 1255 1288 1283 est,
1303 1251 1330 1278 in
1345 1251 1440 1279 dextra
1457 1251 1567 1279 sublimi
1588 1257 1747 1280 sanctorum

962 1296 1158 1331 Apostolorum
1177 1297 1271 1332 templi
1297 1297 1424 1332 porticu:
1444 1297 1540 1332 inqua
1564 1297 1684 1332 porticu.
1699 1305 1748 1326 eo-

963 1342 1083 1377 demque
1100 1342 1201 1378 lapide,
1224 1347 1302 1378 pater
1315 1351 1427 1378 quoque
1445 1344 1592 1375 Arcadius,
1614 1349 1643 1372 et
1660 1349 1748 1372 mater

963 1388 1097 1421 Eudoxia,
1124 1396 1232 1416 necnon
1255 1397 1324 1416 avus
1346 1388 1519 1417 Theodosius
1544 1389 1588 1417 siti
1614 1396 1687 1417 sunt.
1717 1391 1746 1420 lu

963 1433 1075 1461 sinistra
1099 1439 1203 1465 autem,
1216 1441 1277 1469 qua:
1299 1441 1331 1461 ex
1355 1434 1470 1462 adverso
1484 1440 1526 1462 est
1544 1436 1652 1469 porticu
1676 1438 1747 1464 sacri

963 1480 1023 1515 ejus
1038 1479 1143 1514 templi,
1154 1479 1282 1507 Julianus
1299 1485 1328 1507 et
1342 1480 1504 1508 Jovinianus
1527 1481 1609 1516 jacet.
1626 1481 1749 1509 Mortuus

964 1528 1006 1552 est
1021 1525 1169 1559 imperator
1188 1525 1362 1553 Theodosius
1387 1533 1475 1554 annos
1498 1527 1696 1561 quinquaginta
1721 1533 1750 1554 et

965 1576 1049 1596 unum
1066 1574 1148 1598 natus
1162 1578 1169 1597 :
1189 1578 1222 1598 ex
1237 1570 1338 1606 quibus
1363 1571 1544 1606 quadraginta
1558 1576 1584 1597 et
1599 1572 1668 1598 duos
1692 1580 1745 1598 ma-

963 1614 1036 1642 xima
1053 1623 1115 1643 cum
1134 1616 1235 1650 pietate
1263 1616 1419 1652 imperavit,
1436 1617 1475 1644 ita
1500 1621 1530 1644 ut
1548 1618 1628 1643 vitam
1652 1618 1709 1652 ipse
1722 1622 1749 1645 et

962 1661 1118 1695 posteritati
1127 1662 1393 1690 administrationem
1406 1670 1484 1690 suam
1499 1668 1628 1698 tauquam
1640 1664 1748 1698 imperii

963 1706 1080 1735 formam
1097 1707 1251 1742 reliquerit.
1263 1708 1461 1744 Complectnur
1483 1710 1607 1738 decimus
1635 1716 1750 1745 quanus

963 1753 1015 1781 iste
1028 1754 1099 1781 liber
1115 1761 1204 1782 annos
1220 1755 1401 1790 quadraginta
1425 1756 1507 1789 duos,
1518 1763 1579 1782 cum
1608 1763 1623 1782 a
1647 1755 1750 1783 mundo

965 1798 1078 1826 condito
1096 1799 1246 1834 quinquies
1262 1800 1423 1827 millesimus
1437 1800 1693 1834 noningenlesimus
1707 1806 1749 1826 se.

964 1845 1119 1878 xagcsimus
1131 1845 1245 1878 quintus
1257 1844 1307 1879 (1),
1316 1851 1331 1870 a
1343 1844 1435 1871 divina
1450 1848 1543 1870 autem
1555 1843 1663 1870 Domini
1680 1843 1749 1870 nati-

964 1889 1354 1931 vitate“quadringentesimus
1370 1894 1398 1919 et
1417 1890 1604 1926 sexagesimus
1620 1893 1748 1925 ageretur

964 1943 1066 1966 annus.
