4250 6450
677 382 744 447 19
1869 387 2285 450 NICEPHORi
2331 391 2674 454 CALLISTI
3865 395 3932 455 52d

673 501 880 550 circum
904 507 1244 564 equestrem,
1272 496 1541 565 porticus,
1567 498 1831 568 projei-tn,
1865 502 2246 565 aqlttl'dttt'ltts,
2277 499 2325 557 Α

2277 499 2784 571 Δμῖτεστέλλετο·
2846 508 3180 577 ἱππόερομῖν
3243 524 3298 558 τε
3368 507 3463 558 καὶ
3522 507 3783 575 ὲμίέώους
3837 511 3931 560 καὶ

673 592 878 652 fontes,
936 598 1170 650 statuas,
1221 589 1508 658 imagines,
1561 599 1615 644 et
1665 606 2010 660 qua-cunque
2057 601 2246 644 essent

675 682 966 751 praecipuae
1010 682 1148 735 artis
1197 697 1389 750 opera,
1427 681 1541 735 fieri
1573 698 1753 751 eoque
1787 683 2150 751 comportari,
2189 695 2246 737 ut

672 772 958 844 splendida
993 782 1298 842 ornataque
1347 772 1603 828 redderet
1635 777 1840 836 omnia,
1896 791 2118 830 curans.
2165 775 2248 829 Ad

674 867 812 931 hac,
882 866 1085 935 templa
1134 866 1268 928 Deo,
1325 867 1592 933 apostolis
1644 877 1702 920 et
1769 868 2141 938 martyribus,
2193 877 2250 921 et

673 958 968 1010 maximam
1001 957 1149 1010 illam
1184 957 1556 1026 porphyretici
1607 961 1900 1011 marmoris
1935 959 2248 1013 columnam

677 1060 1030 1115 construens,
1062 1051 1115 1104 in
1150 1067 1257 1116 qua
1302 1059 1541 1103 statuam
1570 1066 1790 1120 quoque
1826 1068 1980 1106 suam
2009 1051 2252 1106 colloca-

677 1143 775 1206 vit,
807 1144 859 1196 in
913 1144 1043 1212 polo
1100 1159 1197 1197 seu
1243 1144 1448 1198 vertice
1497 1145 1686 1197 mundi
1745 1161 1966 1200 crucem
2028 1146 2250 1200 inﬁxam

673 1248 838 1288 manu
888 1242 1194 1289 tenentem.
1229 1234 1350 1300 Quo
1396 1237 1487 1291 ille
1524 1237 1770 1305 symbolo
1807 1238 2091 1304 indicavit,
2140 1241 2254 1292 vir-

678 1334 791 1380 tute
825 1326 1010 1380 invicti
1045 1328 1165 1394 ejus
1199 1328 1390 1396 tropzei
1432 1338 1485 1382 et
1529 1328 1671 1398 signi
1709 1340 1908 1382 terram
1940 1347 2160 1385 omnem
2197 1341 2253 1386 et

675 1433 827 1472 mare
861 1419 1038 1487 ipsum
1073 1436 1101 1473 a
1134 1436 1192 1474 se
1223 1437 1345 1474 esse
1384 1423 1696 1476 subactum.
1739 1421 1793 1475 In
1827 1425 2049 1490 regione
2079 1427 2249 1479 etiam

676 1527 738 1567 ea
763 1528 884 1581 quae
909 1513 1266 1568 Sosthenium
1310 1515 1536 1579 dicitur,
1576 1523 1632 1569 et
1677 1517 1730 1568 in
1777 1519 2032 1586 trajectu,
2061 1536 2124 1572 ex
2157 1536 2253 1589 ap-

675 1604 950 1674 paritione
986 1606 1301 1677 archangeli
1360 1607 1665 1674 Michaelis,
1725 1611 1928 1678 templa
1977 1612 2251 1679 condidit,

674 1698 892 1767 aliaque
943 1698 1100 1763 plura
1156 1715 1320 1768 opera
1373 1702 1634 1770 perfecit,
1686 1718 1809 1771 quae
1860 1704 2011 1758 illius
2065 1707 2250 1759 divina

676 1801 859 1846 mente
890 1803 946 1846 et
977 1794 1273 1862 prudentia
1302 1803 1469 1861 atque
1503 1795 1669 1848 etiam
1706 1796 1757 1847 in
1800 1795 1967 1850 rebus
1992 1797 2252 1852 onmibus

679 1886 1088 1955 magniﬁcentia
1119 1887 1283 1957 digna
1323 1896 1502 1941 erant.
1536 1888 1612 1942 De
1641 1891 1971 1959 cognomine
2012 1892 2062 1945 ei
2113 1890 2251 1945 urbe

679 1979 908 2041 dicitur,
950 1994 1061 2032 non
1105 1980 1266 2049 longe
1297 1980 1366 2034 ab
1396 1981 1516 2045 Ilio,
1555 1980 1700 2034 circa
1731 1981 2050 2036 Grzecorum
2083 1998 2252 2036 nava-

676 2069 783 2122 lem
826 2071 1149 2135 stationem,
1183 2087 1303 2126 eam
1337 2071 1491 2125 illum
1527 2075 1770 2127 excitare
1797 2073 2031 2142 cmpisse
2059 2093 2068 2126 :
2105 2075 2252 2143 quod

679 2171 865 2216 autem
887 2172 1076 2224 ,noetu
1125 2163 1353 2218 oraculo
1395 2164 1588 2219 divino
1635 2164 1985 2230 admonitus,
2039 2166 2252 2220 circum

677 2255 1026 2325 Byzantium,
1059 2271 1088 2310 e
1121 2258 1344 2327 regione
1381 2256 1715 2311 Cltalcedoni
1745 2267 2033 2312 exstruere
2063 2260 2254 2327 jussus

677 2357 850 2410 esset,
899 2363 1165 2416 responso
1211 2350 1261 2403 ei
1319 2364 1531 2402 morem
1581 2361 1886 2419 gerentem,
1935 2351 2138 2420 amplis
2180 2352 2252 2405 ita

679 2442 958 2496 montibus
1001 2443 1073 2496 ibi
1108 2442 1538 2496 circumdediss-n
1561 2483 1574 2506 ,
1610 2443 1887 2512 rebusque
1915 2443 2176 2497 omnibus
2200 2452 2255 2496 et

679 2535 1021 2589 ornamentis
1062 2546 1227 2604 atque
1275 2536 1582 2599 honoribus
1616 2537 1908 2604 prmcipuis
1942 2537 2128 2591 Romae
2155 2553 2253 2606 pa-

682 2643 795 2681 rem
824 2627 1186 2691 exstruxisse,
1221 2628 1435 2681 curiam
1464 2639 1631 2698 atque
1662 2640 1938 2692 senatum,
1972 2639 2250 2698 sumptus,

683 2732 920 2777 tesseras
936 2719 1755 2792 frumcntarias,dignitatisque
1768 2738 1941 2792 genus
1954 2738 2138 2786 omne,
2154 2724 2257 2776 im-

680 2815 955 2882 peratoria
975 2830 1203 2884 prorsus
1219 2813 2090 2885 muniﬁcentiaeivibuslargitum
2109 2831 2253 2882 esse;

682 2917 847 2974 atque
875 2907 947 2960 ita
976 2907 1236 2961 omnibus
1266 2908 1433 2961 rebus
1475 2909 1573 2962 rite
1606 2917 1772 2977 atque
1791 2910 1987 2964 ordine
2016 2910 2260 2979 disposi-

682 2999 774 3060 tis,
794 2998 1330 3067 ConstantinOpolim
1361 3009 1415 3053 et
1447 2998 1650 3053 Novam
1674 3000 1901 3054 Romam
1925 3003 2254 3071 appellasse,

682 3091 843 3161 535
864 3091 1167 3160 cadentque
1198 3107 1320 3146 cum
1342 3092 1433 3146 illa
1457 3101 1751 3162 potestate,
1771 3094 1978 3148 eisdem
2008 3095 2258 3150 moribus

2352 601 2557 668 ταμεῖα
2590 600 2820 664 ὑδάτων,
2853 602 2949 652 aut
2997 602 3227 670 κρήνας,
3278 600 3569 667 ἀγάλματα
3605 600 3702 651 καὶ
3731 601 3841 652 πᾶν
3872 617 3927 650 τι

2350 690 2483 753 τῶν,
2534 693 2632 746 ὅσα
2666 693 2851 762 χειρὸς
2883 693 3146 756 ἐξαισίοις,
3205 692 3428 760 ἐκόμιςὲ
3462 709 3518 743 τε
3564 691 3657 742 καὶ
3698 693 3934 744 κατεκὸε

2353 801 2503 852 σμει,
2563 785 2798 853 διαφανῆ
2842 783 3137 837 καθιστῶν.
3196 782 3350 844 Νεὼ;
3402 783 3492 834 ἐπὶ
3542 782 3756 845 τούτοις
3817 782 3937 853 Θεῷ

2353 874 2568 940 ἀνίστα,
2612 877 2707 928 καὶ
2752 877 3078 938 ἀποστόλοις
3114 876 3207 930 καὶ
3257 877 3531 944 μάρτυσιν
3571 875 3667 928 καὶ
3715 875 3806 928 τὸν
3844 875 3938 942 μὲ-

2354 983 2542 1033 γιστον
2574 968 2892 1039 πορφυροῦν
2944 971 3119 1032 κίονα,
3163 971 3220 1021 ὲν
3253 961 3297 1036 ᾧ
3338 970 3432 1021 καὶ
3478 968 3608 1020 ἴδιον
3641 967 3937 1034 ἀνδριάντα

2355 1061 2585 1130 ἐπῆγεν,
2632 1063 2726 1115 ἐπὶ
2777 1063 2928 1132 πόλῳ
2981 1063 3218 1131 σταυρὸν
3267 1061 3631 1130 ὲμπεπηγότα
3679 1060 3936 1112 διακατέ-

2356 1172 2541 1224 χοντα.
2571 1149 2666 1218 Οἷς
2701 1157 3031 1225 παρεδήλου,
3068 1155 3144 1218 ὡς
3175 1154 3249 1222 γῆ
3291 1172 3348 1206 τε
3385 1153 3534 1222 αύτῷ
3561 1152 3656 1204 καὶ
3691 1150 3934 1203 θάλαττα

2356 1246 2680 1300 δεδούλωται
2702 1250 2851 1301 πᾶσα
2875 1251 2942 1317 τῇ
2973 1247 3203 1315 δυνάμει
3228 1245 3318 1298 τοῦ
3342 1246 3616 1314 ἀηττήτου
3642 1242 3934 1314 τροπαίου.

2360 1337 2468 1390 Καὶ
2505 1339 2644 1392 κατὰ
2684 1340 2776 1390 τὸν
2810 1339 2864 1400 ὃς
2900 1341 3155 1391 καλεῖται
3207 1337 3388 1406 χῶρος
3438 1333 3739 1387 Σωσθένιον
3773 1334 3830 1384 ὲν
3859 1331 3939 1400 τῷ

2358 1430 2609 1499 ἀνάπλῳ,
2640 1431 2774 1484 νεὼν
2808 1431 2867 1495 ἐξ
2920 1431 3245 1497 ἐπιφανείας
3281 1430 3374 1482 τοῦ
3423 1427 3771 1500 ἀρχαγγέλου
3822 1425 3942 1477 ἀνί-

2360 1540 2466 1589 στη
2488 1541 2503 1554 -
2537 1526 2631 1576 καὶ
2656 1524 2771 1578 ἀλλ’
2799 1525 2957 1589 ἄττα,
2993 1523 3121 1589 ἄξιά
3155 1539 3216 1588 γε
3245 1524 3343 1590 τῆς
3372 1521 3586 1574 ἐκείνου
3622 1520 3717 1572 καὶ
3743 1517 3942 1588 φρενὸς

2358 1616 2453 1666 καὶ
2489 1614 2639 1676 θείας
2675 1615 2973 1678 συνέσεως,
3000 1616 3080 1668 ἔτι
3106 1616 3163 1667 δὲ
3196 1614 3289 1667 καὶ
3314 1613 3407 1666 τοῦ
3435 1613 3524 1680 ἐφ’
3549 1612 3725 1664 ἆπασι
3767 1626 3941 1678 μεγα-

2357 1703 2664 1772 λοπρεποῦς
2711 1704 3097 1772 διεπράττετο.
3127 1703 3362 1770 Λέγεται
3420 1702 3610 1768 μέντοι
3664 1697 3798 1768 περὶ
3842 1699 3942 1767 τῆς

2359 1797 2653 1865 ἐπωνύμου
2689 1796 2840 1865 αὐτῷ
2881 1796 3114 1860 πόλεως,
3147 1795 3223 1858 ὡς
3268 1795 3410 1847 κατὰ
3453 1793 3553 1864 τὴν
3592 1792 3760 1846 Ἴλιον
3809 1790 3943 1859 περὶ

2357 1889 2418 1941 τὸ
2457 1889 2564 1941 τῶν
2614 1889 2887 1955 Ἑλλήνων
2922 1889 3271 1957 ναύσταθμον
3308 1887 3623 1941 ἐπιϐάλλειν
3667 1885 3941 1955 πρότερον

2361 1981 2528 2050 αὐτὴν
2586 1983 2854 2051 ἀνιστᾷψ
2889 1981 2981 2035 τοῦ
3030 1981 3086 2033 δὲ
3139 1981 3280 2034 Θεοῦ
3333 1982 3644 2051 χρήσαντος
3699 1977 3940 2047 νύκτωρ,

2359 2077 2500 2128 κατὰ
2538 2075 2597 2127 τὸ
2651 2074 2946 2140 Βυζάντιον
2996 2075 3230 2143 ἀντικρὺ
3287 2072 3654 2142 Χαλκηδόνος,
3701 2073 3945 2141 ἐγείρειν

2357 2168 2552 2234 αὐτὴν,
2609 2165 2686 2235 τῷ
2740 2164 2975 2236 χρησμῷ
3029 2166 3349 2230 πεισθέντα,
3407 2165 3618 2234 τείχεσι
3683 2165 3943 2233 μεγάλοις

2359 2259 2703 2326 περιϐαλεῖν,
2735 2259 3002 2330 ὀμότιμόν
3040 2275 3098 2311 τε
3135 2260 3200 2328 τῇ
3239 2257 3433 2326 Ῥώμῃ
3487 2255 3802 2323 πρεσϐείοις
3840 2255 3943 2307 πᾶ-

2359 2370 2443 2404 σιν
2489 2353 2869 2421 οἰκοδομῆσαι,
2927 2349 3314 2422 βουλευτήριόν
3349 2366 3409 2402 τε
3459 2349 3552 2401 καὶ
3612 2345 3942 2416 σύγκλητον.

2359 2445 2452 2497 καὶ
2487 2444 2758 2511 δαπάνην,
2794 2444 2889 2496 καὶ
2926 2442 3240 2512 σιτηρέσια,
3288 2443 3383 2494 καὶ
3423 2439 3739 2508 φιλοτιμίαν
3777 2437 3944 2506 ἄλλην

2359 2537 2814 2606 αὐταρκεστάτην
2853 2535 3151 2606 βασιλικῶς
3179 2538 3292 2597 τοῖς
3323 2536 3608 2600 οἰκήτορσι
3642 2531 3943 2598 διανεῖμαι.

2358 2632 2670 2692 Φιλοκὰλως
2722 2630 2766 2682 δ’
2816 2629 3036 2682 ἅπαντα
3092 2628 3160 2680 τὰ
3204 2626 3324 2679 κατ’
3371 2626 3543 2696 αὐτὴν
3601 2623 3945 2691 διαθέμενος,

2361 2724 2505 2776 Νέαν
2547 2721 2768 2792 Ῥώμην
2801 2718 3379 2774 Κωνσταντινούπολιν
3409 2717 3824 2786 κατωνόμασεν,
3854 2715 3945 2764 ἴσα

2360 2819 2408 2869 τ’
2450 2817 2634 2886 ἐκείνῃ
2669 2818 2916 2884 κρατεῖν,
2954 2816 3048 2867 καὶ
3083 2814 3412 2883 οἰκονομεῖν,
3461 2812 3558 2865 καὶ
3600 2808 3947 2877 θεμιστεύειν

2361 2907 2534 2959 ἐδίδου
2560 2921 2574 2936 ⁸
2623 2911 2716 2958 καὶ
2767 2904 3014 2974 βασιλίδα
3049 2905 3158 2956 τῶν
3197 2907 3410 2957 πόλεων
3448 2901 3776 2971 ἀνηγόρευε,
3813 2897 3943 2961 τῶι,

2362 3002 2474 3053 ὅσοι
2513 3000 2612 3070 τὴν
2659 2998 2943 3068 Ῥωμαίων
2995 2997 3238 3066 ὑπήκοον
3281 2996 3636 3064 γινώσκουσι,
3681 2994 3816 3062 πρὸς
3851 2993 3949 3057 ἄρ-

2364 3111 2492 3146 κτον
2523 3094 2616 3144 καὶ
2651 3092 2801 3144 νότον
2828 3091 2922 3144 καὶ
2943 3089 3237 3159 ἀνίσχοντα
3267 3089 3439 3159 ἣλιον,
3477 3087 3574 3138 καὶ
3602 3086 3669 3139 τὰ
3697 3087 3756 3138 ὲν
3794 3085 3947 3152 μέσῳ

682 3195 848 3253 atque
899 3185 1186 3248 institutis,
1224 3187 1544 3255 eisdemque
1580 3188 1791 3256 legibus
1830 3204 1954 3242 esse
2002 3190 2259 3258 jussisse,
2289 3176 2333 3236 ο

2289 3176 2333 3236 C
2367 3187 2602 3256 πελάγη,
2636 3190 2700 3238 ὲκ
2725 3185 2828 3238 τῶν
2862 3187 3010 3254 παρὰ
3041 3185 3130 3236 τον
3158 3184 3371 3251 Ἵστρον
3403 3181 3631 3242 πόλεωι,
3663 3177 3756 3230 καὶ
3800 3177 3949 3228 Ἐπι-

683 3294 738 3333 et
775 3281 1003 3346 insuper
1040 3281 1448 3348 imperatricem
1501 3282 1692 3333 urbem
1719 3281 2049 3346 declarasse,
2085 3297 2261 3351 popu-

683 3374 862 3425 lorum
887 3373 1132 3425 onmium
1163 3372 1256 3439 qui
1299 3373 1603 3425 Romanum
1634 3373 1926 3436 imperium
1959 3388 2261 3443 agnoscen-

688 3478 789 3523 tes,
843 3469 1296 3535 septentrionem,
1336 3475 1582 3518 austrum
1638 3474 1691 3520 et
1750 3468 1917 3518 solem
1988 3468 2259 3521 orientem

685 3574 899 3618 versus,
934 3557 1158 3627 etquod
1195 3558 1247 3609 in
1285 3557 1465 3610 medio
1496 3568 1582 3610 est
1629 3574 1778 3611 mare
1820 3561 2030 3621 colunt,
2076 3563 2144 3613 ab
2179 3563 2261 3614 eis

685 3667 807 3718 qua:
839 3651 906 3704 ad
949 3650 1145 3704 Istrum
1191 3660 1482 3704 exstructa:
1514 3660 1641 3704 sunt
1672 3651 1920 3712 urbibus,
1948 3663 2003 3704 et
2033 3654 2100 3705 ab
2133 3653 2259 3720 Epi-

687 3744 911 3806 damno,
948 3759 1067 3811 qute
1097 3759 1206 3795 non
1240 3744 1400 3810 longe.
1429 3742 1496 3795 ab
1537 3743 1689 3795 Ionio
1733 3743 1854 3796 sinu
1899 3754 1986 3797 est
2011 3746 2136 3805 sita,
2171 3762 2260 3798 us-

685 3853 793 3905 que
821 3836 887 3888 ad
916 3836 1179 3905 Cyreuem
1209 3848 1264 3890 et
1297 3836 1602 3903 proximam
1644 3834 1895 3904 Libyam,
1917 3851 2013 3905 per
2063 3847 2261 3899 totum,

686 3931 831 4000 quod
864 3930 1090 3989 dicitur.
1122 3930 1341 3983 boreale
1386 3929 1546 3982 clima
1583 3940 1637 3980 et
1673 3929 1954 3997 regionem
1983 3943 2260 3994 arctoam;

686 4033 742 4076 ct
798 4023 986 4074 urbani
1037 4035 1153 4074 eam
1202 4020 1365 4072 condi
1415 4023 1669 4086 etepisse,
1725 4035 1754 4072 a
1816 4021 2023 4072 mundo
2076 4031 2263 4075 ert-ato

686 4115 982 4183 quinquies
1061 4113 1352 4166 millesimo
1451 4114 1913 4181 octingentesimo
2000 4115 2262 4168 vicesimo

685 4209 900 4269 quinto,
950 4206 1167 4274 imperii
1215 4205 1338 4272 ejus
1392 4205 1653 4258 decimo:
1713 4207 2016 4260 absolutam
2078 4221 2262 4262 autem

686 4314 910 4368 prorsus
966 4313 1110 4359 esse,
1174 4297 1418 4365 ejusdem
1475 4297 1692 4364 imperii
1749 4298 2011 4352 vicesimo
2070 4311 2264 4354 octavo

687 4408 853 4453 anno,
890 4391 982 4458 qui
1026 4389 1224 4443 incidit
1266 4390 1318 4441 in
1362 4389 1571 4441 conditi
1607 4389 1795 4442 mundi
1845 4405 2047 4443 annum
2104 4393 2264 4460 quiu-

2363 3284 2574 3352 δάμνου
2608 3283 2706 3351 τῆς
2742 3282 2876 3347 πρὸς
2911 3279 2988 3348 τῷ
3035 3277 3207 3348 Ἰονίῳ
3239 3278 3422 3343 κόλπῳ
3451 3275 3616 3344 μέχρι
3658 3273 3943 3341 Κυρήνης,

2367 3377 2599 3430 καὶτῶν
2641 3376 2767 3443 τῇδε
2808 3372 3046 3436 Λιϐύων,
3089 3371 3242 3440 παρὰ
3280 3371 3340 3421 τὸ
3362 3367 3573 3438 βόρειον
3609 3364 3948 3432 καλούμενον

2367 3469 2560 3537 κλίμα.
2590 3469 2698 3519 Καὶ
2723 3464 2994 3534 ἄρξασθαί
3027 3481 3090 3532 γε
3124 3465 3222 3532 τῆς
3251 3461 3542 3529 οἰκοδομῆς
3572 3458 3713 3510 κατᾶ
3742 3455 3799 3508 τὸ
3829 3473 3949 3506 πεν.

2366 3559 2808 3628 τακισχιὶ.ιοστὸν
2836 3556 3258 3610 ὀκτακοσιοστὸν
3283 3555 3536 3622 πέμπτον
3570 3553 3665 3604 καὶ
3698 3549 3950 3602 είκοστὸν

2367 3657 2485 3717 ἔτος
2524 3653 2617 3706 τοῦ
2651 3655 2881 3722 κόσμου,
2932 3652 3030 3720 τῆς
3061 3651 3117 3703 δὲ
3149 3649 3326 3719 ἀρχῆς
3356 3645 3523 3701 αὐτοῦ
3571 3646 3830 3698 δέκατον·
3863 3658 3950 3693 τε·

2367 3748 2523 3800 λέσαι
2551 3747 2607 3800 δὲ
2636 3746 2845 3812 ταύτην
2876 3745 3196 3796 παντάπασι
3225 3741 3367 3794 κατὰ
3397 3739 3456 3792 τὸ
3482 3736 3732 3791 εἰκοστὸν
3759 3734 3948 3801 ὄγδοον

2367 3838 2532 3892 αὑτοῦ
2565 3838 2662 3905 τῆς
2688 3837 2863 3904 ἀρχῆς
2883 3850 2897 3864 ·
2930 3835 3068 3902 ὅπερ
3100 3832 3219 3886 ἐστὶ
3249 3832 3458 3896 κόσμου
3493 3829 3613 3889 ἔτος
3641 3840 3947 3880 πεντακισ-

2368 3932 2635 4000 χιλιοστδν
2681 3925 3104 3981 ὀκτακοσιοστὺν
3164 3920 3254 3992 μγ⁹
3276 3960 3292 3986 ,
3325 3921 3402 3984 ὡς
3432 3920 3477 3974 δ’
3517 3920 3720 3988 ἕτεροι,
3752 3916 3945 3990 ,ιωληκ

2369 4029 2478 4079 Καὶ
2519 4023 2679 4076 τοῦτο
2717 4021 2774 4073 δὲ
2807 4019 2938 4089 περὶ
2973 4016 3183 4084 ταύτης
3217 4017 3544 4084 ἱστορεῖται,
3583 4011 3658 4075 ὡς
3698 4010 3788 4063 τὸν
3819 4008 3953 4061 ταύ-

2368 4135 2465 4185 της
2500 4114 2786 4182 περίϐολον
2817 4111 3159 4179 ὁριζόμενον,
3197 4107 3368 4176 βάδην
3401 4104 3680 4174 περιιέναι
3721 4102 3813 4154 τὸν
3849 4101 3946 4170 βα-

2373 4210 2523 4263 σιλέα
2550 4208 2674 4276 δόρυ
2712 4205 3012 4273 κατέχοντα
3042 4204 3109 4272 τῇ
3144 4199 3319 4270 χειρί·
3349 4199 3471 4251 ἐπεὶ
3497 4198 3554 4250 δὲ
3603 4198 3717 4259 τοῖς
3745 4195 3943 4264 ἑπομέ-

2369 4320 2478 4364 νοις
2509 4301 2683 4353 ἐδόκει
2733 4294 2981 4366 μεῖζονῆ
3029 4293 3276 4362 προσῆκε
3315 4289 3374 4342 τὸ
3418 4290 3618 4359 μέτρον
3658 4287 3948 4349 ἐκτείνειν,

2369 4393 2690 4462 προσελθεῖν
2723 4408 2781 4442 τε
2818 4388 2968 4457 αὐτῷ
3001 4405 3119 4440 τινα
3153 4385 3248 4438 καὶ
3278 4383 3766 4441 διαπυνθάνεσθαι.
3805 4380 3951 4441 Ἕως

687 4485 847 4554 quies
898 4483 1252 4536 millesimum
1307 4482 1827 4548 octingentesimum
1898 4483 2344 4574 quadragesi-D

2292 4518 2344 4574 υ
2373 4488 2498 4548 ποῦ,
2531 4487 2808 4545 δέσποτα;
2839 4483 2931 4534 τὸν
2959 4481 3014 4531 δὲ
3047 4478 3348 4548 διαρρήδην
3383 4477 3823 4544 ἀποκρινάμενον
3854 4476 3953 4537 1pc".-

690 4589 837 4626 mum
892 4575 1139 4636 tertium,
1185 4573 1320 4634 sive,
1382 4583 1440 4624 ut
1477 4573 1566 4625 alii
1614 4572 1856 4632 tradunt,
1918 4574 2257 4628 tritesimum

688 4676 961 4723 octavum.
993 4666 1062 4716 De
1087 4683 1149 4718 ea
1192 4665 1320 4717 illud
1373 4681 1594 4733 quoque
1642 4665 1920 4718 memoria:
1953 4675 2036 4719 est
2079 4668 2260 4736 prodi-

688 4772 802 4814 tum
841 4760 951 4827 (1),
990 4769 1048 4810 ut
1081 4758 1378 4824 imperator
1402 4759 1514 4824 ipse
1550 4759 1804 4826 pedibus,
1840 4760 2050 4813 hastam
2091 4779 2255 4815 manu

690 4865 902 4912 tenens,
954 4849 1221 4901 ambitum
1280 4850 1592 4916 "inaniaque
1654 4851 1771 4917 ejus
1825 4850 2094 4905 deﬁniens
2148 4853 2258 4904 eir-

687 4945 920 5000 eumilt:
964 4942 1109 5012 quod
1138 4942 1434 4995 comitibus
1457 4942 1575 5011 ejus
1606 4941 1838 4995 ulterius
1863 4958 2024 5010 quam
2056 4959 2260 4998 conve-

687 5044 853 5104 niret,
889 5039 1130 5109 pomeria
1163 5038 1315 5090 urbis
1351 5039 1600 5104 proferre
1632 5038 1932 5101 videretur,
1967 5043 2260 5108 quemdam

687 5150 750 5186 ex
785 5134 866 5186 eis
889 5136 952 5185 ad
985 5149 1110 5184 eum
1139 5133 1438 5184 accessisse
1485 5143 1649 5200 atque
1679 5149 1916 5201 rogasse,
1946 5133 2066 5198 Quo
2091 5151 2263 5202 usque

690 5227 935 5285 tandem,
969 5226 1097 5276 here
1127 5223 1150 5275 ἲ
1189 5223 1453 5290 illumque
1495 5221 1702 5276 diserto
1755 5225 2106 5292 respondisse
2137 5244 2148 5277 :
2185 5227 2262 5278 En

688 5329 886 5381 usque,
921 5313 1050 5365 dum
1076 5315 1168 5382 qui
1221 5328 1306 5366 me
1351 5315 1610 5380 praecedit
1659 5314 1879 5379 ductor,
1929 5318 2260 5369 constiterit.

691 5404 840 5458 Unde
905 5405 1038 5458 satis
1095 5403 1424 5466 constabat,
1487 5405 1765 5459 cwlestem
1835 5407 2150 5482 quampiam
2212 5410 2261 5461 ei

691 5499 934 5567 praeiisse
983 5500 1266 5563 virtutem,
1299 5515 1423 5568 qua:
1463 5515 1629 5565 eum,
1675 5502 1820 5568 quod
1865 5501 1980 5553 fieri
2017 5503 2264 5564 delu-rt-t,

759 5683 836 5745 (ll
869 5680 925 5736 Si
956 5681 1166 5736 scilicet
1203 5691 1298 5735 aut
1325 5681 1467 5734 intra
1507 5682 1864 5736 tredecimum
1904 5698 2264 5750 aunum'per-

688 5754 849 5813 fectu,
881 5761 973 5805 aut
1001 5754 1192 5819 quinto
1229 5753 1440 5820 imperii
1469 5768 1592 5814 e_,us
1617 5768 1761 5806 anno
1794 5753 2052 5805 militieur.
2087 5769 2264 5820 Cu:th

687 5835 853 5878 esset.
876 5822 1217 5878 Justiuiauus
1240 5823 1767 5892 Constantintwolitu
1795 5837 1988 5876 novam
2015 5824 2261 5886 litltnuttt,

2373 4597 2485 4641 ναι,
2517 4577 2660 4638 Ἕως
2691 4579 2755 4627 ἂν
2778 4577 2804 4626 ὀ
2829 4573 3139 4642 ἔμπροσθεν
3168 4571 3379 4635 ὁδηγῶν
3407 4586 3471 4637 με
3498 4573 3616 4637 στῇ.
3665 4567 3951 4635 Ἐπίδηλον

2373 4671 2427 4723 δὲ
2455 4671 2564 4738 ἄρα
2592 4667 2680 4739 ἦν,
2713 4671 2787 4728 ὡς
2812 4667 3039 4735 δύναμις
3071 4663 3238 4716 αὑτοῦ
3267 4680 3350 4725 τις
3373 4665 3600 4731 οὐρανία
3629 4663 3951 4730 προηγεῖτο,

2372 4761 2467 4814 τοῦ
2503 4761 2886 4830 πραττομένου
2925 4758 3266 4814 διδασκαλος.
3302 4757 3458 4809 Οὕτω
3496 4756 3552 4808 δὲ
3605 4755 3951 4825 μεγαλοπρεο

2374 4851 2489 4914 πῶς
2525 4851 2906 4919 ἱδρυσάμενον,
2943 4848 3091 4916 ἅλμα
3138 4847 3359 4914 Ῥώμαν
3403 4847 3671 4914 ὀνομάσαι
3707 4845 3900 4915 αὐτὴν,
3926 4843 3953 4896 ὃ

2372 4950 2438 5016 τῇ
2487 4946 2774 5014 Ῥωμαίων
2836 4945 3051 5012 γλώττῃ
3121 4942 3222 5011 τὴν
3276 4941 3486 5007 ἔνδοξον
3543 4941 3949 4993 ὑπαινίσσεται.

2383 5041 2554 5110 ’Υπὲρ
2596 5040 2652 5090 δὲ
2679 5040 2776 5106 τῆς
2806 5037 3087 5098 εὐσεϐείας
3121 5037 3149 5087 ὁ
3186 5036 3598 5094 Κωνσταντῖνος
3630 5033 3716 5084 ἀεί
3756 5049 3807 5084 τι
3856 5049 3954 5083 που

2375 5135 2482 5186 νῶν
2517 5133 2772 5186 διετέλει⁶
2809 5132 2906 5183 καὶ
2955 5130 3055 5182 οὐκ
3103 5131 3160 5180 ὲν
3199 5129 3277 5197 τῷ
3328 5127 3632 5192 Βυζαντίῳ,
3667 5125 3804 5178 ἀλλὰ
3857 5126 3953 5178 καὶ

2375 5223 2690 5293 ἁπανταχοῦ
2721 5225 2819 5291 τῆς
2852 5224 2978 5290 γῆς,
3025 5221 3375 5288 περικαλλεῖς
3403 5219 3595 5288 ἀνίστη
3636 5217 3792 5280 νεώς.
3826 5221 3953 5269 Δια-

2377 5339 2440 5388 φε
2452 5321 2653 5390 ροντως
2672 5318 2717 5370 δ’
2739 5320 2797 5369 ὲν
2814 5319 2932 5378 ταῖς
2959 5315 3328 5385 μητρόπολεσι
3350 5315 3498 5366 τοῦθ’
3523 5315 3733 5381 ἑωρᾶτο
3757 5313 3949 5364 ποιῶν·

2375 5411 2564 5479 ὥσπερ
2593 5412 2650 5461 ἐν
2675 5413 2740 5480 τῇ
2774 5410 2915 5460 κατὰ
2950 5408 3325 5476 Νικομήδειαν
3354 5406 3462 5460 τῶν
3499 5405 3740 5458 Βιθυνῶν
3783 5409 3954 5474 ἐπαρ-

2377 5504 2500 5574 χίᾳο
2537 5505 2630 5554 καὶ
2680 5505 2735 5554 ἐν
2788 5505 2853 5572 τῇ
2894 5501 3028 5570 πρϊς
3077 5502 3332 5571 Ὀρόντην
3395 5501 3709 5571 ἰλντιοχεία,
3755 5500 3846 5550 καὶ
3883 5503 3949 5570 τῇ

2381 5682 2488 5738 Deo
2522 5686 2775 5752 propitio,
2816 5684 3136 5741 melioribus
3180 5698 3341 5749 quam
3389 5695 3626 5736 veterem
3664 5683 3938 5737 conditam

2375 5771 2493 5807 esse
2529 5760 2776 5823 auguriis
2821 5767 3029 5818 censet,
3073 5755 3106 5808 l,
3153 5754 3258 5807 Deo
3297 5763 3530 5810 auctore.
3566 5753 3626 5808 C.
3673 5753 3748 5807 De
3784 5763 3948 5810 vetgr.

2366 5825 2430 5889 jtt
2443 5841 2492 5876 νε
2533 5830 2701 5878 ΡηητΙ,
