4250 6450
673 425 735 485 31

676 535 896 601 scripsit
953 551 964 584 :

679 627 1007 682 Alexandro.
1039 623 1342 677 Alexander
1391 624 1443 674 in
1493 621 1721 674 Domino
1758 621 2009 672 salutem.
2048 618 2247 668 l‘ravo-

678 742 798 778 ru-u
835 723 1139 784 hominum,
1180 721 1269 789 qui
1301 719 1616 773 dominandi
1661 718 1887 770 libidine
1915 727 1970 769 et
2006 716 2249 783 peeuni:e

680 816 980 882 cupiditate
1021 813 1318 875 ducuntur,
1350 811 1680 865 institutum.
1721 824 1934 875 semper
1981 823 2099 873 qua:
2141 821 2241 857 ain-

685 908 888 972 pliores
915 907 996 958 eis
1030 919 1149 956 esse
1186 903 1463 958 videntur.
1507 902 1800 954 insidiatur
1833 899 2082 953 ccclesiis
2111 916 2123 950 :
2155 898 2250 966 qui

685 996 839 1046 vario
875 1010 1002 1068 sane
1039 1002 1300 1059 prietextu
1335 993 1595 1059 pietatem
1639 989 2070 1042 ecclesiasticam
2103 988 2257 1039 inva-

687 1089 815 1139 d:_-re
845 1085 1334 1152 soleot.Siquident
1365 1097 1618 1152 tanquam
1647 1081 1881 1135 stimulis
1902 1079 2250 1147 quibusdam.

689 1179 758 1228 ab
804 1193 867 1227 eo
913 1175 1002 1242 qui
1054 1175 1105 1225 in
1160 1174 1269 1226 illis
1306 1173 1493 1225 eﬂiz-ax
1536 1183 1639 1235 est,
1674 1171 1910 1225 diabolo.
1939 1169 2004 1221 ad
2054 1185 2256 1236 propo—

691 1271 848 1319 sitam
904 1267 1004 1318 sibi
1072 1266 1405 1332 voluptatem
1477 1264 1722 1325 incitati,
1790 1264 2050 1330 religione
2108 1261 2254 1313 ornui

691 1358 953 1426 projei-ta,
986 1356 1176 1423 judicii
1213 1357 1302 1407 Dei
1360 1355 1610 1407 timorem
1660 1353 2099 1420 proculcantDe
2142 1351 2260 1417 qui-

695 1449 793 1499 bus
840 1448 1135 1500 necessitas
1181 1446 1312 1499 mihi
1370 1446 1618 1512 imposita
1671 1453 1785 1506 est,
1847 1446 2012 1497 multa
2067 1445 2133 1496 ab
2179 1447 2260 1496 eis

695 1554 876 1605 passo,
916 1549 973 1591 nt
1021 1538 1088 1590 ad
1139 1539 1396 1605 pietatem
1434 1547 1668 1591 vestram
1721 1536 1978 1593 scribam.
2013 1546 2070 1590 ut
2114 1536 2261 1604 ejus—

695 1631 839 1682 modi
887 1630 1134 1684 homines
1173 1633 1428 1692 caveatis,
1475 1640 1528 1682 ct
1582 1629 1806 1697 nequis
1855 1642 2045 1681 eorum
2098 1643 2156 1682 se
2206 1627 2259 1679 in

696 1723 962 1790 piraeeias
985 1733 1039 1774 et
1071 1723 1335 1775 ecclesias
1373 1732 1580 1775 vestras
1623 1720 2008 1773 subinsinuare
2040 1719 2260 1779 audeat,

698 1815 1048 1882 provideatis.
1086 1814 1340 1866 lnstructi
1369 1815 1513 1866 enim
1557 1824 1684 1866 sunt
1717 1829 1816 1881 per
1854 1813 2259 1864 simulationem

695 1917 752 1970 et
798 1905 1310 1967 dissimulationem,
1353 1905 1417 1957 ad
1466 1904 1712 1957 fraudem
1761 1913 1817 1958 et
1862 1904 2264 1967 seductionem,

700 1998 1024 2066 impostores
1052 1998 1162 2059 isti,
1195 2006 1251 2049 ut
1280 1997 1395 2050 sive
1431 2013 1527 2064 per
1554 2013 1609 2049 se
1649 1996 1816 2064 ipsos,
1845 2010 1939 2049 seu
1977 2012 2071 2063 per
2114 1996 2268 2049 litte-

699 2104 808 2152 ras,
868 2104 962 2156 per
1016 2090 1438 2141 assentationem
1493 2096 1547 2141 et
1595 2088 2024 2142 venditationem
2078 2087 2266 2140 falsam

700 2188 817 2231 arte
852 2179 1083 2246 quadam
1118 2179 1463 2246 compesitas,
1490 2187 1832 2232 transversos
1861 2186 2023 2245 agant
2054 2177 2270 2246 simpli-

701 2287 816 2323 cem
848 2281 1011 2338 atque
1047 2271 1316 2323 sinceram
1370 2269 1528 2322 [idem
1581 2279 1958 2322 consectantes
2001 2269 2268 2321 homines.

700 2361 1158 2430 Quandoquidem
1217 2361 1382 2414 Arius
1441 2370 1495 2414 et
1559 2361 1822 2424 Achillas,
1893 2359 2273 2428 conjuratione

705 2466 879 2516 nuper
923 2450 1086 2512 facta,
1137 2449 1353 2502 (Ioluthi
1406 2450 1480 2517 (l)
1522 2447 1841 2501 dominandi
1894 2447 2272 2514 cupiditatem,

703 2541 864 2610 longe
896 2542 1060 2594 etiam
1088 2544 1331 2594 deterius
1361 2557 1523 2609 quam
1555 2542 1671 2608 ipse
1704 2541 1816 2602 ille,
1852 2547 1979 2591 sunt
2009 2539 2272 2591 annulati.

705 2633 798 2685 llle
843 2648 1075 2700 namque
1128 2634 1478 2685 accusatione
1522 2631 1785 2684 adversus
1842 2631 1940 2682 hos
2001 2631 2144 2697 ipsos
2194 2629 2278 2681 in-

705 2727 917 2782 stituta,
954 2723 1173 2790 maligni
1213 2723 1432 2777 consilii
1491 2724 1576 2775 sui
1617 2721 1854 2788 aliquem
1907 2721 2111 2786 reperit
2143 2736 2278 2785 pra?-

709 2823 938 2866 texiuiu.
979 2815 1073 2866 lsti
1119 2830 1266 2877 vero,
1300 2815 1722 2869 :eruscationcm
1752 2813 1898 2866 illius
1933 2814 2036 2866 sub
2074 2812 2276 2866 Christi

707 2908 928 2960 nomine
985 2917 1295 2973 susceptam
1366 2908 1651 2969 videntes,
1719 2905 1977 2959 Ecclesia:
2045 2905 2280 2972 amplius

709 2998 939 3067 subjecti
978 3013 1094 3050 esse
1131 3015 1238 3051 non
1273 2999 1696 3052 sustinuerunt:
1724 2996 1815 3050 sed
1845 2996 2138 3050 exstrurtis
2177 2994 2280 3048 sibi

712 3091 846 3158 ipsis
873 3091 1146 3143 latronum
1195 3089 1489 3158 speluncis,
1527 3087 1818 3141 continuos
1851 3086 1924 3141 ibi
1960 3095 2281 3154 peragentes

1853 413 2269 476 NICEPHORI
2316 413 2666 473 CALLlSTl

1027 551 1044 582 ι
1117 528 1594 586 Reverendissimo
1651 537 1704 579 et
1767 526 2007 578 unanimi
2086 522 2238 575 fratri
2278 527 2313 578 Λ
2360 523 2705 591 ’.λτέξινδρος

2278 527 2313 578 .-\
2360 523 2752 591 ’.λτέξινδροςσ
2812 537 2829 568 ι
2889 519 2979 587 Τῷ
3041 515 3352 585 τιμιωτάτῳ
3401 508 3615 578 ἀδεῖιφῷ
3666 507 3758 558 καὶ
3798 509 3927 572 ὁμο-

3860 391 3928 455 32

2350 617 2509 685 ψόγῳ
2556 614 2892 682 Ἀὶεξάνδρῳ
2946 609 3292 677 Ἀλέξανδρος
3341 608 3398 657 ἐν
3457 602 3645 670 Κυρίῳ
3693 598 3926 667 χαίρειν.

2363 709 2425 758 Ἠ
2464 708 2725 776 φίλαρχος
2770 707 2878 756 τῶν
2927 701 3218 771 μοχθηρῶν
3268 696 3570 765 ἀνθρώπων
3619 690 3677 745 τέ
3709 695 3803 745 καὶ
3844 707 3930 754 φι-

2353 801 2624 867 λάργυρος
2700 797 2978 866 πρόθεσις,
3030 795 3149 854 ταῖς
3206 791 3493 850 δοκο·3σαις
3557 788 3644 839 ἀεὶ
3717 783 3929 852 μείζοσι

2359 893 2675 962 παροικίαις
2748 890 2993 957 πέφυκεν
3051 883 3447 945 ἐπιϐουλεύειν,
3515 880 3603 930 διὰ
3680 876 3933 943 ποικίλης

2356 985 2681 1052 προφάσεως
2727 980 2837 1033 τῶν
2878 977 3139 1031 τοιούτων
3173 972 3573 1040 ἐπιτιθεμένων
3621 971 3684 1037 τῇ
3730 965 3933 1032 ἐκκλη-

2361 1079 2614 1142 σιαστικῇ
2639 1073 2921 1141 εὐσεϐείᾳ.
2961 1067 3501 1138 Οξστρηλατούμενοι
3549 1062 3658 1129 γάρ
3705 1059 3809 1111 ὑπο
3836 1056 3930 1108 τοῦ

2359 1171 2415 1220 ἐν
2454 1169 2638 1228 αὐτοῖς
2670 1164 3018 1232 ἐνεργοῦντος
3060 1161 3312 1214 διαϐόλου
3369 1159 3450 1216 εἰς
3497 1156 3598 1224 τὴν
3637 1150 3934 1220 προκειμέσ

2361 1275 2456 1320 νην
2511 1258 2695 1316 αὐτοῖς
2747 1253 2964 1320 ἡδονὴν,
3027 1251 3209 1316 πάσης
3261 1246 3550 1303 εὐλαϐείας
3597 1240 3935 1307 ἀποσκιρτή-

2364 1361 2576 1406 σαντες,
2605 1340 2837 1396 πατοῦσι
2888 1344 2980 1393 τὸν
3023 1343 3123 1410 τῆς
3161 1341 3396 1408 κρίσεως
3447 1334 3540 1388 τοῦ
3580 1332 3714 1384 Θεοῦ
3750 1331 3934 1399 ιρὸὁον.

2365 1441 2498 1506 Περὶ
2537 1431 2610 1488 ὧν
2651 1439 2946 1501 ἀναγκαῖον
3002 1429 3070 1503 ἧν
3128 1450 3214 1499 μοι
3259 1431 3335 1497 τῷ
3383 1429 3651 1498 πάσχοντι
3700 1425 3940 1494 δηλῶσαι

2362 1535 2427 1597 τῇ
2465 1532 2704 1599 ὑμετέρῃ
2753 1528 3028 1597 εὐλαϐείᾳ,
3064 1529 3148 1579 ἵνα
3187 1522 3530 1593 φυλάττησθε
3585 1523 3712 1580 τοὺς
3763 1517 3941 1569 τοιού·

2365 1640 2510 1687 τους.
2546 1626 2618 1691 μῆ
2679 1640 2761 1684 τις
2811 1621 2992 1674 αὐτῶν
3040 1619 3286 1688 τολμήσῃ
3332 1616 3423 1668 καὶ
3471 1618 3588 1675 ταῖς
3639 1611 3938 1679 ὑμετέραις

2367 1715 2678 1784 παροικίαις
2749 1714 3026 1782 ἐπιϐῆναι.
3072 1709 3294 1769 ηἸκανοὶ
3365 1707 3474 1772 γάρ
3551 1701 3940 1769 ὑποκρίνεσθαι

2369 1810 2505 1876 προς
2535 1808 2749 1872 ἀπάτην
2773 1808 2820 1857 οἱ
2850 1806 3044 1872 γόητες
3070 1803 3189 1873 ἦτοι
3221 1800 3287 1852 δι’
3317 1799 3552 1851 ἑαυτῶν.
3584 1795 3613 1862 ἦ
3646 1794 3731 1845 διὰ
3765 1810 3941 1859 γραμ-

2372 1903 2556 1971 μάτων
2599 1899 2809 1968 ψευδῶς
2865 1895 3355 1964 κεκομψευμένων,
3388 1889 3704 1948 δυναμένων
3763 1889 3942 1952 ἀφαρ-

2367 1995 2539 2046 πάσαι
2567 1993 2657 2044 τὸν
2687 1991 2831 2058 ἁπλῇ
2859 1989 3040 2041 πίστει
3085 1989 3179 2039 καὶ
3230 1985 3464 2055 ἀκεραία
3498 1979 3939 2050 προσεσχηκότα.

2373 2087 2590 2155 Ἀρειος
2643 2078 2734 2135 οὖν
2802 2082 2895 2134 καὶ
2973 2080 3241 2149 Ἀχιλλᾶς,
3309 2075 3652 2144 συνωμοσίαν
3714 2073 3943 2139 ἐναγχον

2375 2177 2759 2244 ποιησάμενοι,
2809 2176 2907 2243 τὴν
2937 2172 3212 2226 Κολούθου
3256 2169 3548 2238 φιλαρχίαν
3595 2167 3728 2220 πολὺ
3759 2168 3942 2233 χεῖρον

2369 2267 2402 2335 ἢ
2449 2270 2653 2328 ἐκεῖνος
2713 2266 3010 2335 ἐζήλωσαν.
3059 2266 3117 2316 Ὀ
3177 2264 3276 2331 μὲν
3337 2264 3446 2329 γὰρ
3497 2261 3679 2321 αὐτοῖς
3735 2260 3944 2320 τούτοις

2372 2360 2658 2426 ἐγκαλῶν,
2703 2360 2800 2425 τῆς
2853 2357 3048 2410 ἑαυτοῦ
3106 2355 3407 2424 μοχθηρᾶς
3446 2353 3757 2421 προθέσεως
3817 2343 3944 2417 εὗρε

2376 2455 2649 2522 πρόφασιν
2675 2470 2687 2483 ·
2718 2454 2769 2503 οἱ
2798 2453 2852 2504 δὲ
2874 2451 2969 2518 τὴ)
2994 2452 3202 2502 ἐκείνου
3239 2448 3572 2516 θεωροῦντε;
3601 2448 3951 2513 Χριστεμπο-

2378 2548 2535 2615 ρίαν.
2595 2546 2780 2597 οὐκέτι
2833 2546 2932 2613 τῆς
2993 2542 3322 2610 Ἐκκλησίας
3389 2539 3695 2608 ὑποχείριοι
3771 2539 3950 2605 μένειν

2376 2632 2794 2700 ἐκαρτέρησανο
2829 2629 2942 2682 ἀλλ’
2989 2630 3202 2687 ἑαυτοῖς
3255 2626 3498 2694 σπήλαια
3553 2623 3763 2695 λῃστῶν
3810 2622 3954 2673 οἰκο-

2377 2726 2735 2792 δομήσαντες,
2763 2722 3146 2781 ἀδιαλείπτους
3180 2722 3238 2770 ἐν
3261 2719 3445 2778 αὐτοῖς
3472 2715 3757 2774 ποιοῦντες
3792 2712 3949 2764 συνό-

2378 2816 2522 2874 δους,
2552 2814 2765 2882 νύκτωρ
2799 2830 2857 2863 τε
2902 2812 2999 2865 καὶ
3034 2810 3354 2880 μεθημέραν
3388 2810 3442 2860 ἐν
3476 2809 3592 2867 ταῖς
3636 2805 3776 2858 κατὰ
3822 2804 3956 2870 Χρι-

2383 2906 2509 2958 στοῦ
2541 2907 2633 2958 καὶ
2664 2905 2819 2973 ἡμῶν
2850 2903 3128 2964 διαϐολαῖς
3174 2901 3526 2966 ἀσκούμενοι,
3557 2899 3607 2950 oi
3645 2899 3825 2963 πάσης
3855 2897 3954 2963 τῆς

2383 2998 2639 3059 εὐσεϐοῦς
2684 2995 3051 3064 ἁποστολικῆς
3095 2993 3254 3062 δόξης
3312 2987 3768 3058 κατηγοροῦντες,
3823 2987 3956 3038 Ἰου-

2383 3091 2554 3158 δαῖκῷ
2588 3089 2938 3158 προσχήματι
2985 3086 3371 3154 Χριστομάχον
3420 3082 3826 3151 συνεκρότησαν
3866 3080 3959 3146 ἐρ-

712 3177 1034 3244 conventus,
1065 3181 1156 3233 diu
1199 3190 1472 3248 noctuque
1498 3195 1555 3233 se
1590 3180 1643 3232 in
1675 3179 1966 3232 calumniis
1991 3179 2280 3232 adversum
2311 3199 2353 3256 α
2385 3199 2390 3211 ι

2279 3205 2280 3214 ι
2311 3199 2353 3256 c
2385 3181 2707 3251 γαστήριον,
2751 3179 2846 3249 τὴν
2877 3179 3107 3247 θεότητα
3147 3177 3242 3230 τοῦ
3288 3175 3540 3244 Σωτῆρος
3571 3173 3730 3242 ἡμῶν
3761 3169 3957 3238 ἀρνού-

712 3271 992 3326 Christum
1042 3281 1096 3326 et
1138 3287 1237 3325 nos
1286 3272 1627 3337 excogitatis.
1663 3271 1979 3324 meditando
2006 3281 2282 3334 exercent,

715 3371 879 3429 atque
920 3375 1109 3414 omnes
1152 3362 1269 3430 pias
1297 3371 1353 3416 et
1391 3362 1721 3429 apostolicas
1763 3361 2070 3415 sententias
2100 3377 2287 3429 repre-

720 3453 1042 3514 hendentes.
1095 3452 1251 3522 543
1296 3453 1524 3506 Judaieo
1584 3469 1806 3521 prorsus
1862 3469 2037 3516 more,
2083 3452 2285 3506 Christi

719 3545 1146 3612 perseeutricem
1224 3546 1516 3598 instituunt
1582 3543 1890 3608 ollicinam,
1943 3545 2288 3599 divinitatem

720 3636 1023 3689 Salvatoris
1075 3638 1246 3689 nostri
1309 3647 1693 3705 peruegautes.
1743 3638 2112 3706 omnibusque
2163 3653 2287 3691 eum

720 3742 910 3796 parem
965 3742 1086 3782 esse
1144 3729 1426 3792 docentes,
1487 3738 1541 3781 et
1603 3744 1763 3782 voces
1819 3730 2114 3782 salutifera:
2169 3731 2292 3798 ejus

722 3819 1045 3874 meonomim
1097 3829 1149 3872 et
1206 3819 1703 3873 administrationis
1763 3830 2062 3888 nostraque
2129 3837 2290 3876 causa

727 3913 1051 3980 abjectionis
1098 3911 1442 3980 colligentes,
1498 3927 1795 3979 congerere
1846 3930 1914 3966 ex
1947 3913 2055 3967 illis
2101 3915 2294 3982 impie-

728 4005 856 4057 tatis
891 4020 1001 4058 suze
1030 4005 1225 4074 dogma
1259 4005 1625 4070 contendunt,
1663 4007 1941 4075 verbaque
1989 4007 2295 4062 divinitatis

729 4097 888 4149 initio
938 4098 1176 4149 carentis
1204 4105 1259 4150 et
1294 4096 1589 4152 inell‘abilis
1645 4098 1789 4166 apud
1845 4099 2060 4152 Patrem
2109 4099 2297 4167 gloriae

727 4190 849 4255 ejus
879 4199 1221 4242 aversantur.
1259 4189 1602 4258 Quapropter
1635 4191 1858 4258 impiam
1892 4189 2205 4243 Gnecorum
2240 4200 2296 4245 et

727 4281 1044 4335 Juda-orum
1094 4282 1160 4334 de
1214 4281 1434 4334 Christo
1485 4283 1802 4350 Opinionem
1853 4285 2294 4345 corroborantes,

732 4374 948 4426 laudem
973 4374 1040 4425 ab
1071 4374 1197 4434 illis,
1236 4388 1398 4441 quam
1446 4373 1680 4426 maxime
1711 4383 1958 4441 possunt,
1986 4383 2254 4427 venantur
2282 4389 2294 4424 :

731 4469 915 4518 omnia
957 4481 1018 4518 ea
1053 4467 1252 4535 quibus
1279 4467 1385 4518 illis
1412 4466 1652 4518 ludibrio
1685 4483 1892 4529 sumus,
1932 4468 2301 4520 subornantes

733 4569 900 4625 atque
945 4570 1318 4626 procurantes,
1351 4558 1756 4626 seditione-sque
1803 4569 1856 4611 et
1886 4560 2300 4628 persecutiones

734 4651 982 4718 quotidie
1045 4659 1231 4704 contra
1267 4667 1378 4704 nos
1442 4651 1743 4705 excitantes
1776 4669 1788 4704 :
1826 4663 1879 4707 et
1918 4669 2038 4705 cum
2095 4652 2300 4720 judicia

738 4757 766 4792 a
811 4757 1000 4793 versus
1044 4757 1175 4804 nos,
1239 4742 1529 4810 impudicis
1583 4743 1956 4806 mulierculis,
2015 4759 2148 4812 quas
2201 4744 2302 4812 ipsi

741 4833 930 4886 dolose
973 4836 1329 4896 seduxerunt,
1376 4835 1874 4888 intervenientibus
1914 4837 2302 4900 institui-ptes,

741 4933 853 4977 tum
894 4925 1370 4978 Christianismum
1418 4927 1482 4978 ad
1523 4926 1975 4980 obtrectationem
2011 4929 2304 4981 traducen-

742 5027 926 5082 tes,ex
960 5033 1026 5071 eo
1057 5019 1202 5088 quod
1237 5019 1466 5086 turpiter
1499 5035 1592 5087 per
1619 5020 1818 5086 plateas
1849 5030 1905 5072 et
1934 5021 2084 5072 vicos
2116 5035 2308 5072 omnes

737 5108 1040 5178 juveneulzc
1085 5126 1274 5164 eorum
1332 5111 1661 5164 discurrant.
1721 5111 1860 5176 Quin
1916 5112 2078 5164 etiam
2141 5111 2308 5165 indis-

740 5204 1032 5256 solubilem
1060 5204 1260 5257 Christi
1299 5205 1555 5268 tunicam,
1576 5221 1736 5272 quam
1767 5221 1831 5257 ne
1864 5206 2150 5258 carniﬁces
2189 5207 2313 5274 qui-

746 5297 870 5350 dem
922 5297 998 5350 illi
1047 5297 1294 5351 dividere
1367 5297 1677 5360 voluerunt,
1727 5296 1978 5349 scindere
2038 5297 2141 5365 ipsi
2192 5301 2308 5351 ausi

743 5398 896 5443 sunt.
954 5389 1136 5458 Itaque
1189 5406 1288 5445 nos
1336 5405 1400 5444 ea
1446 5405 1564 5458 quae
1628 5390 1874 5442 moribus
1935 5392 2311 5460 improbisque

740 5481 1032 5537 conatibus
1077 5484 1292 5534 illorum
1344 5491 1686 5550 congruunt,
1738 5482 1864 5536 licet
1911 5493 2034 5536 sero
2090 5493 2313 5551 propter

745 5576 830 5629 rel
863 5577 1278 5646 ignorationem,
1329 5575 1654 5628 adhibentes
1710 5574 1973 5638 'rennedia,
2004 5576 2313 5628 communi-

2393 3291 2565 3343 μενοι,
2596 3275 2691 3326 καὶ
2719 3277 2832 3334 τοῖς
2864 3274 3031 3325 πᾶσιν
3077 3271 3193 3322 τσον
3222 3265 3361 3321 εἶναι
3403 3266 3809 3335 κηρύσσοντες’
3853 3264 3962 3314 πᾶ-

2393 3369 2493 3421 σάν
2516 3383 2575 3419 τε
2608 3365 2773 3419 αὑτοῦ
2809 3367 2906 3432 τῆς
2938 3365 3206 3432 σωτηρίου
3239 3359 3558 3427 οἰκονομίας
3589 3357 3680 3409 καὶ
3714 3354 3782 3409 δι’
3809 3355 3957 3422 ἡμᾶς

2390 3457 2774 3518 ταπεινώσεως
2828 3457 3010 3526 φωνὴν
3058 3455 3428 3521 ἐκλεξάμενοι.
3465 3452 3524 3515 ἐξ
3570 3451 3750 3503 αὐτῶν
3801 3467 3963 3504 συνα-

2392 3551 2602 3616 γείρειν
2631 3549 2926 3617 πειρῶνται
2952 3547 3052 3616 τῆς
3072 3546 3326 3606 ἀσεϐείας
3355 3545 3535 3598 αὐτῶν
3579 3546 3640 3596 τὸ
3675 3545 3958 3613 κήρυγμα,

2395 3642 2490 3708 τῆς
2538 3640 2779 3710 ἀρχῆθεν
2829 3638 3082 3707 θεότητος
3135 3636 3301 3690 αὐτοῦ
3351 3637 3446 3689 καὶ
3493 3635 3641 3704 παρὰ
3671 3635 3745 3703 τῷ
3787 3635 3964 3701 Πατρὶ

2395 3736 2552 3803 δόξης
2601 3735 2830 3788 ἁλέκτου
2880 3734 3004 3794 τοὺς
3045 3731 3242 3800 λόγους
3295 3730 3790 3798 ἀποστρεφόμενοι.
3850 3728 3965 3798 Τὴν

2397 3827 2530 3894 γοῦν
2587 3828 2853 3896 Ἑλλήνων
2908 3828 3001 3880 καὶ
3062 3825 3331 3878 Ἰουδαίων
3386 3823 3554 3889 ἀσεϐῆ
3612 3820 3772 3885 δόξαν
3831 3823 3961 3887 περὶ

2399 3923 2635 3992 Χριστοῦ
2685 3922 3064 3991 κρατύνοντες,
3093 3920 3183 3970 τὸν
3223 3918 3359 3987 παρ’
3402 3917 3589 3978 αὐτοῖς
3625 3915 3847 3967 ἔπαινον
3891 3915 3966 3974 ὡς

2401 4015 2477 4067 ἔνι
2510 4015 2744 4083 μάλιστα
2775 4013 3069 4081 θηρῶνται,
3114 4011 3292 4064 πάντα
3349 4008 3448 4076 μὲν
3485 4007 3588 4060 ὅσα
3637 4004 3757 4058 καθ’
3806 4004 3967 4072 ἡμῶν

2401 4105 2530 4172 παρ’
2574 4104 2756 4165 αὐτοῖς
2791 4104 3017 4170 γελᾶται
3054 4099 3596 4170 πραγματευόμενοι,
3646 4097 3866 4156 στάσεις
3909 4093 3966 4145 δὲ

2401 4199 2530 4266 ἡμῖν
2575 4195 2696 4248 καθ’
2745 4196 2957 4265 ἡμέραν
2996 4195 3089 4246 καὶ
3122 4192 3394 4261 διωγμοὺς
3441 4191 3841 4257 ἐπεγείροντες·
3873 4190 3969 4238 καὶ

2401 4290 2559 4340 τοῦτο
2612 4289 2730 4356 μὲν,
2765 4286 3088 4355 δικαστήρια
3121 4283 3553 4352 συγκροτοῦντες
3605 4279 3673 4333 δι’
3713 4278 3969 4346 ἐντυχίας

2402 4379 2773 4447 γυναικαρίων
2823 4379 3074 4430 ἀτάκτων
3119 4377 3153 4429 ἃ
3205 4376 3515 4445 ἠπάτησαν,
3566 4371 3722 4424 τοῦτο
3763 4371 3840 4432 δὲ,
3881 4370 3971 4420 τὸν

2403 4468 2829 4539 Χριστιανισμὸν
2877 4468 3243 4537 διασύροντες,
3296 4467 3360 4519 ἐκ
3402 4465 3496 4519 τοῦ
3555 4461 3974 4531 περι-τροχάζειν

2339 4541 2378 4594 D
2407 4565 2584 4615 πᾶσαν
2622 4561 2819 4629 ἀγυιάν
2858 4561 3110 4629 ἀσέμνως
3155 4559 3255 4620 τὰς
3303 4557 3434 4626 παρ’
3485 4557 3667 4617 αὐτοῖς
3712 4569 3977 4621 νεωτερο-

2406 4657 2607 4718 ποιίας.
2659 4654 2819 4707 Ἀλλὰ
2868 4653 2963 4706 καὶ
3019 4653 3110 4704 τὴν
3145 4653 3420 4721 ἄρρηκτον
3459 4649 3551 4701 τοῦ
3596 4648 3835 4718 Χριστοῦ
3886 4665 3970 4715 χι-

2406 4750 2573 4812 τῶνα,
2606 4749 2664 4800 ὃν
2694 4750 2742 4800 οἱ
2769 4749 2950 4818 δήμιοι
3001 4745 3197 4798 διελεῖν
3228 4746 3328 4796 οὐκ
3364 4742 3781 4802 ἐϐουλεύσαντο,
3819 4739 3978 4792 αὐτοὶ

2411 4840 2588 4908 σχίσαι
2620 4839 2948 4907 ἐτόλμησαν.
2988 4837 3180 4905 Ἡμεῖς
3233 4834 3333 4904 μὲν
3383 4834 3475 4887 οῦν
3525 4832 3560 4886 ά
3609 4831 3701 4886 καὶ
3757 4831 3834 4899 τῷ
3877 4830 3979 4899 βίῳ

2415 4931 2592 4984 αὐτῶν
2620 4933 2711 4983 καὶ
2740 4932 2804 4999 τῇ
2840 4929 3041 4997 ἀνοσίῳ
3067 4929 3436 4996 άπιχειρήσει.
3459 4925 3547 4979 διά
3575 4925 3636 4977 τὸ
3662 4923 3974 4983 λανθάνειν,

2418 5024 2662 5093 βραχέως
2694 5023 3108 5091 ἐπιστήσαντες,
3148 5020 3440 5089 παμψηφεὶ
3486 5020 3583 5086 τῆς
3636 5013 3980 5086 προσκυνού-

2418 5132 2515 5181 σης
2549 5114 2784 5184 Χριστοῦ
2817 5114 2914 5183 τὴν
2961 5113 3192 5182 Θεότητα
3240 5112 3559 5179 Ἐκκλησίας
3591 5109 3937 5179 ἐξηλάσαμεν
3960 5122 3976 5138 ⁶

2418 5208 2784 5276 ἐπεχείρησαν
2815 5207 2868 5258 δὲ
2909 5207 3266 5276 περιδρομαῖς
3301 5207 3572 5274 χρώμενοι
3625 5201 3749 5255 καθ’
3795 5200 3977 5268 ἡμῶν,

2419 5299 2807 5370 παρεκΰαίνειν
2859 5300 2991 5368 πρὸς
3044 5299 3168 5359 τοὺς
3214 5300 3520 5366 ὁμόφρονας
3567 5294 3722 5364 ἡμῶν
3771 5294 3982 5347 συλλει-

2417 5391 2700 5460 τουργοὺς,
2728 5391 2969 5460 σχήματι
3003 5371 3102 5457 μὲν
3131 5391 3354 5458 είρήνης
3385 5390 3481 5442 καὶ
3507 5386 3790 5453 ἀξιώσεως
3815 5387 3984 5451 ἀξίωο·

2421 5501 2503 5534 σιν
2538 5483 2980 5551 ὑποκρινόμενοι,
3008 5483 3068 5534 τὸ
3093 5482 3137 5535 δ’
3169 5483 3385 5551 ἀληθὲς,
3421 5482 3786 5551 συναρπάσαι.
3814 5480 3984 5542 Τινάς

2420 5575 2598 5627 αὐτῶν
2636 5577 2713 5634 εἰς
2762 5576 2858 5642 τὴν
2909 5575 3043 5628 ἰδίαν
3097 5575 3248 5628 νόσον
3290 5575 3377 5628 διά
3439 5577 3537 5644 τὴν
3587 5575 3985 5645 χρηστολογίαν

816 5759 894 5833 (ll
925 5779 943 5811 ι
969 5762 1035 5815 Ει
1065 5760 1596 5833 Coluthusqnmdam
1628 5776 1881 5826 perversa
1911 5761 2156 5816 docebat.
2201 5767 2293 5815 sed
2339 5778 2442 5814 non
2477 5762 2686 5815 duravit
2760 5761 2879 5830 ejus
2950 5761 3211 5816 limi-esis:
3246 5776 3366 5813 nam
3409 5759 3589 5816 statim
3628 5757 3922 5828 disparuit.
3955 5775 3978 5817 ι

741 5831 1008 5902 Epiphan.
1044 5843 1222 5884 contra
1274 5832 1639 5885 Λιὶιιιηιιιειικι.
