4250 6450
767 414 834 476 47
1973 416 2396 478 NlCEPllORI
2437 415 2783 477 CALLISTI
3935 415 4006 480 48

763 545 890 585 mur
915 548 928 582 :
958 529 1022 582 de
1057 535 1109 581 te
1141 536 1321 582 autem
1347 527 1617 592 dolemus,
1656 529 1791 583 tanti
1821 529 1922 583 viri
1959 529 2176 584 silentio
2204 544 2328 582 cau-
2358 530 2410 590 Α
2438 575 2441 597 η

2326 557 2328 569 ι
2358 530 2410 590 Α
2438 545 2590 598 μενοι
2627 529 2731 600 τὴν
2758 527 2971 598 σιωπὴν
2999 526 3193 598 ἀνδρὸς
3223 528 3479 580 τοσούτου
3513 524 3683 602 ἧτταν
3740 526 3891 596 ἡμῶν
3927 524 4004 581 εἴ·

763 636 878 676 sam
937 628 1175 674 nostram
1231 619 1477 672 daumari
1529 620 1929 673 existimantes.
1980 620 2325 689 Quaproliter

763 722 838 770 te.
863 712 953 779 qui
988 711 1130 765 nosti
1161 711 1414 780 prudenti
1443 712 1559 763 viro
1592 710 1816 764 minime
1849 711 2094 764 omnium
2125 725 2327 763 conve-

761 805 902 864 nire,
955 813 1012 856 ut
1057 805 1237 858 aliena
1283 811 1336 855 et
1391 801 1625 855 absurda
1685 802 1886 856 sentiat
1931 804 2327 870 veritatemque

760 895 1022 958 obtiCeat,
1063 895 1275 956 horter,
1314 904 1371 946 ut
1406 893 1603 961 spiritu
1643 902 1883 948 mentem
1916 902 2062 948 tuam
2097 895 2162 948 ad
2192 895 2328 948 scri-

763 989 1002 1041 bendum
1047 987 1477 1056 redintegranle,
1518 988 1759 1040 scribere
1796 987 2013 1040 tandem
2061 987 2130 1041 de
2164 989 2328 1041 rebus

761 1079 829 1133 iis
861 1078 1090 1145 incipias
1132 1091 1252 1143 quae
1283 1089 1335 1128 et
1373 1074 1469 1128 tibi
1502 1085 1556 1127 et
1591 1074 1936 1128 auditoribus
1971 1075 2168 1130 futura:
2200 1083 2327 1129 sunt

759 1170 956 1222 utiles:
1013 1167 1320 1236 praecipue,
1357 1167 1399 1220 si
1450 1176 1819 1219 consentanea
1863 1166 2197 1235 Scripturas,
2238 1183 2327 1219 ve-

759 1261 934 1328 stigiis
979 1260 1271 1312 verborum
1325 1269 1382 1310 et
1429 1258 1824 1310 sententiarum
1876 1258 1995 1328 ejus
2044 1257 2325 1322 insistens,

759 1353 1001 1405 scribere
1037 1352 1278 1404 animum
1317 1349 1623 1403 induxeris.
1666 1349 1854 1418 Neque
1896 1349 2044 1402 enim
2089 1349 2198 1402 duo
2242 1350 2328 1402 in-

757 1444 938 1510 genita
989 1441 1331 1501 audivimus,
1385 1454 1560 1508 neque
1607 1455 1778 1492 unum
1822 1438 1876 1491 in
1923 1439 2031 1492 duo
2060 1440 2319 1502 divisum,

757 1536 850 1590 sed
897 1549 1070 1601 neque
1103 1545 1425 1600 corporeum
1474 1530 1603 1599 quid
1652 1531 1989 1600 perpessioui
2025 1531 2322 1585 obnoxium

757 1628 1051 1680 didicimus
1084 1633 1178 1677 aut
1214 1622 1554 1677 credidimus
1578 1661 1592 1685 ,
1622 1622 1844 1676 domine
1872 1637 1886 1676 :
1921 1638 2110 1676 verum
2153 1638 2321 1676 unum

755 1722 976 1790 quidem
1015 1718 1315 1787 ingenitum
1347 1733 1359 1768 :
1395 1729 1563 1768 unum
1596 1729 1729 1768 vero
1760 1715 1828 1767 ab
1863 1714 1982 1784 ipso
2015 1730 2175 1777 vere,
2213 1733 2322 1769 non

756 1823 937 1867 autem
973 1826 1038 1864 ex
1082 1808 1388 1862 substantia
1418 1809 1537 1876 ejus
1585 1806 1823 1869 factum,
1858 1820 2086 1875 prorsus
2115 1815 2324 1860 natura:

2431 636 2542 673 ναι.
2573 621 2665 672 Διὸ
2717 619 3026 689 παρακαλῶ
3080 636 3164 685 σε,
3216 619 3396 671 εἰδότα
3448 618 3524 682 ὡς
3556 619 3807 688 ἀπρεπὲς
3848 620 4005 688 ἀνδρὶ

2430 712 2685 783 φρονίμῳ
2709 714 2900 767 ἀλλοῖα
2940 717 3181 783 φρονεῖν,
3234 715 3331 767 καὶ
3366 717 3580 784 σιωπᾷν
3612 715 3842 785 τάληθῆ,
3874 719 4006 768 ἀνα-

2432 804 2766 857 σκευάσαντι
2816 804 2893 872 τῷ
2935 803 3209 869 πνεύματι
3269 803 3360 854 τὸν
3428 804 3713 874 λογισμὸν,
3775 807 3905 876 περὶ
3941 806 4005 858 τὸ

2429 895 2664 966 γράφειν
2727 897 2897 966 ἄρχου
2955 895 3364 958 λυσιτελοῦντος
3437 897 3533 949 καὶ
3596 899 3678 948 σοὶ
3735 898 3834 950 ’καὶ
3890 899 4007 960 τοῖς

2431 988 2692 1040 ἀκούουσι
2725 1006 2818 1041 σου
2849 1004 2863 1018 ·
2917 988 3136 1058 μάλισθ’
3177 989 3306 1041 ὅταν
3363 990 3484 1040 κατ’
3529 989 3858 1043 ἀκολουθίαν
3907 993 4009 1056 τῆς

2430 1076 2654 1144 Γραφῆς
2693 1078 2786 1127 καὶ
2819 1078 2935 1137 τοῖς
2968 1077 3142 1146 ίχνεσι
3180 1077 3288 1128 τῶν
3326 1075 3504 1142 λόγων
3550 1077 3720 1146 αὐτῆς
3770 1080 3865 1130 καὶ
3893 1076 4005 1128 τῶν

2431 1166 2794 1236 βουλημάτων
2826 1166 3034 1228 ἐθέλοις
3066 1167 3328 1236 γράφειν.
3361 1165 3498 1219 Οὔτε
3545 1168 3653 1237 γὰρ
3705 1166 3798 1220 δύο
3842 1169 4006 1234 ἀγένο

2429 1275 2564 1326 νητα
2595 1257 2940 1326 ἀκηκόαμεν,
2985 1256 3109 1310 οὔτε
3153 1258 3209 1309 ἓν
3246 1260 3323 1320 εἰς
3353 1259 3448 1312 δύο
3491 1259 3846 1329 διῃρημένον,
3881 1259 4005 1313 om

2432 1349 2746 1418 σωματικόν
2785 1366 2837 1400 τι
2867 1348 3138 1409 πεπονθὸς
3189 1349 3266 1417 (1)
3323 1351 3793 1420 μεμαθήκαμενῆ
3839 1367 4006 1402 πεπι-

2431 1443 2766 1508 στεύκαμεν,
2796 1443 3030 1494 δέσποτα
3057 1457 3070 1471 ⁸
3109 1442 3220 1493 ἀλλ’
3258 1442 3316 1495 ἓν
3348 1445 3446 1510 μὲν
3472 1445 3531 1496 τὸ
3567 1445 3864 1512 ἀγέννητον
3885 1459 3899 1474 ⁶
3943 1443 4006 1496 ἒν

2427 1529 2483 1580 δὲ
2510 1529 2568 1579 τδ
2595 1528 2685 1581 ὑπ’
2717 1528 2881 1581 αὑτοῦ
2915 1529 3128 1598 άληθῶς
3156 1533 3246 1582 καὶ
3274 1532 3336 1583 ὲκ
3367 1531 3465 1599 τῆς
3504 1532 3690 1595 οὐσίας
3719 1531 3884 1584 αὑτοῦ
3915 1549 4006 1600 γεε-

2428 1620 2605 1687 γονδς,
2639 1621 2872 1673 καθόλου
2906 1622 3002 1690 τῆς
3037 1621 3252 1690 φύσεως
3290 1623 3386 1690 τῆς
3420 1620 3720 1694 ἀγεννήτου
3751 1626 4003 1695 μετέχον,

2426 1712 2501 1774 ὡς
2530 1715 2630 1765 οὐκ
2664 1714 2730 1766 ἂν
2763 1714 2828 1766 ἐκ
2860 1715 2957 1780 τῆς
2999 1714 3190 1776 οὐσίας
3237 1715 3429 1782 αὑτοῦ,
3461 1716 3600 1770 ἀλλά
3633 1717 3856 1785 γεγονὸς
3884 1718 4006 1770 ὀλο-

2430 1805 2664 1876 σχερῶς,
2697 1806 2890 1875 ἕτερον
2917 1808 2981 1875 τῇ
3009 1805 3170 1873 φύσει
3199 1809 3291 1859 καὶ
3332 1807 3561 1876 δυνάμει
3611 1811 3747 1879 πρὸς
3791 1809 4004 1862 τελείαν

756 1904 984 1974 iugeniti
1022 1917 1128 1956 non
1164 1900 1439 1970 particeps
1472 1915 1485 1953 :
1528 1911 1702 1965 neque
1737 1899 1882 1966 quod
1915 1912 1981 1950 ex
2018 1898 2323 1952 substantia
2360 1893 2400 1954 Β
2431 1919 2434 1941 ι

2360 1893 2400 1954 Β
2431 1898 2726 1967 ὁμοιότητα
2759 1896 3056 1959 amomo;
3084 1914 3144 1950 τε
3185 1899 3278 1950 καὶ
3322 1897 3604 1968 δυνάμεως
3638 1899 3735 1953 τοῦ
3771 1918 4005 1970 πεποιη·

756 1998 874 2066 ejus
919 1997 1025 2060 sit,
1061 1995 1155 2049 sed
1187 1994 1389 2045 factum
1423 1990 1584 2060 plane
1620 1991 1713 2053 sit,
1752 1989 1897 2042 aliud
1930 1998 2124 2043 natura
2160 1998 2326 2058 atque

752 2089 993 2149 virtute,
1037 2086 1101 2139 ad
1137 2084 1436 2154 perfectam
1471 2080 1890 2136 similitudinem
1928 2080 2238 2134 aﬂ‘ectionis
2269 2089 2326 2134 et

754 2181 975 2234 virtutis
1019 2177 1246 2231 factoris
1291 2175 1464 2243 ipsius
1507 2173 1734 2225 factum.
1771 2170 1942 2240 Cujus
1989 2172 2322 2240 principium

757 2287 869 2326 non
905 2270 1070 2323 verbo
1107 2275 1318 2319 tantum
1348 2263 1744 2325 inenarrabile,
1777 2262 1872 2316 sed
1903 2277 2081 2331 neque
2116 2271 2323 2326 mente,

754 2381 862 2419 non
905 2364 1027 2417 dico
1072 2360 1384 2421 hominum,
1419 2355 1514 2409 sed
1558 2369 1784 2417 eorum,
1827 2369 1948 2422 quae
2000 2370 2166 2422 supra
2220 2353 2324 2407 lio-

753 2457 930 2511 miues
961 2462 1123 2513 sunt,
1158 2450 1427 2509 omnium,
1460 2445 1953 2515 coinprehensibile
1988 2458 2112 2498 esse
2143 2443 2325 2498 credi-

754 2565 893 2604 mus.
943 2546 1285 2612 Proindeque
1336 2557 1446 2594 non
1480 2541 1684 2593 nostris
1734 2539 1980 2607 ipsorum
2015 2536 2325 2590 rationibus

754 2641 909 2704 freti,
950 2639 1043 2692 sed
1073 2650 1241 2691 sacrae
1292 2633 1594 2700 Scripturaa
1653 2627 2078 2681 auctoritatibus
2117 2626 2321 2690 edocti,

755 2734 1018 2793 dicimus,
1064 2726 1344 2782 conditum
1395 2737 1514 2776 esse
1561 2729 1615 2774 et
1658 2719 1940 2772 fundatum
1983 2727 2037 2771 et
2078 2719 2321 2787 genitum

754 2822 1080 2881 substantia,
1121 2817 1278 2887 553
1311 2827 1364 2869 et
1407 2812 1732 2866 immutabili
1765 2819 1929 2879 atque
1967 2809 2321 2863 inenarrabili

755 2925 946 2968 natura
991 2922 1044 2963 et
1089 2905 1447 2964 similitudine
1494 2903 1560 2956 ad
1606 2903 1868 2955 factorem
1907 2903 2122 2970 ipsum,
2158 2902 2320 2954 sicuti

757 3008 872 3074 ipse
916 3004 1047 3056 dicit
1082 3000 1378 3053 Dominus:
1417 2995 1553 3047 Deus
1585 2995 1778 3046 creavit
1812 3007 1889 3044 me
1930 2993 1982 3043 in
2023 2991 2173 3043 initio
2207 2991 2322 3043 uia-

757 3114 871 3150 rum
907 3096 1037 3164 ejus,
1076 3102 1198 3145 ante
1225 3105 1402 3142 omnes
1428 3086 1584 3138 colles
1621 3086 1787 3154 gignit
1817 3100 1897 3136 me
1930 3083 1970 3135 ⁸.
2003 3083 2059 3136 Si
2092 3099 2224 3136 vero
2255 3097 2321 3136 ex

757 3193 894 3257 ipso,
928 3189 1028 3239 hoe
1063 3195 1174 3246 cst,
1219 3183 1286 3235 ab
1320 3183 1437 3250 ipso
1469 3189 1615 3241 erat,
1653 3193 1750 3230 ceu
1790 3191 1916 3244 pars
1951 3177 2092 3245 ejus,
2124 3187 2219 3230 aut
2254 3191 2317 3229 ex

2428 1988 2588 2052 κότος
2618 1989 2936 2058 γενόμενον.
2969 1983 3044 2043 Οὔ
3067 1989 3164 2059 τὴν
3197 1989 3372 2059 ἀρχὴν
3398 1992 3459 2042 οὺ
3487 1992 3632 2062 λόγῳ
3665 1992 3826 2061 μόνον
3850 1994 4006 2063 aeta.

2426 2095 2615 2147 γητον,
2651 2079 2786 2131 ἀλλὰ
2821 2081 2914 2130 καὶ
2955 2080 3156 2149 ἐννοίᾳ,
3200 2080 3301 2132 οὐκ
3347 2080 3618 2148 ἀνθρώπῳ
3643 2083 3824 2150 μόνον,
3864 2083 4004 2134 ἀλλὰ

2427 2169 2662 2226 καὶτῶν
2694 2169 2839 2241 ὑπὲρ
2884 2169 3230 2240 ἀνθρώπους,
3277 2172 3497 2224 πάντων
3545 2167 3682 2224 εἶναι
3722 2171 4003 2243 ἀκατάληο

2427 2281 2560 2316 πτον
2616 2262 3070 2332 πεπιστεύκαμεν
3097 2278 3110 2292 ο
3145 2264 3238 2314 καὶ
3282 2263 3492 2327 ταῦτα,
3535 2265 3656 2334 οὐχὶ
3707 2266 4004 2334 λογισμοὺς

2426 2355 2643 2408 ἑαυτῶν
2679 2353 3083 2424 ὑποτιθέμενοι,
3132 2355 3250 2408 ἀλλ’
3287 2355 3392 2407 ἀπὸ
3425 2358 3524 2424 τῆς
3561 2355 3721 2422 ἁγίας
3775 2357 4002 2426 Γραφῆς

2431 2445 2836 2516 μεμαθηκότες,
2866 2444 3102 2514 λέγομεν
3145 2445 3363 2497 κτιστδν
3406 2440 3570 2508 εἶναι,
3620 2445 3712 2497 καὶ
3743 2445 4006 2509 θεμελιω-

2425 2531 2538 2594 τὸν,
2575 2533 2668 2584 καὶ
2690 2531 2954 2600 γεννητὸν
2982 2535 3048 2602 τῇ
3083 2533 3266 2601 οὐσία,
3298 2535 3388 2585 καὶ
3421 2536 3488 2602 τῇ
3536 2535 3882 2600 ἁναλλοιώτῳ
3906 2539 4002 2589 καὶ

2424 2625 2652 2694 ἀρρήτῳ
2691 2627 2849 2688 φύσει
2895 2624 2990 2675 καὶ
3041 2627 3106 2693 τῇ
3139 2625 3426 2692 ὁμοιότητι
3463 2627 3596 2694 πρὸς
3644 2625 3734 2678 τὸν
3771 2644 4002 2696 πεποιη-

2425 2717 2557 2768 κότα
2609 2717 3038 2786 μεμαθήκαμεν.
3095 2719 3169 2779 ὼς
3223 2719 3380 2780 αὐτὸς
3439 2721 3464 2769 ὁ
3522 2720 3724 2786 Κύριος
3779 2738 3943 2788 φησιν
3983 2738 3996 2750 ·

2435 2809 2496 2861 Ὀ
2543 2809 2688 2874 Θεὸς
2720 2809 2929 2862 ἐκτισέ
2957 2826 3033 2877 με
3068 2809 3264 2878 ἀρχὴν
3307 2811 3462 2864 ὁδῶν
3491 2813 3679 2865 αὑτοῦ
3709 2830 3720 2842 ο
3766 2814 3878 2881 πρὸ
3932 2815 4002 2867 δὲ

2422 2897 2666 2951 ,πάντων
2688 2897 2935 2962 βουνῶι·
2968 2899 3151 2967 γεννᾷ
3180 2918 3277 2968 με.
3340 2903 3402 2954 Εἰ
3457 2903 3510 2955 δὲ
3542 2903 3599 2967 ἐξ
3631 2905 3820 2968 αὑτοῦ,
3851 2907 3995 2957 τοῦτ’

2423 2990 2591 3055 ἔστιν,
2623 2991 2718 3042 ἀπ’
2753 2989 2920 3042 αὑτοῦ
2955 2986 3042 3060 ἦν,
3075 2991 3149 3054 ὡς
3181 2992 3248 3045 ἂν
3283 2996 3445 3061 μέρος
3485 2994 3650 3046 αὐτοῦ
3681 2996 3712 3066 ἦ
3745 2995 3802 3058 ἐξ
3829 2999 3998 3066 amp-

2425 3082 2575 3150 ροίας
2606 3082 2705 3147 τῆς
2738 3080 2950 3145 οὑσῖας,
2983 3081 3081 3132 οὐκ
3105 3081 3169 3132 ἂν
3201 3081 3284 3133 ἔτι
3321 3080 3555 3145 κτιστδν,
3582 3082 3701 3134 οὐδὲ
3736 3082 3996 3152 θεμελίω-

2426 3176 2517 3227 τὸν
2555 3170 2695 3226 εἶναι
2727 3173 2968 3240 ἐλέγετοο
3004 3173 3125 3226 οὐδὲ
3167 3174 3330 3236 αὐτὸς
3370 3176 3606 3241 ἀγνοεῖς,
3644 3175 3823 3244 κύριε,
3858 3177 3995 3246 άληο

757 3284 974 3335 delluxu
1007 3277 1347 3336 substantiae,
1387 3289 1493 3324 non
1521 3272 1631 3339 jam
1667 3279 1887 3322 creatus
1918 3283 2097 3337 neque
2127 3267 2322 3320 funda-
2353 3250 2393 3304 ο
2429 3269 2435 3311 1

2314 3296 2322 3306 -
2353 3250 2393 3304 ο
2429 3265 2555 3327 θῶς·
2582 3267 2638 3318 τὸ
2672 3265 2780 3334 γὰρ
2810 3267 2873 3317 ὲκ
2906 3264 3001 3316 τοῦ
3038 3266 3340 3332 ἁγεννήτου
3387 3268 3632 3336 ὑπάρχοι
3668 3271 3884 3320 κτιστὺν
3916 3273 3992 3321 ἑτι

759 3386 846 3427 tus
875 3387 995 3427 esse
1030 3371 1344 3421 dceretur:
1387 3363 1436 3416 id
1473 3361 1614 3430 quod
1645 3361 1758 3428 ipse
1787 3374 2035 3428 quoque,
2080 3360 2319 3423 domine,

759 3467 1004 3534 proiecto
1077 3475 1186 3512 non
1246 3459 1484 3526 ignoras.
1553 3453 1706 3517 Quod
1763 3453 1906 3505 enim
1958 3467 2024 3505 ex
2082 3451 2324 3520 ingenito

759 3556 1010 3613 exsistat,
1054 3550 1334 3603 eomlitum
1364 3549 1473 3615 jam
1513 3544 1580 3595 ab
1620 3544 1745 3604 alio,
1779 3543 1862 3594 vel
1899 3557 1927 3595 a
1959 3543 2166 3610 seipso,
2202 3541 2321 3593 iun-

760 3649 1016 3699 dntuuive
1054 3658 1158 3694 non
1192 3641 1281 3700 sit,
1317 3648 1503 3706 utpote
1539 3635 1607 3686 ab
1649 3634 1806 3686 initio
1847 3633 2148 3701 ingenitum
2183 3631 2326 3685 exsi-

761 3750 929 3793 stens.
985 3736 1036 3789 Si
1070 3751 1198 3786 veto
1241 3733 1480 3801 genitum
1514 3729 1563 3780 id
1611 3743 1729 3779 esse
1761 3728 2010 3787 dicatur,
2063 3725 2322 3779 indicium

765 3832 1035 3901 quoddam
1083 3828 1148 3880 de
1195 3843 1251 3879 se
1299 3826 1556 3893 prasbeat,
1596 3819 1759 3873 veluti
1803 3835 1867 3872 ex
1923 3831 2147 3886 paterna
2197 3817 2326 3870 sub-

759 3923 960 3978 stantia
1008 3920 1281 3988 gcnitum,
1331 3927 1384 3970 et
1431 3913 1575 3983 quod
1619 3911 1868 3966 eamdem
1922 3910 2117 3963 habeat
2146 3923 2212 3961 ex
2258 3923 2325 3961 eo

762 4027 1013 4068 naturam
1040 4053 1054 4074 ,
1087 4011 1291 4063 scimus
1327 4007 1470 4076 quod
1525 4020 1634 4058 non
1685 4003 1752 4056 de
1801 4017 1868 4055 eo
1921 4002 2037 4054 solo
2079 4001 2323 4070 genitum

760 4124 902 4168 esse,
959 4105 1277 4172 Scriptura,
1330 4114 1517 4152 verum
1569 4099 1733 4150 etiam
1780 4095 1846 4146 de
1897 4093 2052 4152 aliis,
2109 4092 2184 4144 illi
2229 4105 2327 4160 per

761 4214 944 4255 ouiuza
988 4205 1179 4249 natura
1226 4191 1624 4252 dissimilibus,
1679 4187 1942 4254 loquitur.
1987 4183 2123 4236 Nam
2171 4192 2228 4235 et
2258 4181 2326 4235 de

763 4289 1084 4344 hominibus
1131 4286 1263 4339 dicit
1295 4284 1348 4335 ἐ
1396 4280 1558 4334 Filios
1609 4283 1766 4350 genui
1821 4289 1866 4329 et
1912 4275 2176 4338 exaltavi,
2227 4274 2326 4342 ipsi

763 4394 940 4437 autem
963 4387 1266 4446 sgreverunt
1295 4391 1394 4428 me.
1433 4374 1518 4437 Et,
1549 4371 1718 4424 Deum
1744 4371 1831 4440 qui
1862 4371 2038 4439 genuit
2076 4376 2144 4430 te,
2180 4368 2327 4420 dere-

765 4476 964 4543 liquisii
991 4475 1029 4525 ⁸.
1067 4473 1130 4524 Et
1177 4469 1230 4521 in
1264 4468 1386 4520 aliis
1417 4464 1550 4533 quid
1580 4463 1753 4516 dicit?
1792 4461 1890 4524 Qui
1940 4461 2120 4529 genuit
2151 4466 2324 4529 guttas

762 4571 899 4620 roris
923 4569 944 4596 ⁸
964 4562 987 4616 ε’
1010 4578 1117 4616 non
1153 4569 1402 4614 naturam
1430 4571 1494 4610 ex
1523 4563 1718 4607 natura
1742 4593 1754 4612 .
1805 4552 1898 4605 sed
1928 4550 2222 4620 cujuslibet
2250 4551 2326 4603 rei

762 4674 884 4730 qua:
927 4662 1257 4726 generatur,
1286 4665 1354 4703 ex
1398 4647 1678 4703 voluntate
1723 4646 1878 4715 ejus,
1919 4643 2324 4712 generationem

763 4751 1060 4805 deducens.
1086 4744 1234 4798 Nihil
1263 4742 1408 4795 enim
1433 4748 1515 4792 est
1536 4754 1601 4790 ea
1629 4737 1934 4790 substantia
1966 4735 2109 4804 ejus,
2135 4749 2325 4788 verum

764 4843 948 4897 omnia
973 4839 1254 4893 voluntate
1283 4835 1423 4904 ejus.
1445 4849 1547 4901 pro
1572 4846 1630 4884 se
1657 4830 1934 4897 quodque,
1966 4827 2145 4895 genita
2174 4837 2325 4887 sunt,

762 4930 922 4986 sicuti
957 4927 1138 4997 genita
1184 4932 1333 4978 sunt.
1371 4925 1547 4989 Atque
1598 4921 1687 4973 ille
1723 4916 1944 4988 quidem
1984 4917 2164 4980 Deus,
2210 4916 2326 4970 haec

762 5038 893 5077 vero
939 5021 1005 5075 ad
1052 5015 1469 5073 siunlitudinem
1529 5013 1650 5084 ejus
1700 5010 1914 5064 ratione
1971 5025 2068 5064 sua
2125 5007 2325 5063 similia

764 5116 967 5174 futura,
995 5120 1051 5164 et
1080 5118 1264 5162 tamen
1296 5107 1480 5160 omnia
1516 5121 1580 5159 ex
1610 5105 1743 5157 Deo.
1779 5100 1910 5166 Quae
1940 5110 1994 5154 tu
2027 5109 2252 5168 accepta
2279 5107 2335 5153 et

764 5209 1037 5262 elaborata
1063 5244 1076 5264 ,
1120 5215 1218 5270 pro
1257 5215 1318 5251 ea
1350 5215 1470 5266 qua:
1505 5196 1600 5248 tibi
1652 5195 1917 5246 divinitus
1957 5191 2110 5245 adest
2142 5191 2332 5259 gratia,

766 5299 834 5350 ad
879 5297 1161 5349 dominum
1215 5306 1394 5342 meum
1445 5285 1811 5340 Alexandrum
1868 5283 2170 5350 perscribe.
2210 5281 2337 5334 Per-

765 5404 986 5444 suasum
1021 5387 1168 5438 enim
1199 5384 1376 5436 habeo
1398 5421 1410 5441 ,
1448 5380 1493 5432 si
1522 5379 1588 5432 ad
1633 5377 1914 5432 hominem
1943 5375 2256 5443 scripseris,
2285 5386 2336 5427 te

769 5496 897 5535 eum
932 5488 1310 5550 permoturum
1339 5487 1482 5527 esse.
1516 5472 1697 5525 Saluta
1747 5483 1935 5522 omnes
1985 5467 2040 5519 in
2088 5466 2338 5519 Domino.

2425 3359 2514 3426 ὑφ’
2567 3361 2754 3430 ἑτέρου
2801 3359 2833 3427 ἢ
2896 3358 3084 3420 αὑτοῦ,
3128 3359 3159 3427 ἢ
3207 3359 3550 3427 θεμελιωτὸν,
3612 3364 3711 3414 οὐκ
3769 3365 3834 3415 ἂν
3885 3369 3992 3431 εἰη,

2426 3450 2665 3518 ὲξαρχῆς
2697 3451 2992 3516 ἀγέννητον
3027 3451 3293 3518 ὑπάρχον.
3332 3451 3390 3502 ΕΞ
3434 3452 3488 3504 δὲ
3521 3455 3577 3503 τὸ
3616 3457 3872 3523 γεννητὸν
3900 3458 3996 3506 αὐ-

2425 3543 2520 3596 τοῦ
2551 3544 2807 3610 λέγεσθαι
2848 3544 3119 3611 ὑπόφασίν
3146 3543 3224 3611 (2)
3264 3561 3388 3596 τινα
3429 3547 3678 3614 παρέχει,
3726 3549 3798 3608 ὡς
3843 3549 3910 3600 ἂν
3938 3553 3998 3602 ἐκ

2426 3638 2524 3704 τῆς
2555 3637 2744 3697 οὐσίας
2774 3636 2869 3706 τῆς
2905 3637 3176 3705 πατρικῆς
3217 3637 3380 3690 αὐτὸν
3414 3641 3695 3705 γεγονότα,
3731 3641 3823 3691 καὶ
3851 3641 3995 3710 ἔχειν

2427 3726 2491 3776 ὲκ
2512 3726 2703 3776 τούτου
2733 3725 2833 3793 τῆς
2867 3727 3086 3792 φύσεως
3132 3725 3227 3795 τὴν
3275 3729 3606 3796 ταυτότητα,
3649 3730 3996 3800 γινώσκομεν

2426 3815 2500 3878 ὡς
2529 3817 2588 3869 οὑ
2623 3817 2752 3885 περὶ
2784 3818 2948 3869 αὐτοῦ
2997 3820 3162 3884 μένου
3195 3818 3254 3870 τὸ
3290 3821 3552 3886 γεννητὸν
3597 3819 3737 3875 εἷναί
3763 3839 3927 3891 φησιν
3966 3827 3996 3892 ὴ

2428 3909 2637 3977 Γραφὴ,
2699 3908 2834 3960 ἀλλὰ
2891 3911 2985 3962 καὶ
3032 3909 3123 3960 ἐπὶ
3166 3910 3274 3962 τῶν
3327 3912 3603 3979 ἀνομοίων
3661 3913 3810 3980 αὐτῷ
3856 3918 3995 3966 κατὰ

2427 4001 2604 4052 πάντα
2633 4003 2698 4068 τῇ
2737 3999 2917 4067 φύσει.
2955 3999 3068 4052 Καὶ
3095 4002 3202 4070 γὰρ
3229 4001 3321 4053 καὶ
3353 4003 3438 4054 ἐπ’
3471 4002 3777 4072 ἀνθρώπων
3809 4011 3998 4073 φησὶν,

2437 4091 2600 4154 Υίοὺς
2638 4091 2940 4158 ἐγέννησα
2997 4091 3091 4144 καί
3149 4091 3368 4159 ὕψωσα
3393 4111 3405 4124 ·
3448 4096 3619 4148 αὐτοὶ
3652 4096 3718 4149 δέ
3743 4113 3820 4165 με
3860 4099 3997 4163 ἠθέ-

2427 4197 2646 4249 τησαν·
2669 4182 2781 4244 καὶ,
2805 4181 2953 4233 Θεὸν
2968 4184 3073 4235 τὸν
3089 4188 3472 4253 γεννήσαντά
3493 4203 3568 4240 σε
3589 4187 3995 4256 ἐγκατέλιπες.

2429 4276 2539 4327 Καὶ
2571 4276 2627 4326 ὲν
2657 4275 2864 4342 ἑτέροις
2893 4276 2946 4326 τί
2977 4293 3171 4345 φησινς
3226 4280 3282 4328 '0
3317 4281 3572 4345 τετοκὼς
3598 4282 3839 4345 βώλους
3863 4283 3998 4350 διό-

2428 4382 2565 4420 σου·
2599 4367 2660 4418 οὐ
2717 4367 2817 4436 τὴν
2874 4367 3037 4434 φύσιν
3085 4371 3143 4422 ἐκ
3193 4371 3292 4440 τῆς
3345 4373 3561 4439 φύσεως
3618 4374 3996 4444 διηγούμενος,

2429 4459 2563 4512 ἀλλὰ
2593 4461 2692 4528 τὴν
2727 4460 2811 4527 ἐφ’
2841 4460 3059 4532 ἑκάστῳ
3086 4461 3195 4513 τῶν
3229 4464 3538 4530 γενομένων
3581 4467 3644 4516 ἐκ
3674 4466 3769 4518 τοῦ
3801 4467 4000 4537 βουλή-

2365 4579 2404 4631 D
2434 4567 2599 4619 ματος
2630 4548 2798 4603 αὑτοῦ
2825 4551 3039 4616 γένεσιν
3075 4567 3090 4584 ο
3121 4551 3374 4621 οὐδὲγάρ
3399 4554 3547 4608 ἐστιν
3579 4557 3641 4607 ὲκ
3684 4555 3782 4625 τῆς
3808 4558 3998 4621 οὐσίας

2434 4640 2622 4692 αὐτοῦ’
2661 4642 2835 4692 πάντα
2878 4641 2933 4692 δὲ
2980 4641 3284 4712 βουλήματι
3328 4643 3493 4696 αὐτοῦ
3529 4645 3818 4714 γενόμενα,
3865 4647 4000 4700 ἐκα-

2436 4748 2561 4784 στον
2587 4733 2660 4793 ὡς
2691 4732 2785 4784 καὶ
2830 4734 3048 4799 ἐγένετο
3074 4749 3087 4764 '
3121 4738 3147 4786 ὁ
3185 4735 3284 4802 μὶν
3317 4737 3426 4804 γὰρ
3475 4737 3630 4799 Θεὸς,
3667 4740 3735 4789 τὰ
3764 4738 3820 4790 δὲ
3866 4740 4000 4808 πρὸς

2432 4823 2729 4892 ὁμοιότητα
2766 4825 2933 4876 αὑτοῦ
2972 4824 3114 4894 λόγῳ
3141 4827 3302 4893 ὃμοια
3343 4829 3578 4896 ἐσόμενα
3604 4846 3616 4859 ο
3646 4830 3822 4882 πάντα
3855 4831 3912 4883 δὲ
3941 4836 4000 4884 ἑκ

2432 4913 2528 4967 τοῦ
2557 4914 2714 4970 Θεοῦ.
2749 4917 2927 4986 ’Λπερ
2978 4917 3159 4970 λαϐὼν
3207 4919 3302 4971 καὶ
3346 4917 3786 4989 ἰξεργασάμενος
3812 4963 3824 4983 ,
3859 4925 4002 4978 κατὰ

2431 5009 2531 5076 τὴν
2566 5009 2876 5078 προσοῦσαν
2903 5026 2984 5061 σοι
3009 5010 3196 5063 θεόθεν
3224 5015 3403 5080 χάριν,
3433 5013 3640 5082 γράψαι
3663 5015 3742 5084 τῷ
3765 5017 4001 5090 δεσπότῃ

2434 5118 2536 5170 μου
2576 5099 2915 5169 Ἀλεξάνδρῳ
2940 5101 3260 5155 σπούδασον.
3303 5105 3652 5158 Πεπίστευκα
3677 5108 3784 5176 γὰρ
3818 5107 3890 5168 ὡς
3914 5147 3928 5169 ,
3955 5111 4001 5160 εί

2431 5192 2663 5261 γράψεις
2705 5194 2877 5263 αὐτῷ,
2920 5193 3196 5262 ἐντρέψεις
3243 5196 3427 5249 αὐτόν.
3480 5199 3694 5255 Πάντας
3741 5201 4000 5269 πρόσειπε

2432 5286 2558 5346 τοὺς
2612 5285 2668 5336 ἐν
2706 5286 2913 5356 Κυρίῳ.
2987 5287 3333 5355 Ἑρῤιυμένιον
3386 5305 3469 5350 σε,
3523 5293 3614 5341 καὶ
3659 5291 3799 5360 ὑπὲρ
3849 5293 4002 5360 ήμῶν

2435 5377 2732 5442 εὐχόμενον
2767 5417 2780 5438 ,
2854 5381 2884 5446 ἡ
2957 5376 3076 5429 θεία
3133 5379 3290 5446 χάρίς
3349 5380 3702 5448 διαφυλάττοι
3761 5399 3854 5438 σε.
3916 5383 3999 5435 δέ·

2437 5483 2631 5519 σποτα.
2678 5487 2697 5518 ι

766 5579 1046 5634 Valentem
1075 5585 1160 5639 te,
1191 5584 1244 5626 et
1285 5586 1378 5640 pro
1427 5568 1587 5622 nobis
1618 5574 1867 5620 orantem
1896 5605 1908 5628 ,
1941 5563 2125 5616 divina
2155 5565 2326 5630 gratia
2374 5575 2685 5626 conservet,
2717 5565 2957 5620 domine.
3003 5586 3020 5617 ›

841 5721 854 5747 ³
895 5719 1050 5771 Prov.
1087 5731 1207 5778 vui,
1238 5714 1327 5767 τε.
1402 5713 1422 5777 ξ
1459 5711 1560 5764 Isa.
1597 5724 1632 5771 l,
1661 5707 1714 5759 9..
1795 5703 2008 5760 iDeut.
2045 5720 2214 5765 xxxii,
2256 5707 2333 5757 l8.

839 5839 917 5905 (l)
945 5838 1053 5891 lloc
1081 5846 1180 5900 cst,
1217 5831 1656 5892 diminutionem,
1692 5825 2121 5882 decrctneutuni.

2419 5707 2434 5732 "
2469 5706 2571 5757 Job
2609 5721 2828 5766 λιιι-ιιι,
2858 5704 2947 5758 ‘28.

2518 5829 2590 5893 (2)
2627 5825 2728 5878 Alii
2761 5825 2965 5880 habent
3009 5829 3291 5882 ὕπεισιν.
