  <div class='ocr_page' id='page_1' title='image "/cluster/home/n/w/nwhite01/storage/ocr_20150623/146/nnc1.0046980610/032.png"; bbox 0 0 4250 6450; ppageno 0'>
   <div class='ocr_carea' id='block_1_1' title="bbox 252 418 3510 503">
    <p class='ocr_par' dir='ltr' id='par_1_1' title="bbox 252 418 3510 503">
     <span class='ocr_line' id='line_1_1' title="bbox 252 418 3510 503; baseline 0 -6"><span class='ocrx_word' id='word_1_1' title='bbox 252 434 326 499; x_wconf 73' lang='grc'><strong>49</strong></span> <span class='ocrx_word' id='word_1_2' title='bbox 1112 440 1719 503; x_wconf 77' lang='lat' dir='ltr'><strong>ECCI.ESIASTIC:E</strong></span> <span class='ocrx_word' id='word_1_3' title='bbox 1765 441 2164 503; x_wconf 59' lang='lat' dir='ltr'><strong>HISTORIE</strong></span> <span class='ocrx_word' id='word_1_4' title='bbox 2204 442 2352 503; x_wconf 86' lang='lat' dir='ltr'><strong>LIB.</strong></span> <span class='ocrx_word' id='word_1_5' title='bbox 2396 439 2567 503; x_wconf 87' lang='lat' dir='ltr'><strong>VIII.</strong></span> <span class='ocrx_word' id='word_1_6' title='bbox 3440 418 3510 482; x_wconf 77' lang='lat'><strong>50</strong></span> 
     </span>
    </p>
   </div>
   <div class='ocr_carea' id='block_1_2' title="bbox 848 547 1245 604">
    <p class='ocr_par' dir='ltr' id='par_1_2' title="bbox 848 547 1245 604">
     <span class='ocr_line' id='line_1_2' title="bbox 848 547 1245 604; baseline 0.005 -3"><span class='ocrx_word' id='word_1_7' title='bbox 848 547 1105 602; x_wconf 74' lang='grc' dir='ltr'>ΚΕΦΑΛ.</span> <span class='ocrx_word' id='word_1_8' title='bbox 1139 552 1245 604; x_wconf 56' lang='grc' dir='ltr'>ιιν.</span> 
     </span>
    </p>
   </div>
   <div class='ocr_carea' id='block_1_3' title="bbox 256 637 1841 711">
    <p class='ocr_par' dir='ltr' id='par_1_3' title="bbox 256 637 1841 711">
     <span class='ocr_line' id='line_1_3' title="bbox 256 637 1841 711; baseline 0.003 -18"><span class='ocrx_word' id='word_1_9' title='bbox 256 640 399 707; x_wconf 72' lang='grc' dir='ltr'>Περὶ</span> <span class='ocrx_word' id='word_1_10' title='bbox 431 637 550 691; x_wconf 78' lang='grc' dir='ltr'><strong>τῶν</strong></span> <span class='ocrx_word' id='word_1_11' title='bbox 572 639 728 711; x_wconf 75' lang='grc' dir='ltr'>ὑπὲρ</span> <span class='ocrx_word' id='word_1_12' title='bbox 788 640 1013 708; x_wconf 73' lang='grc' dir='ltr'>’Λρείου</span> <span class='ocrx_word' id='word_1_13' title='bbox 1064 643 1379 696; x_wconf 79' lang='grc' dir='ltr'><strong>συνόδων·</strong></span> <span class='ocrx_word' id='word_1_14' title='bbox 1434 643 1531 697; x_wconf 78' lang='grc' dir='ltr'><strong>καί</strong></span> <span class='ocrx_word' id='word_1_15' title='bbox 1574 645 1705 711; x_wconf 76' lang='grc' dir='ltr'>περί</span> <span class='ocrx_word' id='word_1_16' title='bbox 1730 643 1841 711; x_wconf 83' lang='grc' dir='ltr'>τῆς</span> 
     </span>
    </p>
   </div>
   <div class='ocr_carea' id='block_1_4' title="bbox 330 708 1844 790">
    <p class='ocr_par' dir='ltr' id='par_1_4' title="bbox 330 708 1844 790">
     <span class='ocr_line' id='line_1_4' title="bbox 330 708 1844 790; baseline 0.003 -28"><span class='ocrx_word' id='word_1_17' title='bbox 330 711 448 790; x_wconf 58' lang='grc' dir='ltr'><strong>τὴς</strong></span> <span class='ocrx_word' id='word_1_18' title='bbox 470 708 838 777; x_wconf 70' lang='grc' dir='ltr'>οἰκουμένην</span> <span class='ocrx_word' id='word_1_19' title='bbox 890 711 1308 781; x_wconf 68' lang='grc' dir='ltr'>διαλαϐούσης</span> <span class='ocrx_word' id='word_1_20' title='bbox 1360 708 1718 782; x_wconf 75' lang='grc' dir='ltr'>συγχύσεως</span> <span class='ocrx_word' id='word_1_21' title='bbox 1746 708 1844 766; x_wconf 69' lang='grc' dir='ltr'>διὰ</span> 
     </span>
    </p>
   </div>
   <div class='ocr_carea' id='block_1_5' title="bbox 332 796 571 834">
    <p class='ocr_par' dir='ltr' id='par_1_5' title="bbox 332 796 571 834">
     <span class='ocr_line' id='line_1_5' title="bbox 332 796 571 834; baseline 0.004 -1"><span class='ocrx_word' id='word_1_22' title='bbox 332 796 571 834; x_wconf 77' lang='grc' dir='ltr'>τουτον.</span> 
     </span>
    </p>
   </div>
   <div class='ocr_carea' id='block_1_6' title="bbox 334 889 1844 970">
    <p class='ocr_par' dir='ltr' id='par_1_6' title="bbox 334 889 1844 970">
     <span class='ocr_line' id='line_1_6' title="bbox 334 889 1844 970; baseline 0.005 -25"><span class='ocrx_word' id='word_1_23' title='bbox 334 892 576 947; x_wconf 76' lang='grc' dir='ltr'><strong>Τοιαῦτα</strong></span> <span class='ocrx_word' id='word_1_24' title='bbox 604 896 703 948; x_wconf 73' lang='grc' dir='ltr'>καὶ</span> <span class='ocrx_word' id='word_1_25' title='bbox 760 889 909 951; x_wconf 77' lang='grc' dir='ltr'>οὗτοι</span> <span class='ocrx_word' id='word_1_26' title='bbox 962 896 1211 968; x_wconf 76' lang='grc' dir='ltr'>εγραφον</span> <span class='ocrx_word' id='word_1_27' title='bbox 1260 900 1395 970; x_wconf 74' lang='grc' dir='ltr'>πρός</span> <span class='ocrx_word' id='word_1_28' title='bbox 1424 900 1518 953; x_wconf 78' lang='grc' dir='ltr'>τὸν</span> <span class='ocrx_word' id='word_1_29' title='bbox 1576 900 1719 955; x_wconf 73' lang='grc' dir='ltr'>κατὰ</span> <span class='ocrx_word' id='word_1_30' title='bbox 1745 899 1844 969; x_wconf 81' lang='grc' dir='ltr'>τῆς</span> 
     </span>
    </p>
   </div>
   <div class='ocr_carea' id='block_1_7' title="bbox 259 985 1850 1061">
    <p class='ocr_par' dir='ltr' id='par_1_7' title="bbox 259 985 1850 1061">
     <span class='ocr_line' id='line_1_7' title="bbox 259 985 1850 1061; baseline 0.003 -23"><span class='ocrx_word' id='word_1_31' title='bbox 259 985 528 1055; x_wconf 75' lang='grc' dir='ltr'><strong>ἀληθείας</strong></span> <span class='ocrx_word' id='word_1_32' title='bbox 553 990 908 1058; x_wconf 78' lang='grc' dir='ltr'>δπλιζὸμενοι</span> <span class='ocrx_word' id='word_1_33' title='bbox 928 991 1190 1059; x_wconf 83' lang='grc' dir='ltr'>πόλεμον.</span> <span class='ocrx_word' id='word_1_34' title='bbox 1225 992 1313 1054; x_wconf 80' lang='grc' dir='ltr'>Ὧς</span> <span class='ocrx_word' id='word_1_35' title='bbox 1333 992 1387 1045; x_wconf 76' lang='grc' dir='ltr'>δὲ</span> <span class='ocrx_word' id='word_1_36' title='bbox 1414 992 1582 1045; x_wconf 77' lang='grc' dir='ltr'>πολλὰ</span> <span class='ocrx_word' id='word_1_37' title='bbox 1610 993 1850 1061; x_wconf 80' lang='grc' dir='ltr'>γράφον-</span> 
     </span>
    </p>
   </div>
   <div class='ocr_carea' id='block_1_8' title="bbox 258 1078 1849 1153">
    <p class='ocr_par' dir='ltr' id='par_1_8' title="bbox 258 1078 1849 1153">
     <span class='ocr_line' id='line_1_8' title="bbox 258 1078 1849 1153; baseline 0.005 -26"><span class='ocrx_word' id='word_1_38' title='bbox 258 1093 355 1139; x_wconf 84' lang='grc' dir='ltr'><strong>τες</strong></span> <span class='ocrx_word' id='word_1_39' title='bbox 379 1078 584 1147; x_wconf 71' lang='grc' dir='ltr'>ἥκιστα</span> <span class='ocrx_word' id='word_1_40' title='bbox 620 1081 834 1132; x_wconf 83' lang='grc' dir='ltr'>πείθειν</span> <span class='ocrx_word' id='word_1_41' title='bbox 866 1081 959 1134; x_wconf 82' lang='grc' dir='ltr'>τὸν</span> <span class='ocrx_word' id='word_1_42' title='bbox 1003 1082 1358 1151; x_wconf 80' lang='grc' dir='ltr'>Ἀλέξανδρον</span> <span class='ocrx_word' id='word_1_43' title='bbox 1389 1079 1554 1153; x_wconf 66' lang='grc' dir='ltr'>εἶχον,</span> <span class='ocrx_word' id='word_1_44' title='bbox 1588 1083 1849 1152; x_wconf 73' lang='grc' dir='ltr'>χαλεπαί-</span> 
     </span>
    </p>
   </div>
   <div class='ocr_carea' id='block_1_9' title="bbox 264 1167 1851 1246">
    <p class='ocr_par' dir='ltr' id='par_1_9' title="bbox 264 1167 1851 1246">
     <span class='ocr_line' id='line_1_9' title="bbox 264 1167 1851 1246; baseline 0.004 -25"><span class='ocrx_word' id='word_1_45' title='bbox 264 1188 459 1233; x_wconf 87' lang='grc' dir='ltr'>νοντες</span> <span class='ocrx_word' id='word_1_46' title='bbox 506 1167 648 1241; x_wconf 80' lang='grc' dir='ltr'>ἦσαν</span> <span class='ocrx_word' id='word_1_47' title='bbox 691 1172 767 1235; x_wconf 85' lang='grc' dir='ltr'><strong>ὡς</strong></span> <span class='ocrx_word' id='word_1_48' title='bbox 804 1174 1151 1244; x_wconf 76' lang='grc' dir='ltr'>ὑϐρισμένοι·</span> <span class='ocrx_word' id='word_1_49' title='bbox 1201 1176 1298 1229; x_wconf 73' lang='grc' dir='ltr'>καὶ</span> <span class='ocrx_word' id='word_1_50' title='bbox 1345 1176 1582 1246; x_wconf 77' lang='grc' dir='ltr'>σπουδὴν</span> <span class='ocrx_word' id='word_1_51' title='bbox 1612 1174 1851 1227; x_wconf 78' lang='grc' dir='ltr'>ἐτίθεντο</span> 
     </span>
    </p>
   </div>
   <div class='ocr_carea' id='block_1_10' title="bbox 262 1261 1853 1334">
    <p class='ocr_par' dir='ltr' id='par_1_10' title="bbox 262 1261 1853 1334">
     <span class='ocr_line' id='line_1_10' title="bbox 262 1261 1853 1334; baseline 0.003 -22"><span class='ocrx_word' id='word_1_52' title='bbox 262 1261 331 1313; x_wconf 71' lang='grc' dir='ltr'><strong>τὸ</strong></span> <span class='ocrx_word' id='word_1_53' title='bbox 367 1262 581 1331; x_wconf 81' lang='grc' dir='ltr'>Ἀρείου</span> <span class='ocrx_word' id='word_1_54' title='bbox 616 1263 885 1332; x_wconf 78' lang='grc' dir='ltr'><strong>κρατῦναι</strong></span> <span class='ocrx_word' id='word_1_55' title='bbox 921 1264 1123 1334; x_wconf 82' lang='grc' dir='ltr'>δόγμα.</span> <span class='ocrx_word' id='word_1_56' title='bbox 1174 1266 1285 1318; x_wconf 74' lang='grc' dir='ltr'><strong>Καὶ</strong></span> <span class='ocrx_word' id='word_1_57' title='bbox 1316 1265 1380 1334; x_wconf 73' lang='grc' dir='ltr'>δὴ</span> <span class='ocrx_word' id='word_1_58' title='bbox 1414 1268 1473 1318; x_wconf 84' lang='grc' dir='ltr'><strong>ἐν</strong></span> <span class='ocrx_word' id='word_1_59' title='bbox 1502 1270 1566 1333; x_wconf 75' lang='grc' dir='ltr'>τῇ</span> <span class='ocrx_word' id='word_1_60' title='bbox 1607 1265 1853 1317; x_wconf 79' lang='grc' dir='ltr'><strong>Βιθυνῶν</strong></span> 
     </span>
    </p>
   </div>
   <div class='ocr_carea' id='block_1_11' title="bbox 264 1352 1854 1428">
    <p class='ocr_par' dir='ltr' id='par_1_11' title="bbox 264 1352 1854 1428">
     <span class='ocr_line' id='line_1_11' title="bbox 264 1352 1854 1428; baseline 0.004 -25"><span class='ocrx_word' id='word_1_61' title='bbox 264 1353 333 1404; x_wconf 77' lang='grc' dir='ltr'>τὸ</span> <span class='ocrx_word' id='word_1_62' title='bbox 358 1352 459 1421; x_wconf 87' lang='grc' dir='ltr'>τῆς</span> <span class='ocrx_word' id='word_1_63' title='bbox 496 1354 756 1417; x_wconf 79' lang='grc' dir='ltr'>άσεῦείας</span> <span class='ocrx_word' id='word_1_64' title='bbox 806 1357 1286 1427; x_wconf 77' lang='grc' dir='ltr'><strong>συγκροτήσαντες</strong></span> <span class='ocrx_word' id='word_1_65' title='bbox 1324 1358 1708 1428; x_wconf 75' lang='grc' dir='ltr'>ἐργαστήριον,</span> <span class='ocrx_word' id='word_1_66' title='bbox 1741 1360 1854 1420; x_wconf 85' lang='grc' dir='ltr'>τοῖς</span> 
     </span>
    </p>
   </div>
   <div class='ocr_carea' id='block_1_12' title="bbox 268 1444 1856 1519">
    <p class='ocr_par' dir='ltr' id='par_1_12' title="bbox 268 1444 1856 1519">
     <span class='ocr_line' id='line_1_12' title="bbox 268 1444 1856 1519; baseline 0.003 -24"><span class='ocrx_word' id='word_1_67' title='bbox 268 1444 380 1497; x_wconf 74' lang='grc' dir='ltr'>άνὰ</span> <span class='ocrx_word' id='word_1_68' title='bbox 403 1444 504 1513; x_wconf 80' lang='grc' dir='ltr'><strong>τὴν</strong></span> <span class='ocrx_word' id='word_1_69' title='bbox 552 1447 891 1516; x_wconf 67' lang='grc' dir='ltr'><strong>οἰκουμένην</strong></span> <span class='ocrx_word' id='word_1_70' title='bbox 942 1449 992 1501; x_wconf 78' lang='grc' dir='ltr'>οἱ</span> <span class='ocrx_word' id='word_1_71' title='bbox 1041 1449 1172 1519; x_wconf 75' lang='grc' dir='ltr'>περὶ</span> <span class='ocrx_word' id='word_1_72' title='bbox 1217 1448 1481 1502; x_wconf 78' lang='grc' dir='ltr'>Εὑσέὸιον</span> <span class='ocrx_word' id='word_1_73' title='bbox 1529 1450 1856 1510; x_wconf 71' lang='grc' dir='ltr'><strong>ἐπισκόποις</strong></span> 
     </span>
    </p>
   </div>
   <div class='ocr_carea' id='block_1_13' title="bbox 269 1536 1855 1609">
    <p class='ocr_par' dir='ltr' id='par_1_13' title="bbox 269 1536 1855 1609">
     <span class='ocr_line' id='line_1_13' title="bbox 269 1536 1855 1609; baseline 0.004 -22"><span class='ocrx_word' id='word_1_74' title='bbox 269 1536 552 1606; x_wconf 72' lang='grc' dir='ltr'>ἔγραψαν,</span> <span class='ocrx_word' id='word_1_75' title='bbox 590 1538 811 1607; x_wconf 74' lang='grc' dir='ltr'>’Ἄρειόν</span> <span class='ocrx_word' id='word_1_76' title='bbox 842 1554 899 1592; x_wconf 88' lang='grc' dir='ltr'><strong>τε</strong></span> <span class='ocrx_word' id='word_1_77' title='bbox 925 1539 1021 1592; x_wconf 72' lang='grc' dir='ltr'>καὶ</span> <span class='ocrx_word' id='word_1_78' title='bbox 1048 1539 1177 1603; x_wconf 80' lang='grc' dir='ltr'>τοὺς</span> <span class='ocrx_word' id='word_1_79' title='bbox 1223 1541 1344 1609; x_wconf 81' lang='grc' dir='ltr'>μετ’</span> <span class='ocrx_word' id='word_1_80' title='bbox 1372 1539 1539 1593; x_wconf 80' lang='grc' dir='ltr'>αὑτοῦ</span> <span class='ocrx_word' id='word_1_81' title='bbox 1570 1544 1855 1601; x_wconf 79' lang='grc' dir='ltr'>κοινωνίας</span> 
     </span>
    </p>
   </div>
   <div class='ocr_carea' id='block_1_14' title="bbox 268 1626 1861 1704">
    <p class='ocr_par' dir='ltr' id='par_1_14' title="bbox 268 1626 1861 1704">
     <span class='ocr_line' id='line_1_14' title="bbox 268 1626 1861 1704; baseline 0.004 -25"><span class='ocrx_word' id='word_1_82' title='bbox 268 1628 504 1692; x_wconf 80' lang='grc' dir='ltr'>ἀξιοῦν·</span> <span class='ocrx_word' id='word_1_83' title='bbox 561 1626 703 1684; x_wconf 81' lang='grc' dir='ltr'>εἶναι</span> <span class='ocrx_word' id='word_1_84' title='bbox 740 1633 850 1700; x_wconf 80' lang='grc' dir='ltr'>γὰρ</span> <span class='ocrx_word' id='word_1_85' title='bbox 901 1633 1087 1694; x_wconf 84' lang='grc' dir='ltr'>αὐτοῖς</span> <span class='ocrx_word' id='word_1_86' title='bbox 1145 1633 1469 1704; x_wconf 67' lang='grc' dir='ltr'>ἐρρωμένην</span> <span class='ocrx_word' id='word_1_87' title='bbox 1493 1633 1591 1703; x_wconf 80' lang='grc' dir='ltr'>τὴν</span> <span class='ocrx_word' id='word_1_88' title='bbox 1644 1635 1778 1703; x_wconf 65' lang='grc' dir='ltr'>περὶ·</span> <span class='ocrx_word' id='word_1_89' title='bbox 1801 1634 1861 1685; x_wconf 87' lang='grc' dir='ltr'>τὸ</span> 
     </span>
    </p>
   </div>
   <div class='ocr_carea' id='block_1_15' title="bbox 269 1720 1861 1794">
    <p class='ocr_par' dir='ltr' id='par_1_15' title="bbox 269 1720 1861 1794">
     <span class='ocr_line' id='line_1_15' title="bbox 269 1720 1861 1794; baseline 0.001 -21"><span class='ocrx_word' id='word_1_90' title='bbox 269 1720 457 1791; x_wconf 71' lang='grc' dir='ltr'>δόγμα</span> <span class='ocrx_word' id='word_1_91' title='bbox 493 1722 676 1788; x_wconf 81' lang='grc' dir='ltr'>δόξαν·</span> <span class='ocrx_word' id='word_1_92' title='bbox 705 1726 801 1777; x_wconf 72' lang='grc' dir='ltr'>καὶ</span> <span class='ocrx_word' id='word_1_93' title='bbox 833 1724 1191 1794; x_wconf 81' lang='grc' dir='ltr'>Ἀλέξανδρον</span> <span class='ocrx_word' id='word_1_94' title='bbox 1235 1724 1291 1776; x_wconf 79' lang='grc' dir='ltr'>δὲ</span> <span class='ocrx_word' id='word_1_95' title='bbox 1336 1726 1506 1777; x_wconf 78' lang='grc' dir='ltr'>ταυτδ</span> <span class='ocrx_word' id='word_1_96' title='bbox 1537 1723 1695 1776; x_wconf 80' lang='grc' dir='ltr'>τοῦτο</span> <span class='ocrx_word' id='word_1_97' title='bbox 1728 1723 1861 1792; x_wconf 76' lang='grc' dir='ltr'>δρᾶ-</span> 
     </span>
    </p>
   </div>
   <div class='ocr_carea' id='block_1_16' title="bbox 275 1811 1862 1886">
    <p class='ocr_par' dir='ltr' id='par_1_16' title="bbox 275 1811 1862 1886">
     <span class='ocr_line' id='line_1_16' title="bbox 275 1811 1862 1886; baseline 0.001 -21"><span class='ocrx_word' id='word_1_98' title='bbox 275 1829 374 1865; x_wconf 92' lang='grc' dir='ltr'><strong>σαι</strong></span> <span class='ocrx_word' id='word_1_99' title='bbox 435 1814 915 1883; x_wconf 73' lang='grc' dir='ltr'>παρασκευάζειν.</span> <span class='ocrx_word' id='word_1_100' title='bbox 978 1816 1067 1878; x_wconf 79' lang='grc' dir='ltr'>Ὠς</span> <span class='ocrx_word' id='word_1_101' title='bbox 1103 1814 1161 1869; x_wconf 70' lang='grc' dir='ltr'>δὲ</span> <span class='ocrx_word' id='word_1_102' title='bbox 1195 1816 1349 1870; x_wconf 65' lang='grc' dir='ltr'>οὐδὲν</span> <span class='ocrx_word' id='word_1_103' title='bbox 1400 1811 1562 1886; x_wconf 86' lang='grc' dir='ltr'>ἦττον</span> <span class='ocrx_word' id='word_1_104' title='bbox 1588 1817 1649 1869; x_wconf 83' lang='grc' dir='ltr'>τὸ</span> <span class='ocrx_word' id='word_1_105' title='bbox 1694 1813 1862 1867; x_wconf 70' lang='grc' dir='ltr'><strong>ιιι-τού⁴</strong></span> 
     </span>
    </p>
   </div>
   <div class='ocr_carea' id='block_1_17' title="bbox 274 1877 1934 1978">
    <p class='ocr_par' dir='ltr' id='par_1_17' title="bbox 274 1877 1934 1978">
     <span class='ocr_line' id='line_1_17' title="bbox 274 1877 1934 1978; baseline 0.004 -23"><span class='ocrx_word' id='word_1_106' title='bbox 274 1904 469 1973; x_wconf 88' lang='grc' dir='ltr'>δασμα</span> <span class='ocrx_word' id='word_1_107' title='bbox 501 1877 655 1974; x_wconf 70' lang='grc' dir='ltr'>παρὰ</span> <span class='ocrx_word' id='word_1_108' title='bbox 710 1877 937 1977; x_wconf 67' lang='grc' dir='ltr'>γνῶμην</span> <span class='ocrx_word' id='word_1_109' title='bbox 989 1907 1293 1973; x_wconf 64' lang='grc' dir='ltr'>ἐξέϐαινεν,</span> <span class='ocrx_word' id='word_1_110' title='bbox 1352 1877 1704 1978; x_wconf 74' lang='grc' dir='ltr'>Ἀλεξάνδρου</span> <span class='ocrx_word' id='word_1_111' title='bbox 1748 1910 1859 1971; x_wconf 87' lang='grc' dir='ltr'>τοῖς</span> <span class='ocrx_word' id='word_1_112' title='bbox 1887 1877 1934 1937; x_wconf 79' lang='grc' dir='ltr'><strong>Β</strong></span> 
     </span>
    </p>
   </div>
   <div class='ocr_carea' id='block_1_18' title="bbox 275 1996 1863 2070">
    <p class='ocr_par' dir='ltr' id='par_1_18' title="bbox 275 1996 1863 2070">
     <span class='ocr_line' id='line_1_18' title="bbox 275 1996 1863 2070; baseline 0.003 -22"><span class='ocrx_word' id='word_1_113' title='bbox 275 1996 431 2060; x_wconf 72' lang='grc' dir='ltr'>ἅπαξ</span> <span class='ocrx_word' id='word_1_114' title='bbox 460 1998 586 2051; x_wconf 87' lang='grc' dir='ltr'>κατ’</span> <span class='ocrx_word' id='word_1_115' title='bbox 646 1999 864 2068; x_wconf 77' lang='grc' dir='ltr'>’Δρείου</span> <span class='ocrx_word' id='word_1_116' title='bbox 900 2000 1249 2069; x_wconf 76' lang='grc' dir='ltr'>δεδογμένοις</span> <span class='ocrx_word' id='word_1_117' title='bbox 1299 2001 1650 2070; x_wconf 69' lang='grc' dir='ltr'><strong>ἐμμένοντος,</strong></span> <span class='ocrx_word' id='word_1_118' title='bbox 1702 2004 1863 2054; x_wconf 84' lang='grc' dir='ltr'>ἀπει-</span> 
     </span>
    </p>
   </div>
   <div class='ocr_carea' id='block_1_19' title="bbox 274 2088 1866 2164">
    <p class='ocr_par' dir='ltr' id='par_1_19' title="bbox 274 2088 1866 2164">
     <span class='ocr_line' id='line_1_19' title="bbox 274 2088 1866 2164; baseline 0.005 -25"><span class='ocrx_word' id='word_1_119' title='bbox 274 2088 403 2140; x_wconf 86' lang='grc' dir='ltr'>πὼν</span> <span class='ocrx_word' id='word_1_120' title='bbox 455 2091 703 2161; x_wconf 67' lang='grc' dir='ltr'>Ἄρειος.</span> <span class='ocrx_word' id='word_1_121' title='bbox 766 2092 1068 2163; x_wconf 81' lang='grc' dir='ltr'>πρεσῦείαν</span> <span class='ocrx_word' id='word_1_122' title='bbox 1108 2092 1328 2145; x_wconf 74' lang='grc' dir='ltr'>ἔστελλε</span> <span class='ocrx_word' id='word_1_123' title='bbox 1379 2094 1631 2164; x_wconf 81' lang='grc' dir='ltr'>Παυλίνῳ</span> <span class='ocrx_word' id='word_1_124' title='bbox 1664 2110 1723 2145; x_wconf 89' lang='grc' dir='ltr'><strong>τε</strong></span> <span class='ocrx_word' id='word_1_125' title='bbox 1770 2094 1866 2147; x_wconf 79' lang='grc' dir='ltr'>καὶ</span> 
     </span>
    </p>
   </div>
   <div class='ocr_carea' id='block_1_20' title="bbox 276 2176 1866 2251">
    <p class='ocr_par' dir='ltr' id='par_1_20' title="bbox 276 2176 1866 2251">
     <span class='ocr_line' id='line_1_20' title="bbox 276 2176 1866 2251; baseline 0.004 -24"><span class='ocrx_word' id='word_1_126' title='bbox 276 2176 530 2247; x_wconf 74' lang='grc' dir='ltr'><strong>Εὑσεϐἱῳ</strong></span> <span class='ocrx_word' id='word_1_127' title='bbox 577 2178 655 2247; x_wconf 83' lang='grc' dir='ltr'>τῷ</span> <span class='ocrx_word' id='word_1_128' title='bbox 691 2179 1003 2248; x_wconf 80' lang='grc' dir='ltr'>Παμφίλου,</span> <span class='ocrx_word' id='word_1_129' title='bbox 1042 2182 1136 2233; x_wconf 76' lang='grc' dir='ltr'>καὶ</span> <span class='ocrx_word' id='word_1_130' title='bbox 1185 2181 1508 2251; x_wconf 78' lang='grc' dir='ltr'>Πατροφίλῳ</span> <span class='ocrx_word' id='word_1_131' title='bbox 1555 2182 1632 2251; x_wconf 79' lang='grc' dir='ltr'>τῷ</span> <span class='ocrx_word' id='word_1_132' title='bbox 1664 2181 1866 2234; x_wconf 76' lang='grc' dir='ltr'>Σκυθοο</span> 
     </span>
    </p>
   </div>
   <div class='ocr_carea' id='block_1_21' title="bbox 278 2268 1866 2344">
    <p class='ocr_par' dir='ltr' id='par_1_21' title="bbox 278 2268 1866 2344">
     <span class='ocr_line' id='line_1_21' title="bbox 278 2268 1866 2344; baseline 0.005 -26"><span class='ocrx_word' id='word_1_133' title='bbox 278 2268 521 2336; x_wconf 72' lang='grc' dir='ltr'>πόλεως,</span> <span class='ocrx_word' id='word_1_134' title='bbox 558 2271 653 2323; x_wconf 74' lang='grc' dir='ltr'>καὶ</span> <span class='ocrx_word' id='word_1_135' title='bbox 684 2275 813 2341; x_wconf 70' lang='grc' dir='ltr'>περὶ</span> <span class='ocrx_word' id='word_1_136' title='bbox 836 2271 1080 2333; x_wconf 64' lang='grc' dir='ltr'>ἐκείνως</span> <span class='ocrx_word' id='word_1_137' title='bbox 1107 2274 1442 2342; x_wconf 71' lang='grc' dir='ltr'>συστήματι,</span> <span class='ocrx_word' id='word_1_138' title='bbox 1470 2273 1866 2344; x_wconf 70' lang='grc' dir='ltr'>ἐπιτετράφθαι</span> 
     </span>
    </p>
   </div>
   <div class='ocr_carea' id='block_1_22' title="bbox 278 2360 1872 2436">
    <p class='ocr_par' dir='ltr' id='par_1_22' title="bbox 278 2360 1872 2436">
     <span class='ocr_line' id='line_1_22' title="bbox 278 2360 1872 2436; baseline 0.004 -24"><span class='ocrx_word' id='word_1_139' title='bbox 278 2360 334 2412; x_wconf 79' lang='lat' dir='ltr'><strong>oi.</strong></span> <span class='ocrx_word' id='word_1_140' title='bbox 374 2363 471 2415; x_wconf 75' lang='grc' dir='ltr'>καὶ</span> <span class='ocrx_word' id='word_1_141' title='bbox 509 2364 621 2427; x_wconf 84' lang='grc' dir='ltr'>τοῖς</span> <span class='ocrx_word' id='word_1_142' title='bbox 659 2364 801 2433; x_wconf 83' lang='grc' dir='ltr'>ἀμφ’</span> <span class='ocrx_word' id='word_1_143' title='bbox 830 2365 1017 2425; x_wconf 75' lang='grc' dir='ltr'>αὐτὸν.</span> <span class='ocrx_word' id='word_1_144' title='bbox 1054 2366 1145 2418; x_wconf 64' lang='grc' dir='ltr'><strong>τὸν</strong></span> <span class='ocrx_word' id='word_1_145' title='bbox 1194 2370 1325 2436; x_wconf 76' lang='grc' dir='ltr'>περὶ</span> <span class='ocrx_word' id='word_1_146' title='bbox 1359 2366 1522 2419; x_wconf 71' lang='grc' dir='ltr'>αὑτὸν</span> <span class='ocrx_word' id='word_1_147' title='bbox 1567 2367 1641 2429; x_wconf 86' lang='grc' dir='ltr'>ὡς</span> <span class='ocrx_word' id='word_1_148' title='bbox 1674 2367 1872 2436; x_wconf 78' lang='grc' dir='ltr'>πρότε-</span> 
     </span>
    </p>
   </div>
   <div class='ocr_carea' id='block_1_23' title="bbox 286 2451 1871 2528">
    <p class='ocr_par' dir='ltr' id='par_1_23' title="bbox 286 2451 1871 2528">
     <span class='ocr_line' id='line_1_23' title="bbox 286 2451 1871 2528; baseline 0.001 -21"><span class='ocrx_word' id='word_1_149' title='bbox 286 2471 385 2524; x_wconf 77' lang='grc' dir='ltr'><strong>ρον</strong></span> <span class='ocrx_word' id='word_1_150' title='bbox 444 2455 831 2524; x_wconf 78' lang='grc' dir='ltr'><strong>ἐκκλησιάζειν</strong></span> <span class='ocrx_word' id='word_1_151' title='bbox 881 2456 1048 2519; x_wconf 70' lang='grc' dir='ltr'>λαὸν,</span> <span class='ocrx_word' id='word_1_152' title='bbox 1086 2451 1177 2511; x_wconf 74' lang='grc' dir='ltr'>οἶα</span> <span class='ocrx_word' id='word_1_153' title='bbox 1222 2458 1287 2527; x_wconf 79' lang='grc' dir='ltr'>δὴ</span> <span class='ocrx_word' id='word_1_154' title='bbox 1326 2461 1419 2511; x_wconf 77' lang='grc' dir='ltr'>καὶ</span> <span class='ocrx_word' id='word_1_155' title='bbox 1450 2458 1546 2527; x_wconf 79' lang='grc' dir='ltr'>τὴν</span> <span class='ocrx_word' id='word_1_156' title='bbox 1591 2457 1701 2510; x_wconf 86' lang='grc' dir='ltr'><strong>τῶν</strong></span> <span class='ocrx_word' id='word_1_157' title='bbox 1738 2476 1871 2528; x_wconf 78' lang='grc' dir='ltr'>πρε-</span> 
     </span>
    </p>
   </div>
   <div class='ocr_carea' id='block_1_24' title="bbox 285 2547 1871 2619">
    <p class='ocr_par' dir='ltr' id='par_1_24' title="bbox 285 2547 1871 2619">
     <span class='ocr_line' id='line_1_24' title="bbox 285 2547 1871 2619; baseline 0.004 -21"><span class='ocrx_word' id='word_1_158' title='bbox 285 2548 572 2616; x_wconf 70' lang='grc' dir='ltr'>σϐυτέρων</span> <span class='ocrx_word' id='word_1_159' title='bbox 602 2547 760 2612; x_wconf 76' lang='grc' dir='ltr'>τάξιν</span> <span class='ocrx_word' id='word_1_160' title='bbox 798 2550 861 2601; x_wconf 87' lang='grc' dir='ltr'><strong>ἐκ</strong></span> <span class='ocrx_word' id='word_1_161' title='bbox 884 2548 1084 2602; x_wconf 80' lang='grc' dir='ltr'>πολλοῦ</span> <span class='ocrx_word' id='word_1_162' title='bbox 1115 2549 1333 2619; x_wconf 70' lang='grc' dir='ltr'><strong>ἔχοντα⁹</strong></span> <span class='ocrx_word' id='word_1_163' title='bbox 1362 2550 1517 2612; x_wconf 86' lang='grc' dir='ltr'>ἐθους</span> <span class='ocrx_word' id='word_1_164' title='bbox 1545 2551 1606 2601; x_wconf 83' lang='grc' dir='ltr'><strong>ἐκ</strong></span> <span class='ocrx_word' id='word_1_165' title='bbox 1640 2549 1871 2604; x_wconf 78' lang='grc' dir='ltr'>παλαιοῦ</span> 
     </span>
    </p>
   </div>
   <div class='ocr_carea' id='block_1_25' title="bbox 288 2638 1875 2709">
    <p class='ocr_par' dir='ltr' id='par_1_25' title="bbox 288 2638 1875 2709">
     <span class='ocr_line' id='line_1_25' title="bbox 288 2638 1875 2709; baseline 0.003 -19"><span class='ocrx_word' id='word_1_166' title='bbox 288 2639 680 2708; x_wconf 82' lang='grc' dir='ltr'>κρατήσαντος</span> <span class='ocrx_word' id='word_1_167' title='bbox 732 2641 827 2693; x_wconf 73' lang='grc' dir='ltr'>ἕνα</span> <span class='ocrx_word' id='word_1_168' title='bbox 885 2642 985 2709; x_wconf 80' lang='grc' dir='ltr'>μὲν</span> <span class='ocrx_word' id='word_1_169' title='bbox 1013 2638 1155 2694; x_wconf 80' lang='grc' dir='ltr'>εῖναι</span> <span class='ocrx_word' id='word_1_170' title='bbox 1196 2643 1288 2694; x_wconf 79' lang='grc' dir='ltr'>τὸν</span> <span class='ocrx_word' id='word_1_171' title='bbox 1338 2642 1479 2695; x_wconf 76' lang='grc' dir='ltr'>κατὰ</span> <span class='ocrx_word' id='word_1_172' title='bbox 1506 2643 1724 2695; x_wconf 80' lang='grc' dir='ltr'>πάντων</span> <span class='ocrx_word' id='word_1_173' title='bbox 1758 2642 1875 2694; x_wconf 77' lang='grc' dir='ltr'>ἐπί-</span> 
     </span>
    </p>
   </div>
   <div class='ocr_carea' id='block_1_26' title="bbox 292 2733 1874 2804">
    <p class='ocr_par' dir='ltr' id='par_1_26' title="bbox 292 2733 1874 2804">
     <span class='ocr_line' id='line_1_26' title="bbox 292 2733 1874 2804; baseline 0.001 -21"><span class='ocrx_word' id='word_1_174' title='bbox 292 2749 526 2798; x_wconf 82' lang='grc' dir='ltr'>σκοπον,</span> <span class='ocrx_word' id='word_1_175' title='bbox 551 2736 675 2797; x_wconf 76' lang='grc' dir='ltr'>τοὺς</span> <span class='ocrx_word' id='word_1_176' title='bbox 704 2734 761 2788; x_wconf 79' lang='grc' dir='ltr'>δὲ</span> <span class='ocrx_word' id='word_1_177' title='bbox 795 2735 1210 2804; x_wconf 77' lang='grc' dir='ltr'>πρεοόυτέρους</span> <span class='ocrx_word' id='word_1_178' title='bbox 1269 2734 1406 2795; x_wconf 79' lang='grc' dir='ltr'>ιδίας</span> <span class='ocrx_word' id='word_1_179' title='bbox 1438 2733 1537 2797; x_wconf 77' lang='grc' dir='ltr'><strong>τὰς</strong></span> <span class='ocrx_word' id='word_1_180' title='bbox 1576 2733 1874 2802; x_wconf 68' lang='grc' dir='ltr'>ἐκκλησίας</span> 
     </span>
    </p>
   </div>
   <div class='ocr_carea' id='block_1_27' title="bbox 291 2823 1874 2894">
    <p class='ocr_par' dir='ltr' id='par_1_27' title="bbox 291 2823 1874 2894">
     <span class='ocr_line' id='line_1_27' title="bbox 291 2823 1874 2894; baseline -0.001 -16"><span class='ocrx_word' id='word_1_181' title='bbox 291 2826 467 2894; x_wconf 80' lang='grc' dir='ltr'>ἔχειν,</span> <span class='ocrx_word' id='word_1_182' title='bbox 506 2828 601 2879; x_wconf 71' lang='grc' dir='ltr'>καὶ</span> <span class='ocrx_word' id='word_1_183' title='bbox 636 2826 727 2879; x_wconf 80' lang='grc' dir='ltr'>τὸν</span> <span class='ocrx_word' id='word_1_184' title='bbox 762 2827 890 2879; x_wconf 73' lang='grc' dir='ltr'>λαὸν</span> <span class='ocrx_word' id='word_1_185' title='bbox 926 2830 1106 2880; x_wconf 75' lang='grc' dir='ltr'>ἐκεῖσε</span> <span class='ocrx_word' id='word_1_186' title='bbox 1145 2828 1484 2893; x_wconf 77' lang='grc' dir='ltr'>συνάγοντας</span> <span class='ocrx_word' id='word_1_187' title='bbox 1520 2823 1874 2877; x_wconf 80' lang='grc' dir='ltr'>ἐκδιδάσκειν.</span> 
     </span>
    </p>
   </div>
   <div class='ocr_carea' id='block_1_28' title="bbox 292 2916 1878 2989">
    <p class='ocr_par' dir='ltr' id='par_1_28' title="bbox 292 2916 1878 2989">
     <span class='ocr_line' id='line_1_28' title="bbox 292 2916 1878 2989; baseline -0.003 -20"><span class='ocrx_word' id='word_1_188' title='bbox 292 2919 360 2969; x_wconf 88' lang='grc' dir='ltr'>Οί</span> <span class='ocrx_word' id='word_1_189' title='bbox 393 2918 450 2971; x_wconf 77' lang='grc' dir='ltr'><strong>δέ</strong></span> <span class='ocrx_word' id='word_1_190' title='bbox 483 2918 736 2987; x_wconf 78' lang='grc' dir='ltr'>δέχονται</span> <span class='ocrx_word' id='word_1_191' title='bbox 762 2918 865 2987; x_wconf 85' lang='grc' dir='ltr'><strong>τήν</strong></span> <span class='ocrx_word' id='word_1_192' title='bbox 914 2918 1239 2989; x_wconf 78' lang='grc' dir='ltr'>πρεσϐείαν·</span> <span class='ocrx_word' id='word_1_193' title='bbox 1296 2919 1391 2971; x_wconf 78' lang='grc' dir='ltr'>καὶ</span> <span class='ocrx_word' id='word_1_194' title='bbox 1440 2919 1498 2968; x_wconf 91' lang='grc' dir='ltr'><strong>ἐν</strong></span> <span class='ocrx_word' id='word_1_195' title='bbox 1549 2916 1878 2986; x_wconf 77' lang='grc' dir='ltr'>Παλαιστίνῃ</span> 
     </span>
    </p>
   </div>
   <div class='ocr_carea' id='block_1_29' title="bbox 298 3005 1883 3076">
    <p class='ocr_par' dir='ltr' id='par_1_29' title="bbox 298 3005 1883 3076">
     <span class='ocr_line' id='line_1_29' title="bbox 298 3005 1883 3076; baseline 0 -19"><span class='ocrx_word' id='word_1_196' title='bbox 298 3005 424 3073; x_wconf 84' lang='grc' dir='ltr'>μεθ’</span> <span class='ocrx_word' id='word_1_197' title='bbox 453 3006 660 3075; x_wconf 82' lang='grc' dir='ltr'>ἐτέρων</span> <span class='ocrx_word' id='word_1_198' title='bbox 689 3008 998 3076; x_wconf 78' lang='grc' dir='ltr'>γενόμενοι,</span> <span class='ocrx_word' id='word_1_199' title='bbox 1032 3009 1131 3076; x_wconf 77' lang='grc' dir='ltr'>τὴν</span> <span class='ocrx_word' id='word_1_200' title='bbox 1179 3006 1395 3075; x_wconf 75' lang='grc' dir='ltr'>Ἀρείου</span> <span class='ocrx_word' id='word_1_201' title='bbox 1427 3007 1645 3074; x_wconf 76' lang='grc' dir='ltr'>αἴτησιν</span> <span class='ocrx_word' id='word_1_202' title='bbox 1675 3006 1883 3074; x_wconf 70' lang='grc' dir='ltr'>ἐκπλη-</span> 
     </span>
    </p>
   </div>
   <div class='ocr_carea' id='block_1_30' title="bbox 301 3096 1881 3168">
    <p class='ocr_par' dir='ltr' id='par_1_30' title="bbox 301 3096 1881 3168">
     <span class='ocr_line' id='line_1_30' title="bbox 301 3096 1881 3168; baseline 0.001 -20"><span class='ocrx_word' id='word_1_203' title='bbox 301 3096 533 3166; x_wconf 88' lang='grc' dir='ltr'>ροῦσιν,</span> <span class='ocrx_word' id='word_1_204' title='bbox 576 3097 873 3167; x_wconf 76' lang='grc' dir='ltr'>ἐγγράφως</span> <span class='ocrx_word' id='word_1_205' title='bbox 913 3098 1306 3167; x_wconf 81' lang='grc' dir='ltr'>διαταξάμενοι</span> <span class='ocrx_word' id='word_1_206' title='bbox 1363 3098 1620 3166; x_wconf 85' lang='grc' dir='ltr'>συνάγειν</span> <span class='ocrx_word' id='word_1_207' title='bbox 1678 3100 1776 3168; x_wconf 81' lang='grc' dir='ltr'>μὲν</span> <span class='ocrx_word' id='word_1_208' title='bbox 1806 3097 1881 3160; x_wconf 84' lang='grc' dir='ltr'>ὡς</span> 
     </span>
    </p>
   </div>
   <div class='ocr_carea' id='block_1_31' title="bbox 2538 540 2910 601">
    <p class='ocr_par' dir='ltr' id='par_1_31' title="bbox 2538 540 2910 601">
     <span class='ocr_line' id='line_1_31' title="bbox 2538 540 2910 601; baseline -0.013 0"><span class='ocrx_word' id='word_1_209' title='bbox 2538 541 2762 601; x_wconf 77' lang='lat' dir='ltr'><strong>CAPUT</strong></span> <span class='ocrx_word' id='word_1_210' title='bbox 2817 540 2910 598; x_wconf 78' lang='lat' dir='ltr'><strong>XI.</strong></span> 
     </span>
    </p>
   </div>
   <div class='ocr_carea' id='block_1_32' title="bbox 1950 623 3523 714">
    <p class='ocr_par' dir='ltr' id='par_1_32' title="bbox 1950 623 3523 714">
     <span class='ocr_line' id='line_1_32' title="bbox 1950 623 3523 714; baseline -0.014 -17"><span class='ocrx_word' id='word_1_211' title='bbox 1950 643 2024 696; x_wconf 84' lang='lat' dir='ltr'><strong>De</strong></span> <span class='ocrx_word' id='word_1_212' title='bbox 2057 641 2268 714; x_wconf 69' lang='lat' dir='ltr'><strong>synodi:</strong></span> <span class='ocrx_word' id='word_1_213' title='bbox 2298 655 2391 708; x_wconf 85' lang='lat' dir='ltr'><strong>pro</strong></span> <span class='ocrx_word' id='word_1_214' title='bbox 2409 640 2529 714; x_wconf 69' lang='lat' dir='ltr'><strong>.lrio</strong></span> <span class='ocrx_word' id='word_1_215' title='bbox 2558 637 2769 695; x_wconf 71' lang='lat' dir='ltr'><strong>coactis.</strong></span> <span class='ocrx_word' id='word_1_216' title='bbox 2795 643 2845 714; x_wconf 67' lang='lat' dir='ltr'><strong>ct</strong></span> <span class='ocrx_word' id='word_1_217' title='bbox 2870 634 2933 714; x_wconf 61' lang='lat' dir='ltr'><strong>de</strong></span> <span class='ocrx_word' id='word_1_218' title='bbox 2958 628 3110 712; x_wconf 63' lang='lat' dir='ltr'><strong>turba</strong></span> <span class='ocrx_word' id='word_1_219' title='bbox 3144 635 3197 712; x_wconf 60' lang='lat' dir='ltr'><strong>et</strong></span> <span class='ocrx_word' id='word_1_220' title='bbox 3217 623 3523 694; x_wconf 72' lang='lat' dir='ltr'><strong>confusione</strong></span> 
     </span>
    </p>
   </div>
   <div class='ocr_carea' id='block_1_33' title="bbox 2229 699 3240 777">
    <p class='ocr_par' dir='ltr' id='par_1_33' title="bbox 2229 699 3240 777">
     <span class='ocr_line' id='line_1_33' title="bbox 2229 699 3240 777; baseline -0.012 -14"><span class='ocrx_word' id='word_1_221' title='bbox 2229 699 2347 777; x_wconf 66' lang='lat' dir='ltr'><strong>qua:</strong></span> <span class='ocrx_word' id='word_1_222' title='bbox 2375 710 2547 761; x_wconf 83' lang='lat' dir='ltr'><strong>orbem</strong></span> <span class='ocrx_word' id='word_1_223' title='bbox 2572 717 2783 777; x_wconf 57' lang='lat' dir='ltr'><strong>praptar</strong></span> <span class='ocrx_word' id='word_1_224' title='bbox 2801 705 2985 759; x_wconf 75' lang='lat' dir='ltr'><strong>Arium</strong></span> <span class='ocrx_word' id='word_1_225' title='bbox 3027 699 3240 754; x_wconf 77' lang='lat' dir='ltr'><strong>invasit.</strong></span> 
     </span>
    </p>
   </div>
   <div class='ocr_carea' id='block_1_34' title="bbox 2024 873 3522 952">
    <p class='ocr_par' dir='ltr' id='par_1_34' title="bbox 2024 873 3522 952">
     <span class='ocr_line' id='line_1_34' title="bbox 2024 873 3522 952; baseline -0.012 -9"><span class='ocrx_word' id='word_1_226' title='bbox 2024 888 2173 943; x_wconf 72' lang='lat' dir='ltr'><strong>&#39;I&#39;aJa</strong></span> <span class='ocrx_word' id='word_1_227' title='bbox 2229 897 2285 941; x_wconf 88' lang='lat' dir='ltr'><strong>et</strong></span> <span class='ocrx_word' id='word_1_228' title='bbox 2339 885 2425 939; x_wconf 77' lang='lat' dir='ltr'><strong>isti</strong></span> <span class='ocrx_word' id='word_1_229' title='bbox 2474 881 2850 952; x_wconf 68' lang='lat' dir='ltr'><strong>scripserunt,</strong></span> <span class='ocrx_word' id='word_1_230' title='bbox 2910 878 3177 933; x_wconf 84' lang='lat' dir='ltr'><strong>adversus</strong></span> <span class='ocrx_word' id='word_1_231' title='bbox 3233 873 3522 929; x_wconf 75' lang='lat' dir='ltr'><strong>veritatem</strong></span> 
     </span>
    </p>
   </div>
   <div class='ocr_carea' id='block_1_35' title="bbox 1953 966 3524 1044">
    <p class='ocr_par' dir='ltr' id='par_1_35' title="bbox 1953 966 3524 1044">
     <span class='ocr_line' id='line_1_35' title="bbox 1953 966 3524 1044; baseline -0.013 -7"><span class='ocrx_word' id='word_1_232' title='bbox 1953 981 2154 1037; x_wconf 85' lang='lat' dir='ltr'><strong>bellum</strong></span> <span class='ocrx_word' id='word_1_233' title='bbox 2188 980 2559 1033; x_wconf 85' lang='lat' dir='ltr'><strong>instituentes.</strong></span> <span class='ocrx_word' id='word_1_234' title='bbox 2591 978 2885 1044; x_wconf 77' lang='lat' dir='ltr'><strong>Postquam</strong></span> <span class='ocrx_word' id='word_1_235' title='bbox 2918 983 3097 1027; x_wconf 88' lang='lat' dir='ltr'><strong>autem</strong></span> <span class='ocrx_word' id='word_1_236' title='bbox 3133 969 3229 1023; x_wconf 89' lang='lat' dir='ltr'><strong>diu</strong></span> <span class='ocrx_word' id='word_1_237' title='bbox 3261 966 3524 1021; x_wconf 88' lang='lat' dir='ltr'><strong>multum-</strong></span> 
     </span>
    </p>
   </div>
   <div class='ocr_carea' id='block_1_36' title="bbox 1953 1057 3527 1144">
    <p class='ocr_par' dir='ltr' id='par_1_36' title="bbox 1953 1057 3527 1144">
     <span class='ocr_line' id='line_1_36' title="bbox 1953 1057 3527 1144; baseline -0.013 -16"><span class='ocrx_word' id='word_1_238' title='bbox 1953 1090 2059 1144; x_wconf 91' lang='lat' dir='ltr'><strong>que</strong></span> <span class='ocrx_word' id='word_1_239' title='bbox 2092 1072 2432 1135; x_wconf 79' lang='lat' dir='ltr'><strong>scribentes,</strong></span> <span class='ocrx_word' id='word_1_240' title='bbox 2476 1067 2809 1139; x_wconf 92' lang='lat' dir='ltr'><strong>persuadere</strong></span> <span class='ocrx_word' id='word_1_241' title='bbox 2841 1062 3153 1119; x_wconf 79' lang='lat' dir='ltr'><strong>Alexandro</strong></span> <span class='ocrx_word' id='word_1_242' title='bbox 3192 1058 3339 1128; x_wconf 86' lang='lat' dir='ltr'><strong>quod</strong></span> <span class='ocrx_word' id='word_1_243' title='bbox 3378 1057 3527 1110; x_wconf 86' lang='lat' dir='ltr'><strong>vole—</strong></span> 
     </span>
    </p>
   </div>
   <div class='ocr_carea' id='block_1_37' title="bbox 1953 1146 3527 1231">
    <p class='ocr_par' dir='ltr' id='par_1_37' title="bbox 1953 1146 3527 1231">
     <span class='ocr_line' id='line_1_37' title="bbox 1953 1146 3527 1231; baseline -0.013 -12"><span class='ocrx_word' id='word_1_244' title='bbox 1953 1166 2083 1219; x_wconf 93' lang='lat' dir='ltr'><strong>bant</strong></span> <span class='ocrx_word' id='word_1_245' title='bbox 2128 1178 2240 1217; x_wconf 91' lang='lat' dir='ltr'><strong>non</strong></span> <span class='ocrx_word' id='word_1_246' title='bbox 2286 1172 2552 1231; x_wconf 89' lang='lat' dir='ltr'><strong>potuere,</strong></span> <span class='ocrx_word' id='word_1_247' title='bbox 2602 1157 2831 1227; x_wconf 89' lang='lat' dir='ltr'><strong>perinde</strong></span> <span class='ocrx_word' id='word_1_248' title='bbox 2878 1164 3042 1225; x_wconf 88' lang='lat' dir='ltr'><strong>atque</strong></span> <span class='ocrx_word' id='word_1_249' title='bbox 3103 1151 3304 1222; x_wconf 80' lang='lat' dir='ltr'><strong>injuria</strong></span> <span class='ocrx_word' id='word_1_250' title='bbox 3345 1146 3527 1203; x_wconf 70' lang='lat' dir='ltr'><strong>allecti</strong></span> 
     </span>
    </p>
   </div>
   <div class='ocr_carea' id='block_1_38' title="bbox 1954 1238 3530 1323">
    <p class='ocr_par' dir='ltr' id='par_1_38' title="bbox 1954 1238 3530 1323">
     <span class='ocr_line' id='line_1_38' title="bbox 1954 1238 3530 1323; baseline -0.014 -11"><span class='ocrx_word' id='word_1_251' title='bbox 1954 1265 2169 1319; x_wconf 84' lang='lat' dir='ltr'><strong>essent,</strong></span> <span class='ocrx_word' id='word_1_252' title='bbox 2224 1268 2366 1323; x_wconf 58' lang='grc' dir='ltr'>αλιι-ο</span> <span class='ocrx_word' id='word_1_253' title='bbox 2416 1252 2469 1307; x_wconf 89' lang='lat' dir='ltr'><strong>id</strong></span> <span class='ocrx_word' id='word_1_254' title='bbox 2529 1251 2801 1313; x_wconf 77' lang='lat' dir='ltr'><strong>ferentes,</strong></span> <span class='ocrx_word' id='word_1_255' title='bbox 2843 1262 3042 1315; x_wconf 85' lang='lat' dir='ltr'><strong>magno</strong></span> <span class='ocrx_word' id='word_1_256' title='bbox 3072 1243 3257 1299; x_wconf 88' lang='lat' dir='ltr'><strong>studio</strong></span> <span class='ocrx_word' id='word_1_257' title='bbox 3313 1240 3367 1294; x_wconf 91' lang='lat' dir='ltr'><strong>in</strong></span> <span class='ocrx_word' id='word_1_258' title='bbox 3426 1238 3530 1292; x_wconf 88' lang='lat' dir='ltr'><strong>hoc</strong></span> 
     </span>
    </p>
   </div>
   <div class='ocr_carea' id='block_1_39' title="bbox 1958 1330 3532 1413">
    <p class='ocr_par' dir='ltr' id='par_1_39' title="bbox 1958 1330 3532 1413">
     <span class='ocr_line' id='line_1_39' title="bbox 1958 1330 3532 1413; baseline -0.013 -12"><span class='ocrx_word' id='word_1_259' title='bbox 1958 1348 2264 1401; x_wconf 74' lang='lat' dir='ltr'><strong>incubuere</strong></span> <span class='ocrx_word' id='word_1_260' title='bbox 2292 1355 2352 1399; x_wconf 90' lang='lat' dir='ltr'><strong>ut</strong></span> <span class='ocrx_word' id='word_1_261' title='bbox 2375 1344 2491 1397; x_wconf 80' lang='lat' dir='ltr'><strong>Arii</strong></span> <span class='ocrx_word' id='word_1_262' title='bbox 2520 1343 2713 1413; x_wconf 92' lang='lat' dir='ltr'><strong>dogma</strong></span> <span class='ocrx_word' id='word_1_263' title='bbox 2741 1340 3040 1394; x_wconf 85' lang='lat' dir='ltr'><strong>obtineret.</strong></span> <span class='ocrx_word' id='word_1_264' title='bbox 3074 1336 3142 1390; x_wconf 90' lang='lat' dir='ltr'><strong>Et</strong></span> <span class='ocrx_word' id='word_1_265' title='bbox 3174 1335 3230 1388; x_wconf 92' lang='lat' dir='ltr'><strong>in</strong></span> <span class='ocrx_word' id='word_1_266' title='bbox 3258 1330 3532 1401; x_wconf 65' lang='lat' dir='ltr'><strong>Bithynia:</strong></span> 
     </span>
    </p>
   </div>
   <div class='ocr_carea' id='block_1_40' title="bbox 1958 1423 3533 1509">
    <p class='ocr_par' dir='ltr' id='par_1_40' title="bbox 1958 1423 3533 1509">
     <span class='ocr_line' id='line_1_40' title="bbox 1958 1423 3533 1509; baseline -0.011 -16"><span class='ocrx_word' id='word_1_267' title='bbox 1958 1438 2218 1509; x_wconf 87' lang='lat' dir='ltr'><strong>primaria</strong></span> <span class='ocrx_word' id='word_1_268' title='bbox 2248 1437 2383 1491; x_wconf 86' lang='lat' dir='ltr'><strong>urbe</strong></span> <span class='ocrx_word' id='word_1_269' title='bbox 2406 1475 2419 1499; x_wconf 93' lang='lat'><strong>,</strong></span> <span class='ocrx_word' id='word_1_270' title='bbox 2455 1433 2755 1504; x_wconf 84' lang='lat' dir='ltr'><strong>impietatis</strong></span> <span class='ocrx_word' id='word_1_271' title='bbox 2794 1430 3042 1485; x_wconf 88' lang='lat' dir='ltr'><strong>instituta</strong></span> <span class='ocrx_word' id='word_1_272' title='bbox 3070 1426 3285 1481; x_wconf 78' lang='lat' dir='ltr'><strong>omcina</strong></span> <span class='ocrx_word' id='word_1_273' title='bbox 3307 1462 3322 1486; x_wconf 91' lang='lat'><strong>,</strong></span> <span class='ocrx_word' id='word_1_274' title='bbox 3364 1423 3533 1477; x_wconf 84' lang='lat' dir='ltr'><strong>Euse-</strong></span> 
     </span>
    </p>
   </div>
   <div class='ocr_carea' id='block_1_41' title="bbox 1960 1515 3535 1599">
    <p class='ocr_par' dir='ltr' id='par_1_41' title="bbox 1960 1515 3535 1599">
     <span class='ocr_line' id='line_1_41' title="bbox 1960 1515 3535 1599; baseline -0.013 -13"><span class='ocrx_word' id='word_1_275' title='bbox 1960 1531 2083 1586; x_wconf 89' lang='lat' dir='ltr'><strong>bius</strong></span> <span class='ocrx_word' id='word_1_276' title='bbox 2120 1530 2186 1585; x_wconf 90' lang='lat' dir='ltr'><strong>ad</strong></span> <span class='ocrx_word' id='word_1_277' title='bbox 2217 1528 2513 1599; x_wconf 89' lang='lat' dir='ltr'><strong>plerosque</strong></span> <span class='ocrx_word' id='word_1_278' title='bbox 2546 1525 2699 1580; x_wconf 81' lang='lat' dir='ltr'><strong>orbis</strong></span> <span class='ocrx_word' id='word_1_279' title='bbox 2735 1521 3033 1578; x_wconf 87' lang='lat' dir='ltr'><strong>Christiani</strong></span> <span class='ocrx_word' id='word_1_280' title='bbox 3068 1519 3359 1588; x_wconf 84' lang='lat' dir='ltr'><strong>episcopos</strong></span> <span class='ocrx_word' id='word_1_281' title='bbox 3388 1515 3535 1568; x_wconf 88' lang='lat' dir='ltr'><strong>litte-</strong></span> 
     </span>
    </p>
   </div>
   <div class='ocr_carea' id='block_1_42' title="bbox 1962 1606 3535 1685">
    <p class='ocr_par' dir='ltr' id='par_1_42' title="bbox 1962 1606 3535 1685">
     <span class='ocr_line' id='line_1_42' title="bbox 1962 1606 3535 1685; baseline -0.012 -8"><span class='ocrx_word' id='word_1_282' title='bbox 1962 1639 2049 1677; x_wconf 82' lang='lat' dir='ltr'><strong>ras</strong></span> <span class='ocrx_word' id='word_1_283' title='bbox 2075 1622 2248 1685; x_wconf 85' lang='lat' dir='ltr'><strong>dedit,</strong></span> <span class='ocrx_word' id='word_1_284' title='bbox 2280 1629 2339 1673; x_wconf 90' lang='lat' dir='ltr'><strong>ut</strong></span> <span class='ocrx_word' id='word_1_285' title='bbox 2370 1619 2559 1673; x_wconf 81' lang='lat' dir='ltr'><strong>Arium</strong></span> <span class='ocrx_word' id='word_1_286' title='bbox 2596 1625 3010 1682; x_wconf 84' lang='lat' dir='ltr'><strong>scctatoresque</strong></span> <span class='ocrx_word' id='word_1_287' title='bbox 3038 1610 3156 1681; x_wconf 83' lang='lat' dir='ltr'><strong>ejus</strong></span> <span class='ocrx_word' id='word_1_288' title='bbox 3190 1606 3256 1662; x_wconf 88' lang='lat' dir='ltr'><strong>ad</strong></span> <span class='ocrx_word' id='word_1_289' title='bbox 3289 1621 3535 1662; x_wconf 90' lang='lat' dir='ltr'><strong>commu-</strong></span> 
     </span>
    </p>
   </div>
   <div class='ocr_carea' id='block_1_43' title="bbox 1962 1700 3531 1770">
    <p class='ocr_par' dir='ltr' id='par_1_43' title="bbox 1962 1700 3531 1770">
     <span class='ocr_line' id='line_1_43' title="bbox 1962 1700 3531 1770; baseline -0.015 -1"><span class='ocrx_word' id='word_1_290' title='bbox 1962 1716 2182 1770; x_wconf 84' lang='lat' dir='ltr'><strong>nionem</strong></span> <span class='ocrx_word' id='word_1_291' title='bbox 2202 1712 2581 1767; x_wconf 86' lang='lat' dir='ltr'><strong>admitterent.</strong></span> <span class='ocrx_word' id='word_1_292' title='bbox 2604 1708 2695 1762; x_wconf 89' lang='lat' dir='ltr'><strong>Sic</strong></span> <span class='ocrx_word' id='word_1_293' title='bbox 2712 1704 2861 1761; x_wconf 88' lang='lat' dir='ltr'><strong>enim</strong></span> <span class='ocrx_word' id='word_1_294' title='bbox 2885 1703 3155 1764; x_wconf 81' lang='lat' dir='ltr'><strong>futurum,</strong></span> <span class='ocrx_word' id='word_1_295' title='bbox 3181 1712 3237 1755; x_wconf 87' lang='lat' dir='ltr'><strong>ut</strong></span> <span class='ocrx_word' id='word_1_296' title='bbox 3257 1700 3531 1768; x_wconf 71' lang='lat' dir='ltr'><strong>ingentem</strong></span> 
     </span>
    </p>
   </div>
   <div class='ocr_carea' id='block_1_44' title="bbox 1962 1785 3532 1874">
    <p class='ocr_par' dir='ltr' id='par_1_44' title="bbox 1962 1785 3532 1874">
     <span class='ocr_line' id='line_1_44' title="bbox 1962 1785 3532 1874; baseline -0.015 -15"><span class='ocrx_word' id='word_1_297' title='bbox 1962 1807 2030 1861; x_wconf 90' lang='lat' dir='ltr'><strong>de</strong></span> <span class='ocrx_word' id='word_1_298' title='bbox 2054 1806 2305 1874; x_wconf 81' lang='lat' dir='ltr'><strong>dogmate</strong></span> <span class='ocrx_word' id='word_1_299' title='bbox 2328 1804 2804 1868; x_wconf 87' lang='lat' dir='ltr'><strong>consequerentur</strong></span> <span class='ocrx_word' id='word_1_300' title='bbox 2834 1791 3082 1863; x_wconf 88' lang='lat' dir='ltr'><strong>gloriam,</strong></span> <span class='ocrx_word' id='word_1_301' title='bbox 3113 1796 3167 1842; x_wconf 90' lang='lat' dir='ltr'><strong>et</strong></span> <span class='ocrx_word' id='word_1_302' title='bbox 3197 1785 3532 1847; x_wconf 80' lang='lat' dir='ltr'><strong>Alexandro,</strong></span> 
     </span>
    </p>
   </div>
   <div class='ocr_carea' id='block_1_45' title="bbox 1965 1878 3534 1958">
    <p class='ocr_par' dir='ltr' id='par_1_45' title="bbox 1965 1878 3534 1958">
     <span class='ocr_line' id='line_1_45' title="bbox 1965 1878 3534 1958; baseline -0.014 -6"><span class='ocrx_word' id='word_1_303' title='bbox 1965 1909 2023 1953; x_wconf 87' lang='lat' dir='ltr'><strong>ut</strong></span> <span class='ocrx_word' id='word_1_304' title='bbox 2066 1897 2211 1951; x_wconf 89' lang='lat' dir='ltr'><strong>idem</strong></span> <span class='ocrx_word' id='word_1_305' title='bbox 2272 1894 2499 1958; x_wconf 79' lang='lat' dir='ltr'><strong>iaceret,</strong></span> <span class='ocrx_word' id='word_1_306' title='bbox 2544 1899 2797 1944; x_wconf 87' lang='lat' dir='ltr'><strong>auctores</strong></span> <span class='ocrx_word' id='word_1_307' title='bbox 2842 1885 3054 1939; x_wconf 80' lang='lat' dir='ltr'><strong>tierent.</strong></span> <span class='ocrx_word' id='word_1_308' title='bbox 3092 1879 3252 1951; x_wconf 58' lang='lat'><strong>555.</strong></span> <span class='ocrx_word' id='word_1_309' title='bbox 3281 1878 3349 1933; x_wconf 90' lang='lat' dir='ltr'><strong>Ut</strong></span> <span class='ocrx_word' id='word_1_310' title='bbox 3400 1891 3534 1930; x_wconf 85' lang='lat' dir='ltr'><strong>vero</strong></span> 
     </span>
    </p>
   </div>
   <div class='ocr_carea' id='block_1_46' title="bbox 1965 1968 3532 2056">
    <p class='ocr_par' dir='ltr' id='par_1_46' title="bbox 1965 1968 3532 2056">
     <span class='ocr_line' id='line_1_46' title="bbox 1965 1968 3532 2056; baseline -0.014 -13"><span class='ocrx_word' id='word_1_311' title='bbox 1965 1989 2139 2045; x_wconf 90' lang='lat' dir='ltr'><strong>nihilo</strong></span> <span class='ocrx_word' id='word_1_312' title='bbox 2169 1987 2339 2056; x_wconf 87' lang='lat' dir='ltr'><strong>magis</strong></span> <span class='ocrx_word' id='word_1_313' title='bbox 2363 1992 2602 2053; x_wconf 73' lang='lat' dir='ltr'><strong>ereptum</strong></span> <span class='ocrx_word' id='word_1_314' title='bbox 2628 1994 2819 2035; x_wconf 87' lang='lat' dir='ltr'><strong>eorum</strong></span> <span class='ocrx_word' id='word_1_315' title='bbox 2848 1993 2913 2031; x_wconf 71' lang='lat' dir='ltr'><strong>ex</strong></span> <span class='ocrx_word' id='word_1_316' title='bbox 2941 1972 3213 2030; x_wconf 86' lang='lat' dir='ltr'><strong>sententia</strong></span> <span class='ocrx_word' id='word_1_317' title='bbox 3246 1968 3532 2039; x_wconf 87' lang='lat' dir='ltr'><strong>processit,</strong></span> 
     </span>
    </p>
   </div>
   <div class='ocr_carea' id='block_1_47' title="bbox 1966 2068 3537 2152">
    <p class='ocr_par' dir='ltr' id='par_1_47' title="bbox 1966 2068 3537 2152">
     <span class='ocr_line' id='line_1_47' title="bbox 1966 2068 3537 2152; baseline -0.016 -15"><span class='ocrx_word' id='word_1_318' title='bbox 1966 2081 2110 2152; x_wconf 89' lang='lat' dir='ltr'><strong>quod</strong></span> <span class='ocrx_word' id='word_1_319' title='bbox 2140 2077 2446 2135; x_wconf 76' lang='lat' dir='ltr'><strong>Alexander</strong></span> <span class='ocrx_word' id='word_1_320' title='bbox 2468 2079 2524 2130; x_wconf 88' lang='lat' dir='ltr'><strong>in</strong></span> <span class='ocrx_word' id='word_1_321' title='bbox 2556 2075 2637 2130; x_wconf 88' lang='lat' dir='ltr'><strong>eis</strong></span> <span class='ocrx_word' id='word_1_322' title='bbox 2673 2088 2794 2142; x_wconf 77' lang='lat' dir='ltr'><strong>qua:</strong></span> <span class='ocrx_word' id='word_1_323' title='bbox 2824 2069 2989 2125; x_wconf 82' lang='lat' dir='ltr'><strong>semel</strong></span> <span class='ocrx_word' id='word_1_324' title='bbox 3019 2068 3377 2122; x_wconf 80' lang='lat' dir='ltr'><strong>decrevisset.</strong></span> <span class='ocrx_word' id='word_1_325' title='bbox 3409 2077 3537 2114; x_wconf 80' lang='lat' dir='ltr'><strong>con-</strong></span> 
     </span>
    </p>
   </div>
   <div class='ocr_carea' id='block_1_48' title="bbox 1968 2154 3537 2241">
    <p class='ocr_par' dir='ltr' id='par_1_48' title="bbox 1968 2154 3537 2241">
     <span class='ocr_line' id='line_1_48' title="bbox 1968 2154 3537 2241; baseline -0.017 -12"><span class='ocrx_word' id='word_1_326' title='bbox 1968 2183 2176 2229; x_wconf 89' lang='lat' dir='ltr'><strong>stanter</strong></span> <span class='ocrx_word' id='word_1_327' title='bbox 2208 2177 2613 2241; x_wconf 86' lang='lat' dir='ltr'><strong>perseveraret,</strong></span> <span class='ocrx_word' id='word_1_328' title='bbox 2645 2167 2932 2234; x_wconf 88' lang='lat' dir='ltr'><strong>desperata</strong></span> <span class='ocrx_word' id='word_1_329' title='bbox 2962 2176 3024 2215; x_wconf 77' lang='lat' dir='ltr'><strong>ea</strong></span> <span class='ocrx_word' id='word_1_330' title='bbox 3060 2175 3117 2213; x_wconf 89' lang='lat' dir='ltr'><strong>re</strong></span> <span class='ocrx_word' id='word_1_331' title='bbox 3152 2156 3315 2211; x_wconf 76' lang='lat' dir='ltr'><strong>Arius</strong></span> <span class='ocrx_word' id='word_1_332' title='bbox 3366 2154 3537 2208; x_wconf 68' lang='lat' dir='ltr'><strong>inter.</strong></span> 
     </span>
    </p>
   </div>
   <div class='ocr_carea' id='block_1_49' title="bbox 1970 2246 3541 2321">
    <p class='ocr_par' dir='ltr' id='par_1_49' title="bbox 1970 2246 3541 2321">
     <span class='ocr_line' id='line_1_49' title="bbox 1970 2246 3541 2321; baseline -0.016 1"><span class='ocrx_word' id='word_1_333' title='bbox 1970 2266 2193 2321; x_wconf 87' lang='lat' dir='ltr'><strong>nuntios</strong></span> <span class='ocrx_word' id='word_1_334' title='bbox 2238 2264 2305 2318; x_wconf 89' lang='lat' dir='ltr'><strong>ad</strong></span> <span class='ocrx_word' id='word_1_335' title='bbox 2337 2261 2661 2317; x_wconf 77' lang='lat' dir='ltr'><strong>Paulinum.</strong></span> <span class='ocrx_word' id='word_1_336' title='bbox 2696 2264 2750 2311; x_wconf 88' lang='lat' dir='ltr'><strong>et</strong></span> <span class='ocrx_word' id='word_1_337' title='bbox 2792 2252 3087 2309; x_wconf 82' lang='lat' dir='ltr'><strong>Eusebium</strong></span> <span class='ocrx_word' id='word_1_338' title='bbox 3148 2246 3444 2315; x_wconf 84' lang='lat' dir='ltr'><strong>Pamphili,</strong></span> <span class='ocrx_word' id='word_1_339' title='bbox 3485 2253 3541 2298; x_wconf 90' lang='lat' dir='ltr'><strong>et</strong></span> 
     </span>
    </p>
   </div>
   <div class='ocr_carea' id='block_1_50' title="bbox 1970 2338 3544 2427">
    <p class='ocr_par' dir='ltr' id='par_1_50' title="bbox 1970 2338 3544 2427">
     <span class='ocr_line' id='line_1_50' title="bbox 1970 2338 3544 2427; baseline -0.017 -13"><span class='ocrx_word' id='word_1_340' title='bbox 1970 2358 2345 2427; x_wconf 84' lang='lat' dir='ltr'><strong>Patropbilum</strong></span> <span class='ocrx_word' id='word_1_341' title='bbox 2377 2349 2916 2421; x_wconf 86' lang='lat' dir='ltr'><strong>Scythopolitanum,</strong></span> <span class='ocrx_word' id='word_1_342' title='bbox 2946 2355 3002 2399; x_wconf 89' lang='lat' dir='ltr'><strong>et</strong></span> <span class='ocrx_word' id='word_1_343' title='bbox 3026 2340 3093 2396; x_wconf 90' lang='lat' dir='ltr'><strong>ad</strong></span> <span class='ocrx_word' id='word_1_344' title='bbox 3125 2342 3343 2397; x_wconf 88' lang='lat' dir='ltr'><strong>illormn</strong></span> <span class='ocrx_word' id='word_1_345' title='bbox 3378 2338 3544 2391; x_wconf 80' lang='lat' dir='ltr'><strong>colle-</strong></span> 
     </span>
    </p>
   </div>
   <div class='ocr_carea' id='block_1_51' title="bbox 1972 2428 3542 2521">
    <p class='ocr_par' dir='ltr' id='par_1_51' title="bbox 1972 2428 3542 2521">
     <span class='ocr_line' id='line_1_51' title="bbox 1972 2428 3542 2521; baseline -0.015 -17"><span class='ocrx_word' id='word_1_346' title='bbox 1972 2450 2119 2521; x_wconf 87' lang='lat' dir='ltr'><strong>gium</strong></span> <span class='ocrx_word' id='word_1_347' title='bbox 2168 2448 2345 2504; x_wconf 88' lang='lat' dir='ltr'><strong>misit.</strong></span> <span class='ocrx_word' id='word_1_348' title='bbox 2394 2452 2454 2497; x_wconf 91' lang='lat' dir='ltr'><strong>ut</strong></span> <span class='ocrx_word' id='word_1_349' title='bbox 2504 2443 2607 2497; x_wconf 87' lang='lat' dir='ltr'><strong>sibi</strong></span> <span class='ocrx_word' id='word_1_350' title='bbox 2667 2437 3144 2503; x_wconf 85' lang='lat' dir='ltr'><strong>sectatoribusque</strong></span> <span class='ocrx_word' id='word_1_351' title='bbox 3204 2431 3317 2485; x_wconf 89' lang='lat' dir='ltr'><strong>suis</strong></span> <span class='ocrx_word' id='word_1_352' title='bbox 3361 2428 3542 2498; x_wconf 77' lang='lat' dir='ltr'><strong>populi</strong></span> 
     </span>
    </p>
   </div>
   <div class='ocr_carea' id='block_1_52' title="bbox 1975 2524 3546 2604">
    <p class='ocr_par' dir='ltr' id='par_1_52' title="bbox 1975 2524 3546 2604">
     <span class='ocr_line' id='line_1_52' title="bbox 1975 2524 3546 2604; baseline -0.016 -9"><span class='ocrx_word' id='word_1_353' title='bbox 1975 2542 2058 2595; x_wconf 88' lang='lat' dir='ltr'><strong>sui</strong></span> <span class='ocrx_word' id='word_1_354' title='bbox 2087 2541 2141 2595; x_wconf 92' lang='lat' dir='ltr'><strong>in</strong></span> <span class='ocrx_word' id='word_1_355' title='bbox 2171 2537 2405 2594; x_wconf 76' lang='lat' dir='ltr'><strong>ecclesia</strong></span> <span class='ocrx_word' id='word_1_356' title='bbox 2439 2533 2693 2604; x_wconf 83' lang='lat' dir='ltr'><strong>cogendi,</strong></span> <span class='ocrx_word' id='word_1_357' title='bbox 2731 2529 2896 2584; x_wconf 88' lang='lat' dir='ltr'><strong>sicuti</strong></span> <span class='ocrx_word' id='word_1_358' title='bbox 2936 2534 3096 2580; x_wconf 87' lang='lat' dir='ltr'><strong>antea</strong></span> <span class='ocrx_word' id='word_1_359' title='bbox 3133 2524 3412 2581; x_wconf 77' lang='lat' dir='ltr'><strong>fecissent,</strong></span> <span class='ocrx_word' id='word_1_360' title='bbox 3451 2532 3546 2585; x_wconf 81' lang='lat' dir='ltr'><strong>po-</strong></span> 
     </span>
    </p>
   </div>
   <div class='ocr_carea' id='block_1_53' title="bbox 1977 2612 3542 2698">
    <p class='ocr_par' dir='ltr' id='par_1_53' title="bbox 1977 2612 3542 2698">
     <span class='ocr_line' id='line_1_53' title="bbox 1977 2612 3542 2698; baseline -0.017 -9"><span class='ocrx_word' id='word_1_361' title='bbox 1977 2643 2144 2689; x_wconf 82' lang='lat' dir='ltr'><strong>testas</strong></span> <span class='ocrx_word' id='word_1_362' title='bbox 2192 2632 2376 2692; x_wconf 81' lang='lat' dir='ltr'><strong>ﬂeret,</strong></span> <span class='ocrx_word' id='word_1_363' title='bbox 2430 2634 2661 2698; x_wconf 84' lang='lat' dir='ltr'><strong>petens:</strong></span> <span class='ocrx_word' id='word_1_364' title='bbox 2694 2623 2897 2693; x_wconf 87' lang='lat' dir='ltr'><strong>quippe</strong></span> <span class='ocrx_word' id='word_1_365' title='bbox 2945 2618 3041 2681; x_wconf 80' lang='lat' dir='ltr'><strong>qui</strong></span> <span class='ocrx_word' id='word_1_366' title='bbox 3086 2618 3248 2685; x_wconf 81' lang='lat' dir='ltr'><strong>longo</strong></span> <span class='ocrx_word' id='word_1_367' title='bbox 3285 2613 3399 2679; x_wconf 83' lang='lat' dir='ltr'><strong>ipse</strong></span> <span class='ocrx_word' id='word_1_368' title='bbox 3434 2612 3542 2680; x_wconf 85' lang='lat' dir='ltr'><strong>jam</strong></span> 
     </span>
    </p>
   </div>
   <div class='ocr_carea' id='block_1_54' title="bbox 1980 2706 3550 2795">
    <p class='ocr_par' dir='ltr' id='par_1_54' title="bbox 1980 2706 3550 2795">
     <span class='ocr_line' id='line_1_54' title="bbox 1980 2706 3550 2795; baseline -0.015 -17"><span class='ocrx_word' id='word_1_369' title='bbox 1980 2738 2223 2795; x_wconf 84' lang='lat' dir='ltr'><strong>tempore</strong></span> <span class='ocrx_word' id='word_1_370' title='bbox 2263 2720 2514 2776; x_wconf 89' lang='lat' dir='ltr'><strong>ordinem</strong></span> <span class='ocrx_word' id='word_1_371' title='bbox 2555 2719 2851 2784; x_wconf 89' lang='lat' dir='ltr'><strong>locumque</strong></span> <span class='ocrx_word' id='word_1_372' title='bbox 2891 2725 3051 2765; x_wconf 88' lang='lat' dir='ltr'><strong>suum</strong></span> <span class='ocrx_word' id='word_1_373' title='bbox 3091 2710 3235 2762; x_wconf 74' lang='lat' dir='ltr'><strong>inter</strong></span> <span class='ocrx_word' id='word_1_374' title='bbox 3265 2706 3550 2776; x_wconf 79' lang='lat' dir='ltr'><strong>presbyte-</strong></span> 
     </span>
    </p>
   </div>
   <div class='ocr_carea' id='block_1_55' title="bbox 1983 2799 3551 2875">
    <p class='ocr_par' dir='ltr' id='par_1_55' title="bbox 1983 2799 3551 2875">
     <span class='ocr_line' id='line_1_55' title="bbox 1983 2799 3551 2875; baseline -0.016 -3"><span class='ocrx_word' id='word_1_375' title='bbox 1983 2834 2073 2872; x_wconf 90' lang='lat' dir='ltr'><strong>ros</strong></span> <span class='ocrx_word' id='word_1_376' title='bbox 2123 2816 2371 2875; x_wconf 87' lang='lat' dir='ltr'><strong>haberet.</strong></span> <span class='ocrx_word' id='word_1_377' title='bbox 2430 2821 2485 2865; x_wconf 87' lang='lat' dir='ltr'><strong>et</strong></span> <span class='ocrx_word' id='word_1_378' title='bbox 2535 2826 2603 2866; x_wconf 71' lang='lat' dir='ltr'><strong>ex</strong></span> <span class='ocrx_word' id='word_1_379' title='bbox 2660 2802 3066 2862; x_wconf 79' lang='lat' dir='ltr'><strong>consuetudine.</strong></span> <span class='ocrx_word' id='word_1_380' title='bbox 3121 2799 3349 2868; x_wconf 86' lang='lat' dir='ltr'><strong>antiqua</strong></span> <span class='ocrx_word' id='word_1_381' title='bbox 3404 2808 3551 2848; x_wconf 88' lang='lat' dir='ltr'><strong>unus</strong></span> 
     </span>
    </p>
   </div>
   <div class='ocr_carea' id='block_1_56' title="bbox 1981 2886 3549 2980">
    <p class='ocr_par' dir='ltr' id='par_1_56' title="bbox 1981 2886 3549 2980">
     <span class='ocr_line' id='line_1_56' title="bbox 1981 2886 3549 2980; baseline -0.017 -16"><span class='ocrx_word' id='word_1_382' title='bbox 1981 2908 2201 2980; x_wconf 89' lang='lat' dir='ltr'><strong>quidem</strong></span> <span class='ocrx_word' id='word_1_383' title='bbox 2247 2905 2505 2961; x_wconf 84' lang='lat' dir='ltr'><strong>omnibus</strong></span> <span class='ocrx_word' id='word_1_384' title='bbox 2555 2906 2815 2972; x_wconf 76' lang='lat' dir='ltr'><strong>praeesset</strong></span> <span class='ocrx_word' id='word_1_385' title='bbox 2862 2896 3194 2965; x_wconf 66' lang='lat' dir='ltr'><strong>episcolius,</strong></span> <span class='ocrx_word' id='word_1_386' title='bbox 3248 2886 3549 2958; x_wconf 79' lang='lat' dir='ltr'><strong>presbyteri</strong></span> 
     </span>
    </p>
   </div>
   <div class='ocr_carea' id='block_1_57' title="bbox 1983 2977 3553 3064">
    <p class='ocr_par' dir='ltr' id='par_1_57' title="bbox 1983 2977 3553 3064">
     <span class='ocr_line' id='line_1_57' title="bbox 1983 2977 3553 3064; baseline -0.016 -9"><span class='ocrx_word' id='word_1_387' title='bbox 1983 3010 2162 3055; x_wconf 85' lang='lat' dir='ltr'><strong>autem</strong></span> <span class='ocrx_word' id='word_1_388' title='bbox 2208 3011 2336 3052; x_wconf 89' lang='lat' dir='ltr'><strong>suas</strong></span> <span class='ocrx_word' id='word_1_389' title='bbox 2380 2994 2481 3064; x_wconf 89' lang='lat' dir='ltr'><strong>ipsi</strong></span> <span class='ocrx_word' id='word_1_390' title='bbox 2524 2997 2779 3061; x_wconf 82' lang='lat' dir='ltr'><strong>regerent</strong></span> <span class='ocrx_word' id='word_1_391' title='bbox 2814 2986 3113 3047; x_wconf 83' lang='lat' dir='ltr'><strong>ecclesias,</strong></span> <span class='ocrx_word' id='word_1_392' title='bbox 3166 2991 3329 3051; x_wconf 89' lang='lat' dir='ltr'><strong>atque</strong></span> <span class='ocrx_word' id='word_1_393' title='bbox 3375 2979 3429 3032; x_wconf 90' lang='lat' dir='ltr'><strong>in</strong></span> <span class='ocrx_word' id='word_1_394' title='bbox 3470 2977 3553 3031; x_wconf 86' lang='lat' dir='ltr'><strong>eis</strong></span> 
     </span>
    </p>
   </div>
   <div class='ocr_carea' id='block_1_58' title="bbox 1983 3069 3550 3159">
    <p class='ocr_par' dir='ltr' id='par_1_58' title="bbox 1983 3069 3550 3159">
     <span class='ocr_line' id='line_1_58' title="bbox 1983 3069 3550 3159; baseline -0.015 -16"><span class='ocrx_word' id='word_1_395' title='bbox 1983 3088 2244 3159; x_wconf 76' lang='lat' dir='ltr'><strong>pepulum</strong></span> <span class='ocrx_word' id='word_1_396' title='bbox 2282 3092 2669 3155; x_wconf 78' lang='lat' dir='ltr'><strong>congregatum</strong></span> <span class='ocrx_word' id='word_1_397' title='bbox 2712 3097 2811 3151; x_wconf 90' lang='lat' dir='ltr'><strong>pro</strong></span> <span class='ocrx_word' id='word_1_398' title='bbox 2841 3078 3109 3133; x_wconf 89' lang='lat' dir='ltr'><strong>concione</strong></span> <span class='ocrx_word' id='word_1_399' title='bbox 3149 3076 3431 3127; x_wconf 84' lang='lat' dir='ltr'><strong>docerent.</strong></span> <span class='ocrx_word' id='word_1_400' title='bbox 3470 3069 3550 3122; x_wconf 89' lang='lat' dir='ltr'><strong>Illi</strong></span> 
     </span>
    </p>
   </div>
   <div class='ocr_carea' id='block_1_59' title="bbox 295 3165 1973 3263">
    <p class='ocr_par' dir='ltr' id='par_1_59' title="bbox 295 3165 1953 3263">
     <span class='ocr_line' id='line_1_59' title="bbox 295 3165 1953 3263; baseline -0.001 -19"><span class='ocrx_word' id='word_1_401' title='bbox 295 3192 575 3262; x_wconf 81' lang='grc' dir='ltr'>πρότερον</span> <span class='ocrx_word' id='word_1_402' title='bbox 613 3165 865 3263; x_wconf 60' lang='grc' dir='ltr'>Ἄρειον,</span> <span class='ocrx_word' id='word_1_403' title='bbox 910 3165 1248 3262; x_wconf 78' lang='grc' dir='ltr'>Ἀλεξάνδρῳ</span> <span class='ocrx_word' id='word_1_404' title='bbox 1284 3208 1348 3261; x_wconf 89' lang='grc' dir='ltr'><strong>γε</strong></span> <span class='ocrx_word' id='word_1_405' title='bbox 1381 3192 1489 3262; x_wconf 80' lang='grc' dir='ltr'>μὴν</span> <span class='ocrx_word' id='word_1_406' title='bbox 1516 3165 1839 3243; x_wconf 76' lang='grc' dir='ltr'>ὑποκεῖσθαι</span> <span class='ocrx_word' id='word_1_407' title='bbox 1866 3205 1879 3219; x_wconf 88' lang='grc'><strong>·</strong></span> <span class='ocrx_word' id='word_1_408' title='bbox 1912 3209 1953 3263; x_wconf 78' lang='lat' dir='ltr'><strong>C</strong></span> 
     </span>
    </p>
   </div>
   <div class='ocr_carea' id='block_1_60' title="bbox 1873 3165 3551 3263">
    <p class='ocr_par' dir='ltr' id='par_1_60' title="bbox 1873 3165 3551 3263">
     <span class='ocr_line' id='line_1_60' title="bbox 1873 3165 3551 3263; baseline -0.011 -27"><span class='ocrx_word' id='word_1_409' title='bbox 1873 3205 1953 3263; x_wconf 68' lang='grc' dir='ltr'>ιε</span> <span class='ocrx_word' id='word_1_410' title='bbox 1987 3181 2316 3250; x_wconf 83' lang='lat' dir='ltr'><strong>legationem</strong></span> <span class='ocrx_word' id='word_1_411' title='bbox 2372 3175 2614 3232; x_wconf 90' lang='lat' dir='ltr'><strong>hominis</strong></span> <span class='ocrx_word' id='word_1_412' title='bbox 2662 3172 3007 3241; x_wconf 87' lang='lat' dir='ltr'><strong>suscipiunt,</strong></span> <span class='ocrx_word' id='word_1_413' title='bbox 3059 3180 3113 3223; x_wconf 87' lang='lat' dir='ltr'><strong>et</strong></span> <span class='ocrx_word' id='word_1_414' title='bbox 3158 3181 3281 3223; x_wconf 89' lang='lat' dir='ltr'><strong>eum</strong></span> <span class='ocrx_word' id='word_1_415' title='bbox 3332 3165 3455 3220; x_wconf 82' lang='lat' dir='ltr'><strong>aliis</strong></span> <span class='ocrx_word' id='word_1_416' title='bbox 3497 3168 3551 3217; x_wconf 88' lang='lat' dir='ltr'><strong>in</strong></span> 
     </span>
    </p>
   </div>
   <div class='ocr_carea' id='block_1_61' title="bbox 297 3280 1884 3353">
    <p class='ocr_par' dir='ltr' id='par_1_61' title="bbox 297 3280 1884 3353">
     <span class='ocr_line' id='line_1_61' title="bbox 297 3280 1884 3353; baseline -0.001 -18"><span class='ocrx_word' id='word_1_417' title='bbox 297 3284 515 3337; x_wconf 79' lang='grc' dir='ltr'>δεῖσθαι</span> <span class='ocrx_word' id='word_1_418' title='bbox 560 3284 619 3337; x_wconf 79' lang='grc' dir='ltr'>δὲ</span> <span class='ocrx_word' id='word_1_419' title='bbox 666 3286 762 3337; x_wconf 81' lang='grc' dir='ltr'>καὶ</span> <span class='ocrx_word' id='word_1_420' title='bbox 796 3284 1101 3337; x_wconf 77' lang='grc' dir='ltr'>ἁντιὸολεῖν</span> <span class='ocrx_word' id='word_1_421' title='bbox 1144 3284 1243 3353; x_wconf 77' lang='grc' dir='ltr'>τῆς</span> <span class='ocrx_word' id='word_1_422' title='bbox 1286 3284 1500 3336; x_wconf 79' lang='grc' dir='ltr'>ἐκείνου</span> <span class='ocrx_word' id='word_1_423' title='bbox 1535 3280 1884 3350; x_wconf 83' lang='grc' dir='ltr'>κατατυγχά-</span> 
     </span>
    </p>
   </div>
   <div class='ocr_carea' id='block_1_62' title="bbox 298 3368 1883 3442">
    <p class='ocr_par' dir='ltr' id='par_1_62' title="bbox 298 3368 1883 3442">
     <span class='ocr_line' id='line_1_62' title="bbox 298 3368 1883 3442; baseline -0.003 -18"><span class='ocrx_word' id='word_1_424' title='bbox 298 3388 419 3424; x_wconf 79' lang='grc' dir='ltr'>νειν</span> <span class='ocrx_word' id='word_1_425' title='bbox 443 3372 674 3442; x_wconf 81' lang='grc' dir='ltr'>είρήνης</span> <span class='ocrx_word' id='word_1_426' title='bbox 697 3387 757 3425; x_wconf 87' lang='grc' dir='ltr'><strong>τε</strong></span> <span class='ocrx_word' id='word_1_427' title='bbox 796 3373 890 3424; x_wconf 82' lang='grc' dir='ltr'>καὶ</span> <span class='ocrx_word' id='word_1_428' title='bbox 923 3368 1194 3433; x_wconf 81' lang='grc' dir='ltr'>ἐνώσιως.</span> <span class='ocrx_word' id='word_1_429' title='bbox 1228 3371 1337 3423; x_wconf 81' lang='grc' dir='ltr'>Καὶ</span> <span class='ocrx_word' id='word_1_430' title='bbox 1383 3369 1516 3438; x_wconf 79' lang='grc' dir='ltr'>άλλη</span> <span class='ocrx_word' id='word_1_431' title='bbox 1548 3369 1594 3422; x_wconf 87' lang='grc' dir='ltr'>δ’</span> <span class='ocrx_word' id='word_1_432' title='bbox 1633 3370 1690 3421; x_wconf 87' lang='grc' dir='ltr'><strong>ἐν</strong></span> <span class='ocrx_word' id='word_1_433' title='bbox 1716 3368 1883 3435; x_wconf 77' lang='grc' dir='ltr'>Αίγύ-</span> 
     </span>
    </p>
   </div>
   <div class='ocr_carea' id='block_1_63' title="bbox 300 3459 1884 3533">
    <p class='ocr_par' dir='ltr' id='par_1_63' title="bbox 300 3459 1884 3533">
     <span class='ocr_line' id='line_1_63' title="bbox 300 3459 1884 3533; baseline -0.003 -16"><span class='ocrx_word' id='word_1_434' title='bbox 300 3464 678 3533; x_wconf 66' lang='grc' dir='ltr'>πτῳσύνοδος</span> <span class='ocrx_word' id='word_1_435' title='bbox 712 3463 853 3533; x_wconf 81' lang='grc' dir='ltr'>ὑπὲρ</span> <span class='ocrx_word' id='word_1_436' title='bbox 873 3464 1084 3516; x_wconf 82' lang='grc' dir='ltr'>τούτων</span> <span class='ocrx_word' id='word_1_437' title='bbox 1111 3464 1421 3515; x_wconf 87' lang='grc' dir='ltr'>συνίστατο.</span> <span class='ocrx_word' id='word_1_438' title='bbox 1463 3462 1805 3530; x_wconf 77' lang='grc' dir='ltr'>Συνέπραττε</span> <span class='ocrx_word' id='word_1_439' title='bbox 1827 3459 1884 3513; x_wconf 74' lang='grc' dir='ltr'>δὲ</span> 
     </span>
    </p>
   </div>
   <div class='ocr_carea' id='block_1_64' title="bbox 302 3553 1885 3628">
    <p class='ocr_par' dir='ltr' id='par_1_64' title="bbox 302 3553 1885 3628">
     <span class='ocr_line' id='line_1_64' title="bbox 302 3553 1885 3628; baseline -0.004 -15"><span class='ocrx_word' id='word_1_440' title='bbox 302 3558 457 3626; x_wconf 83' lang='grc' dir='ltr'><strong>αὑτῷ</strong></span> <span class='ocrx_word' id='word_1_441' title='bbox 487 3562 583 3613; x_wconf 77' lang='grc' dir='ltr'>καὶ</span> <span class='ocrx_word' id='word_1_442' title='bbox 622 3557 884 3621; x_wconf 84' lang='grc' dir='ltr'>Μελίτιος</span> <span class='ocrx_word' id='word_1_443' title='bbox 920 3558 1016 3611; x_wconf 80' lang='grc' dir='ltr'>καὶ</span> <span class='ocrx_word' id='word_1_444' title='bbox 1065 3558 1114 3610; x_wconf 79' lang='lat' dir='ltr'><strong>oi</strong></span> <span class='ocrx_word' id='word_1_445' title='bbox 1150 3557 1278 3628; x_wconf 67' lang='grc' dir='ltr'>περὶ</span> <span class='ocrx_word' id='word_1_446' title='bbox 1316 3556 1503 3620; x_wconf 73' lang='grc' dir='ltr'>αὑτὸν,</span> <span class='ocrx_word' id='word_1_447' title='bbox 1542 3557 1590 3609; x_wconf 91' lang='grc' dir='ltr'><strong>οί</strong></span> <span class='ocrx_word' id='word_1_448' title='bbox 1620 3555 1716 3623; x_wconf 85' lang='grc' dir='ltr'>τῆς</span> <span class='ocrx_word' id='word_1_449' title='bbox 1762 3553 1885 3607; x_wconf 81' lang='grc' dir='ltr'><strong>Ἐκ-</strong></span> 
     </span>
    </p>
   </div>
   <div class='ocr_carea' id='block_1_65' title="bbox 302 3645 1887 3719">
    <p class='ocr_par' dir='ltr' id='par_1_65' title="bbox 302 3645 1887 3719">
     <span class='ocr_line' id='line_1_65' title="bbox 302 3645 1887 3719; baseline -0.003 -16"><span class='ocrx_word' id='word_1_450' title='bbox 302 3647 543 3718; x_wconf 72' lang='grc' dir='ltr'>κλησίας</span> <span class='ocrx_word' id='word_1_451' title='bbox 596 3648 706 3719; x_wconf 78' lang='grc' dir='ltr'>πρὸ</span> <span class='ocrx_word' id='word_1_452' title='bbox 751 3646 990 3717; x_wconf 85' lang='grc' dir='ltr'>βραχέος</span> <span class='ocrx_word' id='word_1_453' title='bbox 1031 3647 1367 3717; x_wconf 78' lang='grc' dir='ltr'>σχισθέντες,</span> <span class='ocrx_word' id='word_1_454' title='bbox 1402 3647 1496 3699; x_wconf 81' lang='grc' dir='ltr'>καὶ</span> <span class='ocrx_word' id='word_1_455' title='bbox 1539 3647 1604 3699; x_wconf 69' lang='grc' dir='ltr'>τὰ</span> <span class='ocrx_word' id='word_1_456' title='bbox 1651 3645 1887 3715; x_wconf 87' lang='grc' dir='ltr'>μέγιστα</span> 
     </span>
    </p>
   </div>
   <div class='ocr_carea' id='block_1_66' title="bbox 305 3731 1890 3809">
    <p class='ocr_par' dir='ltr' id='par_1_66' title="bbox 305 3731 1890 3809">
     <span class='ocr_line' id='line_1_66' title="bbox 305 3731 1890 3809; baseline 0 -18"><span class='ocrx_word' id='word_1_457' title='bbox 305 3739 790 3808; x_wconf 78' lang='grc' dir='ltr'>συνελαμϐάνοντο</span> <span class='ocrx_word' id='word_1_458' title='bbox 824 3738 944 3806; x_wconf 75' lang='grc' dir='ltr'>,ἅτε</span> <span class='ocrx_word' id='word_1_459' title='bbox 971 3738 1036 3808; x_wconf 82' lang='grc' dir='ltr'>δὴ</span> <span class='ocrx_word' id='word_1_460' title='bbox 1058 3739 1153 3793; x_wconf 80' lang='grc' dir='ltr'>καὶ</span> <span class='ocrx_word' id='word_1_461' title='bbox 1184 3731 1334 3792; x_wconf 78' lang='grc' dir='ltr'>οὗτοι</span> <span class='ocrx_word' id='word_1_462' title='bbox 1358 3739 1542 3802; x_wconf 82' lang='grc' dir='ltr'>κακῶς</span> <span class='ocrx_word' id='word_1_463' title='bbox 1566 3738 1700 3809; x_wconf 73' lang='grc' dir='ltr'>πρὸς</span> <span class='ocrx_word' id='word_1_464' title='bbox 1740 3738 1890 3791; x_wconf 80' lang='grc' dir='ltr'>Ἀλέ-</span> 
     </span>
    </p>
   </div>
   <div class='ocr_carea' id='block_1_67' title="bbox 306 3828 1891 3901">
    <p class='ocr_par' dir='ltr' id='par_1_67' title="bbox 306 3828 1891 3901">
     <span class='ocr_line' id='line_1_67' title="bbox 306 3828 1891 3901; baseline 0 -18"><span class='ocrx_word' id='word_1_465' title='bbox 306 3831 539 3901; x_wconf 79' lang='grc' dir='ltr'>ξανδρον</span> <span class='ocrx_word' id='word_1_466' title='bbox 565 3830 930 3898; x_wconf 71' lang='grc' dir='ltr'>διακείμενοι.</span> <span class='ocrx_word' id='word_1_467' title='bbox 983 3830 1078 3893; x_wconf 87' lang='grc' dir='ltr'><strong>Τίς</strong></span> <span class='ocrx_word' id='word_1_468' title='bbox 1120 3829 1176 3883; x_wconf 78' lang='grc' dir='ltr'>δὲ</span> <span class='ocrx_word' id='word_1_469' title='bbox 1202 3830 1231 3881; x_wconf 85' lang='grc' dir='ltr'><strong>ὁ</strong></span> <span class='ocrx_word' id='word_1_470' title='bbox 1272 3829 1530 3893; x_wconf 82' lang='grc' dir='ltr'>Μελίτιος</span> <span class='ocrx_word' id='word_1_471' title='bbox 1572 3828 1723 3892; x_wconf 76' lang='grc' dir='ltr'>οὗτος</span> <span class='ocrx_word' id='word_1_472' title='bbox 1749 3830 1891 3898; x_wconf 75' lang='grc' dir='ltr'>φθά-</span> 
     </span>
    </p>
   </div>
   <div class='ocr_carea' id='block_1_68' title="bbox 305 3922 1890 3994">
    <p class='ocr_par' dir='ltr' id='par_1_68' title="bbox 305 3922 1890 3994">
     <span class='ocr_line' id='line_1_68' title="bbox 305 3922 1890 3994; baseline -0.003 -18"><span class='ocrx_word' id='word_1_473' title='bbox 305 3941 477 3993; x_wconf 86' lang='grc' dir='ltr'>νομεν</span> <span class='ocrx_word' id='word_1_474' title='bbox 515 3924 823 3994; x_wconf 76' lang='grc' dir='ltr'>εἰρηκότες.</span> <span class='ocrx_word' id='word_1_475' title='bbox 872 3922 1002 3985; x_wconf 90' lang='grc' dir='ltr'>Τοῖς</span> <span class='ocrx_word' id='word_1_476' title='bbox 1039 3922 1097 3976; x_wconf 72' lang='grc' dir='ltr'>δὲ</span> <span class='ocrx_word' id='word_1_477' title='bbox 1135 3922 1258 3975; x_wconf 82' lang='grc' dir='ltr'>κατ’</span> <span class='ocrx_word' id='word_1_478' title='bbox 1307 3922 1585 3991; x_wconf 80' lang='grc' dir='ltr'>Λίγυπτον</span> <span class='ocrx_word' id='word_1_479' title='bbox 1634 3922 1726 3976; x_wconf 70' lang='grc' dir='ltr'>καὶ</span> <span class='ocrx_word' id='word_1_480' title='bbox 1770 3926 1890 3985; x_wconf 80' lang='grc' dir='ltr'>ταῖς</span> 
     </span>
    </p>
   </div>
   <div class='ocr_carea' id='block_1_69' title="bbox 308 4013 1888 4085">
    <p class='ocr_par' dir='ltr' id='par_1_69' title="bbox 308 4013 1888 4085">
     <span class='ocr_line' id='line_1_69' title="bbox 308 4013 1888 4085; baseline -0.002 -16"><span class='ocrx_word' id='word_1_481' title='bbox 308 4015 639 4084; x_wconf 80' lang='grc' dir='ltr'>ἁπανταχοῦ</span> <span class='ocrx_word' id='word_1_482' title='bbox 694 4014 1016 4085; x_wconf 72' lang='grc' dir='ltr'>ἐκκλησίαις</span> <span class='ocrx_word' id='word_1_483' title='bbox 1038 4013 1438 4085; x_wconf 74' lang='grc' dir='ltr'>διασπαρείσης</span> <span class='ocrx_word' id='word_1_484' title='bbox 1474 4018 1572 4084; x_wconf 71' lang='grc' dir='ltr'>τῆς</span> <span class='ocrx_word' id='word_1_485' title='bbox 1602 4014 1888 4082; x_wconf 76' lang='grc' dir='ltr'>αἱρέσεως,</span> 
     </span>
    </p>
   </div>
   <div class='ocr_carea' id='block_1_70' title="bbox 308 4104 1894 4178">
    <p class='ocr_par' dir='ltr' id='par_1_70' title="bbox 308 4104 1894 4178">
     <span class='ocr_line' id='line_1_70' title="bbox 308 4104 1894 4178; baseline -0.003 -18"><span class='ocrx_word' id='word_1_486' title='bbox 308 4108 428 4178; x_wconf 76' lang='grc' dir='ltr'>ἔρις</span> <span class='ocrx_word' id='word_1_487' title='bbox 464 4108 523 4158; x_wconf 90' lang='grc' dir='ltr'><strong>ἐν</strong></span> <span class='ocrx_word' id='word_1_488' title='bbox 554 4107 815 4166; x_wconf 78' lang='grc' dir='ltr'>ἑκάστοις</span> <span class='ocrx_word' id='word_1_489' title='bbox 861 4106 1074 4175; x_wconf 73' lang='grc' dir='ltr'>ἄμαχος</span> <span class='ocrx_word' id='word_1_490' title='bbox 1128 4105 1474 4176; x_wconf 78' lang='grc' dir='ltr'>άνηγείρετο.</span> <span class='ocrx_word' id='word_1_491' title='bbox 1522 4104 1581 4157; x_wconf 87' lang='grc' dir='ltr'><strong>Ὀ</strong></span> <span class='ocrx_word' id='word_1_492' title='bbox 1615 4105 1671 4157; x_wconf 78' lang='grc' dir='ltr'>δὲ</span> <span class='ocrx_word' id='word_1_493' title='bbox 1716 4105 1894 4166; x_wconf 64' lang='grc' dir='ltr'>κοινὸς</span> 
     </span>
    </p>
   </div>
   <div class='ocr_carea' id='block_1_71' title="bbox 307 4193 1898 4269">
    <p class='ocr_par' dir='ltr' id='par_1_71' title="bbox 307 4193 1898 4269">
     <span class='ocr_line' id='line_1_71' title="bbox 307 4193 1898 4269; baseline -0.002 -17"><span class='ocrx_word' id='word_1_494' title='bbox 307 4200 470 4269; x_wconf 81' lang='grc' dir='ltr'>δχλος</span> <span class='ocrx_word' id='word_1_495' title='bbox 500 4199 706 4269; x_wconf 83' lang='grc' dir='ltr'>κρίνων</span> <span class='ocrx_word' id='word_1_496' title='bbox 732 4193 801 4268; x_wconf 77' lang='grc' dir='ltr'>ἦν</span> <span class='ocrx_word' id='word_1_497' title='bbox 833 4196 901 4250; x_wconf 82' lang='grc' dir='ltr'><strong>τά</strong></span> <span class='ocrx_word' id='word_1_498' title='bbox 933 4196 1181 4251; x_wconf 76' lang='grc' dir='ltr'>τοιαῦτα·</span> <span class='ocrx_word' id='word_1_499' title='bbox 1220 4198 1316 4249; x_wconf 81' lang='grc' dir='ltr'>καὶ</span> <span class='ocrx_word' id='word_1_500' title='bbox 1355 4197 1445 4249; x_wconf 80' lang='grc' dir='ltr'>ἐπ’</span> <span class='ocrx_word' id='word_1_501' title='bbox 1482 4198 1688 4268; x_wconf 77' lang='grc' dir='ltr'>ἀγοράς</span> <span class='ocrx_word' id='word_1_502' title='bbox 1727 4196 1898 4267; x_wconf 77' lang='grc' dir='ltr'><strong>προῦ-</strong></span> 
     </span>
    </p>
   </div>
   <div class='ocr_carea' id='block_1_72' title="bbox 309 4289 1898 4365">
    <p class='ocr_par' dir='ltr' id='par_1_72' title="bbox 309 4289 1898 4365">
     <span class='ocr_line' id='line_1_72' title="bbox 309 4289 1898 4365; baseline -0.004 -18"><span class='ocrx_word' id='word_1_503' title='bbox 309 4309 518 4357; x_wconf 82' lang='grc' dir='ltr'>κειντο,</span> <span class='ocrx_word' id='word_1_504' title='bbox 568 4290 679 4343; x_wconf 87' lang='grc' dir='ltr'>τῶν</span> <span class='ocrx_word' id='word_1_505' title='bbox 729 4291 833 4359; x_wconf 79' lang='grc' dir='ltr'>μὲν</span> <span class='ocrx_word' id='word_1_506' title='bbox 881 4290 1083 4365; x_wconf 73' lang='grc' dir='ltr'>τοῖσδε,</span> <span class='ocrx_word' id='word_1_507' title='bbox 1127 4289 1239 4343; x_wconf 83' lang='grc' dir='ltr'><strong>τῶν</strong></span> <span class='ocrx_word' id='word_1_508' title='bbox 1275 4289 1321 4343; x_wconf 87' lang='grc' dir='ltr'>δ’</span> <span class='ocrx_word' id='word_1_509' title='bbox 1350 4289 1580 4353; x_wconf 81' lang='grc' dir='ltr'>ἐκείνοις</span> <span class='ocrx_word' id='word_1_510' title='bbox 1611 4290 1898 4355; x_wconf 78' lang='grc' dir='ltr'>προστιθε-</span> 
     </span>
    </p>
   </div>
   <div class='ocr_carea' id='block_1_73' title="bbox 313 4378 1897 4455">
    <p class='ocr_par' dir='ltr' id='par_1_73' title="bbox 313 4378 1897 4455">
     <span class='ocr_line' id='line_1_73' title="bbox 313 4378 1897 4455; baseline -0.005 -17"><span class='ocrx_word' id='word_1_511' title='bbox 313 4386 499 4455; x_wconf 77' lang='grc' dir='ltr'>μένων</span> <span class='ocrx_word' id='word_1_512' title='bbox 529 4385 625 4436; x_wconf 71' lang='grc' dir='ltr'>καὶ</span> <span class='ocrx_word' id='word_1_513' title='bbox 659 4384 1122 4452; x_wconf 78' lang='grc' dir='ltr'>ἐπικλινομένων.</span> <span class='ocrx_word' id='word_1_514' title='bbox 1163 4380 1455 4450; x_wconf 82' lang='grc' dir='ltr'>Τραγῳδία</span> <span class='ocrx_word' id='word_1_515' title='bbox 1487 4397 1545 4433; x_wconf 85' lang='grc' dir='ltr'><strong>τε</strong></span> <span class='ocrx_word' id='word_1_516' title='bbox 1588 4382 1680 4431; x_wconf 70' lang='grc' dir='ltr'>καὶ</span> <span class='ocrx_word' id='word_1_517' title='bbox 1721 4378 1897 4446; x_wconf 85' lang='grc' dir='ltr'>γέλως</span> 
     </span>
    </p>
   </div>
   <div class='ocr_carea' id='block_1_74' title="bbox 310 4470 1897 4546">
    <p class='ocr_par' dir='ltr' id='par_1_74' title="bbox 310 4470 1897 4546">
     <span class='ocr_line' id='line_1_74' title="bbox 310 4470 1897 4546; baseline -0.005 -15"><span class='ocrx_word' id='word_1_518' title='bbox 310 4478 578 4546; x_wconf 81' lang='grc' dir='ltr'>ἄντικρυς</span> <span class='ocrx_word' id='word_1_519' title='bbox 624 4476 694 4529; x_wconf 76' lang='grc' dir='ltr'><strong>τὰ</strong></span> <span class='ocrx_word' id='word_1_520' title='bbox 734 4472 995 4545; x_wconf 81' lang='grc' dir='ltr'>δρώμενα</span> <span class='ocrx_word' id='word_1_521' title='bbox 1045 4470 1218 4545; x_wconf 85' lang='grc' dir='ltr'>ἦσαν.</span> <span class='ocrx_word' id='word_1_522' title='bbox 1264 4474 1339 4526; x_wconf 77' lang='grc' dir='ltr'><strong>Οὐ</strong></span> <span class='ocrx_word' id='word_1_523' title='bbox 1371 4473 1480 4541; x_wconf 79' lang='grc' dir='ltr'><strong>γὰρ</strong></span> <span class='ocrx_word' id='word_1_524' title='bbox 1528 4472 1897 4540; x_wconf 79' lang='grc' dir='ltr'>ἀλλόγλωσσοι</span> 
     </span>
    </p>
   </div>
   <div class='ocr_carea' id='block_1_75' title="bbox 1989 3257 3555 3334">
    <p class='ocr_par' dir='ltr' id='par_1_75' title="bbox 1989 3257 3555 3334">
     <span class='ocr_line' id='line_1_75' title="bbox 1989 3257 3555 3334; baseline -0.013 -5"><span class='ocrx_word' id='word_1_525' title='bbox 1989 3273 2276 3328; x_wconf 66' lang='lat' dir='ltr'><strong>Palaestina</strong></span> <span class='ocrx_word' id='word_1_526' title='bbox 2304 3268 2727 3329; x_wconf 77' lang='lat' dir='ltr'><strong>convenientes,</strong></span> <span class='ocrx_word' id='word_1_527' title='bbox 2767 3263 3203 3334; x_wconf 83' lang='lat' dir='ltr'><strong>petitionemque</strong></span> <span class='ocrx_word' id='word_1_528' title='bbox 3232 3259 3354 3328; x_wconf 87' lang='lat' dir='ltr'><strong>ejus</strong></span> <span class='ocrx_word' id='word_1_529' title='bbox 3381 3257 3555 3311; x_wconf 78' lang='lat' dir='ltr'><strong>adim-</strong></span> 
     </span>
    </p>
   </div>
   <div class='ocr_carea' id='block_1_76' title="bbox 1991 3349 3553 3440">
    <p class='ocr_par' dir='ltr' id='par_1_76' title="bbox 1991 3349 3553 3440">
     <span class='ocr_line' id='line_1_76' title="bbox 1991 3349 3553 3440; baseline -0.014 -17"><span class='ocrx_word' id='word_1_530' title='bbox 1991 3369 2206 3440; x_wconf 89' lang='lat' dir='ltr'><strong>plentes</strong></span> <span class='ocrx_word' id='word_1_531' title='bbox 2233 3405 2249 3430; x_wconf 95' lang='lat'><strong>,</strong></span> <span class='ocrx_word' id='word_1_532' title='bbox 2299 3364 2584 3418; x_wconf 90' lang='lat' dir='ltr'><strong>decretum</strong></span> <span class='ocrx_word' id='word_1_533' title='bbox 2628 3361 2681 3414; x_wconf 91' lang='lat' dir='ltr'><strong>in</strong></span> <span class='ocrx_word' id='word_1_534' title='bbox 2716 3358 2979 3426; x_wconf 79' lang='lat' dir='ltr'><strong>scriptum</strong></span> <span class='ocrx_word' id='word_1_535' title='bbox 3028 3353 3313 3407; x_wconf 84' lang='lat' dir='ltr'><strong>referunt:</strong></span> <span class='ocrx_word' id='word_1_536' title='bbox 3368 3349 3553 3402; x_wconf 79' lang='lat' dir='ltr'><strong>Arium</strong></span> 
     </span>
    </p>
   </div>
   <div class='ocr_carea' id='block_1_77' title="bbox 1992 3444 3559 3531">
    <p class='ocr_par' dir='ltr' id='par_1_77' title="bbox 1992 3444 3559 3531">
     <span class='ocr_line' id='line_1_77' title="bbox 1992 3444 3559 3531; baseline -0.013 -16"><span class='ocrx_word' id='word_1_537' title='bbox 1992 3461 2236 3531; x_wconf 89' lang='lat' dir='ltr'><strong>quidem,</strong></span> <span class='ocrx_word' id='word_1_538' title='bbox 2262 3465 2319 3512; x_wconf 90' lang='lat' dir='ltr'><strong>ut</strong></span> <span class='ocrx_word' id='word_1_539' title='bbox 2342 3464 2525 3520; x_wconf 86' lang='lat' dir='ltr'><strong>antea,</strong></span> <span class='ocrx_word' id='word_1_540' title='bbox 2548 3461 2852 3509; x_wconf 88' lang='lat' dir='ltr'><strong>conventus</strong></span> <span class='ocrx_word' id='word_1_541' title='bbox 2878 3463 3075 3516; x_wconf 76' lang='lat' dir='ltr'><strong>cogere</strong></span> <span class='ocrx_word' id='word_1_542' title='bbox 3098 3462 3256 3515; x_wconf 83' lang='lat' dir='ltr'><strong>posse</strong></span> <span class='ocrx_word' id='word_1_543' title='bbox 3280 3462 3293 3499; x_wconf 90' lang='lat'><strong>:</strong></span> <span class='ocrx_word' id='word_1_544' title='bbox 3324 3444 3559 3497; x_wconf 80' lang='lat' dir='ltr'><strong>Alexan-</strong></span> 
     </span>
    </p>
   </div>
   <div class='ocr_carea' id='block_1_78' title="bbox 1992 3536 3557 3612">
    <p class='ocr_par' dir='ltr' id='par_1_78' title="bbox 1992 3536 3557 3612">
     <span class='ocr_line' id='line_1_78' title="bbox 1992 3536 3557 3612; baseline -0.014 -4"><span class='ocrx_word' id='word_1_545' title='bbox 1992 3554 2092 3608; x_wconf 91' lang='lat' dir='ltr'><strong>dro</strong></span> <span class='ocrx_word' id='word_1_546' title='bbox 2125 3564 2304 3606; x_wconf 89' lang='lat' dir='ltr'><strong>autem</strong></span> <span class='ocrx_word' id='word_1_547' title='bbox 2335 3549 2616 3605; x_wconf 85' lang='lat' dir='ltr'><strong>subditum</strong></span> <span class='ocrx_word' id='word_1_548' title='bbox 2645 3559 2796 3605; x_wconf 88' lang='lat' dir='ltr'><strong>esse,</strong></span> <span class='ocrx_word' id='word_1_549' title='bbox 2830 3541 3228 3612; x_wconf 82' lang='lat' dir='ltr'><strong>deprecariqne</strong></span> <span class='ocrx_word' id='word_1_550' title='bbox 3259 3548 3313 3591; x_wconf 75' lang='lat' dir='ltr'><strong>et</strong></span> <span class='ocrx_word' id='word_1_551' title='bbox 3349 3536 3557 3605; x_wconf 83' lang='lat' dir='ltr'><strong>suppli-</strong></span> 
     </span>
    </p>
   </div>
   <div class='ocr_carea' id='block_1_79' title="bbox 1994 3632 3560 3712">
    <p class='ocr_par' dir='ltr' id='par_1_79' title="bbox 1994 3632 3560 3712">
     <span class='ocr_line' id='line_1_79' title="bbox 1994 3632 3560 3712; baseline -0.013 -11"><span class='ocrx_word' id='word_1_552' title='bbox 1994 3662 2121 3702; x_wconf 89' lang='lat' dir='ltr'><strong>care</strong></span> <span class='ocrx_word' id='word_1_553' title='bbox 2149 3644 2235 3708; x_wconf 85' lang='lat' dir='ltr'><strong>ei,</strong></span> <span class='ocrx_word' id='word_1_554' title='bbox 2279 3657 2389 3712; x_wconf 90' lang='lat' dir='ltr'><strong>quo</strong></span> <span class='ocrx_word' id='word_1_555' title='bbox 2421 3642 2474 3696; x_wconf 90' lang='lat' dir='ltr'><strong>in</strong></span> <span class='ocrx_word' id='word_1_556' title='bbox 2517 3638 2750 3710; x_wconf 77' lang='lat' dir='ltr'><strong>gratiam</strong></span> <span class='ocrx_word' id='word_1_557' title='bbox 2792 3636 3166 3703; x_wconf 85' lang='lat' dir='ltr'><strong>unionemque</strong></span> <span class='ocrx_word' id='word_1_558' title='bbox 3210 3632 3332 3702; x_wconf 63' lang='lat' dir='ltr'><strong>ejus</strong></span> <span class='ocrx_word' id='word_1_559' title='bbox 3369 3643 3560 3698; x_wconf 82' lang='lat' dir='ltr'><strong>perve-</strong></span> 
     </span>
    </p>
   </div>
   <div class='ocr_carea' id='block_1_80' title="bbox 1998 3721 3562 3809">
    <p class='ocr_par' dir='ltr' id='par_1_80' title="bbox 1998 3721 3562 3809">
     <span class='ocr_line' id='line_1_80' title="bbox 1998 3721 3562 3809; baseline -0.015 -13"><span class='ocrx_word' id='word_1_560' title='bbox 1998 3743 2117 3796; x_wconf 82' lang='lat' dir='ltr'><strong>nire</strong></span> <span class='ocrx_word' id='word_1_561' title='bbox 2148 3747 2350 3809; x_wconf 84' lang='lat' dir='ltr'><strong>posset,</strong></span> <span class='ocrx_word' id='word_1_562' title='bbox 2380 3735 2606 3789; x_wconf 89' lang='lat' dir='ltr'><strong>debere.</strong></span> <span class='ocrx_word' id='word_1_563' title='bbox 2641 3730 2747 3786; x_wconf 90' lang='lat' dir='ltr'><strong>Sed</strong></span> <span class='ocrx_word' id='word_1_564' title='bbox 2778 3740 2834 3785; x_wconf 91' lang='lat' dir='ltr'><strong>et</strong></span> <span class='ocrx_word' id='word_1_565' title='bbox 2866 3728 2966 3783; x_wconf 88' lang='lat' dir='ltr'><strong>alia</strong></span> <span class='ocrx_word' id='word_1_566' title='bbox 2993 3742 3210 3796; x_wconf 89' lang='lat' dir='ltr'><strong>quoque</strong></span> <span class='ocrx_word' id='word_1_567' title='bbox 3244 3726 3295 3777; x_wconf 90' lang='lat' dir='ltr'><strong>in</strong></span> <span class='ocrx_word' id='word_1_568' title='bbox 3336 3721 3562 3792; x_wconf 59' lang='grc' dir='ltr'>[Έεςιιιο</span> 
     </span>
    </p>
   </div>
   <div class='ocr_carea' id='block_1_81' title="bbox 1999 3815 3561 3901">
    <p class='ocr_par' dir='ltr' id='par_1_81' title="bbox 1999 3815 3561 3901">
     <span class='ocr_line' id='line_1_81' title="bbox 1999 3815 3561 3901; baseline -0.015 -14"><span class='ocrx_word' id='word_1_569' title='bbox 1999 3829 2242 3901; x_wconf 83' lang='lat' dir='ltr'><strong>synodus</strong></span> <span class='ocrx_word' id='word_1_570' title='bbox 2268 3828 2371 3881; x_wconf 83' lang='lat' dir='ltr'><strong>hac</strong></span> <span class='ocrx_word' id='word_1_571' title='bbox 2399 3825 2466 3879; x_wconf 88' lang='lat' dir='ltr'><strong>de</strong></span> <span class='ocrx_word' id='word_1_572' title='bbox 2497 3838 2554 3878; x_wconf 83' lang='lat' dir='ltr'><strong>re</strong></span> <span class='ocrx_word' id='word_1_573' title='bbox 2584 3832 2723 3875; x_wconf 84' lang='lat' dir='ltr'><strong>acta.</strong></span> <span class='ocrx_word' id='word_1_574' title='bbox 2759 3819 2891 3873; x_wconf 79' lang='lat' dir='ltr'><strong>Ario</strong></span> <span class='ocrx_word' id='word_1_575' title='bbox 2929 3816 3169 3870; x_wconf 82' lang='lat' dir='ltr'><strong>Melitius</strong></span> <span class='ocrx_word' id='word_1_576' title='bbox 3193 3815 3358 3869; x_wconf 83' lang='lat' dir='ltr'><strong>etiam</strong></span> <span class='ocrx_word' id='word_1_577' title='bbox 3388 3822 3561 3866; x_wconf 86' lang='lat' dir='ltr'><strong>secta-</strong></span> 
     </span>
    </p>
   </div>
   <div class='ocr_carea' id='block_1_82' title="bbox 2002 3906 3566 3990">
    <p class='ocr_par' dir='ltr' id='par_1_82' title="bbox 2002 3906 3566 3990">
     <span class='ocr_line' id='line_1_82' title="bbox 2002 3906 3566 3990; baseline -0.013 -14"><span class='ocrx_word' id='word_1_578' title='bbox 2002 3934 2256 3990; x_wconf 82' lang='lat' dir='ltr'><strong>toresque</strong></span> <span class='ocrx_word' id='word_1_579' title='bbox 2292 3916 2536 3989; x_wconf 81' lang='lat' dir='ltr'><strong>ejusdem</strong></span> <span class='ocrx_word' id='word_1_580' title='bbox 2565 3916 2836 3974; x_wconf 75' lang='lat' dir='ltr'><strong>faverunt,</strong></span> <span class='ocrx_word' id='word_1_581' title='bbox 2879 3923 3118 3977; x_wconf 89' lang='lat' dir='ltr'><strong>eumque</strong></span> <span class='ocrx_word' id='word_1_582' title='bbox 3152 3907 3385 3960; x_wconf 69' lang='lat' dir='ltr'><strong>traxime</strong></span> <span class='ocrx_word' id='word_1_583' title='bbox 3412 3906 3566 3975; x_wconf 87' lang='lat' dir='ltr'><strong>juve-</strong></span> 
     </span>
    </p>
   </div>
   <div class='ocr_carea' id='block_1_83' title="bbox 2003 3993 3565 4080">
    <p class='ocr_par' dir='ltr' id='par_1_83' title="bbox 2003 3993 3565 4080">
     <span class='ocr_line' id='line_1_83' title="bbox 2003 3993 3565 4080; baseline -0.014 -14"><span class='ocrx_word' id='word_1_584' title='bbox 2003 4022 2131 4068; x_wconf 78' lang='lat' dir='ltr'><strong>runt</strong></span> <span class='ocrx_word' id='word_1_585' title='bbox 2156 4030 2168 4065; x_wconf 92' lang='lat'><strong>:</strong></span> <span class='ocrx_word' id='word_1_586' title='bbox 2202 4010 2293 4080; x_wconf 88' lang='lat' dir='ltr'><strong>qui</strong></span> <span class='ocrx_word' id='word_1_587' title='bbox 2318 4020 2374 4063; x_wconf 92' lang='lat' dir='ltr'><strong>et</strong></span> <span class='ocrx_word' id='word_1_588' title='bbox 2402 4006 2506 4077; x_wconf 90' lang='lat' dir='ltr'><strong>ipsi</strong></span> <span class='ocrx_word' id='word_1_589' title='bbox 2534 4020 2642 4059; x_wconf 92' lang='lat' dir='ltr'><strong>non</strong></span> <span class='ocrx_word' id='word_1_590' title='bbox 2671 4004 2744 4057; x_wconf 87' lang='lat' dir='ltr'><strong>ita</strong></span> <span class='ocrx_word' id='word_1_591' title='bbox 2774 4000 2985 4071; x_wconf 88' lang='lat' dir='ltr'><strong>pridem</strong></span> <span class='ocrx_word' id='word_1_592' title='bbox 3015 3997 3081 4052; x_wconf 88' lang='lat' dir='ltr'><strong>ab</strong></span> <span class='ocrx_word' id='word_1_593' title='bbox 3114 3995 3354 4051; x_wconf 87' lang='lat' dir='ltr'><strong>Ecclesia</strong></span> <span class='ocrx_word' id='word_1_594' title='bbox 3384 3993 3565 4048; x_wconf 87' lang='lat' dir='ltr'><strong>desci-</strong></span> 
     </span>
    </p>
   </div>
   <div class='ocr_carea' id='block_1_84' title="bbox 2003 4087 3566 4169">
    <p class='ocr_par' dir='ltr' id='par_1_84' title="bbox 2003 4087 3566 4169">
     <span class='ocr_line' id='line_1_84' title="bbox 2003 4087 3566 4169; baseline -0.013 -9"><span class='ocrx_word' id='word_1_595' title='bbox 2003 4114 2232 4169; x_wconf 88' lang='lat' dir='ltr'><strong>verant,</strong></span> <span class='ocrx_word' id='word_1_596' title='bbox 2275 4112 2329 4156; x_wconf 90' lang='lat' dir='ltr'><strong>et</strong></span> <span class='ocrx_word' id='word_1_597' title='bbox 2366 4101 2508 4154; x_wconf 88' lang='lat' dir='ltr'><strong>male</strong></span> <span class='ocrx_word' id='word_1_598' title='bbox 2554 4112 2680 4165; x_wconf 79' lang='lat' dir='ltr'><strong>erga</strong></span> <span class='ocrx_word' id='word_1_599' title='bbox 2721 4092 3093 4148; x_wconf 78' lang='lat' dir='ltr'><strong>Alexandrum</strong></span> <span class='ocrx_word' id='word_1_600' title='bbox 3125 4087 3351 4143; x_wconf 81' lang='lat' dir='ltr'><strong>animati</strong></span> <span class='ocrx_word' id='word_1_601' title='bbox 3384 4096 3566 4140; x_wconf 84' lang='lat' dir='ltr'><strong>erant.</strong></span> 
     </span>
    </p>
   </div>
   <div class='ocr_carea' id='block_1_85' title="bbox 2002 4180 3565 4267">
    <p class='ocr_par' dir='ltr' id='par_1_85' title="bbox 2002 4180 3565 4267">
     <span class='ocr_line' id='line_1_85' title="bbox 2002 4180 3565 4267; baseline -0.013 -15"><span class='ocrx_word' id='word_1_602' title='bbox 2002 4201 2137 4267; x_wconf 86' lang='lat' dir='ltr'><strong>Quis</strong></span> <span class='ocrx_word' id='word_1_603' title='bbox 2164 4206 2348 4252; x_wconf 79' lang='lat' dir='ltr'><strong>autem</strong></span> <span class='ocrx_word' id='word_1_604' title='bbox 2375 4192 2617 4248; x_wconf 83' lang='lat' dir='ltr'><strong>Melitius</strong></span> <span class='ocrx_word' id='word_1_605' title='bbox 2642 4190 2741 4243; x_wconf 89' lang='lat' dir='ltr'><strong>iste</strong></span> <span class='ocrx_word' id='word_1_606' title='bbox 2769 4187 2957 4247; x_wconf 75' lang='lat' dir='ltr'><strong>fuerit,</strong></span> <span class='ocrx_word' id='word_1_607' title='bbox 2982 4188 3089 4254; x_wconf 84' lang='lat' dir='ltr'><strong>jam</strong></span> <span class='ocrx_word' id='word_1_608' title='bbox 3115 4190 3274 4236; x_wconf 86' lang='lat' dir='ltr'><strong>antea</strong></span> <span class='ocrx_word' id='word_1_609' title='bbox 3303 4180 3565 4232; x_wconf 80' lang='lat' dir='ltr'><strong>diximus.</strong></span> 
     </span>
    </p>
   </div>
   <div class='ocr_carea' id='block_1_86' title="bbox 2004 4270 3567 4348">
    <p class='ocr_par' dir='ltr' id='par_1_86' title="bbox 2004 4270 3567 4348">
     <span class='ocr_line' id='line_1_86' title="bbox 2004 4270 3567 4348; baseline -0.018 -1"><span class='ocrx_word' id='word_1_610' title='bbox 2004 4292 2274 4347; x_wconf 71' lang='lat' dir='ltr'><strong>Ctt‘tcrum</strong></span> <span class='ocrx_word' id='word_1_611' title='bbox 2312 4283 2504 4338; x_wconf 68' lang='lat' dir='ltr'><strong>hmresi</strong></span> <span class='ocrx_word' id='word_1_612' title='bbox 2540 4282 2641 4336; x_wconf 85' lang='lat' dir='ltr'><strong>hac</strong></span> <span class='ocrx_word' id='word_1_613' title='bbox 2675 4294 2772 4348; x_wconf 88' lang='lat' dir='ltr'><strong>per</strong></span> <span class='ocrx_word' id='word_1_614' title='bbox 2801 4274 3090 4344; x_wconf 68' lang='lat' dir='ltr'><strong>A‘lgyplum</strong></span> <span class='ocrx_word' id='word_1_615' title='bbox 3122 4280 3176 4325; x_wconf 90' lang='lat' dir='ltr'><strong>ct</strong></span> <span class='ocrx_word' id='word_1_616' title='bbox 3204 4271 3333 4324; x_wconf 83' lang='lat' dir='ltr'><strong>alibi</strong></span> <span class='ocrx_word' id='word_1_617' title='bbox 3367 4270 3567 4338; x_wconf 88' lang='lat' dir='ltr'><strong>passim</strong></span> 
     </span>
    </p>
   </div>
   <div class='ocr_carea' id='block_1_87' title="bbox 2006 4362 3570 4445">
    <p class='ocr_par' dir='ltr' id='par_1_87' title="bbox 2006 4362 3570 4445">
     <span class='ocr_line' id='line_1_87' title="bbox 2006 4362 3570 4445; baseline -0.015 -6"><span class='ocrx_word' id='word_1_618' title='bbox 2006 4387 2060 4439; x_wconf 88' lang='lat' dir='ltr'><strong>in</strong></span> <span class='ocrx_word' id='word_1_619' title='bbox 2092 4380 2343 4438; x_wconf 87' lang='lat' dir='ltr'><strong>ecclesiis</strong></span> <span class='ocrx_word' id='word_1_620' title='bbox 2368 4377 2615 4445; x_wconf 83' lang='lat' dir='ltr'><strong>vulgata,</strong></span> <span class='ocrx_word' id='word_1_621' title='bbox 2660 4371 2949 4425; x_wconf 84' lang='lat' dir='ltr'><strong>dissidium</strong></span> <span class='ocrx_word' id='word_1_622' title='bbox 2981 4367 3184 4435; x_wconf 91' lang='lat' dir='ltr'><strong>ubique</strong></span> <span class='ocrx_word' id='word_1_623' title='bbox 3224 4362 3570 4432; x_wconf 85' lang='lat' dir='ltr'><strong>implacabile</strong></span> 
     </span>
    </p>
   </div>
   <div class='ocr_carea' id='block_1_88' title="bbox 2009 4461 3569 4532">
    <p class='ocr_par' dir='ltr' id='par_1_88' title="bbox 2009 4461 3569 4532">
     <span class='ocr_line' id='line_1_88' title="bbox 2009 4461 3569 4532; baseline -0.015 -2"><span class='ocrx_word' id='word_1_624' title='bbox 2009 4476 2303 4531; x_wconf 74' lang='lat' dir='ltr'><strong>excitatura</strong></span> <span class='ocrx_word' id='word_1_625' title='bbox 2353 4478 2457 4524; x_wconf 87' lang='lat' dir='ltr'><strong>est.</strong></span> <span class='ocrx_word' id='word_1_626' title='bbox 2510 4466 2574 4519; x_wconf 86' lang='lat' dir='ltr'><strong>Et</strong></span> <span class='ocrx_word' id='word_1_627' title='bbox 2606 4465 2799 4532; x_wconf 82' lang='lat' dir='ltr'><strong>vulgus</strong></span> <span class='ocrx_word' id='word_1_628' title='bbox 2841 4461 3110 4531; x_wconf 85' lang='lat' dir='ltr'><strong>judicium</strong></span> <span class='ocrx_word' id='word_1_629' title='bbox 3147 4473 3334 4511; x_wconf 79' lang='lat' dir='ltr'><strong>earum</strong></span> <span class='ocrx_word' id='word_1_630' title='bbox 3386 4469 3569 4509; x_wconf 90' lang='lat' dir='ltr'><strong>rerum</strong></span> 
     </span>
    </p>
   </div>
   <div class='ocr_carea' id='block_1_89' title="bbox 313 4545 1991 4638">
    <p class='ocr_par' dir='ltr' id='par_1_89' title="bbox 313 4545 1977 4638">
     <span class='ocr_line' id='line_1_89' title="bbox 313 4545 1977 4638; baseline -0.006 -15"><span class='ocrx_word' id='word_1_631' title='bbox 313 4573 434 4633; x_wconf 82' lang='grc' dir='ltr'>ταῖς</span> <span class='ocrx_word' id='word_1_632' title='bbox 458 4545 786 4638; x_wconf 72' lang='grc' dir='ltr'>ἐκκλησίαις</span> <span class='ocrx_word' id='word_1_633' title='bbox 836 4570 1269 4638; x_wconf 75' lang='grc' dir='ltr'>ἐπεστράτευον,</span> <span class='ocrx_word' id='word_1_634' title='bbox 1316 4565 1431 4619; x_wconf 84' lang='grc' dir='ltr'>ἀλλ’</span> <span class='ocrx_word' id='word_1_635' title='bbox 1458 4567 1759 4635; x_wconf 76' lang='grc' dir='ltr'>ὁμοδίαιτοι</span> <span class='ocrx_word' id='word_1_636' title='bbox 1804 4567 1900 4619; x_wconf 74' lang='grc' dir='ltr'>καὶ</span> <span class='ocrx_word' id='word_1_637' title='bbox 1929 4557 1977 4613; x_wconf 87' lang='lat' dir='ltr'><strong>D</strong></span> 
     </span>
    </p>
   </div>
   <div class='ocr_carea' id='block_1_90' title="bbox 1891 4545 3569 4638">
    <p class='ocr_par' dir='ltr' id='par_1_90' title="bbox 1891 4545 3569 4627">
     <span class='ocr_line' id='line_1_90' title="bbox 1891 4545 3569 4627; baseline -0.013 -9"><span class='ocrx_word' id='word_1_638' title='bbox 1891 4557 2109 4620; x_wconf 76' lang='lat' dir='ltr'><strong>LDSIbI</strong></span> <span class='ocrx_word' id='word_1_639' title='bbox 2138 4562 2408 4617; x_wconf 85' lang='lat' dir='ltr'><strong>sumebat.</strong></span> <span class='ocrx_word' id='word_1_640' title='bbox 2456 4556 2739 4627; x_wconf 67' lang='lat' dir='ltr'><strong>Agebatur</strong></span> <span class='ocrx_word' id='word_1_641' title='bbox 2791 4553 2859 4606; x_wconf 89' lang='lat' dir='ltr'><strong>de</strong></span> <span class='ocrx_word' id='word_1_642' title='bbox 2908 4552 2994 4603; x_wconf 87' lang='lat' dir='ltr'><strong>bis</strong></span> <span class='ocrx_word' id='word_1_643' title='bbox 3048 4549 3265 4619; x_wconf 87' lang='lat' dir='ltr'><strong>publice</strong></span> <span class='ocrx_word' id='word_1_644' title='bbox 3319 4547 3371 4599; x_wconf 89' lang='lat' dir='ltr'><strong>in</strong></span> <span class='ocrx_word' id='word_1_645' title='bbox 3427 4545 3569 4602; x_wconf 75' lang='lat' dir='ltr'><strong>foro.</strong></span> 
     </span>
    </p>
   </div>
   <div class='ocr_carea' id='block_1_91' title="bbox 314 4636 1992 4730">
    <p class='ocr_par' dir='ltr' id='par_1_91' title="bbox 314 4656 1905 4730">
     <span class='ocr_line' id='line_1_91' title="bbox 314 4656 1905 4730; baseline -0.004 -15"><span class='ocrx_word' id='word_1_646' title='bbox 314 4662 591 4730; x_wconf 64' lang='grc' dir='ltr'>ὁμόφυλοι</span> <span class='ocrx_word' id='word_1_647' title='bbox 643 4661 767 4713; x_wconf 83' lang='grc' dir='ltr'>κατ’</span> <span class='ocrx_word' id='word_1_648' title='bbox 808 4659 1061 4729; x_wconf 75' lang='grc' dir='ltr'>ἀλλήλων</span> <span class='ocrx_word' id='word_1_649' title='bbox 1106 4657 1433 4721; x_wconf 77' lang='grc' dir='ltr'>ὡπλίζοντο,</span> <span class='ocrx_word' id='word_1_650' title='bbox 1462 4660 1579 4719; x_wconf 74' lang='grc' dir='ltr'>ταῖς</span> <span class='ocrx_word' id='word_1_651' title='bbox 1629 4656 1905 4725; x_wconf 83' lang='grc' dir='ltr'>γλώσσαις</span> 
     </span>
    </p>
   </div>
   <div class='ocr_carea' id='block_1_92' title="bbox 1893 4636 3571 4730">
    <p class='ocr_par' dir='ltr' id='par_1_92' title="bbox 1893 4636 3571 4718">
     <span class='ocr_line' id='line_1_92' title="bbox 1893 4636 3571 4718; baseline -0.017 -2"><span class='ocrx_word' id='word_1_652' title='bbox 1893 4673 1905 4718; x_wconf 76' lang='grc' dir='ltr'><strong>ῖ</strong></span> <span class='ocrx_word' id='word_1_653' title='bbox 2003 4657 2127 4712; x_wconf 86' lang='lat' dir='ltr'><strong>aliis</strong></span> <span class='ocrx_word' id='word_1_654' title='bbox 2153 4654 2220 4709; x_wconf 87' lang='lat' dir='ltr'><strong>ad</strong></span> <span class='ocrx_word' id='word_1_655' title='bbox 2249 4654 2411 4716; x_wconf 87' lang='lat' dir='ltr'><strong>hanc,</strong></span> <span class='ocrx_word' id='word_1_656' title='bbox 2434 4650 2557 4703; x_wconf 90' lang='lat' dir='ltr'><strong>aliis</strong></span> <span class='ocrx_word' id='word_1_657' title='bbox 2580 4647 2645 4701; x_wconf 89' lang='lat' dir='ltr'><strong>ad</strong></span> <span class='ocrx_word' id='word_1_658' title='bbox 2674 4646 2819 4700; x_wconf 86' lang='lat' dir='ltr'><strong>illam</strong></span> <span class='ocrx_word' id='word_1_659' title='bbox 2847 4653 3059 4712; x_wconf 77' lang='lat' dir='ltr'><strong>portent</strong></span> <span class='ocrx_word' id='word_1_660' title='bbox 3087 4639 3253 4692; x_wconf 86' lang='lat' dir='ltr'><strong>animi</strong></span> <span class='ocrx_word' id='word_1_661' title='bbox 3282 4636 3571 4691; x_wconf 65' lang='lat' dir='ltr'><strong>atIct&#39;tione</strong></span> 
     </span>
    </p>
   </div>
   <div class='ocr_carea' id='block_1_93' title="bbox 314 4732 1992 4825">
    <p class='ocr_par' dir='ltr' id='par_1_93' title="bbox 314 4749 1906 4825">
     <span class='ocr_line' id='line_1_93' title="bbox 314 4749 1906 4825; baseline -0.005 -17"><span class='ocrx_word' id='word_1_662' title='bbox 314 4750 407 4808; x_wconf 77' lang='grc' dir='ltr'>οἷα</span> <span class='ocrx_word' id='word_1_663' title='bbox 436 4756 633 4825; x_wconf 75' lang='grc' dir='ltr'>δόρασι</span> <span class='ocrx_word' id='word_1_664' title='bbox 664 4752 967 4823; x_wconf 85' lang='grc' dir='ltr'>χρώμενοι·</span> <span class='ocrx_word' id='word_1_665' title='bbox 1008 4752 1100 4804; x_wconf 69' lang='grc' dir='ltr'>καὶ</span> <span class='ocrx_word' id='word_1_666' title='bbox 1130 4750 1222 4803; x_wconf 83' lang='grc' dir='ltr'><strong>ὑπ’</strong></span> <span class='ocrx_word' id='word_1_667' title='bbox 1262 4750 1511 4819; x_wconf 69' lang='grc' dir='ltr'>ἀλλήλων</span> <span class='ocrx_word' id='word_1_668' title='bbox 1547 4749 1906 4818; x_wconf 84' lang='grc' dir='ltr'>κατησθίοντο</span> 
     </span>
    </p>
   </div>
   <div class='ocr_carea' id='block_1_94' title="bbox 1895 4732 3573 4825">
    <p class='ocr_par' dir='ltr' id='par_1_94' title="bbox 1895 4732 3573 4809">
     <span class='ocr_line' id='line_1_94' title="bbox 1895 4732 3573 4809; baseline -0.016 -4"><span class='ocrx_word' id='word_1_669' title='bbox 1895 4767 1906 4800; x_wconf 71' lang='grc' dir='ltr'><strong>ι</strong></span> <span class='ocrx_word' id='word_1_670' title='bbox 2006 4746 2427 4804; x_wconf 84' lang='lat' dir='ltr'><strong>inclinantibus.</strong></span> <span class='ocrx_word' id='word_1_671' title='bbox 2465 4743 2654 4809; x_wconf 85' lang='lat' dir='ltr'><strong>anue</strong></span> <span class='ocrx_word' id='word_1_672' title='bbox 2688 4751 2876 4792; x_wconf 91' lang='lat' dir='ltr'><strong>rerum</strong></span> <span class='ocrx_word' id='word_1_673' title='bbox 2923 4732 3092 4788; x_wconf 82' lang='lat' dir='ltr'><strong>facies</strong></span> <span class='ocrx_word' id='word_1_674' title='bbox 3132 4732 3301 4785; x_wconf 91' lang='lat' dir='ltr'><strong>risum</strong></span> <span class='ocrx_word' id='word_1_675' title='bbox 3351 4741 3573 4796; x_wconf 79' lang='lat' dir='ltr'><strong>prorsus</strong></span> 
     </span>
    </p>
   </div>
   <div class='ocr_carea' id='block_1_95' title="bbox 316 4822 1994 4912">
    <p class='ocr_par' dir='ltr' id='par_1_95' title="bbox 316 4822 1907 4912">
     <span class='ocr_line' id='line_1_95' title="bbox 316 4822 1907 4912; baseline -0.006 -10"><span class='ocrx_word' id='word_1_676' title='bbox 316 4822 565 4902; x_wconf 71' lang='grc' dir='ltr'>ἔκαστοι.</span> <span class='ocrx_word' id='word_1_677' title='bbox 595 4822 695 4911; x_wconf 81' lang='grc' dir='ltr'>Εἰς</span> <span class='ocrx_word' id='word_1_678' title='bbox 721 4844 982 4897; x_wconf 85' lang='grc' dir='ltr'>τοσοῦτον</span> <span class='ocrx_word' id='word_1_679' title='bbox 1001 4843 1045 4896; x_wconf 82' lang='grc' dir='ltr'>δ’</span> <span class='ocrx_word' id='word_1_680' title='bbox 1068 4843 1299 4903; x_wconf 82' lang='grc' dir='ltr'>ἀτοπίας</span> <span class='ocrx_word' id='word_1_681' title='bbox 1324 4841 1533 4912; x_wconf 80' lang='grc' dir='ltr'>προέϐη</span> <span class='ocrx_word' id='word_1_682' title='bbox 1568 4842 1629 4894; x_wconf 73' lang='grc' dir='ltr'>τὸ</span> <span class='ocrx_word' id='word_1_683' title='bbox 1652 4842 1907 4911; x_wconf 76' lang='grc' dir='ltr'>πρᾶγμα,</span> 
     </span>
    </p>
   </div>
   <div class='ocr_carea' id='block_1_96' title="bbox 1894 4822 3572 4912">
    <p class='ocr_par' dir='ltr' id='par_1_96' title="bbox 1894 4822 3572 4912">
     <span class='ocr_line' id='line_1_96' title="bbox 1894 4822 3572 4912; baseline -0.02 -8"><span class='ocrx_word' id='word_1_684' title='bbox 1894 4881 1907 4904; x_wconf 79' lang='grc' dir='ltr'><strong>ι</strong></span> <span class='ocrx_word' id='word_1_685' title='bbox 2008 4843 2386 4912; x_wconf 84' lang='lat' dir='ltr'><strong>tragicumque</strong></span> <span class='ocrx_word' id='word_1_686' title='bbox 2417 4835 2693 4906; x_wconf 69' lang='lat' dir='ltr'><strong>praebebat</strong></span> <span class='ocrx_word' id='word_1_687' title='bbox 2722 4828 3124 4901; x_wconf 83' lang='lat' dir='ltr'><strong>spectaculum.</strong></span> <span class='ocrx_word' id='word_1_688' title='bbox 3155 4822 3439 4892; x_wconf 88' lang='lat' dir='ltr'><strong>Siquidem</strong></span> <span class='ocrx_word' id='word_1_689' title='bbox 3467 4834 3572 4872; x_wconf 92' lang='lat' dir='ltr'><strong>non</strong></span> 
     </span>
    </p>
   </div>
   <div class='ocr_carea' id='block_1_97' title="bbox 317 4912 1995 5006">
    <p class='ocr_par' dir='ltr' id='par_1_97' title="bbox 317 4929 1911 5006">
     <span class='ocr_line' id='line_1_97' title="bbox 317 4929 1911 5006; baseline -0.006 -14"><span class='ocrx_word' id='word_1_690' title='bbox 317 4941 394 5002; x_wconf 81' lang='grc' dir='ltr'>ὡς</span> <span class='ocrx_word' id='word_1_691' title='bbox 427 4938 668 5006; x_wconf 72' lang='grc' dir='ltr'>δημοσία</span> <span class='ocrx_word' id='word_1_692' title='bbox 717 4938 775 4989; x_wconf 91' lang='grc' dir='ltr'><strong>ἐν</strong></span> <span class='ocrx_word' id='word_1_693' title='bbox 821 4934 1167 5003; x_wconf 78' lang='grc' dir='ltr'>καταγέλωτι</span> <span class='ocrx_word' id='word_1_694' title='bbox 1230 4932 1299 4986; x_wconf 81' lang='grc' dir='ltr'><strong>τά</strong></span> <span class='ocrx_word' id='word_1_695' title='bbox 1347 4932 1437 4985; x_wconf 89' lang='grc' dir='ltr'><strong>τοῦ</strong></span> <span class='ocrx_word' id='word_1_696' title='bbox 1480 4929 1911 5003; x_wconf 86' lang='grc' dir='ltr'>Χριστιανισμοῦ</span> 
     </span>
    </p>
   </div>
   <div class='ocr_carea' id='block_1_98' title="bbox 1895 4912 3573 5006">
    <p class='ocr_par' dir='ltr' id='par_1_98' title="bbox 1895 4912 3573 5005">
     <span class='ocr_line' id='line_1_98' title="bbox 1895 4912 3573 5005; baseline -0.015 -14"><span class='ocrx_word' id='word_1_697' title='bbox 1895 4929 1911 4983; x_wconf 74' lang='lat'><strong>3</strong></span> <span class='ocrx_word' id='word_1_698' title='bbox 2012 4932 2285 5005; x_wconf 78' lang='lat' dir='ltr'><strong>peregrini</strong></span> <span class='ocrx_word' id='word_1_699' title='bbox 2324 4940 2379 4983; x_wconf 91' lang='lat' dir='ltr'><strong>et</strong></span> <span class='ocrx_word' id='word_1_700' title='bbox 2426 4927 2652 4981; x_wconf 67' lang='lat' dir='ltr'><strong>advena:</strong></span> <span class='ocrx_word' id='word_1_701' title='bbox 2702 4921 2977 4976; x_wconf 86' lang='lat' dir='ltr'><strong>Eeclesias</strong></span> <span class='ocrx_word' id='word_1_702' title='bbox 3021 4915 3444 4987; x_wconf 82' lang='lat' dir='ltr'><strong>oppugnabant,</strong></span> <span class='ocrx_word' id='word_1_703' title='bbox 3478 4912 3573 4967; x_wconf 90' lang='lat' dir='ltr'><strong>sed</strong></span> 
     </span>
    </p>
   </div>
   <div class='ocr_carea' id='block_1_99' title="bbox 318 5005 1996 5097">
    <p class='ocr_par' dir='ltr' id='par_1_99' title="bbox 318 5023 1907 5097">
     <span class='ocr_line' id='line_1_99' title="bbox 318 5023 1907 5097; baseline -0.006 -11"><span class='ocrx_word' id='word_1_704' title='bbox 318 5032 632 5086; x_wconf 79' lang='grc' dir='ltr'>ἐκκεῖσθαι.</span> <span class='ocrx_word' id='word_1_705' title='bbox 653 5028 942 5091; x_wconf 84' lang='grc' dir='ltr'>Νεανικῶς</span> <span class='ocrx_word' id='word_1_706' title='bbox 961 5028 1071 5097; x_wconf 75' lang='grc' dir='ltr'><strong>γάρ</strong></span> <span class='ocrx_word' id='word_1_707' title='bbox 1089 5027 1629 5095; x_wconf 72' lang='grc' dir='ltr'>διαπληκτιζόμενοι,</span> <span class='ocrx_word' id='word_1_708' title='bbox 1652 5023 1907 5094; x_wconf 75' lang='grc' dir='ltr'>πρέσϐεις</span> 
     </span>
    </p>
   </div>
   <div class='ocr_carea' id='block_1_100' title="bbox 1896 5005 3574 5097">
    <p class='ocr_par' dir='ltr' id='par_1_100' title="bbox 1896 5005 3574 5087">
     <span class='ocr_line' id='line_1_100' title="bbox 1896 5005 3574 5087; baseline -0.017 -2"><span class='ocrx_word' id='word_1_709' title='bbox 1896 5043 1907 5085; x_wconf 81' lang='grc' dir='ltr'><strong><em>ῖ</em></strong></span> <span class='ocrx_word' id='word_1_710' title='bbox 2010 5029 2157 5080; x_wconf 78' lang='lat' dir='ltr'><strong>cives</strong></span> <span class='ocrx_word' id='word_1_711' title='bbox 2193 5038 2254 5076; x_wconf 89' lang='lat' dir='ltr'><strong>ac</strong></span> <span class='ocrx_word' id='word_1_712' title='bbox 2286 5017 2519 5074; x_wconf 90' lang='lat' dir='ltr'><strong>tribules</strong></span> <span class='ocrx_word' id='word_1_713' title='bbox 2546 5014 2867 5087; x_wconf 79' lang='lat' dir='ltr'><strong>quotidiana</strong></span> <span class='ocrx_word' id='word_1_714' title='bbox 2908 5007 3305 5064; x_wconf 84' lang='lat' dir='ltr'><strong>consuetudine</strong></span> <span class='ocrx_word' id='word_1_715' title='bbox 3339 5005 3483 5058; x_wconf 89' lang='lat' dir='ltr'><strong>inter</strong></span> <span class='ocrx_word' id='word_1_716' title='bbox 3516 5018 3574 5057; x_wconf 89' lang='lat' dir='ltr'><strong>se</strong></span> 
     </span>
    </p>
   </div>
   <div class='ocr_carea' id='block_1_101' title="bbox 320 5096 1998 5187">
    <p class='ocr_par' dir='ltr' id='par_1_101' title="bbox 320 5112 1908 5187">
     <span class='ocr_line' id='line_1_101' title="bbox 320 5112 1908 5187; baseline -0.005 -13"><span class='ocrx_word' id='word_1_717' title='bbox 320 5121 597 5178; x_wconf 65' lang='grc' dir='ltr'>ἔστελλον,</span> <span class='ocrx_word' id='word_1_718' title='bbox 636 5120 827 5171; x_wconf 79' lang='grc' dir='ltr'>ὁποῖον</span> <span class='ocrx_word' id='word_1_719' title='bbox 873 5118 983 5170; x_wconf 80' lang='grc' dir='ltr'><strong>τῶν</strong></span> <span class='ocrx_word' id='word_1_720' title='bbox 1037 5117 1223 5187; x_wconf 83' lang='grc' dir='ltr'>μερῶν</span> <span class='ocrx_word' id='word_1_721' title='bbox 1261 5114 1483 5184; x_wconf 74' lang='grc' dir='ltr'>μείζονα</span> <span class='ocrx_word' id='word_1_722' title='bbox 1534 5112 1908 5184; x_wconf 84' lang='grc' dir='ltr'>περιαθροίσει</span> 
     </span>
    </p>
   </div>
   <div class='ocr_carea' id='block_1_102' title="bbox 1896 5096 3574 5187">
    <p class='ocr_par' dir='ltr' id='par_1_102' title="bbox 1896 5096 3574 5187">
     <span class='ocr_line' id='line_1_102' title="bbox 1896 5096 3574 5187; baseline -0.018 -11"><span class='ocrx_word' id='word_1_723' title='bbox 1896 5133 1908 5166; x_wconf 80' lang='grc' dir='ltr'><strong>ι</strong></span> <span class='ocrx_word' id='word_1_724' title='bbox 2011 5114 2312 5187; x_wconf 86' lang='lat' dir='ltr'><strong>conjuncti.</strong></span> <span class='ocrx_word' id='word_1_725' title='bbox 2350 5111 2555 5167; x_wconf 88' lang='lat' dir='ltr'><strong>bellum</strong></span> <span class='ocrx_word' id='word_1_726' title='bbox 2588 5106 2905 5161; x_wconf 88' lang='lat' dir='ltr'><strong>intestinum</strong></span> <span class='ocrx_word' id='word_1_727' title='bbox 2931 5102 3217 5172; x_wconf 84' lang='lat' dir='ltr'><strong>gerebant,</strong></span> <span class='ocrx_word' id='word_1_728' title='bbox 3244 5096 3448 5165; x_wconf 82' lang='lat' dir='ltr'><strong>linguis</strong></span> <span class='ocrx_word' id='word_1_729' title='bbox 3475 5111 3574 5164; x_wconf 87' lang='lat' dir='ltr'><strong>pro</strong></span> 
     </span>
    </p>
   </div>
   <div class='ocr_carea' id='block_1_103' title="bbox 322 5186 2000 5279">
    <p class='ocr_par' dir='ltr' id='par_1_103' title="bbox 322 5204 1910 5279">
     <span class='ocr_line' id='line_1_103' title="bbox 322 5204 1910 5279; baseline -0.009 -10"><span class='ocrx_word' id='word_1_730' title='bbox 322 5217 413 5269; x_wconf 64' lang='lat' dir='ltr'><strong>fw</strong></span> <span class='ocrx_word' id='word_1_731' title='bbox 440 5212 727 5278; x_wconf 64' lang='grc' dir='ltr'>σύλλογον.</span> <span class='ocrx_word' id='word_1_732' title='bbox 756 5210 1070 5279; x_wconf 76' lang='grc' dir='ltr'>Γράμματα</span> <span class='ocrx_word' id='word_1_733' title='bbox 1115 5208 1160 5261; x_wconf 84' lang='grc' dir='ltr'>δ’</span> <span class='ocrx_word' id='word_1_734' title='bbox 1212 5208 1435 5260; x_wconf 79' lang='grc' dir='ltr'>ἐναντία</span> <span class='ocrx_word' id='word_1_735' title='bbox 1472 5206 1603 5275; x_wconf 82' lang='grc' dir='ltr'>παρ’</span> <span class='ocrx_word' id='word_1_736' title='bbox 1655 5204 1910 5268; x_wconf 75' lang='grc' dir='ltr'>ἑκάστοις</span> 
     </span>
    </p>
   </div>
   <div class='ocr_carea' id='block_1_104' title="bbox 1897 5186 3575 5279">
    <p class='ocr_par' dir='ltr' id='par_1_104' title="bbox 1897 5186 3575 5268">
     <span class='ocr_line' id='line_1_104' title="bbox 1897 5186 3575 5268; baseline -0.017 0"><span class='ocrx_word' id='word_1_737' title='bbox 1897 5221 1910 5268; x_wconf 73' lang='grc' dir='ltr'>ς</span> <span class='ocrx_word' id='word_1_738' title='bbox 2014 5186 2185 5264; x_wconf 87' lang='lat' dir='ltr'><strong>hastis</strong></span> <span class='ocrx_word' id='word_1_739' title='bbox 2222 5212 2474 5267; x_wconf 87' lang='lat' dir='ltr'><strong>utentes,</strong></span> <span class='ocrx_word' id='word_1_740' title='bbox 2515 5209 2570 5253; x_wconf 90' lang='lat' dir='ltr'><strong>et</strong></span> <span class='ocrx_word' id='word_1_741' title='bbox 2603 5198 2816 5266; x_wconf 89' lang='lat' dir='ltr'><strong>seipsos</strong></span> <span class='ocrx_word' id='word_1_742' title='bbox 2861 5195 3097 5248; x_wconf 79' lang='lat' dir='ltr'><strong>invicem</strong></span> <span class='ocrx_word' id='word_1_743' title='bbox 3139 5190 3481 5244; x_wconf 86' lang='lat' dir='ltr'><strong>mordentes.</strong></span> <span class='ocrx_word' id='word_1_744' title='bbox 3515 5186 3575 5241; x_wconf 92' lang='lat' dir='ltr'><strong>ln</strong></span> 
     </span>
    </p>
   </div>
   <div class='ocr_carea' id='block_1_105' title="bbox 323 5278 2001 5374">
    <p class='ocr_par' dir='ltr' id='par_1_105' title="bbox 323 5278 1909 5374">
     <span class='ocr_line' id='line_1_105' title="bbox 323 5278 1909 5374; baseline -0.007 -15"><span class='ocrx_word' id='word_1_745' title='bbox 323 5310 668 5374; x_wconf 74' lang='grc' dir='ltr'>ἐπέμποντο.</span> <span class='ocrx_word' id='word_1_746' title='bbox 701 5302 775 5365; x_wconf 85' lang='grc' dir='ltr'>ὠς</span> <span class='ocrx_word' id='word_1_747' title='bbox 802 5278 1035 5353; x_wconf 73' lang='grc' dir='ltr'>πλεῖστα</span> <span class='ocrx_word' id='word_1_748' title='bbox 1059 5301 1152 5353; x_wconf 77' lang='grc' dir='ltr'>καὶ</span> <span class='ocrx_word' id='word_1_749' title='bbox 1191 5298 1537 5367; x_wconf 79' lang='grc' dir='ltr'>Ἀλέξανδρον</span> <span class='ocrx_word' id='word_1_750' title='bbox 1564 5298 1657 5349; x_wconf 74' lang='grc' dir='ltr'>καὶ</span> <span class='ocrx_word' id='word_1_751' title='bbox 1689 5299 1909 5363; x_wconf 80' lang='grc' dir='ltr'>Ἀρειον</span> 
     </span>
    </p>
   </div>
   <div class='ocr_carea' id='block_1_106' title="bbox 1899 5278 3577 5374">
    <p class='ocr_par' dir='ltr' id='par_1_106' title="bbox 1899 5278 3577 5362">
     <span class='ocr_line' id='line_1_106' title="bbox 1899 5278 3577 5362; baseline -0.015 -7"><span class='ocrx_word' id='word_1_752' title='bbox 1899 5312 1909 5346; x_wconf 77' lang='grc' dir='ltr'>ν</span> <span class='ocrx_word' id='word_1_753' title='bbox 2012 5314 2130 5355; x_wconf 87' lang='lat' dir='ltr'><strong>eam</strong></span> <span class='ocrx_word' id='word_1_754' title='bbox 2163 5310 2293 5351; x_wconf 88' lang='lat' dir='ltr'><strong>sane</strong></span> <span class='ocrx_word' id='word_1_755' title='bbox 2321 5293 2705 5362; x_wconf 88' lang='lat' dir='ltr'><strong>indignitatem</strong></span> <span class='ocrx_word' id='word_1_756' title='bbox 2733 5302 2820 5340; x_wconf 89' lang='lat' dir='ltr'><strong>res</strong></span> <span class='ocrx_word' id='word_1_757' title='bbox 2846 5284 3041 5348; x_wconf 89' lang='lat' dir='ltr'><strong>evasit,</strong></span> <span class='ocrx_word' id='word_1_758' title='bbox 3072 5291 3133 5337; x_wconf 88' lang='lat' dir='ltr'><strong>ut</strong></span> <span class='ocrx_word' id='word_1_759' title='bbox 3166 5281 3384 5351; x_wconf 87' lang='lat' dir='ltr'><strong>publice</strong></span> <span class='ocrx_word' id='word_1_760' title='bbox 3411 5278 3577 5334; x_wconf 87' lang='lat' dir='ltr'><strong>Chri-</strong></span> 
     </span>
    </p>
   </div>
   <div class='ocr_carea' id='block_1_107' title="bbox 325 5370 2003 5465">
    <p class='ocr_par' dir='ltr' id='par_1_107' title="bbox 325 5389 1909 5465">
     <span class='ocr_line' id='line_1_107' title="bbox 325 5389 1909 5465; baseline -0.007 -15"><span class='ocrx_word' id='word_1_761' title='bbox 325 5401 445 5460; x_wconf 82' lang='grc' dir='ltr'>ταῖς</span> <span class='ocrx_word' id='word_1_762' title='bbox 478 5398 778 5465; x_wconf 61' lang='grc' dir='ltr'>σφετέραις</span> <span class='ocrx_word' id='word_1_763' title='bbox 824 5393 1010 5457; x_wconf 79' lang='grc' dir='ltr'>δόξαις</span> <span class='ocrx_word' id='word_1_764' title='bbox 1065 5393 1414 5459; x_wconf 61' lang='grc' dir='ltr'>συναγαγεῖν</span> <span class='ocrx_word' id='word_1_765' title='bbox 1464 5391 1539 5450; x_wconf 85' lang='grc' dir='ltr'>ὡς</span> <span class='ocrx_word' id='word_1_766' title='bbox 1584 5389 1643 5454; x_wconf 77' lang='grc' dir='ltr'>ἐξ</span> <span class='ocrx_word' id='word_1_767' title='bbox 1680 5390 1909 5442; x_wconf 79' lang='grc' dir='ltr'>ἐκείνων</span> 
     </span>
    </p>
   </div>
   <div class='ocr_carea' id='block_1_108' title="bbox 1898 5370 3576 5465">
    <p class='ocr_par' dir='ltr' id='par_1_108' title="bbox 1898 5370 3576 5442">
     <span class='ocr_line' id='line_1_108' title="bbox 1898 5370 3576 5442; baseline -0.012 -3"><span class='ocrx_word' id='word_1_768' title='bbox 1898 5407 1909 5439; x_wconf 73' lang='grc' dir='ltr'><strong>ι</strong></span> <span class='ocrx_word' id='word_1_769' title='bbox 2014 5386 2333 5442; x_wconf 83' lang='lat' dir='ltr'><strong>stianismus</strong></span> <span class='ocrx_word' id='word_1_770' title='bbox 2373 5380 2441 5435; x_wconf 90' lang='lat' dir='ltr'><strong>ad</strong></span> <span class='ocrx_word' id='word_1_771' title='bbox 2484 5381 2665 5435; x_wconf 91' lang='lat' dir='ltr'><strong>locum</strong></span> <span class='ocrx_word' id='word_1_772' title='bbox 2703 5385 2757 5432; x_wconf 87' lang='lat' dir='ltr'><strong>et</strong></span> <span class='ocrx_word' id='word_1_773' title='bbox 2791 5374 3092 5431; x_wconf 91' lang='lat' dir='ltr'><strong>ludibrium</strong></span> <span class='ocrx_word' id='word_1_774' title='bbox 3117 5370 3379 5424; x_wconf 85' lang='lat' dir='ltr'><strong>omnibus</strong></span> <span class='ocrx_word' id='word_1_775' title='bbox 3406 5382 3576 5436; x_wconf 78' lang='lat' dir='ltr'><strong>expo-</strong></span> 
     </span>
    </p>
   </div>
   <div class='ocr_carea' id='block_1_109' title="bbox 328 5462 2006 5557">
    <p class='ocr_par' dir='ltr' id='par_1_109' title="bbox 328 5481 1911 5557">
     <span class='ocr_line' id='line_1_109' title="bbox 328 5481 1911 5557; baseline -0.006 -14"><span class='ocrx_word' id='word_1_776' title='bbox 328 5496 422 5543; x_wconf 81' lang='grc' dir='ltr'><strong>καί</strong></span> <span class='ocrx_word' id='word_1_777' title='bbox 454 5490 555 5551; x_wconf 70' lang='grc' dir='ltr'><strong>τὰς</strong></span> <span class='ocrx_word' id='word_1_778' title='bbox 585 5487 713 5556; x_wconf 64' lang='grc' dir='ltr'><strong>ἑξῆς</strong></span> <span class='ocrx_word' id='word_1_779' title='bbox 746 5487 990 5557; x_wconf 74' lang='grc' dir='ltr'>αἱρέσεις</span> <span class='ocrx_word' id='word_1_780' title='bbox 1044 5482 1364 5555; x_wconf 78' lang='grc' dir='ltr'>’Λρειανῶν,</span> <span class='ocrx_word' id='word_1_781' title='bbox 1419 5482 1791 5553; x_wconf 79' lang='grc' dir='ltr'>Εὑνομιανῶν,</span> <span class='ocrx_word' id='word_1_782' title='bbox 1817 5481 1911 5534; x_wconf 68' lang='grc' dir='ltr'>καὶ</span> 
     </span>
    </p>
   </div>
   <div class='ocr_carea' id='block_1_110' title="bbox 1903 5462 3581 5557">
    <p class='ocr_par' dir='ltr' id='par_1_110' title="bbox 1903 5462 3581 5536">
     <span class='ocr_line' id='line_1_110' title="bbox 1903 5462 3581 5536; baseline -0.013 -3"><span class='ocrx_word' id='word_1_783' title='bbox 1903 5499 1911 5533; x_wconf 79' lang='grc' dir='ltr'><strong>ι</strong></span> <span class='ocrx_word' id='word_1_784' title='bbox 2018 5482 2156 5536; x_wconf 80' lang='lat' dir='ltr'><strong>situs</strong></span> <span class='ocrx_word' id='word_1_785' title='bbox 2200 5484 2367 5529; x_wconf 86' lang='lat' dir='ltr'><strong>esset.</strong></span> <span class='ocrx_word' id='word_1_786' title='bbox 2420 5472 2747 5527; x_wconf 81' lang='lat' dir='ltr'><strong>Juveniliter</strong></span> <span class='ocrx_word' id='word_1_787' title='bbox 2801 5481 3037 5535; x_wconf 87' lang='lat' dir='ltr'><strong>namque</strong></span> <span class='ocrx_word' id='word_1_788' title='bbox 3089 5464 3233 5518; x_wconf 86' lang='lat' dir='ltr'><strong>inter</strong></span> <span class='ocrx_word' id='word_1_789' title='bbox 3277 5477 3336 5517; x_wconf 83' lang='lat' dir='ltr'><strong>se</strong></span> <span class='ocrx_word' id='word_1_790' title='bbox 3386 5462 3581 5515; x_wconf 85' lang='lat' dir='ltr'><strong>decer-</strong></span> 
     </span>
    </p>
   </div>
   <div class='ocr_carea' id='block_1_111' title="bbox 328 5557 2006 5651">
    <p class='ocr_par' dir='ltr' id='par_1_111' title="bbox 328 5576 1909 5651">
     <span class='ocr_line' id='line_1_111' title="bbox 328 5576 1909 5651; baseline -0.008 -12"><span class='ocrx_word' id='word_1_791' title='bbox 328 5588 471 5640; x_wconf 77' lang='grc' dir='ltr'>ὃαων</span> <span class='ocrx_word' id='word_1_792' title='bbox 502 5582 705 5646; x_wconf 80' lang='grc' dir='ltr'>ἄλλων,</span> <span class='ocrx_word' id='word_1_793' title='bbox 754 5581 857 5651; x_wconf 78' lang='grc' dir='ltr'>τὴν</span> <span class='ocrx_word' id='word_1_794' title='bbox 905 5579 1179 5650; x_wconf 78' lang='grc' dir='ltr'>πρόφασιν</span> <span class='ocrx_word' id='word_1_795' title='bbox 1228 5578 1328 5646; x_wconf 82' lang='grc' dir='ltr'>τῆς</span> <span class='ocrx_word' id='word_1_796' title='bbox 1383 5576 1695 5637; x_wconf 85' lang='grc' dir='ltr'>συστάσεως</span> <span class='ocrx_word' id='word_1_797' title='bbox 1744 5577 1909 5645; x_wconf 74' lang='grc' dir='ltr'>ἐσχη-</span> 
     </span>
    </p>
   </div>
   <div class='ocr_carea' id='block_1_112' title="bbox 1904 5557 3582 5651">
    <p class='ocr_par' dir='ltr' id='par_1_112' title="bbox 1904 5557 3582 5637">
     <span class='ocr_line' id='line_1_112' title="bbox 1904 5557 3582 5637; baseline -0.014 -7"><span class='ocrx_word' id='word_1_798' title='bbox 1904 5603 1909 5615; x_wconf 76' lang='grc' dir='ltr'><strong>ι</strong></span> <span class='ocrx_word' id='word_1_799' title='bbox 2020 5581 2235 5633; x_wconf 78' lang='lat' dir='ltr'><strong>tantes,</strong></span> <span class='ocrx_word' id='word_1_800' title='bbox 2296 5566 2598 5637; x_wconf 85' lang='lat' dir='ltr'><strong>legationes</strong></span> <span class='ocrx_word' id='word_1_801' title='bbox 2656 5557 3205 5619; x_wconf 80' lang='lat' dir='ltr'><strong>circuunuittebant,</strong></span> <span class='ocrx_word' id='word_1_802' title='bbox 3275 5564 3397 5609; x_wconf 89' lang='lat' dir='ltr'><strong>utra</strong></span> <span class='ocrx_word' id='word_1_803' title='bbox 3458 5568 3582 5622; x_wconf 86' lang='lat' dir='ltr'><strong>pars</strong></span> 
     </span>
    </p>
   </div>
   <div class='ocr_carea' id='block_1_113' title="bbox 331 5647 3577 5736">
    <p class='ocr_par' dir='ltr' id='par_1_113' title="bbox 331 5647 3577 5736">
     <span class='ocr_line' id='line_1_113' title="bbox 331 5647 3577 5736; baseline -0.009 -7"><span class='ocrx_word' id='word_1_804' title='bbox 331 5680 505 5733; x_wconf 79' lang='grc' dir='ltr'>κέναι.</span> <span class='ocrx_word' id='word_1_805' title='bbox 2021 5666 2280 5736; x_wconf 79' lang='lat' dir='ltr'><strong>majorem</strong></span> <span class='ocrx_word' id='word_1_806' title='bbox 2322 5660 2389 5714; x_wconf 91' lang='lat' dir='ltr'><strong>ad</strong></span> <span class='ocrx_word' id='word_1_807' title='bbox 2420 5675 2477 5712; x_wconf 88' lang='lat' dir='ltr'><strong>se</strong></span> <span class='ocrx_word' id='word_1_808' title='bbox 2506 5654 2852 5727; x_wconf 86' lang='lat' dir='ltr'><strong>pertraheret</strong></span> <span class='ocrx_word' id='word_1_809' title='bbox 2882 5652 3162 5705; x_wconf 90' lang='lat' dir='ltr'><strong>hominum</strong></span> <span class='ocrx_word' id='word_1_810' title='bbox 3191 5647 3577 5731; x_wconf 79' lang='lat' dir='ltr'><strong>frequentiam.</strong></span> 
     </span>
    </p>
   </div>
   <div class='ocr_carea' id='block_1_114' title="bbox 331 5720 3578 5841">
    <p class='ocr_par' dir='ltr' id='par_1_114' title="bbox 331 5720 3578 5841">
     <span class='ocr_line' id='line_1_114' title="bbox 331 5720 3578 5841; baseline -0.011 -16"><span class='ocrx_word' id='word_1_811' title='bbox 331 5771 396 5825; x_wconf 82' lang='lat' dir='ltr'><strong>Et</strong></span> <span class='ocrx_word' id='word_1_812' title='bbox 449 5770 878 5841; x_wconf 61' lang='lat' dir='ltr'><strong>quamplurimas</strong></span> <span class='ocrx_word' id='word_1_813' title='bbox 935 5766 1219 5835; x_wconf 65' lang='lat' dir='ltr'><strong>epistolas,</strong></span> <span class='ocrx_word' id='word_1_814' title='bbox 1282 5763 1427 5817; x_wconf 89' lang='lat' dir='ltr'><strong>inter</strong></span> <span class='ocrx_word' id='word_1_815' title='bbox 1482 5779 1541 5817; x_wconf 87' lang='lat' dir='ltr'><strong>se</strong></span> <span class='ocrx_word' id='word_1_816' title='bbox 1631 5762 1943 5827; x_wconf 66' lang='lat' dir='ltr'><strong>contrariae,</strong></span> <span class='ocrx_word' id='word_1_817' title='bbox 1988 5760 2189 5831; x_wconf 88' lang='lat' dir='ltr'><strong>passim</strong></span> <span class='ocrx_word' id='word_1_818' title='bbox 2244 5752 2604 5807; x_wconf 86' lang='lat' dir='ltr'><strong>mittebantur</strong></span> <span class='ocrx_word' id='word_1_819' title='bbox 2680 5749 2748 5802; x_wconf 89' lang='lat' dir='ltr'><strong>ab</strong></span> <span class='ocrx_word' id='word_1_820' title='bbox 2804 5747 2886 5799; x_wconf 90' lang='lat' dir='ltr'><strong>eis</strong></span> <span class='ocrx_word' id='word_1_821' title='bbox 2936 5744 3029 5814; x_wconf 89' lang='lat' dir='ltr'><strong>qui</strong></span> <span class='ocrx_word' id='word_1_822' title='bbox 3079 5742 3165 5795; x_wconf 79' lang='lat' dir='ltr'><strong>vel</strong></span> <span class='ocrx_word' id='word_1_823' title='bbox 3211 5720 3578 5795; x_wconf 80' lang='lat' dir='ltr'><strong>Alexandrum</strong></span> 
     </span>
    </p>
   </div>
   <div class='ocr_carea' id='block_1_115' title="bbox 335 5832 3582 5931">
    <p class='ocr_par' dir='ltr' id='par_1_115' title="bbox 335 5832 3582 5931">
     <span class='ocr_line' id='line_1_115' title="bbox 335 5832 3582 5931; baseline -0.01 -14"><span class='ocrx_word' id='word_1_824' title='bbox 335 5866 414 5919; x_wconf 82' lang='lat' dir='ltr'><strong>vel</strong></span> <span class='ocrx_word' id='word_1_825' title='bbox 463 5865 659 5918; x_wconf 78' lang='lat' dir='ltr'><strong>Arium</strong></span> <span class='ocrx_word' id='word_1_826' title='bbox 712 5860 1073 5931; x_wconf 81' lang='lat' dir='ltr'><strong>Opinionibus</strong></span> <span class='ocrx_word' id='word_1_827' title='bbox 1152 5860 1266 5913; x_wconf 86' lang='lat' dir='ltr'><strong>suis</strong></span> <span class='ocrx_word' id='word_1_828' title='bbox 1313 5857 1568 5913; x_wconf 71' lang='lat' dir='ltr'><strong>assentiri</strong></span> <span class='ocrx_word' id='word_1_829' title='bbox 1621 5857 1936 5924; x_wconf 81' lang='lat' dir='ltr'><strong>cupiebant.</strong></span> <span class='ocrx_word' id='word_1_830' title='bbox 1979 5853 2139 5925; x_wconf 81' lang='lat'><strong>555</strong></span> <span class='ocrx_word' id='word_1_831' title='bbox 2183 5852 2335 5907; x_wconf 83' lang='lat' dir='ltr'><strong>Unde</strong></span> <span class='ocrx_word' id='word_1_832' title='bbox 2380 5846 2678 5913; x_wconf 80' lang='lat' dir='ltr'><strong>deinceps,</strong></span> <span class='ocrx_word' id='word_1_833' title='bbox 2725 5856 2847 5911; x_wconf 74' lang='lat' dir='ltr'><strong>qua:</strong></span> <span class='ocrx_word' id='word_1_834' title='bbox 2923 5847 3127 5891; x_wconf 81' lang='lat' dir='ltr'><strong>secutae</strong></span> <span class='ocrx_word' id='word_1_835' title='bbox 3162 5844 3291 5888; x_wconf 87' lang='lat' dir='ltr'><strong>sunt</strong></span> <span class='ocrx_word' id='word_1_836' title='bbox 3343 5832 3582 5885; x_wconf 69' lang='lat' dir='ltr'><strong>haereses</strong></span> 
     </span>
    </p>
   </div>
   <div class='ocr_carea' id='block_1_116' title="bbox 340 5932 3414 6022">
    <p class='ocr_par' dir='ltr' id='par_1_116' title="bbox 340 5932 3414 6022">
     <span class='ocr_line' id='line_1_116' title="bbox 340 5932 3414 6022; baseline -0.012 -7"><span class='ocrx_word' id='word_1_837' title='bbox 340 5960 701 6022; x_wconf 70' lang='lat' dir='ltr'><strong>Arianorum,</strong></span> <span class='ocrx_word' id='word_1_838' title='bbox 742 5954 1245 6018; x_wconf 80' lang='lat' dir='ltr'><strong>Eunomianorum,</strong></span> <span class='ocrx_word' id='word_1_839' title='bbox 1288 5959 1344 6007; x_wconf 83' lang='lat' dir='ltr'><strong>et</strong></span> <span class='ocrx_word' id='word_1_840' title='bbox 1380 5950 1425 6009; x_wconf 83' lang='lat' dir='ltr'><strong>si</strong></span> <span class='ocrx_word' id='word_1_841' title='bbox 1456 5965 1574 6014; x_wconf 73' lang='lat' dir='ltr'><strong>qua:</strong></span> <span class='ocrx_word' id='word_1_842' title='bbox 1603 5958 1731 6004; x_wconf 84' lang='lat' dir='ltr'><strong>sunt</strong></span> <span class='ocrx_word' id='word_1_843' title='bbox 1767 5949 1905 6009; x_wconf 64' lang='lat' dir='ltr'><strong>alite,</strong></span> <span class='ocrx_word' id='word_1_844' title='bbox 1948 5946 2161 6002; x_wconf 66' lang='lat' dir='ltr'><strong>dissidii</strong></span> <span class='ocrx_word' id='word_1_845' title='bbox 2193 5954 2240 5993; x_wconf 69' lang='lat' dir='ltr'><strong>et</strong></span> <span class='ocrx_word' id='word_1_846' title='bbox 2281 5935 2705 5999; x_wconf 68' lang='lat' dir='ltr'><strong>conﬂictationis</strong></span> <span class='ocrx_word' id='word_1_847' title='bbox 2732 5932 3077 5991; x_wconf 79' lang='lat' dir='ltr'><strong>occasionem</strong></span> <span class='ocrx_word' id='word_1_848' title='bbox 3109 5940 3414 5996; x_wconf 85' lang='lat' dir='ltr'><strong>sumpsere.</strong></span> 
     </span>
    </p>
   </div>
  </div>
