4250 6450
772 393 831 459 5Ί
1994 408 2415 475 NICEPHORI
2455 415 2800 478 CALLISTI
3159 439 3165 447 '
3952 421 4022 486 52

1353 514 1579 570 CAPUT
1624 517 1738 571 XII.

768 596 1231 672 i.'t_(_ionstatttittus
1256 605 1438 658 audita
1469 606 1717 666 Ecclesia!
1731 613 2081 672 contentione.
2118 615 2336 667 Hosium

832 669 1159 744 {limantth
1193 673 1247 724 in
1291 672 1554 729 Orientem
1594 681 1812 744 miserit,
1863 684 1932 735 ad
1996 669 2333 737 concordiam

831 741 969 792 inter
997 740 1303 796 dissidentes
1323 745 1732 803 conciliandam.

831 918 963 985 Quae
987 924 1268 979 contentio
1295 941 1418 980 cum
1443 928 1508 980 ad
1535 928 1886 998 imperatoris
1909 948 2128 1002 quoque
2154 935 2332 988 aulam

763 1014 1127 1080 pervenisset,
1171 1031 1279 1070 non
1312 1020 1690 1086 mediocriter,
1725 1039 1789 1078 ea
1823 1025 2030 1090 audita,
2067 1027 2325 1082 laudatis-

760 1105 929 1157 simus
982 1117 1266 1174 permotus
1311 1122 1395 1166 est
1451 1122 1617 1182 atque
1665 1115 1904 1170 indoluit
1953 1118 2230 1186 princeps.
2267 1119 2334 1173 Et

759 1197 909 1257 gravi
958 1197 1009 1250 in
1057 1199 1243 1254 animo
1275 1214 1546 1273 concepto
1592 1221 1861 1274 maerore,
1897 1209 2175 1278 propriam
2207 1226 2330 1264 eam

763 1290 1043 1356 reputavit
1085 1306 1206 1348 esse
1254 1295 1641 1350 calamitatem.
1673 1297 1972 1354 Confestim
2016 1317 2147 1370 ergo
2179 1301 2332 1356 llam-

762 1395 901 1432 mam
957 1396 1242 1438 accensam
1288 1388 1675 1459 exstinguere,
1723 1402 1779 1446 et
1825 1408 1988 1462 quam
2040 1396 2328 1452 celerrime

759 1470 1024 1524 malorum
1052 1473 1256 1528 fontem
1283 1478 1544 1534 obturare
1571 1481 1803 1536 studuit.
1829 1484 2135 1539 Verebatur
2158 1488 2328 1548 enim,

755 1563 900 1629 quod
966 1581 1143 1633 nuper
1201 1568 1496 1624 admodum
1555 1572 1746 1640 religio
1804 1575 1989 1644 vigere
2044 1579 2323 1647 ccepisset,

759 1655 960 1710 inultos
991 1654 1263 1728 ejusmodi
1294 1662 1619 1727 opinionum
1654 1666 2000 1724 dissensione
2033 1672 2326 1738 adductos,

759 1748 918 1801 Iidem
952 1761 1302 1808 aversaturos
1341 1771 1482 1810 esse.
1529 1757 1713 1826 Itaque
1750 1760 1951 1816 litteris
1990 1765 2231 1834 scriptis,
2271 1777 2327 1821 et

3042 535 3292 589 ΚΕΦΑΛ.
3331 536 3435 591 ΙΒ¹.

2473 622 2554 686 Ως
2583 621 2856 694 ἀκούσας
2905 623 3019 694 τὴν
3069 624 3179 690 τῆς
3237 627 3602 692 Ἐκκ.1ησιάς
3632 626 3760 694 ἔριν
3794 629 3827 680 ὀ
3863 631 4021 681 Κων-

2517 693 2859 757 σταντῖνυς,
2917 693 3128 747 Ὅσιον
3178 697 3286 748 τὸν
3337 696 3631 750 Ἰσπανὸν
3662 693 3775 760 είς
3806 696 3920 761 τὴν
3949 697 4024 749 ἓω

2516 760 2901 834 ἁπέςτελλεν
2928 765 3015 829 εὶς
3049 763 3381 834 διαλλαγὰς
3402 764 3673 834 χωρῆσαι
3711 765 3837 832 τοῖς
3870 760 4020 819 στα-

2517 830 2852 890 σιὰζουσιν.

2525 944 2681 996 Ἐπεὶ
2712 944 2766 996 δέ
2813 947 2843 1015 ἡ
2877 945 2990 1016 ἔρις
3024 947 3154 1017 ἄχρι
3189 950 3284 1000 καὶ
3316 947 3426 1001 τῶν
3475 947 3769 1018 βασιλείων
3805 949 4016 1018 ἐφοίτα,

2440 1035 2501 1086 ού
2548 1038 2783 1104 μετρίως
2831 1039 3168 1110 ἐδυσφόρησε
3213 1025 3516 1104 διακούσας
3571 1043 3599 1094 ὁ
3658 1041 4020 1110 πανεύφημος

2443 1124 2718 1195 βασιλεύς.
2770 1130 3079 1201 Περιαλγὴς
3109 1131 3165 1186 δὲ
3215 1132 3315 1202 τὴν
3364 1133 3542 1204 ψυχὴν
3589 1135 3905 1204 γενόμενος,
3947 1136 4023 1186 οἰ-

2443 1222 2598 1274 κείαν
2631 1222 2914 1288 ἐλογίσατο
2947 1226 3235 1296 συμφοράν
3259 1243 3271 1256 ’
3310 1227 3404 1279 καὶ
3439 1226 3800 1302 παραχρῆμα,
3827 1226 4016 1278 σϐέσαι

2443 1315 2543 1380 τὴν
2569 1315 2954 1384 ἀναπτομένην
3002 1317 3175 1384 φλόγα
3211 1319 3450 1384 σπουδὴν
3499 1319 3760 1382 ἐποιεῖτο,
3791 1320 3886 1370 καὶ
3919 1317 4018 1386 τὴν

2445 1403 2552 1456 τῶν
2577 1406 2761 1465 κακῶν
2783 1407 2855 1467 ὡς
2888 1409 3050 1477 τάχος
3073 1408 3350 1478 ἐμφράξαι
3382 1411 3586 1479 πηγήν.
3615 1411 3726 1463 Καὶ
3752 1411 3858 1477 γὰρ
3879 1407 4017 1478 ᾣετο

2441 1499 2774 1565 προσφάτως
2820 1498 2918 1570 ἤδη
2972 1501 3070 1570 τῆς
3111 1501 3409 1571 θρησκείας
3451 1501 3637 1566 αὔξειν
3681 1502 4011 1570 ἀρχομένης,

2439 1590 2669 1652 πολλοὺς
2703 1594 2767 1662 τῇ
2809 1591 3080 1665 διαφωνία
3109 1592 3207 1662 τῆς
3252 1593 3410 1663 δόξης
3455 1594 3882 1664 ἀποστραφῆναι
3914 1593 4014 1662 τὴν

2440 1678 2624 1729 πίστιν
2654 1694 2668 1707 ο
2710 1681 2803 1732 καὶ
2831 1683 3084 1750 γράφων,
3123 1683 3181 1734 ἐν
3218 1682 3418 1745 αἰτίαις
3459 1683 3628 1736 ἐτίθει
3657 1685 3753 1735 καὶ
3795 1684 4014 1752 Ἀρειον

2439 1770 2532 1822 καὶ
2586 1770 2959 1842 Ἀλέξανδρον,
3005 1773 3282 1838 ἐγκαλῶν,
3332 1768 3414 1836 οἷς
3465 1774 3777 1846 δυναμένην
3828 1775 4015 1828 λαθεῖν

753 1839 942 1895 Arium
979 1852 1033 1896 et
1071 1843 1444 1901 Alexandrum
1491 1849 1820 1920 obiurgans,
1853 1853 1989 1907 vitio
2032 1859 2115 1910 eis
2157 1860 2328 1912 vertit
2366 1897 2404 1949 Β

2366 1897 2404 1949 Β
2437 1861 2666 1933 ζήτησιν
2705 1839 2950 1934 ἦγοννείς
2993 1865 3161 1933 μέσον
3189 1882 3202 1895 ·
3240 1867 3335 1919 καὶ
3363 1868 3431 1937 τῇ
3474 1839 3620 1936 ἄγαν
3655 1839 3747 1920 τού
3781 1867 4015 1933 φιλονει-

754 1934 918 1999 quod,
943 1952 1066 2006 quae
1098 1939 1271 1994 latere
1302 1944 1572 2010 potuerit,
1600 1946 1968 2014 qumstiottem
1997 1949 2049 2003 in
2083 1952 2326 2008 medium

753 2029 1039 2084 attulerint
1067 2050 1079 2085 :
1107 2041 1162 2087 et
1185 2034 1351 2088 nimia
1377 2036 1443 2089 ad
1469 2040 1915 2095 contendendum
1941 2043 2322 2107 inclinatione,

752 2139 814 2176 ea
849 2140 1133 2194 perperam
1168 2130 1466 2199 vulgarint,
1505 2150 1626 2202 qua}
1658 2151 1836 2203 neque
1874 2154 2115 2205 movere,
2149 2159 2328 2211 neque

754 2231 979 2282 prorsus
1017 2219 1070 2272 in
1104 2221 1347 2276 animum
1380 2225 1696 2289 admittere,
1734 2239 1829 2283 aut
1858 2241 2028 2296 certe,
2065 2234 2107 2286 si
2149 2235 2328 2288 admi-

752 2308 971 2375 sissent,
1009 2311 1229 2366 silentio
1268 2324 1468 2386 tegere,
1509 2335 1686 2387 neque
1716 2322 1788 2376 ita
1825 2324 1968 2378 inter
2006 2341 2127 2381 sese
2159 2327 2327 2382 dissi-

751 2400 918 2468 dere,
961 2408 1214 2473 quamvis
1261 2409 1366 2462 illis
1413 2418 1526 2464 tum
1568 2411 1636 2465 de
1681 2414 1933 2482 dogmate
1975 2433 2084 2472 non
2120 2434 2324 2474 conve-

755 2494 916 2557 niret,
944 2494 1288 2554 debuissent.
1324 2501 1580 2556 Omnium
1621 2509 1823 2574 quippe
1861 2509 2094 2565 maxime
2130 2529 2322 2568 neces-

750 2587 954 2642 sarium
982 2606 1150 2645 unum
1179 2609 1298 2648 esse
1325 2598 1558 2664 putavit,
1588 2608 1646 2651 ut
1669 2598 1737 2652 de
1762 2600 1946 2655 divina
1975 2604 2322 2672 providentia

750 2685 1182 2750 ronsentiamus,
1226 2697 1284 2742 et
1309 2704 1502 2744 omnes
1537 2692 1785 2746 eamdem
1817 2693 1979 2754 ﬁdem
2011 2712 2320 2756 servemus.

755 2772 1034 2841 Exquisite
1059 2792 1189 2830 vero
1211 2778 1279 2833 de
1301 2780 1571 2850 ejusmodi
1599 2783 1765 2838 rebus
1796 2785 2094 2853 inquirere,
2124 2804 2326 2844 secun-

747 2866 938 2919 darum
968 2884 1086 2924 esse
1116 2873 1376 2940 partium.
1406 2875 1560 2939 Quod
1597 2877 1640 2930 si
1674 2879 1942 2946 ambigua:
1972 2895 2321 2952 emergerem

746 2959 1066 3025 sententias,
1111 2965 1319 3019 rectius
1366 2982 1460 3021 eas
1506 2967 1560 3020 in
1611 2970 1924 3023 recessibus
1960 2975 2162 3025 mentis
2199 2984 2318 3026 tan-

745 3065 910 3118 quam
964 3050 1020 3106 in
1070 3055 1303 3120 umbra,
1355 3060 1489 3127 regi.
1541 3057 1884 3129 Quapropter
1934 3073 1994 3116 ut
2039 3077 2070 3116 a
2120 3063 2320 3120 talibus

746 3146 1119 3201 contentionis
1150 3149 1308 3217 nugis
1338 3151 1684 3216 alienissimi,
1715 3154 1855 3207 idem
1895 3159 2188 3220 sentirent,
2225 3172 2320 3212 eos

2439 1956 2555 2006 κεῖν
2585 1955 2927 2023 μετακλίσει,
2959 1957 3234 2026 παράγειν
3263 1957 3299 2012 ἃ.
3333 1961 3470 2028 μήτε
3503 1960 3672 2012 κινεῖν
3706 1959 3835 2021 ἔδει,
3871 1961 4012 2029 μήτε

2434 2046 2534 2116 τὴν
2571 2048 2749 2118 ἀρχὴν
2781 2049 3138 2119 ἐνθυμεῖσθαι
3165 2066 3178 2080 °
3224 2053 3318 2104 καὶ
3358 2051 3786 2124 ἐνθυμηθέντας,
3831 2054 4011 2122 σιωπῇ

2433 2136 2739 2205 κρύπτειν·
2775 2140 2900 2209 μηδ’
2951 2141 3123 2204 οὕτως
3167 2141 3414 2213 ἀλλήλων
3471 2143 3918 2211 ἀποδιίστασθαι,
3961 2147 4011 2198 εί

2432 2228 2523 2284 καὶ
2558 2229 2698 2290 τέως
2729 2231 2856 2296 περί
2883 2247 2941 2283 τε
2973 2231 3068 2284 τού
3099 2232 3368 2302 δόγματος
3399 2234 3772 2305 διαφέρονται.
3799 2237 3870 2289 Τὸ
3902 2237 4010 2308 γὰρ

2430 2322 2728 2386 ἀναγκαῖον
2769 2322 2826 2374 ἓν
2861 2319 3025 2387 εἶναι,
3060 2327 3193 2394 περὶ
3235 2326 3335 2396 τῆς
3382 2326 3533 2390 θείας
3575 2329 3835 2398 προνοίας
3873 2347 4012 2399 συμ-

2429 2413 2630 2480 φωνεῖν
2663 2413 2896 2479 πάντας,
2930 2417 3025 2469 καὶ
3060 2418 3158 2488 τὴν
3195 2418 3367 2487 αὐτὴν
3401 2424 3591 2491 τηρεῖν
3623 2424 3832 2477 πίστιν.
3861 2424 3934 2476 Τὸ
3963 2424 4010 2477 δ’

2427 2504 2808 2575 ἀκριϐολογεῖν
2845 2507 2974 2578 περὶ
3023 2510 3132 2562 τῶν
3184 2511 3443 2565 τοιούτων
3474 2515 3533 2566 ἐν
3588 2514 3828 2586 δευτέρῳ
3856 2517 4009 2569 τίθε-

2429 2595 2576 2652 σθαι.
2635 2597 2698 2651 Et
2733 2599 2788 2652 δέ
2846 2603 2940 2653 καὶ
2996 2603 3293 2671 ἀμφίϐολοι
3353 2607 3596 2675 γένοιντο
3641 2609 3885 2678 γνῶμαι,
3947 2612 4006 2662 ἐν

2425 2692 2725 2762 ἀπορρήτῳ
2765 2694 2865 2761 τῆς
2894 2692 3140 2757 διανοίας
3194 2697 3584 2768 ἐπηλυγάζειν.
3646 2701 3744 2753 Διά
3789 2717 3872 2753 τοι
3912 2703 4007 2765 καὶ

2423 2785 2522 2854 τῆς
2554 2786 2683 2857 περὶ
2736 2788 2804 2838 τὰ
2837 2787 3070 2840 τοιαῦτα
3107 2789 3306 2859 λέσχης
3338 2792 3415 2855 ὡς
3467 2794 3807 2865 πορρωτέρω
3847 2811 4001 2861 γενο-

2427 2879 2647 2947 μένους,
2671 2878 2740 2930 τὰ
2777 2880 2866 2932 ἴσα
2899 2884 3119 2949 φρονεῖν
3146 2883 3396 2938 ὑπετίθει
3419 2902 3430 2914 ⁸
3465 2887 3727 2956 ἄχθεσθαι
3757 2889 3864 2957 γὰρ
3891 2891 4002 2952 τοῖς

2421 2970 2690 3034 τοιούτοις
2724 2972 2799 3034 ὡς
2849 2973 3099 3028 πλεῖστον
3125 2992 3138 3005 ο
3172 2978 3265 3029 καί
3297 2995 3360 3046 γε
3398 2978 3680 3050 προύργου
3720 2980 4008 3051 τιθέμενον

2425 3067 2519 3118 καὶ
2553 3065 2652 3127 τὰς
2679 3067 2822 3121 κατὰ
2859 3068 2957 3135 τὴν
2992 3069 3065 3121 ἕω
3095 3070 3284 3134 πόλεις
3324 3070 3454 3123 ίδεῖν
3485 3075 3582 3126 καὶ
3635 3075 3812 3144 αὐτὴν
3857 3074 4007 3129 Ἀλε-

2425 3156 2708 3224 ξάνδρειαν
2764 3159 2864 3228 τὴν
2918 3161 3182 3232 τοιαύτην
3238 3162 3354 3232 ἔριν
3402 3164 3774 3219 καθίστασθαι
3825 3169 4002 3237 ἐμπο-

745 3245 832 3289 est
861 3238 1179 3295 cohortatus
1203 3260 1216 3296 :
1249 3258 1392 3313 aegre
1422 3245 1525 3298 sibi
1553 3262 1677 3299 esse.
1701 3263 1864 3316 quam
1893 3251 2126 3303 maxime
2158 3259 2323 3305 testa-
2349 3237 2394 3298 Ο
2426 3251 2555 3304 δών.

749 3340 867 3387 tos.
908 3330 1160 3388 homines
1203 3336 1340 3390 tales
1384 3349 1440 3393 et
1489 3339 1653 3392 urbes
1684 3340 2027 3406 Orientales,
2101 3345 2354 3412 quamvis
2396 3362 2497 3400 usu
2541 3348 2763 3416 publico
2803 3348 2856 3404 id
2888 3347 3199 3420 ﬂagitante,
3271 3352 3556 3423 ipsamque
3598 3351 3738 3408 adeo
3766 3354 4006 3407 Alexan-

745 3423 943 3487 driam,
973 3433 1126 3479 tanto
1148 3429 1250 3482 sibi
1278 3431 1398 3497 ejus
1422 3431 1634 3486 dissidii
1661 3433 2056 3502 impedimento
2075 3436 2318 3507 objecto,
2362 3441 2568 3493 visere.

780 3560 784 3563 .
818 3519 968 3576 Talia
1009 3524 1256 3593 quaadam
1303 3527 1681 3595 objurgatione
1716 3537 1771 3582 et
1813 3530 2072 3585 suasione
2110 3541 2317 3600 tempe-

749 3623 885 3678 rata,
934 3615 1250 3670 Alexandro
1297 3626 1352 3672 et
1407 3619 1540 3672 Ario
1595 3620 2037 3689 sapientissimus
2089 3625 2316 3692 scripsit

747 3708 1064 3777 imperator.
1115 3711 1367 3766 Graviter
1407 3714 1572 3767 etiam
1621 3714 1914 3768 admodum
1967 3716 2119 3782 tulit,
2169 3720 2313 3785 quod

747 3800 1016 3866 audisset,
1049 3804 1314 3872 quosdam
1350 3807 1402 3859 in
1436 3805 1660 3859 Oriente
1691 3806 1889 3860 festum
1924 3808 2144 3862 Pasehze
2170 3809 2314 3862 diem

748 3912 858 3949 non
894 3895 1087 3950 eodem
1131 3905 1375 3967 tempore
1406 3915 1517 3969 quo
1548 3900 1789 3969 reliquos
1821 3917 2014 3955 omnes
2042 3901 2312 3957 Christia-

749 4004 882 4050 nos.
929 3989 1256 4043 celebrare:
1296 4005 1503 4060 eosque
1551 4007 1675 4045 cum
1723 3991 1998 4063 singulare.
2051 3994 2313 4062 quiddam

747 4081 852 4135 sibi
904 4096 1205 4151 usurpare,
1253 4094 1415 4153 atque
1447 4100 1476 4138 a
1508 4084 1788 4140 destinato
1820 4096 2056 4155 receptae
2088 4087 2158 4139 ab
2193 4087 2315 4140 aliis

745 4175 1165 4228 consuetudinis
1215 4175 1467 4230 instituto
1512 4177 1810 4240 recedere,
1858 4188 1970 4231 tum
2018 4180 2183 4233 ferias
2221 4195 2315 4233 eas

744 4268 976 4322 Judaico
1003 4265 1243 4336 quodam
1286 4283 1436 4321 more
1470 4285 1760 4339 peragere;
1795 4281 2134 4339 quapropter
2163 4272 2316 4325 fieret

751 4369 810 4411 ut
863 4370 967 4413 tam
1016 4360 1174 4414 laetus
1216 4368 1272 4414 et
1313 4359 1485 4415 festus
1523 4361 1962 4416 Christianorum
2009 4375 2314 4420 conventus

747 4455 1143 4507 obscuraretur
1165 4491 1178 4512 ,
1215 4461 1271 4506 et
1301 4453 1642 4508 dissensione
1673 4455 2088 4523 depravaretur.
2129 4457 2315 4526 Itaque

747 4545 1185 4598 consentientem
1223 4554 1422 4598 statum
1468 4545 1724 4600 Eeclesiis
1757 4548 2053 4602 conciliare
2096 4549 2310 4612 volens,

749 4637 912 4706 556
946 4647 1174 4704 utraque
1211 4638 1265 4690 in
1309 4653 1366 4691 re
1406 4637 1658 4692 inhibere
1693 4639 1818 4692 mali
1853 4649 2168 4692 currentem
2211 4640 2313 4693 im-

748 4741 959 4795 petunt.
997 4730 1312 4798 priusquam
1345 4729 1510 4784 latius
1549 4731 1614 4783 ad
1653 4733 1833 4798 plures
1874 4732 2224 4800 perveniret,
2255 4741 2311 4787 et

2498 3532 2741 3587 Τοιαῦτα
2795 3535 2857 3605 δή
2921 3553 3047 3591 τινα
3110 3537 3397 3608 σύμμικτα
3454 3542 3665 3613 μέμψει
3713 3543 3811 3596 καὶ
3861 3549 4004 3613 συμ’

2421 3626 2583 3696 ϐουλῇ
2628 3626 2968 3698 Ἀλεξάνδρῳ
3017 3631 3114 3684 καὶ
3155 3632 3349 3701 ’Δρείῳ
3397 3635 3426 3686 ὁ
3459 3637 3741 3704 πάνσοφος
3789 3635 3999 3705 ἔγραφε

2421 3723 2526 3792 βατ
2553 3724 2700 3786 λεύς.
2743 3725 2883 3779 Λίαν
2932 3727 2989 3779 δέ
3038 3728 3296 3796 χαλεπῶς
3344 3727 3510 3797 ἔφερε
3563 3727 3996 3796 πυνθανόμενος,

2419 3818 2513 3869 καί
2560 3833 2716 3877 τινας
2761 3818 2903 3870 κατὰ
2940 3821 3035 3888 τὴν
3068 3819 3142 3872 ἕω
3182 3821 3280 3889 τὴν
3319 3820 3412 3872 τοῦ
3448 3821 3639 3888 Πάσχα
3689 3819 3884 3890 ἑορτὴν
3921 3819 3997 3888 μὴ

2418 3909 2509 3961 ἐπὶ
2553 3913 2684 3978 μιᾶς
2733 3912 2890 3979 ἄγειν
2937 3914 3172 3983 ἡμέρας,
3220 3913 3295 3976 ὡς
3344 3915 3470 3975 τοὺς
3504 3912 3701 3974 ἄλλους
3743 3915 3999 3976 ἅπαντας

2420 4002 2817 4071 Χριστιανούς⁶
2859 4005 3155 4074 διαφόρους
3197 4006 3244 4058 δ’
3283 4005 3538 4058 ἐντεῦθεν
3579 4005 3951 4058 καθίστασθαι
3978 4019 3991 4033 ⁶

2419 4097 2513 4148 καὶ
2543 4095 2621 4166 τῷ
2655 4097 3006 4165 ἀκοινωνήτῳ
3039 4098 3138 4166 μὲν
3175 4097 3248 4168 μὴ
3276 4097 3608 4162 διίστασθαι,
3642 4097 3736 4150 ᾰτε
3762 4096 3819 4149 δὲ
3863 4097 3995 4149 Ἰου-

2416 4187 2753 4258 δαῖκώτερον
2784 4189 3171 4252 ἐπιτελοῦντας
3211 4189 3368 4249 αὐτὸ.
3413 4188 3740 4257 συμϐαίνειν
3769 4187 3830 4239 τὸ
3862 4205 3994 4256 φαι-

2415 4281 2542 4350 δρὸν
2582 4281 2684 4347 τῆς
2713 4284 3078 4353 πανηγύρεως
3108 4282 3497 4352 ἀμαυροῦσθαι
3529 4285 3593 4350 τῇ
3627 4282 3866 4351 διχονοίᾳ
3897 4281 3992 4332 καὶ

2417 4373 2927 4427 καταϐλάπτεσθαι.
2983 4375 3093 4428 Καί
3136 4392 3198 4442 γε
3234 4377 3294 4427 τὸ
3342 4375 3713 4428 ἀστασίαστον
3759 4375 3826 4442 τῇ
3874 4373 3993 4424 Ἐκ-

2418 4469 2618 4538 κλησία
2673 4469 3223 4537 πραγματευόμενος,
3266 4467 3562 4520 ἐσπούδασε
3594 4467 3661 4520 δι’
3703 4467 3992 4535 ἀμφότερα

2419 4559 2860 4627 προκαταλαϐεῖν
2896 4561 2994 4630 τὴν
3027 4559 3120 4614 τοῦ
3149 4561 3322 4613 κακοῦ
3353 4562 3558 4629 ῥύμην,
3598 4561 3726 4628 πρὶν
3759 4560 3838 4620 είς
3864 4557 3992 4610 πολ-

2416 4653 2544 4713 λοὺς
2580 4652 2762 4722 διαϐῇ,
2803 4653 2897 4704 καὶ
2933 4655 2994 4706 τὸ
3044 4653 3337 4717 σιασιὰζον
3377 4654 3710 4719 συναγαγεῖν
3755 4654 3834 4711 εἷς
3862 4651 3987 4718 ὁμί.

2417 4759 2587 4793 νοιαν.
2621 4741 2730 4793 Καὶ
2765 4742 2831 4810 δή
2864 4759 2984 4794 τινα
3008 4742 3117 4795 τῶν
3141 4743 3282 4811 ἀμφ’
3313 4743 3474 4794 αὑτὸν
3508 4741 3610 4812 βίῳ
3639 4759 3697 4795 τε
3730 4743 3825 4794 καὶ
3851 4741 3989 4805 λόγῳ

750 4822 1072 4875 seditionem
1115 4821 1180 4878 ad
1227 4823 1576 4875 concordiam
1614 4822 1878 4876 reducere
1909 4824 2142 4876 studuit.
2182 4824 2312 4894 Ejus
2348 4822 2428 4882 De

2348 4822 2388 4875 D
2417 4831 2686 4899 διάσημον
2718 4831 2886 4899 ἄνδρα
2919 4833 3095 4901 εδρών
3120 4849 3134 4864 ⁹
3173 4832 3459 4900 διαῦἀητον
3490 4832 3588 4900 μὲν
3623 4833 3725 4884 κάν
3755 4834 3866 4891 τοῖς
3900 4830 3992 4882 ἂλ-

749 4916 825 4967 rei
862 4919 1060 4982 gratia.
1096 4916 1274 4968 virum
1315 4924 1364 4975 et
1412 4916 1518 4968 vita
1555 4925 1612 4968 et
1651 4916 1901 4968 doctrina
1940 4917 2142 4984 insigni
2178 4932 2308 4985 prte-

749 5008 950 5071 ditnm,
980 5008 1071 5076 qni
1103 5023 1226 5061 cum
1253 5009 1376 5061 aliis
1404 5009 1456 5062 in
1485 5010 1650 5063 rebus
1676 5012 1971 5076 praeclarus
2000 5020 2166 5072 esset,
2197 5019 2311 5063 tum

750 5105 802 5154 in
841 5101 1039 5154 tuenda
1083 5103 1204 5155 fidei
1257 5103 1602 5171 professione
1638 5105 1802 5170 paulo
1846 5113 2007 5157 antea
2062 5119 2311 5173 magnam

751 5199 852 5251 sibi
888 5198 1112 5265 gloriam
1145 5207 1537 5266 comparasset,
1571 5200 1776 5265 quique
1813 5199 1864 5250 in
1903 5200 2135 5251 maxima
2167 5199 2309 5266 apud

748 5294 1134 5358 imperatorem
1159 5291 1507 5343 veneratione
1527 5299 1581 5341 et
1612 5291 1817 5343 honore
1844 5291 2119 5359 praecipuo
2140 5301 2304 5351 esset,

745 5383 968 5434 nomine
1020 5382 1281 5443 llosium,
1330 5381 1572 5435 civitatis
1618 5381 1886 5435 Cordubae
1937 5382 1987 5433 in
2039 5380 2299 5447 Hispania

744 5476 1088 5543 cpisCOpum,
1112 5490 1177 5528 ex
1205 5474 1462 5530 omnibus
1485 5474 1846 5527 familiaribus
1869 5475 1984 5526 suis
2005 5474 2303 5534 delectum,

745 5583 865 5622 cum
910 5567 1108 5620 litteris
1152 5566 1218 5619 ad
1253 5581 1349 5620 eos
1384 5565 1476 5634 qui
1512 5566 1564 5618 in
1597 5563 1825 5635 Egypto
1876 5565 2018 5617 inter
2051 5579 2107 5618 se
2147 5563 2308 5617 dissi-

747 5660 951 5712 debant
981 5659 1360 5714 conciliandos
1383 5669 1439 5714 et
1459 5660 1522 5711 ad
1547 5659 1898 5713 concordiam
1925 5658 2304 5712 reducendos:

746 5761 796 5803 et
832 5750 958 5804 item
1008 5753 1072 5804 ad
1105 5769 1200 5807 eos
1234 5755 1322 5822 qui
1378 5755 1430 5806 in
1474 5753 1704 5808 Oriente
1750 5752 2014 5806 Ecclesiis
2060 5751 2183 5805 aliis
2248 5767 2306 5805 se

747 5844 993 5898 l'ascltali
1036 5845 1123 5899 die
1157 5846 1490 5900 celebrando
1525 5862 1630 5900 non
1674 5843 2198 5900 accontmodabant.
2240 5843 2306 5898 ad

2419 4924 2552 4985 λοις,
2587 4924 2688 4974 κάν
2720 4926 2841 4984 ταῖς
2871 4923 3012 4992 ὑπὲρ
3046 4924 3142 4990 τῆς
3185 4925 3419 4985 πίστεως
3453 4922 3763 4991 ὁμολογίαις
3806 4922 4014 4990 μικρῷ,

2418 5017 2658 5085 πρόσθεν
2688 5017 3129 5085 εὐδοκιμήσαντα
3151 5032 3164 5046 °
3201 5016 3266 5069 δι’
3299 5015 3480 5077 αίδούς
3512 5015 3567 5067 δὲ
3596 5016 3688 5068 καὶ
3725 5015 3807 5067 ὅτι
3832 5015 3991 5066 πλείο

2420 5129 2545 5174 om;
2707 5112 2871 5180 τιμῆς
2903 5112 3092 5164 τοῦτον
3129 5114 3156 5163 ὁ
3189 5110 3441 5179 βασιλεύς
3465 5127 3478 5140 ο
3521 5110 3694 5180 ὄνομα
3721 5108 3765 5160 δ’
3797 5109 3990 5178 ἐκείνῳ

2421 5201 2604 5262 "Oete;
2653 5197 2760 5269 ἦν’
2804 5201 2932 5269 μιᾶς
2977 5201 3034 5253 δὲ
3082 5202 3189 5253 τῶν
3239 5202 3298 5252 ὲν
3339 5201 3592 5270 Ἰσπανίᾳ
3633 5199 3843 5250 πόλεων
3891 5198 3990 5266 τὴν

2416 5294 2727 5362 ἐπισκοπὴν
2797 5293 3096 5360 ἐπ”.ηρνιῦτο
3128 5307 3142 5322 ⁶
3211 5292 3533 5361 Κουρδούϐη
3583 5292 3640 5344 δὲ
3695 5291 3988 5343 ἐκαλεῖτοο

2412 5381 2600 5432 τοῦτον
2653 5381 2791 5448 μετὰ
2841 5382 3189 5448 γραμμάτων
3221 5383 3333 5442 τοῖς
3372 5383 3428 5431 ὲν
3455 5382 3717 5448 Αἰγύπτῳ
3759 5381 3984 5430 στασιὰ-

2410 5474 2596 5536 ζουσιν
2645 5475 2903 5542 ἔπεμπε,
2955 5473 3290 5539 καταλλάξαι
3341 5490 3399 5524 τε
3460 5472 3554 5524 καὶ
3598 5473 3677 5531 είς
3724 5473 3978 5539 ὁμόνοιαν

2410 5567 2641 5633 ἀγαγεῖν
2662 5581 2675 5593 ·
2720 5565 2802 5618 ἔτι
2832 5567 2886 5618 δὲ
2918 5569 3009 5619 καὶ
3044 5569 3155 5629 τοῖς
3202 5566 3331 5633 περὶ⁵
3361 5568 3459 5635 τὴν
3489 5567 3682 5635 ἑορτὴν
3726 5568 3982 5632 διαφερο-

2417 5661 2600 5727 μένοις
2660 5661 2802 5712 κατὲι
2855 5660 2953 5728 τὴν
3003 5661 3076 5712 ’ἐω
3110 5659 3211 5728 τὴν
3271 5660 3593 5728 συμφωνίαν
3655 5657 3981 5728 βραϐεῦσαι.

2414 5751 2585 5818 Μέρος
2616 5751 2668 5802 δὲ
2701 5748 2775 5801 ὢν
2803 5751 3102 5819 ἐπεφέρετο
3123 5752 3492 5820 γραμμάτων,
3515 5751 3615 5803 ούκ
3647 5751 3712 5803 ἂν
3736 5749 3803 5802 δι’
3824 5749 3981 5819 ὄχλου

2414 5848 2640 5910 γένοιτ’),
2673 5846 2723 5896 εἴ
2750 5861 2810 5911 γε
2853 5847 2918 5914 τῇ
2964 5846 3256 5914 συγγραφῇ
3305 5843 3718 5912 παραθείημεν’
3769 5842 3830 5894 τὸ
3875 5844 3980 5909 γὰρ
