  <div class='ocr_page' id='page_1' title='image "/cluster/home/n/w/nwhite01/storage/ocr_20150623/146/nnc1.0046980610/034.png"; bbox 0 0 4250 6450; ppageno 0'>
   <div class='ocr_carea' id='block_1_1' title="bbox 314 457 1992 529">
    <p class='ocr_par' dir='ltr' id='par_1_1' title="bbox 314 465 1992 529">
     <span class='ocr_line' id='line_1_1' title="bbox 314 465 1992 529; baseline 0.002 -6"><span class='ocrx_word' id='word_1_1' title='bbox 314 465 386 529; x_wconf 77' lang='grc'><strong>53</strong></span> <span class='ocrx_word' id='word_1_2' title='bbox 1203 468 1803 528; x_wconf 59' lang='lat' dir='ltr'><strong>ECCLESHSTICE</strong></span> <span class='ocrx_word' id='word_1_3' title='bbox 1845 467 1992 526; x_wconf 81' lang='lat' dir='ltr'><strong>lIlS&#39;</strong></span> 
     </span>
    </p>
   </div>
   <div class='ocr_carea' id='block_1_2' title="bbox 1888 457 3566 529">
    <p class='ocr_par' dir='ltr' id='par_1_2' title="bbox 1888 457 3566 528">
     <span class='ocr_line' id='line_1_2' title="bbox 1888 457 3566 528; baseline -0.007 -2"><span class='ocrx_word' id='word_1_4' title='bbox 1888 467 2234 527; x_wconf 61' lang='lat' dir='ltr'><strong>[ISTORIE</strong></span> <span class='ocrx_word' id='word_1_5' title='bbox 2277 467 2422 526; x_wconf 85' lang='lat' dir='ltr'><strong>LIB.</strong></span> <span class='ocrx_word' id='word_1_6' title='bbox 2465 466 2631 528; x_wconf 75' lang='lat' dir='ltr'><strong>Vill.</strong></span> <span class='ocrx_word' id='word_1_7' title='bbox 3502 457 3566 515; x_wconf 80' lang='grc'><strong>54</strong></span> 
     </span>
    </p>
   </div>
   <div class='ocr_carea' id='block_1_3' title="bbox 311 570 1989 652">
    <p class='ocr_par' dir='ltr' id='par_1_3' title="bbox 311 579 1972 652">
     <span class='ocr_line' id='line_1_3' title="bbox 311 579 1972 652; baseline 0.004 -24"><span class='ocrx_word' id='word_1_8' title='bbox 311 579 520 646; x_wconf 80' lang='grc' dir='ltr'><strong>πλῆρες</strong></span> <span class='ocrx_word' id='word_1_9' title='bbox 575 579 831 643; x_wconf 72' lang='grc' dir='ltr'><strong>Εὐσέϐιος</strong></span> <span class='ocrx_word' id='word_1_10' title='bbox 860 583 915 633; x_wconf 81' lang='grc' dir='ltr'><strong>ἐν</strong></span> <span class='ocrx_word' id='word_1_11' title='bbox 949 580 1024 649; x_wconf 71' lang='grc' dir='ltr'><strong>τῷ</strong></span> <span class='ocrx_word' id='word_1_12' title='bbox 1058 582 1230 652; x_wconf 84' lang='grc' dir='ltr'><strong>τρίτῳ</strong></span> <span class='ocrx_word' id='word_1_13' title='bbox 1276 581 1383 633; x_wconf 62' lang='grc' dir='ltr'><strong>τῶν</strong></span> <span class='ocrx_word' id='word_1_14' title='bbox 1419 581 1555 650; x_wconf 82' lang='grc' dir='ltr'><strong>πρὸς</strong></span> <span class='ocrx_word' id='word_1_15' title='bbox 1605 582 1897 634; x_wconf 82' lang='grc' dir='ltr'><strong>Κωνσταν-</strong></span> <span class='ocrx_word' id='word_1_16' title='bbox 1930 594 1972 650; x_wconf 74' lang='grc' dir='ltr'>Α</span> 
     </span>
    </p>
   </div>
   <div class='ocr_carea' id='block_1_4' title="bbox 1885 570 3563 652">
    <p class='ocr_par' dir='ltr' id='par_1_4' title="bbox 1885 570 3563 650">
     <span class='ocr_line' id='line_1_4' title="bbox 1885 570 3563 650; baseline -0.008 -14"><span class='ocrx_word' id='word_1_17' title='bbox 1885 609 1897 622; x_wconf 85' lang='lat'><strong>-</strong></span> <span class='ocrx_word' id='word_1_18' title='bbox 1930 594 1972 650; x_wconf 75' lang='grc' dir='ltr'>Α</span> <span class='ocrx_word' id='word_1_19' title='bbox 2003 580 2414 635; x_wconf 72' lang='lat' dir='ltr'><strong>consentientes</strong></span> <span class='ocrx_word' id='word_1_20' title='bbox 2443 579 2728 633; x_wconf 88' lang='lat' dir='ltr'><strong>nobiscum</strong></span> <span class='ocrx_word' id='word_1_21' title='bbox 2758 574 3114 630; x_wconf 72' lang='lat' dir='ltr'><strong>caeremonias</strong></span> <span class='ocrx_word' id='word_1_22' title='bbox 3141 570 3563 642; x_wconf 78' lang='lat' dir='ltr'><strong>pertrahendns,</strong></span> 
     </span>
    </p>
   </div>
   <div class='ocr_carea' id='block_1_5' title="bbox 308 670 1567 743">
    <p class='ocr_par' dir='ltr' id='par_1_5' title="bbox 308 670 1567 743">
     <span class='ocr_line' id='line_1_5' title="bbox 308 670 1567 743; baseline 0.004 -23"><span class='ocrx_word' id='word_1_23' title='bbox 308 670 456 722; x_wconf 87' lang='grc' dir='ltr'><strong>τίνον</strong></span> <span class='ocrx_word' id='word_1_24' title='bbox 489 670 718 740; x_wconf 87' lang='grc' dir='ltr'><strong>βιϐλίων</strong></span> <span class='ocrx_word' id='word_1_25' title='bbox 743 673 1073 743; x_wconf 74' lang='grc' dir='ltr'><strong>ἀνέγραψεν.</strong></span> <span class='ocrx_word' id='word_1_26' title='bbox 1115 675 1270 743; x_wconf 86' lang='grc' dir='ltr'><strong>Ἐχει</strong></span> <span class='ocrx_word' id='word_1_27' title='bbox 1308 675 1362 726; x_wconf 79' lang='grc' dir='ltr'><strong>δὲ</strong></span> <span class='ocrx_word' id='word_1_28' title='bbox 1391 673 1533 727; x_wconf 69' lang='grc' dir='ltr'><strong>οὕτω</strong></span> <span class='ocrx_word' id='word_1_29' title='bbox 1555 690 1567 703; x_wconf 76' lang='grc' dir='ltr'><strong>ο</strong></span> 
     </span>
    </p>
   </div>
   <div class='ocr_carea' id='block_1_6' title="bbox 1997 663 3567 741">
    <p class='ocr_par' dir='ltr' id='par_1_6' title="bbox 1997 663 3567 741">
     <span class='ocr_line' id='line_1_6' title="bbox 1997 663 3567 741; baseline -0.008 -14"><span class='ocrx_word' id='word_1_30' title='bbox 1997 672 2166 727; x_wconf 83' lang='lat' dir='ltr'><strong>misit.</strong></span> <span class='ocrx_word' id='word_1_31' title='bbox 2202 672 2533 726; x_wconf 71' lang='lat' dir='ltr'><strong>Litterarum</strong></span> <span class='ocrx_word' id='word_1_32' title='bbox 2570 686 2761 726; x_wconf 87' lang='lat' dir='ltr'><strong>earum</strong></span> <span class='ocrx_word' id='word_1_33' title='bbox 2795 677 3006 741; x_wconf 89' lang='lat' dir='ltr'><strong>partem</strong></span> <span class='ocrx_word' id='word_1_34' title='bbox 3044 667 3284 735; x_wconf 86' lang='lat' dir='ltr'><strong>aliquam</strong></span> <span class='ocrx_word' id='word_1_35' title='bbox 3328 680 3434 718; x_wconf 86' lang='lat' dir='ltr'><strong>non</strong></span> <span class='ocrx_word' id='word_1_36' title='bbox 3480 663 3567 715; x_wconf 85' lang='lat' dir='ltr'><strong>in-</strong></span> 
     </span>
    </p>
   </div>
   <div class='ocr_carea' id='block_1_7' title="bbox 307 759 3572 838">
    <p class='ocr_par' dir='ltr' id='par_1_7' title="bbox 307 759 3572 838">
     <span class='ocr_line' id='line_1_7' title="bbox 307 759 3572 838; baseline -0.001 -22"><span class='ocrx_word' id='word_1_37' title='bbox 307 768 668 820; x_wconf 83' lang='lat' dir='ltr'><strong>commodum</strong></span> <span class='ocrx_word' id='word_1_38' title='bbox 715 767 884 822; x_wconf 80' lang='lat' dir='ltr'><strong>fuerit</strong></span> <span class='ocrx_word' id='word_1_39' title='bbox 938 769 1042 822; x_wconf 92' lang='lat' dir='ltr'><strong>hoc</strong></span> <span class='ocrx_word' id='word_1_40' title='bbox 1088 768 1212 822; x_wconf 84' lang='lat' dir='ltr'><strong>loco</strong></span> <span class='ocrx_word' id='word_1_41' title='bbox 1266 769 1529 822; x_wconf 90' lang='lat' dir='ltr'><strong>inserere.</strong></span> <span class='ocrx_word' id='word_1_42' title='bbox 1585 768 1884 838; x_wconf 64' lang='lat' dir='ltr'><strong>Epistolam</strong></span> <span class='ocrx_word' id='word_1_43' title='bbox 1925 768 2074 822; x_wconf 91' lang='lat' dir='ltr'><strong>enim</strong></span> <span class='ocrx_word' id='word_1_44' title='bbox 2141 774 2310 822; x_wconf 86' lang='lat' dir='ltr'><strong>totam</strong></span> <span class='ocrx_word' id='word_1_45' title='bbox 2347 768 2619 822; x_wconf 88' lang='lat' dir='ltr'><strong>Eusebius</strong></span> <span class='ocrx_word' id='word_1_46' title='bbox 2662 765 2804 820; x_wconf 85' lang='lat' dir='ltr'><strong>libro</strong></span> <span class='ocrx_word' id='word_1_47' title='bbox 2889 764 3054 819; x_wconf 86' lang='lat' dir='ltr'><strong>tertio</strong></span> <span class='ocrx_word' id='word_1_48' title='bbox 3095 777 3286 816; x_wconf 88' lang='lat' dir='ltr'><strong>eorum</strong></span> <span class='ocrx_word' id='word_1_49' title='bbox 3333 775 3471 828; x_wconf 87' lang='lat' dir='ltr'><strong>quos</strong></span> <span class='ocrx_word' id='word_1_50' title='bbox 3505 759 3572 813; x_wconf 88' lang='lat' dir='ltr'><strong>de</strong></span> 
     </span>
    </p>
   </div>
   <div class='ocr_carea' id='block_1_8' title="bbox 310 855 2966 932">
    <p class='ocr_par' dir='ltr' id='par_1_8' title="bbox 310 855 2966 932">
     <span class='ocr_line' id='line_1_8' title="bbox 310 855 2966 932; baseline 0.001 -23"><span class='ocrx_word' id='word_1_51' title='bbox 310 855 684 916; x_wconf 89' lang='lat' dir='ltr'><strong>Constantino</strong></span> <span class='ocrx_word' id='word_1_52' title='bbox 719 862 964 932; x_wconf 72' lang='lat' dir='ltr'><strong>scripsit,</strong></span> <span class='ocrx_word' id='word_1_53' title='bbox 1003 863 1069 917; x_wconf 81' lang='lat' dir='ltr'><strong>de</strong></span> <span class='ocrx_word' id='word_1_54' title='bbox 1113 861 1284 917; x_wconf 85' lang='lat' dir='ltr'><strong>verbo</strong></span> <span class='ocrx_word' id='word_1_55' title='bbox 1315 863 1382 916; x_wconf 84' lang='lat' dir='ltr'><strong>ad</strong></span> <span class='ocrx_word' id='word_1_56' title='bbox 1414 864 1641 917; x_wconf 88' lang='lat' dir='ltr'><strong>verbum</strong></span> <span class='ocrx_word' id='word_1_57' title='bbox 1682 863 1890 917; x_wconf 90' lang='lat' dir='ltr'><strong>retulit.</strong></span> <span class='ocrx_word' id='word_1_58' title='bbox 1930 861 2102 932; x_wconf 82' lang='lat' dir='ltr'><strong>Cujus</strong></span> <span class='ocrx_word' id='word_1_59' title='bbox 2127 862 2305 931; x_wconf 83' lang='lat' dir='ltr'><strong>capita</strong></span> <span class='ocrx_word' id='word_1_60' title='bbox 2332 861 2578 930; x_wconf 70' lang='lat' dir='ltr'><strong>quaedam</strong></span> <span class='ocrx_word' id='word_1_61' title='bbox 2613 859 2692 915; x_wconf 91' lang='lat' dir='ltr'><strong>sic</strong></span> <span class='ocrx_word' id='word_1_62' title='bbox 2725 857 2966 913; x_wconf 85' lang='lat' dir='ltr'><strong>habent:</strong></span> 
     </span>
    </p>
   </div>
   <div class='ocr_carea' id='block_1_9' title="bbox 905 1000 1298 1055">
    <p class='ocr_par' dir='ltr' id='par_1_9' title="bbox 905 1000 1298 1055">
     <span class='ocr_line' id='line_1_9' title="bbox 905 1000 1298 1055; baseline 0.003 -1"><span class='ocrx_word' id='word_1_63' title='bbox 905 1001 1158 1055; x_wconf 73' lang='grc' dir='ltr'><strong>ΚΕΦᾹΛ.</strong></span> <span class='ocrx_word' id='word_1_64' title='bbox 1202 1000 1298 1055; x_wconf 83' lang='lat' dir='ltr'><strong>ll&quot;.</strong></span> 
     </span>
    </p>
   </div>
   <div class='ocr_carea' id='block_1_10' title="bbox 321 1085 1894 1158">
    <p class='ocr_par' dir='ltr' id='par_1_10' title="bbox 321 1085 1894 1158">
     <span class='ocr_line' id='line_1_10' title="bbox 321 1085 1894 1158; baseline 0.002 -19"><span class='ocrx_word' id='word_1_65' title='bbox 321 1085 656 1156; x_wconf 72' lang='grc' dir='ltr'><strong>Ἐπιστολὴ</strong></span> <span class='ocrx_word' id='word_1_66' title='bbox 686 1089 792 1142; x_wconf 85' lang='grc' dir='ltr'><strong>τοῦ</strong></span> <span class='ocrx_word' id='word_1_67' title='bbox 823 1092 1145 1158; x_wconf 67' lang='grc' dir='ltr'><strong>θεοφιλοῦς</strong></span> <span class='ocrx_word' id='word_1_68' title='bbox 1164 1091 1493 1156; x_wconf 71' lang='grc' dir='ltr'><strong>βασιλέως,</strong></span> <span class='ocrx_word' id='word_1_69' title='bbox 1529 1089 1894 1158; x_wconf 65' lang='grc' dir='ltr'><strong>Ἀλεξάνδρῳ</strong></span> 
     </span>
    </p>
   </div>
   <div class='ocr_carea' id='block_1_11' title="bbox 742 1161 1453 1230">
    <p class='ocr_par' dir='ltr' id='par_1_11' title="bbox 742 1161 1453 1230">
     <span class='ocr_line' id='line_1_11' title="bbox 742 1161 1453 1230; baseline 0.004 -18"><span class='ocrx_word' id='word_1_70' title='bbox 742 1161 842 1213; x_wconf 80' lang='grc' dir='ltr'><strong>καὶ</strong></span> <span class='ocrx_word' id='word_1_71' title='bbox 873 1162 1066 1229; x_wconf 72' lang='grc' dir='ltr'><strong>Ἀρείῳ</strong></span> <span class='ocrx_word' id='word_1_72' title='bbox 1091 1162 1453 1230; x_wconf 67' lang='grc' dir='ltr'><strong>πεμφθεῖσα.</strong></span> 
     </span>
    </p>
   </div>
   <div class='ocr_carea' id='block_1_12' title="bbox 389 1271 1887 1347">
    <p class='ocr_par' dir='ltr' id='par_1_12' title="bbox 389 1271 1887 1347">
     <span class='ocr_line' id='line_1_12' title="bbox 389 1271 1887 1347; baseline 0.005 -24"><span class='ocrx_word' id='word_1_73' title='bbox 389 1289 406 1322; x_wconf 79' lang='grc' dir='ltr'><strong>ι</strong></span> <span class='ocrx_word' id='word_1_74' title='bbox 449 1271 698 1344; x_wconf 76' lang='grc' dir='ltr'><strong>Νικητὴς</strong></span> <span class='ocrx_word' id='word_1_75' title='bbox 739 1277 1184 1340; x_wconf 81' lang='grc' dir='ltr'><strong>Κωνστανττνος,</strong></span> <span class='ocrx_word' id='word_1_76' title='bbox 1242 1278 1536 1347; x_wconf 87' lang='grc' dir='ltr'><strong>μέγιστος,</strong></span> <span class='ocrx_word' id='word_1_77' title='bbox 1588 1279 1887 1343; x_wconf 69' lang='grc' dir='ltr'><strong>σεϐαστδς,</strong></span> 
     </span>
    </p>
   </div>
   <div class='ocr_carea' id='block_1_13' title="bbox 319 1363 1887 1441">
    <p class='ocr_par' dir='ltr' id='par_1_13' title="bbox 319 1363 1887 1441">
     <span class='ocr_line' id='line_1_13' title="bbox 319 1363 1887 1441; baseline 0.004 -25"><span class='ocrx_word' id='word_1_78' title='bbox 319 1363 671 1436; x_wconf 82' lang='grc' dir='ltr'><strong>Ἀλεξάνδρῳ</strong></span> <span class='ocrx_word' id='word_1_79' title='bbox 693 1367 788 1420; x_wconf 78' lang='grc' dir='ltr'><strong>καὶ</strong></span> <span class='ocrx_word' id='word_1_80' title='bbox 816 1369 872 1421; x_wconf 81' lang='grc' dir='ltr'><strong>’Δ</strong></span> <span class='ocrx_word' id='word_1_81' title='bbox 884 1370 1033 1439; x_wconf 85' lang='grc' dir='ltr'><strong>ρείῳ.</strong></span> <span class='ocrx_word' id='word_1_82' title='bbox 1069 1370 1344 1424; x_wconf 81' lang='grc' dir='ltr'><strong>Μανθάνω</strong></span> <span class='ocrx_word' id='word_1_83' title='bbox 1370 1372 1582 1424; x_wconf 80' lang='grc' dir='ltr'><strong>ἐκεῖθεν</strong></span> <span class='ocrx_word' id='word_1_84' title='bbox 1607 1371 1887 1441; x_wconf 81' lang='grc' dir='ltr'><strong>ὑπῆρχθαι</strong></span> 
     </span>
    </p>
   </div>
   <div class='ocr_carea' id='block_1_14' title="bbox 304 1457 1888 1536">
    <p class='ocr_par' dir='ltr' id='par_1_14' title="bbox 304 1457 1888 1536">
     <span class='ocr_line' id='line_1_14' title="bbox 304 1457 1888 1536; baseline 0.006 -30"><span class='ocrx_word' id='word_1_85' title='bbox 304 1457 406 1508; x_wconf 82' lang='grc' dir='ltr'><strong>τοῦ</strong></span> <span class='ocrx_word' id='word_1_86' title='bbox 441 1459 712 1528; x_wconf 73' lang='grc' dir='ltr'><strong>παρόντος</strong></span> <span class='ocrx_word' id='word_1_87' title='bbox 739 1459 1055 1529; x_wconf 74' lang='grc' dir='ltr'><strong>ζητήματος</strong></span> <span class='ocrx_word' id='word_1_88' title='bbox 1085 1461 1184 1533; x_wconf 77' lang='grc' dir='ltr'><strong>τὴν</strong></span> <span class='ocrx_word' id='word_1_89' title='bbox 1211 1463 1544 1534; x_wconf 67' lang='grc' dir='ltr'><strong>καταϐολὴν.</strong></span> <span class='ocrx_word' id='word_1_90' title='bbox 1579 1463 1752 1516; x_wconf 83' lang='grc' dir='ltr'><strong>Ὅταν</strong></span> <span class='ocrx_word' id='word_1_91' title='bbox 1781 1466 1888 1536; x_wconf 75' lang='grc' dir='ltr'><strong>γὰρ</strong></span> 
     </span>
    </p>
   </div>
   <div class='ocr_carea' id='block_1_15' title="bbox 307 1542 1890 1626">
    <p class='ocr_par' dir='ltr' id='par_1_15' title="bbox 307 1542 1890 1626">
     <span class='ocr_line' id='line_1_15' title="bbox 307 1542 1890 1626; baseline 0.006 -25"><span class='ocrx_word' id='word_1_92' title='bbox 307 1546 404 1610; x_wconf 75' lang='grc' dir='ltr'><strong>σὺ,</strong></span> <span class='ocrx_word' id='word_1_93' title='bbox 432 1542 479 1601; x_wconf 84' lang='grc' dir='ltr'><strong>ὧ</strong></span> <span class='ocrx_word' id='word_1_94' title='bbox 516 1549 876 1620; x_wconf 80' lang='grc' dir='ltr'><strong>Ἀλέξανδρε,</strong></span> <span class='ocrx_word' id='word_1_95' title='bbox 917 1554 1134 1621; x_wconf 77' lang='grc' dir='ltr'><strong>ἐζήτεις</strong></span> <span class='ocrx_word' id='word_1_96' title='bbox 1173 1553 1324 1626; x_wconf 71' lang='grc' dir='ltr'><strong>παρὰ</strong></span> <span class='ocrx_word' id='word_1_97' title='bbox 1348 1554 1458 1609; x_wconf 91' lang='grc' dir='ltr'><strong>τῶν</strong></span> <span class='ocrx_word' id='word_1_98' title='bbox 1497 1555 1890 1626; x_wconf 89' lang='grc' dir='ltr'><strong>πρεσϐυτέρων</strong></span> 
     </span>
    </p>
   </div>
   <div class='ocr_carea' id='block_1_16' title="bbox 311 1639 1891 1718">
    <p class='ocr_par' dir='ltr' id='par_1_16' title="bbox 311 1639 1891 1718">
     <span class='ocr_line' id='line_1_16' title="bbox 311 1639 1891 1718; baseline 0.009 -27"><span class='ocrx_word' id='word_1_99' title='bbox 311 1639 532 1708; x_wconf 77' lang='grc' dir='ltr'><strong>μαθεῖν,</strong></span> <span class='ocrx_word' id='word_1_100' title='bbox 565 1640 622 1693; x_wconf 92' lang='grc' dir='ltr'><strong>τί</strong></span> <span class='ocrx_word' id='word_1_101' title='bbox 653 1641 717 1710; x_wconf 84' lang='grc' dir='ltr'><strong>δή</strong></span> <span class='ocrx_word' id='word_1_102' title='bbox 756 1659 888 1695; x_wconf 87' lang='grc' dir='ltr'><strong>ποτε</strong></span> <span class='ocrx_word' id='word_1_103' title='bbox 936 1646 1048 1696; x_wconf 84' lang='grc' dir='ltr'><strong>νοεῖ</strong></span> <span class='ocrx_word' id='word_1_104' title='bbox 1083 1643 1317 1710; x_wconf 69' lang='grc' dir='ltr'><strong>ἕκαστος</strong></span> <span class='ocrx_word' id='word_1_105' title='bbox 1347 1646 1526 1700; x_wconf 84' lang='grc' dir='ltr'><strong>αὐτῶν</strong></span> <span class='ocrx_word' id='word_1_106' title='bbox 1571 1648 1712 1718; x_wconf 84' lang='grc' dir='ltr'><strong>ὑπέρ</strong></span> <span class='ocrx_word' id='word_1_107' title='bbox 1746 1667 1891 1714; x_wconf 88' lang='grc' dir='ltr'><strong>τινος</strong></span> 
     </span>
    </p>
   </div>
   <div class='ocr_carea' id='block_1_17' title="bbox 307 1733 1891 1815">
    <p class='ocr_par' dir='ltr' id='par_1_17' title="bbox 307 1733 1891 1815">
     <span class='ocr_line' id='line_1_17' title="bbox 307 1733 1891 1815; baseline 0.009 -32"><span class='ocrx_word' id='word_1_108' title='bbox 307 1733 622 1786; x_wconf 61' lang='grc' dir='ltr'><strong>τόπουετῶν</strong></span> <span class='ocrx_word' id='word_1_109' title='bbox 658 1736 714 1787; x_wconf 84' lang='grc' dir='ltr'><strong>ἐν</strong></span> <span class='ocrx_word' id='word_1_110' title='bbox 744 1734 897 1805; x_wconf 83' lang='grc' dir='ltr'><strong>νόμῳ</strong></span> <span class='ocrx_word' id='word_1_111' title='bbox 926 1737 1376 1808; x_wconf 72' lang='grc' dir='ltr'><strong>γεγραμμένων·</strong></span> <span class='ocrx_word' id='word_1_112' title='bbox 1413 1740 1615 1808; x_wconf 82' lang='grc' dir='ltr'><strong>μᾶλλον</strong></span> <span class='ocrx_word' id='word_1_113' title='bbox 1656 1742 1711 1794; x_wconf 81' lang='grc' dir='ltr'><strong>δέ</strong></span> <span class='ocrx_word' id='word_1_114' title='bbox 1752 1743 1891 1815; x_wconf 82' lang='grc' dir='ltr'><strong>ὑπέρ</strong></span> 
     </span>
    </p>
   </div>
   <div class='ocr_carea' id='block_1_18' title="bbox 305 1827 1889 1902">
    <p class='ocr_par' dir='ltr' id='par_1_18' title="bbox 305 1827 1889 1902">
     <span class='ocr_line' id='line_1_18' title="bbox 305 1827 1889 1902; baseline 0.006 -24"><span class='ocrx_word' id='word_1_115' title='bbox 305 1841 460 1887; x_wconf 86' lang='grc' dir='ltr'><strong>τινος</strong></span> <span class='ocrx_word' id='word_1_116' title='bbox 499 1827 738 1895; x_wconf 73' lang='grc' dir='ltr'><strong>ματαίου</strong></span> <span class='ocrx_word' id='word_1_117' title='bbox 774 1829 1093 1899; x_wconf 81' lang='grc' dir='ltr'><strong>ζητήματος</strong></span> <span class='ocrx_word' id='word_1_118' title='bbox 1122 1831 1325 1902; x_wconf 86' lang='grc' dir='ltr'><strong>μέρους</strong></span> <span class='ocrx_word' id='word_1_119' title='bbox 1353 1833 1646 1887; x_wconf 77' lang='grc' dir='ltr'><strong>πυνθάνοιο</strong></span> <span class='ocrx_word' id='word_1_120' title='bbox 1669 1850 1684 1866; x_wconf 73' lang='grc'><strong><em>⁸</em></strong></span> <span class='ocrx_word' id='word_1_121' title='bbox 1715 1834 1778 1888; x_wconf 89' lang='grc' dir='ltr'><strong>σύ</strong></span> <span class='ocrx_word' id='word_1_122' title='bbox 1806 1853 1889 1901; x_wconf 89' lang='grc' dir='ltr'><strong>τε,</strong></span> 
     </span>
    </p>
   </div>
   <div class='ocr_carea' id='block_1_19' title="bbox 2586 998 2995 1055">
    <p class='ocr_par' dir='ltr' id='par_1_19' title="bbox 2586 998 2995 1055">
     <span class='ocr_line' id='line_1_19' title="bbox 2586 998 2995 1055; baseline -0.005 -1"><span class='ocrx_word' id='word_1_123' title='bbox 2586 999 2814 1055; x_wconf 73' lang='lat' dir='ltr'><strong>CAPUT</strong></span> <span class='ocrx_word' id='word_1_124' title='bbox 2855 998 2995 1053; x_wconf 84' lang='lat' dir='ltr'><strong>XIII.</strong></span> 
     </span>
    </p>
   </div>
   <div class='ocr_carea' id='block_1_20' title="bbox 2001 1090 3574 1166">
    <p class='ocr_par' dir='ltr' id='par_1_20' title="bbox 2001 1090 3574 1166">
     <span class='ocr_line' id='line_1_20' title="bbox 2001 1090 3574 1166; baseline -0.003 -18"><span class='ocrx_word' id='word_1_125' title='bbox 2001 1093 2246 1166; x_wconf 74' lang='lat' dir='ltr'><strong>Epistola</strong></span> <span class='ocrx_word' id='word_1_126' title='bbox 2272 1094 2433 1148; x_wconf 87' lang='lat' dir='ltr'><strong>Deum</strong></span> <span class='ocrx_word' id='word_1_127' title='bbox 2461 1092 2726 1166; x_wconf 70' lang='lat' dir='ltr'><strong>diligentis</strong></span> <span class='ocrx_word' id='word_1_128' title='bbox 2746 1091 3097 1166; x_wconf 63' lang='lat' dir='ltr'><strong>imperatoris,</strong></span> <span class='ocrx_word' id='word_1_129' title='bbox 3117 1090 3186 1143; x_wconf 81' lang='lat' dir='ltr'><strong>ad</strong></span> <span class='ocrx_word' id='word_1_130' title='bbox 3214 1090 3574 1144; x_wconf 70' lang='lat' dir='ltr'><strong>Alexandrina</strong></span> 
     </span>
    </p>
   </div>
   <div class='ocr_carea' id='block_1_21' title="bbox 2558 1163 3030 1218">
    <p class='ocr_par' dir='ltr' id='par_1_21' title="bbox 2558 1163 3030 1218">
     <span class='ocr_line' id='line_1_21' title="bbox 2558 1163 3030 1218; baseline 0 -2"><span class='ocrx_word' id='word_1_131' title='bbox 2558 1173 2604 1216; x_wconf 85' lang='lat' dir='ltr'><strong>et</strong></span> <span class='ocrx_word' id='word_1_132' title='bbox 2635 1164 2819 1218; x_wconf 78' lang='lat' dir='ltr'><strong>Arium</strong></span> <span class='ocrx_word' id='word_1_133' title='bbox 2851 1163 3030 1216; x_wconf 79' lang='lat' dir='ltr'><strong>missa.</strong></span> 
     </span>
    </p>
   </div>
   <div class='ocr_carea' id='block_1_22' title="bbox 2077 1275 3570 1343">
    <p class='ocr_par' dir='ltr' id='par_1_22' title="bbox 2077 1275 3570 1343">
     <span class='ocr_line' id='line_1_22' title="bbox 2077 1275 3570 1343; baseline 0 -14"><span class='ocrx_word' id='word_1_134' title='bbox 2077 1297 2095 1329; x_wconf 76' lang='grc' dir='ltr'><strong>ι</strong></span> <span class='ocrx_word' id='word_1_135' title='bbox 2134 1277 2319 1334; x_wconf 80' lang='lat' dir='ltr'><strong>Victor</strong></span> <span class='ocrx_word' id='word_1_136' title='bbox 2346 1276 2759 1341; x_wconf 84' lang='lat' dir='ltr'><strong>Constantinus,</strong></span> <span class='ocrx_word' id='word_1_137' title='bbox 2793 1275 3084 1338; x_wconf 79' lang='lat' dir='ltr'><strong>Maximus,</strong></span> <span class='ocrx_word' id='word_1_138' title='bbox 3113 1275 3409 1343; x_wconf 80' lang='lat' dir='ltr'><strong>Augustus,</strong></span> <span class='ocrx_word' id='word_1_139' title='bbox 3447 1277 3570 1329; x_wconf 49' lang='lat' dir='ltr'><strong>Alen</strong></span> 
     </span>
    </p>
   </div>
   <div class='ocr_carea' id='block_1_23' title="bbox 2000 1365 3572 1438">
    <p class='ocr_par' dir='ltr' id='par_1_23' title="bbox 2000 1365 3572 1438">
     <span class='ocr_line' id='line_1_23' title="bbox 2000 1365 3572 1438; baseline -0.003 -14"><span class='ocrx_word' id='word_1_140' title='bbox 2000 1370 2216 1425; x_wconf 80' lang='lat' dir='ltr'><strong>xandro</strong></span> <span class='ocrx_word' id='word_1_141' title='bbox 2238 1378 2293 1424; x_wconf 91' lang='lat' dir='ltr'><strong>et</strong></span> <span class='ocrx_word' id='word_1_142' title='bbox 2317 1369 2468 1424; x_wconf 83' lang='lat' dir='ltr'><strong>Ario.</strong></span> <span class='ocrx_word' id='word_1_143' title='bbox 2496 1369 2829 1434; x_wconf 68' lang='lat' dir='ltr'><strong>Quaestionis</strong></span> <span class='ocrx_word' id='word_1_144' title='bbox 2865 1367 3153 1438; x_wconf 63' lang='lat' dir='ltr'><strong>praesentis</strong></span> <span class='ocrx_word' id='word_1_145' title='bbox 3199 1365 3486 1420; x_wconf 74' lang='lat' dir='ltr'><strong>exordium</strong></span> <span class='ocrx_word' id='word_1_146' title='bbox 3545 1382 3572 1420; x_wconf 86' lang='lat' dir='ltr'><strong>a</strong></span> 
     </span>
    </p>
   </div>
   <div class='ocr_carea' id='block_1_24' title="bbox 1999 1457 3579 1528">
    <p class='ocr_par' dir='ltr' id='par_1_24' title="bbox 1999 1457 3579 1528">
     <span class='ocr_line' id='line_1_24' title="bbox 1999 1457 3579 1528; baseline -0.006 -14"><span class='ocrx_word' id='word_1_147' title='bbox 1999 1461 2163 1514; x_wconf 84' lang='lat' dir='ltr'><strong>vobis</strong></span> <span class='ocrx_word' id='word_1_148' title='bbox 2190 1460 2395 1514; x_wconf 88' lang='lat' dir='ltr'><strong>isthinc</strong></span> <span class='ocrx_word' id='word_1_149' title='bbox 2417 1459 2694 1513; x_wconf 75' lang='lat' dir='ltr'><strong>exstitisse</strong></span> <span class='ocrx_word' id='word_1_150' title='bbox 2722 1458 2988 1528; x_wconf 75' lang='lat' dir='ltr'><strong>intelligo.</strong></span> <span class='ocrx_word' id='word_1_151' title='bbox 3018 1457 3151 1512; x_wconf 83' lang='lat' dir='ltr'><strong>Cum</strong></span> <span class='ocrx_word' id='word_1_152' title='bbox 3180 1457 3323 1510; x_wconf 90' lang='lat' dir='ltr'><strong>enim</strong></span> <span class='ocrx_word' id='word_1_153' title='bbox 3354 1466 3432 1518; x_wconf 82' lang='lat' dir='ltr'><strong>tu,</strong></span> <span class='ocrx_word' id='word_1_154' title='bbox 3453 1457 3579 1510; x_wconf 73' lang='lat' dir='ltr'><strong>Alc-</strong></span> 
     </span>
    </p>
   </div>
   <div class='ocr_carea' id='block_1_25' title="bbox 2001 1548 3578 1622">
    <p class='ocr_par' dir='ltr' id='par_1_25' title="bbox 2001 1548 3578 1622">
     <span class='ocr_line' id='line_1_25' title="bbox 2001 1548 3578 1622; baseline -0.003 -15"><span class='ocrx_word' id='word_1_155' title='bbox 2001 1553 2232 1618; x_wconf 79' lang='lat' dir='ltr'><strong>xander,</strong></span> <span class='ocrx_word' id='word_1_156' title='bbox 2258 1567 2285 1606; x_wconf 89' lang='lat' dir='ltr'><strong>a</strong></span> <span class='ocrx_word' id='word_1_157' title='bbox 2306 1549 2642 1622; x_wconf 83' lang='lat' dir='ltr'><strong>presbyteris</strong></span> <span class='ocrx_word' id='word_1_158' title='bbox 2659 1551 2972 1619; x_wconf 82' lang='lat' dir='ltr'><strong>requireres</strong></span> <span class='ocrx_word' id='word_1_159' title='bbox 2991 1548 3119 1618; x_wconf 91' lang='lat' dir='ltr'><strong>quid</strong></span> <span class='ocrx_word' id='word_1_160' title='bbox 3138 1549 3371 1617; x_wconf 88' lang='lat' dir='ltr'><strong>quisque</strong></span> <span class='ocrx_word' id='word_1_161' title='bbox 3389 1565 3578 1603; x_wconf 87' lang='lat' dir='ltr'><strong>eorum</strong></span> 
     </span>
    </p>
   </div>
   <div class='ocr_carea' id='block_1_26' title="bbox 1999 1641 3577 1711">
    <p class='ocr_par' dir='ltr' id='par_1_26' title="bbox 1999 1641 3577 1711">
     <span class='ocr_line' id='line_1_26' title="bbox 1999 1641 3577 1711; baseline -0.004 -13"><span class='ocrx_word' id='word_1_162' title='bbox 1999 1644 2234 1698; x_wconf 81' lang='lat' dir='ltr'><strong>sentiret</strong></span> <span class='ocrx_word' id='word_1_163' title='bbox 2252 1642 2320 1696; x_wconf 90' lang='lat' dir='ltr'><strong>de</strong></span> <span class='ocrx_word' id='word_1_164' title='bbox 2353 1642 2592 1710; x_wconf 89' lang='lat' dir='ltr'><strong>quodam</strong></span> <span class='ocrx_word' id='word_1_165' title='bbox 2624 1642 2747 1696; x_wconf 90' lang='lat' dir='ltr'><strong>loco</strong></span> <span class='ocrx_word' id='word_1_166' title='bbox 2767 1641 2926 1711; x_wconf 84' lang='lat' dir='ltr'><strong>legis,</strong></span> <span class='ocrx_word' id='word_1_167' title='bbox 2959 1656 3053 1695; x_wconf 88' lang='lat' dir='ltr'><strong>seu</strong></span> <span class='ocrx_word' id='word_1_168' title='bbox 3093 1644 3274 1710; x_wconf 86' lang='lat' dir='ltr'><strong>potius</strong></span> <span class='ocrx_word' id='word_1_169' title='bbox 3302 1643 3370 1693; x_wconf 87' lang='lat' dir='ltr'><strong>de</strong></span> <span class='ocrx_word' id='word_1_170' title='bbox 3391 1643 3577 1704; x_wconf 79' lang='lat' dir='ltr'><strong>cuius-</strong></span> 
     </span>
    </p>
   </div>
   <div class='ocr_carea' id='block_1_27' title="bbox 1998 1733 3578 1803">
    <p class='ocr_par' dir='ltr' id='par_1_27' title="bbox 1998 1733 3578 1803">
     <span class='ocr_line' id='line_1_27' title="bbox 1998 1733 3578 1803; baseline -0.004 -14"><span class='ocrx_word' id='word_1_171' title='bbox 1998 1735 2122 1789; x_wconf 86' lang='lat' dir='ltr'><strong>dam</strong></span> <span class='ocrx_word' id='word_1_172' title='bbox 2169 1735 2338 1803; x_wconf 89' lang='lat' dir='ltr'><strong>partis</strong></span> <span class='ocrx_word' id='word_1_173' title='bbox 2379 1734 2527 1788; x_wconf 92' lang='lat' dir='ltr'><strong>inani</strong></span> <span class='ocrx_word' id='word_1_174' title='bbox 2574 1733 2880 1802; x_wconf 61' lang='lat' dir='ltr'><strong>quastione</strong></span> <span class='ocrx_word' id='word_1_175' title='bbox 2929 1733 3344 1801; x_wconf 76' lang='lat' dir='ltr'><strong>interrogares:</strong></span> <span class='ocrx_word' id='word_1_176' title='bbox 3385 1741 3438 1786; x_wconf 88' lang='lat' dir='ltr'><strong>et</strong></span> <span class='ocrx_word' id='word_1_177' title='bbox 3488 1741 3578 1792; x_wconf 90' lang='lat' dir='ltr'><strong>tu,</strong></span> 
     </span>
    </p>
   </div>
   <div class='ocr_carea' id='block_1_28' title="bbox 1999 1824 3577 1895">
    <p class='ocr_par' dir='ltr' id='par_1_28' title="bbox 1999 1824 3577 1895">
     <span class='ocr_line' id='line_1_28' title="bbox 1999 1824 3577 1895; baseline -0.003 -15"><span class='ocrx_word' id='word_1_178' title='bbox 1999 1826 2092 1880; x_wconf 80' lang='lat' dir='ltr'><strong>Ari</strong></span> <span class='ocrx_word' id='word_1_179' title='bbox 2116 1867 2130 1888; x_wconf 96' lang='lat'><strong>,</strong></span> <span class='ocrx_word' id='word_1_180' title='bbox 2166 1827 2312 1895; x_wconf 92' lang='lat' dir='ltr'><strong>quod</strong></span> <span class='ocrx_word' id='word_1_181' title='bbox 2347 1826 2426 1879; x_wconf 88' lang='lat' dir='ltr'><strong>vel</strong></span> <span class='ocrx_word' id='word_1_182' title='bbox 2467 1841 2693 1894; x_wconf 89' lang='lat' dir='ltr'><strong>prorsus</strong></span> <span class='ocrx_word' id='word_1_183' title='bbox 2735 1825 2792 1878; x_wconf 90' lang='lat' dir='ltr'><strong>in</strong></span> <span class='ocrx_word' id='word_1_184' title='bbox 2825 1829 3072 1878; x_wconf 90' lang='lat' dir='ltr'><strong>animum</strong></span> <span class='ocrx_word' id='word_1_185' title='bbox 3109 1841 3215 1879; x_wconf 92' lang='lat' dir='ltr'><strong>non</strong></span> <span class='ocrx_word' id='word_1_186' title='bbox 3251 1824 3577 1886; x_wconf 88' lang='lat' dir='ltr'><strong>admissum,</strong></span> 
     </span>
    </p>
   </div>
   <div class='ocr_carea' id='block_1_29' title="bbox 304 1907 1982 1995">
    <p class='ocr_par' dir='ltr' id='par_1_29' title="bbox 304 1907 1976 1995">
     <span class='ocr_line' id='line_1_29' title="bbox 304 1907 1976 1995; baseline 0.008 -28"><span class='ocrx_word' id='word_1_187' title='bbox 304 1907 356 1967; x_wconf 78' lang='grc' dir='ltr'>ὦ</span> <span class='ocrx_word' id='word_1_188' title='bbox 392 1917 607 1987; x_wconf 79' lang='grc' dir='ltr'><strong>Ἀρειι,</strong></span> <span class='ocrx_word' id='word_1_189' title='bbox 642 1919 781 1989; x_wconf 80' lang='grc' dir='ltr'><strong>ὅπερ</strong></span> <span class='ocrx_word' id='word_1_190' title='bbox 824 1919 858 1992; x_wconf 73' lang='grc' dir='ltr'>ἢ</span> <span class='ocrx_word' id='word_1_191' title='bbox 907 1922 1044 1992; x_wconf 87' lang='grc' dir='ltr'><strong>μήτε</strong></span> <span class='ocrx_word' id='word_1_192' title='bbox 1089 1923 1188 1992; x_wconf 83' lang='grc' dir='ltr'><strong>τὴν</strong></span> <span class='ocrx_word' id='word_1_193' title='bbox 1219 1923 1396 1995; x_wconf 81' lang='grc' dir='ltr'><strong>ἀρχὴν</strong></span> <span class='ocrx_word' id='word_1_194' title='bbox 1435 1923 1836 1995; x_wconf 83' lang='grc' dir='ltr'><strong>ἐνθυμηθῆναι,</strong></span> <span class='ocrx_word' id='word_1_195' title='bbox 1868 1926 1900 1995; x_wconf 72' lang='grc' dir='ltr'>ἢ</span> <span class='ocrx_word' id='word_1_196' title='bbox 1936 1919 1976 1973; x_wconf 81' lang='grc' dir='ltr'><strong>Β</strong></span> 
     </span>
    </p>
   </div>
   <div class='ocr_carea' id='block_1_30' title="bbox 1900 1907 3578 1995">
    <p class='ocr_par' dir='ltr' id='par_1_30' title="bbox 1936 1917 3578 1987">
     <span class='ocr_line' id='line_1_30' title="bbox 1936 1917 3578 1987; baseline -0.004 -14"><span class='ocrx_word' id='word_1_197' title='bbox 1936 1919 1976 1973; x_wconf 86' lang='grc' dir='ltr'><strong><em>Β</em></strong></span> <span class='ocrx_word' id='word_1_198' title='bbox 2005 1917 2091 1972; x_wconf 85' lang='lat' dir='ltr'><strong>vel</strong></span> <span class='ocrx_word' id='word_1_199' title='bbox 2139 1928 2290 1972; x_wconf 89' lang='lat' dir='ltr'><strong>certe</strong></span> <span class='ocrx_word' id='word_1_200' title='bbox 2335 1918 2638 1972; x_wconf 88' lang='lat' dir='ltr'><strong>admissum</strong></span> <span class='ocrx_word' id='word_1_201' title='bbox 2675 1917 2900 1972; x_wconf 87' lang='lat' dir='ltr'><strong>silentio</strong></span> <span class='ocrx_word' id='word_1_202' title='bbox 2943 1917 3264 1972; x_wconf 90' lang='lat' dir='ltr'><strong>mandatum</strong></span> <span class='ocrx_word' id='word_1_203' title='bbox 3309 1918 3578 1987; x_wconf 66' lang='lat' dir='ltr'><strong>nportnit.</strong></span> 
     </span>
    </p>
   </div>
   <div class='ocr_carea' id='block_1_31' title="bbox 306 2011 1900 2087">
    <p class='ocr_par' dir='ltr' id='par_1_31' title="bbox 306 2011 1900 2087">
     <span class='ocr_line' id='line_1_31' title="bbox 306 2011 1900 2087; baseline 0.005 -25"><span class='ocrx_word' id='word_1_204' title='bbox 306 2011 689 2080; x_wconf 71' lang='grc' dir='ltr'><strong>ἐνθυμηθέντα</strong></span> <span class='ocrx_word' id='word_1_205' title='bbox 718 2018 898 2084; x_wconf 77' lang='grc' dir='ltr'><strong>σιωπῇ</strong></span> <span class='ocrx_word' id='word_1_206' title='bbox 929 2014 1275 2084; x_wconf 83' lang='grc' dir='ltr'><strong>παραδοῦναι</strong></span> <span class='ocrx_word' id='word_1_207' title='bbox 1308 2017 1588 2087; x_wconf 83' lang='grc' dir='ltr'><strong>προσῆκον</strong></span> <span class='ocrx_word' id='word_1_208' title='bbox 1610 2013 1699 2086; x_wconf 80' lang='grc' dir='ltr'><strong>ἦν,</strong></span> <span class='ocrx_word' id='word_1_209' title='bbox 1727 2019 1900 2087; x_wconf 84' lang='grc' dir='ltr'><strong>ἀπρο-</strong></span> 
     </span>
    </p>
   </div>
   <div class='ocr_carea' id='block_1_32' title="bbox 305 2103 1900 2180">
    <p class='ocr_par' dir='ltr' id='par_1_32' title="bbox 305 2103 1900 2180">
     <span class='ocr_line' id='line_1_32' title="bbox 305 2103 1900 2180; baseline 0.006 -26"><span class='ocrx_word' id='word_1_210' title='bbox 305 2103 498 2166; x_wconf 79' lang='grc' dir='ltr'><strong>ὀπτως</strong></span> <span class='ocrx_word' id='word_1_211' title='bbox 547 2106 882 2170; x_wconf 83' lang='grc' dir='ltr'><strong>ἐντέθεικας,</strong></span> <span class='ocrx_word' id='word_1_212' title='bbox 917 2109 1017 2175; x_wconf 78' lang='grc' dir='ltr'><strong>τῆς</strong></span> <span class='ocrx_word' id='word_1_213' title='bbox 1067 2109 1125 2160; x_wconf 93' lang='grc' dir='ltr'><strong>ἐν</strong></span> <span class='ocrx_word' id='word_1_214' title='bbox 1165 2109 1296 2178; x_wconf 84' lang='grc' dir='ltr'><strong>ὑμῖν</strong></span> <span class='ocrx_word' id='word_1_215' title='bbox 1334 2109 1605 2179; x_wconf 78' lang='grc' dir='ltr'><strong>διχονοίας</strong></span> <span class='ocrx_word' id='word_1_216' title='bbox 1655 2111 1900 2180; x_wconf 74' lang='grc' dir='ltr'><strong>ἐγερθείο</strong></span> 
     </span>
    </p>
   </div>
   <div class='ocr_carea' id='block_1_33' title="bbox 279 2197 1902 2271">
    <p class='ocr_par' dir='ltr' id='par_1_33' title="bbox 279 2197 1902 2271">
     <span class='ocr_line' id='line_1_33' title="bbox 279 2197 1902 2271; baseline 0.005 -23"><span class='ocrx_word' id='word_1_217' title='bbox 279 2197 438 2264; x_wconf 80' lang='grc' dir='ltr'><strong>’σης,</strong></span> <span class='ocrx_word' id='word_1_218' title='bbox 486 2198 516 2266; x_wconf 79' lang='grc' dir='ltr'>ἡ</span> <span class='ocrx_word' id='word_1_219' title='bbox 557 2198 656 2266; x_wconf 81' lang='grc' dir='ltr'><strong>μὲν</strong></span> <span class='ocrx_word' id='word_1_220' title='bbox 692 2199 912 2262; x_wconf 82' lang='grc' dir='ltr'><strong>σύνοδος</strong></span> <span class='ocrx_word' id='word_1_221' title='bbox 959 2200 1174 2271; x_wconf 72' lang='grc' dir='ltr'><strong>ἠρνήθη</strong></span> <span class='ocrx_word' id='word_1_222' title='bbox 1205 2216 1220 2231; x_wconf 71' lang='grc' dir='ltr'><strong>ο</strong></span> <span class='ocrx_word' id='word_1_223' title='bbox 1269 2203 1296 2254; x_wconf 78' lang='grc' dir='ltr'><strong>δ</strong></span> <span class='ocrx_word' id='word_1_224' title='bbox 1325 2202 1382 2254; x_wconf 84' lang='grc' dir='ltr'><strong>δὲ</strong></span> <span class='ocrx_word' id='word_1_225' title='bbox 1439 2203 1744 2268; x_wconf 76' lang='grc' dir='ltr'><strong>ἁγιώτατος</strong></span> <span class='ocrx_word' id='word_1_226' title='bbox 1774 2204 1902 2266; x_wconf 82' lang='grc' dir='ltr'><strong>λαὸς</strong></span> 
     </span>
    </p>
   </div>
   <div class='ocr_carea' id='block_1_34' title="bbox 308 2290 1900 2361">
    <p class='ocr_par' dir='ltr' id='par_1_34' title="bbox 308 2290 1900 2361">
     <span class='ocr_line' id='line_1_34' title="bbox 308 2290 1900 2361; baseline 0.008 -21"><span class='ocrx_word' id='word_1_227' title='bbox 308 2290 396 2349; x_wconf 89' lang='grc' dir='ltr'><strong>εἰς</strong></span> <span class='ocrx_word' id='word_1_228' title='bbox 427 2291 776 2360; x_wconf 81' lang='grc' dir='ltr'><strong>ἀμφοτέρους</strong></span> <span class='ocrx_word' id='word_1_229' title='bbox 802 2291 1069 2361; x_wconf 81' lang='grc' dir='ltr'><strong>σχισθεὶς,</strong></span> <span class='ocrx_word' id='word_1_230' title='bbox 1101 2294 1164 2345; x_wconf 88' lang='grc' dir='ltr'><strong>ἐκ</strong></span> <span class='ocrx_word' id='word_1_231' title='bbox 1185 2292 1287 2361; x_wconf 85' lang='grc' dir='ltr'><strong>τῆς</strong></span> <span class='ocrx_word' id='word_1_232' title='bbox 1309 2292 1406 2345; x_wconf 81' lang='grc' dir='ltr'><strong>τοῦ</strong></span> <span class='ocrx_word' id='word_1_233' title='bbox 1433 2294 1617 2346; x_wconf 83' lang='grc' dir='ltr'><strong>κοινοῦ</strong></span> <span class='ocrx_word' id='word_1_234' title='bbox 1648 2295 1900 2361; x_wconf 79' lang='grc' dir='ltr'><strong>σώματος</strong></span> 
     </span>
    </p>
   </div>
   <div class='ocr_carea' id='block_1_35' title="bbox 309 2382 1897 2456">
    <p class='ocr_par' dir='ltr' id='par_1_35' title="bbox 309 2382 1897 2456">
     <span class='ocr_line' id='line_1_35' title="bbox 309 2382 1897 2456; baseline 0.003 -22"><span class='ocrx_word' id='word_1_235' title='bbox 309 2382 582 2450; x_wconf 78' lang='grc' dir='ltr'><strong>ἁρμονίας</strong></span> <span class='ocrx_word' id='word_1_236' title='bbox 607 2383 881 2453; x_wconf 66' lang='grc' dir='ltr'><strong>ἐχωρίσθη</strong></span> <span class='ocrx_word' id='word_1_237' title='bbox 907 2401 919 2414; x_wconf 84' lang='grc'><em>’</em></span> <span class='ocrx_word' id='word_1_238' title='bbox 952 2383 1155 2437; x_wconf 82' lang='grc' dir='ltr'><strong>οὐκοῦν</strong></span> <span class='ocrx_word' id='word_1_239' title='bbox 1183 2384 1446 2456; x_wconf 84' lang='grc' dir='ltr'><strong>ἐκάτερος</strong></span> <span class='ocrx_word' id='word_1_240' title='bbox 1497 2385 1652 2454; x_wconf 81' lang='grc' dir='ltr'><strong>ὑμῶν</strong></span> <span class='ocrx_word' id='word_1_241' title='bbox 1694 2386 1753 2450; x_wconf 80' lang='grc' dir='ltr'><strong>ἐξ</strong></span> <span class='ocrx_word' id='word_1_242' title='bbox 1782 2388 1897 2440; x_wconf 80' lang='grc' dir='ltr'><strong>ἴσου</strong></span> 
     </span>
    </p>
   </div>
   <div class='ocr_carea' id='block_1_36' title="bbox 307 2475 1903 2550">
    <p class='ocr_par' dir='ltr' id='par_1_36' title="bbox 307 2475 1903 2550">
     <span class='ocr_line' id='line_1_36' title="bbox 307 2475 1903 2550; baseline 0.004 -24"><span class='ocrx_word' id='word_1_243' title='bbox 307 2475 416 2544; x_wconf 80' lang='grc' dir='ltr'><strong>τὴν</strong></span> <span class='ocrx_word' id='word_1_244' title='bbox 473 2475 704 2544; x_wconf 79' lang='grc' dir='ltr'><strong>γνώμην</strong></span> <span class='ocrx_word' id='word_1_245' title='bbox 765 2478 1090 2546; x_wconf 85' lang='grc' dir='ltr'><strong>παρασχὼν,</strong></span> <span class='ocrx_word' id='word_1_246' title='bbox 1149 2479 1286 2548; x_wconf 83' lang='grc' dir='ltr'><strong>ὅπερ</strong></span> <span class='ocrx_word' id='word_1_247' title='bbox 1345 2479 1412 2533; x_wconf 84' lang='grc' dir='ltr'><strong>ἂν</strong></span> <span class='ocrx_word' id='word_1_248' title='bbox 1462 2482 1489 2531; x_wconf 81' lang='grc' dir='ltr'><strong>δ</strong></span> <span class='ocrx_word' id='word_1_249' title='bbox 1547 2479 1903 2550; x_wconf 83' lang='grc' dir='ltr'><strong>συνθεράπων</strong></span> 
     </span>
    </p>
   </div>
   <div class='ocr_carea' id='block_1_37' title="bbox 313 2566 1898 2639">
    <p class='ocr_par' dir='ltr' id='par_1_37' title="bbox 313 2566 1898 2639">
     <span class='ocr_line' id='line_1_37' title="bbox 313 2566 1898 2639; baseline 0.004 -23"><span class='ocrx_word' id='word_1_250' title='bbox 313 2566 474 2633; x_wconf 81' lang='grc' dir='ltr'><strong>ὑμῶν</strong></span> <span class='ocrx_word' id='word_1_251' title='bbox 505 2567 735 2629; x_wconf 75' lang='grc' dir='ltr'><strong>δικαίως</strong></span> <span class='ocrx_word' id='word_1_252' title='bbox 768 2574 1040 2639; x_wconf 81' lang='grc' dir='ltr'><strong>παραινῇ,</strong></span> <span class='ocrx_word' id='word_1_253' title='bbox 1075 2570 1324 2635; x_wconf 77' lang='grc' dir='ltr'><strong>δέξασθε.</strong></span> <span class='ocrx_word' id='word_1_254' title='bbox 1359 2572 1425 2624; x_wconf 88' lang='grc' dir='ltr'><strong>Τί</strong></span> <span class='ocrx_word' id='word_1_255' title='bbox 1454 2572 1509 2624; x_wconf 85' lang='grc' dir='ltr'><strong>δέ</strong></span> <span class='ocrx_word' id='word_1_256' title='bbox 1541 2572 1699 2624; x_wconf 70' lang='grc' dir='ltr'><strong>τοῦτό</strong></span> <span class='ocrx_word' id='word_1_257' title='bbox 1729 2575 1898 2637; x_wconf 82' lang='grc' dir='ltr'><strong>ἐστιν,</strong></span> 
     </span>
    </p>
   </div>
   <div class='ocr_carea' id='block_1_38' title="bbox 309 2657 1903 2734">
    <p class='ocr_par' dir='ltr' id='par_1_38' title="bbox 309 2657 1903 2734">
     <span class='ocr_line' id='line_1_38' title="bbox 309 2657 1903 2734; baseline 0.005 -27"><span class='ocrx_word' id='word_1_258' title='bbox 309 2657 440 2709; x_wconf 74' lang='grc' dir='ltr'><strong>οὗτε</strong></span> <span class='ocrx_word' id='word_1_259' title='bbox 480 2660 695 2728; x_wconf 78' lang='grc' dir='ltr'><strong>ἐρωτᾷν</strong></span> <span class='ocrx_word' id='word_1_260' title='bbox 745 2661 886 2730; x_wconf 76' lang='grc' dir='ltr'><strong>ὑπὲρ</strong></span> <span class='ocrx_word' id='word_1_261' title='bbox 919 2663 1028 2712; x_wconf 75' lang='grc' dir='ltr'><strong>τῶν</strong></span> <span class='ocrx_word' id='word_1_262' title='bbox 1060 2661 1324 2715; x_wconf 84' lang='grc' dir='ltr'><strong>τοιούτων</strong></span> <span class='ocrx_word' id='word_1_263' title='bbox 1358 2663 1589 2732; x_wconf 76' lang='grc' dir='ltr'><strong>ἐξαρχῆς</strong></span> <span class='ocrx_word' id='word_1_264' title='bbox 1626 2664 1903 2734; x_wconf 72' lang='grc' dir='ltr'><strong>προσῆκον</strong></span> 
     </span>
    </p>
   </div>
   <div class='ocr_carea' id='block_1_39' title="bbox 308 2741 1905 2820">
    <p class='ocr_par' dir='ltr' id='par_1_39' title="bbox 308 2741 1905 2820">
     <span class='ocr_line' id='line_1_39' title="bbox 308 2741 1905 2820; baseline 0.004 -25"><span class='ocrx_word' id='word_1_265' title='bbox 308 2741 404 2815; x_wconf 78' lang='grc' dir='ltr'><strong>ἦν,</strong></span> <span class='ocrx_word' id='word_1_266' title='bbox 439 2745 564 2797; x_wconf 67' lang='grc' dir='ltr'><strong>οὔτε</strong></span> <span class='ocrx_word' id='word_1_267' title='bbox 600 2746 956 2816; x_wconf 80' lang='grc' dir='ltr'><strong>ἐρωτώμενον</strong></span> <span class='ocrx_word' id='word_1_268' title='bbox 987 2750 1416 2820; x_wconf 83' lang='grc' dir='ltr'><strong>ἀποκρίνασθαι.</strong></span> <span class='ocrx_word' id='word_1_269' title='bbox 1449 2752 1558 2812; x_wconf 86' lang='grc' dir='ltr'><strong>Τάς</strong></span> <span class='ocrx_word' id='word_1_270' title='bbox 1587 2751 1698 2820; x_wconf 75' lang='grc' dir='ltr'><strong>γὰρ</strong></span> <span class='ocrx_word' id='word_1_271' title='bbox 1725 2753 1905 2805; x_wconf 80' lang='grc' dir='ltr'><strong>τοιαύ-</strong></span> 
     </span>
    </p>
   </div>
   <div class='ocr_carea' id='block_1_40' title="bbox 308 2837 1904 2908">
    <p class='ocr_par' dir='ltr' id='par_1_40' title="bbox 308 2837 1904 2908">
     <span class='ocr_line' id='line_1_40' title="bbox 308 2837 1904 2908; baseline 0.004 -22"><span class='ocrx_word' id='word_1_272' title='bbox 308 2852 414 2898; x_wconf 89' lang='grc' dir='ltr'><strong>τας</strong></span> <span class='ocrx_word' id='word_1_273' title='bbox 447 2837 733 2906; x_wconf 74' lang='grc' dir='ltr'><strong>ζητήσεις,</strong></span> <span class='ocrx_word' id='word_1_274' title='bbox 778 2838 984 2900; x_wconf 74' lang='grc' dir='ltr'><strong>ὁπόσας</strong></span> <span class='ocrx_word' id='word_1_275' title='bbox 1012 2839 1072 2891; x_wconf 78' lang='grc' dir='ltr'><strong>οὐ</strong></span> <span class='ocrx_word' id='word_1_276' title='bbox 1110 2840 1276 2907; x_wconf 85' lang='grc' dir='ltr'><strong>νόμου</strong></span> <span class='ocrx_word' id='word_1_277' title='bbox 1308 2840 1455 2899; x_wconf 83' lang='grc' dir='ltr'><strong>τινὸς</strong></span> <span class='ocrx_word' id='word_1_278' title='bbox 1479 2840 1693 2908; x_wconf 73' lang='grc' dir='ltr'><strong>ἀνάγκη</strong></span> <span class='ocrx_word' id='word_1_279' title='bbox 1736 2857 1904 2908; x_wconf 76' lang='grc' dir='ltr'><strong>προσ-</strong></span> 
     </span>
    </p>
   </div>
   <div class='ocr_carea' id='block_1_41' title="bbox 311 2928 1902 3000">
    <p class='ocr_par' dir='ltr' id='par_1_41' title="bbox 311 2928 1902 3000">
     <span class='ocr_line' id='line_1_41' title="bbox 311 2928 1902 3000; baseline 0.001 -21"><span class='ocrx_word' id='word_1_280' title='bbox 311 2930 526 2990; x_wconf 73' lang='grc' dir='ltr'><strong>τάττει,</strong></span> <span class='ocrx_word' id='word_1_281' title='bbox 577 2928 694 2980; x_wconf 81' lang='grc' dir='ltr'><strong>ἀλλ’</strong></span> <span class='ocrx_word' id='word_1_282' title='bbox 728 2930 1048 2998; x_wconf 80' lang='grc' dir='ltr'><strong>ἀνωφελοῦς</strong></span> <span class='ocrx_word' id='word_1_283' title='bbox 1095 2930 1295 3000; x_wconf 75' lang='grc' dir='ltr'><strong>ἀργίας</strong></span> <span class='ocrx_word' id='word_1_284' title='bbox 1347 2931 1634 3000; x_wconf 80' lang='grc' dir='ltr'><strong>ἐρεσχελία</strong></span> <span class='ocrx_word' id='word_1_285' title='bbox 1680 2931 1902 2998; x_wconf 77' lang='grc' dir='ltr'><strong>προστί-</strong></span> 
     </span>
    </p>
   </div>
   <div class='ocr_carea' id='block_1_42' title="bbox 313 3022 1905 3094">
    <p class='ocr_par' dir='ltr' id='par_1_42' title="bbox 313 3022 1905 3094">
     <span class='ocr_line' id='line_1_42' title="bbox 313 3022 1905 3094; baseline 0.003 -22"><span class='ocrx_word' id='word_1_286' title='bbox 313 3022 502 3090; x_wconf 83' lang='grc' dir='ltr'><strong>θησιν,</strong></span> <span class='ocrx_word' id='word_1_287' title='bbox 553 3024 604 3075; x_wconf 87' lang='grc' dir='ltr'><strong>εί</strong></span> <span class='ocrx_word' id='word_1_288' title='bbox 661 3023 757 3076; x_wconf 75' lang='grc' dir='ltr'><strong>καὶ</strong></span> <span class='ocrx_word' id='word_1_289' title='bbox 809 3026 1052 3093; x_wconf 73' lang='grc' dir='ltr'><strong>φυσικῆς</strong></span> <span class='ocrx_word' id='word_1_290' title='bbox 1114 3041 1259 3086; x_wconf 83' lang='grc' dir='ltr'><strong>τινος</strong></span> <span class='ocrx_word' id='word_1_291' title='bbox 1316 3025 1631 3094; x_wconf 79' lang='grc' dir='ltr'><strong>γυμνασίας</strong></span> <span class='ocrx_word' id='word_1_292' title='bbox 1693 3025 1905 3090; x_wconf 79' lang='grc' dir='ltr'><strong>γένοιτο</strong></span> 
     </span>
    </p>
   </div>
   <div class='ocr_carea' id='block_1_43' title="bbox 312 3117 1902 3186">
    <p class='ocr_par' dir='ltr' id='par_1_43' title="bbox 312 3117 1902 3186">
     <span class='ocr_line' id='line_1_43' title="bbox 312 3117 1902 3186; baseline 0 -20"><span class='ocrx_word' id='word_1_293' title='bbox 312 3117 509 3180; x_wconf 72' lang='grc' dir='ltr'><strong>ἕνεκα,</strong></span> <span class='ocrx_word' id='word_1_294' title='bbox 541 3117 696 3185; x_wconf 86' lang='grc' dir='ltr'><strong>ὅμως</strong></span> <span class='ocrx_word' id='word_1_295' title='bbox 729 3118 1024 3184; x_wconf 76' lang='grc' dir='ltr'><strong>ὀφείλομεν</strong></span> <span class='ocrx_word' id='word_1_296' title='bbox 1055 3117 1185 3169; x_wconf 77' lang='grc' dir='ltr'><strong>εἵσω</strong></span> <span class='ocrx_word' id='word_1_297' title='bbox 1217 3119 1317 3186; x_wconf 75' lang='grc' dir='ltr'><strong>τῆς</strong></span> <span class='ocrx_word' id='word_1_298' title='bbox 1346 3118 1586 3180; x_wconf 75' lang='grc' dir='ltr'><strong>διανοίας</strong></span> <span class='ocrx_word' id='word_1_299' title='bbox 1615 3117 1902 3184; x_wconf 80' lang='grc' dir='ltr'><strong>ἐγκλείειν,</strong></span> 
     </span>
    </p>
   </div>
   <div class='ocr_carea' id='block_1_44' title="bbox 2003 2011 3582 2080">
    <p class='ocr_par' dir='ltr' id='par_1_44' title="bbox 2003 2011 3582 2080">
     <span class='ocr_line' id='line_1_44' title="bbox 2003 2011 3582 2080; baseline -0.001 -16"><span class='ocrx_word' id='word_1_300' title='bbox 2003 2011 2314 2080; x_wconf 82' lang='lat' dir='ltr'><strong>improvide</strong></span> <span class='ocrx_word' id='word_1_301' title='bbox 2362 2011 2749 2080; x_wconf 89' lang='lat' dir='ltr'><strong>respondendo</strong></span> <span class='ocrx_word' id='word_1_302' title='bbox 2781 2027 3090 2080; x_wconf 81' lang='lat' dir='ltr'><strong>exponeres</strong></span> <span class='ocrx_word' id='word_1_303' title='bbox 3113 2053 3126 2073; x_wconf 90' lang='lat'><strong>,</strong></span> <span class='ocrx_word' id='word_1_304' title='bbox 3161 2011 3399 2064; x_wconf 69' lang='lat' dir='ltr'><strong>excitata</strong></span> <span class='ocrx_word' id='word_1_305' title='bbox 3439 2011 3582 2065; x_wconf 87' lang='lat' dir='ltr'><strong>inter</strong></span> 
     </span>
    </p>
   </div>
   <div class='ocr_carea' id='block_1_45' title="bbox 2002 2103 3581 2171">
    <p class='ocr_par' dir='ltr' id='par_1_45' title="bbox 2002 2103 3581 2171">
     <span class='ocr_line' id='line_1_45' title="bbox 2002 2103 3581 2171; baseline -0.001 -13"><span class='ocrx_word' id='word_1_306' title='bbox 2002 2119 2101 2158; x_wconf 91' lang='lat' dir='ltr'><strong>vos</strong></span> <span class='ocrx_word' id='word_1_307' title='bbox 2133 2103 2484 2156; x_wconf 90' lang='lat' dir='ltr'><strong>dissensione</strong></span> <span class='ocrx_word' id='word_1_308' title='bbox 2509 2146 2522 2167; x_wconf 90' lang='lat'><strong>,</strong></span> <span class='ocrx_word' id='word_1_309' title='bbox 2561 2111 2871 2157; x_wconf 87' lang='lat' dir='ltr'><strong>conventus</strong></span> <span class='ocrx_word' id='word_1_310' title='bbox 2903 2103 3124 2171; x_wconf 88' lang='lat' dir='ltr'><strong>quidem</strong></span> <span class='ocrx_word' id='word_1_311' title='bbox 3163 2103 3424 2156; x_wconf 81' lang='lat' dir='ltr'><strong>solemnis</strong></span> <span class='ocrx_word' id='word_1_312' title='bbox 3459 2105 3581 2170; x_wconf 88' lang='lat' dir='ltr'><strong>qui-</strong></span> 
     </span>
    </p>
   </div>
   <div class='ocr_carea' id='block_1_46' title="bbox 2001 2195 3577 2264">
    <p class='ocr_par' dir='ltr' id='par_1_46' title="bbox 2001 2195 3577 2264">
     <span class='ocr_line' id='line_1_46' title="bbox 2001 2195 3577 2264; baseline -0.001 -14"><span class='ocrx_word' id='word_1_313' title='bbox 2001 2195 2230 2250; x_wconf 84' lang='lat' dir='ltr'><strong>busdam</strong></span> <span class='ocrx_word' id='word_1_314' title='bbox 2261 2195 2584 2264; x_wconf 86' lang='lat' dir='ltr'><strong>deuegatus,</strong></span> <span class='ocrx_word' id='word_1_315' title='bbox 2618 2195 3009 2250; x_wconf 85' lang='lat' dir='ltr'><strong>sanctissimus</strong></span> <span class='ocrx_word' id='word_1_316' title='bbox 3039 2205 3221 2249; x_wconf 91' lang='lat' dir='ltr'><strong>autem</strong></span> <span class='ocrx_word' id='word_1_317' title='bbox 3256 2196 3490 2264; x_wconf 73' lang='lat' dir='ltr'><strong>populus</strong></span> <span class='ocrx_word' id='word_1_318' title='bbox 3525 2196 3577 2248; x_wconf 92' lang='lat' dir='ltr'><strong>in</strong></span> 
     </span>
    </p>
   </div>
   <div class='ocr_carea' id='block_1_47' title="bbox 2003 2286 3581 2355">
    <p class='ocr_par' dir='ltr' id='par_1_47' title="bbox 2003 2286 3581 2355">
     <span class='ocr_line' id='line_1_47' title="bbox 2003 2286 3581 2355; baseline -0.001 -17"><span class='ocrx_word' id='word_1_319' title='bbox 2003 2296 2184 2355; x_wconf 88' lang='lat' dir='ltr'><strong>partes</strong></span> <span class='ocrx_word' id='word_1_320' title='bbox 2219 2286 2448 2347; x_wconf 83' lang='lat' dir='ltr'><strong>scissus,</strong></span> <span class='ocrx_word' id='word_1_321' title='bbox 2477 2287 2788 2339; x_wconf 88' lang='lat' dir='ltr'><strong>communis</strong></span> <span class='ocrx_word' id='word_1_322' title='bbox 2818 2287 3070 2354; x_wconf 90' lang='lat' dir='ltr'><strong>corporis</strong></span> <span class='ocrx_word' id='word_1_323' title='bbox 3099 2295 3224 2354; x_wconf 91' lang='lat' dir='ltr'><strong>apta</strong></span> <span class='ocrx_word' id='word_1_324' title='bbox 3260 2297 3314 2338; x_wconf 91' lang='lat' dir='ltr'><strong>et</strong></span> <span class='ocrx_word' id='word_1_325' title='bbox 3346 2301 3581 2337; x_wconf 84' lang='lat' dir='ltr'><strong>consen-</strong></span> 
     </span>
    </p>
   </div>
   <div class='ocr_carea' id='block_1_48' title="bbox 2004 2378 3580 2446">
    <p class='ocr_par' dir='ltr' id='par_1_48' title="bbox 2004 2378 3580 2446">
     <span class='ocr_line' id='line_1_48' title="bbox 2004 2378 3580 2446; baseline -0.002 -13"><span class='ocrx_word' id='word_1_326' title='bbox 2004 2381 2174 2433; x_wconf 90' lang='lat' dir='ltr'><strong>tiente</strong></span> <span class='ocrx_word' id='word_1_327' title='bbox 2217 2379 2419 2433; x_wconf 89' lang='lat' dir='ltr'><strong>unione</strong></span> <span class='ocrx_word' id='word_1_328' title='bbox 2450 2378 2674 2432; x_wconf 83' lang='lat' dir='ltr'><strong>excidit.</strong></span> <span class='ocrx_word' id='word_1_329' title='bbox 2717 2378 2906 2446; x_wconf 89' lang='lat' dir='ltr'><strong>Itaque</strong></span> <span class='ocrx_word' id='word_1_330' title='bbox 2956 2388 3188 2446; x_wconf 89' lang='lat' dir='ltr'><strong>uterque</strong></span> <span class='ocrx_word' id='word_1_331' title='bbox 3236 2389 3479 2431; x_wconf 91' lang='lat' dir='ltr'><strong>vestrum</strong></span> <span class='ocrx_word' id='word_1_332' title='bbox 3513 2394 3580 2430; x_wconf 77' lang='lat' dir='ltr'><strong>ex</strong></span> 
     </span>
    </p>
   </div>
   <div class='ocr_carea' id='block_1_49' title="bbox 2002 2469 3577 2539">
    <p class='ocr_par' dir='ltr' id='par_1_49' title="bbox 2002 2469 3577 2539">
     <span class='ocr_line' id='line_1_49' title="bbox 2002 2469 3577 2539; baseline 0 -15"><span class='ocrx_word' id='word_1_333' title='bbox 2002 2485 2160 2539; x_wconf 62' lang='lat' dir='ltr'><strong>aequo</strong></span> <span class='ocrx_word' id='word_1_334' title='bbox 2208 2471 2541 2524; x_wconf 84' lang='lat' dir='ltr'><strong>sententiam</strong></span> <span class='ocrx_word' id='word_1_335' title='bbox 2591 2469 2931 2538; x_wconf 90' lang='lat' dir='ltr'><strong>auinumque</strong></span> <span class='ocrx_word' id='word_1_336' title='bbox 2981 2469 3459 2531; x_wconf 66' lang='lat' dir='ltr'><strong>animadverti-ns.</strong></span> <span class='ocrx_word' id='word_1_337' title='bbox 3513 2473 3577 2524; x_wconf 84' lang='lat' dir='ltr'><strong>ad</strong></span> 
     </span>
    </p>
   </div>
   <div class='ocr_carea' id='block_1_50' title="bbox 2002 2563 3579 2633">
    <p class='ocr_par' dir='ltr' id='par_1_50' title="bbox 2002 2563 3579 2633">
     <span class='ocr_line' id='line_1_50' title="bbox 2002 2563 3579 2633; baseline 0 -16"><span class='ocrx_word' id='word_1_338' title='bbox 2002 2564 2149 2633; x_wconf 88' lang='lat' dir='ltr'><strong>quod</strong></span> <span class='ocrx_word' id='word_1_339' title='bbox 2197 2579 2292 2617; x_wconf 86' lang='lat' dir='ltr'><strong>vos</strong></span> <span class='ocrx_word' id='word_1_340' title='bbox 2331 2579 2633 2618; x_wconf 88' lang='lat' dir='ltr'><strong>conservus</strong></span> <span class='ocrx_word' id='word_1_341' title='bbox 2673 2573 2727 2616; x_wconf 82' lang='lat' dir='ltr'><strong>et</strong></span> <span class='ocrx_word' id='word_1_342' title='bbox 2769 2563 2976 2631; x_wconf 83' lang='lat' dir='ltr'><strong>collega</strong></span> <span class='ocrx_word' id='word_1_343' title='bbox 3015 2572 3198 2615; x_wconf 83' lang='lat' dir='ltr'><strong>vester</strong></span> <span class='ocrx_word' id='word_1_344' title='bbox 3230 2563 3475 2630; x_wconf 80' lang='lat' dir='ltr'><strong>legitime</strong></span> <span class='ocrx_word' id='word_1_345' title='bbox 3517 2581 3579 2617; x_wconf 84' lang='lat' dir='ltr'><strong>ac</strong></span> 
     </span>
    </p>
   </div>
   <div class='ocr_carea' id='block_1_51' title="bbox 1999 2655 3581 2726">
    <p class='ocr_par' dir='ltr' id='par_1_51' title="bbox 1999 2655 3581 2726">
     <span class='ocr_line' id='line_1_51' title="bbox 1999 2655 3581 2726; baseline -0.001 -17"><span class='ocrx_word' id='word_1_346' title='bbox 1999 2659 2145 2726; x_wconf 81' lang='lat' dir='ltr'><strong>juste</strong></span> <span class='ocrx_word' id='word_1_347' title='bbox 2177 2657 2500 2711; x_wconf 89' lang='lat' dir='ltr'><strong>cohortatus</strong></span> <span class='ocrx_word' id='word_1_348' title='bbox 2527 2657 2715 2715; x_wconf 79' lang='lat' dir='ltr'><strong>fuerit,</strong></span> <span class='ocrx_word' id='word_1_349' title='bbox 2749 2656 2800 2709; x_wconf 87' lang='lat' dir='ltr'><strong>id</strong></span> <span class='ocrx_word' id='word_1_350' title='bbox 2831 2655 3120 2722; x_wconf 81' lang='lat' dir='ltr'><strong>suscipiat.</strong></span> <span class='ocrx_word' id='word_1_351' title='bbox 3149 2655 3286 2720; x_wconf 82' lang='lat' dir='ltr'><strong>Quid</strong></span> <span class='ocrx_word' id='word_1_352' title='bbox 3319 2672 3450 2709; x_wconf 83' lang='lat' dir='ltr'><strong>vero</strong></span> <span class='ocrx_word' id='word_1_353' title='bbox 3479 2657 3581 2708; x_wconf 83' lang='lat' dir='ltr'><strong>huc</strong></span> 
     </span>
    </p>
   </div>
   <div class='ocr_carea' id='block_1_52' title="bbox 2006 2747 3578 2820">
    <p class='ocr_par' dir='ltr' id='par_1_52' title="bbox 2006 2747 3578 2820">
     <span class='ocr_line' id='line_1_52' title="bbox 2006 2747 3578 2820; baseline -0.001 -16"><span class='ocrx_word' id='word_1_354' title='bbox 2006 2753 2180 2820; x_wconf 88' lang='lat' dir='ltr'><strong>ipsum</strong></span> <span class='ocrx_word' id='word_1_355' title='bbox 2214 2752 2337 2804; x_wconf 88' lang='lat' dir='ltr'><strong>est?</strong></span> <span class='ocrx_word' id='word_1_356' title='bbox 2367 2749 2555 2818; x_wconf 85' lang='lat' dir='ltr'><strong>Neque</strong></span> <span class='ocrx_word' id='word_1_357' title='bbox 2585 2749 2924 2818; x_wconf 83' lang='lat' dir='ltr'><strong>interrogare</strong></span> <span class='ocrx_word' id='word_1_358' title='bbox 2956 2747 3022 2801; x_wconf 89' lang='lat' dir='ltr'><strong>de</strong></span> <span class='ocrx_word' id='word_1_359' title='bbox 3051 2749 3321 2818; x_wconf 88' lang='lat' dir='ltr'><strong>ejusmodi</strong></span> <span class='ocrx_word' id='word_1_360' title='bbox 3359 2751 3523 2802; x_wconf 86' lang='lat' dir='ltr'><strong>rebus</strong></span> <span class='ocrx_word' id='word_1_361' title='bbox 3551 2767 3578 2802; x_wconf 88' lang='lat' dir='ltr'><strong>a</strong></span> 
     </span>
    </p>
   </div>
   <div class='ocr_carea' id='block_1_53' title="bbox 2006 2841 3580 2912">
    <p class='ocr_par' dir='ltr' id='par_1_53' title="bbox 2006 2841 3580 2912">
     <span class='ocr_line' id='line_1_53' title="bbox 2006 2841 3580 2912; baseline 0.001 -19"><span class='ocrx_word' id='word_1_362' title='bbox 2006 2843 2300 2912; x_wconf 82' lang='lat' dir='ltr'><strong>principio,</strong></span> <span class='ocrx_word' id='word_1_363' title='bbox 2329 2857 2506 2911; x_wconf 88' lang='lat' dir='ltr'><strong>neque</strong></span> <span class='ocrx_word' id='word_1_364' title='bbox 2541 2842 2936 2909; x_wconf 79' lang='lat' dir='ltr'><strong>interrogatum</strong></span> <span class='ocrx_word' id='word_1_365' title='bbox 2973 2841 3334 2910; x_wconf 89' lang='lat' dir='ltr'><strong>respondere,</strong></span> <span class='ocrx_word' id='word_1_366' title='bbox 3364 2859 3580 2911; x_wconf 68' lang='lat' dir='ltr'><strong>a&#39;quunt</strong></span> 
     </span>
    </p>
   </div>
   <div class='ocr_carea' id='block_1_54' title="bbox 2005 2937 3581 3008">
    <p class='ocr_par' dir='ltr' id='par_1_54' title="bbox 2005 2937 3581 3008">
     <span class='ocr_line' id='line_1_54' title="bbox 2005 2937 3581 3008; baseline -0.003 -13"><span class='ocrx_word' id='word_1_367' title='bbox 2005 2948 2142 2995; x_wconf 87' lang='lat' dir='ltr'><strong>erat.</strong></span> <span class='ocrx_word' id='word_1_368' title='bbox 2167 2941 2517 3008; x_wconf 83' lang='lat' dir='ltr'><strong>Ejuscemodi</strong></span> <span class='ocrx_word' id='word_1_369' title='bbox 2546 2941 2690 2993; x_wconf 91' lang='lat' dir='ltr'><strong>enim</strong></span> <span class='ocrx_word' id='word_1_370' title='bbox 2717 2937 3070 3007; x_wconf 67' lang='lat' dir='ltr'><strong>quaestiones.</strong></span> <span class='ocrx_word' id='word_1_371' title='bbox 3095 2951 3231 3004; x_wconf 90' lang='lat' dir='ltr'><strong>quas</strong></span> <span class='ocrx_word' id='word_1_372' title='bbox 3261 2953 3366 2989; x_wconf 93' lang='lat' dir='ltr'><strong>non</strong></span> <span class='ocrx_word' id='word_1_373' title='bbox 3401 2939 3581 3005; x_wconf 87' lang='lat' dir='ltr'><strong>aliqua</strong></span> 
     </span>
    </p>
   </div>
   <div class='ocr_carea' id='block_1_55' title="bbox 2005 3031 3580 3103">
    <p class='ocr_par' dir='ltr' id='par_1_55' title="bbox 2005 3031 3580 3103">
     <span class='ocr_line' id='line_1_55' title="bbox 2005 3031 3580 3103; baseline -0.004 -16"><span class='ocrx_word' id='word_1_374' title='bbox 2005 3034 2142 3102; x_wconf 83' lang='lat' dir='ltr'><strong>legis</strong></span> <span class='ocrx_word' id='word_1_375' title='bbox 2171 3042 2227 3087; x_wconf 89' lang='lat' dir='ltr'><strong>et</strong></span> <span class='ocrx_word' id='word_1_376' title='bbox 2263 3033 2549 3103; x_wconf 71' lang='lat' dir='ltr'><strong>religionis</strong></span> <span class='ocrx_word' id='word_1_377' title='bbox 2583 3041 2782 3086; x_wconf 71' lang='lat' dir='ltr'><strong>nostra:</strong></span> <span class='ocrx_word' id='word_1_378' title='bbox 2828 3031 3131 3085; x_wconf 79' lang='lat' dir='ltr'><strong>necessitas</strong></span> <span class='ocrx_word' id='word_1_379' title='bbox 3177 3031 3445 3099; x_wconf 76' lang='lat' dir='ltr'><strong>injuugit.</strong></span> <span class='ocrx_word' id='word_1_380' title='bbox 3486 3032 3580 3082; x_wconf 87' lang='lat' dir='ltr'><strong>sed</strong></span> 
     </span>
    </p>
   </div>
   <div class='ocr_carea' id='block_1_56' title="bbox 2007 3123 3583 3193">
    <p class='ocr_par' dir='ltr' id='par_1_56' title="bbox 2007 3123 3583 3193">
     <span class='ocr_line' id='line_1_56' title="bbox 2007 3123 3583 3193; baseline -0.003 -14"><span class='ocrx_word' id='word_1_381' title='bbox 2007 3125 2199 3179; x_wconf 89' lang='lat' dir='ltr'><strong>inanes</strong></span> <span class='ocrx_word' id='word_1_382' title='bbox 2237 3126 2445 3179; x_wconf 92' lang='lat' dir='ltr'><strong>inutilis</strong></span> <span class='ocrx_word' id='word_1_383' title='bbox 2481 3126 2579 3178; x_wconf 92' lang='lat' dir='ltr'><strong>otii</strong></span> <span class='ocrx_word' id='word_1_384' title='bbox 2622 3139 2778 3193; x_wconf 79' lang='lat' dir='ltr'><strong>nuga:</strong></span> <span class='ocrx_word' id='word_1_385' title='bbox 2807 3123 3128 3192; x_wconf 80' lang='lat' dir='ltr'><strong>proferunt,</strong></span> <span class='ocrx_word' id='word_1_386' title='bbox 3169 3123 3383 3174; x_wconf 87' lang='lat' dir='ltr'><strong>etiamsi</strong></span> <span class='ocrx_word' id='word_1_387' title='bbox 3422 3131 3583 3175; x_wconf 89' lang='lat' dir='ltr'><strong>natu-</strong></span> 
     </span>
    </p>
   </div>
   <div class='ocr_carea' id='block_1_57' title="bbox 314 3209 1992 3311">
    <p class='ocr_par' dir='ltr' id='par_1_57' title="bbox 314 3209 1973 3311">
     <span class='ocr_line' id='line_1_57' title="bbox 314 3209 1973 3311; baseline 0.001 -52"><span class='ocrx_word' id='word_1_388' title='bbox 314 3209 416 3262; x_wconf 70' lang='grc' dir='ltr'><strong>καὶ</strong></span> <span class='ocrx_word' id='word_1_389' title='bbox 450 3209 526 3278; x_wconf 80' lang='grc' dir='ltr'><strong>μὴ</strong></span> <span class='ocrx_word' id='word_1_390' title='bbox 560 3210 871 3279; x_wconf 81' lang='grc' dir='ltr'><strong>προχείρως</strong></span> <span class='ocrx_word' id='word_1_391' title='bbox 905 3213 982 3274; x_wconf 87' lang='grc' dir='ltr'><strong>είς</strong></span> <span class='ocrx_word' id='word_1_392' title='bbox 1015 3210 1285 3281; x_wconf 75' lang='grc' dir='ltr'><strong>δημοσῖας</strong></span> <span class='ocrx_word' id='word_1_393' title='bbox 1326 3213 1578 3273; x_wconf 68' lang='grc' dir='ltr'><strong>συνόδους</strong></span> <span class='ocrx_word' id='word_1_394' title='bbox 1624 3211 1900 3278; x_wconf 75' lang='grc' dir='ltr'><strong>ἐκφέρειν,</strong></span> <span class='ocrx_word' id='word_1_395' title='bbox 1931 3252 1973 3311; x_wconf 77' lang='lat' dir='ltr'><strong>C</strong></span> 
     </span>
    </p>
   </div>
   <div class='ocr_carea' id='block_1_58' title="bbox 1901 3209 3579 3311">
    <p class='ocr_par' dir='ltr' id='par_1_58' title="bbox 1931 3213 3579 3311">
     <span class='ocr_line' id='line_1_58' title="bbox 1931 3213 3579 3311; baseline -0.004 -42"><span class='ocrx_word' id='word_1_396' title='bbox 1931 3252 1973 3311; x_wconf 62' lang='grc' dir='ltr'>ϐ</span> <span class='ocrx_word' id='word_1_397' title='bbox 2008 3217 2138 3270; x_wconf 91' lang='lat' dir='ltr'><strong>ralis</strong></span> <span class='ocrx_word' id='word_1_398' title='bbox 2181 3218 2416 3287; x_wconf 84' lang='lat' dir='ltr'><strong>alicujus</strong></span> <span class='ocrx_word' id='word_1_399' title='bbox 2457 3215 2910 3270; x_wconf 74' lang='lat' dir='ltr'><strong>excercitationis</strong></span> <span class='ocrx_word' id='word_1_400' title='bbox 2955 3213 3126 3284; x_wconf 81' lang='lat' dir='ltr'><strong>gratia</strong></span> <span class='ocrx_word' id='word_1_401' title='bbox 3179 3223 3579 3283; x_wconf 70' lang='lat' dir='ltr'><strong>prepowantur,</strong></span> 
     </span>
    </p>
   </div>
   <div class='ocr_carea' id='block_1_59' title="bbox 321 3302 1899 3376">
    <p class='ocr_par' dir='ltr' id='par_1_59' title="bbox 321 3302 1899 3376">
     <span class='ocr_line' id='line_1_59' title="bbox 321 3302 1899 3376; baseline 0.003 -24"><span class='ocrx_word' id='word_1_402' title='bbox 321 3302 459 3372; x_wconf 77' lang='grc' dir='ltr'><strong>μηδὲ</strong></span> <span class='ocrx_word' id='word_1_403' title='bbox 509 3307 627 3364; x_wconf 82' lang='grc' dir='ltr'><strong>ταῖς</strong></span> <span class='ocrx_word' id='word_1_404' title='bbox 669 3305 890 3356; x_wconf 79' lang='grc' dir='ltr'><strong>πάντων</strong></span> <span class='ocrx_word' id='word_1_405' title='bbox 941 3307 1133 3367; x_wconf 81' lang='grc' dir='ltr'><strong>ἀκοαῖς</strong></span> <span class='ocrx_word' id='word_1_406' title='bbox 1185 3306 1541 3376; x_wconf 79' lang='grc' dir='ltr'><strong>ἀπρονοήτως</strong></span> <span class='ocrx_word' id='word_1_407' title='bbox 1599 3305 1899 3357; x_wconf 82' lang='grc' dir='ltr'><strong>πιστεύειν.</strong></span> 
     </span>
    </p>
   </div>
   <div class='ocr_carea' id='block_1_60' title="bbox 315 3397 1902 3470">
    <p class='ocr_par' dir='ltr' id='par_1_60' title="bbox 315 3397 1902 3470">
     <span class='ocr_line' id='line_1_60' title="bbox 315 3397 1902 3470; baseline 0.001 -21"><span class='ocrx_word' id='word_1_408' title='bbox 315 3397 493 3456; x_wconf 70' lang='grc' dir='ltr'><strong>Πότος</strong></span> <span class='ocrx_word' id='word_1_409' title='bbox 525 3397 636 3468; x_wconf 81' lang='grc' dir='ltr'><strong>γάρ</strong></span> <span class='ocrx_word' id='word_1_410' title='bbox 672 3401 824 3450; x_wconf 84' lang='grc' dir='ltr'><strong>ἐστιν</strong></span> <span class='ocrx_word' id='word_1_411' title='bbox 876 3400 1133 3464; x_wconf 73' lang='grc' dir='ltr'><strong>ἕκαστος,</strong></span> <span class='ocrx_word' id='word_1_412' title='bbox 1182 3397 1324 3451; x_wconf 76' lang='grc' dir='ltr'><strong>ῶστε</strong></span> <span class='ocrx_word' id='word_1_413' title='bbox 1361 3400 1706 3470; x_wconf 73' lang='grc' dir='ltr'><strong>πραγμάτων</strong></span> <span class='ocrx_word' id='word_1_414' title='bbox 1759 3398 1902 3451; x_wconf 77' lang='grc' dir='ltr'><strong>οὕτω</strong></span> 
     </span>
    </p>
   </div>
   <div class='ocr_carea' id='block_1_61' title="bbox 320 3489 1902 3562">
    <p class='ocr_par' dir='ltr' id='par_1_61' title="bbox 320 3489 1902 3562">
     <span class='ocr_line' id='line_1_61' title="bbox 320 3489 1902 3562; baseline 0.002 -22"><span class='ocrx_word' id='word_1_415' title='bbox 320 3489 579 3556; x_wconf 79' lang='grc' dir='ltr'><strong>μεγάλων</strong></span> <span class='ocrx_word' id='word_1_416' title='bbox 641 3491 737 3542; x_wconf 74' lang='grc' dir='ltr'><strong>καὶ</strong></span> <span class='ocrx_word' id='word_1_417' title='bbox 795 3491 917 3542; x_wconf 80' lang='grc' dir='ltr'><strong>λίαν</strong></span> <span class='ocrx_word' id='word_1_418' title='bbox 976 3492 1258 3561; x_wconf 80' lang='grc' dir='ltr'><strong>δυσχερῶν</strong></span> <span class='ocrx_word' id='word_1_419' title='bbox 1310 3492 1610 3562; x_wconf 78' lang='grc' dir='ltr'><strong>δύναμινῆ</strong></span> <span class='ocrx_word' id='word_1_420' title='bbox 1667 3491 1800 3562; x_wconf 75' lang='grc' dir='ltr'><strong>πρὸς</strong></span> <span class='ocrx_word' id='word_1_421' title='bbox 1844 3492 1902 3543; x_wconf 79' lang='grc' dir='ltr'><strong>τὸ</strong></span> 
     </span>
    </p>
   </div>
   <div class='ocr_carea' id='block_1_62' title="bbox 316 3581 1903 3655">
    <p class='ocr_par' dir='ltr' id='par_1_62' title="bbox 316 3581 1903 3655">
     <span class='ocr_line' id='line_1_62' title="bbox 316 3581 1903 3655; baseline 0.001 -21"><span class='ocrx_word' id='word_1_422' title='bbox 316 3581 552 3650; x_wconf 78' lang='grc' dir='ltr'><strong>ἀκριϐὲς</strong></span> <span class='ocrx_word' id='word_1_423' title='bbox 593 3583 852 3643; x_wconf 84' lang='grc' dir='ltr'><strong>συνιδεῖν,</strong></span> <span class='ocrx_word' id='word_1_424' title='bbox 891 3584 922 3654; x_wconf 78' lang='grc' dir='ltr'>ἢ</span> <span class='ocrx_word' id='word_1_425' title='bbox 967 3586 1087 3637; x_wconf 83' lang='grc' dir='ltr'><strong>κατ’</strong></span> <span class='ocrx_word' id='word_1_426' title='bbox 1126 3584 1284 3651; x_wconf 80' lang='grc' dir='ltr'><strong>ἀξίαν</strong></span> <span class='ocrx_word' id='word_1_427' title='bbox 1325 3584 1710 3655; x_wconf 75' lang='grc' dir='ltr'><strong>ἐρμηνεῦσαις</strong></span> <span class='ocrx_word' id='word_1_428' title='bbox 1757 3585 1816 3637; x_wconf 80' lang='lat' dir='ltr'><strong>El</strong></span> <span class='ocrx_word' id='word_1_429' title='bbox 1845 3584 1903 3638; x_wconf 85' lang='grc' dir='ltr'><strong>δὲ</strong></span> 
     </span>
    </p>
   </div>
   <div class='ocr_carea' id='block_1_63' title="bbox 319 3676 1904 3746">
    <p class='ocr_par' dir='ltr' id='par_1_63' title="bbox 319 3676 1904 3746">
     <span class='ocr_line' id='line_1_63' title="bbox 319 3676 1904 3746; baseline 0.003 -20"><span class='ocrx_word' id='word_1_430' title='bbox 319 3676 420 3727; x_wconf 75' lang='grc' dir='ltr'><strong>καὶ</strong></span> <span class='ocrx_word' id='word_1_431' title='bbox 454 3677 618 3730; x_wconf 82' lang='grc' dir='ltr'><strong>τοῦτο</strong></span> <span class='ocrx_word' id='word_1_432' title='bbox 647 3678 826 3729; x_wconf 72' lang='grc' dir='ltr'><strong>ποιεῖν</strong></span> <span class='ocrx_word' id='word_1_433' title='bbox 861 3695 944 3740; x_wconf 87' lang='grc' dir='ltr'><strong>τις</strong></span> <span class='ocrx_word' id='word_1_434' title='bbox 975 3677 1217 3746; x_wconf 80' lang='grc' dir='ltr'><strong>εὐχερῶς</strong></span> <span class='ocrx_word' id='word_1_435' title='bbox 1258 3678 1569 3746; x_wconf 86' lang='grc' dir='ltr'><strong>νομισθείη,</strong></span> <span class='ocrx_word' id='word_1_436' title='bbox 1607 3678 1771 3730; x_wconf 81' lang='grc' dir='ltr'><strong>πόσον</strong></span> <span class='ocrx_word' id='word_1_437' title='bbox 1806 3677 1904 3746; x_wconf 86' lang='grc' dir='ltr'><strong>μέ-</strong></span> 
     </span>
    </p>
   </div>
   <div class='ocr_carea' id='block_1_64' title="bbox 321 3767 1906 3839">
    <p class='ocr_par' dir='ltr' id='par_1_64' title="bbox 321 3767 1906 3839">
     <span class='ocr_line' id='line_1_64' title="bbox 321 3767 1906 3839; baseline 0.002 -20"><span class='ocrx_word' id='word_1_438' title='bbox 321 3784 421 3836; x_wconf 88' lang='grc' dir='ltr'><strong>ρος</strong></span> <span class='ocrx_word' id='word_1_439' title='bbox 449 3767 549 3821; x_wconf 84' lang='grc' dir='ltr'>τοῦ</span> <span class='ocrx_word' id='word_1_440' title='bbox 581 3769 760 3839; x_wconf 82' lang='grc' dir='ltr'><strong>δήμου</strong></span> <span class='ocrx_word' id='word_1_441' title='bbox 794 3770 1015 3831; x_wconf 84' lang='grc' dir='ltr'><strong>πείσει;</strong></span> <span class='ocrx_word' id='word_1_442' title='bbox 1055 3771 1126 3822; x_wconf 86' lang='grc' dir='ltr'><strong>Ἦ</strong></span> <span class='ocrx_word' id='word_1_443' title='bbox 1155 3771 1238 3833; x_wconf 87' lang='grc' dir='ltr'><strong>τίς</strong></span> <span class='ocrx_word' id='word_1_444' title='bbox 1277 3769 1335 3832; x_wconf 83' lang='grc' dir='ltr'><strong>ὃς</strong></span> <span class='ocrx_word' id='word_1_445' title='bbox 1363 3773 1482 3832; x_wconf 79' lang='grc' dir='ltr'><strong>ταῖς</strong></span> <span class='ocrx_word' id='word_1_446' title='bbox 1510 3770 1619 3823; x_wconf 90' lang='grc' dir='ltr'><strong>τῶν</strong></span> <span class='ocrx_word' id='word_1_447' title='bbox 1645 3769 1906 3823; x_wconf 78' lang='grc' dir='ltr'><strong>τοιούτων</strong></span> 
     </span>
    </p>
   </div>
   <div class='ocr_carea' id='block_1_65' title="bbox 318 3860 1906 3932">
    <p class='ocr_par' dir='ltr' id='par_1_65' title="bbox 318 3860 1906 3932">
     <span class='ocr_line' id='line_1_65' title="bbox 318 3860 1906 3932; baseline 0.001 -20"><span class='ocrx_word' id='word_1_448' title='bbox 318 3861 639 3928; x_wconf 88' lang='grc' dir='ltr'><strong>ἀκριϐείαις</strong></span> <span class='ocrx_word' id='word_1_449' title='bbox 673 3861 782 3926; x_wconf 72' lang='grc' dir='ltr'><strong>ἔξω</strong></span> <span class='ocrx_word' id='word_1_450' title='bbox 813 3862 912 3932; x_wconf 76' lang='grc' dir='ltr'><strong>τῆς</strong></span> <span class='ocrx_word' id='word_1_451' title='bbox 945 3860 1292 3915; x_wconf 85' lang='grc' dir='ltr'><strong>ἐπικινδύνου</strong></span> <span class='ocrx_word' id='word_1_452' title='bbox 1325 3861 1778 3930; x_wconf 83' lang='grc' dir='ltr'><strong>παρολισθήσεως</strong></span> <span class='ocrx_word' id='word_1_453' title='bbox 1813 3864 1906 3914; x_wconf 86' lang='grc' dir='ltr'><strong>ἁν-</strong></span> 
     </span>
    </p>
   </div>
   <div class='ocr_carea' id='block_1_66' title="bbox 319 3953 1906 4022">
    <p class='ocr_par' dir='ltr' id='par_1_66' title="bbox 319 3953 1906 4022">
     <span class='ocr_line' id='line_1_66' title="bbox 319 3953 1906 4022; baseline 0.002 -18"><span class='ocrx_word' id='word_1_454' title='bbox 319 3953 585 4022; x_wconf 85' lang='grc' dir='ltr'><strong>τισταίη;</strong></span> <span class='ocrx_word' id='word_1_455' title='bbox 645 3953 861 4007; x_wconf 82' lang='grc' dir='ltr'><strong>Οὐκοῦν</strong></span> <span class='ocrx_word' id='word_1_456' title='bbox 917 3955 1177 4020; x_wconf 63' lang='grc' dir='ltr'><strong>ἐφεκτέον</strong></span> <span class='ocrx_word' id='word_1_457' title='bbox 1229 3955 1288 4006; x_wconf 84' lang='grc' dir='ltr'><strong>ἐν</strong></span> <span class='ocrx_word' id='word_1_458' title='bbox 1336 3956 1450 4015; x_wconf 71' lang='grc' dir='ltr'><strong>τοῖς</strong></span> <span class='ocrx_word' id='word_1_459' title='bbox 1499 3954 1762 4016; x_wconf 83' lang='grc' dir='ltr'><strong>τοιούτοις</strong></span> <span class='ocrx_word' id='word_1_460' title='bbox 1809 3957 1906 4022; x_wconf 65' lang='grc' dir='ltr'><strong>τὴν</strong></span> 
     </span>
    </p>
   </div>
   <div class='ocr_carea' id='block_1_67' title="bbox 320 4039 1907 4110">
    <p class='ocr_par' dir='ltr' id='par_1_67' title="bbox 320 4039 1907 4110">
     <span class='ocr_line' id='line_1_67' title="bbox 320 4039 1907 4110; baseline 0.001 -20"><span class='ocrx_word' id='word_1_461' title='bbox 320 4039 691 4105; x_wconf 75' lang='grc' dir='ltr'><strong>πολυλογίανο</strong></span> <span class='ocrx_word' id='word_1_462' title='bbox 726 4040 812 4091; x_wconf 86' lang='grc' dir='ltr'><strong>ἴνα</strong></span> <span class='ocrx_word' id='word_1_463' title='bbox 860 4042 1058 4108; x_wconf 86' lang='grc' dir='ltr'><strong>μήπως</strong></span> <span class='ocrx_word' id='word_1_464' title='bbox 1091 4041 1122 4110; x_wconf 77' lang='grc' dir='ltr'>ή</span> <span class='ocrx_word' id='word_1_465' title='bbox 1165 4040 1324 4110; x_wconf 75' lang='grc' dir='ltr'><strong>ἡμῶν</strong></span> <span class='ocrx_word' id='word_1_466' title='bbox 1365 4041 1623 4094; x_wconf 83' lang='grc' dir='ltr'><strong>ἀσθένεια</strong></span> <span class='ocrx_word' id='word_1_467' title='bbox 1677 4041 1772 4108; x_wconf 80' lang='grc' dir='ltr'><strong>τῆς</strong></span> <span class='ocrx_word' id='word_1_468' title='bbox 1806 4041 1907 4109; x_wconf 83' lang='grc' dir='ltr'><strong>φύ-</strong></span> 
     </span>
    </p>
   </div>
   <div class='ocr_carea' id='block_1_68' title="bbox 322 4129 1905 4200">
    <p class='ocr_par' dir='ltr' id='par_1_68' title="bbox 322 4129 1905 4200">
     <span class='ocr_line' id='line_1_68' title="bbox 322 4129 1905 4200; baseline -0.003 -16"><span class='ocrx_word' id='word_1_469' title='bbox 322 4147 487 4196; x_wconf 84' lang='grc' dir='ltr'><strong>σεως,</strong></span> <span class='ocrx_word' id='word_1_470' title='bbox 523 4129 583 4182; x_wconf 74' lang='grc' dir='ltr'><strong>τὸ</strong></span> <span class='ocrx_word' id='word_1_471' title='bbox 612 4129 882 4200; x_wconf 82' lang='grc' dir='ltr'><strong>προτεθὲν</strong></span> <span class='ocrx_word' id='word_1_472' title='bbox 916 4129 1255 4200; x_wconf 76' lang='grc' dir='ltr'><strong>ἑρμηνεῦσαι</strong></span> <span class='ocrx_word' id='word_1_473' title='bbox 1287 4131 1363 4200; x_wconf 83' lang='grc' dir='ltr'><strong>μὴ</strong></span> <span class='ocrx_word' id='word_1_474' title='bbox 1413 4131 1774 4199; x_wconf 79' lang='grc' dir='ltr'><strong>δυνηθέντων,</strong></span> <span class='ocrx_word' id='word_1_475' title='bbox 1811 4130 1844 4200; x_wconf 79' lang='grc' dir='ltr'>ἢ</span> <span class='ocrx_word' id='word_1_476' title='bbox 1873 4132 1905 4200; x_wconf 75' lang='grc' dir='ltr'>ἡ</span> 
     </span>
    </p>
   </div>
   <div class='ocr_carea' id='block_1_69' title="bbox 318 4222 1905 4292">
    <p class='ocr_par' dir='ltr' id='par_1_69' title="bbox 318 4222 1905 4292">
     <span class='ocr_line' id='line_1_69' title="bbox 318 4222 1905 4292; baseline 0.001 -18"><span class='ocrx_word' id='word_1_477' title='bbox 318 4223 436 4274; x_wconf 79' lang='grc' dir='ltr'><strong>τῶν</strong></span> <span class='ocrx_word' id='word_1_478' title='bbox 484 4222 898 4290; x_wconf 86' lang='grc' dir='ltr'><strong>διδασκομένων</strong></span> <span class='ocrx_word' id='word_1_479' title='bbox 956 4222 1245 4291; x_wconf 80' lang='grc' dir='ltr'><strong>ἀκροατῶν</strong></span> <span class='ocrx_word' id='word_1_480' title='bbox 1307 4222 1615 4292; x_wconf 82' lang='grc' dir='ltr'><strong>βραδυτέρα</strong></span> <span class='ocrx_word' id='word_1_481' title='bbox 1665 4223 1905 4286; x_wconf 83' lang='grc' dir='ltr'><strong>σύνεσις,</strong></span> 
     </span>
    </p>
   </div>
   <div class='ocr_carea' id='block_1_70' title="bbox 321 4314 1908 4386">
    <p class='ocr_par' dir='ltr' id='par_1_70' title="bbox 321 4314 1908 4386">
     <span class='ocr_line' id='line_1_70' title="bbox 321 4314 1908 4386; baseline 0 -19"><span class='ocrx_word' id='word_1_482' title='bbox 321 4318 466 4386; x_wconf 70' lang='grc' dir='ltr'><strong>πρὸς</strong></span> <span class='ocrx_word' id='word_1_483' title='bbox 490 4316 695 4384; x_wconf 81' lang='grc' dir='ltr'><strong>ἀκριϐῆ</strong></span> <span class='ocrx_word' id='word_1_484' title='bbox 731 4315 826 4367; x_wconf 84' lang='grc' dir='ltr'><strong>τοῦ</strong></span> <span class='ocrx_word' id='word_1_485' title='bbox 860 4314 1121 4385; x_wconf 73' lang='grc' dir='ltr'><strong>ῥηθέντος</strong></span> <span class='ocrx_word' id='word_1_486' title='bbox 1144 4315 1451 4384; x_wconf 69' lang='grc' dir='ltr'><strong>κατάληψιν</strong></span> <span class='ocrx_word' id='word_1_487' title='bbox 1479 4315 1658 4367; x_wconf 84' lang='grc' dir='ltr'><strong>ἐλθεῖν</strong></span> <span class='ocrx_word' id='word_1_488' title='bbox 1692 4315 1764 4384; x_wconf 83' lang='grc' dir='ltr'><strong>μὴ</strong></span> <span class='ocrx_word' id='word_1_489' title='bbox 1796 4333 1908 4384; x_wconf 86' lang='grc' dir='ltr'><strong>χω-</strong></span> 
     </span>
    </p>
   </div>
   <div class='ocr_carea' id='block_1_71' title="bbox 322 4406 1908 4479">
    <p class='ocr_par' dir='ltr' id='par_1_71' title="bbox 322 4406 1908 4479">
     <span class='ocr_line' id='line_1_71' title="bbox 322 4406 1908 4479; baseline 0.001 -20"><span class='ocrx_word' id='word_1_490' title='bbox 322 4408 638 4479; x_wconf 75' lang='grc' dir='ltr'><strong>ρησάντων,</strong></span> <span class='ocrx_word' id='word_1_491' title='bbox 671 4406 826 4468; x_wconf 76' lang='grc' dir='ltr'><strong>αὖθις</strong></span> <span class='ocrx_word' id='word_1_492' title='bbox 857 4406 916 4470; x_wconf 81' lang='grc' dir='ltr'><strong>ἐξ</strong></span> <span class='ocrx_word' id='word_1_493' title='bbox 943 4407 1207 4475; x_wconf 79' lang='grc' dir='ltr'><strong>ἐκατέρου</strong></span> <span class='ocrx_word' id='word_1_494' title='bbox 1233 4407 1460 4470; x_wconf 84' lang='grc' dir='ltr'><strong>τούτων,</strong></span> <span class='ocrx_word' id='word_1_495' title='bbox 1491 4407 1521 4477; x_wconf 77' lang='grc' dir='ltr'>ἦ</span> <span class='ocrx_word' id='word_1_496' title='bbox 1553 4407 1908 4478; x_wconf 59' lang='grc' dir='ltr'><strong>β).ασς;ημίας</strong></span> 
     </span>
    </p>
   </div>
   <div class='ocr_carea' id='block_1_72' title="bbox 2013 3305 3582 3375">
    <p class='ocr_par' dir='ltr' id='par_1_72' title="bbox 2013 3305 3582 3375">
     <span class='ocr_line' id='line_1_72' title="bbox 2013 3305 3582 3375; baseline -0.002 -12"><span class='ocrx_word' id='word_1_497' title='bbox 2013 3319 2192 3363; x_wconf 89' lang='lat' dir='ltr'><strong>tamen</strong></span> <span class='ocrx_word' id='word_1_498' title='bbox 2221 3309 2360 3362; x_wconf 92' lang='lat' dir='ltr'><strong>intra</strong></span> <span class='ocrx_word' id='word_1_499' title='bbox 2393 3309 2575 3360; x_wconf 83' lang='lat' dir='ltr'><strong>abdita</strong></span> <span class='ocrx_word' id='word_1_500' title='bbox 2611 3308 2813 3361; x_wconf 92' lang='lat' dir='ltr'><strong>mentis</strong></span> <span class='ocrx_word' id='word_1_501' title='bbox 2846 3315 3048 3359; x_wconf 63' lang='lat' dir='ltr'><strong>nostra:</strong></span> <span class='ocrx_word' id='word_1_502' title='bbox 3079 3307 3388 3367; x_wconf 86' lang='lat' dir='ltr'><strong>continere.</strong></span> <span class='ocrx_word' id='word_1_503' title='bbox 3422 3305 3582 3375; x_wconf 81' lang='lat'><strong>557</strong></span> 
     </span>
    </p>
   </div>
   <div class='ocr_carea' id='block_1_73' title="bbox 2012 3397 3581 3471">
    <p class='ocr_par' dir='ltr' id='par_1_73' title="bbox 2012 3397 3581 3471">
     <span class='ocr_line' id='line_1_73' title="bbox 2012 3397 3581 3471; baseline -0.005 -15"><span class='ocrx_word' id='word_1_504' title='bbox 2012 3417 2190 3471; x_wconf 88' lang='lat' dir='ltr'><strong>neque</strong></span> <span class='ocrx_word' id='word_1_505' title='bbox 2226 3403 2308 3456; x_wconf 90' lang='lat' dir='ltr'><strong>vel</strong></span> <span class='ocrx_word' id='word_1_506' title='bbox 2341 3401 2497 3455; x_wconf 81' lang='lat' dir='ltr'><strong>facile</strong></span> <span class='ocrx_word' id='word_1_507' title='bbox 2539 3401 2592 3453; x_wconf 91' lang='lat' dir='ltr'><strong>in</strong></span> <span class='ocrx_word' id='word_1_508' title='bbox 2637 3399 2890 3468; x_wconf 90' lang='lat' dir='ltr'><strong>publicos</strong></span> <span class='ocrx_word' id='word_1_509' title='bbox 2920 3406 3227 3452; x_wconf 91' lang='lat' dir='ltr'><strong>conventus</strong></span> <span class='ocrx_word' id='word_1_510' title='bbox 3256 3397 3581 3466; x_wconf 79' lang='lat' dir='ltr'><strong>producere,</strong></span> 
     </span>
    </p>
   </div>
   <div class='ocr_carea' id='block_1_74' title="bbox 2012 3489 3580 3548">
    <p class='ocr_par' dir='ltr' id='par_1_74' title="bbox 2012 3489 3580 3548">
     <span class='ocr_line' id='line_1_74' title="bbox 2012 3489 3580 3548; baseline -0.002 -2"><span class='ocrx_word' id='word_1_511' title='bbox 2012 3495 2098 3548; x_wconf 87' lang='lat' dir='ltr'><strong>vel</strong></span> <span class='ocrx_word' id='word_1_512' title='bbox 2156 3493 2373 3548; x_wconf 75' lang='lat' dir='ltr'><strong>incaute</strong></span> <span class='ocrx_word' id='word_1_513' title='bbox 2423 3491 2668 3547; x_wconf 92' lang='lat' dir='ltr'><strong>omnium</strong></span> <span class='ocrx_word' id='word_1_514' title='bbox 2724 3491 2954 3544; x_wconf 84' lang='lat' dir='ltr'><strong>auribus</strong></span> <span class='ocrx_word' id='word_1_515' title='bbox 3008 3490 3238 3544; x_wconf 89' lang='lat' dir='ltr'><strong>credere</strong></span> <span class='ocrx_word' id='word_1_516' title='bbox 3292 3489 3580 3543; x_wconf 81' lang='lat' dir='ltr'><strong>debemus.</strong></span> 
     </span>
    </p>
   </div>
   <div class='ocr_carea' id='block_1_75' title="bbox 2011 3582 3585 3654">
    <p class='ocr_par' dir='ltr' id='par_1_75' title="bbox 2011 3582 3585 3654">
     <span class='ocr_line' id='line_1_75' title="bbox 2011 3582 3585 3654; baseline -0.002 -15"><span class='ocrx_word' id='word_1_517' title='bbox 2011 3587 2224 3654; x_wconf 87' lang='lat' dir='ltr'><strong>Quotus</strong></span> <span class='ocrx_word' id='word_1_518' title='bbox 2269 3586 2416 3641; x_wconf 90' lang='lat' dir='ltr'><strong>enim</strong></span> <span class='ocrx_word' id='word_1_519' title='bbox 2461 3586 2696 3654; x_wconf 88' lang='lat' dir='ltr'><strong>quisque</strong></span> <span class='ocrx_word' id='word_1_520' title='bbox 2741 3593 2825 3639; x_wconf 91' lang='lat' dir='ltr'><strong>est</strong></span> <span class='ocrx_word' id='word_1_521' title='bbox 2871 3582 2964 3653; x_wconf 90' lang='lat' dir='ltr'><strong>qui</strong></span> <span class='ocrx_word' id='word_1_522' title='bbox 3017 3598 3102 3638; x_wconf 87' lang='lat' dir='ltr'><strong>res</strong></span> <span class='ocrx_word' id='word_1_523' title='bbox 3153 3584 3224 3636; x_wconf 87' lang='lat' dir='ltr'><strong>ita</strong></span> <span class='ocrx_word' id='word_1_524' title='bbox 3267 3598 3490 3652; x_wconf 85' lang='lat' dir='ltr'><strong>magnas</strong></span> <span class='ocrx_word' id='word_1_525' title='bbox 3528 3593 3585 3636; x_wconf 91' lang='lat' dir='ltr'><strong>et</strong></span> 
     </span>
    </p>
   </div>
   <div class='ocr_carea' id='block_1_76' title="bbox 2014 3676 3584 3745">
    <p class='ocr_par' dir='ltr' id='par_1_76' title="bbox 2014 3676 3584 3745">
     <span class='ocr_line' id='line_1_76' title="bbox 2014 3676 3584 3745; baseline -0.005 -13"><span class='ocrx_word' id='word_1_526' title='bbox 2014 3677 2262 3733; x_wconf 78' lang='lat' dir='ltr'><strong>diﬂieiles</strong></span> <span class='ocrx_word' id='word_1_527' title='bbox 2305 3679 2597 3733; x_wconf 83' lang='lat' dir='ltr'><strong>admodum</strong></span> <span class='ocrx_word' id='word_1_528' title='bbox 2641 3685 2736 3730; x_wconf 90' lang='lat' dir='ltr'><strong>aut</strong></span> <span class='ocrx_word' id='word_1_529' title='bbox 2778 3686 2928 3731; x_wconf 92' lang='lat' dir='ltr'><strong>certo</strong></span> <span class='ocrx_word' id='word_1_530' title='bbox 2963 3676 3311 3745; x_wconf 90' lang='lat' dir='ltr'><strong>perspicere,</strong></span> <span class='ocrx_word' id='word_1_531' title='bbox 3347 3683 3440 3727; x_wconf 91' lang='lat' dir='ltr'><strong>aut</strong></span> <span class='ocrx_word' id='word_1_532' title='bbox 3477 3676 3584 3726; x_wconf 78' lang='lat' dir='ltr'><strong>rite.</strong></span> 
     </span>
    </p>
   </div>
   <div class='ocr_carea' id='block_1_77' title="bbox 2011 3765 3584 3841">
    <p class='ocr_par' dir='ltr' id='par_1_77' title="bbox 2011 3765 3584 3841">
     <span class='ocr_line' id='line_1_77' title="bbox 2011 3765 3584 3841; baseline -0.008 -15"><span class='ocrx_word' id='word_1_533' title='bbox 2011 3787 2288 3839; x_wconf 76' lang='lat' dir='ltr'><strong>exponere</strong></span> <span class='ocrx_word' id='word_1_534' title='bbox 2325 3771 2530 3841; x_wconf 84' lang='lat' dir='ltr'><strong>queat?</strong></span> <span class='ocrx_word' id='word_1_535' title='bbox 2565 3768 2722 3836; x_wconf 85' lang='lat' dir='ltr'><strong>Quod</strong></span> <span class='ocrx_word' id='word_1_536' title='bbox 2765 3769 2808 3822; x_wconf 93' lang='lat' dir='ltr'><strong>si</strong></span> <span class='ocrx_word' id='word_1_537' title='bbox 2843 3767 2970 3837; x_wconf 92' lang='lat' dir='ltr'><strong>quis</strong></span> <span class='ocrx_word' id='word_1_538' title='bbox 3007 3765 3059 3820; x_wconf 90' lang='lat' dir='ltr'><strong>id</strong></span> <span class='ocrx_word' id='word_1_539' title='bbox 3101 3766 3204 3819; x_wconf 89' lang='lat' dir='ltr'><strong>sibi</strong></span> <span class='ocrx_word' id='word_1_540' title='bbox 3243 3765 3422 3819; x_wconf 77' lang='lat' dir='ltr'><strong>facere</strong></span> <span class='ocrx_word' id='word_1_541' title='bbox 3459 3781 3584 3834; x_wconf 86' lang='lat' dir='ltr'><strong>pru-</strong></span> 
     </span>
    </p>
   </div>
   <div class='ocr_carea' id='block_1_78' title="bbox 2014 3857 3584 3928">
    <p class='ocr_par' dir='ltr' id='par_1_78' title="bbox 2014 3857 3584 3928">
     <span class='ocr_line' id='line_1_78' title="bbox 2014 3857 3584 3928; baseline -0.004 -14"><span class='ocrx_word' id='word_1_542' title='bbox 2014 3861 2154 3914; x_wconf 85' lang='lat' dir='ltr'><strong>clive</strong></span> <span class='ocrx_word' id='word_1_543' title='bbox 2185 3875 2307 3914; x_wconf 82' lang='lat' dir='ltr'><strong>esse</strong></span> <span class='ocrx_word' id='word_1_544' title='bbox 2342 3860 2544 3924; x_wconf 89' lang='lat' dir='ltr'><strong>ducat,</strong></span> <span class='ocrx_word' id='word_1_545' title='bbox 2578 3859 2666 3914; x_wconf 86' lang='lat' dir='ltr'><strong>cui</strong></span> <span class='ocrx_word' id='word_1_546' title='bbox 2705 3860 2845 3928; x_wconf 85' lang='lat' dir='ltr'><strong>parti</strong></span> <span class='ocrx_word' id='word_1_547' title='bbox 2885 3857 3059 3927; x_wconf 82' lang='lat' dir='ltr'><strong>plebis</strong></span> <span class='ocrx_word' id='word_1_548' title='bbox 3094 3857 3146 3910; x_wconf 90' lang='lat' dir='ltr'><strong>id</strong></span> <span class='ocrx_word' id='word_1_549' title='bbox 3190 3857 3584 3925; x_wconf 82' lang='lat' dir='ltr'><strong>persuadebit?</strong></span> 
     </span>
    </p>
   </div>
   <div class='ocr_carea' id='block_1_79' title="bbox 2014 3949 3582 4018">
    <p class='ocr_par' dir='ltr' id='par_1_79' title="bbox 2014 3949 3582 4018">
     <span class='ocr_line' id='line_1_79' title="bbox 2014 3949 3582 4018; baseline -0.004 -14"><span class='ocrx_word' id='word_1_550' title='bbox 2014 3951 2123 4004; x_wconf 82' lang='lat' dir='ltr'><strong>Aut</strong></span> <span class='ocrx_word' id='word_1_551' title='bbox 2166 3951 2288 4018; x_wconf 90' lang='lat' dir='ltr'><strong>quis</strong></span> <span class='ocrx_word' id='word_1_552' title='bbox 2329 3950 2544 4003; x_wconf 85' lang='lat' dir='ltr'><strong>tandem</strong></span> <span class='ocrx_word' id='word_1_553' title='bbox 2579 3949 2713 4010; x_wconf 86' lang='lat' dir='ltr'><strong>erit,</strong></span> <span class='ocrx_word' id='word_1_554' title='bbox 2766 3950 2858 4018; x_wconf 89' lang='lat' dir='ltr'><strong>qui</strong></span> <span class='ocrx_word' id='word_1_555' title='bbox 2894 3958 3081 4001; x_wconf 82' lang='lat' dir='ltr'><strong>contra</strong></span> <span class='ocrx_word' id='word_1_556' title='bbox 3129 3950 3264 4001; x_wconf 85' lang='lat' dir='ltr'><strong>tales</strong></span> <span class='ocrx_word' id='word_1_557' title='bbox 3310 3960 3582 4001; x_wconf 86' lang='lat' dir='ltr'><strong>tantarum</strong></span> 
     </span>
    </p>
   </div>
   <div class='ocr_carea' id='block_1_80' title="bbox 2017 4040 3583 4110">
    <p class='ocr_par' dir='ltr' id='par_1_80' title="bbox 2017 4040 3583 4110">
     <span class='ocr_line' id='line_1_80' title="bbox 2017 4040 3583 4110; baseline -0.003 -16"><span class='ocrx_word' id='word_1_558' title='bbox 2017 4057 2202 4095; x_wconf 85' lang='lat' dir='ltr'><strong>rerum</strong></span> <span class='ocrx_word' id='word_1_559' title='bbox 2233 4042 2476 4110; x_wconf 85' lang='lat' dir='ltr'><strong>argutias</strong></span> <span class='ocrx_word' id='word_1_560' title='bbox 2497 4052 2551 4095; x_wconf 92' lang='lat' dir='ltr'><strong>et</strong></span> <span class='ocrx_word' id='word_1_561' title='bbox 2579 4041 2918 4095; x_wconf 87' lang='lat' dir='ltr'><strong>subtilitates</strong></span> <span class='ocrx_word' id='word_1_562' title='bbox 2941 4041 3060 4094; x_wconf 89' lang='lat' dir='ltr'><strong>sine</strong></span> <span class='ocrx_word' id='word_1_563' title='bbox 3093 4041 3399 4109; x_wconf 74' lang='lat' dir='ltr'><strong>periculoso</strong></span> <span class='ocrx_word' id='word_1_564' title='bbox 3429 4040 3583 4107; x_wconf 56' lang='lat' dir='ltr'><strong>lapsu</strong></span> 
     </span>
    </p>
   </div>
   <div class='ocr_carea' id='block_1_81' title="bbox 2016 4130 3586 4195">
    <p class='ocr_par' dir='ltr' id='par_1_81' title="bbox 2016 4130 3586 4195">
     <span class='ocr_line' id='line_1_81' title="bbox 2016 4130 3586 4195; baseline -0.003 -9"><span class='ocrx_word' id='word_1_565' title='bbox 2016 4131 2320 4187; x_wconf 80' lang='lat' dir='ltr'><strong>consistet?</strong></span> <span class='ocrx_word' id='word_1_566' title='bbox 2355 4131 2529 4195; x_wconf 87' lang='lat' dir='ltr'><strong>Quam</strong></span> <span class='ocrx_word' id='word_1_567' title='bbox 2564 4133 2632 4185; x_wconf 92' lang='lat' dir='ltr'><strong>ob</strong></span> <span class='ocrx_word' id='word_1_568' title='bbox 2674 4147 2788 4183; x_wconf 89' lang='lat' dir='ltr'><strong>rem</strong></span> <span class='ocrx_word' id='word_1_569' title='bbox 2832 4131 3130 4184; x_wconf 89' lang='lat' dir='ltr'><strong>inhibenda</strong></span> <span class='ocrx_word' id='word_1_570' title='bbox 3172 4142 3248 4183; x_wconf 88' lang='lat' dir='ltr'><strong>est</strong></span> <span class='ocrx_word' id='word_1_571' title='bbox 3291 4132 3343 4182; x_wconf 89' lang='lat' dir='ltr'><strong>in</strong></span> <span class='ocrx_word' id='word_1_572' title='bbox 3385 4130 3586 4182; x_wconf 83' lang='lat' dir='ltr'><strong>talibus</strong></span> 
     </span>
    </p>
   </div>
   <div class='ocr_carea' id='block_1_82' title="bbox 2017 4227 3587 4298">
    <p class='ocr_par' dir='ltr' id='par_1_82' title="bbox 2017 4227 3587 4298">
     <span class='ocr_line' id='line_1_82' title="bbox 2017 4227 3587 4298; baseline -0.004 -15"><span class='ocrx_word' id='word_1_573' title='bbox 2017 4229 2316 4298; x_wconf 87' lang='lat' dir='ltr'><strong>disputatio</strong></span> <span class='ocrx_word' id='word_1_574' title='bbox 2364 4227 2598 4297; x_wconf 82' lang='lat' dir='ltr'><strong>longior,</strong></span> <span class='ocrx_word' id='word_1_575' title='bbox 2648 4244 2716 4281; x_wconf 89' lang='lat' dir='ltr'><strong>ne</strong></span> <span class='ocrx_word' id='word_1_576' title='bbox 2766 4244 2874 4296; x_wconf 83' lang='lat' dir='ltr'><strong>qun</strong></span> <span class='ocrx_word' id='word_1_577' title='bbox 2917 4227 3115 4292; x_wconf 90' lang='lat' dir='ltr'><strong>modo,</strong></span> <span class='ocrx_word' id='word_1_578' title='bbox 3153 4227 3198 4281; x_wconf 86' lang='lat' dir='ltr'><strong>si</strong></span> <span class='ocrx_word' id='word_1_579' title='bbox 3246 4227 3328 4281; x_wconf 91' lang='lat' dir='ltr'><strong>vel</strong></span> <span class='ocrx_word' id='word_1_580' title='bbox 3377 4237 3587 4279; x_wconf 60' lang='lat' dir='ltr'><strong>natura!</strong></span> 
     </span>
    </p>
   </div>
   <div class='ocr_carea' id='block_1_83' title="bbox 2018 4320 3587 4390">
    <p class='ocr_par' dir='ltr' id='par_1_83' title="bbox 2018 4320 3587 4390">
     <span class='ocr_line' id='line_1_83' title="bbox 2018 4320 3587 4390; baseline -0.003 -12"><span class='ocrx_word' id='word_1_581' title='bbox 2018 4334 2218 4378; x_wconf 70' lang='lat' dir='ltr'><strong>nostrae</strong></span> <span class='ocrx_word' id='word_1_582' title='bbox 2252 4322 2606 4376; x_wconf 88' lang='lat' dir='ltr'><strong>imbecillitas</strong></span> <span class='ocrx_word' id='word_1_583' title='bbox 2643 4322 2788 4388; x_wconf 92' lang='lat' dir='ltr'><strong>quod</strong></span> <span class='ocrx_word' id='word_1_584' title='bbox 2823 4323 3166 4390; x_wconf 86' lang='lat' dir='ltr'><strong>propositum</strong></span> <span class='ocrx_word' id='word_1_585' title='bbox 3207 4320 3277 4373; x_wconf 86' lang='lat' dir='ltr'><strong>sit</strong></span> <span class='ocrx_word' id='word_1_586' title='bbox 3312 4336 3587 4389; x_wconf 75' lang='lat' dir='ltr'><strong>exponere</strong></span> 
     </span>
    </p>
   </div>
   <div class='ocr_carea' id='block_1_84' title="bbox 2017 4411 3584 4469">
    <p class='ocr_par' dir='ltr' id='par_1_84' title="bbox 2017 4411 3584 4469">
     <span class='ocr_line' id='line_1_84' title="bbox 2017 4411 3584 4469; baseline -0.005 0"><span class='ocrx_word' id='word_1_587' title='bbox 2017 4431 2126 4469; x_wconf 92' lang='lat' dir='ltr'><strong>non</strong></span> <span class='ocrx_word' id='word_1_588' title='bbox 2157 4415 2371 4467; x_wconf 88' lang='lat' dir='ltr'><strong>valeat:</strong></span> <span class='ocrx_word' id='word_1_589' title='bbox 2402 4413 2486 4466; x_wconf 88' lang='lat' dir='ltr'><strong>vel</strong></span> <span class='ocrx_word' id='word_1_590' title='bbox 2515 4412 2842 4466; x_wconf 90' lang='lat' dir='ltr'><strong>discentium</strong></span> <span class='ocrx_word' id='word_1_591' title='bbox 2872 4412 3184 4464; x_wconf 78' lang='lat' dir='ltr'><strong>auditorum</strong></span> <span class='ocrx_word' id='word_1_592' title='bbox 3216 4411 3470 4463; x_wconf 69' lang='lat' dir='ltr'><strong>hebetius</strong></span> <span class='ocrx_word' id='word_1_593' title='bbox 3507 4412 3584 4462; x_wconf 54' lang='lat' dir='ltr'><strong>in.</strong></span> 
     </span>
    </p>
   </div>
   <div class='ocr_carea' id='block_1_85' title="bbox 318 4497 1996 4579">
    <p class='ocr_par' dir='ltr' id='par_1_85' title="bbox 318 4497 1910 4570">
     <span class='ocr_line' id='line_1_85' title="bbox 318 4497 1910 4570; baseline 0.001 -22"><span class='ocrx_word' id='word_1_594' title='bbox 318 4499 351 4566; x_wconf 74' lang='grc' dir='ltr'>ἢ</span> <span class='ocrx_word' id='word_1_595' title='bbox 402 4498 728 4565; x_wconf 79' lang='grc' dir='ltr'><strong>σχίσματος,</strong></span> <span class='ocrx_word' id='word_1_596' title='bbox 773 4497 854 4559; x_wconf 89' lang='grc' dir='ltr'><strong>είς</strong></span> <span class='ocrx_word' id='word_1_597' title='bbox 885 4498 1135 4566; x_wconf 84' lang='grc' dir='ltr'><strong>ἀνάγκην</strong></span> <span class='ocrx_word' id='word_1_598' title='bbox 1165 4501 1192 4550; x_wconf 87' lang='grc' dir='ltr'>ὁ</span> <span class='ocrx_word' id='word_1_599' title='bbox 1234 4497 1405 4566; x_wconf 79' lang='grc' dir='ltr'><strong>δῆμος</strong></span> <span class='ocrx_word' id='word_1_600' title='bbox 1441 4501 1760 4570; x_wconf 79' lang='grc' dir='ltr'><strong>περισταίη.</strong></span> <span class='ocrx_word' id='word_1_601' title='bbox 1792 4500 1910 4551; x_wconf 78' lang='grc' dir='ltr'><strong>Διό-</strong></span> 
     </span>
    </p>
   </div>
   <div class='ocr_carea' id='block_1_86' title="bbox 1905 4497 3583 4579">
    <p class='ocr_par' dir='ltr' id='par_1_86' title="bbox 1905 4503 3583 4579">
     <span class='ocr_line' id='line_1_86' title="bbox 1905 4503 3583 4579; baseline -0.007 -16"><span class='ocrx_word' id='word_1_602' title='bbox 1905 4529 1910 4538; x_wconf 52' lang='grc'><strong>»</strong></span> <span class='ocrx_word' id='word_1_603' title='bbox 2018 4509 2238 4579; x_wconf 78' lang='lat' dir='ltr'><strong>genium</strong></span> <span class='ocrx_word' id='word_1_604' title='bbox 2282 4506 2333 4560; x_wconf 90' lang='lat' dir='ltr'><strong>id</strong></span> <span class='ocrx_word' id='word_1_605' title='bbox 2378 4503 2526 4574; x_wconf 87' lang='lat' dir='ltr'><strong>quod</strong></span> <span class='ocrx_word' id='word_1_606' title='bbox 2567 4505 2839 4574; x_wconf 81' lang='lat' dir='ltr'><strong>exquisite</strong></span> <span class='ocrx_word' id='word_1_607' title='bbox 2872 4504 3080 4557; x_wconf 87' lang='lat' dir='ltr'><strong>dictum</strong></span> <span class='ocrx_word' id='word_1_608' title='bbox 3118 4504 3189 4557; x_wconf 94' lang='lat' dir='ltr'><strong>sit</strong></span> <span class='ocrx_word' id='word_1_609' title='bbox 3226 4504 3442 4569; x_wconf 80' lang='lat' dir='ltr'><strong>assequi</strong></span> <span class='ocrx_word' id='word_1_610' title='bbox 3477 4519 3583 4553; x_wconf 75' lang='lat' dir='ltr'><strong>nun</strong></span> 
     </span>
    </p>
   </div>
   <div class='ocr_carea' id='block_1_87' title="bbox 321 4590 1999 4671">
    <p class='ocr_par' dir='ltr' id='par_1_87' title="bbox 321 4590 1984 4666">
     <span class='ocr_line' id='line_1_87' title="bbox 321 4590 1984 4666; baseline 0.002 -24"><span class='ocrx_word' id='word_1_611' title='bbox 321 4608 436 4661; x_wconf 80' lang='grc' dir='ltr'><strong>περ</strong></span> <span class='ocrx_word' id='word_1_612' title='bbox 489 4593 583 4643; x_wconf 65' lang='grc' dir='ltr'><strong>καὶ</strong></span> <span class='ocrx_word' id='word_1_613' title='bbox 637 4591 908 4662; x_wconf 83' lang='grc' dir='ltr'><strong>ἐρώτησις</strong></span> <span class='ocrx_word' id='word_1_614' title='bbox 967 4590 1407 4659; x_wconf 65' lang='grc' dir='ltr'><strong>ἀπροφύλακτος,</strong></span> <span class='ocrx_word' id='word_1_615' title='bbox 1467 4595 1557 4644; x_wconf 72' lang='grc' dir='ltr'><strong>καὶ</strong></span> <span class='ocrx_word' id='word_1_616' title='bbox 1612 4594 1909 4662; x_wconf 70' lang='grc' dir='ltr'><strong>ἀπόκρισις</strong></span> <span class='ocrx_word' id='word_1_617' title='bbox 1943 4611 1984 4666; x_wconf 80' lang='grc' dir='ltr'><strong>ί)</strong></span> 
     </span>
    </p>
   </div>
   <div class='ocr_carea' id='block_1_88' title="bbox 1906 4590 3584 4671">
    <p class='ocr_par' dir='ltr' id='par_1_88' title="bbox 1906 4595 3584 4671">
     <span class='ocr_line' id='line_1_88' title="bbox 1906 4595 3584 4671; baseline -0.005 -15"><span class='ocrx_word' id='word_1_618' title='bbox 1906 4611 1984 4666; x_wconf 81' lang='lat' dir='ltr'><strong>‘D</strong></span> <span class='ocrx_word' id='word_1_619' title='bbox 2015 4601 2223 4671; x_wconf 83' lang='lat' dir='ltr'><strong>possit,</strong></span> <span class='ocrx_word' id='word_1_620' title='bbox 2273 4600 2324 4652; x_wconf 92' lang='lat' dir='ltr'><strong>in</strong></span> <span class='ocrx_word' id='word_1_621' title='bbox 2375 4598 2602 4652; x_wconf 89' lang='lat' dir='ltr'><strong>alterius</strong></span> <span class='ocrx_word' id='word_1_622' title='bbox 2649 4597 2917 4660; x_wconf 87' lang='lat' dir='ltr'><strong>istorum,</strong></span> <span class='ocrx_word' id='word_1_623' title='bbox 2964 4595 3316 4664; x_wconf 77' lang='lat' dir='ltr'><strong>blasphemize</strong></span> <span class='ocrx_word' id='word_1_624' title='bbox 3350 4595 3584 4655; x_wconf 82' lang='lat' dir='ltr'><strong>scilice&#39;,</strong></span> 
     </span>
    </p>
   </div>
   <div class='ocr_carea' id='block_1_89' title="bbox 321 4682 1999 4758">
    <p class='ocr_par' dir='ltr' id='par_1_89' title="bbox 321 4682 1912 4754">
     <span class='ocr_line' id='line_1_89' title="bbox 321 4682 1912 4754; baseline -0.001 -17"><span class='ocrx_word' id='word_1_625' title='bbox 321 4685 694 4753; x_wconf 76' lang='grc' dir='ltr'><strong>ἀπρονόητος,</strong></span> <span class='ocrx_word' id='word_1_626' title='bbox 746 4685 846 4754; x_wconf 82' lang='grc' dir='ltr'><strong>τὴν</strong></span> <span class='ocrx_word' id='word_1_627' title='bbox 904 4684 1028 4754; x_wconf 77' lang='grc' dir='ltr'><strong>ίσην</strong></span> <span class='ocrx_word' id='word_1_628' title='bbox 1080 4682 1344 4753; x_wconf 69' lang='grc' dir='ltr'><strong>ἀλλήλαις</strong></span> <span class='ocrx_word' id='word_1_629' title='bbox 1393 4684 1779 4736; x_wconf 64' lang='grc' dir='ltr'><strong>ἐπιδιὸότωσαν</strong></span> <span class='ocrx_word' id='word_1_630' title='bbox 1827 4683 1912 4754; x_wconf 81' lang='grc' dir='ltr'><strong>ἐφ’</strong></span> 
     </span>
    </p>
   </div>
   <div class='ocr_carea' id='block_1_90' title="bbox 1908 4682 3586 4758">
    <p class='ocr_par' dir='ltr' id='par_1_90' title="bbox 1908 4685 3586 4758">
     <span class='ocr_line' id='line_1_90' title="bbox 1908 4685 3586 4758; baseline -0.005 -10"><span class='ocrx_word' id='word_1_631' title='bbox 1908 4685 1912 4703; x_wconf 85' lang='grc'><em>’</em></span> <span class='ocrx_word' id='word_1_632' title='bbox 2016 4703 2109 4748; x_wconf 89' lang='lat' dir='ltr'><strong>aut</strong></span> <span class='ocrx_word' id='word_1_633' title='bbox 2134 4691 2448 4746; x_wconf 89' lang='lat' dir='ltr'><strong>schismatis</strong></span> <span class='ocrx_word' id='word_1_634' title='bbox 2478 4697 2642 4758; x_wconf 88' lang='lat' dir='ltr'><strong>atque</strong></span> <span class='ocrx_word' id='word_1_635' title='bbox 2667 4687 2905 4752; x_wconf 87' lang='lat' dir='ltr'><strong>dissidii,</strong></span> <span class='ocrx_word' id='word_1_636' title='bbox 2940 4687 3323 4741; x_wconf 86' lang='lat' dir='ltr'><strong>necessitatem</strong></span> <span class='ocrx_word' id='word_1_637' title='bbox 3354 4688 3586 4756; x_wconf 83' lang='lat' dir='ltr'><strong>populus</strong></span> 
     </span>
    </p>
   </div>
   <div class='ocr_carea' id='block_1_91' title="bbox 321 4777 1999 4852">
    <p class='ocr_par' dir='ltr' id='par_1_91' title="bbox 321 4777 1911 4846">
     <span class='ocr_line' id='line_1_91' title="bbox 321 4777 1911 4846; baseline 0 -17"><span class='ocrx_word' id='word_1_638' title='bbox 321 4778 579 4846; x_wconf 80' lang='grc' dir='ltr'><strong>ἐκατέρῳ</strong></span> <span class='ocrx_word' id='word_1_639' title='bbox 608 4779 964 4846; x_wconf 78' lang='grc' dir='ltr'><strong>συγγνώμην.</strong></span> <span class='ocrx_word' id='word_1_640' title='bbox 1009 4777 1142 4829; x_wconf 73' lang='grc' dir='ltr'><strong>Οὐδὲ</strong></span> <span class='ocrx_word' id='word_1_641' title='bbox 1171 4777 1278 4843; x_wconf 76' lang='grc' dir='ltr'><strong>γὰρ</strong></span> <span class='ocrx_word' id='word_1_642' title='bbox 1310 4777 1448 4844; x_wconf 76' lang='grc' dir='ltr'><strong>ὑπὲρ</strong></span> <span class='ocrx_word' id='word_1_643' title='bbox 1484 4777 1576 4828; x_wconf 85' lang='grc' dir='ltr'><strong>τοῦ</strong></span> <span class='ocrx_word' id='word_1_644' title='bbox 1611 4777 1911 4843; x_wconf 81' lang='grc' dir='ltr'><strong>κορυφαίου</strong></span> 
     </span>
    </p>
   </div>
   <div class='ocr_carea' id='block_1_92' title="bbox 1908 4777 3586 4852">
    <p class='ocr_par' dir='ltr' id='par_1_92' title="bbox 1908 4781 3586 4852">
     <span class='ocr_line' id='line_1_92' title="bbox 1908 4781 3586 4852; baseline -0.003 -13"><span class='ocrx_word' id='word_1_645' title='bbox 1908 4801 1911 4822; x_wconf 74' lang='grc'><em>’</em></span> <span class='ocrx_word' id='word_1_646' title='bbox 2016 4785 2242 4839; x_wconf 86' lang='lat' dir='ltr'><strong>incidat.</strong></span> <span class='ocrx_word' id='word_1_647' title='bbox 2276 4784 2464 4852; x_wconf 83' lang='lat' dir='ltr'><strong>Itaque</strong></span> <span class='ocrx_word' id='word_1_648' title='bbox 2496 4792 2551 4835; x_wconf 91' lang='lat' dir='ltr'><strong>et</strong></span> <span class='ocrx_word' id='word_1_649' title='bbox 2580 4781 2938 4849; x_wconf 79' lang='lat' dir='ltr'><strong>interrogatio</strong></span> <span class='ocrx_word' id='word_1_650' title='bbox 2966 4781 3186 4833; x_wconf 89' lang='lat' dir='ltr'><strong>incauta</strong></span> <span class='ocrx_word' id='word_1_651' title='bbox 3221 4789 3276 4834; x_wconf 90' lang='lat' dir='ltr'><strong>et</strong></span> <span class='ocrx_word' id='word_1_652' title='bbox 3300 4784 3586 4848; x_wconf 78' lang='lat' dir='ltr'><strong>responsio</strong></span> 
     </span>
    </p>
   </div>
   <div class='ocr_carea' id='block_1_93' title="bbox 320 4867 1998 4947">
    <p class='ocr_par' dir='ltr' id='par_1_93' title="bbox 320 4867 1913 4939">
     <span class='ocr_line' id='line_1_93' title="bbox 320 4867 1913 4939; baseline 0 -18"><span class='ocrx_word' id='word_1_653' title='bbox 320 4869 436 4921; x_wconf 84' lang='grc' dir='ltr'><strong>τῶν</strong></span> <span class='ocrx_word' id='word_1_654' title='bbox 471 4870 532 4919; x_wconf 88' lang='grc' dir='ltr'><strong>ἐν</strong></span> <span class='ocrx_word' id='word_1_655' title='bbox 568 4867 648 4936; x_wconf 80' lang='grc' dir='ltr'><strong>τῷ</strong></span> <span class='ocrx_word' id='word_1_656' title='bbox 677 4869 828 4936; x_wconf 86' lang='grc' dir='ltr'><strong>νόμῳ</strong></span> <span class='ocrx_word' id='word_1_657' title='bbox 864 4868 1349 4937; x_wconf 76' lang='grc' dir='ltr'><strong>παραγγελμάτων</strong></span> <span class='ocrx_word' id='word_1_658' title='bbox 1380 4871 1511 4937; x_wconf 73' lang='grc' dir='ltr'><strong>ἡμῖν</strong></span> <span class='ocrx_word' id='word_1_659' title='bbox 1540 4869 1750 4939; x_wconf 75' lang='grc' dir='ltr'><strong>ἐξήφθη</strong></span> <span class='ocrx_word' id='word_1_660' title='bbox 1779 4870 1913 4938; x_wconf 82' lang='grc' dir='ltr'><strong>πρό·</strong></span> 
     </span>
    </p>
   </div>
   <div class='ocr_carea' id='block_1_94' title="bbox 1905 4867 3583 4947">
    <p class='ocr_par' dir='ltr' id='par_1_94' title="bbox 1905 4874 3583 4947">
     <span class='ocr_line' id='line_1_94' title="bbox 1905 4874 3583 4947; baseline -0.004 -16"><span class='ocrx_word' id='word_1_661' title='bbox 1905 4895 1913 4908; x_wconf 82' lang='grc'><em>’</em></span> <span class='ocrx_word' id='word_1_662' title='bbox 2016 4878 2320 4947; x_wconf 89' lang='lat' dir='ltr'><strong>improvida</strong></span> <span class='ocrx_word' id='word_1_663' title='bbox 2354 4890 2567 4943; x_wconf 70' lang='lat' dir='ltr'><strong>mquam</strong></span> <span class='ocrx_word' id='word_1_664' title='bbox 2609 4874 2712 4927; x_wconf 86' lang='lat' dir='ltr'><strong>sibi</strong></span> <span class='ocrx_word' id='word_1_665' title='bbox 2747 4874 2980 4928; x_wconf 90' lang='lat' dir='ltr'><strong>invicem</strong></span> <span class='ocrx_word' id='word_1_666' title='bbox 3018 4874 3069 4926; x_wconf 90' lang='lat' dir='ltr'><strong>in</strong></span> <span class='ocrx_word' id='word_1_667' title='bbox 3104 4883 3337 4941; x_wconf 87' lang='lat' dir='ltr'><strong>utroque</strong></span> <span class='ocrx_word' id='word_1_668' title='bbox 3370 4875 3583 4927; x_wconf 76' lang='lat' dir='ltr'><strong>veniam</strong></span> 
     </span>
    </p>
   </div>
   <div class='ocr_carea' id='block_1_95' title="bbox 323 4960 2001 5036">
    <p class='ocr_par' dir='ltr' id='par_1_95' title="bbox 323 4960 1908 5031">
     <span class='ocr_line' id='line_1_95' title="bbox 323 4960 1908 5031; baseline 0.001 -19"><span class='ocrx_word' id='word_1_669' title='bbox 323 4977 519 5028; x_wconf 72' lang='grc' dir='ltr'><strong>φασις,</strong></span> <span class='ocrx_word' id='word_1_670' title='bbox 580 4961 705 5013; x_wconf 82' lang='grc' dir='ltr'><strong>οὐδὲ</strong></span> <span class='ocrx_word' id='word_1_671' title='bbox 761 4963 923 5031; x_wconf 81' lang='grc' dir='ltr'><strong>καινή</strong></span> <span class='ocrx_word' id='word_1_672' title='bbox 973 4979 1056 5024; x_wconf 88' lang='grc' dir='ltr'><strong>τις</strong></span> <span class='ocrx_word' id='word_1_673' title='bbox 1117 4962 1244 5030; x_wconf 83' lang='grc' dir='ltr'><strong>ύμῖν</strong></span> <span class='ocrx_word' id='word_1_674' title='bbox 1285 4962 1426 5030; x_wconf 68' lang='grc' dir='ltr'><strong>ὑπὲρ</strong></span> <span class='ocrx_word' id='word_1_675' title='bbox 1461 4961 1559 5030; x_wconf 83' lang='grc' dir='ltr'><strong>τῆς</strong></span> <span class='ocrx_word' id='word_1_676' title='bbox 1619 4962 1710 5013; x_wconf 81' lang='grc' dir='ltr'><strong>τοῦ</strong></span> <span class='ocrx_word' id='word_1_677' title='bbox 1773 4960 1908 5013; x_wconf 78' lang='grc' dir='ltr'><strong>Θεοῦ</strong></span> 
     </span>
    </p>
   </div>
   <div class='ocr_carea' id='block_1_96' title="bbox 1907 4960 3585 5036">
    <p class='ocr_par' dir='ltr' id='par_1_96' title="bbox 1907 4964 3585 5036">
     <span class='ocr_line' id='line_1_96' title="bbox 1907 4964 3585 5036; baseline -0.004 -11"><span class='ocrx_word' id='word_1_678' title='bbox 1907 4988 1908 5003; x_wconf 54' lang='grc' dir='ltr'><strong>π</strong></span> <span class='ocrx_word' id='word_1_679' title='bbox 2017 4969 2341 5024; x_wconf 86' lang='lat' dir='ltr'><strong>concedant.</strong></span> <span class='ocrx_word' id='word_1_680' title='bbox 2386 4969 2573 5036; x_wconf 81' lang='lat' dir='ltr'><strong>Neque</strong></span> <span class='ocrx_word' id='word_1_681' title='bbox 2604 4969 2750 5020; x_wconf 89' lang='lat' dir='ltr'><strong>enim</strong></span> <span class='ocrx_word' id='word_1_682' title='bbox 2791 4967 2858 5021; x_wconf 93' lang='lat' dir='ltr'><strong>de</strong></span> <span class='ocrx_word' id='word_1_683' title='bbox 2900 4966 3179 5035; x_wconf 67' lang='lat' dir='ltr'><strong>praecipuo</strong></span> <span class='ocrx_word' id='word_1_684' title='bbox 3221 4964 3408 5033; x_wconf 81' lang='lat' dir='ltr'><strong>aliquo</strong></span> <span class='ocrx_word' id='word_1_685' title='bbox 3449 4966 3585 5033; x_wconf 84' lang='lat' dir='ltr'><strong>legis</strong></span> 
     </span>
    </p>
   </div>
   <div class='ocr_carea' id='block_1_97' title="bbox 323 5051 2001 5129">
    <p class='ocr_par' dir='ltr' id='par_1_97' title="bbox 323 5051 1911 5122">
     <span class='ocr_line' id='line_1_97' title="bbox 323 5051 1911 5122; baseline 0.001 -19"><span class='ocrx_word' id='word_1_686' title='bbox 323 5053 635 5122; x_wconf 75' lang='grc' dir='ltr'><strong>θρησκείας</strong></span> <span class='ocrx_word' id='word_1_687' title='bbox 694 5051 908 5121; x_wconf 73' lang='grc' dir='ltr'><strong>αἵρεσις</strong></span> <span class='ocrx_word' id='word_1_688' title='bbox 968 5051 1341 5121; x_wconf 71' lang='grc' dir='ltr'><strong>ἀντεισήχθηο</strong></span> <span class='ocrx_word' id='word_1_689' title='bbox 1375 5053 1494 5105; x_wconf 81' lang='grc' dir='ltr'><strong>ἀλλ’</strong></span> <span class='ocrx_word' id='word_1_690' title='bbox 1545 5053 1640 5104; x_wconf 78' lang='grc' dir='ltr'><strong>ἕνα</strong></span> <span class='ocrx_word' id='word_1_691' title='bbox 1697 5055 1788 5104; x_wconf 76' lang='grc' dir='ltr'><strong>καὶ</strong></span> <span class='ocrx_word' id='word_1_692' title='bbox 1820 5053 1911 5104; x_wconf 75' lang='grc' dir='ltr'><strong>τον</strong></span> 
     </span>
    </p>
   </div>
   <div class='ocr_carea' id='block_1_98' title="bbox 1903 5051 3581 5129">
    <p class='ocr_par' dir='ltr' id='par_1_98' title="bbox 1903 5057 3581 5129">
     <span class='ocr_line' id='line_1_98' title="bbox 1903 5057 3581 5129; baseline -0.004 -17"><span class='ocrx_word' id='word_1_693' title='bbox 1903 5071 1911 5100; x_wconf 76' lang='grc' dir='ltr'>ν</span> <span class='ocrx_word' id='word_1_694' title='bbox 2014 5068 2217 5114; x_wconf 70' lang='lat' dir='ltr'><strong>nostras</strong></span> <span class='ocrx_word' id='word_1_695' title='bbox 2268 5068 2542 5129; x_wconf 65' lang='lat' dir='ltr'><strong>prmcepto</strong></span> <span class='ocrx_word' id='word_1_696' title='bbox 2604 5058 2948 5112; x_wconf 87' lang='lat' dir='ltr'><strong>occasionem</strong></span> <span class='ocrx_word' id='word_1_697' title='bbox 3007 5057 3357 5111; x_wconf 87' lang='lat' dir='ltr'><strong>concertandi</strong></span> <span class='ocrx_word' id='word_1_698' title='bbox 3430 5072 3581 5108; x_wconf 89' lang='lat' dir='ltr'><strong>sum-</strong></span> 
     </span>
    </p>
   </div>
   <div class='ocr_carea' id='block_1_99' title="bbox 2016 5148 3581 5221">
    <p class='ocr_par' dir='ltr' id='par_1_99' title="bbox 2016 5148 3581 5221">
     <span class='ocr_line' id='line_1_99' title="bbox 2016 5148 3581 5221; baseline -0.004 -16"><span class='ocrx_word' id='word_1_699' title='bbox 2016 5152 2236 5221; x_wconf 86' lang='lat' dir='ltr'><strong>psistis,</strong></span> <span class='ocrx_word' id='word_1_700' title='bbox 2295 5166 2475 5219; x_wconf 90' lang='lat' dir='ltr'><strong>neque</strong></span> <span class='ocrx_word' id='word_1_701' title='bbox 2521 5165 2722 5204; x_wconf 85' lang='lat' dir='ltr'><strong>novum</strong></span> <span class='ocrx_word' id='word_1_702' title='bbox 2773 5150 2994 5219; x_wconf 87' lang='lat' dir='ltr'><strong>aliquod</strong></span> <span class='ocrx_word' id='word_1_703' title='bbox 3041 5165 3070 5203; x_wconf 91' lang='lat' dir='ltr'><strong>a</strong></span> <span class='ocrx_word' id='word_1_704' title='bbox 3119 5150 3277 5203; x_wconf 75' lang='lat' dir='ltr'><strong>vobis</strong></span> <span class='ocrx_word' id='word_1_705' title='bbox 3327 5148 3395 5202; x_wconf 88' lang='lat' dir='ltr'><strong>de</strong></span> <span class='ocrx_word' id='word_1_706' title='bbox 3432 5148 3581 5202; x_wconf 87' lang='lat' dir='ltr'><strong>cultu</strong></span> 
     </span>
    </p>
   </div>
   <div class='ocr_carea' id='block_1_100' title="bbox 2019 5242 3580 5306">
    <p class='ocr_par' dir='ltr' id='par_1_100' title="bbox 2019 5242 3580 5306">
     <span class='ocr_line' id='line_1_100' title="bbox 2019 5242 3580 5306; baseline -0.001 -11"><span class='ocrx_word' id='word_1_707' title='bbox 2019 5242 2113 5297; x_wconf 89' lang='lat' dir='ltr'><strong>Dei</strong></span> <span class='ocrx_word' id='word_1_708' title='bbox 2171 5243 2484 5298; x_wconf 89' lang='lat' dir='ltr'><strong>institutum</strong></span> <span class='ocrx_word' id='word_1_709' title='bbox 2544 5252 2631 5297; x_wconf 91' lang='lat' dir='ltr'><strong>est</strong></span> <span class='ocrx_word' id='word_1_710' title='bbox 2681 5243 2994 5306; x_wconf 88' lang='lat' dir='ltr'><strong>inductum,</strong></span> <span class='ocrx_word' id='word_1_711' title='bbox 3052 5243 3147 5297; x_wconf 93' lang='lat' dir='ltr'><strong>sed</strong></span> <span class='ocrx_word' id='word_1_712' title='bbox 3207 5259 3368 5296; x_wconf 89' lang='lat' dir='ltr'><strong>unam</strong></span> <span class='ocrx_word' id='word_1_713' title='bbox 3429 5259 3580 5296; x_wconf 84' lang='lat' dir='ltr'><strong>eam-</strong></span> 
     </span>
    </p>
   </div>
   <div class='ocr_carea' id='block_1_101' title="bbox 2015 5335 3580 5405">
    <p class='ocr_par' dir='ltr' id='par_1_101' title="bbox 2015 5335 3580 5405">
     <span class='ocr_line' id='line_1_101' title="bbox 2015 5335 3580 5405; baseline -0.002 -15"><span class='ocrx_word' id='word_1_714' title='bbox 2015 5336 2249 5405; x_wconf 90' lang='lat' dir='ltr'><strong>demque</strong></span> <span class='ocrx_word' id='word_1_715' title='bbox 2328 5335 2542 5390; x_wconf 88' lang='lat' dir='ltr'><strong>habetis</strong></span> <span class='ocrx_word' id='word_1_716' title='bbox 2621 5336 2956 5405; x_wconf 89' lang='lat' dir='ltr'><strong>propositam</strong></span> <span class='ocrx_word' id='word_1_717' title='bbox 3035 5336 3345 5395; x_wconf 85' lang='lat' dir='ltr'><strong>rationcm.</strong></span> <span class='ocrx_word' id='word_1_718' title='bbox 3419 5336 3580 5389; x_wconf 84' lang='lat' dir='ltr'><strong>sicuti</strong></span> 
     </span>
    </p>
   </div>
   <div class='ocr_carea' id='block_1_102' title="bbox 2016 5423 3586 5481">
    <p class='ocr_par' dir='ltr' id='par_1_102' title="bbox 2016 5423 3586 5481">
     <span class='ocr_line' id='line_1_102' title="bbox 2016 5423 3586 5481; baseline -0.003 0"><span class='ocrx_word' id='word_1_719' title='bbox 2016 5425 2421 5481; x_wconf 90' lang='lat' dir='ltr'><strong>communionis</strong></span> <span class='ocrx_word' id='word_1_720' title='bbox 2468 5425 2634 5480; x_wconf 87' lang='lat' dir='ltr'><strong>etiam</strong></span> <span class='ocrx_word' id='word_1_721' title='bbox 2685 5435 2973 5479; x_wconf 82' lang='lat' dir='ltr'><strong>tesseram.</strong></span> <span class='ocrx_word' id='word_1_722' title='bbox 3011 5425 3078 5478; x_wconf 87' lang='lat' dir='ltr'><strong>Et</strong></span> <span class='ocrx_word' id='word_1_723' title='bbox 3127 5439 3250 5478; x_wconf 90' lang='lat' dir='ltr'><strong>cum</strong></span> <span class='ocrx_word' id='word_1_724' title='bbox 3301 5423 3367 5478; x_wconf 91' lang='lat' dir='ltr'><strong>de</strong></span> <span class='ocrx_word' id='word_1_725' title='bbox 3420 5426 3586 5477; x_wconf 82' lang='lat' dir='ltr'><strong>rebus</strong></span> 
     </span>
    </p>
   </div>
   <div class='ocr_carea' id='block_1_103' title="bbox 2017 5510 3584 5578">
    <p class='ocr_par' dir='ltr' id='par_1_103' title="bbox 2017 5510 3584 5578">
     <span class='ocr_line' id='line_1_103' title="bbox 2017 5510 3584 5578; baseline -0.003 -5"><span class='ocrx_word' id='word_1_726' title='bbox 2017 5510 2264 5573; x_wconf 88' lang='lat' dir='ltr'><strong>minimis</strong></span> <span class='ocrx_word' id='word_1_727' title='bbox 2302 5519 2446 5572; x_wconf 91' lang='lat' dir='ltr'><strong>inter</strong></span> <span class='ocrx_word' id='word_1_728' title='bbox 2475 5533 2572 5571; x_wconf 89' lang='lat' dir='ltr'><strong>vos</strong></span> <span class='ocrx_word' id='word_1_729' title='bbox 2608 5517 2955 5572; x_wconf 90' lang='lat' dir='ltr'><strong>contentiose</strong></span> <span class='ocrx_word' id='word_1_730' title='bbox 2992 5517 3324 5578; x_wconf 88' lang='lat' dir='ltr'><strong>decertetis,</strong></span> <span class='ocrx_word' id='word_1_731' title='bbox 3359 5516 3584 5569; x_wconf 86' lang='lat' dir='ltr'><strong>minime</strong></span> 
     </span>
    </p>
   </div>
   <div class='ocr_carea' id='block_1_104' title="bbox 2016 5609 3581 5681">
    <p class='ocr_par' dir='ltr' id='par_1_104' title="bbox 2016 5609 3581 5681">
     <span class='ocr_line' id='line_1_104' title="bbox 2016 5609 3581 5681; baseline -0.004 -15"><span class='ocrx_word' id='word_1_732' title='bbox 2016 5613 2262 5666; x_wconf 88' lang='lat' dir='ltr'><strong>omnium</strong></span> <span class='ocrx_word' id='word_1_733' title='bbox 2290 5611 2464 5673; x_wconf 89' lang='lat' dir='ltr'><strong>decet,</strong></span> <span class='ocrx_word' id='word_1_734' title='bbox 2490 5627 2586 5681; x_wconf 91' lang='lat' dir='ltr'><strong>per</strong></span> <span class='ocrx_word' id='word_1_735' title='bbox 2615 5611 3016 5665; x_wconf 90' lang='lat' dir='ltr'><strong>dissensionem</strong></span> <span class='ocrx_word' id='word_1_736' title='bbox 3045 5619 3365 5672; x_wconf 79' lang='lat' dir='ltr'><strong>vostantatu</strong></span> <span class='ocrx_word' id='word_1_737' title='bbox 3396 5609 3581 5677; x_wconf 84' lang='lat' dir='ltr'><strong>populi</strong></span> 
     </span>
    </p>
   </div>
   <div class='ocr_carea' id='block_1_105' title="bbox 2018 5699 3582 5771">
    <p class='ocr_par' dir='ltr' id='par_1_105' title="bbox 2018 5699 3582 5771">
     <span class='ocr_line' id='line_1_105' title="bbox 2018 5699 3582 5771; baseline -0.003 -13"><span class='ocrx_word' id='word_1_738' title='bbox 2018 5704 2110 5758; x_wconf 89' lang='lat' dir='ltr'><strong>Dei</strong></span> <span class='ocrx_word' id='word_1_739' title='bbox 2178 5703 2590 5757; x_wconf 86' lang='lat' dir='ltr'><strong>multitudinem</strong></span> <span class='ocrx_word' id='word_1_740' title='bbox 2649 5716 2749 5771; x_wconf 91' lang='lat' dir='ltr'><strong>pro</strong></span> <span class='ocrx_word' id='word_1_741' title='bbox 2810 5700 3041 5755; x_wconf 90' lang='lat' dir='ltr'><strong>arbitrio</strong></span> <span class='ocrx_word' id='word_1_742' title='bbox 3099 5710 3288 5754; x_wconf 89' lang='lat' dir='ltr'><strong>vestro</strong></span> <span class='ocrx_word' id='word_1_743' title='bbox 3357 5699 3582 5753; x_wconf 84' lang='lat' dir='ltr'><strong>ducere.</strong></span> 
     </span>
    </p>
   </div>
   <div class='ocr_carea' id='block_1_106' title="bbox 2014 5794 3578 5864">
    <p class='ocr_par' dir='ltr' id='par_1_106' title="bbox 2014 5794 3578 5864">
     <span class='ocr_line' id='line_1_106' title="bbox 2014 5794 3578 5864; baseline -0.003 -17"><span class='ocrx_word' id='word_1_744' title='bbox 2014 5795 2170 5860; x_wconf 88' lang='lat' dir='ltr'><strong>Quod</strong></span> <span class='ocrx_word' id='word_1_745' title='bbox 2201 5809 2378 5864; x_wconf 83' lang='lat' dir='ltr'><strong>neque</strong></span> <span class='ocrx_word' id='word_1_746' title='bbox 2418 5795 2701 5857; x_wconf 86' lang='lat' dir='ltr'><strong>decorum,</strong></span> <span class='ocrx_word' id='word_1_747' title='bbox 2737 5809 2912 5861; x_wconf 84' lang='lat' dir='ltr'><strong>neque</strong></span> <span class='ocrx_word' id='word_1_748' title='bbox 2939 5809 3163 5863; x_wconf 82' lang='lat' dir='ltr'><strong>prorsus</strong></span> <span class='ocrx_word' id='word_1_749' title='bbox 3193 5794 3273 5847; x_wconf 82' lang='lat' dir='ltr'><strong>las</strong></span> <span class='ocrx_word' id='word_1_750' title='bbox 3304 5806 3424 5847; x_wconf 83' lang='lat' dir='ltr'><strong>esse</strong></span> <span class='ocrx_word' id='word_1_751' title='bbox 3452 5806 3578 5844; x_wconf 86' lang='lat' dir='ltr'><strong>ere-</strong></span> 
     </span>
    </p>
   </div>
   <div class='ocr_carea' id='block_1_107' title="bbox 2014 5885 3574 5954">
    <p class='ocr_par' dir='ltr' id='par_1_107' title="bbox 2014 5885 3574 5954">
     <span class='ocr_line' id='line_1_107' title="bbox 2014 5885 3574 5954; baseline -0.003 -11"><span class='ocrx_word' id='word_1_752' title='bbox 2014 5889 2181 5943; x_wconf 88' lang='lat' dir='ltr'><strong>ditur.</strong></span> <span class='ocrx_word' id='word_1_753' title='bbox 2240 5885 2530 5951; x_wconf 75' lang='lat' dir='ltr'><strong>Sedenim,</strong></span> <span class='ocrx_word' id='word_1_754' title='bbox 2593 5897 2650 5941; x_wconf 89' lang='lat' dir='ltr'><strong>ut</strong></span> <span class='ocrx_word' id='word_1_755' title='bbox 2706 5885 3050 5954; x_wconf 75' lang='lat' dir='ltr'><strong>prudentiam</strong></span> <span class='ocrx_word' id='word_1_756' title='bbox 3108 5895 3347 5940; x_wconf 83' lang='lat' dir='ltr'><strong>vestram</strong></span> <span class='ocrx_word' id='word_1_757' title='bbox 3408 5898 3574 5952; x_wconf 85' lang='lat' dir='ltr'><strong>parve</strong></span> 
     </span>
    </p>
   </div>
   <div class='ocr_carea' id='block_1_108' title="bbox 321 5145 1912 5215">
    <p class='ocr_par' dir='ltr' id='par_1_108' title="bbox 321 5145 1912 5215">
     <span class='ocr_line' id='line_1_108' title="bbox 321 5145 1912 5215; baseline 0.001 -17"><span class='ocrx_word' id='word_1_758' title='bbox 321 5147 488 5198; x_wconf 75' lang='grc' dir='ltr'><strong>αὑτὸν</strong></span> <span class='ocrx_word' id='word_1_759' title='bbox 520 5145 675 5214; x_wconf 77' lang='grc' dir='ltr'><strong>ἔχετε</strong></span> <span class='ocrx_word' id='word_1_760' title='bbox 709 5147 992 5214; x_wconf 81' lang='grc' dir='ltr'><strong>λογισμὸν,</strong></span> <span class='ocrx_word' id='word_1_761' title='bbox 1031 5146 1222 5213; x_wconf 84' lang='grc' dir='ltr'><strong>ῶσπερ</strong></span> <span class='ocrx_word' id='word_1_762' title='bbox 1251 5148 1312 5198; x_wconf 74' lang='grc' dir='ltr'><strong>το</strong></span> <span class='ocrx_word' id='word_1_763' title='bbox 1343 5148 1440 5215; x_wconf 82' lang='grc' dir='ltr'><strong>τῆς</strong></span> <span class='ocrx_word' id='word_1_764' title='bbox 1473 5152 1756 5210; x_wconf 79' lang='grc' dir='ltr'><strong>κοινωνίας</strong></span> <span class='ocrx_word' id='word_1_765' title='bbox 1787 5148 1912 5201; x_wconf 88' lang='grc' dir='ltr'><strong>σύν-</strong></span> 
     </span>
    </p>
   </div>
   <div class='ocr_carea' id='block_1_109' title="bbox 322 5237 1910 5310">
    <p class='ocr_par' dir='ltr' id='par_1_109' title="bbox 322 5237 1910 5310">
     <span class='ocr_line' id='line_1_109' title="bbox 322 5237 1910 5310; baseline 0.003 -21"><span class='ocrx_word' id='word_1_766' title='bbox 322 5239 503 5308; x_wconf 88' lang='grc' dir='ltr'><strong>θημα.</strong></span> <span class='ocrx_word' id='word_1_767' title='bbox 543 5237 733 5307; x_wconf 85' lang='grc' dir='ltr'><strong>’Υμῶν</strong></span> <span class='ocrx_word' id='word_1_768' title='bbox 783 5241 890 5308; x_wconf 82' lang='grc' dir='ltr'><strong>γὰρ</strong></span> <span class='ocrx_word' id='word_1_769' title='bbox 951 5241 1007 5290; x_wconf 80' lang='grc' dir='ltr'><strong>ἐν</strong></span> <span class='ocrx_word' id='word_1_770' title='bbox 1068 5238 1322 5309; x_wconf 74' lang='grc' dir='ltr'><strong>ἀλλήλοις</strong></span> <span class='ocrx_word' id='word_1_771' title='bbox 1374 5240 1515 5309; x_wconf 80' lang='grc' dir='ltr'><strong>ὑπὲρ</strong></span> <span class='ocrx_word' id='word_1_772' title='bbox 1565 5242 1778 5310; x_wconf 76' lang='grc' dir='ltr'><strong>μικρῶν</strong></span> <span class='ocrx_word' id='word_1_773' title='bbox 1819 5243 1910 5293; x_wconf 69' lang='grc' dir='ltr'><strong>καὶ</strong></span> 
     </span>
    </p>
   </div>
   <div class='ocr_carea' id='block_1_110' title="bbox 320 5330 1909 5401">
    <p class='ocr_par' dir='ltr' id='par_1_110' title="bbox 320 5330 1909 5401">
     <span class='ocr_line' id='line_1_110' title="bbox 320 5330 1909 5401; baseline 0.003 -19"><span class='ocrx_word' id='word_1_774' title='bbox 320 5330 461 5399; x_wconf 75' lang='grc' dir='ltr'><strong>λίανξ</strong></span> <span class='ocrx_word' id='word_1_775' title='bbox 487 5331 795 5400; x_wconf 81' lang='grc' dir='ltr'><strong>ἐλαχίστων</strong></span> <span class='ocrx_word' id='word_1_776' title='bbox 837 5330 1319 5401; x_wconf 83' lang='grc' dir='ltr'><strong>φιλονεικούντων,</strong></span> <span class='ocrx_word' id='word_1_777' title='bbox 1376 5333 1627 5386; x_wconf 74' lang='grc' dir='ltr'><strong>τοσοῦτον</strong></span> <span class='ocrx_word' id='word_1_778' title='bbox 1674 5335 1765 5387; x_wconf 68' lang='grc' dir='ltr'><strong>τὸν</strong></span> <span class='ocrx_word' id='word_1_779' title='bbox 1816 5333 1909 5386; x_wconf 81' lang='grc' dir='ltr'><strong>τοῦ</strong></span> 
     </span>
    </p>
   </div>
   <div class='ocr_carea' id='block_1_111' title="bbox 323 5423 1910 5494">
    <p class='ocr_par' dir='ltr' id='par_1_111' title="bbox 323 5423 1910 5494">
     <span class='ocr_line' id='line_1_111' title="bbox 323 5423 1910 5494; baseline 0.004 -23"><span class='ocrx_word' id='word_1_780' title='bbox 323 5423 464 5474; x_wconf 73' lang='grc' dir='ltr'><strong>Θεοῦ</strong></span> <span class='ocrx_word' id='word_1_781' title='bbox 523 5423 656 5474; x_wconf 82' lang='grc' dir='ltr'><strong>λαὸν</strong></span> <span class='ocrx_word' id='word_1_782' title='bbox 706 5424 829 5486; x_wconf 80' lang='grc' dir='ltr'><strong>ταῖς</strong></span> <span class='ocrx_word' id='word_1_783' title='bbox 888 5425 1186 5494; x_wconf 77' lang='grc' dir='ltr'><strong>ὑμετέραις</strong></span> <span class='ocrx_word' id='word_1_784' title='bbox 1247 5423 1525 5477; x_wconf 76' lang='grc' dir='ltr'><strong>ἰθύνεσθαι</strong></span> <span class='ocrx_word' id='word_1_785' title='bbox 1595 5427 1788 5494; x_wconf 76' lang='grc' dir='ltr'><strong>φρεσὶν</strong></span> <span class='ocrx_word' id='word_1_786' title='bbox 1849 5427 1910 5478; x_wconf 81' lang='grc' dir='ltr'><strong>οὐ</strong></span> 
     </span>
    </p>
   </div>
   <div class='ocr_carea' id='block_1_112' title="bbox 326 5513 1911 5587">
    <p class='ocr_par' dir='ltr' id='par_1_112' title="bbox 326 5513 1911 5587">
     <span class='ocr_line' id='line_1_112' title="bbox 326 5513 1911 5587; baseline 0.004 -23"><span class='ocrx_word' id='word_1_787' title='bbox 326 5513 599 5583; x_wconf 79' lang='grc' dir='ltr'><strong>προσήκει</strong></span> <span class='ocrx_word' id='word_1_788' title='bbox 630 5513 722 5566; x_wconf 84' lang='grc' dir='ltr'><strong>διά</strong></span> <span class='ocrx_word' id='word_1_789' title='bbox 765 5515 826 5568; x_wconf 78' lang='grc' dir='ltr'><strong>τὸ</strong></span> <span class='ocrx_word' id='word_1_790' title='bbox 857 5515 1122 5586; x_wconf 85' lang='grc' dir='ltr'><strong>διχονοεῖν</strong></span> <span class='ocrx_word' id='word_1_791' title='bbox 1153 5532 1166 5546; x_wconf 83' lang='grc'><strong>·</strong></span> <span class='ocrx_word' id='word_1_792' title='bbox 1205 5517 1323 5569; x_wconf 78' lang='grc' dir='ltr'><strong>ἀλλ’</strong></span> <span class='ocrx_word' id='word_1_793' title='bbox 1373 5516 1496 5569; x_wconf 72' lang='grc' dir='ltr'><strong>οὔτε</strong></span> <span class='ocrx_word' id='word_1_794' title='bbox 1551 5519 1758 5587; x_wconf 82' lang='grc' dir='ltr'><strong>πρέπον</strong></span> <span class='ocrx_word' id='word_1_795' title='bbox 1788 5517 1911 5570; x_wconf 73' lang='grc' dir='ltr'><strong>οὔτε</strong></span> 
     </span>
    </p>
   </div>
   <div class='ocr_carea' id='block_1_113' title="bbox 323 5603 1911 5682">
    <p class='ocr_par' dir='ltr' id='par_1_113' title="bbox 323 5603 1911 5682">
     <span class='ocr_line' id='line_1_113' title="bbox 323 5603 1911 5682; baseline 0.003 -23"><span class='ocrx_word' id='word_1_796' title='bbox 323 5607 463 5670; x_wconf 80' lang='grc' dir='ltr'><strong>ὅλως</strong></span> <span class='ocrx_word' id='word_1_797' title='bbox 497 5608 728 5677; x_wconf 71' lang='grc' dir='ltr'><strong>θεμιτὸν</strong></span> <span class='ocrx_word' id='word_1_798' title='bbox 763 5603 906 5663; x_wconf 79' lang='grc' dir='ltr'><strong>εῖναι</strong></span> <span class='ocrx_word' id='word_1_799' title='bbox 953 5609 1289 5665; x_wconf 87' lang='grc' dir='ltr'><strong>πιστεύεται.</strong></span> <span class='ocrx_word' id='word_1_800' title='bbox 1326 5610 1446 5663; x_wconf 83' lang='grc' dir='ltr'><strong>Ἵνα</strong></span> <span class='ocrx_word' id='word_1_801' title='bbox 1491 5611 1546 5663; x_wconf 83' lang='grc' dir='ltr'><strong>δέ</strong></span> <span class='ocrx_word' id='word_1_802' title='bbox 1583 5611 1764 5682; x_wconf 83' lang='grc' dir='ltr'><strong>μικρῷ</strong></span> <span class='ocrx_word' id='word_1_803' title='bbox 1809 5630 1911 5664; x_wconf 86' lang='grc' dir='ltr'><strong>πα-</strong></span> 
     </span>
    </p>
   </div>
   <div class='ocr_carea' id='block_1_114' title="bbox 329 5696 1908 5771">
    <p class='ocr_par' dir='ltr' id='par_1_114' title="bbox 329 5696 1908 5771">
     <span class='ocr_line' id='line_1_114' title="bbox 329 5696 1908 5771; baseline 0.006 -24"><span class='ocrx_word' id='word_1_804' title='bbox 329 5696 666 5766; x_wconf 82' lang='grc' dir='ltr'><strong>ραδείγματι</strong></span> <span class='ocrx_word' id='word_1_805' title='bbox 693 5699 794 5768; x_wconf 77' lang='grc' dir='ltr'><strong>τὴν</strong></span> <span class='ocrx_word' id='word_1_806' title='bbox 824 5699 1101 5771; x_wconf 81' lang='grc' dir='ltr'><strong>ὑμετέραν</strong></span> <span class='ocrx_word' id='word_1_807' title='bbox 1133 5701 1351 5753; x_wconf 88' lang='grc' dir='ltr'><strong>σύνεσιν</strong></span> <span class='ocrx_word' id='word_1_808' title='bbox 1398 5702 1720 5769; x_wconf 75' lang='grc' dir='ltr'><strong>ὑπομνήσω,</strong></span> <span class='ocrx_word' id='word_1_809' title='bbox 1750 5702 1908 5769; x_wconf 79' lang='grc' dir='ltr'><strong>λέξω.</strong></span> 
     </span>
    </p>
   </div>
   <div class='ocr_carea' id='block_1_115' title="bbox 332 5787 1911 5860">
    <p class='ocr_par' dir='ltr' id='par_1_115' title="bbox 332 5787 1911 5860">
     <span class='ocr_line' id='line_1_115' title="bbox 332 5787 1911 5860; baseline 0.006 -21"><span class='ocrx_word' id='word_1_810' title='bbox 332 5787 479 5843; x_wconf 80' lang='grc' dir='ltr'><strong>Ἰστι</strong></span> <span class='ocrx_word' id='word_1_811' title='bbox 508 5788 575 5858; x_wconf 83' lang='grc' dir='ltr'><strong>δὴ</strong></span> <span class='ocrx_word' id='word_1_812' title='bbox 634 5791 895 5853; x_wconf 76' lang='grc' dir='ltr'><strong>καὶτοὺς</strong></span> <span class='ocrx_word' id='word_1_813' title='bbox 936 5792 1268 5860; x_wconf 75' lang='grc' dir='ltr'><strong>φιλοσόφους</strong></span> <span class='ocrx_word' id='word_1_814' title='bbox 1324 5793 1541 5856; x_wconf 73' lang='grc' dir='ltr'><strong>αὐτοὺς.</strong></span> <span class='ocrx_word' id='word_1_815' title='bbox 1579 5795 1654 5856; x_wconf 75' lang='grc' dir='ltr'><strong>ὡς</strong></span> <span class='ocrx_word' id='word_1_816' title='bbox 1694 5795 1772 5846; x_wconf 73' lang='grc' dir='ltr'><strong>ἐνὶ</strong></span> <span class='ocrx_word' id='word_1_817' title='bbox 1813 5797 1911 5860; x_wconf 81' lang='grc' dir='ltr'><strong>μὲν</strong></span> 
     </span>
    </p>
   </div>
   <div class='ocr_carea' id='block_1_116' title="bbox 332 5882 1906 5952">
    <p class='ocr_par' dir='ltr' id='par_1_116' title="bbox 332 5882 1906 5952">
     <span class='ocr_line' id='line_1_116' title="bbox 332 5882 1906 5952; baseline 0.008 -20"><span class='ocrx_word' id='word_1_818' title='bbox 332 5883 570 5944; x_wconf 72' lang='grc' dir='ltr'><strong>ἱπαντες</strong></span> <span class='ocrx_word' id='word_1_819' title='bbox 614 5882 852 5952; x_wconf 71' lang='grc' dir='ltr'><strong>δόγματι</strong></span> <span class='ocrx_word' id='word_1_820' title='bbox 902 5886 1282 5940; x_wconf 74' lang='grc' dir='ltr'><strong>συντίθενται·</strong></span> <span class='ocrx_word' id='word_1_821' title='bbox 1319 5888 1576 5949; x_wconf 67' lang='grc' dir='ltr'><strong>πολλάκις</strong></span> <span class='ocrx_word' id='word_1_822' title='bbox 1607 5889 1660 5940; x_wconf 72' lang='grc' dir='ltr'><strong>δὲ</strong></span> <span class='ocrx_word' id='word_1_823' title='bbox 1697 5891 1753 5940; x_wconf 77' lang='grc' dir='ltr'><strong>ἑν</strong></span> <span class='ocrx_word' id='word_1_824' title='bbox 1801 5907 1906 5944; x_wconf 78' lang='grc' dir='ltr'><strong>τινι</strong></span> 
     </span>
    </p>
   </div>
  </div>
