4250 6450
743 432 808 492 67
1954 423 2378 485 NICEPIIOR'I
2419 421 2761 482 CALLISTI
3921 414 3994 476 68

749 554 969 612 bantur,
990 561 1044 603 et
1064 550 1314 619 querelas
1337 563 1466 602 suas
1490 547 1725 616 scriptas
1753 544 2076 614 imperatori
2096 544 2318 596 dabant.
2354 555 2394 603 Α

2315 584 2318 595 .
2354 555 2394 603 Α
2429 543 2525 612 λῖῳ
2572 542 3086 611 ὑποσημηνάμενος,
3139 537 3393 607 ἀσφαλῶς
3429 538 3618 604 τηρεῖν
3654 533 3993 605 ⁸παρηγγύα.

746 643 957 709 Quibus
990 642 1081 695 ille
1109 642 1367 694 omnibus
1414 639 1705 708 colligatis,
1741 638 1980 708 sigillum
2011 635 2198 689 annuli
2233 634 2317 687 sui

752 737 1050 806 impressit,
1087 748 1293 800 eosi;ue
1331 733 1624 801 diligenter
1665 731 1868 784 servari
1893 730 2167 799 praecepit.
2194 728 2320 782 Post

751 827 1170 879 conventionem
1203 839 1343 882 eam,
1383 822 1501 876 dies
1534 822 1871 875 constilutus
1898 836 2022 874 cum
2055 821 2315 879 venisset,

750 917 964 973 libellos
995 933 1089 970 eos
1123 922 1316 968 o'nmes
1349 916 1401 968 in
1435 914 1688 968 manibus
1725 922 1948 966 tenens:
1976 913 2093 974 Hm,
2119 911 2316 979 inquit,

751 1009 986 1078 querel:e
1004 1018 1055 1060 et
1086 1007 1466 1060 accusationes
1496 1005 1779 1074 magnoilli
1805 1004 1982 1058 Judici
2006 1003 2319 1056 decidenda:

754 1099 1135 1157 remittuntur,
1173 1105 1488 1163 statumque
1522 1105 1736 1162 tempus
1770 1093 1994 1146 extremi
2023 1091 2212 1161 judicii
2249 1095 2319 1143 sit

750 1192 868 1243 dies
897 1208 908 1240 :
941 1190 1029 1242 eui
1063 1187 1240 1256 jndici
1272 1187 1482 1239 occulta
1505 1187 1668 1238 etiam
1691 1185 1976 1237 manifesta
2010 1193 2156 1237 sunt.
2189 1182 2316 1234 Mihi

754 1282 976 1351 quidem
1015 1280 1245 1340 homini,
1279 1279 1453 1332 errori
1481 1277 1741 1336 obnoxio,
1770 1275 1921 1329 nefas
1945 1291 2069 1329 esse
2101 1274 2319 1326 videtur

753 1373 1259 1426 ecclesiasticorum
1301 1371 1539 1422 virorum
1566 1367 1944 1422 accusationes
1978 1367 2222 1433 recipere
2267 1373 2316 1416 et

751 1465 964 1516 audire.
1007 1461 1196 1529 Neque
1227 1461 1389 1516 etiam
1417 1460 1641 1512 omnino
1680 1461 1977 1512 convenire
2019 1458 2170 1526 puto,
2223 1455 2318 1508 Dei

752 1556 1038 1608 ministros
1061 1555 1194 1607 tales
1220 1567 1278 1606 se
1310 1561 1565 1621 prastare
1591 1549 1811 1612 debere,
1841 1558 1899 1602 ut
1924 1548 2008 1602 vel
2063 1563 2092 1602 a
2121 1564 2205 1602 me
2236 1547 2317 1601 vel

752 1647 820 1698 ab
853 1647 959 1698 alio
987 1646 1323 1715 jndieentur.
1358 1642 1411 1697 Si
1448 1657 1682 1711 namque
1734 1642 2074 1695 sacerdotum
2123 1642 2318 1695 delicta

752 1740 1007 1808 plurimis
1055 1739 1423 1796 innotescunt.
1456 1736 1692 1789 maxima
1725 1735 2000 1803 praebetur
2040 1735 2120 1787 eis
2147 1733 2321 1786 oﬂ'en-

753 1829 922 1882 diculi
955 1829 1196 1885 occasio.
1251 1829 1343 1895 qui
1400 1829 1622 1894 impune
1656 1826 1803 1877 nullo
1840 1826 2040 1878 timore
2087 1833 2321 1892 peccare

754 1918 1500 1986 constituere.,Quapropter
1549 1919 1712 1985 agite.
1736 1915 2021 1969 'Chrismm
2059 1915 2320 1978 ﬁeuit‘tlati,

755 2029 848 2080 per
874 2022 1118 2064 mutuam
1149 2011 1362 2066 veniam
1416 2010 1557 2062 alius
1594 2007 1684 2060 alii
1733 2005 2027 2060 commissa
2082 2005 2329 2059 remittaa

756 2119 897 2156 mus.
938 2102 1207 2171 Oportere
1269 2101 1539 2170 siquidem
1572 2099 1776 2153 remitti
1807 2099 1874 2152 ab
1903 2115 1970 2153 eo
1998 2098 2207 2160 debita,
2237 2098 2326 2150 ille

755 2196 910 2254 dicit,
936 2196 1026 2262 qui
1058 2196 1171 2261 ipse
1196 2193 1420 2258 gratiam
1447 2191 1628 2246 delicti
1647 2199 1808 2260 petat.
1837 2177 1930 2243 llis
1949 2189 2126 2242 verbis
2143 2188 2325 2250 dictis,

754 2288 968 2342 libellos
1024 2287 1080 2340 in
1126 2296 1424 2355 conspectu
1462 2298 1655 2337 eorum
1710 2281 2031 2343 combussit,
2085 2281 2323 2350 juratus,

755 2380 892 2434 nihil
924 2396 980 2431 se
1019 2393 1245 2447 prorsus
1283 2383 1403 2445 quae
1440 2377 1490 2428 in
1523 2377 1600 2428 eis
1635 2373 1836 2442 scripta
1869 2381 2050 2426 essent
2091 2371 2324 2441 legisse.

759 2472 920 2542 566
945 2471 1163 2526 Addidit
1216 2480 1270 2524 et
1296 2467 1542 2522 illudz'Si
1569 2467 1628 2519 in
1663 2467 1980 2535 episcopum
2037 2465 2326 2525 incideret,

759 2566 997 2617 alienum
1023 2563 1335 2631 eonjugium
1361 2560 1600 2613 violaute
1628 2577 1679 2622 ν,
1715 2573 1772 2612 se
1811 2572 2057 2626 purpura
2087 2571 2183 2609 sua
2217 2555 2331 2622 pia-

760 2659 942 2708 culum
984 2654 1036 2706 id
1069 2658 1415 2708 obtecturum
1442 2668 1584 2714 esse,
1630 2665 1697 2704 ne
1740 2660 1847 2702 tam
1878 2649 2081 2702 [malum
2120 2649 2330 2702 facinus

768 2746 1180 2817 spectatoribus
1216 2745 1564 2798 occasionem
1600 2743 1722 2794 ntali
1778 2739 2010 2794 crearet.

835 2841 1006 2905 Atque
1042 2837 1155 2890 haec
1183 2837 1403 2905 quidem
1437 2836 1516 2888 sic
1555 2844 1679 2887 ante
1715 2847 2061 2885 communem
2089 2847 2330 2884 conven-

766 2942 875 2983 lum
910 2938 1047 2981 aeta.
1091 2928 1143 2980 In
1177 2938 1436 2982 consessu
1474 2937 1653 2978 antem
1699 2926 1941 2982 l’atrum,
1985 2924 2232 2975 oratione
2264 2922 2330 2975 ad

765 3022 1112 3075 concordiam
1135 3029 1229 3072 (ξοδ
1253 3021 1571 3078 cohortalis,
1594 3019 1658 3070 de
1690 3015 2034 3085 dogmatibus
2061 3016 2183 3068 tidei
2208 3031 2335 3069 con-

765 3113 969 3166 sultare
990 3121 1043 3165 et
1067 3112 1371 3165 sententias
1401 3118 1497 3178 per
1513 3108 1775 3176 suffragia
1795 3107 1979 3159 dicere
1996 3105 2181 3175 jussit.
2199 3105 2335 3170 Qua:

2422 635 2578 688 Μετὰ
2601 635 2658 687 δὲ
2685 637 2784 704 τὴν
2809 633 3107 701 σύμϐασιν,
3135 626 3603 700 ἀφικομένηςξῆς
3632 627 3993 698 προθεσμίας,

2421 729 2487 780 τὰ
2525 727 2703 796 βιϐλία
2757 728 3042 796 παρόντων
3089 724 3349 777 ἁπάντων
3403 722 3493 775 ἐπὶ
3543 723 3734 791 χεῖρας
3788 721 3998 790 φέρων,

2421 819 2590 873 Αὖται
2627 821 2744 887 μὲν.
2788 818 2919 888 ἔφη,
2952 820 3007 869 αί
3043 817 3373 885 κατηγορίαι
3407 815 3486 884 τῷ
3539 813 3762 884 μεγάλῳ
3803 811 3998 880 ἐκείνῳ

2423 913 2584 979 κριτῇ
2643 911 2905 974 ἀνεῖνται,
2958 909 3050 962 νάι
3099 910 3290 978 καιρὸς
3326 907 3517 969 αὐταῖς
3565 906 3718 973 ὁτῆς
3749 901 3998 974 ’ἐσχάτης

2425 1005 2656 1074 κρίσεςίς
2712 1001 2881 1068 ἐστιν,
2931 995 2975 1069 ᾧ
3009 1002 3147 1069 δῆλα
3201 1001 3298 1055 καὶ
3354 999 3570 1070 τάφανῆ
3629 996 3996 1051 καθίσταταυο

2423 1097 2545 1164 ἐμοὶ
2579 1095 2634 1147 δὲ
2667 1095 2726 1146 ού
2762 1094 2938 1162 θέμις,
2964 1089 3242 1164 ἂνθρώπῳ
3282 1092 3592 1162 ὲφαμάρτῳ
3634 1091 3864 1159 γε’δντι.
3889 1094 3998 1165 ,ἀγο

2421 1187 2564 1255 δρῶν
2595 1186 2786 1255 ίερέων
2805 1186 3140 1256 κατηγορίας
3163 1169 3548 1254 ἀναδέχεσθαι,
3576 1184 3672 1238 καὶ
3693 1184 3773 1244 είς
3791 1183 3990 1263 ἀκρογ.

2424 1293 2509 1329 σιν
2531 1277 2825 1345 ’καθιστᾷν.
2862 1276 3009 1344 Μηδέ
3044 1277 3153 1344 γὰρ
3183 1277 3330 1327 ὅσιον
3368 1275 3562 1344 ἔμοιγε
3603 1274 3806 1344 χρῆναι
3845 1274 3998 1325 λελό-

2425 1366 2631 1434 γισται,
2677 1366 2819 1419 ’Θεοῦ
2871 1367 3226 1435 λειτουργοὺς
3282 1359 3658 1428 καθεστῶτας,
3717 1365 3999 1429 τοιούτους

2423 1460 2649 1519 ἑαυτοὺς
2679 1459 2970 1526 παρέχειν,
2989 1457 3060 1517 ὡς
3087 1458 3216 1526 παρ’
3247 1457 3446 1523 ἑτέρων
3470 1457 3501 1524 ἦ
3522 1457 3612 1523 ὑφ’
3633 1454 3789 1525 ὴμῶν
3816 1457 4002 1523 κρίνε-

2426 1551 2571 1604 σθαι.
2595 1550 2717 1602 Τῶν
2753 1553 2861 1618 γὰρ
2895 1549 3399 1619 πλημμεληθέντων
3424 1551 3536 1609 τοῖς
3582 1548 3790 1616 ἱερεῦσι
3823 1547 4002 1617 δήλων

2426 1642 2847 1711 καθισταμένων
2885 1642 2995 1703 τοῖς
3046 1641 3339 1704 πλείστοις,
3376 1640 3654 1708 πρόφασις
3699 1640 3999 1694 σκανδάλου

2425 1737 2728 1787 ἀνακύπτει
2764 1733 2992 1802 πλείστη
3037 1735 3150 1797 τοῖς
3200 1733 3374 1796 ἀδεῶς
3406 1734 3743 1802 ἁμαρτάνειν
3789 1731 4006 1784 ἐθέλου-

2427 1845 2534 1879 σιν.
2570 1827 2704 1892 Ἀγε
2729 1824 2821 1878 οὖν
2851 1825 3091 1896 Χριστὸν
3127 1828 3526 1895 μιμησάμενοι,
3557 1828 3620 1896 τῇ
3669 1827 3806 1896 πρὸς
3835 1826 4005 1893 ἀλλή-

2427 1920 2554 1984 λους
2588 1919 2889 1991 συγγνώμῃ
2934 1921 3000 1972 τὰ
3035 1906 3246 1972 ἑαυτῶν
3279 1920 3711 1990 θεραπεύσωμεν
3738 1932 3750 1946 ⁸
3780 1919 4005 1988 ἀφιέναι

2429 2015 2538 2084 γάρ
2574 2030 2707 2082 φησι
2763 2015 2830 2066 τά
2868 2014 3213 2083 ὀφειλήματα
3240 2014 3349 2066 δεῖν
3397 2014 3487 2065 τδν
3523 2013 3776 2079 ἀφέσεως
3819 2015 4007 2082 τυχεῖν

2428 2105 2778 2173 ὀρεγόμενον.
2809 2105 2995 2158 Ταῦτα
3025 2103 3218 2170 λέγων,
3249 2105 3315 2156 τά
3349 2103 3528 2172 βισλία
3553 2105 3837 2174 παρρησία
3869 2118 4007 2156 κατ-

2431 2197 2680 2262 έκαυσεν,
2751 2197 3128 2265 ἐπομνύμενος
3172 2196 3340 2265 μηδὲν
3378 2197 3485 2246 τῶν
3526 2195 3866 2264 ἐγκειμένων
3895 2199 4007 2253 τοῖς

2429 2289 2758 2358 γράμμασιν
2811 2290 3143 2354 ἀναγνῶναι.
3199 2274 3524 2356 ’Προσετίθει
3569 2286 3623 2340 δὲ
3665 2285 3901 2349 τούτοις,
3931 2287 4008 2346 ὡς

2431 2379 2485 2431 εί
2509 2397 2570 2446 γε
2605 2383 2700 2432 καὶ
2728 2381 3012 2448 ὲπισκόπῳ
3035 2380 3253 2448 ἐνέτυχε
3281 2381 3459 2449 γάμον
3484 2379 3765 2447 ἀλλότριον
3793 2378 4008 2449 διορύτ-

2431 2488 2600 2534 τοντι,
2631 2472 2978 2541 συγκαλύψαι
3014 2456 3079 2524 ἂν
3112 2474 3177 2540 τῇ
3213 2452 3504 2542 πορφυρίδι
3537 2473 3595 2523 τὸ
3625 2473 3777 2538 ἄγος,
3806 2472 3893 2525 ῖνα
3927 2475 4005 2542 μὴ

2433 2565 2556 2625 τοὺς
2589 2563 2898 2632 θεωμένους
2951 2567 2984 2634 ή
3013 2563 3122 2616 τῶν
3157 2563 3458 2634 δρωμένων
3497 2563 3619 2632 δψις
3675 2564 3754 2627 είς
3802 2564 4012 2636 βλάϐης

2435 2657 2711 2724 πρόφασιν
2751 2658 3010 2724 περιστῇ.

2512 2835 2698 2887 Ταῦτα
2737 2834 2835 2902 μὲν
2868 2834 2973 2901 πρὸ
3003 2833 3097 2902 τῆς
3135 2835 3318 2898 κοινῆς
3369 2830 3735 2896 συνελεύσεως
3763 2850 3777 2863 °
3811 2835 3931 2886 τότε
3965 2834 4014 2887 δ’

2436 2914 2529 2979 οὖν
2588 2927 2712 2986 τοὺς
2768 2926 2904 2991 πρὸς
2959 2925 3217 2994 ὁμόνοιαν
3280 2928 3724 2996 παρακλητικοὺς
3763 2926 4014 2990 διελθὼν,

2438 3019 2571 3086 περὶ
2607 3017 2713 3070 τῶν
2757 3019 3043 3084 δογμάτων
3081 3017 3178 3084 τῆς
3206 3019 3442 3078 ﬂictu);
3482 3019 3578 3088 τὴν
3613 3019 3805 3087 σκέψιν
3835 3023 4015 3071 ποιεῖ-

2443 3104 2568 3156 σθαι
2622 3111 2760 3157 κατα
2793 3105 3020 3184 γνώμην
3060 3107 3388 3175 ἐπέτρεπεν.
3427 3109 3490 3160 Ἀ
3529 3104 3576 3160 δ’
3602 3107 3694 3160 οὖν
3743 3109 4019 3176 διελέγετο

766 3220 895 3258 vero
916 3215 1026 3257 tum
1059 3203 1121 3256 ad
1146 3216 1239 3257 eos
1267 3202 1400 3255 dixit
1421 3201 1470 3254 in
1497 3215 1705 3254 summa
1736 3201 1849 3252 haec
1874 3207 2039 3251 sunt:
2076 3216 2092 3247 ι
2119 3195 2338 3250 Gratias
2358 3215 2405 3271 vc
2439 3217 2444 3230 ε

2358 3215 2405 3271 'C
2439 3197 2673 3258 τούτοις,
2700 3197 2772 3258 ὼς
2801 3199 2857 3249 ὲν
2889 3197 3045 3266 τύπῳ
3075 3198 3414 3266 περιλαῦεῖν,
3440 3195 3582 3268 ἦσαν
3611 3199 3813 3252 ταῦτα·
3851 3221 3868 3253 ι
3905 3203 4017 3255 Χά-

767 3297 1010 3365 quidem,
1033 3295 1229 3363 inquit,
1252 3305 1434 3346 rerum
1459 3290 1701 3345 omnium
1729 3305 1918 3350 causa,
1939 3288 2032 3343 sed
2057 3287 2221 3356 hujus
2243 3303 2341 3357 po-

770 3388 1038 3441 tissimum
1061 3395 1367 3439 conventus
1389 3383 1631 3444 nomine,
1655 3396 1754 3450 ago
1789 3381 1919 3443 Dco,
1948 3380 2138 3432 Patres
2153 3386 2210 3430 et
2234 3376 2343 3430 ira-

771 3489 884 3531 trcs
904 3476 1233 3531 cbarissimi.
1264 3476 1428 3528 Recte
1457 3474 1603 3526 cniin
1631 3473 1710 3525 sic
1741 3487 1838 3525 vos
1858 3471 2094 3539 appello,
2123 3469 2342 3538 quando

771 3565 914 3623 lianc
967 3567 1100 3620 niihi
1137 3565 1442 3621 communis
1474 3564 1735 3618 'Servator
1788 3565 2032 3616 omnium
2095 3570 2342 3614 nostrum

772 3660 1046 3712 concessit
1071 3657 1321 3726 gratiam,
1355 3665 1411 3707 nt
1445 3653 1658 3708 l‘elicius
1679 3655 1844 3707 etiam
1876 3653 2009 3705 mihi
2049 3664 2212 3720 quam
2249 3664 2340 3701 vo-

771 3752 845 3804 tis
871 3761 1063 3818 optare
1091 3751 1192 3801 sim
1225 3763 1412 3812 ausus,
1431 3761 1519 3800 res
1540 3747 1823 3800 ceciderit.
1852 3747 2080 3800 Tantam
2104 3761 2342 3815 namque

771 3841 1118 3894 sacerdotum
1141 3838 1237 3891 Dei
1267 3839 1318 3891 iu
1338 3837 1569 3890 consilio
1586 3844 1640 3889 et
1657 3845 1928 3889 conventu
1955 3851 2063 3888 uno
2090 3835 2347 3903 lrequen-

775 3937 930 3992 tiam,
964 3931 1056 3983 illo
1085 3928 1420 3983 concedente
1451 3927 1674 3986 intueri,
1703 3943 1773 3980 an
1806 3943 1916 3980 non
1959 3927 2198 3994 ingentis
2228 3925 2350 3978 feli-

773 4024 958 4076 eitatis
987 4021 1106 4075 loio
1153 4019 1622 4073 habendum‘ised
1674 4018 1932 4087 pervelim
1985 4033 2078 4069 vos
2129 4031 2348 4079 omnes,

771 4117 965 4171 eadem
988 4115 1314 4183 cogitantes,
1349 4124 1403 4166 et
1435 4114 1745 4165 animorum
1772 4125 2046 4163 consensu
2075 4111 2125 4161 in
2158 4105 2348 4161 eadem

769 4206 1046 4261 sententia
1067 4206 1450 4266 consistentes,
1478 4203 1683 4255 videre.
1709 4202 1892 4255 Rebus
1907 4201 2052 4254 enim
2085 4199 2350 4266 malisque

768 4301 931 4364 adeo,
957 4312 1078 4368 quae
1109 4298 1233 4366 quis
1251 4297 1434 4363 eloqui
1471 4295 1645 4363 possit
1680 4293 1962 4356 omnibus,
1999 4293 2158 4360 longe
2194 4289 2346 4343 dete-

773 4393 893 4445 rius
925 4391 1060 4443 mihi
1083 4401 1204 4442 esse
1229 4387 1395 4448 duco,
1429 4385 1575 4455 quod
1612 4384 1914 4441 Ecclesiam
1973 4383 2068 4436 Dei
2124 4381 2353 4436 seditio-

776 4484 935 4536 nibus
978 4482 1119 4534 inter
1157 4494 1214 4534 se
1256 4479 1611 4533 dissidentem
1649 4486 1702 4530 et
1743 4474 2035 4528 contrariis
2063 4474 2340 4527 hostiliter

2445 3296 2530 3355 ριν
2567 3290 2664 3357 μὲν
2716 3289 2918 3341 εἰδέναι
2964 3289 3085 3358 Θεῷ
3124 3293 3342 3342 πάντων
3392 3292 3580 3344 ἕνεκεν
3635 3292 3864 3360 έλεγενο
3918 3296 4019 3363 οὐχ

2440 3376 2605 3449 ἦττον
2634 3380 2688 3431 δὲ
2719 3379 2796 3448 τῷ
2838 3381 3070 3449 παρόντι
3102 3381 3368 3452 συλλόγῳ,
3395 3376 3440 3435 ὢ
3483 3383 3628 3451 φίλοι
3659 3386 3750 3436 καὶ
3782 3387 4022 3455 πατέρες

2447 3475 2539 3524 καὶ
2569 3471 2790 3538 ἀδελφοί
2819 3487 2830 3499 ’
2862 3470 3011 3524 καλῶ
3038 3471 3147 3544 γὰρ
3182 3475 3327 3542 ὑμᾶς
3353 3473 3519 3542 οὕτω,
3571 3475 3668 3527 τοῦ
3698 3475 3878 3529 κοινοῦ
3907 3477 4020 3530 Σωυ

2445 3565 2610 3634 τηρος
2646 3564 2805 3633 ήμῶν
2846 3565 3019 3616 ταῦτα
3065 3567 3463 3635 χαρισαμένου.
3501 3569 3610 3620 Καὶ
3656 3569 3816 3622 πλέον
3848 3571 3956 3639 γὰρ
3987 3569 4021 3638 ἢ

2447 3656 2569 3708 κατ’
2604 3656 2767 3724 εὐχήν
2824 3656 3012 3725 ἔμοιγε
3060 3658 3329 3738 περιέστη
3382 3659 3442 3709 τὸ
3483 3660 3750 3727 πρᾶγμα·
3793 3659 3854 3712 τὸ
3907 3660 4021 3730 γὰρ

2449 3748 2735 3810 τοσούτους
2756 3748 2934 3816 ἱερέας
2958 3748 3115 3813 Θεοῦ,
3143 3752 3198 3811 ις
3223 3747 3389 3802 ταυτδ
3417 3750 3822 3820 συνδραμόντας
3845 3752 4024 3816 ἀξιοῦ-

2452 3841 2577 3920 σθαι
2625 3841 2778 3909 όρᾷν,
2816 3842 2985 3891 πόσου
3011 3839 3077 3892 ἄν
3116 3856 3198 3901 τις
3221 3841 3373 3909 θείη;
3427 3842 3587 3894 Ἀλλά
3631 3859 3692 3908 γε
3725 3842 4024 3912 βουλοίμην

2452 3933 2518 3985 ἂν
2549 3933 2797 4012 ἅπαντας
2847 3933 3021 3986 ταῦτα
3059 3935 3158 4002 μὲν
3209 3934 3440 3986 θεᾶσθαι
3481 3935 3841 4005 φρονοῦντας,
3889 3953 4024 4005 συμ-

2454 4025 2630 4093 φωνίᾳ
2659 4024 2714 4075 δὲ
2745 4024 2924 4093 ψυχῆς
2952 4025 3044 4076 ἐπὶ
3078 4026 3206 4093 μιᾶς
3236 4025 3457 4077 ἑστάναι
3479 4027 3577 4094 τῆς
3607 4024 3854 4095 γνώμης.
3883 4027 4028 4078 Παν-

2455 4116 2545 4176 τὸς
2579 4118 2686 4186 γὰρ
2721 4117 2910 4184 ἔμοιγε
2938 4117 3141 4183 χεῖρον,
3169 4116 3264 4167 καὶ
3298 4116 3424 4167 ὅσου
3461 4117 3526 4168 ἄν
3563 4133 3646 4179 τις
3673 4117 3820 4170 είποι
3852 4117 4026 4170 κακοῦ

2457 4207 2715 4259 ἐπέκεινα
2747 4207 2938 4273 κρίνω,
2971 4208 3069 4274 τὴν
3107 4206 3437 4276 Ἐκκλησίαν
3466 4208 3600 4260 Θεοῦ
3633 4211 3765 4279 όρᾷν
3801 4210 4028 4261 στασιά-

2459 4300 2681 4362 ζουσαν,
2735 4300 2828 4350 καὶ
2875 4301 2954 4360 εἰς
3019 4299 3352 4360 ἀντιπάλους
3408 4300 3792 4367 διακρίνεσθαι
3847 4300 4026 4365 δόξας.

2472 4390 2744 4458 Ὀπηνίκα
2772 4391 2977 4450 τοίνυν,
3009 4388 3081 4449 ὥς
3113 4405 3177 4455 γε
3209 4389 3283 4458 μὴ
3314 4389 3513 4455 ὢφελε,
3547 4392 3838 4460 καταφανῆ
3878 4393 3915 4445 ἃ.
3937 4410 4031 4461 μοι

2445 4481 2813 4550 ,προσηγγέλη
2872 4481 3114 4546 ἐγένετο,
3164 4481 3279 4542 πῶς
3329 4481 3535 4532 δοκεῖτε
3588 4482 3876 4552 δέδηγμαι,
3929 4485 4031 4552 τήν

769 4574 1063 4628 sententiis
1093 4569 1498 4624 conﬂictantem
1518 4583 1707 4621 cerno.
1763 4560 2216 4632 Quandoquidem
2244 4579 2344 4616 au-
2379 4554 2421 4609 1)

2379 4554 2421 4609 1)
2452 4575 2630 4642 ψυχὴν
2659 4575 2971 4635 στασιάζειν
3007 4572 3356 4641 πεπυσμένος
3395 4574 3538 4642 ὑμᾶς
3569 4590 3582 4635 ;
3616 4573 3708 4636 οὓς
3739 4575 3943 4643 ἥκιστά
3967 4592 4029 4642 γε

761 4677 884 4728 ,ιειιι
921 4664 1088 4734 (quod
1124 4673 1254 4717 sane
1289 4661 1490 4716 factum
1521 4660 1745 4726 nollem)
1790 4674 1908 4727 quae
1940 4657 2006 4710 ad
2056 4670 2141 4710 me
2179 4655 2345 4709 relata

771 4770 904 4812 sunt
933 4756 1192 4810 omnibus
1221 4756 1330 4825 jam
1368 4754 1680 4814 innotuere,
1709 4767 1818 4819 quo
1882 4749 2069 4803 dolore
2101 4748 2344 4801 animum

777 4865 960 4904 meum
1000 4849 1311 4918 perculsum
1337 4862 1454 4901 esse
1501 4844 1731 4913 putatis,
1795 4859 1917 4896 cum
1974 4841 2346 4896 seditionibus

777 4944 1057 4997 imolulos
1085 4957 1206 4994 esse
1232 4956 1324 4994 vos
1341 4938 1584 4993 audirem
1611 4938 1635 4991 ?
1664 4937 1819 5003 Quod
1849 4938 2075 4989 minime
2103 4935 2348 4988 omttiuut

771 5053 806 5087 ιι
842 5035 996 5088 vobis
1027 5035 1228 5087 factum
1249 5030 1513 5100 oportuit,
1548 5032 1640 5100 Qui
1688 5030 1778 5086 Dei
1815 5028 2053 5082 ministri
2087 5039 2141 5080 et
2202 5025 2349 5096 pacls

777 5143 876 5197 pra
896 5143 1059 5179 cones
1077 5124 1346 5191 designati
1381 5123 1536 5176 estis.
1570 5122 1703 5185 Quis
1722 5121 1834 5189 jam
1871 5121 1992 5174 aliis
2013 5121 2195 5186 quieta
2218 5135 2320 5170 con
2339 5147 2351 5157 -

776 5221 902 5272 sitia
926 5221 1081 5285 sequi
1121 5216 1496 5285 persuadebit,
1529 5216 1748 5283 quando
1804 5228 1899 5267 vos
1933 5223 2040 5265 tam
2077 5213 2349 5265 hostiliter

777 5324 932 5364 arma
955 5312 1172 5364 sumitis
1217 5319 1272 5363 et
1303 5311 1445 5362 inter
1497 5323 1593 5362 vos
1631 5306 1991 5376 depugnatis?
2047 5307 2217 5371 Quam
2280 5305 2350 5364 ob

779 5417 1005 5456 caUSJIIl
1072 5404 1211 5456 hanc
1243 5417 1451 5456 sacram
1481 5399 1632 5468 coegi
1667 5395 1955 5468 synodum,
1984 5399 2077 5464 qui
2114 5397 2352 5463 impera-

784 5506 872 5548 tor
907 5504 962 5549 et
980 5509 1280 5548 conservus
1311 5493 1492 5546 vcsicr
1518 5503 1659 5544 sum.
1697 5491 1756 5542 lit
1789 5494 1928 5542 hanc
1960 5506 1988 5541 a
2016 5488 2170 5542 vobis
2188 5494 2349 5539 unam

784 5599 914 5656 peto
944 5588 1198 5658 gratiam,
1225 5601 1388 5655 quam
1425 5600 1548 5637 cum
1581 5601 1608 5635 a
1643 5600 1725 5635 tne
1763 5584 1914 5635 τοίη-ι
1941 5583 2207 5648 recipere,
2238 5591 2353 5631 tum

787 5696 884 5734 vos
922 5681 1053 5733 mihi
1088 5681 1218 5732 dare
1248 5689 1329 5731 est
1365 5693 1605 5745 aequum,
1665 5687 1720 5726 ut
1758 5679 1920 5745 rebus
1950 5690 2070 5742 quae
2121 5673 2352 5726 seditio-

783 5788 912 5826 nem
943 5773 1081 5824 hanc
1109 5785 1366 5840 peperere
1400 5770 1453 5820 in
1488 5769 1730 5820 medium
1756 5767 2005 5836 prolatis,
2034 5775 2340 5816 controver-

784 5868 996 5936 siisque
1030 5857 1228 5934 quietis
1258 5864 1506 5918 consiliis
1536 5861 1756 5921 decisis,
1803 5860 1867 5913 ad
1902 5873 2114 5928 pacem,
2137 5873 2237 5926 pro
2287 5874 2351 5910 ea

2453 4667 2723 4734 προσῆκε,
2758 4664 2890 4716 Θεοῦ
2941 4665 3291 4733 λειτουργοὺς
3336 4665 3432 4717 καὶ
3464 4664 3770 4733 βραόευτάς
3803 4666 4026 4736 εἰρήνης

2455 4755 2886 4824 καθεστηκότας.
2913 4757 3009 4817 Τίς
3035 4756 3147 4825 γὰρ
3171 4755 3237 4808 ἂν
3265 4757 3393 4820 τοὺς
3421 4756 3616 4819 ἄλλους
3641 4757 3881 4810 πείσειεν
3903 4759 4029 4827 ἠρε-

2459 4851 2601 4916 μεῖν,
2637 4849 2792 4918 ὑμῶν
2826 4849 2970 4902 οὕτω
2999 4849 3085 4902 διὰ
3122 4849 3301 4919 μάχης
3343 4850 3531 4903 ίόντων
3581 4853 3680 4903 καὶ
3714 4851 3836 4903 κατ’
3870 4851 4034 4919 άλλη·

2455 4941 2561 4993 λων
2612 4939 3025 5010 όπλιζομένων;
3061 4941 3255 4994 Ἔνθεν
3285 4959 3367 4995 τοι
3415 4942 3512 4995 καὶ
3542 4943 3639 5013 τὴν
3692 4944 3844 5013 ίεραν
3873 4944 4029 5011 ὑμῶν

2459 5035 2834 5103 συνεκρότησα
2867 5034 3107 5097 σύνοδον,
3145 5033 3398 5102 βασιλεύς
3438 5051 3494 5084 τε
3525 5033 3600 5085 ὢν
3636 5039 3728 5086 καὶ
3763 5035 4030 5103 συνθιράὲ

2459 5148 2576 5181 πων
2615 5127 2904 5196 ὑμέτερος.
2950 5126 3058 5178 Καί
3090 5143 3151 5194 γε
3208 5127 3338 5195 μίαν
3376 5127 3512 5179 αἰτῶ
3541 5128 3724 5197 χάριν,
3752 5126 3818 5195 ἦν
3844 5127 3941 5194 ἐμέ
3974 5143 4031 5176 τε

2458 5219 2670 5280 λαϐεῖν,
2720 5220 2816 5268 καὶ
2852 5218 2994 5283 ὑμᾶς
3054 5219 3268 5278 πάντως
3321 5217 3504 5268 δοῦναι
3553 5216 3794 5269 δίκαιον·
3842 5215 3940 5287 τὴν
3975 5215 4032 5268 δὶ

2457 5306 2595 5361 εἶναι
2628 5309 2695 5358 τὰ
2724 5308 2822 5376 τὴν
2857 5307 3049 5359 στάσιν
3082 5307 3424 5375 γεννήσαντα
3461 5307 3557 5358 ἐπὶ
3600 5308 3766 5374 μέσου
3817 5307 4035 5373 προθεῖ-

2457 5420 2569 5463 ναι,
2623 5403 2716 5452 καὶ
2765 5401 2862 5468 τὴν
2901 5400 3317 5468 ἀμφισὸήτησιν
3361 5401 3538 5468 ἡσυχῆ
3588 5399 4034 5466 διαλυσαμενους,

2462 5494 2540 5551 εξς
2571 5490 2795 5557 εἰρήνην
2827 5489 2966 5540 κατὰ
2996 5489 3092 5556 τήν
3123 5486 3348 5540 ἐνοῦσαν
3374 5488 3505 5557 ὑμῖν
3533 5488 3690 5556 χάριν
3720 5489 3874 5554 ἄγειν
3904 5489 4040 5541 πάνυ

2461 5599 2586 5645 τας,
2614 5584 2707 5632 καὶ
2740 5581 2798 5632 τὺ
2829 5579 3195 5632 ἀστασίαστον
3220 5579 3299 5648 τῷ
3337 5579 3571 5647 δόγματι
3606 5561 4034 5649 ἑπιχορηγῆσαί”

2465 5673 2549 5723 ἵνα
2601 5670 2818 5738 σύνα;.ια
2864 5669 3106 5739 τοσούτῳ
3165 5669 3296 5735 θείῳ
3343 5668 3558 5738 στρατῷ
3614 5667 3709 5718 καὶ
3759 5665 3900 5720 κατᾶ
3944 5664 4039 5718 τοῦ

2464 5764 2726 5833 φθονεροῦ
2783 5763 3039 5833 δαίμονος
3091 5762 3270 5814 κοινὸν
3317 5761 3607 5830 ἀναστήσω
3638 5760 3697 5810 τὸ
3734 5757 4038 5829 τρόπαιον⁹

2457 5857 2515 5919 ὃς
2545 5858 2649 5909 τῶν
2708 5856 3074 5926 παλαμναίων
3112 5855 3392 5926 τυράννων
3441 5853 3685 5906 ἐκποδὼν
3738 5851 3814 5915 ὡς
3874 5849 4040 5920 τάχος
