4250 6450
231 398 304 464 £9
1167 399 1776 461 ECLLESIAS'IIC;E
1822 397 2210 456 HISTOIlli;
2255 398 2397 456 LII).
2444 398 2603 457 VIII.
3429 401 3498 460 70

229 520 646 590 γεγενημένων,
678 519 726 571 οἳ
755 519 822 572 τά
851 518 977 585 φίλα
1007 519 1204 587 ἐκείνῳ
1243 515 1383 587 ἦσαν
1410 517 1811 585 διαπραττόμε-

1856 521 1885 575 λ
1915 528 2035 580 qua:
2062 513 2214 565 vobis
2245 514 2384 565 inest
2423 515 2616 582 gratia,

230 629 337 674 νοι,
376 611 767 680 ἀμηχανήσας,
799 610 889 662 τὸν
930 609 1196 678 ἐμφύλιον
1224 609 1436 662 τουτονὶ
1478 609 1715 676 πόλεμον
1755 608 1820 661 ἂν

228 703 511 773 ἑῤῥίπισε,
559 701 810 769 νεμεσῶν
851 701 940 752 ἀεὶ
971 703 1065 753 καὶ
1099 704 1209 762 τοῖς
1241 703 1534 769 ἡμετέροις
1578 699 1822 752 ἐπιτιθέ-

231 812 398 862 μενος
429 795 677 859 άγαοοῖς.
714 794 805 846 Διὸ
844 796 1037 862 δέομαι
1072 795 1148 857 ὡς
1189 794 1323 845 Θεοῦ
1364 794 1652 862 παρόντος,
1690 793 1818 845 ’ἑκα-

199 883 359 946 -¹στος
395 886 694 957 διαρρίψας
743 888 798 938 εἴ
835 906 887 939 τι
927 887 1088 955 ἄχθος
1146 887 1391 955 ἐντριόἐν
1424 887 1556 954 ἔχει,
1613 883 1690 952 τῷ
1721 886 1818 950 τῆς

204 979 420 1046 ⁴κοινῆς
474 979 730 1044 ὁμονοίας
784 978 1029 1046 προσίτω
1064 976 1236 1044 καλῷ.
1285 975 1437 1044 Μηδέ
1473 975 1579 1042 γάρ
1631 972 1696 1026 ἂν
1754 974 1820 1024 τά

243 1073 394 1124 τοινά
427 1071 606 1132 καλῶς
636 1071 781 1138 ἔχειν
810 1070 1009 1123 οίέσοω
1049 1088 1154 1132 τις.
1185 1071 1292 1120 τῶν
1321 1068 1442 1122 καθ’
1472 1069 1617 1134 ὑμᾶς
1646 1064 1821 1128 οὕτως

193 1159 290 1209 έΞν
332 1160 557 1210 στάσεσι
588 1159 950 1210 καθεστώτων
986 1157 1082 1210 καὶ
1127 1158 1438 1226 διχονοίαις.
1477 1155 1587 1208 Καὶ
1618 1153 1726 1223 γάρ
1757 1154 1822 1206 ἂν

229 1253 317 1318 εῐη
361 1252 536 1303 δεινὴν
573 1253 665 1304 καὶ
719 1253 829 1304 τῶν
863 1252 1004 1319 ἄγαν
1037 1253 1276 1310 ἀτόπων.
1311 1253 1359 1304 εί
1390 1251 1502 1303 τῶν
1544 1251 1821 1316 πολεμίων

229 1344 380 1396 οὕτω
421 1345 864 1406 καταλυθέντων,
897 1346 1115 1407 οὐδενὸς
1142 1346 1185 1398 δ’
1219 1346 1298 1398 ἔτι
1346 1346 1665 1397 ἀντιτείνειν
1702 1344 1822 1394 τολ-

231 1437 472 1506 μῶι.τος,
509 1439 654 1502 ὑμᾶς
684 1435 807 1488 κατ’
855 1437 1106 1506 ἀλλήλων
1139 1437 1499 1501 ὁπλίζεσθαι·
1535 1437 1626 1486 καὶ
1667 1434 1823 1487 τοῦτὸ

227 1546 293 1596 γε
321 1529 404 1590 εἰς
446 1529 644 1598 ἡδονὴν
672 1530 1009 1583 καθεστάναι
1048 1530 1156 1582 τῶν
1188 1532 1464 1598 πολεμὲων
1493 1530 1584 1581 καὶ
1624 1530 1823 1599 εἴρωνα

228 1622 451 1688 γέλωτα
478 1639 491 1653 ·
528 1622 621 1674 καὶ
648 1622 823 1674 ταῦτα
853 1624 981 1690 περὶ
1008 1623 1170 1675 οείων
1197 1621 1620 1691 διαλεγομένους
1643 1638 1824 1689 πραγ-

231 1713 450 1782 μάτων,
487 1708 569 1775 οἷς
607 1717 638 1783 ὴ
673 1715 770 1767 τού
814 1713 1129 1781 Πνεύματος
1168 1713 1490 1767 διδασκαλία
1521 1713 1822 1786 διαρρήδην

226 1810 545 1874 εἰσηγεῖται
576 1807 638 1858 τὸ
667 1810 942 1874 ποιητέον.
977 1807 1050 1860 Ἥ
1084 1824 1141 1859 τε
1168 1808 1276 1876 γάρ
1301 1807 1411 1860 τῶν
1441 1807 1604 1876 ιερῶν
1638 1808 1819 1873 Εύαγο

226 1900 431 1965 γελξων
486 1897 698 1968 γραφὴ,
735 1900 806 1951 τά
851 1915 910 1950 τε
968 1899 1077 1950 τῶν
1117 1897 1434 1950 ἀποστόλων
1486 1898 1823 1950 Θεόπνευστα

228 1992 482 2059 ῥήματα,
519 1992 655 2061 πρὸς
696 1992 790 2043 ἐπὶ
827 1991 1036 2053 τούτοις
1067 1992 1123 2044 δὲ
1163 1993 1256 2044 καὶ
1292 1992 1588 2060 προφητῶν
1618 1991 1822 2059 ἀρχαῖα

226 2081 591 2150 (θεσπίσματα
620 2081 806 2148 σαφῶς
834 2081 869 2134 ἃ
894 2082 1090 2151 χρῆναι
1116 2083 1246 2152 περὶ
1270 2079 1406 2134 Θεοῦ
1442 2080 1623 2147 λέγειν
1645 2097 1704 2132 τε
1730 2081 1822 2132 καὶ

225 2176 455 2239 φρονεῖν
487 2175 637 2241 ἡμᾶς
664 2173 1065 2228 ἐκδιδάσκουσι.
1104 2174 1214 2226 Καὶ
1254 2174 1434 2226 τοίνυν
1466 2172 1564 2242 τὴν
1599 2173 1715 2240 ἔριν
1745 2171 1822 2235 ὡς

2697 523 2925 564 cunctos
2983 511 3256 579 retligatis.
3307 520 3358 565 et
3405 513 3497 565 do-

1926 605 2117 656 ctrina:
2152 604 2802 664 concordiau'xedueatis
2853 603 2942 655 Sic
2968 605 3113 654 enim
3131 602 3371 655 futurum
3390 613 3494 666 est,

1925 705 1982 749 ut
2015 711 2116 764 ego
2147 711 2269 747 cum
2305 707 2410 748 tam
2459 699 2730 763 nequenti
2768 704 2822 748 et
2880 711 3034 748 sacro
3088 705 3228 747 centu
3287 707 3490 758 vestro,

1923 799 2118 841 contra
2147 789 2390 842 invidum
2416 787 2714 841 diI‘lIlUllCIll
2750 804 3038 842 (ιοιιιιιιυιιο
3089 797 3322 840 statuam
3386 800 3493 839 [Γο-

1930 897 2128 949 picum,
2160 883 2253 949 qui
2299 880 2572 948 pestiferis
2626 880 2734 932 illis
2767 883 3031 950 tyrannis,
3067 897 3300 949 quorum
3330 895 3492 948 Opt‘N

1929 974 1983 1026 in
2020 975 2186 1029 rebus
2216 974 2478 1027 omnibus
2504 982 2680 1026 estex
2710 975 2982 1027 sententia
3031 989 3184 1036 usus,
3222 990 3383 1042 quam
3411 991 3497 1025 cc-

1925 1067 2146 1122 Ierrimc
2182 1086 2210 1122 e
2255 1068 2434 1120 medio
2461 1067 2709 1129 sublatis,
2743 1083 2924 1120 rerum
2951 1082 3169 1118 suarum
3223 1075 3497 1132 satagens,

1926 1160 2250 1213 intesﬁnum
2285 1161 2385 1214 hoc
2408 1160 2707 1212 connnovit
2736 1159 2960 1218 bellum,
3000 1158 3254 1210 invidens
3283 1173 3498 1225 semper

1922 1267 1977 1308 et
2008 1253 2172 1306 rebus
2204 1256 2405 1306 nostris
2425 1253 2702 1320 presperis
2725 1252 3042 1304 imminens.
3071 1249 3225 1315 Quod
3254 1265 3354 1318 ego
3383 1265 3496 1310 vos,

1928 1355 2185 1413 tanquam
2215 1345 2323 1397 Deo
2362 1355 2653 1413 prmsente,
2685 1359 2802 1404 oro,
2832 1343 2991 1413 567
3029 1352 3086 1394 ιιι
3112 1359 3208 1411 pro
3261 1357 3318 1393 se
3347 1341 3498 1409 quis-

1925 1454 2059 1508 que,
2093 1454 2156 1491 ea
2191 1453 2310 1507 qua:
2345 1438 2590 1491 animum
2648 1437 2766 1506 ejus
2792 1439 2941 1503 angit
2973 1437 3223 1489 molestia
3263 1435 3496 1502 abjeela,

1928 1543 1985 1582 se
2013 1527 2081 1582 ad
2137 1529 2445 1582 communis
2471 1529 2778 1581 concordia:
2809 1529 3156 1582 commodum
3215 1531 3497 1595 adjung-ll.

1926 1622 2110 1690 Neque
2147 1621 2290 1674 enim
2325 1621 2616 1690 quisquam
2651 1631 2892 1674 vestrum
2917 1631 3072 1690 putet
3109 1621 3497 1688 rempublicam

1927 1719 2031 1770 rite
2057 1715 2427 1767 administrari
2463 1728 2644 1782 posse.
2693 1714 2737 1767 si
2771 1729 2869 1767 vos
2900 1713 2970 1766 ita
3033 1714 3399 1767 seditionibus
3447 1725 3502 1767 ct

1927 1807 2173 1860 dissidiis
2219 1805 2676 1875 digladiabimini.
2713 1806 2780 1859 Et
2821 1805 3067 1874 profecto
3112 1822 3277 1874 grave
3313 1806 3498 1858 admu-

1856 1883 1899 1937 Β
1931 1900 2060 1954 dum
2091 1909 2147 1952 et
2177 1898 2478 1952 absurdum
2509 1896 2697 1960 fuerit,
2739 1898 2991 1952 hostibus
3017 1899 3126 1966 jam
3161 1899 3320 1953 victis
3375 1914 3497 1952 eum

1932 2007 2098 2046 nemo
2132 2001 2322 2046 contra
2355 1990 2454 2044 niti
2495 1991 2713 2051 audeat,
2746 2005 2841 2044 vos
2876 1990 3043 2044 armis
3074 1992 3218 2044 inter
3241 2007 3335 2045 vos
3366 2008 3500 2046 con-

1933 2083 2180 2144 tendere,
2217 2097 2550 2151 causamque
2585 2082 2824 2136 inimicis
2853 2098 2917 2136 ea
2950 2097 3007 2136 re
3043 2083 3290 2151 pra'bcrc
3346 2087 3500 2138 volu-

1933 2175 2101 2244 ptatis
2130 2184 2185 2228 et
2214 2173 2411 2228 irOuici
2439 2173 2767 2243 subdolique
2796 2176 2955 2237 risus,
3005 2175 3167 2243 idque
3231 2177 3298 2230 de
3336 2179 3500 2230 rebus

225 2270 577 2339 πορρωτέρω
627 2267 974 2339 βαλόντε;,ἢ
1029 2268 1122 2320 τὸν
1155 2268 1302 2335 ἱερὸν
1347 2266 1534 2320 τοῦτον
1583 2266 1825 2335 πόλεμον

223 2362 551 2430 ἀνηρέθισε,
581 2362 696 2424 τοῖς
743 2361 1061 2430 θεορῤήτοις
1091 2361 1385 2429 διδάγμασι
1437 2360 1547 2414 τῶν
1576 2361 1828 2429 ἀμφηρί-

229 2469 382 2504 στων
422 2453 526 2521 τὴν
569 2452 724 2505 λύσιν
773 2453 1126 2522 ζητήσωμεν.
1166 2454 1276 2505 Καί
1319 2470 1378 2518 γε
1429 2453 1608 2523 ῥᾳδία,
1657 2451 1732 2514 ὦς
1763 2468 1826 2519 γε

229 2538 420 2610 οἶμαι,
455 2544 719 2612 ἐσεῖταιή
753 2542 998 2613 εὕρεσις,
1027 2545 1186 2612 εἴπερ
1224 2542 1568 2612 βουλοίμεοα.
1607 2563 1623 2593 ι

1931 2267 2136 2321 divinis
2175 2265 2537 2331 disserentes,
2571 2282 2709 2334 quos
2745 2266 2989 2320 doctrina
3017 2267 3256 2335 Spiritus
3315 2282 3500 2337 aperte

1936 2361 2066 2431 quid
2092 2361 2164 2414 sit
2192 2359 2505 2414 faciendum
2527 2361 2708 2414 docet.
2741 2362 3030 2414 Sacrorum
3063 2377 3298 2431 namque
3329 2362 3502 2415 Evan-

1932 2456 2202 2523 geliorum
2223 2454 2520 2524 scriptura,
2549 2464 2605 2508 et
2632 2454 3004 2522 apostolomm
3033 2454 3302 2509 divinitus
3331 2457 3500 2523 inspi-

1935 2554 2055 2598 rata
2080 2545 2268 2609 verba,
2308 2543 2375 2597 ad
2426 2543 2539 2598 haec
2590 2543 2768 2612 prisca
2832 2559 3049 2613 qunque
3105 2545 3497 2613 prophetarum

228 2640 487 2701 oracula,
536 2640 829 2693 nianifcste
860 2655 958 2693 nos
988 2656 1113 2709 qua:
1168 2641 1234 2693 de
1268 2636 1378 2694 Deo
1413 2651 1468 2694 et
1525 2641 1708 2693 dicere
1764 2649 1819 2691 et
1859 2640 2066 2694 sentire
2127 2649 2403 2709 oporteat.
2470 2641 2762 2693 erudiunt.
2841 2641 3051 2708 Itaque,
3122 2657 3241 2709 qua:
3283 2658 3496 2694 sacrum

233 2735 345 2787 hoc
401 2736 604 2787 bellum
649 2737 932 2800 excitavit,
971 2737 1326 2790 contentione
1362 2753 1524 2804 quam
1557 2737 1876 2806 longissime
1921 2738 2082 2790 missa
2127 2739 2289 2798 facta,
2333 2736 2536 2788 divinis
2575 2735 2845 2790 doctrinis
2881 2735 3376 2789 controversiarum
3421 2738 3501 2789 in-

227 2831 527 2898 quiramus
565 2831 934 2898 dccisiouem;
967 2831 1111 2900 quod
1143 2847 1272 2885 sane
1310 2833 1656 2886 commodum
1687 2834 1844 2887 nobis
1886 2844 1941 2887 ct
1981 2834 2202 2887 inventu
2242 2832 2398 2886 facile
2426 2832 2554 2894 erit,
2578 2832 2621 2885 si
2659 2832 3012 2886 voluerimus.
3045 2851 3062 2882 ι

833 2971 1083 3023 ΚΕΦᾹΛ.
1139 2969 1238 3023 ιζ’.

2493 2965 2670 3020 CAPU
2687 2966 2717 3018 Γ
2755 2965 2939 3020 XVIII.

229 3075 491 3150 [127.2454-
526 3073 560 3144 ἡ
617 3077 880 3140 σύνοδος
932 3078 1113 3145 ὥρισε
1135 3095 1147 3110 ·
1206 3079 1301 3131 καὶ
1333 3080 1465 3147 περὶ
1515 3081 1620 3132 τοῦ
1651 3079 1823 3147 ἁγίου

1856 3050 1892 3106 c
1931 3078 2004 3132 De
2029 3077 2211 3148 quibus
2245 3075 2396 3128 rebus
2427 3076 2653 3150 synodus
2685 3076 2891 3126 decreta
2914 3076 3132 3150 fecerit,
3159 3085 3207 3128 et
3239 3076 3302 3128 de
3322 3085 3502 3129 sancto

847 3152 1188 3213 συιίόλυυ.

2042 3147 2049 3148 '
2410 3147 2534 3212 fidei
2567 3156 2759 3198 nostra:
2788 3147 3042 3214 symbolo.

2000 3261 2124 3316 Ihec
2163 3261 2261 3326 illi,
2295 3273 2389 3315 aut
2419 3270 2567 3316 certe
2613 3261 2762 3314 hisce
2799 3260 3022 3322 similia,
3065 3260 3230 3313 veluti
3267 3261 3389 3328 pius
3443 3263 3503 3312 fi-

1929 3356 2057 3418 lius,
2106 3355 2172 3408 ad
2227 3355 2537 3423 episcopos,
2599 3365 2858 3422 tanquam
2913 3364 3115 3422 patres,
3180 3354 3335 3408 dixit.
3384 3355 3500 3407 Alia

1929 3461 2148 3516 quoque
2183 3446 2417 3508 addidit,
2447 3445 2648 3514 quibus
2675 3445 3102 3515 disputationem
3137 3447 3204 3502 de
3251 3447 3499 3500 doctrina

1931 3538 2138 3592 moveri
2175 3538 2445 3608 permisit.
2467 3537 2825 3607 apostolicam
2853 3537 3207 3591 concordiam
3236 3537 3498 3592 inducere

1930 3633 2176 3688 studens.
2201 3632 2268 3686 Et
2307 3631 2610 3698 productus
2635 3641 2718 3685 cst
2753 3633 2806 3683 in
2841 3632 3082 3684 medium
3120 3633 3304 3696 Arius,
3333 3645 3498 3701 atque

1931 3727 1998 3779 de
2032 3727 2113 3780 eis
2149 3739 2269 3794 qua:
2290 3725 2358 3777 ab
2387 3724 2580 3793 ipsoin
2615 3724 2974 3792 qmesticnem
2999 3723 3233 3778 deducta
3258 3723 3498 3787 fuerant,

1930 3819 2164 3888 diligens
2211 3826 2266 3870 et
2307 3825 2565 3871 accurata
2621 3816 2936 3884 disquisitio
2989 3815 3154 3870 facta.
3206 3817 3263 3870 In
3311 3820 3503 3886 primis

1932 3926 2064 3964 vero
2087 3910 2386 3964 cavebatur
2425 3925 2493 3962 ne
2541 3918 2740 3963 temere
2788 3921 2950 3979 atque
2993 3910 3401 3980 przecipitanter
3445 3913 3497 3964 in

1932 4004 2248 4058 alterutram
2302 4012 2511 4072 partem
2569 4004 2857 4056 sententia:
2919 4001 3323 4071 proferrentur.
3372 4001 3501 4068 Qua:

1931 4111 2096 4164 porto
2141 4095 2292 4148 hisee
2332 4097 2421 4149 de:
2455 4095 2622 4148 rebus
2681 4098 2734 4147 in
2770 4095 2933 4147 tertio
2965 4093 3031 4147 ad
3066 4095 3497 4149 Constantinum

309 3265 503 3318 Ταῦτα
535 3265 589 3317 δέ
641 3266 737 3318 καὶ
769 3266 840 3318 τὰ
889 3266 1102 3328 τούτοις
1135 3267 1514 3335 ,παραπλήσια
1564 3261 1651 3318 οἷα
1695 3267 1825 3328 παῖς

231 3358 566 3426 φιλοπάτωρ
613 3360 727 3419 τοῖς
788 3359 1032 3426 ἱερεῦσιν
1069 3357 1142 3422 ὡς
1196 3359 1434 3429 πατράσι
1474 3361 1824 3429 προσφέρων,

228 3451 338 3519 τὴν
391 3449 758 3516 άποστολικὴν
817 3449 1138 3518 συμφωνίαν
1165 3450 1638 3518 ἐπραγματεύετο.
1680 3449 1830 3500 Ἐπι-

234 3543 512 3610 συνείρων
553 3543 610 3594 δέ
653 3543 748 3594 καὶ
782 3542 935 3606 ἄλλα,
967 3540 1092 3609 ἑξῆς
1124 3544 1250 3612 περὶ
1275 3541 1371 3594 τοῦ
1399 3542 1668 3608 δόγματος
1698 3540 1830 3592 άνα-

231 3637 412 3686 κινεῖν
441 3635 716 3702 ἐπέτρεπε
751 3637 850 3702 τὴν
881 3635 1140 3697 διάλεξιν.
1168 3635 1278 3687 Καὶ
1307 3635 1591 3703 παρήγετο
1623 3633 1722 3701 μὲν
1750 3634 1829 3694 είς

234 3724 410 3790 μέσον
444 3725 474 3774 δ
510 3724 766 3793 Ἀρειος·
825 3722 922 3774 καὶ
966 3723 1077 3776 τῶν
1128 3724 1321 3792 ἐκείνῳ
1371 3720 1829 3792 προϐαλλομένων

229 3816 478 3885 ἀκριϐὴς
511 3815 801 3886 ἡβάσανος
819 3810 886 3884 ἧν
911 3831 924 3845 ·
960 3815 1323 3883 ἐφυλάττοντὸ
1348 3833 1412 3884 γε
1441 3816 1547 3885 μὴν
1574 3815 1828 3885 προπετῆ

230 3910 339 3978 τὴν
374 3909 556 3977 ψῆφον
605 3908 699 3961 ἐπὶ
733 3907 966 3976 θάτερον
1011 3908 1190 3974 ἄγειν.
1228 3903 1329 3960 Οἷα
1370 3908 1417 3960 δ’
1449 3911 1506 3960 ἐν
1555 3907 1632 3978 τῷ
1662 3907 1830 3978 τρίτῳ

234 4002 383 4071 πρὸς
434 4002 850 4052 Κωνσταντῖνον
889 3999 1082 4069 βιϐλίῳ
1125 4002 1218 4054 καὶ
1267 4000 1396 4070 περὶ
1431 4001 1638 4053 τούτων
1665 4003 1829 4068 φησὶν

231 4099 261 4148 ὁ
298 4096 588 4156 Εύσέειος,
638 4091 816 4162 χρεὼν
856 4093 1106 4146 διελθεῖν.
1150 4112 1169 4145 ι
1212 4093 1490 4145 Πλείστων
1514 4094 1578 4162 δὴ
1608 4093 1716 4145 τῶν
1741 4092 1834 4160 ὑφ’

234 4189 420 4256 ἑτέρῳ
469 4187 716 4254 τάγματι
750 4186 1211 4254 προτεινομένων,
1247 4185 1447 4254 πολλῆς
1487 4203 1544 4237 τε
1599 4185 1825 4254 ἀμφιλο-

1931 4187 2073 4240 libro
2101 4188 2374 4242 Eusebius
2413 4196 2703 4250 memoret,
2751 4187 3036 4240 relerenda
3067 4187 3279 4240 censui.
3318 4206 3334 4235 ι
3378 4187 3503 4240 Plu-

233 4277 368 4341 γίας
397 4273 467 4324 τά
490 4274 680 4342 πρῶτα
710 4273 1136 4342 συνισταμένης,
1167 4271 1498 4336 ἀνεξικάκως
1522 4275 1825 4342 ἐπηκροᾶτο

1935 4281 2091 4334 rimis
2133 4295 2263 4334 sane
2304 4280 2641 4348 argumentis
2684 4295 2710 4330 a
2749 4289 2902 4347 parte
2946 4279 3116 4331 altera
3147 4280 3391 4347 prolatis,
3439 4300 3500 4333 ac

231 4369 261 4418 ὁ
297 4363 561 4433 βασιλεὺς
595 4363 704 4414 τῶν
746 4365 989 4428 πάντων,
1027 4364 1191 4433 σχολῇ
1217 4381 1273 4415 τε
1315 4365 1517 4432 εύτόνῳ
1551 4363 1650 4424 τὰς
1698 4382 1825 4435 προ-

1858 4387 1906 4448 D
1937 4374 2102 4426 multa
2141 4373 2374 4440 primum
2407 4372 2776 4440 disputatione
2811 4371 2938 4424 hinc
2965 4381 3021 4424 et
3055 4372 3180 4426 inde
3223 4373 3498 4436 instituta,

234 4457 430 4516 τάσεις
484 4455 821 4523 ὑπεδέχετο*
858 4457 914 4507 ἐν
967 4455 1123 4524 μέρει
1182 4473 1238 4508 τε
1285 4457 1825 4525 ἀντιλαμϐανόμενος

1934 4465 2207 4535 patienter
2244 4462 2539 4515 admodum
2591 4463 2774 4514 omnia
2829 4462 3036 4514 audivit
3096 4463 3411 4530 imperator,
3448 4478 3501 4518 et

235 4549 349 4599 τῶν
401 4545 538 4614 παρ’
593 4546 858 4614 ἐκατέρου
914 4547 1196 4615 τάγματος
1251 4546 1585 4615 λεγομένων,
1646 4548 1825 4618 ἡρέμα

1932 4559 2140 4611 intenta
2173 4555 2454 4625 diligentia
2498 4555 2803 4624 propositas
2835 4556 3166 4623 qua'stioncs
3193 4559 3449 4610 sustinuit
3485 4578 3495 4608 :

241 4641 451 4708 συνῆγε
507 4639 635 4703 τοὺς
687 4639 1008 4707 φιλονείκως
1045 4639 1437 4708 ἐνισταμένους
1463 4656 1477 4668 ·
1514 4641 1732 4708 πραέως
1773 4657 1825 4691 τε

1930 4649 2266 4718 seorsimque
2320 4648 2520 4700 deinde
2558 4663 2680 4716 quze
2730 4648 2797 4701 ab
2850 4659 3083 4717 utraque
3124 4648 3504 4702 aﬂ‘erebantur

1931 4751 2081 4810 parte
2109 4740 2412 4809 excipiens,
2448 4740 2714 4807 paulatim
2765 4751 2862 4792 eos
2894 4740 2990 4808 qui
3026 4741 3219 4792 ardore
3269 4752 3503 4793 conten-

1933 4829 2096 4883 tionis
2151 4829 2332 4881 τιοιίιιε
2402 4828 2760 4893 ferebantur,
2810 4830 3140 4892 conciliavit,
3191 4839 3246 4882 et
3283 4832 3496 4897 placide

1930 4938 2054 4974 eum
2120 4935 2452 4989 unoqquue
2511 4936 2718 4987 agens,
2784 4932 2946 4988 atque
3000 4921 3188 4975 Graeco
3242 4939 3496 4978 sermone

1932 5025 2112 5073 utens,
2145 5012 2290 5081 qunti
2325 5023 2378 5065 et
2414 5012 2574 5082 hujus
2605 5013 2891 5080 imperitus
2930 5029 3035 5065 non
3077 5023 3242 5077 esset,
3270 5029 3493 5067 suavem

1514 4641 1732 4708 πραέως
1773 4657 1830 4691 τε

238 4733 580 4798 ποιούμενος
609 4733 708 4794 τάς
746 4731 883 4800 πρὸς
913 4731 1146 4783 ἕκαστον
1175 4731 1413 4799 ὁμιλίας,
1446 4732 1735 4801 ἑλληνίζων
1769 4749 1828 4784 τε

239 4828 303 4891 τῇ
341 4826 524 4892 φωνῇ.
554 4824 636 4874 ὅτι
665 4822 800 4893 μηδὲ
833 4821 1039 4889 ταύτης
1075 4822 1305 4891 ἀμαθῶς
1335 4818 1471 4891 εἶχε,
1500 4823 1832 4889 γλυκύτερός

240 4933 322 4975 τις
361 4913 426 4983 ἦν
462 4915 557 4965 καὶ
601 4915 754 4982 ἡδὺς,
793 4912 920 4975 τοὺς
962 4915 1062 4982 μὲν
1109 4914 1447 4982 συμπείθων,
1477 4917 1603 4975 τοὺς
1649 4915 1704 4966 δέ
1735 4917 1830 4966 καὶ

244 5007 474 5059 σιωπῶν
511 5005 588 5074 τῷ
611 5005 774 5074 λόγῳ,
809 5004 938 5067 τοὺς
965 5005 1009 5057 δ’
1032 5001 1091 5058 εὖ
1119 5005 1378 5073 λέγοντας
1405 5006 1665 5070 ἐπαινῶν,
1700 5007 1834 5058 πάν-

241 5117 343 5160 τας
382 5114 446 5150 τε
479 5100 557 5160 είς
595 5097 851 5166 ὁμόνοιαν
905 5097 1167 5161 ἐλαύνων,
1203 5097 1594 5168 ὁμογνώμονάς
1631 5115 1689 5149 τε
1734 5101 1829 5150 καὶ

243 5193 538 5263 ὁμοδόξους
573 5192 770 5252 αὐτοὺς
798 5191 892 5242 ἐπὶ
918 5193 1028 5252 τοῖς
1059 5191 1600 5260 ἀμφισϐητουμένοις
1627 5191 1828 5243 ἆπασιν

245 5285 548 5337 επιτοαυτδ
577 5285 955 5350 κατεστήσατο
985 5297 998 5310 ⁸
1040 5286 1113 5346 ὡς
1152 5285 1445 5352 ὁμοφώνως
1480 5287 1578 5353 μὲν
1623 5286 1830 5354 κρατῆ-

248 5394 335 5427 σαι
379 5377 483 5443 τὴν
517 5379 723 5438 πίστιν,
769 5375 870 5444 τῆς
899 5375 955 5427 δέ
1006 5378 1274 5446 σωτηρίου
1308 5378 1498 5446 ἑορτῆς
1541 5377 1630 5428 τὸν
1667 5377 1827 5428 αὐτον

248 5469 400 5537 ταρὰ
454 5470 566 5529 τοῖς
603 5470 771 5520 πᾶσιν
825 5468 1227 5538 ὁμολογηθῆναι
1276 5471 1488 5537 καιρόν.
1534 5469 1829 5538 Ἐκυρούτό

244 5580 299 5614 τε
343 5563 448 5633 ήδη
489 5565 588 5616 καὶ
638 5562 934 5631 ἐγγράφως
963 5560 1031 5612 δι’
1080 5561 1540 5630 ὑποσημειώσεως
1595 5563 1824 5614 ἑκάστου

244 5674 309 5706 τα
340 5657 496 5723 κοινῇ
541 5653 868 5722 δεδογμένα.
899 5674 915 5706 ι

1929 5113 1983 5156 et
2012 5102 2308 5171 iucundum
2344 5118 2402 5156 se
2448 5103 2717 5156 exhibuit.
2755 5103 2822 5157 Et
2874 5103 2958 5156 his
2994 5103 3215 5172 quidem
3267 5119 3490 5172 persua-

1930 5195 2086 5255 dens,
2115 5195 2221 5248 illis
2256 5211 2383 5248 vcro
2427 5211 2682 5249 sermone
2711 5197 2989 5249 silentium
3039 5199 3324 5265 imponens
3348 5239 3360 5259 ,
3395 5215 3492 5252 nec

1931 5303 2038 5339 non
2097 5297 2242 5340 recta
2296 5288 2543 5342 dicentes
2583 5287 2830 5354 laudans,
2862 5289 3024 5359 563
3075 5306 3265 5343 omnes
3311 5301 3501 5345 autem

1930 5379 1994 5432 ad
2035 5379 2386 5431 concordiam
2419 5382 2685 5445 excitans,
2733 5383 2786 5434 in
2817 5385 3060 5435 eamdem
3090 5385 3403 5452 opinionem
3438 5397 3494 5436 ct

1932 5471 2264 5524 svntentiam
2310 5473 2375 5524 de
2435 5473 2690 5526 rebusin
2742 5478 3179 5530 controversiam
3237 5478 3500 5540 deductis

1930 5565 2185 5616 omnibus
2245 5580 2434 5616 omnes
2492 5566 2765 5632 perduxit,
2811 5568 2880 5620 ita
2935 5579 2989 5621 ut
3046 5571 3095 5622 in
3147 5571 3495 5638 profCSsione

1929 5659 2117 5710 eadem
2162 5659 2285 5710 “dt‘l
2339 5661 2740 5724 consentirent,
2775 5671 2830 5712 ct
2869 5664 3059 5714 eodem
3097 5673 3340 5730 tempore
3376 5681 3491 5714 oni--

245 5769 340 5807 nes
377 5767 438 5806 se
476 5751 827 5807 salutiferum
858 5753 1054 5808 festum
1128 5754 1503 5808 celebratnros
1578 5757 1983 5825 proﬁterentur.
2034 5757 2256 5811 lli-creta
2286 5774 2504 5827 quoque
2534 5762 2842 5811 cuttlutttnia
2893 5761 2944 5812 in
2982 5773 3244 5828 scttpltltn
3295 5762 3488 5825 relata,

244 5855 296 5900 et
323 5844 767 5916 uniuscujusque
797 5846 1202 5916 subscriptione
1231 5847 1502 5901 roborata.
1537 5869 1552 5898 ι
