4250 6450
301 452 375 517 73
1234 457 1836 521 ECCLESIAS’I‘lC:E
1877 452 2263 522 msTonI/e
2299 456 2437 525 LIB.
2476 452 2638 528 ι’ῐιῐ.
3479 455 3547 527 7t

303 567 541 640 μηδένα.
575 567 651 621 Οὐ
689 568 798 637 μὴν
844 568 900 622 δὲ
932 568 1073 623 ἀλλά
1113 570 1206 623 καὶ
1243 571 1346 635 τὰς
1386 572 1561 637 λέξεις
1590 572 1756 625 αὐτοῦ
1785 576 1884 643 τῆς
1918 585 1957 635 Λ

1863 593 1884 637 ς
1918 585 1957 635 Λ
1986 577 2107 646 ejus
2140 576 2487 632 atlhznrercnt
2533 578 2855 640 sementim,
2887 579 3385 635 cxcommuuicatos
3414 595 3541 635 ana~

298 664 575 731 αἱρέσεως
626 662 1037 731 άνεθεμάτισεο
1098 667 1193 718 καὶ
1240 667 1304 718 τὸ
1342 665 1550 735 βιϐλίον
1578 668 1635 720 δὲ
1668 670 1697 721 6
1734 669 1877 722 κατὰ

295 758 397 823 τῆς
446 753 735 819 εὐσεϐείας
772 757 1044 823 συντάξας
1088 759 1372 829 ἐπέγραψε
1412 758 1670 815 Θάλειαν
1695 777 1710 793 ο
1748 755 1812 816 οὔ
1850 767 1878 816 6

297 846 617 916 χαρακτὴρ,
640 846 715 908 ὡς
751 848 815 899 ἐκ
854 851 1077 918 γραφῆς
1106 852 1412 921 ἐπυθόμην,
1451 853 1660 923 ἀφελής
1698 871 1779 916 τις
1809 850 1879 924 ἦν

297 936 395 985 καὶ
439 935 844 1006 διαλελυμένης,
872 940 1069 1003 ἐοικὼς
1103 945 1211 1004 τοῖς
1245 943 1490 997 Σωτάδου
1519 946 1612 999 τοῦ
1651 946 1879 1018 ποιητοῦ

294 1026 528 1095 ᾄσματι·
565 1030 663 1082 καὶ
695 1032 745 1082 εί
779 1048 830 1082 τι
857 1032 913 1084 δέ
950 1032 1118 1085 αὐτοῦ
1175 1036 1264 1087 καὶ
1294 1036 1402 1088 τῶν
1430 1038 1752 1108 ὀμοφρόνων
1778 1041 1880 1094 αὐ-

295 1120 396 1171 τοῦ
428 1120 744 1190 εὐρεσκςιτο
779 1123 1151 1196 σύγγραμμα,
1180 1128 1431 1199 δαπάνην
1456 1128 1591 1201 πυρὶ
1625 1134 1880 1186 καταλεί-

298 1217 527 1278 πεσθαι,
558 1218 633 1280 ὡς
669 1220 800 1288 μήτι
828 1220 1012 1273 αὐτῶν
1049 1222 1355 1293 ὑπόμνημα
1381 1226 1477 1294 τῆς
1506 1227 1775 1295 αἱρέσεως
1799 1228 1879 1299 τῷ

296 1308 430 1376 ἑξῆς
467 1310 567 1379 βίῳ
594 1312 961 1382 ἐμφέρεσθαιο
1001 1314 1232 1369 θάνατον
1268 1316 1315 1369 δ’
1348 1312 1489 1371 εἶναι
1520 1318 1725 1389 ζημίαν
1760 1324 1875 1375 ἐνο-

296 1402 546 1469 μοθέτει,
576 1404 735 1466 εἴτις
781 1406 1069 1477 φωραθείη
1100 1426 1155 1461 τι
1189 1410 1600 1481 κατακρύπτων
1632 1414 1878 1478 ἐκείνων,

292 1489 393 1539 καὶ
442 1491 518 1559 μὴ
570 1490 767 1545 θᾶττον
823 1495 1163 1565 ἐμπίπρησι.
1226 1496 1434 1561 Πολλὰς
1489 1499 1537 1551 δ’
1588 1498 1878 1565 ἐπιστολὰς

291 1581 323 1631 6
362 1578 624 1648 βασιλεὺς
660 1586 805 1637 κατὰ
866 1587 1049 1650 πόλεις
1099 1588 1318 1660 ἔπεμπε
1370 1590 1514 1644 κατὰ
1561 1609 1622 1646 τε
1665 1593 1877 1662 Ἀρείου

293 1674 395 1725 καὶ
451 1675 565 1727 τῶν
607 1676 676 1729 τὰ
733 1677 824 1730 ἴσα
864 1678 1211 1749 φρονούντων
1270 1683 1485 1753 ἐκείνῳ.
1534 1684 1793 1741 Εὐσέϐιον
1825 1688 1883 1742 δὲ

296 1766 395 1815 καὶ
427 1765 661 1835 Θέογνιν
711 1769 821 1823 τῶν
886 1771 1037 1825 ἰδίων
1088 1775 1395 1841 ἐφυγάδευε
1445 1778 1675 1833 πόλεων.
1716 1780 1797 1851 Τῇ
1826 1781 1883 1835 δι

290 1860 641 1933 Νικομηδεία
673 1865 896 1933 ἔχεσθαι
942 1868 1046 1936 τῆς
1078 1870 1247 1939 ὀρθῆς
1290 1873 1525 1937 πίστεως
1560 1878 1882 1947 παρηγγύα,

1982 668 2208 721 themati
2237 668 2559 738 subjiceret,
2585 685 2649 724 ac
2679 685 2746 725 ne
2776 672 2898 740 quis
2935 687 3128 727 eorum
3163 673 3546 728 Alexandriam

1981 758 2193 828 ingredi
2222 759 2472 827 auderet,
2495 762 2752 818 sanciret.
2770 764 2945 819 Voces
2975 764 3146 820 etiam
3174 765 3399 819 heresis
3425 766 3549 836 ejus

1981 852 2484 917 anathematizavit,
2520 864 2575 908 et
2612 855 2812 909 librum
2838 872 3001 926 quem
3034 857 3123 911 ille
3152 866 3342 911 contra
3384 857 3554 923 pieta-

1981 950 2090 995 tem
2146 944 2509 1014 compositum
2553 946 2789 1002 Thaliam
2828 948 3215 1019 inscripserat,
3247 952 3403 1018 quasi
3456 952 3554 1004 llo-

1982 1032 2163 1087 ridum
2186 1045 2241 1090 et
2267 1036 2614 1106 viridantem,
2634 1043 2793 1110 cujus
2817 1043 2990 1114 stylus
3025 1052 3080 1097 et
3102 1043 3364 1110 elocutio,
3389 1043 3551 1097 sicuti

1980 1141 2047 1179 ex
2080 1128 2285 1197 scripto
2321 1133 2438 1199 ipso
2465 1134 2720 1201 cognovi,
2766 1136 2999 1204 simplex
3026 1146 3083 1193 et
3129 1137 3420 1203 dissoluta,
3453 1138 3553 1191 So-

1983 1220 2228 1289 tallisqne
2260 1231 2431 1289 poeta:
2472 1226 2763 1279 cantilenis
2811 1228 3111 1296 persimilis
3144 1228 3283 1292 fuit;
3317 1244 3381 1283 ac
3413 1244 3554 1299 prae-

1983 1317 2152 1372 terea,
2179 1312 2225 1365 si
2256 1314 2403 1381 quod
2434 1315 2581 1369 aliud
2604 1315 2725 1387 ejus
2754 1327 2848 1371 aut
2875 1328 3211 1373 sectatorum
3238 1322 3358 1391 ejus
3400 1321 3557 1374 inve-

1983 1402 2200 1457 niretur
2259 1406 2550 1475 scriptum,
2610 1418 2667 1463 ut
2702 1409 2754 1463 id
2804 1411 2912 1480 igni
2960 1411 3315 1467 mandaretur
3357 1411 3554 1466 edixit.

1984 1496 2125 1560 Quin
2177 1496 2355 1564 capite
2384 1514 2605 1568 quoque
2652 1500 3050 1557 Constantinus
3085 1504 3309 1571 sanxit,
3347 1506 3393 1559 si
3426 1506 3552 1574 quis

1982 1586 2282 1659 quidquam
2314 1603 2506 1644 eorum
2555 1606 2807 1662 pressum
2840 1595 3146 1651 occultasse
3169 1635 3185 1661 ,
3228 1611 3330 1651 nec
3369 1598 3553 1651 statim

1983 1680 2257 1737 exussisse
2287 1692 2604 1749 compertus
2639 1696 2809 1742 esset.
2839 1686 3035 1743 Multas
3056 1688 3282 1759 insuper
3298 1690 3557 1758 epistolas

1987 1780 2083 1836 per
2105 1770 2267 1823 urbes
2314 1770 2513 1839 passim
2543 1783 2734 1829 contra
2773 1775 2965 1832 Arium
2999 1786 3053 1833 et
3094 1781 3190 1850 qui
3220 1791 3383 1835 secta:
3435 1780 3556 1849 ejus

1986 1869 2166 1923 erant,
2197 1860 2363 1916 misit.
2388 1862 2685 1919 Eusebium
2705 1874 2761 1921 et
2790 1866 3164 1940 Theognidem
3196 1873 3420 1929 sedibus
3441 1876 3557 1928 suis

292 1951 366 2020 ἢν
392 1951 443 2002 οἱ
474 1957 785 2021 τριακόσιοι
807 1934 1155 2027 παρέδοσανο
1189 1934 1283 2015 καὶ
1312 1934 1889 2037 ἐπισκόπους-πρϐχειί
1923 1934 1963 1992 Β

1881 1998 1889 2009 ,
1923 1934 1963 1992 Β
1990 1949 2191 2019 exegit,
2224 1961 2279 2006 et
2304 1952 2751 2013 Nieomedienses
2782 1958 2850 2013 ad
2889 1934 3360 2031 coinplectendam
3390 1980 3418 2020 a
3451 1978 3559 2020 trc-

295 2045 481 2113 ρίζειν
512 2045 761 2117 ἐτέρους,
802 2049 943 2119 ὀρθὰ
966 2055 1190 2120 φρονεῖν
1226 2056 1542 2125 ᾑρημένους
1563 2070 1578 2087 ⁶
1621 2057 1805 2127 βυθοῖς
1828 2060 1885 2114 δὲ

293 2137 477 2207 λήθης
532 2140 797 2195 Εὐσεϐίου
855 2144 1203 2215 παραδοῦναι
1252 2145 1355 2219 τὴν
1402 2146 1785 2220 μνήμην.⁹οίς
1838 2151 1883 2206 δ’

295 2230 609 2298 ἐπιχειρεῖν
637 2234 858 2298 γένοιτο
880 2237 949 2290 τὰ
972 2237 1201 2292 ἐκείνων
1233 2240 1267 2311 ἢ
1303 2244 1530 2311 φρονεῖν
1555 2243 1587 2313 ἢ
1617 2245 1881 2309 ἐπαινεῖν,

294 2321 559 2386 κολάζειν
614 2327 821 2397 σφόδρα
873 2330 1116 2397 ἠπείλει.
1164 2328 1257 2395 Οἷς
1313 2333 1379 2405 δὴ
1432 2334 1729 2405 γράμμασι
1791 2340 1886 2391 καὶ

293 2411 474 2474 ἄλλως
538 2415 938 2486 ἁπηχθημένον
1010 2415 1155 2475 εῖναι
1214 2422 1410 2492 ἐδήλου
1466 2421 1767 2490 Εὐσέϐιον,
1806 2426 1883 2489 ὡς

292 2500 576 2571 πρότερον
632 2507 864 2577 Λικινίῳ
905 2509 1355 2578 συμφρονοῦντα.
1390 2512 1549 2567 Κατὰ
1599 2512 1665 2584 δὴ
1708 2516 1885 2568 ταῦτα

291 2593 366 2643 τὰ
393 2593 706 2662 γράμματα
735 2598 798 2649 οὐ
831 2597 993 2662 μόνον
1025 2598 1332 2670 ἠλάθησαν,
1361 2601 1497 2657 ἀλλὰ
1527 2605 1623 2657 καὶ
1662 2604 1883 2673 ἐτέρους

293 2686 457 2755 ἔσχον
490 2688 583 2740 ἐπὶ
631 2688 739 2741 τῶν
774 2692 995 2744 οἰκείων
1033 2692 1261 2764 θρόνων.
1306 2694 1451 2748 Ἀντὶ
1479 2696 1588 2766 γὰρ
1619 2696 1884 2752 Εὐσεϐίού

308 2776 567 2844 Ἀμφίων
606 2779 710 2849 τὴν
754 2780 1107 2850 Νικομήδους
1161 2785 1478 2855 ἐλάμϐανε,
1526 2787 1777 2859 Χρηστὸς
1822 2790 1879 2843 δὲ

292 2866 399 2934 τὴν
449 2867 688 2932 Νικαίας
714 2886 728 2902 ·
773 2873 870 2923 καὶ
913 2872 1083 2941 ἄμφω
1110 2874 1167 2928 δὲ
1202 2875 1313 2927 τῶν
1369 2876 1742 2931 εὐσεϐούντων
1775 2880 1881 2949 μά-

291 2956 459 3010 λιστα
485 2954 650 3028 ἦσαν.
680 2960 898 3015 Εἰδέναι
926 2964 985 3015 δὲ
1006 2964 1113 3033 χρὴ
1141 2965 1215 3027 ὡς
1240 2966 1505 3031 Εὐσέϐιος
1535 2971 1630 3024 καὶ
1659 2968 1884 3039 Θέογνις

293 3051 395 3131 καὶ
430 3052 481 3104 oi
537 3055 669 3123 περὶ
729 3054 931 3118 αὐτοὺς
986 3058 1253 3126 πρότερον
1286 3060 1388 3129 μὲν
1445 3063 1510 3131 τῇ
1547 3061 1751 3131 συνόδῳ
1788 3062 1882 3115 πί·

295 3127 476 3205 στεως
525 3142 883 3197 διδασκαλίαν
937 3147 1077 3200 ἰδίαν
1122 3127 1602 3220 ὑπαγορεύσαντες
1652 3127 1880 3218 ἕδοσαν,

1987 2044 2166 2096 centis
2195 2044 2467 2113 proditam
2503 2059 2709 2103 rectam
2744 2050 2905 2106 fidem
2928 2092 2943 2118 ,
2984 2054 3228 2125 aliosque
3266 2057 3558 2128 episcOpos

1987 2135 2081 2204 qui
2133 2147 2276 2193 recte
2335 2140 2607 2196 sentirent
2672 2145 2966 2216 legendos,
3014 2148 3424 2221 Euscbiumque
3479 2155 3557 2223 (Ι)

1988 2228 2252 2284 oblivioni
2294 2232 2709 2302 mandandum,
2769 2248 2853 2293 est
2910 2240 3185 2297 hortatus.
3239 2242 3403 2315 57o
3452 2245 3556 2312 Qui

1988 2336 2117 2375 vero
2157 2338 2281 2377 eum
2312 2325 2444 2380 Ario
2474 2329 2689 2383 sensuri
2720 2340 2816 2385 aut
2864 2333 3182 2401 opinionem
3214 2336 3334 2404 ejus
3364 2336 3557 2391 laudu-

1988 2415 2095 2469 turi
2161 2427 2366 2483 essent,
2407 2419 2461 2473 in
2488 2435 2585 2475 eos
2634 2436 2694 2477 se
2750 2426 2992 2494 graviter
3038 2428 3553 2485 animadversurum

1985 2522 2128 2572 esse,
2144 2520 2231 2564 est
2248 2512 2778 2580 mlnitatus.Quibus
2800 2517 2995 2573 litteris
3017 2521 3183 2575 etiam
3208 2523 3554 2591 significavit,

1985 2601 2147 2657 aliam
2176 2602 2247 2658 ob
2279 2620 2500 2661 causam
2548 2608 2786 2663 invisum
2824 2612 2929 2667 sibi
2975 2613 3277 2671 Eusebium
3305 2629 3450 2685 esse,
3498 2633 3558 2676 ut

1985 2694 2079 2764 qui
2108 2707 2270 2752 antea
2301 2698 2500 2755 Licinii
2536 2711 2719 2772 partes
2740 2715 2965 2763 secutus
2994 2709 3182 2765 fuerit.
3215 2711 3403 2783 Itaque
3445 2730 3553 2769 non

1986 2787 2162 2841 solum
2196 2790 2270 2844 illi
2298 2800 2428 2845 sunt
2449 2796 2743 2866 proscripti
2763 2838 2777 2862 ,
2798 2801 2893 2853 sed
2920 2801 3010 2855 alii
3036 2817 3254 2874 quoque
3288 2806 3341 2860 in
3360 2822 3555 2862 eorum

1984 2878 2164 2935 locum
2210 2882 2363 2939 lecti.
2418 2885 2525 2939 Pro
2584 2889 2819 2944 Eusebio
2869 2893 3016 2947 enim
3060 2896 3394 2954 Nicomediae
3424 2902 3558 2956 Ant-

1984 2971 2195 3041 phion,
2246 2989 2347 3045 pro
2396 2977 2717 3051 Theognide
2772 2995 2956 3041 autem
3024 2989 3232 3048 Nicaeae.
3266 2992 3554 3059 Chrestus,

1982 3063 2225 3135 episcopi
2258 3066 2410 3133 facti,
2440 3071 2603 3127 ambo
2625 3074 2945 3133 sincerioris
2980 3080 3199 3150 pietatis
3237 3101 3401 3155 quam
3433 3104 3551 3143 ma-

1984 3155 2129 3211 xime
2172 3158 2429 3215 studiosi.
2489 3161 2624 3218 Illud
2653 3169 2796 3224 scire
2854 3182 3094 3240 oportet,
3144 3175 3448 3235 Eusebium
3499 3193 3558 3238 et

292 3233 390 3304 ἢν,
420 3235 498 3297 ὡς
546 3235 804 3304 κίϐδηλον
855 3239 954 3291 καὶ
1004 3239 1263 3305 ἀσεϐείας
1308 3244 1536 3315 μεστὴν,
1567 3244 1880 3319 διέρρηξαν·
1913 3263 1958 3322 c

1878 3266 1880 3275 ν
1913 3263 1958 3322 c
1991 3244 2387 3319 Theognidem,
2417 3256 2622 3325 quique
2652 3233 2912 3328 praeterea
2946 3233 3204 3322 factionis
3246 3271 3366 3341 ejus
3395 3233 3556 3329 erant

294 3325 508 3379 πολλοῦ
541 3326 588 3380 δ’
618 3328 882 3382 ἐντεῦθεν
919 3332 1163 3401 ταράχου
1193 3335 1586 3402 ἀναχνθέντος.
1619 3340 1715 3392 καὶ
1755 3342 1886 3394 πάν-

289 3435 405 3473 των
459 3419 540 3489 τῷ
579 3420 838 3492 προδήλῳ
876 3422 978 3491 τῆς
1023 3425 1281 3487 ἀσεϐείας
1319 3426 1442 3481 κατ’
1477 3430 1659 3483 αὐτῶν
1703 3448 1886 3485 κινου-

308 3510 519 3579 μένων,
554 3512 625 3562 τε
681 3512 783 3581 μὲν
816 3513 1016 3583 πρῶτα
1071 3516 1292 3587 ’Λρειον
1352 3520 1449 3571 καὶ
1488 3519 1649 3573 αὐτὸν
1687 3521 1883 3575 ἀναθέ-

293 3610 429 3667 ρατι
488 3601 897 3670 καθυπὲϐαλον,
980 3606 1122 3676 πλὴν
1202 3607 1500 3663 Σεκούνδου
1577 3613 1672 3665 καὶ
1735 3613 1885 3667 Θεω-

293 3689 390 3740 νᾶ·
430 3689 755 3759 ὑπογράψαι
824 3690 1014 3761 μέντοι
1079 3695 1145 3763 τῇ
1208 3695 1379 3750 αὐτοῦ
1416 3697 1733 3769 καθαιρέσει
1784 3702 1884 3754 οὐκ

287 3779 719 3849 ἠϐουλήθησαν,
798 3785 1005 3852 καίπερ
1076 3787 1144 3856 τῇ
1225 3787 1324 3856 τῆς
1387 3789 1622 3853 πίστεως
1671 3791 1884 3845 ἐκθέσει

290 3873 867 3943 καθυπογράψαντες,
940 3875 1047 3929 κᾶν
1110 3876 1359 3943 ὑπούλως
1422 3879 1517 3932 κα)⁸
1585 3881 1685 3934 οὐκ
1748 3882 1884 3935 είλι-

288 3965 500 4033 κρινῶς
538 3968 680 4031 μετὰ
707 3967 809 4036 τὴν
855 3966 1069 4037 ἐξορῐαν
1102 3968 1509 4033 ἐπανελθόντες,
1559 3971 1633 4035 ὡς
1669 3975 1885 4044 προῖόν-

288 4071 386 4117 τες
434 4055 774 4126 δηλώσομεν.
822 4060 1181 4131 Μαρτυρήσει
1229 4062 1286 4115 δέ
1340 4064 1432 4117 καὶ
1477 4064 1616 4119 αὐτὰ
1654 4066 1719 4119 τὰ
1751 4068 1883 4137 παρ’

286 4146 476 4199 αὐτῶν
548 4149 897 4218 γεγενημένα
975 4152 1090 4214 τοῖς
1157 4153 1256 4220 τῆς
1331 4153 1613 4219 εὐσεϐείας
1682 4156 1882 4226 προϐό-

283 4239 440 4303 λοις,
477 4240 574 4289 καὶ
612 4240 713 4290 ὅσα
765 4241 899 4311 περὶ
936 4241 1144 4296 τούτων
1195 4244 1529 4299 κατέλιπον·
1586 4248 1621 4301 ἃ
1680 4248 1745 4319 δὴ
1785 4251 1881 4302 καὶ

284 4329 633 4399 ἐκθήσομαι.
663 4332 733 4384 'U
760 4348 824 4399 γε
856 4332 965 4403 μὴν
1002 4334 1265 4398 Εὐσέϐιος
1286 4336 1499 4408 ἔτερος,
1530 4339 1559 4391 6
1593 4341 1879 4410 Παμφίλου

283 4420 391 4488 τὴν
447 4421 850 4490 προσωνυμίαν
906 4425 1369 4495 κεκληρωμένος,
1426 4431 1493 4499 τῇ
1533 4430 1737 4500 συνόδῳ
1774 4448 1882 4487 πα-

284 4510 428 4577 ρὼν,
461 4509 826 4578 ἀμφιϐάλλων
888 4507 959 4583 ἦν
1010 4514 1106 4566 καὶ
1154 4515 1660 4589 διασκεπτόμενος,
1716 4525 1773 4578 ετ
1816 4542 1878 4593 γε

280 4601 408 4653 δέον
438 4601 519 4670 τῷ
562 4603 847 4657 ἐκτεθέντι
894 4606 1009 4674 ὅρῳ
1061 4610 1317 4676 στοιχεῖν·
1367 4612 1461 4663 καὶ
1510 4615 1709 4685 μικρὸν
1751 4619 1874 4670 ἐπι·
1913 4596 1956 4649 D

284 4692 439 4763 σχὼν
466 4733 483 4757 ,
520 4693 783 4764 συνῄνεσε
814 4712 895 4761 τε,
930 4697 1025 4750 καὶ⁵
1057 4701 1124 4769 τῇ
1156 4700 1308 4771 χειρὶ
1336 4703 1735 4775 ἐπεσφράγιζε·
1779 4712 1873 4765 καὶ

281 4790 350 4856 τῇ
394 4788 646 4857 σφετέρα
675 4789 944 4859 ἐκκλησίᾳ
976 4792 1288 4863 αἰτιωμένῃ
1322 4796 1416 4846 τὸν
1444 4795 1568 4865 ὅρον
1594 4798 1868 4870 ἔπεμπεν,

280 4880 344 4931 ἐν
387 4871 433 4945 ᾧ
475 4880 573 4931 καὶ
622 4879 721 4949 τὴν
766 4879 863 4933 τοῦ
908 4883 1201 4951 όμοουσίου
1240 4884 1389 4949 λέξιν
1435 4887 1735 4959 διασαφείο
1781 4894 1870 4948 ῐνα

284 4970 364 5037 μή
394 4985 508 5021 τινι
548 4969 620 5021 δι’
671 4972 933 5035 ὑπονοίας
969 4973 1222 5043 γένηται,
1261 4974 1359 5030 ἅτε
1396 4977 1461 5049 δὴ
1492 4980 1870 5052 ἐμϐραδύνας,

280 5061 361 5123 ὡς
414 5060 789 5132 ἀτημελήτως
828 5064 928 5117 καὶ
977 5064 1053 5128 ὡς
1115 5066 1277 5136 ἔτυχε
1330 5071 1402 5122 τὰ
1451 5070 1545 5122 τοῦ
1575 5072 1704 5142 ὅρου
1742 5076 1873 5129 ὐπέ-

1988 3341 2146 3404 alios,
2201 3342 2325 3400 fidei
2388 3362 2501 3404 sua:
2553 3351 2858 3409 doctrinam
2896 3356 2951 3412 in
2996 3361 3266 3431 scriptum
3325 3368 3554 3423 relatam

1987 3435 2219 3489 seorsim
2257 3441 2464 3509 synodo
2490 3443 2775 3513 obtulisse,
2818 3462 3051 3522 eamque
3085 3464 3146 3510 ut
3188 3456 3556 3518 adulterinant

1986 3532 2042 3580 et
2099 3526 2395 3597 impietatis
2438 3534 2656 3603 plenam
2701 3537 3031 3610 discerptam
3070 3532 3221 3605 Esse.
3279 3549 3453 3617 Quam
3485 3558 3558 3611 ob

1988 3634 2230 3687 causam,
2262 3625 2411 3693 quod
2448 3629 2640 3699 ingens
2672 3633 2832 3687 turba
2877 3637 3134 3707 excitata,
3167 3649 3334 3710 atque
3365 3659 3559 3700 omnes

1988 3724 2211 3782 propter
2244 3718 2588 3775 manifestam
2618 3723 2954 3793 impietatem
2994 3732 3260 3788 adversus
3288 3750 3381 3790 eos
3410 3752 3561 3791 com-

1990 3803 2125 3858 m-ati
2178 3817 2382 3872 essent,
2444 3808 2546 3878 ipsi
2605 3828 2848 3885 quoque,
2898 3828 3095 3885 przetcr
3145 3822 3461 3883 Secundum
3504 3840 3560 3884 et

1989 3894 2291 3963 Theonam,
2321 3899 2512 3988 Arium
2538 3905 2761 3973 quidem
2790 3909 3127 3966 anathemati
3150 3914 3227 3982 (εἰ)
3255 3918 3557 3988 subjicere.

1994 3983 2548 4064 exauctorationique
2582 3998 2732 4054 illius
2762 4001 3109 4060 subscribere
3136 4006 3400 4075 nolentes,
3435 4014 3557 4065 ll-lei

1988 4079 2314 4145 professioni
2354 4084 2842 4157 subscripserunt:
2880 4094 3029 4162 quod
3072 4105 3255 4151 tamen
3292 4099 3558 4154 simulau-

1990 4177 2072 4223 ter
2105 4180 2159 4224 et
2191 4173 2462 4228 lnsincere
2496 4176 2745 4234 fecerunt
2769 4222 2784 4249 ,
2824 4182 2893 4237 ab
2921 4186 3117 4240 exsilio
3151 4191 3381 4252 reversi,
3418 4192 3561 4246 sicut

1988 4270 2177 4329 postea
2206 4266 2582 4321 ostendemus.
2621 4269 3092 4333 Testifieabuntur
3135 4280 3186 4334 id
3216 4297 3438 4353 quoque
3470 4300 3561 4338 res

1986 4366 2180 4407 eorum
2220 4357 2479 4413 adversus
2521 4362 2745 4430 pietatis
2777 4365 3100 4424 defensores
3130 4383 3295 4439 aette,
3336 4386 3393 4431 et
3438 4394 3561 4447 qua:

1988 4444 2092 4515 ipsi
2120 4446 2188 4502 de
2224 4450 2388 4505 rebus
2431 4451 2517 4507 his
2566 4455 2908 4525 reliquerunt
2938 4464 3167 4532 scripta,
3202 4483 3322 4535 qua:
3370 4444 3557 4524 itidem

1989 4541 2309 4596 recensebo.
2378 4542 2648 4603 Eusebius
2712 4564 2847 4607 sane
2911 4553 3088 4619 alter,
3145 4558 3232 4612 cui
3289 4561 3557 4633 Pamphili

1983 4645 2287 4701 cognomen
2324 4635 2581 4702 inditum,
2608 4641 2781 4698 adfuit
2813 4655 2868 4700 et
2890 4646 3006 4714 ipse
3036 4652 3293 4719 concilio,
3331 4657 3561 4712 dubius-

1981 4737 2090 4791 que
2147 4725 2311 4780 etiam
2386 4738 2550 4800 atque
2597 4734 2765 4789 etiam
2816 4752 3002 4793 secum
3060 4744 3434 4803 consideravit
3487 4766 3559 4804 an

1980 4815 2334 4885 promulgata:
2386 4817 2511 4875 fidei
2565 4824 2894 4892 professioni
2943 4832 3200 4887 assentiri
3276 4835 3556 4895 deberet:

1975 4913 2139 4975 atque
2167 4908 2568 4979 aliquantulum
2609 4918 2931 4977 assensione
2986 4932 3197 4979 retenta
3223 4967 3236 4992 ,
3264 4944 3385 4985 eam
3440 4941 3560 4986 tun-

1975 5000 2099 5056 dem
2130 5005 2457 5073 approbavit
2486 5018 2541 5065 et
2583 5014 2988 5079 subscriptione
3029 5033 3125 5074 sua
3150 5026 3499 5083 confirmavit
3527 5048 3540 5083 :

1975 5085 2236 5147 Ecclesiae
2299 5112 2518 5168 quoque
2566 5116 2676 5155 sua:
2725 5108 2992 5173 querenti
3049 5111 3445 5179 professionem
3489 5132 3549 5177 et

1977 5178 2351 5239 definitionem
2388 5204 2507 5243 eam
2542 5191 2712 5257 misit,
2741 5196 2795 5248 in
2832 5212 2937 5265 qua
2976 5214 3163 5255 vocem
3207 5220 3426 5276 quoque
3453 5212 3551 5264 τοῦ

283 5251 592 5320 όμοουσίου
622 5251 890 5322 declarat,
914 5270 983 5310 ne
1015 5256 1419 5327 cuisuspectus
1478 5261 1633 5319 fieret
1696 5273 1952 5338 tanquam
1995 5276 2207 5334 tardius
2267 5290 2365 5337 aut
2411 5285 2733 5355 neglectim,
2782 5251 2927 5347 nulla
2970 5251 3416 5368 adlttbitalcuia,
3473 5303 3553 5359 illi

283 5345 708 5368 ---μμεηεημ

279 5345 734 5416 subscripsissct.

354 5515 435 5585 (l)
496 5514 773 5571 Eusebius
828 5515 1267 5575 Nicomediensis
1326 5522 1393 5577 ad
1451 5522 1871 5585 Constantinum

276 5586 709 5665 imperatorem,
742 5602 910 5665 manu
957 5600 1168 5645 vestem
1216 5605 1374 5646 suam
1426 5609 1590 5665 quam
1625 5602 1875 5665 gestabat

275 5656 694 5726 demonstrans,
721 5656 910 5712 dicere
960 5668 1048 5712 est
1099 5675 1270 5716 ausus
1320 5680 1335 5716 :
1395 5682 1412 5713 ι
1442 5656 1700 5720 Ἐιιειηῖεἰ
1758 5670 1873 5726 haec

277 5740 368 5779 Ine
397 5725 734 5804 inspiciente
763 5738 923 5805 rupta
951 5730 1251 5805 dividatur,
1281 5747 1389 5785 non
1418 5743 1595 5805 tamen
1622 5725 1868 5805 ejusdem

278 5794 613 5871 substantiae
652 5812 775 5871 esse
826 5794 1059 5871 dixerim
1114 5794 1462 5871 utrumque:
1496 5803 1556 5855 Ei
1605 5794 1765 5861 τόὖτο
1812 5811 1873 5863 τὸ

286 5866 510 5933 ἱμάτιον
542 5866 683 5935 ἐμοῦ
712 5869 991 5936 θεωμένου
1022 5866 1349 5938 διαιρεθείη,
1389 5870 1576 5926 οὔποτ’
1606 5876 1672 5929 ἂν
1703 5882 1871 5949 φαίην

611 5962 891 6022 Ριτιιυι.
936 5963 1053 6023 Gn.
1108 5962 1347 6024 CXLVI

1975 5537 2083 5628 τῆς
2122 5539 2293 5628 αὐτῆς
2326 5542 2517 5628 οὐσίας
2549 5547 2829 5618 ἑκάτερον.
2868 5551 3034 5628 [Qua
3064 5552 3403 5628 blasphemia
3438 5576 3563 5628 per-

1977 5618 2177 5691 motus.
2198 5611 2614 5695 Constantinus,
2651 5611 3050 5697 eo'Aproclivius
3107 5626 3161 5679 in
3186 5611 3563 5697 'prosertpiio-

1976 5680 2583 5765 ne‘n‘t‘ej’usnconsensit.
2609 5705 2647 5765 ‘D
2687 5680 2931 5765 (Simoni.
2968 5692 3063 5765 lib.
3095 5710 3155 5759 ιι,
3188 5680 3313 5765 ἐξιῇ.
3348 5680 3460 5765 ἐϋ.

1973 5818 2007 5871 d
2160 5752 2520 5831 ξίαθαιρέςει,
2567 5750 2921 5829 abrdgalioui,
2968 5750 3317 5834 abdicdliorii,
3356 5750 3563 5839 ﬁdesne

2010 5838 2038 5870 ιι
2072 5836 2197 5871 tom.

2010 5836 2173 5873 ιιιιοηι
2185 5861 2197 5874 .

3093 5999 3128 6058 3
