4250 6450
309 414 374 484 81
1239 426 1837 488 ΕΟΟιΕΞΙΛΞΤΙίῚιΕ
1878 427 2268 489 HISTORIA!
2307 429 2449 490 LIB.
2489 430 2651 494 Vill.
3511 428 3587 491 82

310 532 456 586 eius:
492 534 583 587 τὸν
619 534 768 588 Υίόν·
806 536 893 589 ἵνα
938 539 1005 591 τά
1035 538 1136 609 μὲν
1174 542 1456 612 κτίσματα
1487 543 1575 597 διά
1600 544 1661 596 τὸ
1693 543 1769 615 μὴ
1801 543 1895 613 ἀφ’

2023 555 2334 600 iseruntzut
2355 556 2618 601 creaturae
2640 545 2881 618 quidem,
2912 545 3054 615 quod
3083 560 3110 599 a
3144 545 3338 615 seipsis
3372 544 3580 613 absque

311 626 530 680 ἑαυτῶν
576 629 747 697 χωρὶς
799 630 982 685 αίτίου
1033 629 1202 697 εἶναι.
1248 635 1369 689 ἀλλ’
1400 637 1578 707 ἀρχὴν
1610 638 1758 707 ἐχειν
1792 637 1891 691 τοῦ

311 720 589 787 γὶνεσθαι,
624 722 854 792 λέγηται
908 726 972 776 ἐκ
1027 724 1124 778 τοῦ
1183 725 1394 790 Θεοῦ,ὀ
1447 730 1504 782 δὲ
1544 728 1670 791 Υίδς
1708 729 1889 799 μόνος,

310 815 526 880 ἀΐδιος,
565 818 628 867 ἐκ
697 820 797 885 τῆς
858 818 956 870 τοῦ
1028 819 1244 889 Πατρδς
1286 820 1499 883 οὐσίας.
1546 821 1720 876 Τοῦτο
1782 822 1894 894 γὰρ

311 909 443 962 ἴδιον
477 911 809 980 μονογενοῦς
860 912 958 965 καὶ
1002 913 1261 984 ἀληθινοῦ
1309 915 1486 982 Λόγου
1522 916 1757 987 Πατρός.
1784 917 1894 970 Καὶ

306 1002 440 1070 περὶ
494 1004 597 1072 μὲν
650 1004 749 1057 τοῦ
806 1006 1122 1075 γεγράφθαι
1180 1008 1245 1060 ἐκ
1284 1007 1383 1076 τῆς
1425 1009 1621 1071 οὑσίας
1678 1009 1896 1079 πρόφαο

311 1114 397 1159 σις
438 1092 507 1167 ἦν
539 1097 702 1168 αὕτηο
737 1099 901 1153 πάλιν
940 1100 998 1153 δὲ
1049 1101 1163 1155 τῶν
1216 1102 1535 1156 ὶπισκόπων
1561 1101 1895 1171 ἐρωτώντων

310 1187 436 1247 τοὺς
480 1186 779 1251 δοκοῦντας
835 1188 1080 1255 ὀλίγους,
1134 1192 1183 1243 εί
1241 1191 1453 1259 λέγοιεν
1495 1190 1588 1247 τδν
1650 1191 1778 1245 Υἰὸν
1831 1194 1893 1244 οὑ

310 1280 545 1347 κτίσμα,
594 1280 731 1332 ἀλλά
776 1280 1048 1349 δύναμιν,
1101 1282 1297 1350 σοφίαν
1339 1299 1399 1336 τε
1443 1285 1614 1354 μόνην
1643 1283 1743 1337 τοῦ
1780 1284 1895 1335 Ha.-

310 1369 460 1436 τρός·
506 1371 605 1422 καὶ
656 1370 842 1423 είκὸνα
874 1371 1048 1425 ἀΐδιον
1076 1372 1503 1443 ἀπαράλλακτον
1541 1372 1685 1427 κατά
1720 1373 1897 1427 πάντα

309 1461 405 1514 τοῦ
446 1463 687 1531 ιΙατρδς,
730 1466 827 1519 καὶ
876 1465 1015 1517 Θεὸν
1056 1467 1334 1537 ἀληθινὸν,
1370 1467 1798 1538 κατελήφθησαν
1846 1469 1895 1520 oi

310 1556 443 1623 περὶ
487 1555 755 1609 Εὑσὲδιον
786 1557 1133 1623 διανεύοντες
1168 1559 1451 1630 ἀλλήλοις,
1494 1562 1574 1614 δτι
1603 1560 1896 1615 καὶταῦτα

310 1647 511 1713 φθάνει
545 1648 644 1699 καὶ
676 1647 757 1709 είς
783 1649 955 1718 ἡμᾶς’
990 1651 1080 1701 καὶ
1117 1650 1227 1721 γάρ
1278 1650 1375 1704 καὶ
1415 1652 1580 1722 ἡμεῖς
1606 1650 1773 1705 είκὼν
1804 1653 1896 1705 καὶ

307 1737 442 1800 δίξά
466 1737 564 1791 τοῦ
595 1737 734 1792 Θεοῦ
786 1739 1061 1810 λεγόμεοσ.
1089 1756 1103 1770 ’
1136 1743 1233 1795 καὶ
1266 1744 1396 1811 περὶ
1444 1743 1604 1814 ἡμῶν
1652 1744 1895 1814 εἴρηται,

310 1834 412 1885 As!
470 1834 583 1904 γάρ
620 1836 785 1904 ἡμεῖς
846 1837 896 1889 oi
953 1836 1183 1902 ζῶντες,
1238 1838 1358 1903 καὶ,
1392 1840 1665 1909 Δυνάμεις
1707 1840 1898 1893 πολλαί

1998 642 2221 690 auctore
2254 637 2614 692 substantiam
2648 652 2756 692 non
2802 638 3020 708 capiant
3049 676 3064 701 ,
3116 636 3210 692 sed
3242 637 3577 708 principium

1999 726 2295 781 creationis
2346 743 2459 783 sua:
2503 744 2570 783 cx
2622 729 2730 784 Deo
2767 728 3037 791 habeant',
3070 728 3152 783 sic
3179 743 3246 782 ex
3296 728 3407 783 Deo
3456 742 3581 783 esse

2000 822 2396 891 perhibeantur
2422 840 2434 877 :
2469 822 2640 877 Filius
2668 832 2851 878 autem
2884 823 3034 878 solus
3062 832 3321 886 :eternus,
3350 836 3414 876 ex
3454 822 3583 876 sub-

2000 916 2197 971 stantia
2228 916 2401 972 Patris
2425 933 2544 971 esse
2576 917 2807 973 dicatur.
2843 918 2955 975 lloc
2981 918 3183 973 etenim
3216 916 3491 986 peculiare
3531 925 3584 969 et

2002 1008 2280 1077 preprium
2316 1008 2581 1079 unigeniti
2630 1020 2685 1065 et
2732 1009 2846 1064 veri
2880 1007 3039 1064 Verbi
3094 1007 3294 1061 Patris.
3345 1006 3419 1061 Ac
3449 1006 3585 1059 seri-

2003 1098 2206 1165 ptiunis
2237 1099 2454 1169 quidem
2486 1104 2606 1167 ejus
2634 1116 2757 1170 quae
2805 1108 2921 1164 est,
2950 1115 3015 1153 ex
3042 1098 3351 1153 substantia
3381 1097 3578 1159 Patris,

2004 1191 2216 1245 occasio
2248 1201 2306 1246 et
2344 1208 2505 1248 causa
2552 1193 2665 1248 hace
2699 1192 2823 1249 fuit.
2874 1192 3163 1262 Episcopis
3198 1206 3361 1260 ponro
3393 1204 3584 1242 rursus

2004 1298 2228 1353 paucos,
2261 1295 2321 1339 ut
2366 1294 2476 1338 tum
2524 1285 2874 1349 videbantur,
2928 1285 3049 1340 illos
3085 1282 3581 1352 interrogantibus.

2002 1391 2071 1431 an
2114 1376 2309 1431 Filium
2351 1378 2597 1433 dicerent
2642 1394 2750 1432 non
2799 1388 3146 1441 creaturam,
3184 1379 3279 1431 sed
3325 1377 3583 1431 virtutem

2002 1470 2435 1539 sapientiamque
2460 1470 2629 1525 solam
2666 1469 2863 1530 Patris.
2904 1469 3064 1539 575
3093 1478 3255 1538 atque
3288 1468 3581 1538 imaginem

2005 1562 2411 1630 sempiternam,
2444 1578 2551 1615 non
2576 1562 2900 1627 variantem,
2922 1570 2978 1616 et
3001 1561 3235 1616 similem
3272 1576 3371 1629 per
3398 1560 3583 1613 omnia

2006 1652 2151 1708 Patri
2186 1664 2237 1707 et
2266 1654 2376 1708 Deo
2408 1668 2560 1714 vero,
2611 1652 2940 1723 deprehensi
2981 1661 3110 1707 sunt
3140 1651 3440 1706 Eusebiaui
3463 1652 3583 1717 ;sihi

2006 1744 2239 1799 invicem
2269 1746 2496 1800 iunuere
2527 1755 2689 1815 atque
2722 1746 2926 1810 dicere,
2960 1746 3073 1799 haec
3124 1745 3181 1800 in
3224 1760 3325 1798 nos
3367 1759 3585 1813 quoque

2005 1837 2224 1901 cadere,
2252 1838 2398 1907 quod
2448 1847 2501 1891 ct
2533 1853 2635 1892 nos
2677 1838 2854 1907 imago
2879 1847 2929 1892 et
2973 1836 3141 1907 gloria
3184 1836 3275 1890 Dei
3314 1836 3583 1890 dicamur.

310 1929 446 1979 εἱσι·
487 1929 607 1990 καὶ,
654 1927 884 1997 Ἐξῆλθε
922 1931 1073 1981 πᾶσα
1122 1931 1154 1999 ἡ
1214 1931 1448 2000 δύναμις
1498 1932 1594 1984 τοῦ
1640 1932 1778 1985 Θεοῦ
1834 1934 1900 1985 ὲκ

2023 1932 2077 1984 lc
2105 1929 2171 1983 de
2202 1930 2511 1984 nobisillud
2544 1929 2748 1983 dictum
2779 1944 2921 1991 esse,
2961 1928 3194 1996 Semper
3227 1929 3375 1982 enim
3410 1942 3510 1982 nos
3534 1936 3587 1981 et

310 2020 412 2085 τῆς
457 2017 767 2085 Αἰγύπτου.
814 2018 881 2072 Ἦ
924 2018 981 2073 δὲ
1017 2019 1219 2089 κάμπη
1261 2023 1421 2090 καὶὴ
1476 2023 1639 2090 ἀκρίς
1687 2021 1901 2089 λέγεται

309 2109 549 2179 δύναμις
587 2112 841 2181 μεγά)η’
881 2113 999 2177 καὶ,
1044 2112 1253 2179 Κύριος
1303 2113 1411 2165 τῶν
1437 2113 1720 2182 δυνάμεων
1759 2113 1906 2166 ἀντι-

309 2203 549 2272 λοήπτωρ
586 2204 749 2272 ἡμῶν
792 2206 821 2256 ό
870 2204 1004 2267 Θεὸς
1054 2204 1276 2259 Ἰακώϐ.
1308 2206 1471 2259 Ἀλλά
1501 2206 1598 2260 καὶ
1636 2206 1699 2258 τὸ
1736 2206 1902 2270 ίδίους

310 2297 466 2365 ἡμᾶς
498 2292 647 2350 εἶναι
686 2296 783 2351 τοῦ
836 2296 974 2350 Θεοῦ
1021 2297 1222 2367 ἔχομεν
1268 2300 1368 2369 οὑχ
1419 2300 1627 2364 ἁπλῶς⁶
1670 2299 1786 2353 ἀλλ’
1819 2302 1902 2353 ὅτι

310 2394 410 2443 καὶ
446 2391 722 2459 ἀδελφοὺς
756 2394 905 2462 ἡμᾶς
937 2392 1221 2446 ἐκάλεσεν.
1255 2393 1314 2447 El
1340 2393 1395 2446 δὲ
1428 2395 1523 2448 καί
1553 2394 1685 2447 Θεὸν
1709 2393 1901 2462 ἀληθι-

310 2486 406 2537 νῦν
440 2484 667 2553 λέγουσι
696 2486 792 2538 τὸν
820 2486 970 2549 Υίδν,
994 2486 1057 2539 οὑ
1085 2487 1249 2539 λυπεῖ
1276 2488 1443 2557 ἡμᾶς’
1480 2487 1770 2556 γενόμενος
1793 2487 1903 2556 γὰρ

311 2577 572 2648 ἀληθινός
603 2581 775 2632 ἐστιν.
829 2578 981 2648 Λῦτη
1013 2581 1046 2648 ἡ
1086 2579 1195 2632 τῶν
1226 2580 1536 2651 ’Ᾱρειανῶν
1580 2579 1900 2650 ὲφοαρμὲνη

307 2670 543 2723 διάνοια.
607 2671 773 2723 ’Λλλά
821 2673 913 2724 καὶ
956 2670 1193 2723 ἐνταῦθα
1237 2673 1288 2724 οἱ
1335 2673 1628 2725 ἐπίσκοποι
1688 2672 1903 2739 θεωρή-

312 2778 513 2824 ante;
554 2764 733 2816 ἐκεῖνο
789 2766 850 2816 τὸ
896 2763 1099 2827 δόλιον,
1137 2764 1450 2831 συνήγαγον
1508 2766 1570 2815 ἐκ
1627 2764 1735 2814 τῶν
1764 2764 1905 2833 Γρα-

312 2850 435 2916 φῶν
476 2851 534 2902 τὸ
568 2850 936 2921 ἀπαύγασμα,
975 2853 1074 2921 τήν
1121 2868 1183 2904 τε
1233 2854 1420 2921 πηγὴν
1444 2891 1459 2916 ,
1490 2854 1586 2904 καὶ
1632 2854 1899 2921 ποταμὸν,

309 2946 411 2996 καὶ
442 2943 775 3013 χαρακτῆρα
829 2945 967 3013 πρὸς
1016 2947 1117 3014 τὴν
1165 2943 1501 2997 ὑπόστασιν*
1552 2946 1644 2996 καὶ
1678 2945 1761 3010 τὸ,
1803 2945 1904 2998 Ἐν

308 3035 397 3100 τῷ
422 3039 571 3104 φωτί
600 3053 720 3090 σου
747 3037 1020 3105 ὀψόμεθα
1077 3036 1203 3107 φῶς
1230 3054 1245 3070 ο
1280 3038 1373 3091 καὶ
1404 3039 1462 3090 τι
1488 3080 1503 3103 ,
1549 3037 1699 3107 Ἐγὼ
1736 3038 1833 3092 καὶ
1868 3040 1903 3092 δ

309 3130 523 3199 Πατὴρ
549 3131 619 3184 ἓν
649 3132 878 3200 ἐσμεν’
914 3134 1012 3185 καὶ
1065 3132 1399 3203 λευκότερον
1433 3133 1622 3185 λοιπον
1651 3135 1746 3185 καὶ
1780 3150 1905 3185 συν-

311 3224 505 3291 τόμως
560 3218 812 3292 ἔγραψαν
866 3222 1161 3293 ὁζιοοὺσιον
1214 3224 1294 3294 τῷ
1344 3225 1538 3293 Πατρί.
1583 3226 1691 3278 Kal.
1748 3224 1974 3309 τοῦτορ

312 3317 622 3384 ἐγίνωσκεν
686 3315 949 3377 Εὐσέϐιος
1004 3316 1032 3368 ὁ
1098 3316 1396 3386 γενόμενος
1456 3318 1755 3379 ἐπίσκοπος
1807 3321 1903 3385 τῖς

312 3409 686 3477 Καισαρείις,
721 3408 804 3460 ὅτι
840 3407 1086 3477 ἀγραφοί
1138 3408 1289 3461 είσινη
1314 3409 1372 3462 αί
1413 3408 1612 3474 λέξεις.
1651 3408 1905 3477 Ἔλεγχε.

310 3500 498 3553 ταιδέ
538 3501 668 3569 παρ’
726 3501 909 3554 αὐτῶν
950 3503 1216 3571 ματαίωςο
1249 3501 1307 3562 ἐξ
1344 3500 1611 3571 ἀγράφων
1652 3503 1760 3570 γὰρ
1806 3501 1907 3552 κά-

312 3596 491 3647 κεῖνοι
545 3594 875 3657 ἀσεϐοῦντες
928 3589 1094 3662 ἦσαν.
1135 3594 1401 3663 Ἀγραφα
1454 3593 1510 3645 δὲ
1558 3595 1655 3655 τὸ,
1690 3593 1781 3656 Ἐξ
1806 3593 1906 3646 οὐκ

313 3685 515 3738 δντωνο
555 3684 653 3737 καὶ
707 3685 804 3748 τὸ,
841 3680 951 3737 Ἦν
989 3684 1120 3739 ποτὲ
1172 3685 1261 3737 ὅτε
1315 3684 1419 3738 οὑκ
1470 3681 1562 3755 ἦν,
1599 3684 1901 3737 αἰτιῶνται·

323 3779 419 3832 διὰ
452 3778 615 3831 τοῦτο
674 3778 732 3844 ἐξ
786 3779 1053 3848 ἀγράφων
1113 3776 1231 3846 μετ’
1257 3777 1541 3840 εὐσεϐείας
1600 3792 1909 3845 νοουμενων

315 3870 526 3935 λέξεων
577 3869 1014 3938 κατεκρίοησαν.
1055 3869 1219 3922 Αὑτοὶ
1283 3869 1384 3937 μὲν
1447 3868 1555 3940 γὰρ
1594 3869 1666 3932 ὡς
1721 3869 1784 3920 ἐκ
1818 3885 1912 3921 κο-

314 3962 493 4030 πρίας
551 3961 807 4028 εὑρόντες
871 3960 1144 4029 ἐλάλησαν
1191 3957 1411 4029 ἀληθῶς
1462 3960 1572 4012 ἀπὸ
1603 3959 1728 4029 γῆς·
1762 3960 1812 4012 oi
1852 3956 1911 4010 δέ

315 4054 619 4108 ἐπίσκοποι
666 4055 766 4124 οὑχ
809 4054 1027 4115 ἑαυτοῖς
1056 4052 1309 4123 εὑρόντες
1338 4054 1437 4115 τὰς
1467 4052 1664 4118 λέξεις,
1697 4053 1815 4106 ἀλλ’
1845 4054 1911 4105 ἐκ

314 4147 434 4200 τῶν
482 4146 748 4216 Πατέρων
781 4147 999 4216 ἔχοντες
1030 4145 1131 4214 τὴν
1166 4147 1501 4216 μαρτυρίαν,
1537 4143 1708 4205 οὕτως
1743 4142 1911 4212 ἔγρα-

314 4240 453 4309 ψαν.
498 4239 828 4293 Ἐπίσκοποι
868 4239 980 4309 γὰρ
1018 4240 1241 4306 ἀρχαῖοι
1282 4238 1389 4307 πρὸ
1421 4236 1557 4289 ἐτῶν
1589 4236 1756 4304 ἐγγύς
1804 4253 1909 4289 που

318 4331 523 4384 ἐκστδν
550 4332 855 4401 τριάκοντα
905 4330 1006 4400 τῆς
1045 4347 1105 4383 τε
1145 4329 1389 4400 μεγάλης
1430 4327 1652 4398 Ῥώμης
1680 4329 1774 4382 καὶ
1812 4328 1912 4397 τῆς

318 4425 605 4495 ἡμετέρας
654 4426 865 4489 πόλεως
899 4425 1200 4495 ᾐτιάσαντο
1230 4425 1358 4485 τοὺς
1392 4424 1604 4492 ποίημα
1651 4423 1912 4490 λέγοντας

316 4513 412 4564 τον
438 4513 592 4575 Υίον,
627 4513 725 4566 καὶ
762 4514 836 4583 μὴ
880 4513 1170 4582 ὀμοούσιον
1214 4513 1293 4583 τῷ
1346 4514 1547 4582 Πατρί.
1592 4513 1704 4565 Καὶ
1751 4509 1911 4564 τοῦτο

2004 2022 2097 2093 qui
2129 2022 2362 2076 vivimus
2392 2040 2407 2088 ;
2438 2031 2514 2088 et,
2547 2020 2790 2077 Virtutes
2837 2023 3021 2076 multa:
3058 2033 3188 2076 sunt
3223 2039 3236 2076 :
3268 2031 3355 2086 et,
3406 2020 3587 2074 Exlvit

2003 2114 2182 2169 omnis
2210 2115 2381 2169 virtus
2419 2115 2512 2168 Dei
2569 2130 2631 2169 ex
2680 2113 2961 2185 Egypto;
3016 2123 3091 2180 et,
3155 2114 3391 2169 Erucam
3422 2122 3587 2182 atque

2005 2207 2267 2260 locustam
2296 2206 2402 2260 dici
2434 2207 2689 2262 virtutem
2726 2222 2974 2275 magnam
3020 2223 3036 2272 ;
3071 2214 3145 2269 et,
3179 2206 3446 2259 Dominus
3475 2206 3587 2258 vir—

2003 2308 2182 2354 tutum
2240 2299 2567 2363 nobiscum,
2607 2310 2896 2368 susceptor
2950 2307 3136 2354 noster
3198 2298 3342 2353 Deus
3392 2297 3585 2353 Iacob.

2005 2389 2113 2445 Sed
2138 2400 2193 2444 ct
2222 2390 2527 2460 peculiares
2546 2407 2646 2445 uos
2675 2391 2768 2445 Dei
2801 2405 2941 2453 esse,
2972 2406 3083 2444 non
3109 2390 3433 2459 simpliciter
3452 2389 3585 2453 dici,

2002 2496 2193 2534 verum
2227 2480 2421 2535 fratres
2454 2482 2617 2534 etiam
2644 2481 2851 2537 vocari.
2886 2480 3041 2547 Quod
3071 2482 3115 2536 si
3146 2497 3336 2535 verum
3365 2497 3587 2551 quoque

2004 2574 2174 2628 Deum
2212 2574 2405 2628 Filium
2434 2574 2640 2639 dicant,
2682 2575 2815 2629 nihil
2856 2592 2957 2629 nos
3004 2574 3055 2629 td
3093 2576 3377 2644 perturbat
3412 2593 3426 2633 :
3459 2592 3584 2629 eum

2003 2668 2149 2722 enim
2201 2667 2374 2722 lactus
2411 2668 2501 2730 sit,
2559 2682 2721 2721 verus
2765 2678 2867 2721 est.
2906 2665 3031 2721 llzec
3063 2683 3195 2722 sane
3235 2678 3316 2721 est
3351 2667 3587 2721 Ariano-

2005 2774 2123 2812 rum
2158 2775 2405 2828 perversa
2442 2761 2733 2814 sententia.
2764 2758 3110 2829 Quapropter
3132 2761 3371 2830 episcopi
3398 2760 3586 2824 etiam,

2004 2853 2129 2907 dolo
2173 2868 2237 2906 eo
2296 2862 2603 2922 perspecto,
2650 2868 2715 2906 ex
2752 2851 3053 2922 Scripturis
3099 2854 3469 2922 collegerunt,
3501 2870 3588 2906 re-

2004 2944 2517 3015 splendeseentiam,
2556 2945 2785 3005 fontem,
2819 2944 3069 3007 ﬂuvium,
3100 2960 3421 3015 expressam
3451 2944 3588 2999 ima-

2005 3038 2182 3108 ginem
2214 3039 2529 3092 substantiae
2566 3056 2577 3092 :
2615 3047 2690 3102 et,
2722 3036 2785 3091 In
2818 3037 3013 3092 lumine
3048 3046 3137 3091 tuo
3172 3038 3477 3093 videbimus.
3503 3042 3589 3091 lu-

2006 3146 2124 3184 men
2144 3132 2193 3185 ':
2225 3139 2299 3195 et,
2335 3128 2440 3200 Ego
2461 3145 2507 3183 et
2535 3130 2695 3184 Pater
2722 3146 2880 3184 unum
2909 3147 3108 3191 sumus,
3148 3129 3591 3198 luculentiusque

2006 3221 2265 3289 deinceps
2315 3232 2370 3275 tt
2423 3222 2869 3289 compendiosius
2928 3222 3295 3292 scripserunt,
3348 3222 3588 3276 consub-

2007 3315 2316 3370 stantialem
2371 3314 2542 3370 Patri.
2575 3315 2706 3381 Quae
2756 3314 2920 3368 verba
2963 3313 3261 3384 Scriptum
3307 3331 3414 3369 non
3445 3328 3591 3379 esse,

2011 3407 2278 3461 Eusebius
2311 3408 2663 3463 Cmsariensis
2713 3408 3007 3476 episcopus
3042 3408 3197 3460 novit
3232 3407 3312 3477 (ί)
3351 3424 3365 3461 :
3396 3405 3491 3461 sed
3521 3407 3589 3462 ab

2009 3500 2088 3554 eis
2119 3499 2287 3554 stulte
2312 3499 2812 3568 reprehenduntur.
2849 3499 3051 3553 Prmter
3072 3497 3411 3568 Scripturam
3440 3498 3589 3553 enim

2009 3592 2181 3661 etipsi
2209 3591 2505 3662 impietatis
2525 3602 2780 3646 auctores
2807 3591 3076 3660 erantl'l).
3105 3592 3325 3645 Minime
3353 3606 3591 3661 namque

2011 3684 2307 3755 Scriptura:
2358 3685 2525 3739 verba
2584 3692 2733 3749 sunt,
2763 3684 2838 3738 Ex
2892 3699 3000 3737 non
3030 3683 3424 3737 exsistentibus
3461 3693 3590 3748 ;et.

2011 3776 2137 3831 Fuit
2163 3776 2458 3845 aliquando
2491 3785 2728 3845 tempus,
2761 3790 2884 3829 cum
2936 3791 3045 3832 non
3097 3783 3257 3829 esset.
3298 3774 3486 3844 Itaque
3511 3774 3591 3830 illi

2011 3869 2195 3924 verbis
2244 3884 2354 3923 non
2404 3883 2472 3922 ex
2515 3866 2795 3936 Scriptura
2823 3866 3046 3937 quidem
3104 3868 3312 3937 petitis,
3354 3868 3449 3921 sed
3504 3866 3593 3942 pie

2013 3970 2194 4017 tamen
2232 3960 2491 4025 inventis,
2526 3959 2760 4015 convicti
2812 3969 3023 4014 suntet
3058 3959 3322 4014 damnati.
3358 3959 3459 4029 lpsi
3513 3960 3594 4014 si-

2013 4053 2235 4125 quidem
2268 4052 2435 4107 veluti
2482 4068 2513 4106 e
2559 4063 2803 4107 stercore
2848 4054 3024 4107 erutis
3072 4053 3319 4116 vocibus,
3353 4053 3513 4121 plane
3562 4068 3597 4107 e

2017 4155 2160 4200 terra
2207 4143 2375 4199 locuti
2428 4152 2577 4198 sunt.
2632 4143 2883 4213 Epise0pi
2932 4154 3114 4198 autem
3168 4160 3277 4198 non
3335 4145 3436 4214 ipsi
3488 4144 3595 4199 sibi

2012 4236 2180 4293 verba
2205 4236 2593 4306 contingentes,
2628 4236 2722 4289 sed
2755 4233 2983 4290 Patrum
3012 4236 3080 4292 de
3106 4236 3186 4290 eis
3219 4236 3593 4291 testimonium

2016 4331 2303 4393 habentes,
2349 4346 2411 4384 ea
2468 4330 2522 4384 in
2567 4331 2768 4399 scripto
2819 4346 2920 4385 suo
2972 4341 3326 4401 usurparunt.
3365 4333 3593 4389 Veteres

2014 4426 2160 4480 enim
2182 4425 2423 4495 episc0pi
2454 4438 2579 4480 ante
2608 4441 2781 4480 annos
2804 4440 2975 4496 prope
3002 4437 3225 4479 centum
3254 4436 3308 4481 et
3342 4425 3591 4497 triginta,

2017 4526 2071 4571 et
2099 4518 2152 4572 in
2185 4533 2376 4588 magna
2407 4518 2601 4585 Roma,
2630 4526 2683 4572 et
2712 4518 2766 4571 in
2797 4528 2984 4574 nostra
3012 4519 3149 4573 urbe
3166 4534 3261 4574 eos
3289 4520 3595 4590 reprehen-

317 4604 633 4672 ἐγίνωσκεν
690 4604 957 4668 Εὐσέϐιος
1018 4606 1047 4657 ὁ
1108 4606 1408 4675 γενόμενος
1461 4606 1763 4668 ἐπίσκοπος
1813 4604 1910 4671 τῆς

2023 4609 2235 4670 derunt.
2260 4610 2352 4679 qui
2386 4610 2579 4664 Filium
2613 4620 2942 4674 creaturam,
2979 4621 3034 4666 et
3062 4628 3168 4665 non
3224 4612 3595 4668 consubstan-

319 4697 692 4766 Καισαρείας·
721 4697 997 4767 πρότερον
1024 4699 1123 4768 μὲν
1144 4694 1240 4751 οὗν
1266 4699 1579 4769 συντρέχων
1598 4701 1662 4768 τῇ
1693 4697 1911 4766 Ἀρεία-

316 4794 381 4861 ·ιῇ
418 4792 638 4859 αἱρέσει
664 4808 679 4823 ο
718 4790 951 4861 ὕστερον
979 4791 1037 4845 δέ
1074 4791 1405 4863 ὑπογράψας
1438 4794 1497 4845 ἐν
1541 4794 1679 4863 αὐτῇ
1711 4794 1777 4863 τῇ
1810 4790 1911 4844 Νι-

318 4886 456 4958 καία
494 4886 703 4956 συνόδῳ
728 4926 742 4949 ,
776 4884 989 4955 ἔγραψε
1044 4888 1159 4948 τοῖς
1212 4885 1363 4947 ίδίοις
1402 4885 1909 4955 δκιϐεδαιούμηινιις4

316 4981 400 5032 ὅτι
436 4983 535 5033 καὶ
575 4980 689 5032 τῶν
723 4980 975 5033 παλαιῶν
1021 4997 1175 5044 τινας
1224 4978 1443 5048 λογίους
1486 4982 1581 5033 καί
1618 4981 1912 5047 ἐπιφανεῖς

317 5071 663 5132 ἐπισκόπους
713 5052 1072 5138 συγγραφέας
1104 5068 1353 5137 ἔγνωμεν
1410 5068 1503 5119 ἐπὶ
1529 5068 1628 5134 τῆς
1665 5071 1759 5120 τοῦ
1798 5068 1910 5121 Πα-

315 5163 447 5230 τρδς
480 5164 579 5213 καὶ
620 5162 716 5213 τοῦ
749 5161 881 5213 Υίοῦ
921 5161 1177 5231 θεότητος
1226 5160 1305 5230 τῷ
1335 5160 1429 5213 τοῦ
1459 5161 1749 5229 ὁμοουσίου
1775 5177 1909 5231 χρη-

320 5258 595 5326 σαμένους
625 5256 877 5327 ὀνόματι.
926 5251 1087 5311 Οὗτοι
1146 5256 1249 5327 μὲν
1300 5255 1393 5309 οὖν
1455 5254 1911 5325 κατακρύψαντες

317 5352 418 5419 τὴν
458 5351 641 5415 νόσον,
690 5348 909 5403 ἔδεισαν
940 5349 1051 5420 γὰρ
1079 5348 1193 5402 τῶν
1220 5349 1544 5402 ἐπισκόπων
1586 5347 1647 5399 τὸ
1679 5345 1910 5415 πλῆθος,

392 5518 409 5548 ¹
450 5515 602 5572 Psal.
637 5530 803 5581 xxxv,
848 5514 940 5570 10.

390 5672 469 5743 (l)
486 5673 717 5735 Eusebii
749 5674 957 5729 mentio
980 5675 1070 5731 hic
1094 5691 1201 5730 non
1225 5676 1280 5730 tit
1301 5676 1444 5744 apud
1465 5675 1902 5736 Theodoretum,

322 5759 441 5807 cap.
477 5745 535 5808 8,
564 5746 664 5799 lib.
699 5762 739 5811 ι,
773 5745 1031 5801 Historia:
1068 5762 1179 5800 sum
1216 5747 1603 5801 ecclesiasticw.

396 5814 469 5882 (2)
518 5816 700 5870 Stulte
744 5816 936 5870 Ariani
982 5820 1149 5873 verba
1204 5818 1626 5878 catholicorum,
1673 5832 1735 5869 ea:
1789 5816 1913 5869 sub-

324 5886 523 5940 stantia
559 5885 764 5951 Patris,
794 5897 849 5943 et
879 5888 1374 5954 consubstttutialis,
1402 5890 1546 5957 quod
1580 5889 1632 5942 in
1674 5889 1917 5955 Scriptu-

2014 4700 2194 4755 tialetn
2232 4700 2379 4754 Patri
2419 4715 2563 4755 esse-
2589 4700 2870 4755 dixerunt.
2921 4699 2977 4755 Id
3010 4700 3154 4771 quod
3201 4704 3479 4773 cognitum
3511 4712 3598 4759 est

2014 4792 2249 4848 Eusebio
2281 4792 2543 4848 αδεσπ-θαι
2569 4794 2850 4864 episcopo,
2882 4796 2975 4865 qui
3000 4795 3154 4864 prius
3186 4796 3408 4864 quidem
3442 4796 3599 4851 Aria-

2012 4900 2096 4941 ηερ
2130 4884 2233 4938 fuit
2267 4894 2504 4939 sectator
2535 4885 2756 4939 haeresis
2791 4903 2804 4939 :
2840 4897 3026 4953 postea
3061 4902 3189 4941 vero
3220 4887 3321 4957 ipsi
3362 4887 3597 4942 Nicaeum

2012 4976 2368 5031 subscribens
2393 4976 2621 5047 synodo,
2655 4976 2721 5030 ad
2752 4992 2882 5031 suos
2925 4977 3137 5033 litteras
3159 4979 3332 5040 dedit.
3354 4991 3410 5035 et
3442 4996 3595 5036 com-

2015 5068 2287 5139 probavit.
2346 5078 2401 5122 et
2459 5068 2653 5137 priscis
2695 5084 2915 5138 quoque
2961 5070 3151 5125 doctos
3211 5073 3477 5141 quosdam
3541 5085 3599 5128 et

2016 5159 2305 5231 przeclaros
2340 5159 2625 5229 episcOpos
2654 5170 2710 5215 et
2732 5161 3028 5230 scriptores
3079 5163 3131 5215 in
3159 5162 3337 5218 Patris
3372 5172 3424 5217 et
3470 5163 3599 5219 Filii

2017 5253 2305 5309 divinitate
2360 5254 2580 5306 nomine
2628 5252 2723 5304 τοῦ
2779 5253 3076 5321 ὀμοουσίου
3130 5270 3250 5309 esse
3286 5271 3437 5309 usos.
3498 5255 3599 5311 Isti

2020 5346 2208 5419 igitur,
2243 5346 2434 5402 morbo
2464 5361 2564 5401 suo
2607 5361 2928 5417 suppresso,
2959 5347 3104 5417 quod
3150 5358 3354 5403 tantam
3380 5351 3599 5420 episco-

2012 5670 2089 5726 ris
2120 5688 2228 5726 non
2263 5672 2635 5735 inveniantur,
2658 5672 3232 5744 reprcbendunt,cum
3265 5673 3599 5727 Arianarum

2023 5744 2422 5824 praestigiarum
2475 5760 2575 5801 nec
2616 5761 2805 5813 Voces,
2831 5760 2932 5802 nec
2981 5748 3265 5802 sententia:
3304 5745 3357 5800 in
3391 5746 3648 5800 eisdem.

2028 5824 2394 5883 repetuntur.
