4250 6450
721 391 792 456 83
1939 410 2358 472 NICEPHORI
2403 416 2744 476 CALLISTI
3900 413 3966 480 84

711 522 908 574 porum
950 509 1353 565 multitudinem
1384 523 1708 580 metuerent,
1739 515 1790 568 in
1836 533 1898 571 ea
1927 535 2046 588 quae
2075 522 2294 577 decreta
2325 529 2354 588 Α

2405 528 2513 586 τοῖς
2557 527 2825 579 ὲκτεθεῐσι
2875 524 3182 585 συνέθεντο.
3221 524 3320 594 τὴν
3347 526 3696 596 προνητικῆν
3728 543 3968 595 “am-“’0-

713 608 862 657 sunt.
899 598 1127 668 pedibus
1160 602 1359 668 ierunt,
1395 605 1768 673 proplicticatn
1813 609 1951 665 inse
1998 616 2294 681 reprehen-

713 688 928 742 sionem
969 694 1366 758 pertrahentes.
1402 696 1534 749 Nam
1584 697 1746 768 576
1777 712 1831 754 et
1882 703 1946 754 ad
1997 719 2089 756 eos
2132 706 2293 772 hujus

717 780 962 834 universi
1005 781 1149 836 Deus
1175 785 1474 838 exclamat:
1517 787 1753 856 Populus
1775 793 1870 844 iste
1904 794 2055 846 labiis
2086 812 2167 847 me
2194 798 2292 847 lto-

709 881 885 933 norat,
933 875 1088 927 corde
1147 885 1325 929 autem
1385 879 1536 948 longe
1587 883 1788 937 abesta
1831 887 1977 948 nte',
2034 887 2291 942 Theonas

711 976 875 1028 porro
905 973 958 1016 et
991 963 1298 1028 Secundus.
1329 971 1472 1038 quod
1532 972 1674 1026 idem
1723 973 1901 1030 facere
1939 979 2147 1031 nollent
2172 1019 2186 1043 ,
2221 980 2290 1032 ab

715 1055 991 1122 omnibus,
1048 1057 1320 1127 suli‘ragiis
1357 1064 1856 1132 censentientibus,
1891 1078 2019 1120 sunt
2071 1085 2290 1124 excom-

718 1146 1007 1212 municati,
1045 1150 1218 1218 utqui
1270 1152 1384 1204 Arii
1447 1154 1842 1223 blaSphemiam
1880 1160 2094 1214 veritati
2123 1177 2289 1215 evan-

712 1235 898 1303 gelicae
933 1239 1287 1295 anteferrent.
1327 1261 1345 1294 ι
1383 1260 1506 1298 rizee
1541 1245 1895 1303 Athanasius.

1283 1354 1508 1411 CAPUT
1557 1358 1699 1415 XXI.

710 1439 951 1510 Epistola
985 1443 1198 1500 Eusebii
1233 1446 1497 1531 Pamphili
1529 1454 1599 1507 ad
1638 1454 1926 1512 Ecclesium
1952 1475 2128 1522 suam,
2162 1469 2285 1514 aeta

1240 1532 1423 1588 synoat
1471 1538 1754 1592 exponens.

783 1690 1040 1746 Scdenim
1074 1709 1197 1763 qua:
1228 1694 1394 1749 etiam
1439 1697 1710 1755 Eusebius
1751 1701 2024 1774 Pamphili
2063 1723 2129 1761 ex
2165 1709 2280 1778 ipsa

709 1784 890 1839 Nicaea
926 1786 993 1840 ad
1042 1788 1311 1855 quosdam
1358 1793 1593 1849 Arianos
1629 1797 1718 1865 qui
1758 1799 2127 1866 proditionem
2169 1819 2278 1858 non

713 1877 914 1947 injuria
966 1880 1014 1935 ei
1065 1882 1416 1950 obiecerant,
1467 1888 1790 1958 scripserit,
1841 1893 2035 1948 audire
2071 1910 2279 1951 eouve-
2313 1882 2354 1936 Β

709 1971 794 2024 nit
825 1972 924 2041 (l).
961 1973 1036 2026 Ea
1072 1989 1205 2030 sane
1246 1978 1460 2032 rabiem
1498 1997 1722 2052 quoque
1760 2000 1952 2041 eorum
1989 1989 2287 2043 manifesto

711 2076 970 2135 arguunt.
1009 2068 1234 2126 Rectius
1263 2083 1445 2128 autem
1482 2079 1774 2133 consilium
1810 2082 2285 2155 intentionemque

712 2158 834 2228 cjus
861 2163 1095 2230 epistola
1132 2164 1250 2234 ipsa
1287 2167 1576 2236 indicabit,
1602 2187 1724 2241 quae
1753 2174 1833 2229 sic
1863 2175 2069 2232 habet:
2105 2196 2123 2228 t
2155 2178 2287 2244 Quae

713 2250 781 2306 de
820 2254 1189 2312 ecclesiastica
1224 2259 1348 2315 lidei
1395 2264 1737 2331 professione
1768 2267 1821 2321 in
1847 2268 2124 2338 frequenti
2155 2287 2284 2342 syn-

713 2344 822 2397 odo
865 2342 1057 2401 Nicmae
1103 2350 1374 2406 celebrata
1460 2356 1574 2411 sint
1619 2368 1776 2423 acta,
1851 2360 2076 2416 aliunde
2121 2366 2285 2417 etiam

713 2439 981 2493 credibile
1011 2451 1097 2496 est
1140 2459 1238 2499 vos
1268 2450 1638 2516 cognovisse:
1678 2453 1825 2521 quod
1859 2454 2002 2509 fama
2043 2456 2288 2526 plerum-

714 2547 822 2598 que
856 2543 1061 2588 certam
1097 2548 1528 2611 aecuratamque
1585 2559 1771 2599 rerum
1821 2557 2096 2617 gestarum
2137 2564 2288 2604 C0!“-

715 2627 1176 2680 memorationem
1212 2645 1555 2699 praecurrere
1590 2636 1750 2691 solita
1786 2638 1875 2692 sit.
1915 2639 2188 2696 Caeterum
2220 2656 2290 2695 ne

715 2718 1036 2773 rumoribus
1090 2721 1405 2793 hujusmodi
1468 2729 1546 2782 rei
1603 2732 1807 2785 veritas
1859 2733 2019 2787 aliter
2069 2735 2137 2787 ad
2193 2749 2289 2787 vos

716 2820 884 2873 quam
927 2819 1010 2863 est
1043 2821 1159 2866 acta
1186 2854 1201 2877 ,
1233 2814 1568 2883 perferatur,
1603 2822 1916 2876 necessario
1950 2823 2107 2876 vobis
2143 2825 2293 2878 misi-

718 2915 882 2964 mus,
919 2903 1157 2971 primum
1205 2921 1233 2958 a
1279 2907 1439 2962 nobis
1500 2910 1834 2978 propositam
1882 2913 1951 2965 de
2005 2913 2109 2966 [ide
2151 2913 2292 2967 seri-

717 3000 961 3062 pturam,
994 2994 1194 3050 deinde
1227 2998 1390 3052 etiam
1424 3001 1862 3072 alteram,quam
1896 3005 1961 3059 ad
1997 3020 2162 3060 voces
2194 3021 2294 3061 no-

719 3091 866 3137 stras
896 3087 1308 3143 accessionibus
1341 3092 1674 3159 quibusdam
1707 3096 1937 3165 adjectis
1972 3097 2290 3152 ediderunt.

2406 619 2529 684 ρῖαν
2557 619 3023 683 δπισπασάμενοι.
3051 617 3159 686 Bac?
3186 615 3359 668 δὲκαὶ
3395 619 3531 686 πρὸς
3557 618 3756 679 αὐτοὺς
3788 618 3815 668 ὀ
3847 619 3956 668 τῶν

2397 708 2534 761 ὅλων
2563 709 2719 770 Θεὸς.
2756 711 2824 761 '0
2855 713 3000 773 λαὸς
3034 707 3214 774 οὗτος
3259 709 3382 774 τοῖς
3420 709 3654 774 χείλεσί
3679 727 3756 777 με
3803 707 3962 775 τιμᾷο

2397 799 2470 866 τῇ
2501 799 2570 852 δὲ
2603 801 2817 866 καρδίᾳ
2848 802 3048 867 πόῤῥω
3078 800 3288 869 ἀπέχει
3321 802 3422 854 ἀπ’
3455 801 3621 869 ἐμοῦ.
3653 803 3870 864 Osi-ivi;
3909 804 3966 853 δὲ

2397 896 2490 944 καὶ
2519 892 2809 954 Σεκοῦνδος
2855 895 3016 945 τοῦτο
3047 895 3244 963 δρᾶσαι
3291 894 3364 962 μὴ
3402 892 3780 962 βουληθέντες.
3814 895 3966 961 παρὰ

2396 985 2616 1036 πάντων
2647 983 2960 1052 συμφώνως
2993 983 3485 1054 ἁπεκηρύχθησαν,
3517 984 3590 1045 ὡς
3621 983 3719 1052 τὴν
3755 984 3968 1049 Ἀρείου

2396 1074 2749 1145 βλασφημίαν
2787 1076 2887 1145 τῆς
2935 1076 3303 1144 εὐαγγελικῆς
3353 1076 3770 1145 προτεθεικότες
3818 1075 3967 1127 διδαο

2394 1169 2640 1233 σκαλίας.
2683 1189 2701 1222 ι
2741 1170 2928 1224 Ταῦτα
2967 1171 3061 1224 καὶ
3117 1169 3459 1232 Ἀθανασιος.

2953 1370 3205 1423 ΚΕΦΑΛ.
3267 1366 3396 1422 ΚΒ’.

2403 1457 2734 1526 Ἐπιστολὴ
2779 1461 3076 1514 Εὐσεόἰου
3117 1461 3224 1513 τοῦ
3297 1461 3614 1527 Παμφίλου
3672 1458 3820 1525 πρὸς
3853 1458 3971 1525 τὴν

2457 1530 2586 1582 κατ’
2635 1533 2824 1584 αὑτὸν
2855 1531 3220 1597 ἐκκλησίαν,
3253 1529 3325 1582 τὰ
3354 1529 3506 1584 κατὰ
3545 1530 3662 1597 τὴν
3689 1529 3966 1583 σύνοδον

2459 1599 2791 1663 διεξιοῦσα.

2455 1709 2557 1768 Οἷα
2601 1714 2657 1768 δὲ
2689 1716 2781 1769 καὶ
2821 1717 2848 1767 ὀ
2880 1714 3169 1785 Παμφίλου
3207 1711 3470 1774 Εὐσέϐιος
3502 1710 3731 1764 αὐτόθεν
3776 1713 3840 1764 ὲκ
3870 1711 3972 1764 Νι·

2385 1807 2546 1869 καίας
2576 1808 2712 1876 πρός
2744 1822 2895 1868 τινας
2922 1804 3161 1874 ἔγραψεν
3199 1804 3542 1873 ⁹Δρειανοὺς,
3577 1802 3869 1872 προδοσίαν
3891 1802 3968 1863 ὡς

2383 1901 2530 1960 εἰκὸς
2555 1898 2944 1968 ἐγκαλοῦντας,
2975 1898 3196 1954 ἀκούειν
3225 1897 3699 1969 χρεών.Ἐλεγχος
3726 1896 3771 1950 δ’
3807 1899 3969 1962 ἐναρ-

2386 1989 2489 2060 γὴς
2529 1990 2624 2042 καὶ
2652 1988 2753 2058 τῆς
2779 1989 2994 2041 ἐκείνου
3033 1987 3233 2058 λύττης
3266 1988 3440 2040 ἰστίν.
3474 1987 3736 2055 Ἄμεινον
3777 1986 3834 2040 δὲ
3876 1988 3971 2038 τὸν

2385 2081 2584 2133 οἰκεῖον
2623 2080 2824 2133 σκοπὸν
2869 2081 2901 2150 ἠ
2953 2079 3209 2150 ἐπιστολὴ
3252 2079 3439 2144 δείξει.
3479 2079 3637 2149 Ἔχει
3688 2079 3745 2131 δὲ
3783 2077 3967 2130 οὕτω·

2394 2188 2415 2222 ο
2445 2170 2525 2224 Τὰ
2550 2171 2680 2241 περὶ
2702 2170 2804 2240 τῆς
2831 2170 3297 2241 ὲκκλησιαστικῆς
3330 2171 3571 2232 πίστεως
3611 2185 3975 2239 πραγματευ-

2387 2262 2553 2316 θέντα
2581 2263 2721 2315 κατά
2742 2260 2838 2331 τὴν
2871 2263 3120 2332 μεγάλην
3145 2261 3364 2316 σύνοδον
3393 2262 3492 2330 τὴν
3517 2262 3577 2315 ἐν
3601 2261 3808 2331 Nimia
3838 2277 3970 2328 συγ-

2387 2353 2748 2422 κροτηθεῖσαν
2779 2353 2928 2414 εἰκὸς
2960 2352 3062 2422 μὶν
3086 2352 3231 2422 ὑμᾶς
3263 2353 3357 2404 καὶ
3389 2350 3614 2404 ἄλλοθεν
3641 2349 3964 2420 μεμαθηκέο

2389 2460 2499 2506 ναι,
2549 2440 2648 2510 τῆς
2687 2441 2877 2510 φήμης
2909 2443 3233 2512 προτρέχειν
3269 2439 3525 2502 εἰωθυίας
3555 2441 3648 2493 τὸν
3682 2441 3808 2509 περὶ
3860 2439 3971 2492 τῶν

2391 2533 2784 2605 πραττομένων
2813 2534 3018 2604 ἀκριϐῆ
3049 2534 3210 2600 λόγον
3237 2550 3252 2564 ·
3291 2533 3409 2586 ἀλλ’
3443 2535 3532 2586 ἵνα
3567 2533 3640 2601 μὴ
3675 2534 3737 2584 ἐκ
3779 2532 3970 2584 τοιαύ-

2391 2649 2491 2700 της
2522 2631 2690 2700 ἀκοῆς
2718 2630 2778 2682 τὸ
2809 2630 2910 2698 τῆς
2948 2628 3208 2698 ἀληθείας
3243 2626 3499 2696 ἑτεροίως
3531 2627 3666 2696 ὑμῖν
3696 2626 3974 2693 ἀπαγγέλ-

2390 2723 2571 2789 ληται,
2627 2723 2940 2791 ἀναγκαίως
2986 2721 3410 2790 διεπεμῷάμεθα
3453 2721 3584 2789 ὑμῖν
3628 2719 3843 2789 πρῶτον
3876 2719 3974 2788 τὴν

2395 2817 2486 2884 ὑφ’
2531 2815 2688 2886 ἡμῶν
2724 2815 3089 2886 προταθεῖσαν
3120 2815 3273 2881 παρά
3323 2813 3425 2882 τῆς
3457 2814 3695 2875 πίστεως
3728 2815 3970 2881 γραφήν.

2397 2908 2631 2962 Ἔπειτα
2685 2908 2783 2979 τὴν
2821 2907 3104 2976 δευτέραν,
3152 2907 3218 2976 ἣν
3251 2909 3372 2965 ταῖς
3422 2906 3722 2974 ἡμετέραις
3772 2907 3975 2971 φωναῖς

2395 2999 2713 3072 προσθήκας
2773 2999 3146 3062 ἐπιϐαλόντες,
3209 2998 3560 3051 ἔκδεδώκασι.
3620 2998 3692 3049 Τὸ
3748 2997 3846 3065 μὲν
3882 2996 3974 3048 οὖν

2397 3092 2530 3163 παρ’
2590 3091 2744 3163 ἡμῶν
2785 3091 3040 3162 γράμμα,
3084 3091 3179 3144 ἐπὶ
3214 3089 3488 3159 παρουσίᾳ
3539 3086 3633 3141 τοῦ
3691 3086 3976 3153 θεοᾳιλοῦς

719 3172 998 3245 Scriptum
1044 3194 1176 3233 sane
1213 3193 1465 3236 nostrum
1510 3186 1562 3237 in
1613 3188 1903 3254 prmsentia
1953 3189 2062 3242 Deo
2107 3189 2290 3243 dilecti
2319 3223 2354 3281 ε

2405 3184 2556 3255 ἡμῶν
2591 3184 2856 3253 βασιλέως
2881 3183 3228 3251 ἀναγνωσθὲν
3260 3178 3317 3236 εὖ
3348 3199 3404 3234 τε
3437 3183 3583 3250 ἔχειν
3611 3183 3704 3234 καὶ
3735 3181 3974 3248 δοκίμως

718 3269 1069 3338 imperatoris
1117 3276 1291 3328 nostri
1343 3276 1670 3340 recitatum,
1702 3295 1766 3333 ac
1809 3292 1955 3335 recte
2006 3282 2284 3349 probeque

721 3374 1047 3433 conceptum
1081 3381 1200 3419 esse
1234 3366 1565 3434 judicatum,
1601 3371 1666 3422 ad
1701 3374 1850 3424 hunc
1882 3389 1941 3427 se
1976 3374 2139 3427 habet
2171 3391 2289 3429 mo-

723 3455 852 3509 dum
884 3477 895 3510 :
941 3457 1216 3512 Professio
1249 3459 1374 3513 ﬁdei
1407 3477 1437 3514 a
1480 3463 1640 3516 nobis
1671 3465 1938 3532 exposita,
1966 3467 2125 3520 sicuti
2168 3483 2288 3522 eam

722 3561 753 3598 a
795 3546 1184 3602 dccussoribus
1223 3553 1426 3604 nostris
1464 3551 1774 3623 episcopis,
1824 3564 1985 3624 atque
2029 3558 2080 3609 in
2113 3557 2289 3626 prima

723 3653 908 3691 rerum
935 3656 1212 3694 sacrarqu
1250 3642 1613 3704 institutione.
1640 3654 1695 3698 et
1725 3661 1846 3699 eum
1877 3661 2093 3700 sacrum
2123 3647 2296 3701 subii-

726 3746 850 3784 mus
901 3730 1219 3798 lavacrum,
1265 3735 1610 3804 accepimus,
1662 3735 1718 3805 et
1765 3737 1925 3792 sicuti
1977 3755 2044 3792 ex
2091 3737 2293 3794 divinis

726 3820 1022 3877 didicimus
1047 3823 1368 3893 Scripturis,
1400 3837 1562 3895 atque
1587 3827 1751 3881 simul
1778 3836 1834 3881 et
1855 3828 1911 3880 in
1947 3828 2296 3900 presbyterio

726 3926 784 3970 et
814 3915 867 3969 in
903 3916 1021 3986 ipso
1048 3919 1372 3987 episcopatu
1409 3919 1639 3989 professi
1673 3936 1867 3975 sumus
1898 3932 1953 3976 et
1984 3923 2297 3991 docuimus,

728 4025 792 4063 ca
842 4020 925 4063 est
958 4009 1122 4064 talis:
1165 4011 1453 4068 Credimus
1497 4014 1552 4067 in
1609 4031 1777 4068 unum
1833 4016 2036 4080 Deum,
2081 4016 2294 4071 Patrem

731 4100 1193 4170 omnipotentem.
1231 4119 1415 4156 rerum
1451 4105 1698 4158 omnium
1735 4105 2035 4158 visibilium
2068 4115 2122 4160 et
2155 4107 2298 4160 invi-

733 4192 978 4245 sibilium
1028 4192 1313 4246 faetorem.
1353 4195 1418 4248 Et
1461 4195 1514 4249 in
1563 4211 1731 4249 unum
1778 4196 2068 4250 Dominum
2111 4197 2298 4253 Iesum

731 4285 1012 4339 Christum
1035 4328 1048 4350 ,
1096 4286 1190 4340 Dei
1225 4286 1501 4353 Verbum,
1537 4287 1709 4342 Deum
1743 4289 1810 4344 de
1842 4291 1986 4357 Deo,
2019 4293 2202 4345 lumen
2237 4295 2302 4345 de

734 4377 976 4440 lumine,
1008 4376 1169 4446 577
1212 4377 1380 4431 vitam
1418 4379 1485 4432 de
1516 4383 1654 4445 vita,
1693 4380 1892 4434 Filium
1933 4383 2301 4452 unigenitum,

735 4468 1164 4537 primogenitum
1192 4470 1374 4524 omnis
1405 4479 1697 4536 creatum,
1731 4481 1859 4525 ante
1889 4474 2073 4526 omnia
2104 4475 2303 4528 secula

2397 3277 2731 3344 ἀποφανθὲν.
2787 3274 2976 3328 τοῦτον
3008 3275 3120 3342 ἔχει
3161 3274 3251 3325 τὸν
3293 3274 3496 3343 τρόπον
3522 3289 3536 3304 ο
3587 3272 3650 3323 Ἥ
3699 3273 3788 3338 ὑψ⁹
3820 3272 3976 3338 ἡμῶν

2391 3368 2679 3422 ὲκτεθεῖσα
2710 3368 2916 3430 πίστις,
2951 3366 3134 3428 καθὼς
3169 3365 3552 3435 παρελάϐομεν
3591 3365 3693 3416 ὑπὸ
3725 3364 3831 3416 τῶν
3868 3366 3977 3428 πρὸ

2391 3462 2552 3531 ἡμῶν
2585 3461 2923 3522 ἐπισκόπων,
2954 3460 3048 3512 καὶ
3088 3461 3146 3512 ἐν
3177 3463 3241 3529 τῇ
3295 3458 3486 3530 πρώτῃ
3518 3461 3842 3526 κατηχήσει,
3885 3460 3979 3508 καὶ

2392 3554 2481 3606 ὅτε
2513 3553 2574 3605 τὸ
2605 3551 2833 3622 λοῦτρον
2865 3551 3249 3620 ἐλαμϐάνομεν
3272 3590 3287 3614 ,
3331 3550 3511 3611 καθὼς
3545 3551 3652 3602 ἀπὸ
3684 3551 3790 3600 τῶν
3823 3550 3979 3601 θείων

2392 3642 2630 3713 Γραφῶν
2665 3643 3070 3712 μεμαθήκαμεν
3096 3657 3110 3671 ο
3145 3644 3237 3694 καὶ
3272 3642 3345 3703 ὡς
3370 3644 3426 3693 ἐν
3460 3641 3607 3710 αὑτῷ
3634 3640 3708 3709 τῷ
3739 3641 3980 3709 πρεσϐυ-

2392 3735 2559 3804 τερίῳ
2588 3735 2681 3787 καὶ
2713 3736 2768 3786 ὲν
2794 3735 2928 3803 αὐτῇ
2955 3736 3226 3803 ἐπισκοπῇ
3253 3735 3607 3799 ἐπιστεύομεν
3633 3750 3694 3786 τε
3732 3735 3826 3786 καὶ
3871 3733 3982 3786 ἐδι-

2396 3825 2860 3894 δάσκομεν.Ἔστι
2902 3825 2959 3877 δὲ
2992 3823 3128 3894 αὕτη
3161 3840 3174 3854 ·
3209 3826 3547 3894 Πιστεύομεν
3579 3828 3656 3888 είς
3693 3826 3789 3878 ἕνα
3824 3825 3977 3889 Θεὸν,

2397 3915 2617 3982 Πατέρα
2655 3917 3091 3984 παντοκράτορα,
3123 3916 3213 3968 τὸν
3246 3917 3353 3968 τῶν
3387 3917 3640 3970 ἁπάντων
3676 3918 3889 3987 ὁρατῶν
3923 3936 3981 3970 τε

2400 4011 2495 4060 καὶ
2529 4008 2780 4078 ἀοράτων
2811 4012 3079 4077 ποιητήν·
3114 4009 3208 4061 καὶ
3263 4010 3341 4071 είς
3380 4010 3474 4062 ἕνα
3515 4010 3716 4079 Κύριον
3770 4011 3983 4077 Ἰησοῦν

2401 4099 2640 4167 Χριστίν
2691 4098 2781 4149 τὸν
2813 4097 2902 4150 τοῦ
2933 4097 3067 4149 Θεοῦ
3096 4099 3288 4164 Λόγον,
3323 4098 3455 4150 Θεὸν
3501 4100 3562 4150 ὲκ
3588 4098 3744 4161 Θεοῦ,
3779 4100 3894 4166 φῶς
3921 4103 3984 4151 ἐκ

2405 4189 2603 4258 φωτὸς,
2650 4190 2794 4259 ζωὴν
2833 4192 2895 4242 ἐκ
2941 4190 3108 4258 ζωῆς,
3144 4191 3272 4244 Υῑὸν
3305 4190 3596 4260 μονογενῆ,
3637 4192 3985 4260 πρωτότοκον
4010 4194 4025 4238 ἠ

2405 4283 2587 4351 πάσης
2614 4284 2866 4346 κτίσεως,
2903 4284 3009 4355 πρὸ
3035 4285 3254 4336 πάντων
3281 4283 3390 4336 τῶν
3422 4284 3635 4337 αἰώνων
3657 4285 3717 4335 ἐκ
3749 4284 3843 4335 τοῦ
3876 4285 3987 4336 Πα-

2405 4375 2532 4443 τρδς
2571 4375 2985 4442 γεγεννημένον,
3033 4374 3101 4428 δι’
3154 4367 3215 4427 οὗ
3251 4375 3345 4427 καὶ
3385 4375 3602 4440 ἐγένετο
3653 4375 3720 4427 τὰ
3762 4375 3939 4427 πάντα
3973 4394 3984 4406 ·

2407 4465 2502 4516 τὸν
2535 4464 2622 4516 διὰ
2651 4464 2748 4534 τὴν
2788 4465 3068 4534 ἡμετέραν
3098 4464 3371 4534 σωτηρίαν
3398 4464 3773 4533 σαρκωθέντα,
3809 4465 3903 4516 καὶ
3930 4465 3990 4514 ἐν

736 4575 801 4613 ex
836 4560 995 4614 Patre
1028 4561 1294 4630 genitum,
1330 4576 1430 4631 per
1459 4577 1622 4631 quem
1656 4572 1712 4617 et
1746 4564 1931 4617 omnia
1968 4563 2110 4618 facta
2142 4575 2303 4630 sunt;
2332 4573 2354 4632 ]

2412 4556 2722 4628 ἀνθρώποις
2773 4558 3262 4627 πολιτευσάμενον,
3299 4556 3394 4609 καὶ
3432 4554 3674 4608 παθόντα
3721 4557 3813 4608 καὶ
3854 4556 3986 4609 ἁνα-

739 4653 834 4720 qui
867 4663 1093 4723 propter
1129 4664 1375 4708 nostram
1417 4656 1650 4710 salutem
1693 4658 2045 4720 incarnatus,
2077 4666 2133 4711 et
2164 4657 2308 4712 inter

740 4745 995 4800 homines
1036 4755 1288 4800 versatus
1311 4787 1326 4811 ,
1371 4756 1426 4801 et
1477 4763 1671 4817 passus
1714 4758 1798 4802 est
1827 4766 1840 4801 :
1873 4758 1928 4802 et
1957 4750 2307 4816 .ressurrexit

739 4839 902 4893 tertia
925 4840 1037 4902 die,
1068 4850 1122 4894 et
1147 4840 1393 4894 ascendit
1422 4840 1489 4894 ad
1520 4838 1758 4902 Patrem,
1790 4851 2058 4895 venturus
2086 4857 2304 4895 rursum

739 4929 794 4980 in
835 4930 1008 4997 gloria
1052 4927 1123 4981 ad
1163 4927 1525 4998 judicandum
1562 4927 1716 4981 vivos
1754 4935 1810 4981 et
1856 4937 2129 4980 mortuos.
2171 4928 2306 4981 Cre-

739 5020 924 5073 dimus
967 5020 1130 5072 etiam
1168 5021 1223 5073 in
1260 5019 1523 5088 Spiritum
1555 5029 1803 5072 sanetum
1836 5035 1850 5072 :
1895 5019 2090 5071 horum
2120 5034 2311 5087 quem-

741 5129 848 5181 que
883 5128 1006 5166 esse
1037 5122 1094 5167 et
1127 5114 1430 5167 subsistere
1459 5113 1769 5174 credentes,
1803 5110 2022 5164 Patrem
2057 5126 2183 5165 vere
2211 5111 2312 5165 Pa-

745 5215 906 5268 trem,
946 5215 1003 5258 et
1037 5205 1233 5258 Filium
1267 5219 1394 5258 vere
1424 5204 1644 5269 Filium,
1676 5213 1732 5258 et
1763 5202 2030 5272 Spiritum
2062 5212 2311 5256 sanetum

741 5312 869 5351 vere
913 5297 1182 5367 Spiritum
1229 5307 1476 5351 sanctum
1500 5339 1514 5360 ,
1553 5295 2015 5364 quemadmodum
2043 5305 2098 5349 et
2130 5295 2312 5348 Domi-

743 5403 852 5442 nus
896 5399 1086 5443 uoster
1132 5389 1431 5458 discipulos
1467 5404 1598 5442 suos
1629 5390 1694 5440 ad
1729 5387 2069 5456 praedicandi
2113 5402 2315 5440 munus

744 5482 1000 5546 mittens,
1044 5481 1226 5550 inquit
1259 5503 1270 5535 :
1313 5482 1540 5540 Enntes,
1573 5481 1750 5533 docete
1785 5495 1961 5532 omnes
1989 5488 2188 5547 gentes,
2219 5479 2314 5532 ba-

747 5576 1004 5642 ptizantes
1051 5593 1134 5629 eos
1184 5577 1234 5628 in
1288 5592 1473 5628 nomen
1521 5574 1698 5627 Patris
1740 5582 1791 5625 et
1836 5571 1960 5626 Filii
1997 5581 2045 5626 et
2084 5571 2314 5642 Spiritus

818 5737 833 5766 ⁸
868 5736 970 5789 lsn.
1007 5749 1152 5796 xxix,
1189 5734 1274 5785 l3.

820 5858 892 5924 (ις
927 5851 1259 5906 Theodoret.
1296 5850 1388 5902 lih.
1433 5866 1470 5910 ι,
1500 5863 1599 5915 cnp
1659 5848 1709 5898 ll
1751 5854 1804 5898 et
1852 5845 1929 5896 12.

2415 4649 2620 4701 στάντα
2668 4650 2738 4718 τῇ
2785 4647 2942 4717 τρίτῃ
2991 4647 3198 4716 ἡμέρᾳ,
3245 4647 3337 4698 καὶ
3390 4645 3682 4697 ἀνελθόντα
3716 4647 3847 4712 πρὸς
3899 4645 3994 4695 τὸν

2416 4742 2657 4808 Πατέρα,
2691 4742 2783 4793 καὶ
2826 4739 3024 4811 ἥξοντα
3061 4739 3225 4790 πάλιν
3274 4739 3330 4790 ἐν
3364 4737 3512 4806 δόξῃ,
3553 4739 3735 4805 κρῖναι
3781 4736 3992 4799 ζῶντας

2414 4835 2507 4887 καὶ
2561 4833 2810 4902 νεκρούς.
2870 4832 3211 4900 Πιστεύομεν
3262 4829 3358 4884 καὶ
3423 4833 3503 4892 εἰς
3552 4831 3609 4880 τ’)
3655 4828 3883 4896 Πνεῦμα
3931 4831 3993 4879 εδ

2413 4927 2567 4996 ἅγιον
2593 4941 2607 4956 °
2641 4927 2847 4979 τούτων
2884 4926 3114 4977 ἕκαστον
3144 4921 3285 4977 εἶναι
3323 4925 3416 4976 καὶ
3460 4923 3732 4992 ὑπάρχειν
3769 4922 3996 4973 πιστεύ-

2412 5033 2563 5078 οντες
2593 5016 2810 5084 Πατέρα
2840 5015 3112 5083 ἀληθινῶς
3159 5014 3399 5084 Πατέρα,
3433 5014 3527 5067 καὶ
3571 5014 3692 5064 ὶῚὸν
3721 5011 3994 5078 ἀληθινῶς

2415 5108 2564 5169 Υἱὸν,
2607 5109 2701 5159 καὶ
2745 5107 2976 5177 Πνεῦμα
3024 5108 3179 5173 ἅγιον
3220 5106 3488 5174 ἀληθινῶς
3542 5106 3765 5172 Πνεῦμα
3802 5103 3990 5169 ἅγιον·

2413 5201 2558 5252 καθά
2586 5202 2724 5253 καὶὸ
2757 5201 2956 5270 Κύριος
2981 5201 3138 5269 ἡμῶν
3169 5200 3515 5252 ἀποστέλλων
3538 5200 3615 5260 εις
3637 5198 3694 5249 τὸ
3728 5201 3994 5264 κήρυγμα

2418 5293 2542 5350 τοὺς
2582 5290 2776 5344 ἑαυτοῦ
2835 5292 3106 5362 μαθητὰς,
3140 5288 3263 5344 εἷπε
3297 5307 3312 5322 ο
3367 5287 3767 5358 Πορευθέντες
3800 5291 3994 5354 μαθη-

2420 5382 2676 5436 τεύσατε
2705 5385 2900 5436 πάντα
2932 5383 3003 5436 τὰ
3033 5386 3201 5449 ἔθνη,
3230 5381 3623 5448 ,ϐαπτίζοντες
3655 5380 3876 5444 αὐτοὺς
3908 5384 3996 5443 εἰς

2419 5483 2486 5534 τὸ
2521 5481 2706 5548 ὄνομα
2742 5481 2846 5534 τοῦ
2876 5481 3103 5549 Πατρός
3135 5481 3230 5534 καὶ
3261 5480 3366 5534 τοῦ
3402 5479 3540 5533 Υἰοῦ
3571 5478 3669 5531 καὶ
3695 5479 3799 5530 τοῦ
3820 5476 3994 5542 ἁγίου

3050 5568 3075 5586 τ

2418 5573 2796 5641 Πνεύματοᾷ
2852 5573 2987 5644 Περὶ
3042 5568 3117 5627 ὧν
3163 5573 3259 5626 καὶ
3309 5569 3770 5641 διαὸεὸαιούμεθα
3822 5567 3998 5627 οὕτως
