4250 6450
758 392 825 451 87
1976 402 2393 461 ΝΙΟΕΙῚΙΟΗΙ
2442 403 2783 462 CALLISTI
3933 404 4002 464 83

762 503 954 554 Filium
983 521 995 554 ;
1030 509 1431 570 proptereaque
1469 519 1574 556 nou
1606 518 1725 557 esse
1759 521 1886 559 cum
1926 508 2215 571 facturam,
2249 513 2330 564 eis
2361 522 2402 573 Α
2435 531 2440 543 ·

2305 529 2330 564 s
2361 522 2402 573 Α
2435 513 2644 579 ποίημα
2680 510 2972 577 τυγχάνειν
3005 507 3063 560 οὐ
3080 507 3214 569 σίας,
3254 506 3319 576 ἣν
3355 506 3420 557 ἐκ
3449 503 3539 556 τοῦ
3575 505 3792 574 ηατρδς
3817 523 3978 574 γεγεν

757 610 878 659 quae
913 608 1009 661 per
1033 594 1206 663 ipsum
1232 594 1387 648 facta:
1419 605 1548 648 sunt
1579 597 1850 652 similem:
1885 605 2318 667 pnestautiorem

757 699 938 740 autem
973 703 1138 756 quam
1175 699 1482 741 creaturam
1524 704 1740 742 omnem
1782 693 2030 747 oblinere
2064 696 2317 750 substan-

758 778 921 837 tiam,
968 793 1130 846 quam
1167 793 1232 831 ex
1261 777 1418 831 Patre
1451 779 1688 848 genitam
1738 795 1860 834 esse
1889 781 2076 834 divina
2125 785 2325 839 docent

755 870 1024 923 oracula:
1077 884 1203 927 cum
1257 870 1481 940 quidem
1537 872 1734 925 modus
1778 875 1897 941 ipse
1950 880 2324 944 generationis

754 963 905 1015 omni
940 963 1136 1031 genitae
1163 973 1372 1016 natura:
1400 963 1698 1020 ineﬂ'abilis
1728 965 1819 1031 sit,
1852 973 1908 1019 et
1944 966 2323 1024 inconsidera-

753 1056 902 1116 bilis.
948 1055 1214 1114 Similiter
1256 1072 1388 1114 vero
1429 1058 1570 1114 ratio
1610 1059 1783 1127 probe
1813 1059 2142 1130 disquisita,
2185 1078 2322 1119 con-

754 1150 1172 1203 substantialem
1211 1150 1388 1205 Patris
1417 1165 1540 1206 esse
1571 1151 1770 1206 Filium
1799 1155 2022 1218 astruit,
2053 1169 2163 1213 non
2198 1157 2325 1225 qui-

757 1243 880 1292 dem
915 1256 1211 1309 corporum
1247 1257 1421 1306 more,
1450 1259 1628 1313 neque
1661 1245 1728 1298 ad
1767 1247 2126 1304 animantium
2161 1251 2320 1304 morti

755 1333 1117 1387 obnoxiorum
1157 1336 1372 1390 instar:
1409 1351 1588 1403 neque
1614 1338 1780 1392 etiam
1808 1339 1958 1409 juxta
1990 1340 2317 1396 divisionem

753 1424 1096 1489 substantiae,
1139 1443 1316 1494 neque
1352 1428 1506 1498 juxta
1549 1431 1959 1484 resectionem:
1997 1433 2092 1486 sed
2141 1449 2321 1502 neque

751 1515 904 1581 juxta
937 1518 1346 1584 perpessionem
1377 1519 1714 1586 quampiam,
1741 1527 1836 1573 aut
1866 1521 2200 1582 versionem,
2227 1531 2321 1574 aut

757 1607 1117 1660 inutatiOnem
1167 1606 1337 1662 Patris
1379 1609 1633 1672 virtutis;
1686 1609 1833 1678 quod
1876 1611 2050 1666 aliena
2094 1627 2321 1680 prorsus

757 1696 825 1748 ab
867 1698 950 1751 his
995 1700 1250 1752 omnibus
1293 1699 1366 1755 sit
1412 1700 1654 1769 ingenita
1712 1702 1893 1755 Patris
1938 1713 2173 1756 natura:
2212 1705 2318 1767 sed

757 1791 904 1858 quod
930 1793 1417 1847 consubstantialis
1441 1791 1591 1847 Patri
1620 1793 1858 1854 dicatur,
1891 1794 2022 1847 illud
2047 1794 2321 1863 significat

759 1892 924 1949 atque
977 1884 1174 1949 infert,
1237 1884 1440 1940 nullam
1493 1885 1721 1938 omnino
1771 1885 2192 1940 similitudinem
2254 1888 2319 1946 ad
2355 1865 2437 1938 Bc

2070 1901 2192 1939 nem
2254 1888 2319 1946 ad
2355 1865 2394 1919 Β
2425 1887 2666 1946 στάσεως
2709 1887 2804 1936 καὶ
2844 1885 3052 1945 οὐσίας,
3089 1882 3203 1934 ἀλλ’
3242 1885 3305 1934 ὲκ
3349 1879 3443 1932 τοῦ
3499 1879 3709 1948 Πατρός
3735 1894 3748 1908 ·

759 1986 1044 2024 crearuras
1074 1973 1321 2026 conditas
1353 1972 1548 2032 Filium
1586 1973 1676 2026 Dei
1715 1972 1859 2026 ferre
1881 2011 1896 2036 ,
1928 1973 2024 2028 sed
2058 1975 2150 2043 qui
2192 1989 2317 2029 eum

757 2065 968 2134 genuit,
1001 2063 1148 2124 Patri
1177 2073 1384 2118 tantum
1418 2065 1596 2118 modis
1629 2066 1888 2120 omnibus
1916 2081 2037 2120 esse
2063 2067 2319 2131 similem,

758 2168 813 2209 et
848 2174 954 2211 non
987 2172 1106 2210 esse
1136 2172 1199 2210 ex
1234 2158 1340 2209 alia
1381 2157 1639 2227 quapiam
1677 2157 2036 2212 subsistentia
2068 2159 2150 2211 vel
2189 2159 2320 2213 sub-

760 2247 958 2300 stantia
985 2263 1147 2317 quain
1177 2247 1375 2301 Patris.
1401 2246 1500 2300 Cui
1533 2248 1722 2308 verbo,
1745 2263 1812 2301 eo
1842 2259 2000 2317 pacto
2025 2264 2122 2320 per
2145 2248 2318 2302 inter-

762 2340 1120 2410 pretationem
1147 2339 1414 2409 exposito,
1440 2351 1589 2393 recte
1635 2339 1798 2394 nobis
1820 2341 1994 2393 visum
2024 2350 2109 2394 est
2137 2355 2322 2396 assen-

763 2432 874 2495 tiri,
895 2429 1167 2499 praecipue
1189 2444 1312 2485 cum
1343 2431 1636 2496 sciremus,
1681 2447 1749 2485 ex
1774 2430 2055 2492 veteribus
2075 2432 2320 2485 eruditos

759 2521 1028 2589 quosdam
1065 2533 1119 2576 et
1158 2531 1432 2591 spectatos
1469 2523 1761 2591 episcopos
1791 2532 1846 2576 et
1887 2524 2185 2593 scriptores
2217 2524 2318 2592 (l),

759 2616 923 2686 579
969 2617 1019 2668 in
1064 2616 1388 2684 exponenda
1421 2615 1596 2670 Patris
1627 2627 1682 2672 et
1729 2618 1849 2672 Filii
1896 2618 2201 2672 divinitatis
2234 2634 2319 2672 ra-

761 2709 909 2763 tione
975 2706 1072 2771 τοῦ
1117 2710 1404 2776 ὁμοουσιου
1459 2709 1680 2764 nomine
1725 2726 1854 2765 usos
1901 2725 2042 2764 esse.
2098 2709 2221 2764 llazc
2251 2708 2318 2771 de

759 2799 1100 2867 professione
1139 2797 1262 2853 ﬁdei
1297 2799 1598 2868 publicitus
1623 2798 1767 2853 edita
1826 2809 1956 2863 sunt
2012 2801 2175 2854 dicta.
2216 2799 2316 2853 Cui

761 2891 996 2946 universi
1039 2891 1399 2953 assensimus,
1423 2901 1480 2945 et
1505 2890 1726 2959 quidem
1761 2908 1864 2944 non
1895 2893 2028 2944 citra
2056 2892 2320 2961 disquisi-

761 2983 993 3056 tionem,
1048 2982 1140 3035 sed
1185 2984 1337 3052 juxta
1391 2983 1690 3034 sententias
1747 2981 1803 3036 in
1862 2983 2152 3050 praesentia
2207 2983 2318 3036 Deo

759 3077 946 3135 dilecti
999 3075 1343 3144 imperatoris
1387 3075 1773 3144 investigatas,
1826 3075 2097 3146 nobisque
2147 3090 2316 3142 expo-

757 3169 911 3229 sitas,
946 3177 1002 3227 et
1029 3166 1333 3227 rationibus
1369 3182 1506 3235 quas
1538 3166 1774 3220 diximus
1804 3180 1870 3220 ex
1905 3165 2155 3235 professo
2186 3180 2318 3219 con-

757 3269 1069 3315 sentaneas.
1106 3257 1279 3313 Porro
1312 3258 1603 3312 anathema
1637 3257 1783 3328 quod
1821 3257 2149 3327 professioni
2196 3256 2320 3311 fidei

758 3352 828 3406 ab
859 3351 941 3405 cis
965 3361 1048 3404 est
1078 3350 1369 3420 adjectum,
1398 3349 1866 3418 comprobandum
1896 3365 2015 3404 esse
2041 3349 2318 3409 duximus.

760 3455 821 3499 ut
857 3443 1105 3498 homines
1147 3443 1378 3496 vocibus
1419 3458 1542 3512 qua:
1582 3443 1636 3496 in
1674 3441 1978 3511 Scripturis
2012 3457 2121 3496 non
2163 3441 2316 3494 inve-

761 3540 1017 3599 niantur,
1053 3534 1129 3588 uti
1163 3534 1614 3603 prohiberentur,
1655 3549 1776 3603 quae
1809 3534 1922 3589 fere
1947 3549 2166 3590 causam
2203 3549 2323 3588 om-

759 3643 884 3690 nem
915 3626 1223 3689 confusioni
1265 3633 1321 3680 et
1353 3625 1609 3681 seditioni
1655 3625 1913 3680 Ecclesiae
1946 3627 2318 3696 praebuerunt.

758 3721 974 3784 Nullius
1003 3735 1132 3776 sane
1169 3718 1434 3776 divinitus
1467 3720 1765 3789 inspirata),
1795 3729 1849 3773 et
1873 3735 1994 3789 qua:
2032 3720 2141 3774 rite
2171 3720 2322 3775 ordi-

762 3827 941 3880 neqne
985 3811 1148 3866 dictis
1199 3811 1373 3870 utitur
1425 3811 1742 3882 Scriptura},
1781 3822 1910 3865 sunt
1939 3812 2049 3875 illa,
2093 3825 2160 3865 ex
2209 3826 2318 3865 non

761 3903 1188 3961 exsistentibus:
1217 3912 1292 3963 et,
1325 3901 1450 3958 Fuit
1474 3902 1769 3972 aliquando
1810 3912 2023 3972 tempus
2055 3917 2181 3957 cum
2212 3918 2320 3956 non

761 4008 926 4053 esset.
975 3996 1154 4061 Quare
1198 3995 1396 4050 rationi
1447 3998 1628 4051 minus
1669 4007 2098 4055 consentaneum
2144 3997 2319 4050 visqu

761 4099 865 4153 est,
899 4105 962 4143 ea
1016 4098 1067 4142 et
1105 4090 1288 4144 dicere
1328 4099 1384 4142 et
1422 4088 1662 4142 docere:
1700 4103 1809 4158 quo
1853 4088 2068 4143 facilius
2112 4090 2322 4142 calculo

760 4183 926 4235 etiam
970 4189 1155 4234 nostro
1193 4179 1295 4236 rite
1330 4179 1615 4234 decretum
1667 4179 1958 4234 anathema
1999 4180 2324 4249 comproba-

762 4275 962 4335 vimus,
995 4272 1217 4342 quando
1241 4271 1459 4339 quidem
1489 4287 1666 4340 neque
1691 4277 1960 4330 anteactis
1986 4274 2324 4340 temporibus

760 4366 1096 4436 ejuscetnodi
1135 4365 1321 4426 verbis
1356 4363 1432 4419 uti
1470 4365 1614 4420 soliti
1645 4379 1857 4419 sumus.
1898 4364 2039 4430 Quin
2071 4376 2126 4421 et
2165 4365 2320 4429 illud,

763 4459 902 4512 Eum
964 4466 1254 4525 antequam
1312 4459 1626 4526 gigneretur
1684 4472 1792 4512 non
1848 4457 2047 4519 fuisse,
2095 4460 2324 4513 anathe-

764 4559 910 4606 mate
933 4548 1184 4618 jugulare
1208 4562 1316 4609 non
1341 4547 1640 4603 absurdum
1669 4549 2000 4617 putavimus,
2031 4558 2321 4618 propterea

761 4643 906 4709 quod
955 4655 1148 4695 omnes
1187 4639 1569 4714 profiteantur,
1611 4655 1737 4693 eum
1787 4655 1906 4694 csse
1955 4640 2154 4700 Filium
2202 4641 2321 4707 Dei,

759 4736 924 4787 etiam
985 4745 1112 4787 ante
1161 4733 1497 4786 nativitatem
1553 4732 1855 4787 secundum
1909 4747 2151 4786 carnem.
2203 4733 2320 4787 Jam

758 4842 892 4880 vero
940 4835 992 4880 et
1035 4826 1130 4880 Dei
1181 4825 1591 4878 amantissimus
1645 4825 1944 4892 imperator
1996 4825 2322 4894 professioni

761 4919 930 4982 inseri
977 4917 1225 4977 curavit.
1271 4917 1430 4977 Juxta
1478 4916 1718 4971 divinam
1772 4916 1918 4968 illius
1957 4916 2322 4979 nativitatem,

760 5023 888 5067 ante
940 5013 1124 5065 omnia
1174 5011 1327 5064 illum
1380 5010 1644 5064 exsistere
1693 5010 1911 5064 saecula.
1962 5009 2096 5062 Cum
2151 5009 2316 5061 etiam

761 5107 1083 5177 priusquam
1109 5111 1231 5159 actu
1257 5105 1595 5174 gigneretur,
1624 5101 1865 5170 potentia
1889 5101 2053 5154 fuerit
2084 5100 2138 5153 in
2165 5099 2320 5154 Patre

763 5199 1043 5269 ingenito,
1094 5197 1254 5252 Patre
1308 5211 1527 5265 semper
1560 5196 1865 5249 exsistente
1911 5191 2108 5258 Patre,
2157 5192 2321 5246 sicuti

759 5305 980 5358 quoque
1014 5303 1140 5359 rege
1173 5303 1390 5358 semper
1421 5295 1478 5341 et
1508 5287 1786 5341 Salvatore
1814 5303 1828 5340 :
1863 5285 2102 5353 potentia
2136 5284 2321 5344 omnia

757 5382 1080 5441 exsisteute.
1115 5391 1440 5448 semperque
1469 5376 1771 5432 secundum
1806 5375 1996 5429 eadem
2026 5385 2081 5429 et
2125 5375 2323 5429 simili-

761 5481 844 5522 ter
881 5486 936 5522 se
971 5471 1224 5523 habente.
1261 5468 1386 5522 llaec
1419 5467 1598 5530 vobis,
1639 5466 1971 5526 charissimi,
2011 5465 2321 5519 necessario

2428 605 2622 671 νῆσθιι
2655 604 2722 654 τὰ
2751 604 2869 654 θεῖα
2907 600 3145 653 διδάσκει
3182 599 3359 665 λόγια,
3397 596 3490 649 τοῦ
3521 597 3724 664 τρόπον
3751 598 3849 666 τῆς
3883 615 4008 666 γεν-

2426 697 2636 764 νήσεως
2686 696 2778 746 καὶ
2813 693 3187 760 ἀνεκφραστου
3232 692 3328 742 καὶ
3377 689 3798 753 ἁνεπιλογίστου
3853 693 4008 762 πάσῃ

2426 789 2655 856 γεννητῇ
2706 785 2865 852 φύσει
2898 783 3276 852 τυγχάνοντος.
3309 780 3466 834 Οὕτω
3499 781 3553 833 δὲ
3587 783 3680 833 καὶ
3721 781 3781 832 τὸ
3811 782 4008 848 ὁμοού-

2428 897 2540 932 σιον
2567 877 2704 934 εἶναι
2735 879 2830 937 τοῦ
2858 876 3065 946 Πατρδς
3095 875 3186 927 τὸν
3218 873 3346 926 Υίὸν
3376 872 3767 940 ἐξεταζόμενος
3789 871 3816 926 ὁ
3844 873 4002 938 λόγος

2425 973 2757 1040 συνίστησιν,
2791 969 2852 1023 οὐ
2887 970 3028 1022 κατὰ
3058 968 3150 1020 τὸν
3187 967 3297 1020 τῶν
3334 965 3603 1032 σωμάτων
3625 963 3848 1029 τρόπον.
3879 964 4003 1022 οὐδὲ

2423 1066 2534 1125 τοῖς
2584 1061 2800 1129 θνητοῖς
2845 1060 3006 1123 ζώοις
3039 1059 3441 1128 παραπλησίως
3471 1073 3483 1090 ο
3533 1057 3656 1110 οὔτε
3701 1057 3810 1126 γὰρ
3861 1060 4003 1111 κατα

2422 1156 2690 1223 διαίρεσιν
2722 1153 2821 1222 τῆς
2849 1151 3058 1215 οὐσίας,
3091 1150 3216 1205 οὔτε
3241 1150 3382 1202 κατὰ
3404 1147 3708 1222 ἀποτομὴν,
3735 1148 3852 1199 ἀλλ’
3880 1149 4000 1206 οὐδὲ

2423 1245 2566 1296 κατά.
2596 1259 2647 1296 τι
2675 1243 2865 1307 πάθος,
2897 1242 3127 1312 τροπὴν,
3152 1240 3185 1312 ἢ
3215 1239 3505 1296 ἀλλοίωσιν
3544 1241 3638 1306 τῆς
3667 1237 3757 1290 τοῦ
3788 1239 4000 1306 Πατρδς

2421 1337 2726 1403 δυνάμεως.
2751 1333 2969 1390 Τούτων
2994 1334 3102 1402 γὰρ
3135 1334 3392 1390 ἁπάντων
3419 1332 3700 1400 ἀλλότριον
3727 1329 3869 1382 εἶναι
3902 1332 4000 1398 τὴν

2421 1429 2715 1497 ἀγέννητον
2750 1427 2959 1495 [ἰατρὸς
2993 1425 3153 1494 φύσιν
3180 1443 3195 1457 ’
3231 1423 3644 1492 παραστατικὸν
3680 1423 3734 1474 δὲ
3770 1418 3907 1472 εἶναι
3943 1422 4002 1471 τὸ

2421 1521 2708 1591 ὁμοούσιον
2749 1519 2828 1588 τῷ
2865 1522 3038 1587 ιιατρι
3084 1517 3176 1571 τοῦ
3219 1516 3493 1588 μηδεμίαν
3527 1516 3827 1584 ἐμφέρειαν
3860 1513 3997 1581 apii;

2419 1617 2487 1666 τὰ
2516 1611 2748 1680 γεννητὰ
2783 1611 3054 1677 κτίσματα
3073 1609 3163 1661 τὸν
3184 1608 3310 1663 Υίὸν
3341 1607 3434 1665 τοῦ
3467 1605 3603 1657 Θεοῦ
3637 1608 3827 1673 φέρειν
3849 1621 3861 1633 ·
3903 1605 4000 1672 μό-

2421 1721 2510 1760 νον
2562 1704 2619 1755 δὲ
2649 1702 2726 1770 τῷ
2767 1702 2946 1770 Πατρὶ
2973 1700 3049 1770 τῷ
3075 1700 3428 1769 γεγεννηκότι
3467 1699 3608 1751 κατὰ
3643 1699 3820 1748 πάντα
3866 1700 3997 1762 τριῖφ

2423 1816 2527 1851 πον
2556 1795 2969 1864 ἀφομοιοῦσθαι,
2995 1796 3186 1861 καὶμὴ
3216 1789 3354 1845 εἶναι
3384 1791 3443 1854 ιξ
3473 1793 3664 1860 ἑτέρας
3691 1790 3836 1848 τινος
3868 1791 4001 1842 ὑπο-

3798 1871 3842 1944 ᾧ
3903 1877 3998 1929 καὶ

2423 1978 2571 2044 αὐτῷ
2602 1977 2790 2029 τοῦτον
2823 1976 3212 2045 ἑρμηνευθέντι
3248 1975 3337 2025 τὸν
3373 1974 3468 2040 τρό
3483 1989 3594 2032 τον,
3637 1969 3814 2031 καλῶς
3847 1969 3995 2038 ἔχειν

2421 2069 2595 2136 ἐφάνη
2625 2065 3117 2133 συγκατατίθεσθαι
3138 2081 3152 2096 ⁸
3179 2065 3298 2117 ἐπεὶ
3321 2067 3410 2116 καὶ
3435 2064 3542 2114 τῶν
3575 2061 3820 2114 παλαιῶν
3847 2078 3998 2123 τινας

2419 2161 2633 2230 λογίους
2657 2162 2938 2225 ἐπιφανεῖς
2962 2158 3292 2218 ἐπισκόπους
3317 2157 3409 2208 καὶ
3445 2155 3799 2222 συγγραφέας
3827 2153 3997 2218 ἔγνω-

2422 2271 2523 2325 μεν
2544 2292 2559 2316 ,
2595 2252 2688 2306 ἐπὶ
2718 2252 2813 2318 τῆς
2839 2249 2932 2303 τοῦ
2962 2251 3167 2318 Πατρδς
3205 2248 3295 2299 καὶ
3326 2247 3418 2299 τοῦ
3456 2247 3582 2298 Υἱοῦ
3614 2246 3894 2308 θεολογίας
3921 2244 3997 2311 τῷ

2418 2345 2512 2408 τοῦ
2540 2345 2827 2413 ὁμοουσίον
2858 2342 3346 2410 συγχρησαμένους
3379 2339 3628 2406 ὀνόματι.
3674 2336 3862 2389 Ταῦτα
3897 2336 3996 2401 μὲν

2420 2437 2548 2505 περὶ
2587 2437 2682 2503 τῆς
2717 2434 3031 2502 ὲκτεθείσης
3100 2432 3339 2501 είρησἸω
3370 2432 3634 2488 πίστεως·
3755 2444 3996 2494 συνεφω-

2420 2527 2666 2596 νήσαμεν
2691 2527 2930 2585 ἅπαντες
2963 2524 3065 2575 οὐκ
3115 2522 3512 2585 ἀνεξετάστως.
3545 2519 3678 2572 ἀλλὰ
3721 2522 3865 2572 κατα
3898 2521 3993 2579 τας

2419 2618 2775 2678 ἁποδοθείσας
2810 2616 3073 2678 διανοίας,
3105 2615 3190 2666 ἐπ’
3216 2613 3379 2665 αὑτοῦ
3414 2613 3507 2665 τοῦ
3538 2609 3818 2679 θεοφιλοῦς
3843 2614 3910 2680 βα
3924 2628 3995 2662 1t-

2419 2711 2553 2772 λέως
2603 2707 3008 2773 ἑξετασθείσας,
3046 2708 3140 2757 καὶ
3189 2709 3298 2768 τοῖς
3349 2705 3660 2772 εἰρημένοις
3713 2703 3994 2770 λογισμοῖς

2421 2799 2971 2870 συνομολογηθείσας.
3031 2798 3140 2849 Καὶ
3185 2797 3276 2849 τὸν
3325 2794 3769 2864 ἀναθεματισμὸν
3807 2795 3862 2845 δὲ
3903 2794 3994 2844 τὸν

2421 2894 2558 2962 μετὰ
2606 2892 2706 2964 τὴν
2741 2893 2921 2943 πίστιν
2963 2889 3099 2958 προς
3135 2888 3314 2940 αὐτῶν
3349 2888 3575 2939 τεθέντα
3630 2887 3818 2938 ὁεκτὸν
3855 2883 3994 2937 εἶναι

2418 2985 2781 3056 ἡγησάμεθα,
2821 2984 2907 3034 δια
2938 2983 2998 3035 τὸ
3030 2983 3319 3049 ἀπείργειν
3369 2981 3641 3049 ἀγράφοις
3685 2977 3995 3047 χρησασθαι

2420 3079 2622 3145 φωναῖς
2646 3095 2659 3109 ο
2698 3075 2765 3127 δι’
2802 3075 2866 3134 ἃς
2899 3075 3084 3144 σχεδὸν
3115 3077 3263 3127 πᾶσα
3306 3075 3550 3138 ἐγεγόνει
3597 3073 3860 3140 σύγχυσις
3902 3071 3994 3121 καὶ

2347 3196 2390 3252 C
2421 3169 2799 3224 ἀκαταστασία
2843 3168 2938 3235 τῆς
2984 3165 3330 3234 Ἐκκλησίας.
3367 3165 3653 3232 Μηδεμιᾶς
3697 3162 3828 3228 γοῦν
3873 3161 3994 3213 θεο-

2425 3263 2689 3325 πνεύστου
2731 3260 2954 3328 Γραφῆς
3005 3260 3082 3322 τὸ,
3127 3257 3216 3325 Ἐξ
3279 3259 3378 3310 οὐκ
3401 3256 3589 3319 ὄντων,
3622 3257 3714 3308 καὶ
3751 3256 3830 3319 τὸ,
3885 3250 3993 3306 Ἦν

2425 3357 2555 3409 ποτὲ
2577 3357 2664 3407 ὅτε
2695 3356 2794 3406 οὐκ
2822 3349 2912 3422 ἦν,
2941 3355 3164 3412 καὶτοῖς
3193 3351 3316 3417 ἑξῆς
3346 3350 3760 3418 ἐπιλεγομένοις
3793 3365 3994 3417 κεχρη-

2428 3449 2617 3517 μένης,
2655 3449 2755 3500 οὑκ
2788 3445 3007 3512 ὠλογον
3045 3446 3218 3514 ἐφάνη
3249 3442 3422 3494 ταῦτα
3453 3443 3546 3495 καὶ
3581 3441 3758 3507 λέγειν
3789 3442 3886 3496 καὶ
3917 3440 3993 3491 δι-

2421 3539 2640 3591 δάσκειν
2659 3554 2673 3568 ·
2705 3537 2796 3590 καὶ
2819 3536 2965 3605 αὐτῷ
2992 3535 3173 3595 καλῶς
3201 3535 3414 3597 δόξαντι
3457 3530 3795 3600 συνεθέμεθα
3822 3547 3835 3559 ·
3873 3532 3995 3584 ἐπεὶ

2426 3631 2559 3699 μηδὲ
2581 3633 2634 3680 ὲν
2661 3630 2734 3698 τῷ
2759 3629 2864 3698 πρὸ
2890 3628 3078 3679 τούτου
3110 3627 3284 3696 χρόνῳ
3309 3624 3516 3684 τούτοις
3545 3625 3831 3688 εἰώθειμεν
3865 3639 3994 3688 συγ-

2423 3722 2659 3790 χρῆσθαι
2679 3723 2791 3782 τοῖς
2825 3722 3054 3789 ῥήμασι.
3088 3719 3207 3770 Ἔτι
3247 3719 3352 3786 μὴν
3380 3716 3440 3768 τὸ
3470 3713 3993 3784 ἁναθεματίζεσθαι,

2423 3814 2495 3866 Τὸ
2530 3814 2634 3880 πρὸ
2655 3811 2746 3863 τοῦ
2777 3811 3103 3879 γεννηθῆναι
3124 3810 3222 3860 οὑκ
3242 3804 3330 3879 ἦν,
3348 3809 3447 3860 οὐκ
3476 3806 3678 3860 ἄτοπον
3703 3807 3985 3875 ἐνομίσθη,

2422 3906 2481 3955 τὴ
2505 3906 2653 3972 παρὰ
2680 3905 2814 3954 πᾶσι
2845 3903 2943 3970 μὲν
2974 3900 3358 3970 ὁμολογεῖσθαι
3383 3895 3524 3952 εἶναι
3559 3899 3718 3952 αὑτὸν
3749 3898 3876 3951 Υἱδν
3897 3899 3992 3951 τοῦ

2424 3998 2561 4051 θεοῦ
2594 3999 2688 4050 καὶ
2730 3997 2836 4067 πρὸ
2869 3999 2965 4065 τῆς
3003 3996 3142 4048 κατα
3175 3996 3353 4062 σάρκα
3403 3994 3730 4062 γεννήσεως.
3763 3994 3907 4062 Ἤδη
3935 3994 3990 4053 δὲ

2422 4092 2450 4143 ὁ
2500 4088 2756 4159 θεοφιλὴς
2794 4088 2952 4158 ἡμῶν
2991 4086 3250 4155 βασιλεὺς
3297 4085 3373 4153 τῷ
3415 4084 3555 4154 λόγῳ
3618 4085 3992 4149 κατεσκεύαζε

2425 4181 2568 4234 κατὰ
2618 4181 2717 4250 τὴν
2760 4179 2941 4231 ἔνθεον
2993 4177 3158 4230 αὐτοῦ
3200 4177 3452 4245 γέννησιν
3503 4177 3564 4229 τὸ
3614 4177 3721 4247 πρὸ
3773 4178 3994 4234 πάντων

2426 4272 2638 4324 αἰώνων
2699 4267 2839 4322 εἶναι
2889 4269 3086 4322 αὐτόν·
3125 4267 3247 4320 ἐπεὶ
3295 4269 3389 4321 καὶ
3426 4268 3554 4337 πρὶν
3583 4269 3832 4338 ἐνεργείᾳ
3865 4287 3994 4338 γενι-

2423 4364 2674 4432 νηθῆναι,
2708 4362 2936 4432 δυνάμει
2969 4357 3037 4431 ἦν
3067 4361 3125 4412 ὲν
3153 4359 3230 4429 τῷ
3259 4361 3434 4428 Πατρὶ
3465 4361 3796 4428 ἁγεννήτως,
3840 4360 3993 4426 ὄντος

2425 4455 2521 4508 τοῦ
2571 4457 2783 4524 Πατρὶς
2829 4454 2917 4507 ἀεὶ
2949 4454 3184 4522 Πατρὺς,
3233 4452 3307 4514 ὡς
3353 4457 3445 4505 καὶ
3477 4451 3740 4520 βασιλέως
3774 4453 3864 4504 ἀεὶ
3901 4464 3995 4506 και

2351 4528 2402 4587 D
2428 4548 2700 4619 Σωτῆρος,
2736 4549 2828 4599 καὶ
2856 4545 3086 4614 δυνάμει
3123 4545 3301 4598 πάντα
3329 4546 3503 4606 ὄντος,
3534 4543 3619 4596 ἀεί
3645 4559 3706 4596 τε
3737 4544 3881 4596 κατὰ
3927 4546 3997 4598 τὰ

2422 4639 2566 4690 αὐτὰ
2591 4640 2684 4692 καὶ
2713 4636 2976 4700 ὡσαύτως
3007 4635 3245 4706 ἔχοντος.
3279 4635 3461 4688 Ταῦτα
3513 4636 3642 4704 ὑμῖν
3675 4635 3993 4702 ἀναγκαίως

2422 4728 2866 4797 διεπεμψάμεθα,
2899 4728 3196 4797 ἀγαπητοὶ,
3227 4727 3294 4779 τὰ
3323 4727 3624 4796 κεκριμένα
3657 4726 3758 4794 τῆς
3788 4727 3992 4794 ἡμετέ-

2427 4839 2524 4887 ρας
2555 4820 2854 4885 ὲξετάσεώς
2883 4837 2942 4872 τε
2981 4819 3078 4874 καὶ
3108 4819 3589 4886 συγκαταθέσεως,
3622 4819 3831 4888 φανερὰ
3863 4818 3997 4872 καθ-

2428 4913 2674 4974 ιστάντες
2694 4927 2707 4942 ο
2739 4913 2814 4976 ὠς
2843 4912 3079 4977 εὐλόγως
3109 4912 3240 4965 ποτὶ
3276 4913 3374 4978 μὲν
3409 4913 3501 4963 καὶ
3532 4914 3725 4980 μέχρις
3758 4912 3997 4980 ὑστάτης

2427 5003 2574 5073 ὥρας
2621 5005 2919 5072 ίστάμεθα,
2966 5005 3090 5059 ὅθεν
3129 5006 3261 5073 ἡμῖν
3309 5003 3378 5055 τὰ
3409 5003 3662 5072 ὲτεροίως
3715 5004 3994 5071 γραφέντα

2431 5097 2774 5166 προσέκοπτε
2808 5112 2822 5128 ο
2851 5097 2973 5148 τότε
3016 5095 3074 5148 δὲ
3101 5096 3463 5164 ἀφιλονείκως
3499 5094 3566 5147 τὰ
3600 5093 3675 5164 μὴ
3719 5093 3996 5146 λυποῦντα

2428 5188 2859 5257 καταδεξάμεθα,
2891 5187 2970 5240 ὅθ’
3002 5189 3131 5258 ἡμῖν
3165 5187 3528 5256 εὐγνωμόνως
3556 5187 3667 5239 τῶν
3699 5187 3874 5253 λόγων
3913 5186 3996 5251 ἐξ·

2427 5282 2678 5346 ετάζουσι
2727 5284 2823 5352 τὴν
2873 5284 3128 5350 διάνοιαν,
3192 5284 3413 5353 ἐμφανῆ
3475 5281 3794 5352 σύμπραξιν
3849 5283 3995 5350 ἔχειν

2423 5375 2570 5438 ἔδοξε
2625 5377 2737 5436 τοῖς
2786 5374 2876 5441 ὑφ’
2926 5373 3085 5443 ἡμῶν
3137 5373 3318 5427 αὐτῶν
3369 5374 3427 5426 ὲν
3476 5375 3543 5440 τῇ
3595 5372 3994 5444 προεκτεθείσῃ

2429 5467 2607 5518 πίστει
2637 5466 3099 5536 ὡμολογημένοις.
3138 5484 3158 5516 ι

760 5563 1150 5631 perscribeuda
1185 5564 1520 5630 putavimus,
1549 5573 1609 5614 ut
1641 5575 1758 5628 quae
1797 5559 2235 5628 disquisitionem
2279 5569 2334 5611 et
2369 5559 2742 5615 assensionem
2804 5571 3046 5615 nostram
3108 5558 3404 5614 subsecuta
3429 5559 3539 5613 sint
3565 5556 3784 5611 detreta
3812 5553 3992 5608 decla-

765 5675 984 5726 rarem,
1035 5671 1089 5714 ct
1132 5660 1358 5730 pulchre
1411 5660 1646 5727 primqu
1692 5657 1912 5726 quidem
1965 5656 2029 5710 ad
2082 5656 2328 5710 ultimam
2370 5671 2542 5726 usque
2598 5658 2785 5711 horam
2825 5659 3038 5712 stetisse
3073 5672 3171 5712 nos
3216 5655 3627 5725 intelligerctis,
3700 5665 3824 5708 cum
3893 5664 3992 5706 nos

835 5826 910 5890 (li
945 5826 998 5879 lu
1033 5826 1114 5880 his
1156 5835 1236 5880 cst
1268 5825 1513 5882 Justinus
1545 5824 1761 5884 Martvr.
