4250 6450
716 364 787 424 95
1927 358 2350 418 NlCEl'IlORI
2387 356 2737 415 (SALLlSTl
3909 348 3977 415 96

723 477 890 526 [seum
926 474 1103 541 pictas
1133 480 1401 524 servetur.
1440 470 1697 525 Sedcnim
1726 486 1848 523 cum
1879 471 2040 522 aliter
2063 469 2287 521 omnino
2322 470 2365 526 Α
2393 484 2401 498 ε

2322 470 2365 526 Α
2393 465 2484 518 τὸν
2519 465 2804 534 παγκρατῆ
2837 462 2970 515 Θεὸν
2999 461 3252 514 εὐσέϐεια
3282 462 3541 532 τηρῆται.
3585 461 3724 516 Ἀλλ’
3767 462 3888 516 ἐπεὶ
3914 465 3974 536 δή

719 569 832 618 licri
881 583 988 618 non
1043 575 1248 634 posset,
1287 565 1450 635 584
1491 574 1547 618 ut
1583 564 1721 617 ordo
1766 562 1984 616 stabilis
2009 572 2065 615 et
2101 559 2292 612 ﬁrmus

713 661 1179 719 constitueretur,
1214 657 1317 709 nisi
1355 659 1517 711 simul
1549 673 1763 721 omnes,
1798 667 1892 710 aut
1921 664 2072 710 certe
2104 655 2290 724 plures

713 753 963 816 episcopi
1004 747 1388 810 convenirent,
1416 755 1471 799 et
1506 747 1572 800 de
1603 763 1658 800 re
1692 747 1935 815 qnalihet
1961 745 2027 798 ad
2059 743 2290 797 sanctis-

716 842 913 893 simam
972 841 1292 906 religionem
1356 839 1671 905 pertinente
1732 837 2131 907 diiudicarent,
2171 834 2290 902 ejus

716 933 797 984 rei
834 931 1029 997 gratia,
1066 946 1228 997 (piam
1273 930 1391 983 fieri
1425 930 1604 999 petuit
1647 930 1899 997 plurimis
1943 926 2173 988 coactis,
2204 939 2290 978 me

716 1039 936 1090 quoque
996 1021 1221 1090 perinde
1271 1033 1434 1089 atque
1487 1037 1596 1073 uno
1630 1022 1818 1090 aliquo
1857 1037 1924 1074 ex
1964 1019 2122 1073 vobis
2157 1019 2287 1088 (non

713 1116 862 1165 enim
913 1113 1247 1182 negaverim.
1293 1130 1402 1183 quo
1454 1115 1691 1167 maxime
1738 1115 1913 1175 laator,
1963 1126 2288 1166 conservum

717 1217 964 1257 vestrum
1009 1221 1093 1258 me
1127 1207 1270 1270 (359(2)
1305 1220 1592 1272 praesente,
1629 1222 1800 1274 usque
1834 1204 1974 1258 adeo
2010 1203 2194 1257 omnia
2233 1201 2288 1254 in

713 1298 957 1350 debitam
998 1308 1124 1350 sunt
1157 1297 1604 1366 disquisitionem
1634 1308 1850 1359 vocata,
1882 1311 2170 1363 quousque
2202 1309 2289 1347 re-

717 1405 839 1442 rum
883 1389 1129 1442 omnium
1173 1390 1474 1456 inSpectori
1509 1392 1619 1443 Deo
1655 1389 1851 1457 placita
1891 1388 2187 1448 sententia.
2221 1384 2289 1439 ad

717 1478 1119 1532 consentientis
1181 1479 1406 1532 unitatis
1459 1480 1808 1532 concomiam
1872 1476 2292 1540 stabiliendam,

717 1572 772 1624 in
825 1572 1001 1625 lucem
1041 1579 1124 1625 est
1164 1579 1434 1639 protracta
1458 1608 1475 1635 ,
1507 1570 1579 1624 ita
1615 1580 1671 1623 ut
1727 1570 1861 1622 nihil
1898 1569 2003 1636 iam
2040 1568 2184 1637 quod
2219 1567 2287 1622 ad

716 1663 1119 1716 dissensionem
1156 1672 1252 1714 aut
1288 1661 1649 1732 professionis
1698 1661 1824 1714 ﬁdei
1876 1660 2288 1729 ambiguitatem

714 1753 896 1808 facere
942 1764 1148 1823 posset.
1191 1754 1261 1808 sit
1304 1755 1576 1808 relictum.
1618 1753 1721 1809 Ubi
1764 1769 1889 1808 cum
1945 1754 2010 1807 de
2058 1751 2292 1806 sanctis-

2392 557 2553 610 τοῦτο
2605 557 2809 621 ἑτέρως
2840 556 2937 626 οὐχ
2984 552 3098 608 οἷόν
3149 573 3208 608 τε
3241 550 3328 625 ἦν,
3361 555 3556 625 ἀκλινῆ
3605 557 3698 608 καὶ
3753 556 3976 624 βεϐαίαν

2392 650 2546 714 τάξιν
2576 649 2778 713 λαϐεῖν,
2820 650 2868 701 εἰ
2922 649 2996 719 μὴ
3028 650 3107 712 είς
3134 649 3297 701 ταυτὸ
3339 649 3553 701 πάντων
3581 650 3736 718 ὁμοῦ,
3775 652 3805 719 ἧ
3869 651 3974 702 τῶν

2396 743 2525 809 γοῦν
2595 743 2856 794 πλειόνων
2919 743 3233 795 ἐπισκόπων
3298 742 3686 804 συνελθόντων,
3745 744 3967 797 ἑκασττν

2392 835 2498 886 τῶν
2531 835 2918 902 προσηκόντων
2964 836 3029 904 τῇ
3083 835 3664 903 ἀγιωτάτῃθρησκεία
3704 835 3974 902 διάκρισς

2392 927 2622 992 γένοιτο’
2657 926 2846 976 τούτου
2879 927 3063 978 ἕνεκεν
3100 926 3366 978 πλείστων
3396 929 3536 977 ὅσων
3564 926 3980 994 συναθροισθέν-

2390 1033 2520 1078 των,
2557 1021 2653 1072 καὶ
2685 1018 2842 1079 αὐτὸς
2871 1018 2950 1080 δὲ,
2994 1018 3246 1086 καθάπερ
3279 1012 3357 1080 εἷς
3388 1017 3446 1082 ἐξ
3476 1018 3652 1086 ὑμῶν,
3690 1020 3977 1085 τυγχάνων

2395 1109 2703 1178 συμπαρὼν
2734 1111 2752 1180 (
2786 1111 2846 1162 ού
2878 1110 2987 1177 γάρ
3045 1111 3398 1179 ἀρνησαίμην
3432 1112 3497 1162 ἂν
3549 1111 3634 1177 ἐφ’
3661 1104 3703 1174 ᾧ
3739 1111 3976 1176 μάλιστα

2395 1202 2594 1270 χαίρω,
2635 1201 2994 1272 συνθεράπων
3037 1204 3300 1272 ὑμέτερος
3333 1202 3697 1269 πεφυκέναι),
3726 1202 3855 1269 ἄχρι
3881 1218 3974 1252 το-

2394 1293 2589 1346 σούτου
2620 1293 2834 1346 ἅπαντα
2868 1294 2966 1362 τῆς
2994 1294 3380 1364 προσηκούσης
3420 1294 3722 1362 τετύχηκεν
3777 1293 3970 1355 ἐξετά-

2394 1401 2551 1449 σεως,
2584 1385 2738 1454 ὅχρις
2763 1383 2822 1436 οὗ
2858 1387 2890 1454 ἠ
2927 1384 3000 1453 τῷ
3032 1385 3140 1434 τῶν
3190 1385 3406 1436 πάντων
3441 1385 3622 1454 ὲφόρῳ
3671 1383 3787 1449 Θεῴ
3845 1383 3976 1449 ἀρέ-

2396 1494 2599 1529 σκουσα
2638 1478 2833 1546 γνώμη
2869 1477 3005 1546 πρὸς
3051 1475 3150 1546 τὴν
3195 1479 3292 1546 τῆς
3344 1477 3596 1545 ἑνότητος
3653 1475 3974 1543 συμφωνίαν

2394 1571 2473 1630 είς
2506 1567 2622 1636 φῶς
2656 1569 2930 1637 προήχθη,
2956 1568 3031 1626 ὡς
3065 1567 3230 1636 μηδὲν
3259 1568 3337 1619 ἔτι
3401 1568 3538 1635 πρὸς
3593 1565 3881 1634 διχόνοιαν,
3938 1564 3971 1632 ἦ

2396 1662 2629 1720 πίστεως
2688 1664 3101 1733 ἀμφισϐήτησιν
3174 1662 3589 1716 ὑπολείπεσθαι.
3651 1659 3820 1712 Ἔνθα
3881 1657 3974 1710 καὶ

2394 1756 2524 1825 περὶ
2571 1756 2666 1824 τῆ;
2698 1756 2789 1808 τοῦ
2829 1756 3017 1824 Πάσχα
3068 1755 3378 1823 ἁγιωτάτης
3435 1755 3643 1823 ἡμέρας
3674 1753 3974 1821 γενομένης

717 1848 859 1900 εἶιιιο
909 1849 1075 1901 etiam
1139 1848 1424 1902 Paschatis
1482 1848 1570 1901 die
1635 1847 1868 1915 quaestio
1929 1857 2075 1900 esset
2131 1817 2362 1900 exor-B

2318 1817 2362 1874 Β
2395 1844 2694 1915 ζητήσεως,
2724 1844 2866 1908 ἔδοξε
2899 1847 3050 1914 κοινῇ
3084 1843 3300 1913 γνώμῃ,
3332 1844 3514 1904 καλῶς
3544 1843 3688 1911 ἔχειν
3717 1842 3807 1893 ἐπὶ
3839 1859 3878 1908 μ
3906 1842 3972 1901 ἃς

720 1949 795 2004 ta,
840 1942 1132 1994 sententiis
1179 1941 1424 1994 omnium
1484 1939 1766 1994 decretum
1815 1947 1920 2002 est,
1964 1938 2285 2003 convenire,

723 2041 779 2081 ut
815 2029 865 2081 id
899 2029 1092 2083 eodem
1144 2039 1388 2097 tempore
1434 2029 1501 2082 ab
1548 2029 1798 2082 onmibus
1831 2027 2032 2096 ubique
2066 2041 2290 2096 peraga-

724 2130 833 2176 tur.
870 2122 1011 2186 Quid
1063 2122 1208 2176 enim
1261 2121 1418 2176 nobis
1463 2137 1584 2176 esse
1631 2131 1812 2190 potest
1848 2120 1934 2176 vel
1977 2118 2286 2190 pulchrius,

721 2213 807 2264 vel
857 2213 1097 2281 gravius.
1137 2228 1300 2282 quam
1348 2215 1394 2266 si
1445 2212 1491 2267 is
1539 2213 1658 2265 dies
1705 2211 1902 2275 festus,
1944 2210 2089 2264 unde
2133 2224 2286 2278 spem

724 2304 1158 2358 immortalitatis
1198 2305 1564 2374 percepimus,
1602 2320 1711 2358 uno
1752 2303 1945 2357 ordine
1983 2311 2039 2356 et
2083 2301 2288 2356 celebri

722 2399 832 2450 ritu
863 2396 932 2449 ab
961 2397 1218 2450 omnibus
1246 2405 1397 2450 certo
1429 2396 1821 2450 inviolabiliter
1851 2396 2181 2464 peragatur?
2211 2395 2288 2448 Ac

723 2486 962 2553 primum
1011 2486 1228 2554 quidem
1278 2486 1498 2555 indigna
1554 2501 1643 2540 res
1693 2485 1834 2548 fuit,
1879 2485 2286 2538 sanctissimum

723 2593 850 2629 eum
894 2577 1039 2629 diem
1080 2577 1382 2632 imitatione
1429 2587 1592 2644 atque
1642 2575 2041 2630 consuetudine
2074 2575 2290 2630 Judazo-

723 2683 845 2719 rum
897 2669 1197 2732 celebrare,
1236 2671 1325 2737 qui
1370 2669 1621 2721 manibus
1667 2668 1784 2722 suis
1833 2668 2045 2722 nefario
2083 2667 2288 2737 ﬂagitio

724 2760 1132 2825 contaminatis,
1164 2774 1272 2814 non
1318 2759 1518 2830 injuria
1551 2775 1770 2829 quoque
1801 2761 1998 2813 animis
2030 2770 2155 2812 sunt
2191 2773 2283 2810 cx-

724 2853 948 2912 czecati,
1005 2853 1254 2907 homines
1305 2853 1579 2906 scelerati.
1635 2852 1836 2917 Quidni
1888 2852 2032 2906 enim
2090 2852 2287 2912 lict-at,

725 2953 886 3012 gente
914 2959 975 2997 ea
1012 2945 1232 3013 rejecta,
1268 2945 1502 2997 rectiore
1530 2944 1856 3014 verioreque
1885 2944 2100 3006 ordine,
2127 2957 2287 3011 quem

725 3051 754 3088 a
802 3037 975 3103 primo
1031 3035 1301 3104 passionis
1347 3035 1437 3089 die
1487 3035 1773 3103 hucusque
1821 3036 2182 3099 servavimus,
2224 3036 2289 3088 ad

727 3129 909 3180 futura
961 3142 1180 3194 quoque
1227 3126 1422 3179 saecula
1475 3127 1877 3180 observationis
1921 3127 2081 3197 hujus
2123 3127 2287 3180 ritum

728 3218 1139 3272 transmittere?
1170 3216 1354 3286 Itaque
1389 3217 1524 3270 nihil
1555 3219 1712 3272 vobis
1741 3234 2031 3272 commune
2064 3219 2130 3271 sit
2165 3236 2288 3273 cum

729 3309 1086 3362 inestissima
1133 3307 1446 3365 Judaaorum
1503 3309 1682 3362 turba.
1720 3308 1894 3362 Aliam
1942 3309 2213 3378 siquidem
2261 3324 2291 3362 a

729 3397 1010 3451 Salvatore
1055 3398 1364 3466 accepimus
1417 3397 1584 3451 viam.
1623 3397 1942 3467 Propositus
1979 3411 2062 3452 cst
2114 3414 2293 3454 sacra-

731 3491 959 3544 tissima:
999 3489 1245 3558 religioni
1283 3499 1486 3544 nostra:
1525 3505 1659 3545 suus
1698 3505 1913 3550 cursus,
1953 3501 2008 3545 et
2049 3491 2292 3560 legitima

728 3597 846 3649 qua:
891 3581 1035 3633 illam
1077 3581 1269 3636 deccat
1307 3583 1512 3652 regula,
1543 3599 1704 3652 quam
1747 3583 1988 3637 unanimi
2021 3599 2292 3638 consensu

729 3673 1180 3742 complcctentes,
1218 3688 1317 3726 nos
1351 3673 1498 3742 ipsos
1527 3689 1554 3726 a
1585 3673 1725 3728 {uada
1757 3674 1846 3727 illa
1874 3675 2206 3728 conscientia
2237 3684 2293 3729 et

731 3765 994 3817 societate
1047 3765 1427 3828 retrahamus,
1475 3766 1674 3820 fratres
1719 3767 2186 3822 reverendissimi.
2228 3768 2296 3822 Et

732 3854 979 3923 profecto
1028 3855 1274 3908 eiiinium
1328 3855 1782 3910 absurdissimum
1836 3867 1952 3922 est,
2010 3858 2134 3912 illos
2184 3859 2297 3930 glo-

732 3947 927 3999 riando
951 3947 1182 4016 jactare,
1211 3949 1357 4003 hisce
1380 3949 1738 4003 observandis
1774 3965 1872 4004 nos
1903 3948 2152 4005 sufﬁcere
2185 3967 2292 4006 non

729 4053 889 4107 posse
913 4039 1119 4108 absque
1149 4040 1366 4094 illorum
1398 4040 1650 4093 doctrina
1675 4052 1730 4095 et
1753 4043 2094 4112 praescripto.
2126 4043 2297 4110 Quid-

732 4143 857 4180 nam
891 4144 1018 4182 vero
1063 4129 1136 4182 illi
1185 4137 1330 4182 recte
1367 4131 1572 4184 sentire
1605 4139 1661 4185 et
1694 4147 1888 4201 sapere
1919 4141 2172 4202 possunt,
2200 4134 2295 4204 qui

733 4229 858 4287 post
889 4218 1033 4273 illam
1074 4221 1288 4274 Domini
1329 4221 1533 4276 eadem
1571 4224 1844 4278 mentibus
1869 4227 2036 4294 capti,
2068 4241 2177 4279 non
2210 4243 2297 4281 ra-

739 4311 885 4361 tione
916 4312 1121 4378 aliqua,
1149 4313 1241 4365 sed
1278 4311 1563 4382 impotenti
1594 4315 1824 4382 impetu,
1849 4330 2176 4386 quocunque
2201 4332 2296 4373 eos

734 4400 937 4456 insitus
969 4404 1198 4471 impellit
1224 4403 1396 4470 furor,
1426 4404 1730 4459 ducuntur?
1755 4405 1928 4472 Quam
1955 4408 2026 4462 ob
2051 4424 2293 4475 causam,

2395 1935 2606 2005 ἡμέρας
2641 1935 2848 1996 πάντας
2889 1937 3014 1998 τοὺς
3063 1935 3380 2004 ἁπανταχοῦ
3413 1935 3683 1987 ἐπιτελεῖν
3719 1950 3732 1964 '
3763 1935 3814 1986 τί
3865 1934 3973 2002 γάρ

2396 2030 2527 2097 ἡμῖν
2559 2027 2797 2089 κάλλιον,
2829 2028 2879 2078 τί
2923 2027 2978 2080 δὲ
3029 2027 3354 2096 σεμνότερον
3409 2026 3648 2092 ὑπάρξαι
3683 2026 3971 2094 δυνήσεται

2395 2119 2486 2172 τοῦ
2516 2118 2614 2189 τὴν
2638 2119 2829 2188 ἑορτὴν
2856 2118 3084 2186 ταύτην,
3115 2117 3244 2186 παρ’
3281 2115 3349 2190 ἦς
3392 2119 3491 2186 τὴν
3538 2118 3634 2187 τῆς
3671 2117 3973 2179 ἀθανασίας

2396 2211 2705 2280 εἰλήφαμεν
2757 2211 2969 2275 ἐλπίδα,
3036 2212 3134 2280 μιᾷ
3189 2211 3343 2274 τάξει
3405 2210 3501 2262 καὶ
3553 2209 3773 2277 φανερῷ
3827 2209 3972 2277 λόγῳ

2396 2301 2548 2369 παρὰ
2573 2303 2740 2353 πᾶσιν
2765 2301 3121 2365 ἀδιαπτώτως
3151 2301 3552 2370 φυλάττεσθαις
3593 2301 3699 2354 Καὶ
3754 2303 3970 2370 πρῶτον

2399 2394 2498 2461 μὲν
2548 2393 2764 2455 ἀνάξιον
2810 2393 2986 2457 ἔδοξεν
3043 2389 3186 2445 εἶναι
3234 2394 3330 2461 τὴν
3388 2394 3700 2461 ἁγιωτάτην
3755 2393 3971 2461 ἐκείνην

2396 2484 2586 2553 ἑορτὴν
2616 2487 2679 2552 τῇ
2711 2483 2817 2536 τῶν
2868 2482 3135 2534 Ἰουδαίων
3178 2484 3481 2550 ἑπομένους
3542 2483 3799 2552 συνηθείᾳ
3839 2483 3971 2553 πλη-

2399 2572 2548 2643 ροῦν,
2574 2573 2622 2624 οἳ
2654 2575 2750 2636 τάς
2788 2574 2999 2626 ἑαυτῶν
3029 2577 3216 2644 χεῖρας
3247 2574 3492 2644 ἀθεμίτῳ
3533 2576 3968 2644 πλημμελήματι

2396 2667 2712 2734 χράναντες,
2765 2667 2989 2730 εἰκότως
3032 2668 3130 2728 τάς
3168 2667 3345 2736 ψυχας
3386 2669 3434 2720 οἱ
3487 2671 3674 2737 μιαροὶ
3721 2668 3968 2735 τυφλώτρ

2394 2775 2598 2810 τουσιν.
2636 2758 2853 2824 Ἔξεστι
2888 2759 3015 2827 γὰρ,
3041 2757 3136 2810 ταῦ
3183 2759 3368 2821 ἔθνους
3398 2760 3816 2828 ἀποϐληθέντος,
3842 2761 3970 2830 άλη-

2399 2849 2631 2920 θεστὲρᾳ
2679 2851 2829 2906 τάξει
2864 2851 2928 2919 ἢν
2960 2852 3023 2901 ἐκ
3076 2851 3299 2920 πρώτης
3357 2850 3453 2904 τοῦ
3504 2852 3709 2909 πάθους
3753 2853 3968 2921 ἡμέρας

2401 2942 2558 3012 μέχρι
2600 2941 2694 2995 τοῦ
2734 2943 2996 3011 παρόντος
3032 2943 3396 3010 ὲφυλάξαμεν,
3432 2944 3522 2997 καὶ
3553 2945 3644 2996 ἐπὶ
3677 2946 3801 3005 τοὺς
3840 2943 3970 3012 μέλ-

2396 3034 2588 3094 λοντας
2620 3036 2822 3098 αἰῶνας
2871 3036 2968 3105 τὴν
2992 3040 3091 3107 τῆς
3151 3039 3529 3108 ἐπιτηρήσεως
3575 3038 3780 3106 ταύτης
3830 3055 3970 3106 συμ-

2316 3166 2360 3224 c
2399 3126 2676 3195 πλήρωσιν
2742 3125 3074 3192 ἐγγίνεσθαι.
3135 3126 3318 3194 Μηδὲν
3385 3128 3566 3178 τοίνυν
3626 3128 3767 3179 ἔστω
3839 3126 3968 3195 ὑμῖν

2396 3215 2571 3268 κοινὸν
2618 3214 2756 3282 μετὰ
2805 3215 2900 3268 τοῦ
2967 3216 3212 3284 ἐχθίστου
3278 3217 3386 3268 τῶν
3455 3217 3721 3270 Ἰουδαίων
3782 3217 3966 3286 ὄχλου.

2394 3304 2716 3375 Εἰλήφαμεν
2766 3307 3052 3376 γὰρπαρὰ
3107 3307 3201 3360 τοῦ
3262 3307 3513 3379 Σωτῆρος
3576 3309 3768 3376 ἑτέραν
3825 3307 3966 3361 ὀδόν.

2394 3399 2683 3467 Πρόκειται
2715 3398 2820 3467 γὰρ
2868 3397 3068 3469 δρόμος
3094 3402 3157 3467 τῇ
3189 3397 3454 3470 ἱερωτάτη
3491 3399 3646 3468 ἡμῶν
3679 3399 3966 3470 Θρησκείᾳ,

2395 3493 2487 3544 καὶ
2509 3489 2729 3559 νομικὸς
2764 3491 2943 3543 κανὼν
2975 3491 3068 3544 καὶ
3100 3490 3328 3561 πρέπων
3350 3491 3545 3561 τούτῳ,
3571 3485 3631 3545 οὗ
3657 3492 3968 3561 συμφώνως

2393 3581 2917 3651 ἀντιλαμϐανόμενοι
2939 3582 3040 3648 τῆς
3073 3583 3306 3653 αἰσχρᾶς
3343 3586 3558 3654 ἐκείνης
3590 3586 3818 3646 ἑαυτοὺς
3846 3602 3970 3638 συν-

2394 3674 2675 3744 ειδήσεως,
2734 3675 3167 3745 ἀποσπάσωμεν,
3197 3676 3415 3744 ἀδελφοὶ
3441 3677 3782 3745 τιμιώτατοι.
3813 3679 3970 3731 Ἐστι

2395 3767 2502 3838 γάρ
2535 3769 2609 3830 ώς
2647 3765 2861 3835 άληθῶς
2889 3767 3241 3820 ἀτοπώτατον
3270 3766 3508 3832 ὲκείνους
3526 3769 3733 3839 αὐχεῖν,
3763 3769 3838 3832 ὡς
3865 3769 3973 3839 ἀρα.

2398 3859 2670 3927 παρεκτὸς
2699 3859 2798 3928 τῆς
2841 3858 3022 3912 αὐτῶν
3060 3859 3408 3922 διδασκαλίας
3451 3859 3622 3914 ταῦτα
3678 3861 3971 3926 φυλάττειν

2397 3951 2496 4003 οὐκ
2519 3949 2684 4018 ἐσμὲν
2719 3949 2912 4003 ἱκανοί.
2943 3950 3006 4002 Τί
3045 3951 3101 4003 δὲ
3137 3953 3355 4018 φρονεῖν
3386 3951 3584 4004 ἐκεῖνοι
3614 3952 3773 4021 ὀρθὸν
3816 3951 3973 4022 δυνή-

2399 4059 2603 4105 σονται,
2640 4043 2688 4094 οἳ
2719 4042 2857 4112 μετὰ
2895 4042 2994 4110 τὴν
3026 4043 3427 4113 Κυριοκτονίαν
3451 4044 3665 4114 ἐκείνην
3695 4044 3804 4096 τῶν
3835 4061 3973 4114 φρε-

2398 4135 2505 4188 νῶν
2529 4135 2841 4201 ἐκστάντες,
2872 4136 3097 4202 ἄγονται
3141 4137 3202 4187 ού
3235 4135 3480 4204 λογισμῷ
3520 4151 3647 4195 τινι.
3679 4135 3792 4188 ἀλλ’
3826 4136 3972 4205 ὁρμῇ

2398 4226 2780 4293 ἀκατασχέτῳ,
2832 4225 2965 4278 ὅπου
3035 4224 3102 4277 ἂν
3156 4225 3352 4288 αὐτοὺς
3414 4227 3446 4294 ἠ
3496 4224 3738 4295 ἔμφυτος
3783 4225 3975 4296 ἀπάγῃ

2402 4315 2606 4384 μανίας
2650 4314 2892 4368 Ἐκεῖθεν
2946 4316 3126 4369 τοίνυν
3188 4317 3292 4368 κάν
3322 4316 3496 4383 τούτῳ
3538 4315 3615 4386 τῷ
3661 4317 3818 4385 μέρει
3876 4316 3976 4384 τὴν

2401 4407 2656 4476 ἀλήθειαν
2687 4407 2786 4477 οὐχ
2821 4406 3084 4476 ὁρῶντας,
3115 4405 3190 4470 ὡς
3225 4407 3311 4458 ἀεὶ
3362 4406 3506 4460 κατὰ
3557 4407 3727 4468 πάθος
3779 4407 3978 4470 αὐτοὺς

733 4509 859 4547 eum
894 4495 946 4546 in
986 4495 1086 4547 hac
1117 4511 1335 4564 quoque
1368 4505 1520 4565 parte
1562 4512 1751 4551 verum
1793 4514 1902 4552 non
1934 4501 2291 4568 perspiciam,
2326 4501 2411 4561 01

2326 4501 2371 4561 υ
2398 4493 2805 4562 πλανωμένους,
2834 4495 2958 4548 ἀντὶ
2983 4496 3082 4564 τῆς
3117 4493 3510 4563 προσηκούσης
3540 4493 3973 4564 ἐπανορθώσεως

735 4585 829 4640 sed
858 4586 933 4638 uti
961 4601 1200 4653 semper,
1227 4587 1420 4640 allectu
1447 4579 1646 4642 vitioso
1672 4591 1965 4645 transversi
1993 4593 2293 4660 rapiantur,

735 4679 916 4747 potius
953 4694 1115 4746 quam
1156 4694 1404 4732 errorem
1458 4680 1758 4750 corrigam,
1793 4681 1985 4735 eodem
2030 4697 2174 4737 anno
2214 4683 2298 4737 bis

734 4771 942 4825 Pascha
993 4780 1280 4838 peragunt.
1319 4770 1482 4840 585
1526 4770 1644 4836 Qua
1690 4773 1855 4843 igitur
1892 4773 1960 4828 de
2004 4788 2166 4828 causa
2204 4790 2299 4830 eos

734 4875 1051 4928 sequemur.
1087 4861 1180 4927 qui
1208 4862 1361 4929 gravi
1389 4877 1574 4916 errore
1601 4878 1661 4917 se
1692 4865 2000 4932 implicatos
2027 4881 2150 4920 esse
2177 4881 2300 4920 con-

735 4951 994 5004 ﬁtentur?
1033 4951 1123 5004 Bis
1170 4953 1423 5021 equidem
1470 4955 1665 5009 eodem
1711 4971 1856 5008 anno
1900 4956 2107 5012 Pascha
2153 4957 2301 5011 cele-

738 5044 900 5096 hrare
939 5043 1082 5097 haud
1119 5060 1357 5113 unquam
1393 5047 1843 5102 sustinuerimus.
1878 5049 2054 5117 Atque
2088 5047 2300 5102 etiamsi

739 5135 854 5188 hmc
899 5135 1057 5189 vobis
1100 5152 1211 5189 non
1263 5150 1691 5207 exponerentur,
1731 5142 2051 5194 conveniret
2096 5149 2299 5204 tamen,

738 5242 857 5287 Vos,
893 5243 990 5294 pro
1023 5229 1224 5283 mentis
1266 5241 1463 5284 vestrae
1500 5232 1819 5300 sagacitate,
1852 5247 2067 5300 semper
2102 5241 2157 5286 et
2191 5243 2305 5286 stu-

739 5319 869 5372 dere
895 5328 949 5371 et
977 5331 1190 5386 Optare,
1219 5335 1287 5374 ne
1316 5321 1619 5390 cuiuspiam
1645 5323 2007 5376 similitudine
2036 5332 2092 5376 et
2122 5340 2304 5377 excin-

743 5411 833 5479 plo
885 5414 1174 5478 puritatem
1230 5414 1537 5466 animarum
1593 5425 1896 5467 vestrarum
1949 5416 2302 5483 pollueretis,

745 5513 881 5551 neve
929 5499 1214 5553 hominum
1257 5501 1435 5553 modis
1476 5502 1734 5555 omnibus
1777 5505 2040 5557 malorum
2079 5522 2309 5559 consue-

745 5589 990 5642 tudinem
1029 5590 1231 5645 imitari
1279 5592 1624 5646 videremini.
1659 5593 1738 5646 Ad
1778 5595 1890 5648 hac
1923 5595 2054 5649 illttd
2087 5613 2306 5667 quoque

748 5681 1206 5736 considerandum
1241 5684 1391 5737 venit
1446 5685 1497 5736 in
1538 5701 1594 5737 re
1628 5687 1874 5739 tanta'et
1914 5698 2018 5740 tam
2050 5689 2308 5741 solemni-

752 5771 857 5835 bus
896 5773 1174 5846 religionis
1209 5786 1405 5831 nostra:
1445 5776 1619 5844 lcriis,
1657 5777 2054 5833 dissensionem
2089 5792 2305 5838 exstare

2398 4589 2455 4639 ὲν
2507 4584 2584 4655 τῷ
2646 4586 2796 4655 αὐτῷ
2853 4586 2958 4638 ἔτει
3014 4585 3267 4655 δεύτερον
3320 4584 3379 4636 τὸ
3438 4585 3626 4654 Πάσχα
3681 4584 3973 4638 ἐπιτελεῖν.

2398 4677 2554 4739 Τίνος
2582 4676 2676 4730 οὖν
2715 4677 2877 4747 χάριν
2920 4677 3142 4739 τούτους
3171 4676 3439 4745 ἑπόμεθα,
3485 4676 3536 4726 οἳ
3561 4670 3740 4744 δεινὴν
3769 4673 3977 4741 πλάνην

2399 4772 2576 4825 νοσεῖν
2609 4769 3028 4838 ὼμολόγηνταις
3074 4767 3328 4836 δεύτερον
3355 4768 3465 4836 γὰρ
3501 4767 3560 4819 τὺ
3584 4769 3772 4836 Πάσχα
3802 4767 3859 4816 ἐν
3898 4767 3980 4818 ἑνὶ

2400 4860 2630 4931 ἐνιαυτῷ
2659 4866 2760 4914 οὐκ
2791 4862 2856 4915 ἀν
2899 4877 3028 4914 ποτε
3061 4862 3234 4912 ποιεῖν
3257 4858 3580 4927 ἀνεξόμεθα.
3627 4856 3766 4910 Ἀλλ’
3801 4859 3850 4910 εἰ
3883 4860 3980 4910 καὶ

2399 4955 2575 5009 ταῦτα
2617 4953 2690 5024 μὴ
2715 4952 3028 5022 προῠκειτο,
3061 4953 3158 5020 τὴν
3195 4952 3468 5020 ὑμετέραν
3495 4951 3783 5020 ἀγχίνοιαν
3807 4950 3978 5019 ἐχρῆν

2403 5049 2496 5100 καὶ
2526 5047 2614 5101 διὰ
2643 5047 2881 5115 σπουδῆς
2919 5047 3012 5098 καὶ
3038 5045 3106 5098 δι’
3144 5046 3309 5113 εὐχῆς
3339 5044 3482 5113 ἔχειν
3509 5045 3761 5109 πάντοτε,
3785 5045 3840 5095 ὲν
3874 5059 3979 5110 μη-

2402 5139 2550 5200 δενὸς
2600 5139 2907 5206 ὁμοιώματι
2944 5138 3003 5190 τὸ
3049 5139 3286 5206 καθαρὸν
3331 5139 3430 5205 τῆς
3458 5138 3736 5206 ἡμετέρας
3792 5137 3979 5205 ψυχῆς

2405 5233 2702 5295 κοινωνεῖν,
2735 5232 2963 5300 ἢδοκεῖν
2991 5230 3220 5283 ἕπεσθαι
3251 5230 3554 5296 ἀνθρώπων
3580 5229 3724 5280 ἔθεσι
3759 5229 3982 5295 παγκάο

2406 5342 2538 5377 κων.
2571 5325 2708 5389 Πρὸς
2751 5323 2961 5383 τούτοις
3009 5323 3229 5374 κάκεῖνο
3270 5322 3508 5389 πάρεστι
3531 5322 3785 5390 συνορᾷν,
3818 5320 3892 5382 ώς
3921 5323 3980 5373 ὲν

2406 5413 2712 5482 τηλικούτῳ
2764 5415 3050 5480 πράγματι
3082 5415 3173 5465 καὶ
3225 5412 3480 5479 τοιαύτης
3541 5412 3832 5481 θρησκείας
3865 5413 3984 5480 ἐορ-

2408 5509 2474 5576 τῇ
2506 5506 2801 5574 διαφωνίαν
2853 5506 3122 5574 ὑπάρχειν
3153 5507 3300 5557 ἐστὶν
3335 5505 3636 5558 άθεώτατον
3664 5523 3676 5534 '
3713 5504 3844 5572 μίαν
3875 5505 3985 5571 γάρ

2410 5600 2542 5667 ἡμῖν
2568 5598 2668 5666 τὴν
2696 5598 2794 5662 τῆς
2826 5598 3104 5666 ἡμετέρας
3127 5596 3438 5665 ἐλευθερίας
3470 5597 3705 5664 ἡμέραν,
3729 5596 3984 5645 τουτέστι

2408 5691 2502 5742 τοῦ
2527 5690 2829 5758 ἀγιωτάτου
2854 5689 3080 5754 πάθουε,
3111 5689 3138 5739 ὁ
3158 5690 3423 5759 ἡμέτερος
3450 5689 3728 5756 παρέδωκε
3753 5687 3944 5755 Σωτήρ
3971 5701 3986 5714 ·

2417 5782 2544 5857 μίαν
2574 5778 2714 5837 εἶναι
2749 5779 2846 5854 τὴν
2879 5780 3174 5853 καθολικὴν
3205 5781 3370 5834 αὐτοῦ
3437 5778 3763 5849 Ἐκκλησίαν
3798 5776 3986 5850 βεϐού-
