4250 6450
262 424 333 487 97
1196 416 1804 480 ECCLESIASTiC/E
1849 415 2247 478 illSTOlU/E
2292 417 2438 479 LIB.
2484 415 2650 479 VIII.
3473 420 3545 483 98

256 535 463 604 ληται’
494 527 560 603 ἧς
586 531 634 585 εί
683 533 777 586 καὶ
816 530 885 584 τὰ
924 529 1164 602 μάλιστα
1219 534 1302 596 είς
1364 529 1596 591 πολλούς
1652 547 1712 581 τε
1771 531 1865 583 καὶ

1921 531 2233 598 taliquam,
2267 531 2427 599 longe
2468 545 2588 585 esse
2631 527 3042 598 impiissimum.
3086 529 3264 586 Unum
3310 547 3545 602 namque

256 628 558 694 διαφόρους
597 630 800 687 τόπους
836 624 905 677 τὰ
931 624 996 695 μέ
1010 641 1076 695 ρη
1108 622 1429 695 διῄρηνται,
1458 624 1575 677 ἀλλ’
1605 628 1753 695 ὅμως
1780 623 1863 676 ἑνὶ

260 721 570 791 πνεύματι,
622 719 875 771 τουτέστι
911 716 991 788 τῷ
1025 717 1154 787 θείῳ
1211 717 1514 787 βουλήματι
1570 717 1858 772 θάλπεται.

260 811 592 881 Λογισάσθω
620 810 677 863 δὲ
726 811 758 880 ἡ
816 812 915 879 τῆς
957 810 1232 880 ὑμετέρας
1264 810 1543 880 ὁσιότητος
1588 809 1859 879 ἀγχίνοια,

259 905 412 966 ὅπως
456 905 575 958 ἐστι
633 902 806 956 δεινόν
836 919 894 954 τε
949 902 1045 955 καὶ
1086 900 1337 971 ἀπρεπὲς
1366 903 1511 955 κατά
1554 902 1649 963 τὰς
1694 900 1864 965 αὑτὰς

260 996 482 1066 ἡμέρας
519 996 742 1066 ἐτέρους
781 994 881 1063 μὲν
907 995 1029 1058 ταῖς
1061 996 1343 1063 νηστείαις
1394 993 1706 1064 σχολάζειν,
1738 992 1859 1045 ἑτέ-

261 1105 392 1158 ρους
429 1088 486 1141 δὲ
510 1088 789 1157 συμπόσια
820 1087 994 1140 τελεῖν
1024 1103 1039 1119 ο
1076 1088 1171 1139 καὶ⁵
1203 1087 1342 1155 μετά
1397 1088 1493 1150 τὰς
1543 1085 1638 1138 τοῦ
1676 1086 1865 1155 Πάσχα

263 1183 484 1252 ἡμέρας
508 1180 703 1242 ἄλλους
734 1180 835 1249 μὲν
859 1180 1075 1250 ἑορταῖς
1094 1180 1190 1234 καὶ
1206 1180 1458 1233 ἀνέσεσιν
1486 1178 1861 1246 ἐξετάζεσθαι,

260 1276 460 1337 ἄλλους
504 1274 560 1327 δὲ
621 1276 744 1336 ταῖς
806 1273 1143 1344 ὡρισμέναις
1205 1272 1517 1327 ἐκδεδόσθαι
1565 1273 1861 1342 νηστείαις.

260 1366 554 1419 Διὰταῦτα
581 1367 713 1433 γοῦν
745 1365 840 1434 τῆς
894 1365 1285 1435 προσηκούσης
1313 1362 1745 1433 ἐπανορθώσεως
1772 1378 1867 1413 τυ-

259 1460 404 1528 χεῖν,
466 1458 563 1508 καὶ
602 1458 739 1524 πρὸς
795 1454 927 1523 μίαν
977 1453 1313 1507 διατύπωσιν
1352 1453 1583 1520 ἄγεσθαι
1622 1451 1801 1514 τοῦτο,
1831 1452 1865 1521 η

257 1550 383 1603 θεία
424 1550 659 1618 πρόνοια
690 1548 944 1618 βούλεται
974 1564 988 1577 ·
1018 1546 1094 1610 ὡς
1142 1546 1321 1614 ἔγωγε
1353 1545 1582 1608 άπαθώς
1630 1543 1863 1613 συνορῶ.

261 1645 436 1697 Ὅθεν
466 1642 661 1711 ἐπειδὴ
692 1639 853 1693 τοῦτο
878 1639 1050 1701 οὕτως
1077 1639 1521 1709 ἐπανορθοῦσθαι
1565 1639 1862 1707 προσήκει,

260 1739 340 1800 ὡς
374 1739 547 1807 μηδὲν
582 1737 723 1806 μετά
760 1735 871 1788 τῶν
907 1734 1294 1805 κυριοκτόνων
1324 1727 1464 1785 εἶναι
1512 1733 1717 1793 κοινὸν,
1748 1730 1864 1784 ἐστι

261 1846 326 1881 τε
348 1829 504 1892 τάξις
534 1824 843 1897 εὐπρεπὴς,
878 1826 946 1895 ἦν
990 1826 1199 1878 ἅπασαι
1238 1824 1345 1875 τῶν
1395 1821 1627 1875 δυτικῶν
1666 1838 1723 1874 τε
1774 1820 1865 1873 καὶ

269 1919 673 1991 μεσημὸρινῶν
721 1920 819 1972 καὶ
850 1918 1120 1989 ἀρκτῴων
1151 1914 1252 1985 τῆς
1308 1913 1638 1982 οἰκουμένης
1682 1912 1865 1980 μερῶν

263 2012 801 2082 παραφυλάττουσιν
832 2012 887 2063 αί
923 2006 1249 2077 ἑκκλησίαιο
1286 2006 1380 2059 καί
1411 2022 1556 2066 τινες
1586 2006 1696 2057 τῶν
1725 2006 1865 2058 κατά

264 2104 563 2176 τὴνἜῴαν
587 2102 790 2166 τόπων,
817 2093 892 2154 ὧν
924 2098 1112 2152 ἕνεκεν
1135 2097 1225 2150 ἐπὶ
1257 2096 1354 2151 τοῦ
1385 2096 1648 2167 παρόντος
1686 2094 1864 2159 καλῶς

264 2195 420 2265 ἔχειν
459 2196 699 2255 ᾶπαντες
719 2191 1044 2261 ήγήσαντο’
1088 2188 1179 2242 καὶ
1206 2188 1364 2251 αὐτὸς
1416 2187 1471 2241 δὲ
1498 2189 1564 2256 τῇ
1625 2186 1865 2255 ὑμετέρα

264 2284 531 2353 ἀγχινοίᾳ
576 2282 799 2353 ἀρέσιιν
828 2280 1148 2351 ὑπεσχόμην
1173 2292 1187 2307 ⁸
1235 2278 1323 2330 ἵνα
1361 2276 1500 2347 ὅπερ
1545 2276 1680 2329 δ’ἂν
1725 2274 1867 2327 κατὰ

268 2376 378 2445 τὴν
425 2373 718 2445 Ῥωμαίων
775 2373 953 2435 πόλιν,
1022 2368 1253 2423 Ἰταλίαν
1309 2385 1370 2422 τε
1438 2371 1534 2422 καὶ
1600 2366 1866 2436 Ἀφρικὴν

267 2468 517 2532 ἃπασαν,
547 2466 849 2533 Αίγυπτον,
891 2463 1194 2526 Ἱσπανίας,
1229 2460 1482 2523 Γαλλίας,
1513 2458 1862 2528 Βρεταννίας,

266 2558 664 2627 Λ-ὁύας.δλην
725 2555 978 2618 Ἐλλάδα,
1028 2554 1285 2627 Ἀσιανὴν
1333 2568 1392 2605 τε
1422 2551 1715 2620 διοίκησιν,
1769 2550 1863 2603 καὶ

269 2650 569 2719 Ποντικὴν,
602 2650 692 2702 καί
723 2647 996 2707 Κιλικίαν,
1029 2646 1129 2716 μιᾷ
1155 2646 1249 2697 καὶ
1288 2642 1566 2713 συμφώνῳ
1594 2642 1867 2710 φυλάττη-

264 2759 362 2796 ται
392 2742 618 2811 γνώμῃ,
653 2742 910 2810 ἀσμένως
939 2740 1101 2790 τοῦτο
1130 2737 1228 2789 καὶ
1257 2737 1293 2805 ἠ
1332 2734 1573 2805 ὑμετέρα
1627 2732 1863 2801 προσδέ-

268 2833 435 2902 ξηται
498 2830 744 2891 σύνεσις,
798 2826 1153 2898 λογιζομένη,
1210 2825 1286 2888 ὡς
1324 2827 1386 2878 οὐ
1451 2823 1613 2893 μόνον
1664 2823 1865 2875 πλείων

270 2926 429 2975 ἐστὶν
453 2924 481 2974 δ
520 2921 632 2972 τῶν
660 2919 801 2973 κατᾶ
827 2919 954 2979 τοὺς
976 2914 1414 2987 προειρημένους
1434 2916 1633 2975 τόπους
1663 2915 1864 2981 ἐκκλη-

268 3011 408 3062 σιῶν
454 3008 713 3079 ἀριθμὸς,
772 3006 908 3060 ἀλλὰ
964 3006 1059 3059 καὶ
1084 3004 1160 3068 ὡς
1217 3002 1377 3056 τοῦτο
1430 3003 1666 3072 μάλιστα
1709 3003 1861 3073 κοινῇ

270 3103 488 3164 πάντας
522 3099 820 3152 δσιώτατὸν
852 3103 969 3151 ἐστι
1006 3095 1299 3167 βούλεσθαι
1320 3111 1333 3126 ³
1363 3097 1500 3166 ὅπερ
1532 3097 1625 3148 καὶ
1654 3098 1681 3148 δ
1709 3098 1861 3163 ἀκρι-

1971 624 2130 676 nobis
2175 622 2447 676 libertatis
2494 632 2660 691 atque
2705 621 3103 692 redemptionis
3139 634 3337 678 nostra:
3375 626 3543 682 diem.

1966 716 2331 769 sanctissimzc
2362 716 2577 770 Scilicet
2608 715 2881 785 passionis
2913 732 3045 776 suzc.
3079 715 3331 769 Salvator
3359 734 3546 775 nosnr

1967 806 2141 860 dedit.
2178 806 2349 860 linain
2395 822 2513 860 esse
2550 807 2879 861 catholicam
2921 823 3072 861 suam
3120 809 3419 862 Ecclesiam
3453 828 3548 864 ιιι-

1967 900 2068 954 luit
2099 918 2111 952 :
2142 900 2302 970 cujus
2334 899 2548 953 tametsi
2587 909 2772 969 partes
2805 899 2857 952 in
2892 898 3079 952 inultis
3108 899 3387 968 variisque
3419 912 3547 952 sunt

1967 993 2231 1061 dispersa:
2277 993 2436 1054 locis.
2469 1008 2580 1045 uno
2615 1001 2795 1045 tamen
2833 993 3052 1061 Spiritu,
3084 992 3186 1046 hoc
3221 999 3327 1054 est,
3360 992 3548 1045 divino

1968 1087 2203 1141 arbitrio
2254 1086 2495 1141 fovetur.
2534 1085 2862 1141 Consideret
2906 1102 3072 1155 porro
3111 1084 3423 1139 sanctitatis
3459 1102 3553 1136 \e-

1969 1193 2095 1234 sine
2144 1180 2367 1235 solertia
2416 1195 2579 1249 quam
2631 1194 2796 1249 grave
2844 1179 2917 1232 sit
2964 1186 3021 1231 et
3065 1178 3412 1240 indecorum,
3452 1194 3550 1247 per

1968 1272 2191 1327 eosdem
2229 1271 2367 1337 dies,
2404 1272 2544 1324 alios
2585 1270 2808 1340 quidem
2847 1268 3075 1339 jejuniis
3124 1268 3364 1323 intentos
3404 1283 3545 1331 esse,

1966 1365 2107 1419 alios
2160 1379 2292 1417 vero
2353 1362 2629 1417 conviviis
2690 1377 2924 1425 vacare;
2980 1372 3033 1415 et
3088 1371 3213 1430 post
3266 1361 3551 1416 Paschalis

1967 1458 2107 1522 dies,
2136 1456 2236 1509 bos
2271 1455 2495 1524 quidem
2534 1453 2723 1508 feriari
2760 1464 2814 1508 et
2846 1454 3269 1522 conquiescere,
3300 1452 3425 1506 illos
3456 1468 3551 1505 au-

1970 1560 2078 1604 tem
2105 1548 2267 1601 statis
2288 1546 2514 1618 jejuaiis
2540 1549 2830 1599 macerari.
2862 1544 3211 1614 Quapropter
3237 1542 3378 1597 lianc
3409 1557 3547 1601 rem,

1970 1635 2068 1712 pro
2101 1657 2168 1695 eo
2189 1651 2354 1710 atque
2385 1639 2544 1693 decet
2563 1636 2789 1707 corrigi,
2810 1645 2974 1705 atque
3009 1635 3073 1689 ad
3121 1650 3289 1688 unum
3328 1634 3551 1687 institu-

1971 1745 2086 1788 tum
2124 1734 2467 1801 formamque
2503 1730 2755 1801 perduci,
2791 1729 2980 1782 divina
3015 1727 3133 1781 vult
3175 1726 3546 1795 providentia,

1970 1839 2235 1901 quantum
2282 1828 2540 1898 equidem
2582 1835 2736 1879 extra
2773 1840 2991 1878 omnem
3032 1822 3290 1877 affectum
3334 1822 3550 1891 positus

1921 1903 1938 1930 ³
1972 1922 2271 1993 perspicio.
2306 1919 2494 1988 Itaque
2524 1932 2647 1971 cum
2681 1916 2780 1971 hoc
2808 1916 2888 1970 sic
2922 1917 3201 1985 corrigere
3232 1913 3548 1973 conveniat,

1970 2032 2037 2070 ne
2069 2016 2199 2085 quid
2235 2015 2395 2069 nobis
2426 2030 2551 2066 cum
2588 2011 2800 2065 Domini
2837 2009 3261 2081 percussoribus
3295 2008 3359 2061 sit
3396 2024 3549 2061 eoin-

1970 2118 2159 2163 inune.
2200 2112 2253 2155 et
2291 2104 2491 2156 decens
2534 2110 2717 2154 exstet
2758 2101 2916 2162 ordo,
2949 2114 3112 2167 quem
3150 2111 3345 2150 omnes
3388 2094 3546 2150 Οινί-

1969 2195 2298 2261 delitalium,
2323 2206 2376 2248 et
2407 2193 2873 2255 Mcridionalitttn,
2903 2189 3547 2258 Scplciitriuttaliuttique

1970 2284 2296 2339 habitabilis
2334 2284 2489 2338 orbis
2533 2283 2774 2353 partium
2812 2282 3090 2337 Ecclesizu.
3124 2287 3180 2331 et
3211 2277 3546 2346 quibusdam

1969 2392 2191 2447 quoque
2230 2375 2283 2429 in
2324 2374 2460 2429 locis
2492 2372 2803 2427 Orientales
2836 2371 3155 2431 observant,
3187 2384 3249 2421 ea
3282 2369 3347 2421 de
3378 2382 3547 2421 causa

1970 2472 2023 2525 in
2066 2470 2361 2539 praesentia
2408 2467 2666 2521 omnibus
2714 2466 3013 2519 convenire
3050 2464 3227 2516 visum
3259 2472 3364 2525 est,
3401 2464 3547 2532 ipsc-

1967 2576 2075 2632 que
2121 2559 2259 2613 adeo
2310 2558 2363 2612 id
2416 2557 2657 2612 solertia:
2692 2566 2888 2609 vestra:
2935 2554 3262 2623 placiturum
3299 2568 3423 2607 esse
3461 2569 3517 2607 re

1968 2652 2111 2721 cepi,
2145 2660 2204 2705 ut
2236 2649 2381 2720 quod
2420 2664 2519 2719 per
2553 2648 2744 2702 urbem
2783 2648 3105 2709 llomanam,
3140 2646 3364 2708 Italiam,
3399 2645 3547 2697 Afri-

1967 2761 2086 2801 eam
2117 2760 2361 2806 omnem,
2390 2741 2710 2812 [Egyptunn
2739 2740 3049 2809 Hispanias,
3082 2739 3306 2801 Gallias,
3334 2737 3547 2792 Britan-

1970 2838 2108 2898 nias.
2156 2837 2407 2901 Libyam,
2447 2842 2703 2889 cunctam
2744 2831 3033 2892 Grareiain,
3075 2831 3330 2885 Asianum
3380 2842 3547 2900 atque

1969 2927 2254 2981 Ponticam
2284 2925 2574 2985 ditionem,
2603 2933 2657 2977 et
2687 2922 2959 2984 Ciliciam,
2988 2936 3096 2975 uno
3120 2933 3284 2990 atque
3314 2937 3547 2976 consen-

1970 3016 2127 3070 tienti
2170 3027 2422 3069 servatur
2467 3015 2723 3075 consilio,
2767 3014 2819 3067 id
2869 3012 3108 3067 libenter
3147 3029 3363 3082 quoque
3409 3028 3541 3082 pru-

1969 3106 2154 3160 dentia
2210 3116 2390 3159 vestra
2444 3104 2726 3174 suscipiat,
2772 3119 2962 3159 secum
3013 3106 3128 3173 ipsa
3171 3105 3540 3174 perpendens,

268 3198 373 3264 Ci};
417 3197 674 3247 ἀπαιτεῖν
699 3194 850 3245 δοκεῖ
875 3192 1068 3260 λόγος’
1116 3193 1209 3244 καὶ
1265 3190 1523 3259 οὐδεμίαν
1567 3189 1710 3258 μετᾶ
1760 3189 1860 3257 τῆς

1921 3217 1932 3270 ;
1967 3214 2075 3252 non
2111 3198 2273 3252 modo
2300 3198 2622 3268 ampliorem
2653 3212 2776 3252 esse
2813 3196 3188 3252 Ecclesiarum
3224 3198 3276 3251 in
3307 3198 3388 3252 eis
3420 3214 3542 3268 que

283 3286 567 3340 Ἰουδαίων
632 3283 924 3353 ἐπιορκίας
970 3282 1120 3351 ἔχειν
1164 3280 1473 3335 κοινωνίαν.
1532 3280 1649 3332 Ἵνα
1696 3279 1752 3330 δὲ
1803 3280 1864 3332 τὸ

269 3379 825 3446 κεςαλαιωίέστατον
891 3378 1175 3445 συντόμως
1238 3374 1402 3438 ιίπω,
1449 3375 1604 3443 κοινῇ
1647 3373 1865 3427 πάντων

269 3473 443 3542 {ipsos
472 3470 677 3540 κρίσει,
708 3467 806 3538 τὴν
839 3468 1154 3535 ἁγιωτάτην
1186 3464 1278 3518 τοῦ
1313 3466 1505 3533 Πάσχα
1540 3464 1734 3535 ἑορτὴν
1766 3464 1866 3535 μιᾷ

276 3565 381 3616 καὶ
406 3565 474 3632 τῇ
507 3562 648 3630 αὐτῇ
680 3560 864 3629 ἡμέρᾳ
899 3557 1295 3610 συντελεῖσθαι.
1356 3556 1491 3609 Οὐδὲ
1521 3556 1630 3627 γὰρ
1665 3556 1867 3626 πρέπει

274 3659 339 3708 ὲν
371 3654 601 3723 τοιαύτῃ
626 3652 877 3719 ἁγιότητι
910 3646 1053 3702 εἷναί
1087 3665 1210 3701 τινα
1260 3648 1522 3717 διαφοράν
1552 3662 1567 3678 ·
1622 3647 1718 3701 καὶ
1744 3647 1870 3699 κά).-

277 3746 399 3797 λιον
434 3744 667 3796 ἕπεσθαι
718 3743 782 3810 τῇ
819 3742 1015 3809 γνώμῃ
1051 3737 1248 3808 ταύτῃ,
1280 3739 1338 3790 ἐν
1434 3736 1661 3807 οὐδεμία
1714 3735 1867 3788 ἔσται

277 3835 575 3905 ἀλλοτρίας
608 3832 818 3901 πλάνης
864 3832 957 3883 καὶ
989 3830 1388 3898 άμαρ.ήματος
1431 3828 1703 3896 ἐπιμιξία.
1735 3826 1871 3881 Τού-

274 3947 389 3981 των
414 3926 590 3988 οὖτως
620 3926 877 3995 ἑχόντων,
910 3924 1166 3990 ἀσμένως
1224 3920 1445 3990 δέχεσθε
1482 3922 1580 3988 τὴν
1610 3921 1867 3992 οὐρανίαν

271 4022 376 4072 καὶ
399 4018 554 4070 θείαν
588 4018 661 4076 ὡς
694 4014 909 4084 άληθῶς
943 4014 1184 4083 ἐντολήν.
1225 4014 1341 4065 Πᾶν
1376 4015 1484 4083 γάρ
1506 4014 1533 4065 ὃ
1555 4029 1606 4065 τι
1628 4012 1672 4066 δ’
1716 4012 1783 4067 ἂν
1812 4014 1868 4065 ὲν

276 4117 395 4176 τοῖς
452 4114 631 4180 άγίος
665 4111 775 4163 τῶν
822 4108 1143 4161 ἐπισκόπων
1204 4107 1501 4176 συνεδρίοις
1542 4107 1868 4177 πράττηται,

279 4210 446 4261 τοῦτο
476 4207 612 4274 πρὸς
648 4205 745 4272 τὴν
800 4203 953 4255 θείαν
989 4200 1237 4271 βούλεσιν
1276 4199 1387 4268 ἔχει
1419 4199 1516 4267 τὴν
1570 4198 1867 4267 ἀναφοράν.

280 4303 379 4354 Διὸ
412 4301 549 4351 πᾶσι
580 4302 692 4360 τοῖς
727 4298 1033 4364 ἀγαπητοίς
1066 4293 1225 4363 ημῶν
1258 4292 1505 4359 ἀδελφοῖς
1533 4292 1871 4361 ἐμφανίσαν-

281 4405 380 4451 τες
418 4387 489 4440 τὰ
525 4384 1027 4456 προγεγραμμένα,
1063 4382 1164 4453 ἠδη
1213 4382 1304 4447 καὶ
1348 4382 1440 4435 τὸν
1472 4380 1874 4452 προειρημένον

280 4484 448 4551 λδγον
482 4481 579 4534 καὶ
607 4479 706 4548 τὴν
735 4477 1119 4547 παρατήρησιν
1151 4477 1249 4545 τῆς
1295 4476 1608 4543 ἁγιωτάτης
1654 4473 1871 4543 ἡμέρας

1966 3294 2206 3347 diximus
2250 3292 2386 3345 locis
2428 3306 2743 3353 numerum,
2782 3306 2973 3345 verum
3006 3292 3170 3346 etiam
3206 3290 3350 3346 idem
3388 3306 3544 3346 eoin-

1969 3385 2210 3439 niuniter
2237 3397 2432 3437 omnes
2459 3382 2668 3438 sentire
2697 3392 2753 3438 et
2785 3382 2946 3449 velle,
2974 3397 3095 3437 esse
3120 3399 3284 3453 quam
3314 3386 3545 3439 sanctis-

1967 3474 2190 3528 simum.
2224 3473 2367 3538 Quin
2400 3481 2457 3528 et
2494 3473 2741 3526 strictior
2774 3472 2894 3541 ipsa
2926 3481 3092 3542 atque
3124 3476 3369 3528 exactior
3403 3478 3544 3529 ratio

1968 3567 2215 3638 ﬂagitare
2253 3568 2491 3632 videtur,
2526 3566 2691 3638 586
2729 3582 2797 3621 ne
2828 3581 2936 3637 qua
2972 3567 3134 3622 nobis
3172 3569 3245 3622 sit
3286 3582 3409 3621 eum
3442 3567 3509 3621 Jn

1969 3660 2213 3715 deorum
2261 3659 2505 3730 perjurio
2547 3658 2887 3715 communio.
2929 3654 2991 3710 Et
3027 3668 3087 3712 ut
3128 3664 3345 3712 tandem
3389 3673 3543 3711 suin-

1972 3767 2114 3805 mani
2160 3751 2238 3805 rei
2282 3751 2523 3804 breviter
2552 3749 2731 3805 dicam
2767 3767 2780 3802 :
2810 3750 3090 3805 communi
3127 3751 3369 3803 omnium
3396 3750 3545 3820 judi-

1969 3841 2057 3896 cio
2083 3841 2313 3910 placuit,
2349 3840 2730 3895 sanctissimas
2762 3839 3048 3895 Paschalis
3087 3840 3275 3905 ferias,
3308 3855 3417 3895 uno
3451 3858 3544 3895 eo-

1971 3931 2208 4003 demque
2248 3930 2335 3985 die
2380 3930 2589 4001 peragi.
2635 3930 2856 3986 Minime
2910 3946 3148 4001 namque
3187 3930 3344 3985 dccet
3385 3932 3439 3986 in
3486 3949 3546 3985 re

1974 4035 2082 4079 tam
2113 4033 2300 4078 sancta
2339 4023 2580 4092 aliquam
2610 4032 2830 4079 exstare
2858 4023 3285 4078 dissensionem.
3325 4025 3388 4079 Et
3422 4027 3546 4095 pul-

1972 4114 2163 4169 chrius
2194 4122 2280 4169 est
2311 4129 2430 4169 eam
2464 4115 2618 4184 sequi
2667 4115 3026 4175 sententiam,
3055 4115 3107 4168 in
3142 4132 3249 4185 qua
3292 4116 3439 4171 nulla
3469 4120 3546 4171 sit

1973 4206 2137 4261 alieni
2191 4206 2400 4261 erroris
2439 4213 2494 4260 et
2536 4206 2745 4275 peccati
2796 4207 3071 4276 contagio.
3100 4206 3176 4261 Ac
3216 4223 3341 4262 cu.n
3379 4209 3450 4263 ita
3485 4227 3545 4267 se

1976 4314 2065 4353 res
2094 4298 2318 4364 habeat,
2353 4298 2657 4353 libentibus
2687 4298 2888 4352 animis
2926 4306 3150 4355 cis-teste
3188 4301 3290 4355 hoc
3320 4311 3374 4356 et
3414 4319 3543 4359 vere

1975 4389 2225 4443 divinum
2268 4389 2535 4458 suscipite
2581 4400 2941 4459 praeceptum.
2974 4373 3251 4462 Quidquid
3294 4395 3441 4449 enim
3491 4398 3545 4449 in

1976 4482 2181 4534 sanctis
2235 4481 2619 4549 episcoporum
2673 4481 2855 4551 agitur
2926 4484 3317 4549 conventibus,
3371 4484 3423 4540 id
3476 4487 3543 4539 ad

280 4570 651 4642 ὑποδέχεσθαί
681 4586 740 4623 τε
769 4571 864 4622 καὶ
892 4568 1198 4622 διατάττειν
1222 4566 1466 4636 ὀφείλετε
1494 4582 1509 4597 ’
1544 4567 1629 4619 ίνα
1657 4566 1865 4619 δπειδάι

1921 4555 1949 4609 ἶ)
1980 4571 2222 4626 divinam
2259 4572 2495 4626 refertur
2526 4572 2885 4627 voluntatem.
2930 4572 3116 4642 Itaque
3150 4574 3230 4630 eis
3259 4592 3379 4644 quae
3408 4579 3547 4632 Scri-

282 4667 425 4733 πρὸς
460 4664 565 4734 τὴν
598 4664 769 4716 πάλαι
829 4678 921 4730 μοι
952 4658 1296 4730 ποθουμένην
1330 4658 1429 4729 τῆς
1458 4658 1729 4727 ὑμετέρας
1762 4656 1876 4711 δια·

280 4764 490 4821 θέσεως
514 4759 637 4827 δψιν
687 4757 987 4826 ἀφίκωμαι
1048 4755 1105 4807 ὲν
1139 4753 1240 4823 μιᾷ
1291 4753 1382 4804 καὶ
1429 4754 1491 4821 τῇ
1522 4753 1658 4821 αὐτῇ
1694 4750 1875 4820 ἡμέρᾳ

280 4856 384 4925 τὴν
419 4855 585 4919 ἁγίαν
616 4850 739 4920 μεθ’
805 4850 961 4919 ὑμῶν
1024 4848 1221 4917 ἑορτὴν
1280 4846 1589 4899 ἐπιτελέσαι
1638 4844 1870 4919 δυνηθῶ,

282 4948 381 5002 καὶ
422 4947 646 4999 πάντων
697 4944 883 4996 ἕνεκεν
937 4940 1056 5011 μεθ’
1092 4940 1245 5011 ὑμῶν
1278 4939 1576 5009 εὐδοκήσω,
1634 4937 1872 5007 συνορῶν

280 5043 385 5111 τὴν
410 5038 730 5100 διαϐολ.κὴν
764 5036 1028 5104 ὡμότητα
1078 5032 1181 5084 ὑπὸ
1228 5032 1326 5101 τῆς
1378 5031 1529 5092 θείας
1590 5030 1874 5098 δυνάμεως

279 5135 375 5189 διὰ
399 5133 507 5185 τῶν
534 5131 827 5202 ἡμετέρων
885 5124 1139 5196 πράξεων
1178 5122 1557 5194 ἀνῃρημένην,
1592 5123 1874 5192 ἀκμαζού-

280 5244 387 5297 σης
440 5221 724 5293 πανταχοῦ
755 5224 855 5290 τῆς
888 5220 1159 5289 ὑμετέρας
1201 5220 1439 5280 πίστεως
1499 5218 1594 5269 καὶ
1649 5219 1874 5288 εἰρήνης

282 5324 382 5376 καὶ
442 5320 726 5388 ὁμονοίας.
782 5313 843 5367 '0
887 5313 1017 5376 θεὸς
1054 5311 1199 5382 ὑμᾶς
1254 5308 1604 5379 διαφυλάξαι,
1657 5310 1874 5377 ἀδελφοὶ

280 5429 586 5481 αγαπητοι.
630 5428 650 5461 ι

372 5682 571 5735 Ὀποῖα
603 5681 658 5733 δὲ
689 5682 785 5733 καὶ
839 5679 961 5732 κατ’
1020 5676 1235 5749 Ἀρείου
1292 5677 1384 5729 καὶ
1414 5676 1525 5729 τῶν
1553 5678 1874 5747 ὁμοφρονων

284 5778 488 5848 ἐκείνῳ
511 5776 716 5848 γράφει
745 5776 857 5837 τοῖς
886 5772 1165 5843 πανταχοῦ
1208 5773 1529 5833 ἐπισκόποις
1573 5773 1668 5824 καὶ
1701 5771 1872 5834 λαοῖς,

281 5871 499 5925 δίκαιον
530 5869 867 5925 ἐπακοῦσαι.
908 5887 927 5921 ι
970 5867 1109 5931 Τοὺς
1166 5866 1438 5937 πονηρεὺς
1502 5865 1595 5918 καὶ
1652 5865 1872 5928 άσ;6;ίς

1980 4664 2191 4732 psimus
2229 4663 2488 4717 omnibus
2527 4662 2744 4717 dili‘CliS
2788 4662 3055 4719 fratribus
3097 4668 3299 4721 nostris
3338 4667 3547 4738 signiti-

1980 4755 2141 4820 catis,
2167 4756 2274 4827 jam
2304 4755 2569 4809 rationein
2600 4755 2742 4809 lianc
2766 4766 2823 4810 et
2848 4757 3285 4812 observationem
3313 4761 3544 4815 sanctis-

1978 4849 2102 4904 simi
2158 4848 2266 4902 dici
2317 4847 2599 4917 suspicere
2653 4858 2819 4917 atque
2876 4848 3166 4904 instituere
3208 4851 3446 4919 debetis,
3487 4865 3546 4909 ut

1977 4954 2102 4995 Cum
2136 4938 2190 4993 in
2224 4938 2443 5008 pietatis
2479 4952 2677 4992 vestra:
2714 4938 2882 5007 (quod
2922 4938 3128 4994 dudum
3170 4941 3304 4996 milii
3344 4942 3448 4998 fuit
3490 4947 3543 4997 in

1977 5031 2141 5099 votis)
2173 5040 2527 5101 conspectum
2563 5046 2784 5094 venero,
2820 5048 2929 5085 uno
2959 5032 3264 5103 eodemque
3296 5034 3386 5090 die
3415 5052 3544 5090 san-

1976 5137 2092 5180 etas
2137 5125 2420 5181 vobiscum
2472 5125 2636 5179 ferias
2688 5125 2968 5180 celebrare
3016 5128 3246 5190 valeam,
3281 5140 3336 5183 et
3381 5131 3547 5185 rebus

1977 5218 2237 5272 omnibus
2274 5233 2380 5271 una
2414 5216 2699 5271 vobi-cum
2736 5233 2802 5271 ex
2834 5218 3017 5273 animo
3062 5219 3321 5285 delecter,
3358 5221 3548 5276 ferita-

1980 5323 2087 5366 tem
2121 5310 2449 5365 diabolicam
2494 5325 2590 5379 per
2622 5311 2730 5363 vim
2770 5310 3013 5364 divinam
3055 5313 3315 5381 operibus
3346 5316 3547 5369 nostris

1978 5400 2272 5467 sublatam,
2306 5412 2644 5471 vestramque
2676 5403 2878 5471 ubique
2911 5404 3097 5468 Iidem,
3122 5420 3313 5474 pacem
3338 5420 3390 5460 et
3416 5424 3548 5462 cou-

1977 5496 2218 5551 cordiam
2260 5496 2532 5565 vigentem
2581 5511 2833 5549 cernens.
2876 5496 3021 5550 Deus
3063 5513 3157 5553 vos
3191 5509 3393 5564 servet,
3434 5500 3546 5553 fra-

1979 5603 2066 5642 res
2098 5588 2305 5642 dilecti.
2340 5606 2358 5639 ›

2049 5681 2288 5752 Equum
2331 5682 2496 5735 etiam
2533 5693 2635 5745 est,
2671 5699 2791 5753 qum
2824 5693 3015 5737 contra
3053 5684 3242 5738 Arium
3278 5693 3334 5739 et
3369 5697 3547 5740 serta-

1981 5784 2127 5828 tores
2176 5772 2317 5844 ejus,
2354 5775 2612 5828 omnibus
2660 5777 2865 5845 passim
2910 5777 3188 5845 episcopis
3229 5787 3284 5831 ct
3331 5779 3551 5847 popinis

1980 5865 2237 5935 scripsit,
2285 5880 2640 5936 cognoscere.
2702 5886 2719 5918 ι
2754 5866 2891 5921 Cum
2944 5869 3210 5938 Sthligtt‘ts
3254 5878 3309 5924 et
3353 5870 3546 5943 impius
