4250 6450
761 449 859 513 107

1974 425 2392 491 NICEPHOIH
2433 419 2776 482 CALLISTI

3898 395 4003 460 108

754 567 1068 618 libertatem
1122 555 1437 617 vindicatis,
1487 561 1706 607 erutum
1764 548 2055 603 relucerct.
2101 558 2318 598 omnem
2349 541 2397 600 Α

2427 535 2791 596 συνελθόντες,
2848 527 2996 595 ἄξιόν
3038 543 3089 578 τι
3136 521 3228 576 τοῦ
3267 521 3592 589 πράγματος
3641 511 3896 565 Ξθὲλωτιν
3929 521 4006 563 εί·

758 655 1004 726 prol'ecto
1042 661 1320 719 stuporem
1353 657 1408 699 et
1438 643 1857 697 admirationem
1901 638 2143 691 excellit.
2181 637 2314 689 Nam

757 749 971 803 etiamsi
999 749 1090 815 qui
1126 745 1331 811 ubique
1363 751 1634 793 terrarum
1661 750 1781 789 esse
1810 732 2068 785 videnlur
2102 728 2319 797 sapien-

761 855 842 895 tes
879 840 1152 895 homines.
1211 837 1261 888 in
1316 848 1483 886 unum
1531 831 1896 894 enmdemque
1931 822 2322 878 convenientes

759 940 962 996 locum,
997 935 1220 1000 ilignum
1257 927 1461 995 aliquid
1500 942 1558 977 t'e
1605 933 1751 975 tanta
1789 921 1973 971 dicere
2021 917 2211 976 velint,
2256 927 2324 964 ne

763 1028 1043 1079 minimam
1085 1004 1306 1089 quidem
1351 1027 1556 1083 partem
1604 1021 1784 1064 tamen
1834 1010 1952 1074 ejus
1995 1003 2325 1072 eloquentia:

759 1117 1176 1173 concertatione
1213 1110 1516 1178 attigerint.
1558 1105 1717 1174 593
1772 1101 2005 1154 Tantum
2041 1098 2187 1151 enim
2224 1095 2325 1148 mi-

762 1212 936 1266 raculi
975 1209 1136 1277 hujus
1173 1206 1309 1258 fides
1338 1212 1608 1260 naturam,
1639 1212 1800 1265 quam
1838 1195 2075 1246 humana
2112 1189 2249 1243 ratio
2272 1197 2325 1240 et

761 1303 1021 1372 cogitatio
1087 1295 1470 1364 consequitur,
1529 1305 1746 1342 munem
1822 1285 2063 1346 excellit,
2120 1291 2326 1349 quanto

763 1399 929 1451 rebus
965 1380 1249 1446 hominum
1279 1386 1520 1440 C(Dleslin
1551 1391 1674 1433 sunt
1704 1378 2009 1431 etlieaciora
2045 1385 2100 1428 et
2129 1382 2327 1442 poten-

765 1491 925 1542 tiora.
979 1485 1109 1538 Eam
1161 1484 1229 1534 oh
1271 1495 1492 1533 causam
1543 1477 1632 1528 ille
1681 1474 1814 1526 mihi
1865 1486 2083 1538 semper
2131 1468 2328 1521 unicus

761 1594 818 1639 et
871 1582 1183 1653 prmcipuus
1241 1573 1598 1629 consiliorum
1661 1579 2017 1634 actorumqne
2079 1560 2326 1615 omnium

768 1675 1087 1747 propositus
1136 1680 1218 1723 est
1259 1667 1403 1730 linis,
1441 1673 1498 1716 ut
1543 1658 2008 1731 quemadmodum
2056 1669 2114 1708 se
2160 1654 2330 1722 ipsam

769 1771 927 1824 novis
975 1762 1252 1820 miraculis
1296 1759 1546 1812 veritatis
1591 1753 1727 1807 fides
1760 1748 2008 1812 exhibet,
2042 1747 2121 1800 sic
2167 1745 2330 1799 etiam

769 1861 938 1916 animi
973 1857 1216 1912 onminm
1267 1860 1514 1905 nostrum
1554 1847 1810 1900 castitate
1859 1852 1914 1897 et
1957 1837 2326 1895 consentienti
2365 1886 2410 1945 Β

770 1949 1203 2025 ιιι-οιιιμιὶιιιᾱίιιο
1262 1945 1562 1998 alacriores
1626 1936 1933 1990 reddantur
1997 1934 2095 1999 (l).
2169 1927 2325 1992 Quod

770 2062 895 2102 cum
937 2043 1194 2098 omnibus
1226 2037 1576 2091 manifestum
1616 2040 1769 2100 puto,
1806 2038 1917 2080 tum
1955 2027 2058 2078 boe
2095 2023 2332 2076 maxime

774 2144 871 2198 tibi
922 2149 1245 2209 persuasum
1302 2147 1423 2184 esse
1468 2129 1613 2189 volo,
1663 2140 1845 2179 rerum
1893 2121 2138 2175 omnium
2198 2118 2330 2178 illud

773 2235 902 2290 mihi
958 2240 1305 2294 summopere
1346 2236 1465 2276 csse
1508 2236 1671 2282 curte,
1718 2226 1778 2270 ut
1819 2225 2093 2269 sacratum
2129 2212 2333 2275 locum,

774 2343 934 2398 quem
965 2326 1117 2394 jussu
1159 2319 1274 2382 Dei,
1304 2315 1620 2370 aet-essione
1649 2311 2080 2366 fmdissimornm
2113 2306 2337 2359 simula-

774 2433 1018 2479 crorum,
1050 2413 1217 2465 veluti
1259 2406 1497 2477 quodam
1542 2402 1849 2456 imminenti
1895 2399 2158 2467 gravique
2202 2411 2337 2464 pon-

776 2514 906 2564 tlcre
949 2506 1146 2568 levavi,
1193 2511 1441 2556 sanetum
1489 2496 1709 2567 quidem
1752 2495 1860 2564 jam
1911 2504 2029 2545 tum
2080 2490 2147 2543 ab
2183 2489 2340 2542 initio

774 2607 926 2659 illum
959 2600 1166 2672 judicio
1219 2596 1311 2650 Dei
1361 2597 1598 2655 factum,
1651 2590 1745 2643 sed
1787 2586 2116 2639 sanctiorem
2172 2583 2338 2636 etiam

778 2701 1006 2757 factum,
1032 2709 1097 2746 ex
1124 2704 1232 2760 quo
1258 2684 1555 2741 salutiferae
1582 2680 1856 2750 passionis
1889 2677 2049 2730 tidem
2081 2676 2134 2729 in
2166 2675 2341 2728 lucem

779 2787 1031 2860 protulit,
1061 2781 1415 2837 :editieiorum
1447 2776 1692 2846 pulchris
1723 2770 2020 2826 structuris
2045 2783 2340 2821 exornem.

777 2880 1050 2937 Convenit
1083 2878 1248 2946 igitur
1276 2873 1512 2926 solertia:
1541 2878 1666 2930 tuae,
1693 2867 1878 2919 omnia
1911 2864 1991 2918 sic
2023 2863 2343 2931 disponere,

779 2986 833 3030 et
898 2989 985 3027 res
1031 2982 1275 3040 quasque
1332 2963 1674 3018 necessarias
1735 2971 2056 3028 procurare,
2124 2964 2182 3008 ut
2234 2968 2343 3007 non

781 3066 946 3121 modo
981 3062 1205 3115 basilica
1245 3057 1367 3109 aliis
1398 3069 1518 3124 qua!
1564 3052 1769 3117 ubique
1804 3058 1933 3102 sunt
1975 3045 2344 3116 praestantior,

781 3159 958 3214 sedet
1009 3152 1220 3218 reliqua
1262 3145 1446 3200 omnia
1498 3143 1572 3197 ita
1621 3149 2018 3195 construantur
2048 3146 2213 3204 atque
2252 3151 2350 3205 pa-

781 3261 997 3308 rentur,
1042 3257 1100 3298 ιιι
1149 3253 1492 3311 quaecunque
1542 3237 1594 3288 in
1649 3235 2071 3302 quibuscunque
2120 3231 2422 3308 urbibusc

785 3337 1205 3413 pulchritudine
1248 3343 1377 3387 sunt
1421 3328 1748 3383 excellentia
1782 3341 1974 3396 opera,
2006 3341 2036 3378 a
2073 3334 2350 3379 structura

785 3437 888 3489 ista
933 3436 1091 3499 longe
1142 3434 1496 3495 superentur.
1553 3422 1731 3489 Atque
1778 3417 2035 3487 equidem
2068 3417 2136 3470 de
2169 3417 2354 3489 parie-

787 3539 905 3578 tum
940 3537 1109 3592 opere
1161 3528 1327 3586 atque
1358 3513 1618 3576 artiﬁcio,
1659 3510 1992 3564 Dractlliano
2032 3509 2209 3562 amico
2251 3523 2355 3562 no-

788 3601 928 3679 stro,
961 3615 1057 3684 qui
1079 3610 1513 3667 clarissimorum
1547 3604 1934 3674 praafeetorum
1963 3613 2152 3666 partes
2175 3601 2353 3655 admi-

789 3711 1011 3771 nistrat,
1045 3717 1099 3761 et
1150 3702 1447 3774 provinciae
1483 3699 1711 3763 rectori,
1750 3712 1779 3750 a
1832 3695 1996 3750 nobis
2040 3695 2353 3751 mandatam

789 3817 912 3856 esse
979 3813 1169 3853 curam
1209 3795 1389 3865 ‘seito.
1454 3793 1792 3859 Praeceptum
1860 3787 2008 3842 enim
2070 3803 2098 3839 a
2159 3786 2358 3855 pietate

795 3907 985 3953 nostra
1018 3904 1124 3955 est,
1159 3902 1217 3945 ut
1243 3890 1501 3950 artilices,
1530 3899 1731 3953 operte,
1759 3890 1814 3936 et
1849 3895 2190 3951 quaecunque
2224 3894 2362 3948 pne-

792 3999 948 4043 terea
978 3994 1106 4039 sunt
1137 3983 1204 4037 ad
1239 3979 1662 4036 mdiﬁcationem
1695 3974 2028 4038 necessaria,
2057 3988 2181 4028 cum
2213 3969 2268 4026 id
2295 3988 2360 4026 ex

794 4082 1022 4138 solertia
1058 4088 1147 4132 tua
1186 4075 1567 4145 cognoverint,
1599 4069 1890 4124 confestim
1941 4084 2038 4137 per
2068 4068 2365 4136 providen-

799 4179 930 4231 tiam
989 4173 1208 4228 illorum
1262 4169 1571 4222 mittantur.
1627 4166 1702 4220 De
1747 4165 2024 4218 columnis
2079 4171 2261 4216 autem
2311 4172 2366 4216 et

803 4281 1104 4328 marmore,
1151 4277 1271 4333 quae
1320 4259 1768 4330 praestantissima
1819 4267 1874 4312 et
1922 4257 2364 4310 commodissima

800 4363 989 4432 operis
1024 4357 1196 4426 ipsius
1228 4356 1405 4407 farina
1437 4350 1749 4404 summatim
1783 4360 2067 4418 perspecta
2091 4349 2369 4403 existima-

799 4455 948 4508 veris
975 4466 1124 4510 esse,
1155 4449 1220 4500 ad
1256 4460 1354 4498 nos
1389 4455 1472 4496 Iac
1505 4442 1739 4503 scribas,
1769 4451 1828 4493 ut
1850 4449 1985 4510 quot
2020 4452 2075 4494 et
2108 4443 2367 4510 qualibus

801 4561 942 4614 opus
967 4541 1155 4601 fuerit,
1191 4551 1318 4591 cum
1341 4551 1408 4589 ex
1440 4535 1640 4588 litteris
1672 4534 1781 4585 tuis
1817 4532 2271 4594 intellexerimus,
2300 4548 2364 4585 ea

803 4638 1174 4706 undequaque
1201 4627 1532 4697 comportari
1565 4628 1797 4695 possint.
1827 4624 2065 4694 iEquum
2095 4626 2240 4678 enim
2263 4636 2368 4689 est,

803 4735 986 4787 locum
1051 4729 1222 4782 totius
1287 4723 1476 4778 mundi
1528 4722 1764 4776 maxime
1826 4721 2213 4775 admirandum
2267 4736 2370 4789 pro

805 4825 1071 4895 dignitate
1119 4835 1217 4874 sua
1271 4815 1552 4872 exornari.
1615 4815 1860 4868 Basilica:
1915 4829 2080 4882 porro
2127 4829 2370 4877 camera,

806 4916 1233 4973 lacunaribusne
1263 4927 1331 4966 an
1366 4911 1476 4963 alio
1503 4909 1760 4977 quapiam
1794 4923 1961 4977 opere
1992 4908 2091 4962 tibi
2131 4908 2246 4961 lieri
2277 4913 2371 4962 de-

809 5014 940 5064 bere
973 5007 1243 5070 rideatur,
1285 5016 1617 5073 cognoscere
1666 5017 1728 5055 ex
1777 5013 1827 5056 te
1876 5002 2061 5070 cupio.
2119 5001 2174 5055 Si
2225 5003 2373 5056 enim

2423 633 2565 695 πεῖν,
2589 628 2698 681 οὐδ’
2731 627 2795 678 ἂν
2832 625 2968 693 πρὸς
3001 621 3061 674 τὸ
3096 616 3432 688 βραχύτατον
3452 609 3812 679 ἁμιλληθῆναι
3845 606 4005 672 δυνής

2426 739 2609 777 σονται
2640 737 2652 750 ’
2691 721 2783 772 ἐπὶ
2815 716 3056 781 τοσούτῳ
3113 713 3292 763 πᾶσαν
3333 703 3681 773 ἀνθρωπῐιον
3735 695 4004 764 λογισμοῦ

2423 814 2740 883 χωρητικὴν
2801 807 3028 876 φύσινή
3083 802 3175 854 τοῦ
3235 798 3517 864 θαύματος
3576 791 3766 845 τούτου
3825 790 4007 848 πίστις

2425 905 2769 974 ὑπερῆαίνει,
2803 903 2914 967 ὅσῳ
2943 899 3049 948 τῶν
3083 892 3439 962 ἀνθρωπίνων
3487 886 3554 938 τὰ
3593 883 3820 952 οὐράνια
3849 879 4008 931 συνέ-

2427 1015 2629 1066 στηκεν
2659 992 2799 1046 εἶναι
2832 988 3202 1054 δυνατώτερα.
3234 985 3335 1035 Διὰ
3364 981 3522 1032 τοῦτο
3548 976 3680 1044 γοῦν
3713 970 3871 1032 οὗτος
3919 970 4010 1022 ἀεὶ

2425 1092 2521 1145 καὶ
2557 1092 2714 1157 μόνος
2754 1086 2847 1137 καὶ
2889 1081 3107 1151 πρῶτος
3161 1078 3276 1129 ἐστι
3336 1092 3425 1142 μοι
3467 1070 3690 1131 σκοπὸς,
3724 1066 3789 1120 ἵν’
3818 1066 4011 1130 ὥσπερ

2428 1181 2628 1251 ἑαυτὴν
2667 1176 3003 1243 καινοτέροις
3028 1172 3308 1238 θαύμασιν
3343 1169 3376 1235 ὴ
3410 1164 3508 1232 τῆς
3534 1160 3790 1230 ἀληθείας
3829 1158 4012 1216 πίστις

2428 1275 2820 1331 ἐπιδείκνυται,
2875 1268 3018 1320 οὕτω
3070 1265 3164 1317 καὶ
3227 1261 3285 1313 αἱ
3333 1260 3504 1326 ψυχαὶ
3567 1256 3788 1307 πάντων
3845 1248 4011 1318 ἡμῶν

2431 1362 2761 1434 σωφροσύνῃ
2787 1361 2877 1411 καὶ
2904 1356 3254 1426 ὀμογνὼμονι
3277 1350 3560 1420 προθυμίᾳ.
3593 1345 4012 1411 σπουδαιότεραι

2429 1458 2725 1524 γίνωνται·
2754 1451 2892 1519 ὅπερ
2945 1447 3137 1510 ἐπειδὴ
3167 1447 3300 1497 πᾶσι
3333 1441 3539 1509 νομίζω
3583 1436 3722 1492 εἶναι
3754 1435 4014 1503 φανερὸν.

2431 1551 2607 1601 ἐκεῖνο
2667 1544 2908 1613 μάλιστά
2939 1559 2996 1592 σε
3067 1535 3364 1590 πεπεῖσθαι
3429 1533 3714 1602 βούλομαι,
3775 1530 3850 1591 ὡς
3905 1529 4016 1594 ἂρα

2432 1643 2652 1693 πάντων
2692 1653 2782 1705 μοι
2820 1635 3059 1704 μάλιστα
3096 1631 3270 1698 μέλει,
3326 1629 3475 1687 ὅπως
3504 1625 3594 1678 τὸν
3629 1623 3772 1692 ίερὸν
3802 1622 4016 1672 ἐκεῖνον

2433 1731 2622 1789 τόπον,
2683 1729 2741 1778 ὃν
2791 1724 2929 1776 Θεοῦ
2985 1723 3381 1790 προστάγματι
3432 1715 3720 1782 αἰσχίστης
3776 1710 4015 1763 εἰδώλων

2436 1824 2753 1893 προσθήκης
2798 1818 2987 1884 ὥσπερ
3019 1817 3161 1876 τινα
3217 1811 3572 1880 ἐπικειμένου
3625 1807 3824 1876 βάρους
3859 1794 4021 1855 έκοιῗ-

2443 1934 2597 1984 φισα,
2621 1915 2776 1982 άγιον
2811 1912 2909 1980 μὲν
2942 1907 3175 1978 ἐξαρχῆς
3207 1906 3342 1957 Θεοῦ
3390 1905 3570 1970 κρίσει
3620 1896 4018 1968 γεγενημένον,

2443 2008 2742 2076 ἁγιώτερον
2775 2004 2829 2056 δὲ
2861 2001 3271 2068 ἁποφανθέντα,
3302 1996 3393 2064 ἀφ’
3424 1987 3484 2047 οὗ
3507 1994 3603 2064 τὴν
3622 1990 3718 2044 τοῦ
3749 1986 4024 2056 σωτηρίου

2445 2099 2650 2159 πάθους
2683 2097 2866 2148 πίστιν
2897 2095 2979 2153 είς
3010 2090 3123 2158 φῶς
3177 2088 3501 2156 προήγαγεν
3525 2121 3538 2146 ,
3563 2076 4019 2147 οἰκοδομημάτων

2445 2193 2631 2247 κάλλει
2670 2189 3061 2258 κοσμήσωμεν.
3102 2183 3376 2253 ιΙροσήκει
3428 2176 3606 2230 τοίνυν
3643 2172 3741 2242 τὴν
3782 2170 3881 2236 σὴν
3923 2169 4024 2230 ἀγ-

2446 2288 2650 2359 χίνοιαν
2674 2284 2815 2337 οὓτω
2839 2280 3085 2344 διατάξαι
3111 2295 3170 2330 τε
3197 2277 3287 2328 καὶ
3310 2274 3544 2328 ἑκάστου
3568 2269 3676 2320 τῶν
3704 2263 4025 2330 ἀναγκαίων

2447 2381 2780 2449 ποιήσασθαι
2828 2374 3125 2442 πρόνοιαν,
3169 2370 3242 2431 ὡς
3289 2368 3348 2420 οὐ
3400 2365 3558 2433 μόνον
3611 2357 3893 2428 βασιλικὴν
3927 2351 4029 2404 καὶ

2447 2472 2556 2524 τῶν
2611 2464 2888 2534 πανταχοῦ
2940 2461 3209 2532 βελτίονα,
3241 2456 3375 2509 ἀλλά
3399 2454 3493 2506 καὶ
3512 2452 3578 2504 τά
3608 2447 3772 2500 λοιπά
3798 2443 4026 2498 τοιαῦτα

2450 2562 2731 2630 γενέσθαι,
2763 2559 2837 2619 ὡς
2870 2558 3045 2610 πάντα
3077 2553 3146 2606 τὰ
3182 2551 3266 2620 ἐφ’
3297 2550 3535 2614 ἑκάστης
3572 2543 3781 2604 πόλεως
3839 2538 4028 2591 καλλι-

2451 2654 2710 2706 στεύοντα
2755 2651 2861 2703 ὑπὸ
2915 2646 3006 2702 τοῦ
3047 2647 3342 2713 κτίσματος
3379 2639 3568 2692 τούτου
3602 2632 3874 2690 νικᾶσθαι.
3917 2631 4030 2683 Καὶ

2454 2748 2586 2816 περί
2610 2746 2707 2813 τῆς
2733 2743 2845 2795 τῶν
2877 2741 3075 2810 τοίχων
3128 2739 3186 2790 δὲ
3247 2734 3509 2805 ἐργασίας
3555 2725 4034 2795 καὶκαλλιεργίας

2453 2835 2828 2910 Δρακιλλιανῷ
2866 2834 2942 2902 τῷ
2983 2833 3240 2902 ἡμετέρῳ
3283 2829 3422 2896 φίλῳ
3456 2824 3700 2878 διέποντι
3723 2820 3830 2872 τῶν
3880 2818 4032 2884 λαμ-

2456 2932 2746 3000 προτάτων
2796 2927 3053 2995 ἐπάρχων
3100 2925 3166 2975 τὰ
3201 2923 3364 2992 μέρη,
3424 2921 3518 2971 καὶ
3564 2916 3641 2986 τῷ
3699 2915 3800 2984 τῆς
3863 2915 4032 2980 ἐπαρ-

2455 3026 2577 3095 χίας
2603 3024 2826 3092 ἄρχοντι
2864 3019 2992 3089 παρ’
3021 3017 3176 3087 ἡμῶν
3204 3010 3611 3082 ἐγκεχειρίσθαι
3637 3007 3734 3077 τὴν
3768 3005 4035 3075 φροντίδα

2457 3122 2716 3188 γίνωσκε.
2749 3115 3122 3168 Κεκέλευσται
3155 3111 3264 3179 γὰρ
3299 3110 3400 3161 ὑπὸ
3435 3108 3529 3174 τῆς
3553 3106 3691 3174 ἐμῆς
3743 3101 4032 3162 εὐσεσείας

2456 3208 2551 3260 καὶ
2595 3205 2846 3274 τεχνίτας
2901 3203 2998 3254 καὶ
3035 3199 3271 3268 ἐργάτας
3307 3199 3403 3248 καὶ
3440 3193 3603 3247 πάνθ’
3635 3193 3735 3245 ὅσα
3765 3192 3891 3259 περὶ
3931 3188 4037 3257 τὴν

2457 3298 2750 3366 οἰκοδομὴν
2780 3295 3056 3361 ἀναγκαῖα
3097 3291 3378 3359 τυγχάνει,
3407 3291 3454 3339 εί
3485 3288 3637 3355 παρὰ
3663 3286 3760 3353 τῆς
3793 3285 3891 3353 σῆς
3930 3283 4039 3352 μά-

2458 3396 2600 3448 θοιεν
2644 3390 2944 3461 ἀγχινοίας,
2982 3387 3328 3458 παραχρῆμα
3374 3383 3462 3435 διὰ
3489 3383 3587 3446 τῆς
3619 3381 3845 3432 ἐκείνων
3895 3394 4040 3444 προσ

2458 3487 2606 3550 νοίας
2638 3482 3038 3550 ἀποσταλῆναι.
3073 3480 3208 3547 Περὶ
3247 3479 3300 3529 δὲ
3331 3477 3438 3528 τῶν
3467 3474 3660 3526 κιόνων
3691 3472 3860 3540 ἡγουν
3896 3485 4045 3538 μαρ⁹

2463 3579 2672 3649 μάρων,
2704 3574 2739 3628 ἃ
2790 3575 2834 3626 δ’
2881 3574 2948 3627 ἂν
3000 3573 3285 3641 νομίσειας
3317 3566 3456 3619 εἶναι
3487 3563 3791 3633 τιμιώτερέι
3837 3579 3897 3613 τε
3941 3562 4041 3613 καὶ

2459 3662 2849 3733 χρησιμώτερα
2875 3660 3043 3728 αὐτῆς
3069 3657 3344 3725 συνόψεως
3373 3658 3694 3723 γενομένης,
3730 3651 3864 3720 πρὸς
3890 3653 4039 3719 ἡμᾶς

2460 3755 2669 3825 γράψαι
2697 3754 3001 3807 σπούδασον
3027 3768 3039 3781 ·
3068 3752 3156 3804 ἵνα
3178 3753 3314 3802 ὅσων
3343 3749 3386 3799 δ’
3409 3748 3475 3800 ἂν
3505 3750 3599 3800 καὶ
3621 3746 3819 3797 ὁποίων
3850 3747 4042 3814 χρείαν

2463 3847 2602 3901 εἶναι
2652 3848 2740 3900 διλι
2794 3845 2885 3898 τοῦ
2941 3844 3036 3896 σοῦ
3081 3843 3407 3912 γράμματος
3456 3837 3807 3905 έπιγνῶμεν,
3865 3836 4044 3888 ταῦτα

2467 3941 2805 4010 πανταχόθεν
2835 3937 3037 4007 δυνηθῇ
3092 3935 3503 4004 μετενεχθῆναι.
3532 3934 3636 3984 Τνν
3674 3933 3780 4001 γὰρ
3817 3931 3911 3981 τοῦ
3944 3933 4042 3981 κο-

2470 4047 2609 4099 σμου
2642 4029 3094 4096 θαυμασιώτερον
3121 4025 3287 4077 τόπον
3312 4023 3429 4075 κατ’
3461 4022 3616 4086 ἀξίαν
3652 4019 4044 4090 φαιδρύνεσθαι

2467 4124 2695 4176 δίκαιον.
2739 4122 2850 4189 Τὴν
2881 4120 2940 4172 δὲ
2973 4121 3068 4187 τῆς
3106 4117 3398 4186 βασιλικῆς
3435 4117 3695 4184 καμάραν
3731 4114 3963 4182 πότερον
3998 4115 4049 4166 ct

2468 4213 2817 4283 λακωναρίαν
2843 4253 2857 4278 ,
2903 4212 2937 4281 ἢ
2977 4211 3065 4264 διά
3095 4229 3239 4274 τινος
3267 4213 3459 4280 ἑτέρας
3497 4209 3760 4280 ἐργασίας
3791 4207 4048 4274 γενέσθαι

2469 4310 2634 4372 δοκεῖ,
2654 4308 2804 4375 παρὰ
2835 4307 2927 4358 σοῦ
2953 4306 3153 4372 γνῶναι
3178 4305 3436 4373 βούλομαι
3462 4321 3476 4333 ·
3509 4305 3556 4355 εἰ
3589 4302 3696 4372 γὰρ
3729 4301 4050 4372 λακωναρία

2475 4397 2856 4469 μέλλειείναι,
2899 4399 3189 4464 δυνήσεται
3232 4390 3536 4466 καὶχρυσῷ
3572 4395 4049 4463 καλλωπισθῆναι.

2471 4489 2543 4539 Τὸ
2571 4487 2906 4556 λειπόμενον,
2937 4488 3028 4556 ,ἵνα
3053 4489 3086 4556 ἠ
3117 4486 3183 4556 σὴ
3213 4487 3432 4554 ὁσιότης
3480 4487 3589 4546 τοῖς
3622 4486 4052 4554 προειρημένοις

2409 4611 2448 4664 D
2477 4573 2821 4651 δικασταίςῇ
2870 4579 3033 4647 τάχος
3088 4578 3461 4647 γνωρισθῆναι
3520 4578 3754 4648 ποιήσῃ,
3799 4576 3940 4629 ὃςων
3992 4591 4051 4626 τε

2478 4667 2726 4736 ἐργατῶν
2756 4668 2852 4720 καὶ
2880 4666 3142 4736 τεχνιτῶν
3171 4668 3266 4719 καὶ
3295 4667 3672 4735 ἀναλωμάτων
3692 4668 3875 4734 χρεία·
3901 4664 3935 4716 ἃ.
3960 4665 4055 4714 καὶ

2479 4759 2756 4848 πρδςαὲμὲ
2800 4759 3004 4820 εὐθέως
3053 4761 3368 4827 ἀνενεγκεῖν
3424 4757 3741 4821 οπούόαιον,
3780 4757 3842 4808 οὐ
3889 4757 4056 4825 μόνον

2481 4853 2610 4918 περὶ
2640 4851 2748 4901 τῶν
2784 4854 3096 4930 μαρμάρων
3125 4869 3183 4904 τε
3224 4855 3318 4904 καὶ
3354 4851 3571 4913 κιόνων,
3618 4850 3753 4902 ἀλλὰ
3798 4851 3892 4902 καὶ
3927 4852 4058 4916 περὶ

2481 4940 2590 4990 τῶν
2619 4939 3000 5012 λακωναρίων,
3052 4943 3104 4993 εἴ
3123 4958 3184 5010 γε
3233 4943 3389 4995 τοῦτο
3430 4942 3647 4995 κάλλιον
3689 4941 4054 5009 ὲπικρίνειας.

2492 5031 2551 5084 ὐ
2585 5034 2713 5096 Θεὸς
2743 5034 3061 5102 fauni-aiat
3101 5055 3184 5101 σε,
3217 5037 3410 5103 ἀδελφέ.
3439 5038 3710 5107 ἀγαπητέ.
3750 5057 3770 5090 ι

811 5125 1167 5182 lacunaribus
1221 5121 1557 5177 exstruenda
1605 5120 1734 5183 erit,
1785 5133 1919 5172 auro
1960 5133 2182 5188 quoque
2244 5123 2509 5179 illustrari
2579 5129 2802 5196 poterit.
2855 5127 3012 5200 593
3086 5131 3240 5194 Quod
3309 5143 3580 5200 superest,
3657 5133 3923 5187 sanctitas
3965 5142 4058 5187 tua

814 5222 1022 5291 quibus
1057 5219 1294 5272 diximus
1329 5216 1745 5285 magistratibus
1811 5215 1987 5282 primo
2053 5233 2272 5287 quoque
2315 5231 2563 5290 tempore
2615 5225 2910 5294 signititm,
2968 5236 3101 5294 (μιοι
3178 5229 3448 5294 operariis

3534 5229 3952 5298 artiﬁcibusque
4005 5241 4060 5281 et

815 5323 1038 5382 quantis
1078 5310 1343 5378 impensis
1372 5309 1441 5362 sit
1472 5322 1630 5375 opus.
1663 5305 1802 5371 Quin
1834 5317 1890 5358 et
1920 5306 1983 5359 ad
2038 5323 2136 5359 nos
2162 5325 2383 5380 quoque
2430 5322 2486 5364 ut
2554 5315 2810 5367 celeriter
2856 5315 3148 5382 terentur,
3195 5318 3263 5371 da
3315 5335 3561 5387 operam,
3635 5334 3742 5372 non
3793 5320 3959 5373 modo
3993 5321 4059 5372 de

818 5422 1088 5464 marmore
1149 5415 1205 5460 et
1262 5403 1571 5466 columnis,
1629 5417 1818 5455 verum
1877 5403 2044 5454 etiam
2111 5403 2178 5457 de
2239 5406 2614 5469 lacunaribus,
2667 5412 2710 5462 si
2781 5412 2872 5478 qui
2899 5414 3001 5464 lem

3087 5414 3200 5467 haec
3264 5414 3583 5484 pulchriora
3654 5413 4060 5469 commodiora-

819 5517 923 5571 que
978 5514 1098 5553 esse
1148 5496 1506 5567 iudicaveris.
1568 5496 1708 5548 Deus
1751 5504 1801 5547 te
1849 5506 2158 5557 conservet,
2206 5494 2374 5550 frater
2415 5499 2634 5554 dilecte.
2667 5522 2684 5552 ο

891 5645 967 5714 (ι)
998 5643 1134 5712 Erga
1163 5652 1401 5695 sanctam
1433 5640 1626 5708 legem.
