4250 6450
227 422 335 490 113

1128 426 1734 489 ECCLESIASTICE
1774 428 2160 507 HISTORUE
2200 431 2342 495 LIB.
2379 430 2547 493 Vlll.

3411 424 3506 485 ili.

229 546 436 615 μιλίοις
466 544 639 616 διέχει
668 547 768 618 τῆς
834 545 1065 609 πόλεως,
1117 548 1177 601 ὲν
1227 541 1271 615 ᾧ
1298 544 1393 601 τοῦ
1428 547 1816 617 θυσιαστηρίου

1854 548 1993 609 Aad
2047 564 2169 605 eam
2217 551 2273 605 in
2330 568 2440 621 qua
2501 551 2758 605 Christus
2810 559 2973 604 natus
3027 560 3111 602 est
3162 548 3502 617 speluncam,

224 637 412 708 χαμαὶ
444 637 544 703 τὴν
578 637 789 707 φάτνην
813 638 911 691 καὶ
937 638 996 690 τὸ
1028 638 1170 691 θεῖον
1197 637 1465 707 σπήλαιον
1505 635 1817 706 περιέσχενο

222 730 426 798 ἑτέραν
446 730 492 782 δ’
516 732 575 782 εν
598 729 677 800 τῷ
705 731 814 783 τῶν
845 728 1074 782 Ἐλαιῶν
1096 720 1382 799 δρει’πρδς
1416 731 1481 799 τῇ
1515 728 1819 799 ἀκρωρείᾳ,

221 825 367 877 ὅπου
394 822 459 894 δὴ
492 823 671 875 λιπὼν
709 822 834 884 τοὺς
867 821 1121 889 μαθητάς
1153 824 1179 874 6
1230 821 1494 890 Χριστὸς,
1546 822 1684 890 προς
1729 823 1822 874 ού-

226 917 431 984 ρανοὺς
463 916 772 985 ἀνελήφθη.
830 914 1119 985 ’Υπερφυῆ
1166 914 1225 967 δέ
1257 932 1379 967 τινα
1417 914 1608 978 ἓτερον
1640 915 1698 966 ἐν
1742 912 1821 984 τῷ

220 1011 415 1080 χωρίῳ
467 1009 781 1078 Γεθσιμανῆ
812 1008 951 1061 νεὼν
982 1010 1049 1077 τῇ
1089 1006 1342 1076 Θεοτόκῳ
1391 1006 1597 1075 ιγείρει
1622 1048 1636 1071 ,
1672 1005 1820 1059 ἔνδον

220 1104 323 1157 τοῦ
376 1101 777 1172 θυσιαστηρίου
837 1101 932 1153 τὸν
1002 1099 1289 1170 ζωηφόρον
1372 1098 1593 1168 εκείνης
1644 1099 1819 1167 τάφον

222 1197 495 1266 ἀσφαλῶς
543 1195 977 1266 περιστείλασα.
1033 1192 1397 1264 Καταφεροῦς
1442 1192 1489 1245 δ’
1536 1192 1689 1254 δντος
1725 1190 1820 1244 τοῦ

222 1295 422 1356 τόπου,
473 1290 832 1358 ἁναϐαθμοῦς
863 1291 926 1343 ὲκ
969 1288 1288 1360 μαρμάρων
1329 1285 1700 1357 ποιησαμένη,
1728 1289 1820 1337 τὸν

224 1385 562 1454 βουλόμενον
611 1384 676 1436 ὲκ
739 1387 837 1451 τῆς
889 1382 1055 1450 ἀγίας
1110 1379 1318 1441 πόλεως
1366 1379 1502 1447 πρὸς
1553 1377 1820 1439 ἀνατολὰς

224 1480 486 1545 κατάγει.
508 1478 745 1544 Λέγεται
764 1476 872 1547 γάρ
896 1492 976 1528 τοι
1000 1475 1095 1527 καὶ
1117 1474 1352 1542 στόμασι
1382 1471 1599 1523 πολλῶν
1628 1470 1822 1540 περιά-

221 1587 409 1639 γεται,
435 1569 511 1629 ὡς
544 1572 601 1631 ἐς
627 1570 686 1621 τὸ
708 1571 978 1631 κάταντες
1005 1567 1098 1620 ίὼν
1126 1567 1155 1619 6
1181 1566 1367 1630 τόπος,
1395 1562 1579 1626 κοιλάς
1608 1562 1822 1616 Κλαυθ-

224 1665 411 1735 μῶνος
445 1662 737 1715 καλεῖσθαι
763 1678 776 1691 ·
820 1661 1159 1732 χειμάρρους
1212 1673 1271 1709 τε
1325 1656 1438 1711 τῶν
1478 1655 1703 1727 Κέδρων
1729 1655 1822 1708 καὶ

224 1758 417 1817 κοιλὰς
442 1756 536 1808 τοῦ
574 1755 865 1822 Ἰωσαφάτ*
896 1753 1136 1824 ἄγχιστα
1162 1752 1208 1805 δ’
1231 1747 1367 1806 εἶναι
1401 1752 1495 1803 καὶ
1524 1750 1617 1804 τὸν
1646 1750 1822 1820 κῆπον

227 1839 252 1858 Ὗ

217 1841 265 1913 ᾦ
302 1845 583 1915 παρεδόθη
612 1845 870 1915 Χριστὸς,
901 1843 1113 1905 εἰωθὼς
1138 1841 1214 1896 ὢν
1248 1845 1363 1895 ἐκεῖ
1395 1842 1817 1911 προσεύχεσθαι.

1928 644 2111 699 sexies
2145 644 2293 698 mille
2322 644 2580 714 passibus
2612 645 2681 699 ab
2712 644 2846 698 urbe
2878 642 3175 697 distantem
3208 657 3223 696 ι
3262 640 3313 691 in
3350 639 3509 708 cujus

1930 738 2208 791 sanctiore
2241 737 2488 792 sacrario
2518 737 2669 791 lmmi
2703 746 2759 791 et
2809 750 3078 805 praesepe,
3104 745 3156 789 et
3184 732 3503 803 speluncam

1929 844 2145 885 sacram
2184 839 2268 886 est
2304 830 2625 899 complexa;
2667 830 2898 884 alteram
2936 842 3069 883 vero
3120 828 3172 880 in
3223 826 3505 879 Ulivarutn

1931 931 2147 987 monte,
2178 923 2246 977 ad
2282 924 2551 978 verticem
2591 922 2796 992 ipsum,
2847 923 2938 975 ubi
2975 920 3183 975 relictis
3218 917 3509 986 discipulis

1930 1015 2187 1070 Christus
2217 1016 2271 1069 in
2304 1016 2476 1071 cmlos
2501 1024 2586 1069 est
2617 1026 2954 1083 assumptus.
2989 1013 3261 1067 Excitavit
3287 1025 3509 1080 quoque

1932 1106 2226 1161 miriﬁcum
2276 1106 2425 1161 aliud
2475 1106 2743 1177 templum
2794 1108 2848 1161 in
2897 1104 3254 1160 Gethsetnani
3301 1106 3509 1171 prmum

1929 1199 2199 1256 Genitriei
2254 1200 2371 1265 Dei,
2417 1188 2584 1270 atque
2641 1200 2694 1254 in
2753 1200 2997 1255 sacrario
3053 1199 3173 1268 ipso
3224 1196 3504 1250 virilienm

1928 1294 2051 1364 ejus
2106 1293 2423 1361 sepulcrum
2485 1293 2725 1347 tlrmiter
2773 1292 3017 1345 inclusit.
3054 1290 3192 1344 Cum
3248 1305 3377 1343 vero
3414 1290 3510 1341 tin-

1929 1387 2090 1441 clivis
2116 1386 2161 1441 is
2192 1385 2266 1441 sit
2299 1386 2479 1447 locus.
2499 1386 2703 1457 gradus
2736 1399 3081 1439 marmorcos
3111 1384 3228 1436 lteri
3266 1384 3504 1444 curarit,

1930 1480 2173 1533 viatores
2204 1494 2271 1533 ex
2309 1491 2499 1533 sancta
2530 1479 2666 1532 urbe
2696 1478 3027 1531 orientalem
3067 1476 3279 1545 plagam
3320 1491 3510 1527 versus

1927 1570 2193 1626 ferentes.
2260 1570 2425 1642 596
2495 1570 2793 1624 Multorum
2860 1586 3084 1639 quoque
3157 1569 3509 1622 sermonibus

1928 1664 2340 1728 circumfertur,
2413 1664 2772 1718 decliviorem
2850 1679 2979 1717 eum
3050 1663 3235 1716 locum
3300 1662 3505 1715 Vallem

1930 1756 2117 1820 ﬂetus,
2163 1764 2218 1809 et
2256 1767 2561 1811 torrentem
2608 1756 2852 1818 Cedron,
2888 1766 3056 1825 atque
3099 1761 3267 1809 etiam
3312 1756 3508 1808 vallem

1928 1846 2195 1916 Josaphat
2240 1846 2371 1901 dici.
2426 1845 2482 1901 In
2529 1847 2846 1917 prapinqno
2893 1848 3058 1901 etiam
3115 1861 3239 1901 esse
3290 1846 3509 1898 hortum

220 1941 338 1993 Καὶ
364 1943 477 2002 τοῖς
499 1938 669 2001 θείοις
697 1938 754 1990 δὲ
798 1938 1035 2007 νηπίοις,
1064 1937 1159 1990 καὶ
1190 1938 1325 1989 ὅπου
1358 1936 1415 1989 δὲ
1447 1935 1679 2003 ἅγγελος
1710 1937 1816 1997 τοῖς

1855 1922 1895 1977 Β
1932 1940 2086 1993 illum
2116 1939 2169 1993 in
2200 1955 2311 2007 quo
2341 1939 2593 2008 proditus
2620 1950 2705 1994 est
2729 1938 3003 2002 Christus,
3040 1947 3096 1993 et
3127 1940 3180 1992 in
3214 1955 3325 2007 quo
3353 1954 3511 1991 orare

218 2035 489 2100 ποιμέσιν
518 2030 934 2102 εὐηγγελίζετο,
969 2029 1329 2100 ἐδημιούργει
1369 2028 1579 2090 τούτοις
1608 2029 1673 2099 δὴ
1711 2030 1822 2090 τοῖς

217 2128 445 2195 ἄντροις
479 2128 604 2194 ἱερὰ
649 2126 1088 2195 φροντιστήριαο
1132 2123 1316 2187 αὐτοῖς
1339 2139 1397 2175 τε
1427 2123 1677 2193 βρέφεσι,
1729 2120 1824 2174 καὶ

216 2222 288 2288 τῇ
326 2216 425 2270 τοῦ
457 2220 636 2286 Λόγου
671 2216 1006 2286 λοχευτρία,
1043 2217 1142 2268 καὶ
1191 2214 1270 2285 τῷ
1308 2216 1579 2286 μνήστορι
1618 2212 1820 2284 Ἰωσὴφ

215 2311 418 2380 ἕτερον
444 2350 457 2362 .
520 2310 763 2362 Ἐκεῖθεν
794 2311 874 2371 εἰς
924 2310 1205 2379 Βηθάνιαν
1238 2307 1417 2371 ἰοῦσα,
1466 2307 1709 2376 Λαζάρῳ
1744 2306 1821 2375 τῷ

216 2403 364 2471 φίλῳ
396 2402 639 2471 Χριστοῦ
668 2403 807 2454 νεὼν
844 2404 974 2471 περὶ
1018 2403 1111 2454 τὸν
1144 2402 1317 2471 τάφον
1349 2400 1671 2471 περιφανῶς
1699 2402 1819 2452 άνι-

219 2494 358 2563 στᾷ·
380 2494 550 2561 διέχει
570 2493 627 2544 δὲ
666 2490 1065 2561 Ἰεροσολύμων
1086 2492 1223 2544 ὡσεὶ³
1253 2492 1409 2560 μίλια
1441 2491 1557 2543 δύο.
1582 2492 1822 2543 Ἔπειτα

216 2588 299 2656 τῷ
338 2588 468 2653 θείῳ
516 2586 757 2656 Ἰορδάνῃ
792 2586 1147 2656 προσϐάλλει·
1178 2586 1274 2638 καὶ
1302 2586 1449 2653 ἀμφὶ
1469 2584 1547 2654 τῷ
1571 2586 1821 2653 σπηλαίῳ

218 2674 262 2747 ᾧ
300 2682 475 2733 πάλαι
526 2684 625 2749 τὴν
674 2682 1002 2751 κατοίκησιν
1045 2675 1195 2749 εἶχεν
1225 2680 1253 2731 6
1305 2677 1641 2747 Βαπτιστὴς,
1670 2674 1821 2729 οἷκον

218 2774 380 2841 αύτῷ
424 2772 738 2842 περικαλλῆ
789 2774 1109 2842 ἀνεγείρειο
1160 2774 1257 2827 καὶ
1305 2773 1463 2826 ἄλλον
1509 2772 1567 2825 δὲ
1598 2773 1735 2843 πρὸς
1760 2773 1822 2824 τὸ

218 2864 459 2925 ἄναντες
493 2861 587 2915 τοῦ
640 2864 806 2932 ὅρους
858 2864 1045 2916 Ἠλιοῦ
1083 2862 1161 2933 τῷ
1204 2864 1443 2936 Θεσείτῃ
1493 2866 1817 2934 ἐγκαθιστᾷ.

227 2958 390 3010 ὐδδιν
416 2957 460 3009 δ’
487 2956 702 3009 ἐκεῖθεν
745 2958 1033 3028 τεσσάρων
1066 2958 1314 3012 ἀνύσασα
1344 2959 1591 3029 ἡμερῶν,
1623 2963 1702 3019 εἰς
1728 2958 1821 3012 Τι-

217 3051 455 3122 6εριάδα
489 3051 641 3121 ἥκει,
676 3049 807 3102 ἔνθα.
847 3057 908 3103 τὸ
957 3050 1377 3122 Δωδεκάθρονον
1408 3053 1649 3122 ἵστησιν,
1683 3053 1818 3105 ὅπου

217 3146 467 3215 Χριστὸς
502 3145 598 3198 καὶ
626 3144 754 3207 τοὺς
790 3143 1274 3214 τετρακισχιλίους
1301 3144 1557 3213 διέθρεψε
1584 3159 1598 3173 ⁸
1636 3146 1732 3196 καὶ
1760 3146 1821 3195 τὸ

216 3241 428 3313 χωρίον
476 3238 626 3292 ἔστιν
652 3240 688 3309 ὴ
719 3236 1097 3309 Καπερναοὺμ
1120 3279 1135 3302 ,
1169 3240 1299 3291 ἔνθα
1337 3238 1403 3308 δὴ
1438 3240 1532 3292 καὶ
1576 3238 1645 3291 τά
1678 3240 1821 3289 κατᾶ

214 3337 313 3388 τὸν
346 3336 755 3404 ἑκατόνταρχον
800 3332 1087 3401 ἐτελέσθη,
1138 3337 1231 3386 καὶ
1263 3334 1292 3385 6
1335 3332 1426 3385 διά
1480 3332 1580 3401 τῆς
1620 3332 1821 3401 στέγης

216 3432 523 3502 χαλασθεὶς
572 3429 957 3498 παραλυτικὸς
1017 3428 1221 3482 αὐτίκα
1266 3427 1394 3498 εὗρε
1456 3428 1556 3499 τὴν
1623 3429 1769 3482 ίασιν
1801 3466 1816 3482 .

218 3523 360 3578 Εἶτα
382 3530 443 3578 ὲν
467 3518 512 3593 ᾧ
540 3525 641 3595 τὴν
665 3523 763 3576 τοῦ
783 3524 1019 3592 αἵματος
1052 3523 1243 3576 στάσιν
1272 3525 1307 3593 η
1335 3523 1634 3595 αἱμόρρους
1665 3522 1815 3592 εὗρε·

215 3624 323 3675 κάν
357 3620 438 3692 τῷ
495 3619 844 3690 Ἐπταπήγῳ
886 3618 1165 3688 λεγομένῳ
1204 3619 1534 3685 ἐφίσταται,
1591 3619 1727 3671 ὅπου
1758 3620 1820 3670 τὸ

217 3718 333 3769 τῶν
365 3715 509 3767 ἑπτὰ
535 3714 720 3785 ἀρτων
768 3714 862 3765 καὶ
907 3712 1019 3763 τῶν
1058 3711 1152 3765 δύο
1196 3711 1397 3782 ἰχθύων
1443 3710 1631 3776 θαῦμα
1661 3712 1820 3776 ξενον

216 3809 544 3879 εξργάσατο.
583 3808 703 3858 Κάν
744 3808 811 3876 τῇ
857 3804 1017 3873 diei;
1051 3803 1109 3857 δὲ
1154 3805 1255 3873 τῆς
1294 3804 1620 3870 Τιϐεριάδος
1658 3819 1821 3871 γεγε-

214 3902 457 3970 νημένη,
492 3900 586 3951 καὶ
626 3899 762 3951 ὅπου
812 3896 999 3967 δὲτὴν
1039 3896 1417 3967 Μαγδαληνὴν
1456 3900 1595 3961 ἰᾶτο,
1631 3898 1820 3965 διαφό-

218 4008 351 4061 ρους
396 3990 522 4043 καθ’
574 3990 810 4042 ἕκαστον
859 3988 1069 4041 τούτων
1098 3990 1214 4050 τοῖς
1260 3990 1585 4052 ἀποστόλοις
1620 3992 1817 4042 ἀνίστα

213 4099 381 4144 νεως.
419 4081 615 4134 Ἐνδον
647 4081 704 4133 δὲ
736 4081 837 4151 τῆς
879 4080 1092 4140 πόλεως
1132 4079 1463 4150 Τιϐεριάδος
1493 4082 1592 4149 τὴν
1634 4081 1817 4135 οἰκίαν

208 4177 313 4243 τῆς
342 4173 623 4241 πενθερᾶς
661 4173 873 4242 ιιέτρου
902 4168 1144 4239 εὑροῦσα
1176 4171 1371 4241 Πέτρῳ
1400 4172 1478 4238 τῴ
1530 4171 1663 4240 θείῳ
1693 4188 1816 4222 ποι·

209 4270 366 4322 κίλον
393 4266 677 4337 ᾠκοδόμει
719 4263 879 4320 νεών.
933 4268 1049 4319 Κάν
1091 4264 1173 4335 τῷ
1220 4263 1492 4334 Θαόωρίῳ
1534 4264 1590 4316 δὲ
1619 4266 1686 4315 τὰ
1724 4264 1815 4316 ίσα.

204 4362 603 4429 διεπράττετο·
637 4357 770 4409 ἔνθα
800 4356 866 4425 δὴ
911 4357 1136 4425 λέγεται
1191 4358 1287 4410 καὶ
1321 4356 1414 4409 τὸν
1473 4356 1813 4425 Μελχισεδὲκ

207 4454 471 4518 εὐλογίας
500 4450 843 4514 καταξιῶσαι
865 4450 960 4501 τὸν
1003 4449 1282 4519 ’Δϐραάμ.
1314 4448 1403 4519 Τῷ
1426 4449 1483 4501 δὲ
1507 4450 1604 4518 τῆς
1630 4450 1814 4503 Μετα-

208 4546 561 4618 μορφῶ,;ως
592 4545 746 4612 τόπῳ
791 4544 905 4604 τοῖς
929 4542 1029 4611 τὴν
1072 4542 1328 4610 ὑπερφυᾶ
1375 4543 1686 4595 κατιδούσιν
1725 4543 1812 4594 αί-

1924 2033 2127 2087 solitus
2182 2030 2387 2086 fuerat.
2436 2032 2657 2087 Sanctis
2700 2032 2894 2087 itidem
2934 2032 3259 2096 infantibus,
3303 2039 3359 2085 et
3411 2031 3503 2084 ubi

1922 2124 2152 2195 angelus
2191 2124 2508 2193 pastoribus
2554 2125 2741 2179 ltetum
2787 2124 2975 2178 attulit
3010 2123 3293 2186 tutntium,
3333 2124 3388 2176 in
3425 2124 3508 2177 eis

1926 2218 2063 2288 ipsis
2092 2218 2231 2273 locis
2259 2232 2449 2272 sacras
2478 2218 2755 2273 exstruxit
2778 2216 2927 2272 mdes
2957 2235 2972 2269 :
3004 2216 3312 2270 infantibus
3350 2217 3475 2269 vide
3496 2246 3509 2256 -

1923 2313 2056 2367 licet
2088 2312 2245 2381 ipsis,
2275 2323 2332 2367 et
2364 2312 2527 2366 Verbi
2563 2326 2872 2381 puerpera,
2909 2326 3010 2365 nec
3035 2327 3144 2363 non
3178 2310 3341 2363 aliam
3377 2326 3508 2377 quo.

1924 2420 2032 2475 que
2076 2420 2281 2475 sponso
2321 2404 2565 2475 Josepho
2597 2404 2796 2459 aedem.
2833 2403 2961 2458 Inde
3012 2402 3342 2456 Bethaniam
3389 2417 3509 2470 pros

1925 2513 2112 2565 gressa
2176 2497 2389 2551 Lazaro
2441 2495 2649 2551 Christi
2703 2496 2885 2549 amico
2946 2496 3165 2563 insigne
3212 2494 3508 2548 :cdiiicavit

1923 2589 2217 2645 delubrum
2253 2610 2265 2643 :
2305 2592 2466 2643 abest
2504 2590 2555 2642 id
2596 2580 2997 2658 Hierosolymis
3033 2603 3297 2655 passuum
3346 2588 3510 2640 milli-

1928 2685 2030 2737 bus
2055 2682 2301 2735 duobus.
2329 2681 2535 2736 Deinde
2558 2681 2624 2733 ad
2651 2696 2865 2734 sacrum
2890 2680 3188 2734 Jordanetn
3214 2695 3509 2741 conversa,

1925 2778 2071 2831 circa
2133 2775 2456 2843 Speluncam
2510 2776 2601 2827 ubi
2659 2774 2792 2827 olim
2849 2774 3195 2825 domicilium
3261 2773 3507 2841 Baptista

1926 2868 2141 2932 habuit,
2194 2868 2583 2935 perpulchram
2623 2866 2796 2919 aedem
2847 2865 2924 2918 illi
2977 2867 3177 2928 erexit,
3230 2867 3507 2936 aliamque

1923 2960 1992 3013 ad
2022 2960 2392 3013 aeclivitatem
2422 2959 2647 3020 tnoutis,
2678 2957 2808 3011 Elite
2833 2958 3134 3012 'l‘itcsbitzc.
3164 2960 3342 3027 Atque
3380 2960 3507 3013 inde

1922 3062 2161 3122 quatuor
2184 3052 2398 3104 dierum
2436 3052 2635 3105 itinere
2664 3066 2917 3115 emenso,
2948 3051 3300 3105 'l‘tberiadem
3332 3055 3506 3116 venit,

1925 3147 2019 3199 ubi
2054 3147 2113 3197 τὸ
2149 3145 2592 3213 Δωδεκάθρονον,
2627 3144 2731 3198 hoc
2763 3155 2870 3207 est,
2905 3146 3204 3197 Duodecim
3243 3145 3501 3199 Tltrono-

1850 3265 1892 3323 ο
1928 3256 2049 3293 rum
2085 3239 2349 3308 templum
2397 3239 2613 3300 statuit,
2656 3254 2767 3307 quo
2814 3244 2937 3292 loco
2974 3238 3230 3293 Christus
3264 3250 3505 3308 quatuor

1924 3332 2211 3386 hominum
2249 3330 2421 3383 millia
2465 3333 2635 3399 pavit.
2689 3332 2744 3383 In
2788 3345 2850 3384 ea
2904 3332 3133 3401 regione
3178 3340 3265 3384 est
3304 3328 3508 3399 Caper-

1924 3438 2111 3490 naum,
2149 3424 2241 3478 ubi
2277 3424 2606 3479 miraculum
2640 3424 2772 3479 illud
2809 3426 2862 3479 iu
2909 3427 3238 3482 centurione
3268 3429 3505 3487 editum.

1921 3528 1975 3573 et
2013 3520 2067 3572 in
2104 3518 2429 3588 paralytico,
2461 3519 2555 3587 qui
2596 3534 2693 3587 per
2741 3530 2943 3572 tectum
2981 3521 3279 3586 detnissus,
3315 3524 3501 3578 statim

1922 3612 2157 3665 salutem
2216 3611 2473 3676 invenit;
2538 3610 2743 3664 deinde
2804 3610 2895 3664 ubi
2957 3613 3158 3667 mulier
3216 3615 3505 3685 sanguinis

1922 3702 2070 3756 ﬂuxu
2117 3703 2376 3757 laborans
2416 3702 2672 3756 restituta
2708 3712 2816 3757 est.
2843 3704 3075 3758 Sistitur
3102 3706 3349 3760 etiamin
3386 3708 3506 3761 loco

1921 3796 2017 3866 qui
2057 3796 2264 3850 dicitur
2308 3796 2691 3864 Ἐπτάπηγος,
2726 3796 2833 3850 hoc
2861 3807 2968 3859 est,
3012 3800 3090 3851 Ad
3139 3811 3349 3867 septem
3386 3801 3506 3852 ion-

1923 3896 2027 3951 tes,
2051 3887 2143 3942 uhi
2172 3887 2365 3957 ingens
2395 3888 2527 3941 illtrd
2561 3889 2893 3943 miraculum
2918 3890 2988 3943 de
3020 3900 3231 3959 septem
3268 3894 3504 3963 panibus

1920 3988 1975 4033 et
2015 3980 2207 4049 paucis
2233 3981 2477 4048 piscibus
2507 3981 2776 4035 Dominus
2812 3983 2962 4036 iecit.
2999 3983 3248 4038 Accessit
3278 4002 3504 4056 quoque

1920 4073 1988 4126 ad
2030 4073 2343 4126 Tiberiadis
2380 4074 2675 4143 piscatum,
2720 4084 2776 4127 et
2829 4076 2880 4127 in
2930 4076 3111 4129 locum
3157 4078 3248 4132 ubi
3287 4079 3506 4147 Magda-

1918 4168 2043 4221 lena
2076 4176 2266 4221 sanata
2294 4176 2401 4231 est,
2430 4177 2485 4219 et
2521 4168 2574 4221 in
2606 4167 2839 4237 singulis
2867 4170 3005 4223 locis
3032 4172 3249 4224 diversa
3282 4182 3506 4239 aposto-

1919 4260 1987 4314 lis
2036 4261 2346 4314 construxit
2401 4261 2625 4330 templa.
2677 4261 2823 4316 intra
2878 4264 3072 4316 urbem
3124 4263 3500 4327 Tiberiadem,

1917 4368 2115 4407 socrus
2149 4353 2296 4407 I’clri
2336 4353 2503 4408 domo
2534 4365 2776 4424 reperta.
2813 4357 2942 4409 divo
2992 4357 3157 4411 Petro
3204 4358 3498 4426 puli-hrum

1915 4446 2209 4499 constituit
2241 4445 2565 4500 delubrum.
2608 4447 2798 4500 Itidem
2832 4465 3000 4516 porro
3040 4451 3094 4501 in
3131 4459 3315 4503 monte
3353 4450 3503 4504 Tha-

1915 4540 2016 4593 hor
2043 4540 2195 4601 fecit,
2232 4540 2282 4593 in
2311 4557 2422 4610 quo
2460 4539 2865 4597 Melchisedech
2899 4543 3272 4597 Abrahamqu
3297 4544 3500 4598 dicitur

376 4637 603 4704 εκείνην
630 4635 814 4703 τρισὶν
846 4632 1171 4696 ἀποστόλοις
1202 4634 1507 4704 περικαλλῆ
1540 4634 1633 4687 τὸν
1662 4631 1809 4688 οἷκον

1850 4614 2311 4685 “benedictione
2378 4644 2709 4700 prosecutus
2769 4648 2914 4689 esse.
2986 4634 3046 4688 lu
3122 4635 3243 4704 ipso
3310 4649 3494 4691 autem

202 4728 490 4796 ἐδείματο·
520 4726 618 4778 καὶ
645 4724 818 4777 ποθ.λά
847 4724 924 4793 τῷ
953 4727 1100 4792 τόπερ
1124 4724 1494 4778 κατεϐάλλετο
1523 4728 1627 4795 χρὴ
1637 4744 1805 4795 ματα,

203 4823 270 4875 ἶν’
315 4816 435 4873 εἷεν
471 4822 585 4880 τοῖς
630 4819 811 4870 ἐκεῖσε
863 4820 1274 4888 παραμένουσι,
1326 4820 1420 4871 καὶ
1478 4818 1570 4871 τὸν
1627 4819 1806 4889 χῶρον

198 4916 463 4984 Lupa-atq
492 4910 836 4966 καθιστῶσιν
877 4915 955 4972 είς
1002 4911 1215 4978 ὄνησιν.
1275 4910 1521 4963 Ἐκεῖθεν
1562 4911 1621 4963 δὲ
1672 4912 1805 4980 πρὸς

199 5008 473 5066 anatona;
509 5010 625 5069 καί·
686 5005 803 5067 βα,
832 5005 914 5065 είς
960 5003 1217 5072 Ναζαρὲτ
1267 5004 1480 5071 γίνεται
1508 5042 1524 5057 .
1562 5006 1670 5056 Καὶ
1711 5006 1803 5056 τὸν

195 5102 291 5153 τοῦ
316 5095 712 5169 ιχαιρετισμοῦ
748 5092 1213 5168 οἶκονηεύροῦσα,
1264 5100 1392 5149 ναὸν
1440 5098 1701 5167 χαρίεντα
1734 5101 1800 5169 τῇ

197 5199 458 5263 θευμρκῳ
487 5192 689 5245 ἀνίστα
731 5189 843 5262 [ἄλ.
882 5187 1128 5260 ἀνίστη].
1166 5190 1284 5243 Κάν
1331 5195 1397 5259 τῇ
1446 5190 1599 5259 Κανᾷ
1621 5190 1675 5241 δὲ
1699 5191 1799 5258 τῆς

200 5288 524 5350 Γαλιλλίας,
564 5284 700 5337 ἔνθα
757 5288 786 5336 6
818 5284 915 5337 τοῦ
976 5284 1288 5338 Κανανίτου
1333 5283 1577 5354 Σίμωνος
1625 5283 1802 5351 γάμος

198 5384 450 5449 ἐγένετο,
501 5377 603 5431 καὶ
629 5376 689 5442 ἐξ
719 5374 937 5445 ἀδήλων
998 5374 1245 5445 βοτρύων
1294 5372 1435 5438 οἶνος
1475 5377 1802 5446 ἐπηγάζετο.

200 5471 358 5527 οἰκον
423 5471 579 5541 ἱερὸν
631 5469 889 5542 ἐδείματο
946 5468 1155 5541 ἓτερον.

1916 4722 2451 4777 'l'rausformationis
2485 4724 2628 4789 loco,
2660 4725 2753 4794 qui
2802 4726 3154 4795 splendorem
3196 4728 3348 4782 illum
3389 4731 3493 4783 mi-

1914 4814 2130 4869 riticuut
2168 4830 2529 4884 conspexere,
2558 4819 2824 4885 apostolis
2850 4820 3033 4873 tribus
3059 4822 3493 4889 pulcherrimam

1909 4909 2187 4963 exstruxit
2216 4909 2530 4964 ecclesiam.
2566 4910 2688 4975 Quo
2723 4911 2845 4965 loco
2880 4915 3108 4968 multant
3157 4916 3322 4969 etiam
3370 4920 3495 4971 reii-

1909 4999 2031 5068 quit
2064 5000 2376 5068 pecuniam,
2410 5001 2465 5054 in
2491 5003 2803 5056 subsidium
2832 5004 2915 5058 eis
2940 5006 3035 5072 qui
3068 5007 3143 5060 ibi
3179 5022 3490 5071 manerent,

1910 5092 2205 5159 locumque
2232 5093 2411 5160 ipsum
2441 5095 2782 5149 est-olerent.
2828 5095 2958 5150 lude
2987 5097 3265 5152 orientem
3299 5116 3492 5153 versus

1908 5182 2280 5244 descendens,
2352 5182 2620 5241 Nazarcth
2686 5190 2961 5256 pervenit,
3018 5200 3073 5243 ct
3139 5192 3491 5247 salutationis

1909 5277 2173 5347 angelica:
2202 5279 2368 5332 domo
2401 5292 2643 5348 reperta,
2676 5282 2768 5335 Dei
2801 5280 3070 5336 Genitrici
3106 5298 3486 5352 peratnmnutn

1911 5370 2175 5423 excitavit
2203 5372 2490 5440 templum.
2530 5373 2597 5427 Et
2630 5375 2683 5427 in
2721 5375 2867 5428 Cana
2899 5376 3156 5437 ρεπιιιωςυ,
3187 5378 3276 5428 ubi
3312 5379 3490 5430 Simo-

1912 5462 1999 5513 nis
2022 5463 2319 5517 Chananaei
2352 5465 2557 5533 nuptiae
2589 5466 2902 5531 celebrat-.2,
2940 5479 2995 5521 ct
3029 5486 3093 5521 ετ
3136 5471 3368 5524 occultis
3402 5471 3487 5523 in-

1909 5557 2191 5625 certisque
2224 5558 2397 5613 botris
2445 5560 2632 5613 vinum
2680 5562 2904 5624 factum,
2938 5563 3100 5618 aliato
3138 5578 3357 5632 uuotpic
3400 5582 3486 5620 sa-

1910 5664 2058 5702 cram
2092 5650 2263 5704 aedem
2304 5653 2615 5709 aediﬁcavit.
