4250 6450
261 435 360 499 117

1146 432 1743 495 ΕΕΟιΕΒΙΑΞΤΙΟᾹζ
1782 431 2170 499 ΗΙΞΤΟΒῐιΕ
2206 434 2349 497 LIB.
2397 434 2564 498 VIII.

3419 432 3520 496 118

255 544 401 600 εἶναι
436 543 547 597 τῶν
575 545 929 614 μιασμάτων.
962 544 1024 599 EI
1048 544 1105 599 δέ
1131 562 1218 611 τις
1241 546 1367 616 ἑξῆς
1392 548 1673 620 φωραθεὶς
1694 549 1848 621 ἁλοίη
1878 552 1925 610 Α

1842 569 1848 621 ι
1878 552 1925 610 Δ
1954 565 2083 622 ceps
2116 551 2386 621 ejusmodi
2420 551 2719 622 quidquam
2750 548 2930 605 facere
2954 547 3330 618 deprebensus
3352 558 3520 612 esset,

255 636 491 690 τοιαῦτα
524 636 806 707 πράττων,
836 637 1070 709 μεγίστῃ
1102 638 1298 693 τοῦτον
1325 640 1502 711 ζημία
1519 640 1846 709 ὑπάγεσθαι.

257 734 370 785 Καὶ
402 734 552 803 ἔργῳ
581 736 653 788 τὰ
682 736 1139 805 προσταττόμενα
1170 738 1349 791 αῐσιον
1405 738 1687 809 ἐλάμϐανε
1746 739 1846 792 πέ-

256 843 381 893 ρας.
416 826 529 880 Καὶ
582 829 638 880 ἐν
690 830 756 899 τῇ
787 832 887 899 τῆς
942 832 1202 901 Φοινίκης
1264 831 1615 885 Ἡλιουπόλει
1658 833 1849 899 ἓτερον

253 917 410 972 οἷκον
449 920 756 991 οἰκοδομεῖν
780 922 1001 977 ἐκέλευε
1036 926 1448 988 Κωνσταντῑνος
1470 941 1486 957 ·
1548 926 1849 979 ἐπίσκοπόν

252 1029 315 1065 τε
347 1014 448 1069 καὶ
488 1013 695 1084 κλῆρον
751 1017 896 1085 ἱερὸν
954 1016 1363 1083 κατεσκεύαζεο
1396 1020 1488 1072 καὶ
1518 1020 1611 1073 τὸν
1651 1022 1714 1072 ἐκ
1745 1037 1853 1072 πα-

255 1104 413 1157 λαιοῦ
445 1109 723 1175 προσόντα
754 1109 922 1179 νόμον
972 1110 1186 1173 τούτοις
1234 1112 1539 1180 ἀπεῖργεν,
1570 1111 1629 1174 ὃς
1660 1112 1848 1175 κοινὰς

256 1196 399 1253 εἶναι
432 1200 535 1263 τὰς
571 1204 847 1268 γυναῖκας
880 1202 1073 1268 ἐτίθει,
1101 1205 1196 1257 καί⁵
1224 1207 1342 1269 τοῖς
1381 1205 1645 1277 παριοῦσι
1676 1206 1849 1270 ξένοις

252 1295 356 1356 τὰς
394 1294 546 1361 σφῶν
583 1294 897 1365 παρθένους
958 1298 1241 1367 πρότερον,
1266 1297 1737 1368 ἐκπορνεύεσϐαι,
1770 1298 1846 1361 ὡς

256 1384 397 1440 εἶναι
432 1388 534 1455 μὲν
568 1389 756 1449 αὐτοῖς
779 1389 1035 1443 τὰτέκνα
1075 1391 1380 1461 ἀμφίὸολα,
1423 1394 1517 1445 καὶ
1574 1393 1849 1462 μηδεμίαν

253 1478 401 1532 εἶναι
434 1480 653 1543 τούτοις
687 1480 991 1551 διάκρισιν.
1032 1475 1135 1535 Ὃν
1188 1483 1395 1538 ἀνελὼν
1426 1483 1486 1536 τὸ
1548 1483 1740 1553 μῦσος,
1778 1484 1847 1538 τὰ

251 1575 388 1643 γένη
418 1573 811 1639 ἐπιγινώσκειν
842 1576 1324 1644 παρεσκευάσατο.
1365 1577 1759 1646 Παραπλήσιον
1788 1579 1845 1630 δέ

251 1685 300 1716 τε
340 1668 435 1719 καὶ
462 1669 522 1718 ἐν
544 1667 807 1730 Φαιάκοις
832 1668 1010 1721 ἐποίει
1032 1685 1047 1699 ο
1084 1671 1145 1720 τὺ
1182 1671 1289 1739 γὰρ
1329 1671 1426 1739 τῆς
1447 1672 1628 1723 ἐκεῖσε
1648 1671 1848 1739 Ἀφρο·

248 1754 404 1824 ίξτης
437 1756 585 1825 ίερδν
618 1757 696 1824 τῷ
722 1756 942 1826 Λιϐάνῳ
968 1758 1261 1827 περιελὼν,
1297 1759 1394 1812 καὶ
1420 1760 1517 1821 τὰς
1555 1762 1612 1813 ὲν
1652 1761 1846 1830 ἐκείνῳ

249 1848 492 1917 αἰσχρὰς
517 1851 615 1901 καὶ
655 1850 931 1918 ἁσέμνους
962 1850 1141 1919 μίξεις
1165 1852 1531 1922 συμπεριείλε
1553 1868 1567 1883 ι
1591 1855 1684 1905 τὸν
1713 1853 1761 1905 τ’
1787 1857 1846 1907 ἐν

249 1939 489 2008 Κιλικίᾳ
556 1940 880 1994 ΙΙυΟωνικον
947 1943 1324 2010 κατέστρεφεν
1377 1942 1558 1997 οἷκον
1614 1946 1706 1997 καὶ
1754 1946 1846 1998 τὸν

249 2031 438 2080 ἐκεῖσε
470 2031 863 2097 ἐμφωλεύοντα
892 2032 1160 2102 ἐξήλαυνε
1196 2035 1455 2104 δαίμονα.
1494 2037 1569 2088 Οὐ
1595 2039 1760 2105 μόνον
1788 2037 1846 2089 δέ

249 2124 321 2189 τῇ
356 2124 427 2191 γῇ
460 2123 559 2186 τὰς
604 2124 943 2192 Ἐκκλησίας
983 2126 1231 2196 ὲῤῥίζου,
1276 2128 1414 2180 ἀλλὰ
1442 2128 1520 2199 τῷ
1552 2130 1680 2199 περὶ
1710 2131 1847 2199 Χρι-

253 2213 383 2263 στὸν
413 2214 569 2283 πόθῳ
625 2215 991 2286 φλεγόμενος,
1061 2218 1150 2271 ἴνα
1208 2220 1313 2272 κάν
1345 2220 1580 2291 ἐρήμοις
1640 2221 1846 2290 ἐχοιτὰ

254 2304 531 2372 σύμϐολα,
573 2308 665 2357 καὶ
690 2301 845 2357 οἷκον
876 2307 934 2373 ἐξ
959 2308 1158 2377 ὀθόνης
1190 2310 1451 2380 ποικίλης
1503 2315 1849 2366 κατασκευά-

254 2395 601 2464 σα;,ὦσπερ
626 2398 797 2450 πάλαι
834 2400 1078 2469 Μωῦσῆς
1130 2404 1491 2475 περιέφερεν,
1554 2400 1699 2477 ᾖπέρ
1754 2423 1847 2475 μοι

253 2489 616 2557 προείρηται.
667 2491 883 2554 Πολλὰς
937 2492 997 2545 δὲ
1050 2496 1143 2545 καὶ
1188 2495 1355 2557 ἄλλας
1410 2497 1708 2563 ἐκκλησίας
1734 2501 1849 2561 τοῖς

250 2582 441 2646 ἁγίοις
475 2583 706 2645 ἐκείνοις
744 2586 934 2647 τόποις
963 2590 1454 2650 κατασκευάσασα,
1501 2589 1671 2653 οὔσας
1705 2591 1848 2660 ὑπὲρ

247 2674 587 2741 τριάκοντα,
636 2675 669 2743 ἡ
733 2674 992 2744 θεοφιλὴς
1053 2676 1263 2746 βασιλὶς
1304 2679 1523 2749 Ἑλένη,
1580 2683 1711 2749 πρὸς
1757 2683 1850 2734 τὸν

250 2765 417 2830 φίλον
452 2766 661 2835 ταύτης
691 2769 808 2819 υἱὸν
831 2771 1235 2841 ἐπανέστρεψε,
1268 2774 1378 2836 τοῖς
1399 2774 1678 2843 ἑσπερίοις
1711 2777 1849 2844 μετὰ

249 2858 358 2926 τὴν
398 2856 624 2910 σύνοδον
655 2859 918 2927 διάγοντα
957 2863 1177 2932 μέρεσι.

854 3131 895 3182 Κ
908 3131 1106 3186 ΕΦΑΛ.
1136 3132 1251 3189 AA'.

1948 658 2076 698 eum
2109 642 2259 712 gravi
2304 643 2627 696 mulctatum
2679 641 2747 695 iri
2778 655 2959 709 pinna,
2991 638 3304 693 constituit.
3344 639 3522 707 Atque

1953 734 2218 805 imperata
2252 735 2367 788 haec
2398 733 2463 787 ad
2498 749 2612 788 rem
2649 732 2868 795 collata,
2895 731 3200 801 legitimum
3230 741 3525 784 consecuta

1950 840 2080 884 sunt
2119 829 2350 884 exitum.
2385 826 2497 882 Nec
2529 826 2712 880 minus
2739 824 3004 895 Heliopoli
3036 825 3091 877 in
3150 822 3434 876 thuicia
3465 838 3525 874 a-

1948 924 2077 977 liam
2114 937 2324 977 sacram
2344 920 2513 974 tndem
2544 918 2939 973 Constantinus
2956 915 3214 971 aediﬁcari
3242 916 3519 983 prtevepit.

1952 1018 2116 1086 eique
2144 1016 2463 1088 episcopum
2491 1028 2647 1067 suum
2667 1022 2720 1066 et
2744 1027 2958 1065 sacrum
2995 1011 3202 1065 clerum
3234 1008 3405 1070 dedit,
3431 1023 3524 1058 ve—

1954 1108 2058 1162 teri
2094 1104 2307 1159 sublata
2338 1105 2458 1172 lege
2516 1117 2637 1171 qum
2664 1116 2990 1155 communes
3033 1115 3153 1154 esse
3186 1115 3404 1154 uxores.
3473 1109 3528 1149 ct

1954 1197 2378 1253 advenientibus
2400 1194 2713 1264 hospitibus
2741 1194 2982 1261 virgines
3034 1207 3161 1247 suas
3190 1191 3525 1261 prostitui-re

1944 1290 2193 1362 jubebat,
2229 1298 2289 1343 ut
2321 1289 2488 1341 dubia
2527 1296 2581 1341 et
2615 1301 2819 1354 anei-ps
2852 1284 2994 1351 apud
3020 1299 3116 1338 eos
3147 1284 3365 1338 soboles
3401 1282 3528 1334 nul-

1947 1387 2175 1454 lmnque
2197 1383 2315 1455 ejus
2345 1383 2641 1437 discrimen
2678 1390 2849 1434 esset.
2886 1379 2998 1432 lloc
3052 1389 3158 1430 tam
3207 1376 3529 1429 abominan-

1954 1480 2085 1532 dum
2124 1479 2306 1531 scelus
2355 1476 2601 1537 abolens,
2635 1486 2693 1526 ut
2724 1484 2913 1543 gentes
2960 1472 3288 1540 fatniliaeque
3329 1472 3528 1536 digno-

1952 1574 2264 1627 sccrculur,
2298 1561 2501 1615 eil'vcit.
2538 1561 2730 1615 Simile
2760 1560 3019 1630 quiddam
3051 1560 3217 1614 etiam
3253 1559 3305 1612 iu
3343 1559 3524 1626 Apha-

1951 1658 2033 1712 cis
2064 1658 2141 1723 (ἱ)
2177 1645 2324 1709 fecit.
2360 1653 2647 1722 Templum
2703 1668 2938 1721 namque
2972 1652 3199 1707 Veneris
3253 1653 3412 1705 isthic
3462 1652 3526 1705 ad

1952 1750 2221 1805 Libanum
2256 1758 2498 1802 montem
2523 1746 2841 1810 demolitus,
2882 1762 2985 1798 una
3015 1762 3234 1814 quoque
3272 1746 3445 1798 raltIOS
3474 1757 3527 1798 et

1952 1842 2295 1906 indecentes,
2322 1842 2414 1909 qui
2451 1840 2654 1894 tttistim
2679 1840 2904 1901 ﬁebant,
2936 1841 3267 1894 concubitus
3300 1856 3532 1908 prorSus

1949 1934 2189 1991 sustulit.
2230 1935 2287 1989 ln
2336 1934 2526 1989 Cilicia
2579 1950 2745 2003 porro
2779 1934 3140 2004 Pythonicum
3199 1935 3399 1988 evertit
3456 1932 3533 1985 fa-

1949 2044 2080 2080 num
2118 2027 2220 2097 (2),
2256 2036 2418 2097 atque
2470 2025 2823 2080 incubantem
2859 2025 2933 2079 ibi
2988 2026 3290 2079 ilaaiuouem
3343 2026 3526 2094 eiecit.

1949 2116 2069 2172 Non
2104 2126 2316 2173 tantum
2374 2128 2556 2174 autem
2607 2116 2871 2171 ecclesias
2905 2132 2935 2172 e
2966 2115 3338 2169 ftindameutis
3370 2124 3531 2172 terra:

1948 2212 2239 2271 exstruxit.
2268 2225 2457 2264 verum
2514 2210 2680 2264 etiam
2744 2226 2841 2279 pro
2906 2225 3008 2263 suo
3058 2226 3185 2277 erga
3246 2208 3526 2265 Christum

1952 2301 2205 2372 ﬂagranti
2238 2301 2519 2355 desiderio
2543 2312 2598 2357 et
2624 2316 2834 2365 amore,
2878 2313 2936 2355 ut
2972 2301 3027 2355 in
3056 2301 3357 2355 solitudine
3390 2317 3530 2369 quo-

1949 2412 2055 2465 que
2078 2405 2264 2451 sancta
2290 2396 2518 2450 haberet
2550 2395 2794 2467 symbols
2818 2447 2833 2473 ,
2860 2394 3033 2449 aedem
3063 2410 3272 2449 sacram
3309 2409 3339 2447 e
3365 2395 3477 2447 Vari
3504 2407 3532 2448 ι

1950 2487 2140 2541 linteis
2177 2488 2294 2542 ﬁeri
2331 2488 2570 2552 curavit,
2601 2502 2833 2556 eamque
2866 2486 3031 2540 veluti
3076 2485 3294 2553 priscus
3332 2485 3529 2548 Moses,

1952 2580 2119 2634 sicuti
2150 2594 2179 2633 a
2218 2594 2303 2633 me
2333 2587 2493 2633 antea
2528 2587 2611 2632 est
2646 2579 2877 2641 dietum,
2944 2593 3133 2632 secum
3169 2578 3527 2632 circumtulit.

1950 2671 2095 2737 Quin
2124 2679 2180 2725 et
2213 2672 2402 2740 plures
2426 2670 2691 2725 ecclesias
2717 2670 2852 2724 alias
2881 2670 2936 2724 in
2971 2670 3176 2723 sanctis
3197 2670 3305 2724 illis
3369 2669 3527 2730 locis,

1950 2778 2115 2831 supra
2148 2764 2393 2833 triginta.
2428 2764 2805 2815 amantissima
2838 2761 2931 2814 Dei
2988 2760 3196 2815 femina
3235 2761 3531 2830 imperato-

1954 2857 2032 2910 ris
2066 2869 2240 2909 mater
2266 2856 2548 2909 condidit:
2608 2864 2664 2909 et
2694 2855 2761 2908 ad
2799 2855 3162 2909 clarissimum
3194 2855 3296 2909 sibi
3334 2855 3525 2919 lilium,

1955 2946 2010 2998 in
2042 2944 2479 3000 occidentalibus
2516 2955 2638 3015 post
2668 2944 2939 3015 synodum
2967 2954 3218 3014 agentem
3249 2945 3524 3014 partibus,

1952 3044 2036 3089 εει
2070 3051 2311 3091 reversa.

2418 3146 2582 3217 599
2624 3147 2850 3203 CAPUT
2882 3146 3074 3201 XXXI.

256 3222 401 3290 Περὶ
417 3221 556 3307 ιτῶῖ
572 3221 872 3307 θεοφιῖιῶν
893 3225 1082 3307 ξργωζ
1107 3227 1217 3295 τῆς
1239 3230 1846 3307 μακαρλίαςςεςίὲνης,
1876 3237 1921 3292 C

1876 3237 1921 3292 C
1954 3237 2031 3291 De
2070 3237 2173 3290 Deo
2205 3238 2370 3307 gratis
2401 3239 2642 3306 aperiens
2693 3239 2859 3291 beatae
2906 3237 3155 3301 Helenae,
3194 3238 3529 3307 ejusdemque

330 3294 431 3346 καὶ
466 3292 577 3367 τῆς
607 3294 801 3367 αὐτῆς
828 3292 1119 3362 τελεὺτῆς
1140 3292 1289 3351 (καὶ
1317 3292 1449 3367 περὶ
1490 3292 1597 3367 ἑῆς
1619 3292 1851 3354 ἐπι.)ιὲὖέ

323 3380 448 3437 μου
471 3363 626 3437 αὐτῇ
664 3365 899 3428 πόλεως
921 3382 933 3395 '
964 3367 1063 3417 καὶ
1096 3369 1332 3436 ἱστορία
1366 3363 1709 3437 ,παράδοξος
1748 3373 1852 3427 τοῦ

330 3435 512 3501 ἁγίου
540 3433 848 3501 μάρτυρος
879 3433 1245 3493 Λουκιανοῦ.

332 3542 560 3610 Ταύτης
594 3544 768 3596 πολλὰ
798 3545 899 3613 μὲν
930 3546 1023 3599 καὶ
1049 3547 1187 3601 ἄλλα
1225 3553 1501 3619 μαρτυρεί
1534 3552 1593 3604 τὺ
1624 3553 1854 3617 εὐλαϐὲς

259 3640 359 3687 καὶ
396 3637 649 3705 φιλόυεον
671 3654 686 3669 ·
714 3640 812 3707 οὐχ
841 3633 1007 3709 ⁴ἧττον
1040 3640 1096 3692 δὲ
1126 3647 1469 3714 παραστήσει
1498 3646 1593 3697 καὶ
1616 3646 1643 3697 ὃ
1674 3647 1853 3715 μέλλω

259 3730 436 3798 ἐρεῖν.
472 3731 712 3798 Λέγεται
742 3732 852 3802 γὰρ
880 3734 978 3793 τὰς
1006 3735 1066 3786 ἐν
1106 3734 1507 3806 Ἰεροσολύμοις
1536 3739 1685 3807 ίερὰς
1717 3757 1856 3810 τιαρ⁶

261 3824 455 3884 ϋένους
489 3823 622 3892 πρὸς
659 3824 904 3877 ἑστίασιν
953 3826 1489 3899 μεταστειλαμένην,
1540 3831 1855 3901 Θεραπαινί-

258 3916 352 3977 ὃος
414 3916 783 3983 ἐκπληρῶσαι
822 3920 977 3983 ταξιν
1034 3920 1249 3983 αὐταῖς.
1304 3921 1454 3992 Αὐτὴ
1498 3924 1607 3992 γὰρ
1654 3925 1721 3977 τὸ.
1749 3925 1856 3993 ὄψα

258 4012 383 4071 ταῖς
438 4011 671 4072 οἰκείαις
711 4013 993 4081 παρετίθει
1044 4017 1271 4084 χερσίν
1312 4015 1456 4086 ὕδωρ
1500 4034 1558 4069 τε
1606 4019 1853 4088 προσῆγε

261 4106 361 4155 καὶ
394 4104 629 4174 χέρνιϐα
668 4106 763 4157 καὶ
811 4106 927 4159 ἄλλ’
962 4108 1099 4159 ἄττα
1138 4109 1559 4180 διακονουμένη,
1604 4106 1684 4174 οἷς
1731 4115 1856 4176 τοὺς

259 4195 599 4264 δαιτυμόνας
653 4197 845 4259 εἰωθὸς
904 4200 1258 4268 Θεραπεύειν.
1312 4202 1473 4272 Δῶρα
1525 4203 1583 4256 δὲ
1632 4205 1857 4258 πλεῖστα

261 4287 359 4337 καὶ
397 4285 673 4356 πολυτελῆ
724 4288 1061 4356 ἀναθήματα
1095 4292 1212 4351 ταῖς
1255 4290 1360 4343 ἀνὰ
1390 4291 1487 4360 τὴν
1533 4291 1606 4344 ’ἐω
1656 4294 1859 4362 ἐκκλη-

262 4379 415 4439 σίαις
470 4376 666 4432 ἐδίδου.
733 4378 968 4431 Ἑνδεέσι
1030 4397 1090 4432 τε
1138 4381 1207 4433 τα
1258 4382 1543 4451 ἐπιτήδεια
1599 4386 1859 4453 ἐχορήγει

260 4469 543 4539 apud-2w;
604 4468 839 4530 Πολλούς
882 4486 943 4522 τε
988 4474 1068 4532 είς
1122 4471 1222 4540 τὴν
1277 4471 1551 4543 προτέραν
1584 4475 1858 4544 ἐπανῆγεν

2025 3308 2188 3361 obitu.
2248 3307 2382 3359 Item
2441 3307 2503 3359 de
2568 3311 2873 3376 ceguomiue
2925 3312 2972 3361 ei
3025 3309 3208 3362 urbe:
3264 3317 3525 3376 pratereu

2025 3379 2246 3448 historia
2275 3377 2430 3444 ﬁdem
2464 3393 2625 3447 prope
2659 3380 2910 3431 excedens
2958 3378 3021 3431 de
3068 3388 3249 3432 sancto
3293 3387 3529 3448 martyre

2025 3447 2280 3502 Luciauo.

2026 3565 2302 3619 Permulta
2324 3562 2543 3632 quidem
2579 3574 2728 3627 sunt,
2768 3578 2888 3631 quae
2911 3562 3058 3617 illius
3090 3563 3145 3616 in
3182 3564 3350 3617 Deum
3373 3579 3529 3616 amuo

1957 3671 2070 3709 rem
2109 3664 2165 3708 et
2196 3656 2450 3724 pietatem
2487 3662 2797 3708 testantur:
2836 3669 2945 3707 non
2973 3652 3157 3707 minus
3200 3663 3380 3707 tamen
3407 3672 3526 3707 eam

1958 3748 2237 3812 virtutem,
2269 3746 2417 3815 quod
2448 3762 2596 3800 nunc
2623 3746 2875 3800 dicturus
2909 3761 3056 3808 sum,
3083 3747 3407 3801 declarabit.
3434 3748 3527 3801 Di-

1956 3840 2100 3892 citur
2134 3838 2404 3907 siquidem
2454 3837 2866 3908 Hierosolymis.
2897 3840 3069 3891 sacris
3100 3838 3417 3907 virginibus
3460 3841 3526 3893 ad

1956 3929 2147 3999 epulas
2180 3930 2409 3993 vocatis,
2443 3928 2660 3983 famulae
2706 3930 3027 3997 prmstitisse
3056 3930 3322 3984 otlicium.
3360 3932 3531 3984 Mani-

1958 4022 2061 4075 lius
2089 4022 2237 4075 enim
2271 4021 2385 4090 ipsa
2417 4022 2535 4075 suis
2565 4035 2723 4075 escas
2747 4021 2857 4075 illis
2897 4024 3174 4091 apposuit,
3222 4034 3272 4079 et
3333 4040 3531 4093 aquam

1958 4113 2214 4182 praebuit,
2242 4114 2458 4181 aliaque
2490 4115 2675 4167 omnia
2701 4114 3003 4168 ministeria
3028 4116 3223 4180 obivtt,
3256 4133 3377 4185 qua:
3402 4134 3535 4171 cou-

1960 4204 2101 4257 vivis
2142 4204 2389 4258 invitatis
2416 4204 2681 4258 exhibere
2738 4206 2911 4259 moris
2962 4216 3067 4260 est.
3124 4206 3350 4261 Munera
3402 4224 3532 4262 vero

1961 4296 2194 4364 plurima
2227 4306 2283 4350 et
2311 4296 2548 4365 pretiosa
2582 4296 2833 4358 donaria,
2871 4294 3250 4352 Orientalibus
3273 4300 3533 4353 attribuit

1958 4389 2227 4443 ecclesiis.
2244 4388 2619 4457 ludigeutibus
2643 4402 2729 4443 res
2750 4388 3089 4442 necessarias
3109 4390 3313 4444 affatim
3338 4392 3531 4459 largita

1960 4491 2062 4537 est.
2092 4482 2160 4537 Et
2217 4480 2418 4534 multos
2440 4482 2493 4534 in
2510 4483 2746 4549 priorem
2775 4481 2992 4535 reduxit
3021 4491 3248 4545 statum,
3274 4484 3367 4552 qui
3397 4494 3533 4539 tem-

260 4565 377 4627 ζξιν
410 4561 627 4632 καιρῶν
666 4561 981 4625 δυσκολίαις
1034 4564 1457 4631 ἁνατραπὲντας
1479 4581 1494 4596 ·
1545 4566 1762 4635 δεσμῶν
1790 4584 1850 4621 τε
1881 4568 1931 4625 D

1881 4568 1931 4625 D
1957 4588 2152 4643 porum
2187 4571 2502 4626 diﬂicultate
2550 4572 2727 4626 eversi
2773 4571 3011 4626 fuerant.
3047 4573 3139 4627 Sic
3173 4575 3261 4630 illa
3289 4578 3533 4644 captivo-

262 4657 504 4725 χρονίων
536 4653 690 4706 λύσιν
741 4656 940 4722 ἐπῆγε,
981 4657 1265 4722 μετάλλων
1292 4674 1349 4710 τε
1394 4658 1692 4729 ἠλευθέρου
1715 4677 1730 4691 ·
1760 4662 1858 4713 καὶ

261 4754 364 4820 την
416 4749 715 4817 ὑπερόριον
771 4748 1088 4800 ἀνεκαλεῖτο
1144 4753 1347 4817 φυγήν.
1380 4744 1481 4803 Ὧι
1545 4754 1707 4822 χάριν
1765 4759 1859 4805 καὶ

264 4842 395 4905 ἆξιά
426 4859 490 4911 γε
522 4841 661 4911 πρὸς
712 4841 849 4894 Θεοῦ
883 4841 1165 4911 εἰληφέναι
1201 4845 1268 4895 τὰ
1309 4843 1479 4912 γέρα·
1521 4844 1615 4896 καὶ⁵
1660 4842 1771 4912 γὰρ
1800 4843 1860 4895 τὸ

267 4942 372 5006 μεν
405 4924 603 5007 παρὸν,
635 4935 711 4997 ὡς
739 4937 840 4988 οὐκ
872 4937 936 4989 ἄν
963 4953 1045 4995 τις
1076 4935 1255 5005 ᾠήθη,
1288 4936 1509 4989 κάλλιον
1542 4935 1857 5002 διαγέγονε·

266 5030 515 5096 σεϐαστή
552 5047 614 5081 τε
665 5028 1140 5099 ἀνακηρυχοείσα,
1186 5029 1282 5082 καὶ
1323 5027 1560 5098 χρυσοῦν
1613 5029 1862 5098 νόμισμα

266 5128 347 5187 εἰς
388 5124 674 5194 μόρφωμα
705 5122 841 5175 ἴδιον
872 5125 1111 5190 κόψασα,
1146 5122 1433 5191 Θησαυρῶν
1474 5140 1532 5175 τε
1564 5121 1863 5192 βασιλικῶν

266 5217 527 5281 ἐξουσίαν
553 5214 821 5277 λαϐοῦσα,
858 5217 1001 5267 κατὰ
1030 5216 1257 5285 γνώμην
1302 5216 1587 5285 ἐκέχρητο.
1632 5215 1785 5266 Ἐπεὶ
1808 5214 1863 5267 δὲ

268 5310 534 5378 τελευτᾷν
584 5306 716 5368 ἔδει,
755 5306 876 5376 μετ’
910 5308 1163 5375 εὐφήμου
1196 5306 1454 5360 ἐτελεύτα
1499 5309 1595 5375 τῆς
1646 5308 1864 5376 μνήμης

270 5406 329 5455 ἐν
370 5402 567 5473 Ῥώμῃ
595 5400 964 5469 ὀγδοηκοστὸν
989 5400 1107 5464 ἔτος
1134 5400 1477 5471 γεγενημένη
1506 5400 1620 5460 ἐνὸς
1654 5399 1867 5451 λείπον-

268 5516 386 5561 τος,
450 5498 627 5550 ποζιλᾶ
680 5496 759 5565 τῷ
796 5496 950 5550 παιδὶ
1005 5497 1365 5566 ἐντειλαμένη
1419 5500 1531 5559 τοῖς
1575 5496 1867 5565 ἐξιτηρίοις

270 5591 407 5659 περὶ
440 5590 543 5658 τῆς
570 5588 837 5651 εὐσείοῦς
884 5587 1186 5650 πολιτείας.
1222 5590 1371 5641 Πάνυ
1401 5588 1457 5641 δέ
1500 5588 1744 5657 μεγάλης
1774 5586 1869 5640 καὶ

276 5684 419 5754 μετὰ
469 5685 571 5753 τὴν
604 5683 869 5752 τελευτὴν
918 5682 1183 5752 ηὺμοίρει
1235 5681 1422 5751 τιμῆς,
1463 5681 1656 5735 ὁποίαν
1702 5679 1870 5752 ἐχρῆν

344 5865 426 5934 (Ι)
462 5862 702 5932 Tripurt.
733 5863 828 5917 lib.
871 5879 929 5923 ιι.
963 5876 1084 5930 Cap.
1116 5861 1204 5918 20.

1960 4682 2080 4721 rum
2115 4666 2335 4720 vincula
2357 4665 2705 4720 diuturniora
2746 4665 2931 4731 solvit,
2961 4666 3028 4719 ad
3066 4668 3346 4721 metallum
3379 4670 3531 4724 dam-

1960 4767 2117 4813 natos
2142 4757 2492 4820 liberavit,et
2526 4756 2744 4810 exsules
2772 4758 3074 4813 revocavit.
3098 4759 3274 4824 Quam
3303 4760 3374 4813 ob
3402 4776 3532 4815 cau-

1963 4867 2078 4905 sam
2108 4851 2377 4920 condigna
2414 4850 2579 4904 etiam
2616 4865 2646 4903 a
2673 4848 2783 4903 Deo
2810 4852 3017 4917 accepit
3041 4852 3284 4919 prtemia.
3316 4851 3530 4907 Etenim

1964 4945 2017 4998 in
2064 4949 2317 5014 praesenti
2347 4943 2450 4997 hac
2484 4943 2613 5006 vita,
2649 4958 2713 4995 ea
2740 4954 2819 4996 est
2844 4954 3159 5006 consecuta.
3185 4955 3243 4999 ut
3272 4957 3533 5014 praestan—

1968 5037 2077 5091 tius
2102 5035 2400 5105 quidquam
2436 5049 2595 5089 nemo
2627 5034 2676 5087 ei
2727 5033 2981 5089 accidere
3030 5037 3271 5104 potuisse
3302 5039 3528 5107 putarit.

1964 5130 2100 5185 Nam
2127 5130 2368 5198 Augusta
2397 5128 2711 5181 renuntiata
2728 5136 2832 5192 est,
2855 5136 2911 5180 et
2938 5144 3193 5183 nummos
3214 5145 3413 5184 aureos
3432 5133 3532 5186 sub

1968 5223 2143 5292 efﬁgie
2176 5238 2274 5277 sua
2307 5222 2580 5291 procudit,
2629 5221 3115 5290 imperialibusque
3154 5222 3425 5276 thesauris
3476 5225 3529 5277 iu

1967 5324 2299 5385 potestatem
2335 5328 2492 5367 suam
2524 5312 2899 5381 redactis,pro
2918 5312 3145 5367 arbitrio
3174 5328 3272 5367 suo
3298 5322 3382 5367 est
3411 5329 3527 5367 usa.

1967 5407 2105 5462 Cum
2139 5416 2321 5460 autem
2358 5405 2406 5457 ei
2442 5404 2565 5458 ﬁnis
2590 5404 2713 5458 vitae
2742 5404 2995 5467 instaret,
3028 5420 3151 5458 cum
3173 5405 3532 5458 celeberrima

1970 5498 2237 5553 memoria
2304 5497 2491 5550 Roma:
2542 5494 2799 5560 decessit,
2847 5494 3419 5563 undeoctuagesimum
3476 5511 3533 5548 a-

1970 5604 2105 5659 gens
2136 5602 2377 5640 annum:
2411 5600 2534 5639 cum
2556 5584 2778 5653 quidem
2814 5584 2869 5638 in
2898 5593 3139 5639 extrema
3190 5584 3279 5638 illa
3329 5586 3536 5638 allocu-

1974 5680 2117 5733 tione
2139 5686 2195 5732 οι
2226 5676 2612 5742 valedictione,
2646 5675 2935 5741 moritura,
2954 5675 3024 5732 de
3053 5677 3156 5746 pia:
3178 5675 3533 5731 Christiana:-

2050 5857 2126 5927 (9.)
2164 5854 2465 5927 Ᾱῑεεοισρϋ
2499 5855 2564 5910 ad
2602 5853 2772 5927 Egas
2798 5855 3082 5926 oppidum.
