4250 6450
247 449 342 515 121

1140 444 1747 507 ECCLESIAS’I’IC.E
1790 448 2180 512 lllSTURl:E
2227 456 2372 516 LiB.
2411 454 2580 515 Vill.
3414 454 3505 516 1‘33

244 566 527 633 ἐπωνύμῳ
561 563 616 615 δὲ
649 562 815 616 αὑτοῦ
865 559 1019 613 πόλει
1054 561 1293 629 μάλιστα
1330 561 1555 623 τούτους
1589 562 1779 628 ἀνίστη
1809 580 1822 595 ο

1862 569 1902 626 Α
1934 566 1986 619 in
2018 571 2344 637 cognomine
2367 570 2467 623 sibi
2498 571 2742 633 civitate,
2776 582 2838 622 ea
2869 567 3176 621 exstruxit:
3204 586 3363 638 «piam
3403 587 3508 627 Siu-

244 660 313 726 ἦν
362 660 461 710 καὶ
513 658 803 725 ἀγάλμασι
863 654 958 708 καὶ
1011 655 1190 715 ἄλλοις
1244 656 1583 724 ὑπερφυέσιν
1645 656 1829 726 ἔργοις

242 751 565 812 ἐκάλλυνεν,
598 750 673 811 ὡς
710 751 768 801 ἐν
798 749 877 818 τῷ
908 749 1049 801 τέλει
1081 747 1173 801 τοῦ
1226 749 1331 817 πρὸ
1360 749 1553 801 τούτου
1583 749 1827 802 διελάεο-

248 861 349 913 μεν
379 844 568 912 τόμον.
610 840 780 905 Εἰδὼς
832 858 895 907 γε
930 842 1036 912 μὴν
1075 842 1245 911 πείρᾳ
1284 843 1376 894 καὶ
1424 844 1521 911 τὴν
1548 841 1644 894 τοῦ
1681 843 1827 893 θείου

244 936 487 1005 σταυροῦ
541 936 795 1004 δύναμιν,
829 935 1127 1004 ὑπερφυῶς
1179 935 1340 988 αὑτὸν
1391 934 1573 1005 ἐτίμα,
1624 937 1718 988 καὶ
1771 936 1830 987 ἐν

242 1028 493 1097 θαύματι
521 1027 610 1079 διὰ
640 1026 843 1087 παντὸς
871 1022 997 1095 ἦγε.
1032 1027 1142 1079 Καὶ
1172 1025 1236 1094 δὴ
1271 1027 1409 1095 μετὰ
1448 1026 1635 1077 νόστον
1678 1025 1830 1078 Ἐλέ-

241 1139 345 1189 νης
398 1123 550 1189 τρεῖς
602 1120 1006 1189 ὑπερμεγέθεις
1058 1120 1328 1188 σταυροὺς
1398 1120 1826 1187 τεκτηνάμενος,

244 1214 391 1265 κατὰ
426 1213 664 1280 μίμησιν
694 1205 769 1263 ὢν
798 1210 1005 1281 τριχῶς
1035 1213 1092 1263 ἐν
1118 1211 1333 1280 οὐρανῷ
1364 1209 1645 1273 ἐθεάσατο,
1683 1208 1832 1277 πρῶ-

242 1322 341 1357 τον
384 1305 491 1374 μὲν
522 1307 581 1356 ἐν
624 1302 812 1374 Ῥώμῃ
846 1302 1315 1371 καταστρατηγῶν
1338 1302 1642 1365 Μαξεντίου
1671 1317 1686 1332 ο
1714 1300 1832 1352 δεύ-

241 1410 407 1462 τερον
428 1394 473 1445 δ’
499 1394 663 1463 ἡνίκα
694 1392 1024 1456 Βυζαντίους
1060 1392 1149 1444 διὰ
1180 1391 1361 1461 μάχης
1385 1391 1480 1443 ἰὼν
1506 1388 1826 1459 ἑτροποῦτο·

242 1490 343 1542 καὶ
369 1491 433 1542 τὸ
453 1492 660 1559 τρίτον,
685 1491 851 1559 ἡνίκα
873 1488 1087 1548 Σκύθας
1112 1489 1292 1556 πέραν
1328 1487 1539 1554 Ἰστρου
1570 1486 1825 1550 ὑπέταξε,

1938 661 2045 713 tuis
2076 671 2131 714 et
2164 662 2289 716 aliis
2317 661 2656 715 admirandis
2694 660 2957 729 Operilius
3002 663 3312 717 exornavit.
3343 665 3503 717 sicuti

1937 749 1990 803 in
2028 750 2131 803 line
2160 751 2391 818 proximi
2466 749 2821 815 exposuimus
2860 752 3011 805 tomi.
3057 749 3209 815 Quod
3258 764 3387 801 vero
3450 764 3508 802 re

1935 844 2053 912 ipsa
2082 855 2283 897 sanctae
2314 844 2496 898 crucis
2532 844 2638 895 vim
2673 853 2727 896 et
2758 843 3053 897 efﬁcaciam
3088 851 3352 908 expertus
3396 841 3508 894 fne-

1938 949 2045 999 rat.
2088 952 2441 1006 summopere
2488 952 2609 989 eam
2668 952 2884 1006 semper
2930 938 3302 991 venerabatur
3343 944 3509 1003 atque

1936 1030 2337 1084 admirabatur.
2368 1030 2525 1100 σοι
2560 1032 2637 1085 Ac
2665 1040 2788 1098 post
2844 1030 3059 1085 llclena:
3102 1029 3340 1084 reditum
3402 1037 3509 1080 tres

1933 1126 2200 1179 immensa
2254 1125 2635 1193 magnitudine
2671 1140 2866 1179 cruces
2906 1123 3183 1177 fabreiieri
3248 1122 3400 1183 fecit,
3440 1120 3505 1174 ad

1931 1219 2243 1287 exemplum
2296 1234 2485 1272 earnm
2509 1234 2646 1286 quas
2685 1227 2767 1271 ter
2826 1216 2879 1271 in
2916 1216 3056 1270 ccelo
3090 1215 3341 1269 viderat:
3401 1214 3512 1281 pri-

1933 1329 2082 1366 mum
2115 1311 2313 1375 Romze,
2366 1321 2556 1367 contra
2619 1308 2953 1364 Maxentium
3010 1308 3367 1376 depugnans:
3426 1320 3512 1360 se-

1933 1408 2136 1462 cundo.
2171 1420 2295 1459 cum
2323 1405 2620 1458 commisso
2651 1419 2775 1456 cum
2833 1401 3111 1473 Byzantiis
3165 1400 3349 1468 praelio
3402 1407 3513 1451 tro-

1933 1514 2107 1567 patum
2140 1500 2206 1551 de
2223 1499 2303 1552 eis
2333 1499 2562 1560 statuit;
2595 1498 2760 1550 tertio
2792 1508 3001 1553 autem.
3031 1509 3156 1546 cum
3190 1492 3328 1545 Istro
3344 1500 3511 1560 ponte

243 1583 342 1635 καὶ
382 1584 475 1635 τὸν
528 1583 776 1651 ποταμὸν
822 1584 1041 1651 γεφύρᾳ.
1080 1579 1309 1646 ἐζεύγνυ
1337 1598 1351 1612 ο
1404 1583 1547 1635 κατὰ
1597 1580 1828 1649 μίμησιν

1925 1595 2140 1663 junclo,
2176 1590 2405 1661 Scythas
2437 1591 2577 1644 ttltra
2610 1591 2661 1644 id
2698 1588 2899 1642 ﬂumen
2936 1587 3176 1655 subegit.
3214 1582 3295 1636 Ad
3324 1583 3509 1635 imita-

239 1675 431 1728 τοένυν
459 1675 570 1728 τῶν
597 1676 767 1744 τριῶν
794 1675 1000 1727 τούτων
1034 1671 1343 1743 σταυρικῶν
1382 1672 1651 1741 όράσεων.
1681 1674 1829 1739 τρεῖς

243 1770 312 1820 ἐκ
335 1767 544 1837 χαλκοῦ
575 1769 752 1821 ἐποίει
774 1768 1066 1835 σταυροὺς,
1110 1770 1203 1818 καὶ
1226 1768 1293 1818 τὰ
1322 1766 1599 1833 σεῦάσμια
1623 1764 1829 1818 τούτων

238 1858 489 1927 όνόματα
510 1858 688 1921 οὕτως
716 1860 1005 1926 ὠνόμαζεν
1031 1876 1044 1889 ·
1087 1857 1345 1924 Ἰησυῦς,
1369 1857 1643 1924 Χριστὸς,
1668 1852 1824 1923 νικᾷ.

1935 1688 2139 1739 tionctn
2175 1686 2339 1754 igitur
2370 1683 2605 1754 triplicis
2640 1682 2801 1735 istius
2826 1679 3081 1742 visionis,
3138 1687 3253 1729 tres
3297 1690 3359 1727 ex
3400 1688 3509 1727 aere

1934 1779 2046 1829 ﬁeri
2084 1777 2526 1839 curaviterucis
2559 1774 2750 1842 eisque
2784 1787 2939 1826 sacra
2973 1771 3088 1823 haec
3124 1766 3386 1836 imposuit
3415 1780 3510 1818 no-

1935 1871 2109 1922 mina:
2135 1869 2306 1933 Jesua,
2327 1868 2585 1933 Christus,
2604 1868 2787 1922 vincit.
2808 1865 2878 1919 Ex
2907 1864 3010 1926 his,
3034 1863 3122 1916 cui
3142 1876 3339 1915 nomen
3360 1874 3511 1912 .tesns

238 1939 346 1998 Ὧν
375 1948 405 1999 ό
443 1948 542 2016 μὲν
567 1948 633 1998 τὸ
680 1946 919 2013 Ἰησοῦς
955 1946 1127 2014 ὄνομα
1163 1946 1323 2013 ἔχων,
1364 1944 1549 2011 χρυσῴ
1582 1944 1829 1996 ἁπαντα-

1863 1942 1902 1996 Β
1936 1959 2210 2025 inditutn,
2258 1977 2394 2015 auro
2437 1976 2533 2029 per
2583 1974 2778 2014 omnes
2829 1966 3017 2027 partes
3067 1954 3268 2010 dilInso
3314 1961 3509 2005 ornata

239 2038 341 2109 χοῦ
372 2039 686 2110 διαχυθέντι
735 2037 1059 2109 κοσμηθεὶς,
1099 2037 1229 2106 ἔστη
1281 2038 1467 2091 ἐπάνω
1503 2036 1603 2103 τῆς
1644 2034 1829 2104 ἁψῖδος

239 2132 340 2186 τοῦ
368 2134 564 2203 φόρου,
596 2132 657 2195 ὃς
688 2132 751 2185 τὸ
783 2132 886 2201 τῆς
918 2130 1201 2193 εὐσεϐείας
1238 2128 1407 2184 αὑτοῦ
1436 2128 1638 2199 θερμδν
1670 2130 1831 2181 ὑπαι-

241 2227 492 2279 νίσσεται
520 2242 535 2257 ’
566 2226 647 2296 τῷ
680 2226 790 2296 γάρ
817 2228 1006 2295 κράτει
1035 2226 1135 2292 τῆς
1170 2224 1353 2293 ίσχύος
1375 2222 1545 2275 αὑτοῦ
1572 2221 1674 2290 τὴν
1710 2220 1831 2274 Ἐλ-

240 2320 475 2389 ληνικὴν
524 2319 826 2389 θρησκείαν
874 2316 1176 2374 κατέσαλλε
1205 2331 1224 2349 ο
1266 2318 1358 2368 τὸν
1393 2315 1448 2368 δὲ
1476 2314 1533 2378 ὃς
1585 2314 1831 2368 ἐκαλεῖτο

241 2410 530 2476 Χριστός,
580 2407 881 2477 σεϐάσμιον
929 2406 1026 2461 καὶ
1068 2406 1215 2460 θετον
1264 2406 1518 2476 σταυρὸν.
1570 2407 1661 2459 ἐπὶ
1696 2423 1832 2475 πορ-

240 2502 405 2575 φυρῷ
473 2502 740 2570 Ῥωμαίῳ
793 2501 987 2554 ἀνίστα
1044 2499 1209 2566 κίονι,
1266 2500 1325 2552 ἐν
1378 2500 1457 2569 τῷ
1495 2499 1831 2569 Φιλαδελφίῳ

236 2595 447 2649 οὑτωσί
484 2611 604 2656 πως
644 2594 932 2662 εἰρημένῳ
954 2607 969 2622 ⁸
1002 2592 1096 2644 τὸν
1125 2590 1184 2643 δέ
1210 2591 1417 2660 τρίτον,
1447 2592 1506 2645 ὃν
1544 2593 1832 2645 Κωνσταν-

236 2691 387 2750 τίνος
419 2687 521 2756 μὲν
550 2685 722 2751 νῖκος
764 2684 1052 2746 ἐκάλεσεν,
1092 2682 1417 2754 Ἡράκλειος
1444 2683 1491 2736 δ’
1534 2684 1831 2750 ἀνίκητον

239 2780 669 2847 κατωνόμασεν,
707 2778 800 2830 ἐπὶ
840 2776 1033 2847 ὑψηλῷ
1060 2776 1200 2830 κίονι
1247 2778 1311 2829 ἐκ
1358 2777 1668 2847 μαρμὰρων
1702 2794 1831 2828 συν-

234 2874 550 2943 τεθειμένῳ
585 2872 901 2941 ἀνίδρυσεν,
950 2873 1011 2923 ἐν
1051 2872 1205 2940 τόπῳ
1240 2864 1284 2937 ᾧ
1311 2871 1499 2936 κλῆσις
1532 2864 1599 2940 ἦν
1646 2869 1833 2936 Ἀρτο-

237 2967 478 3020 mutor
507 2983 524 2997 '
579 2968 638 3019 ἐν
687 2959 733 3033 ᾧ
788 2967 885 3017 καὶ
936 2964 1135 3017 πολλα)⁵
1184 2964 1443 3032 δυνάμεις
1499 2962 1831 3033 ἐνηργοῦντο

239 3059 546 3129 παράδοξοι
574 3075 590 3091 ο
628 3061 725 3112 καὶ
759 3058 963 3128 μᾶλλον
992 3057 1107 3110 ὅσοι
1148 3058 1293 3127 ῥίγει
1340 3056 1667 3124 φλογώσεως
1696 3055 1832 3108 ἐπα-

241 3170 398 3223 σχον,
453 3152 545 3206 καὶ
586 3152 921 3221 όφθαλμίαις
967 3152 1064 3203 καὶ
1112 3151 1442 3220 ὑποχύσεσιν
1491 3144 1631 3219 ἦσαν
1687 3165 1832 3201 συνι-

241 3245 519 3314 σχημένοι
545 3259 561 3275 ⁹
603 3244 736 3313 ’περὶ⁵
767 3238 830 3296 οὗ
868 3261 921 3296 τι
956 3243 1054 3296 καὶ
1083 3242 1195 3296 τῶν
1230 3242 1377 3312 μάλα
1415 3242 1503 3295 διὰ
1551 3239 1828 3310 θαύματος

235 3336 539 3401 ἀγομένων
567 3330 953 3401 πραττόμενον
981 3330 1339 3398 διηγήσομαι.
1373 3328 1483 3380 Καί
1513 3343 1604 3395 μοι
1639 3327 1829 3395 μηδεὶς

236 3424 557 3480 ἀπιστείτω
580 3424 931 3493 διηγουμένῳ
954 3438 969 3453 ’
998 3421 1154 3474 οὐδὲν
1181 3422 1292 3489 γὰρ
1322 3416 1476 3489 οἴμαι
1503 3418 1826 3487 παράδοξον,

235 3520 265 3571 δ
293 3521 374 3588 μὴ
407 3517 529 3587 Θεῷ
560 3515 1051 3586 διαπεπραγμένον
1076 3515 1162 3584 είη
1184 3528 1197 3541 ·
1229 3514 1379 3567 οὐδὲν
1414 3512 1471 3565 δὲ
1512 3512 1673 3567 πάλιν
1698 3511 1829 3565 ἀδύ-

237 3626 432 3675 νατον,
467 3609 604 3661 Θεοῦ
648 3608 1005 3679 βουλομένου.
1048 3608 1288 3670 Λέγεται
1312 3605 1446 3675 γὰρ,
1485 3607 1579 3659 καὶ
1608 3605 1827 3673 ἀληθῶς

240 3702 491 3767 λέγεται,
525 3700 603 3761 ὡς
630 3700 716 3753 ὅτι
760 3697 894 3767 παρ’
919 3698 1083 3753 αὑτὸν
1113 3696 1343 3765 ἄγγελος
1389 3699 1593 3767 Κυρίου
1640 3697 1828 3767 τρίτον

242 3792 344 3845 ίὼν
392 3791 489 3844 τοῦ
526 3788 775 3844 ἐνιαυτοῦ
814 3791 873 3843 ἐν
929 3789 1232 3859 ἀπορῤήτῳ
1284 3790 1408 3857 σιγῇ
1458 3787 1557 3855 τῆς
1609 3787 1826 3849 νυκτὸς,

236 3879 443 3954 οἷάπερ
469 3882 729 3953 ἀστραπὴ
759 3882 817 3946 ἐξ
839 3880 1091 3952 οὐρανῶν
1120 3882 1434 3950 διᾴττουσα,
1462 3882 1520 3932 ἐν
1547 3881 1830 3949 ἀπροσίτῳ

234 3980 306 4047 τῇ
335 3976 527 4048 αἴγλῃ,
575 3975 766 4044 κύκλῳ
799 3976 1039 4043 περίεισι
1076 3973 1167 4026 τὸν
1202 3973 1442 4042 σταυρὸν
1489 3971 1722 4041 θυμιῶν,
1747 3972 1831 4023 λι-

235 4071 389 4140 γυρᾷ
418 4085 477 4121 τε
513 4069 667 4137 φωνῇ
701 4067 778 4130 ὡς
815 4067 878 4136 δή
931 4083 1077 4128 τινος
1111 4063 1312 4119 λεπτοῦ
1347 4066 1698 4135 σημαντῆρος
1727 4064 1828 4135 τὴν

238 4162 554 4231 παρουσίαν
583 4158 876 4229 διαμηνύει
897 4161 1017 4221 τοῖς
1049 4158 1439 4227 ἀνεπιστρόφῳ
1464 4159 1598 4226 πρὸς
1627 4157 1827 4210 κακίαν

237 4253 342 4327 βίῳ
372 4256 443 4306 τὰ
496 4250 726 4304 τοιαῦτα
758 4252 855 4304 καὶ
898 4252 1031 4321 όρᾷν
1068 4251 1165 4304 καὶ
1206 4250 1432 4304 ἀκούειν
1477 4250 1825 4320 ἠξιωμένοις.

238 4343 493 4413 ’ᾼσματι
525 4341 583 4394 δὲ
636 4342 940 4412 ἀπορρήτῳ
976 4340 1038 4395 τὸ
1080 4340 1263 4394 ἔνθεον
1298 4341 1459 4409 μέλος
1503 4341 1604 4408 τῆς
1632 4358 1822 4411 τρισαι

234 4436 363 4501 γίας
396 4434 586 4503 φωνῆς
641 4434 821 4503 τούτῳ
867 4433 1144 4500 ἐπιλέγων
1192 4435 1287 4489 καὶ
1338 4433 1686 4502 ὑποψάλλων,
1730 4435 1827 4487 καὶ

234 4524 401 4590 αὖθις
455 4526 652 4597 ὥσπερ
686 4527 862 4598 ἀστὴρ
913 4528 1355 4598 μεγαλοπρεπῶς
1398 4527 1651 4600 διᾴττων,
1687 4530 1826 4597 πρὸς

232 4623 307 4674 τὰ
340 4623 523 4675 οἰκεία
552 4620 923 4688 ἐπανέρχεται
953 4620 1083 4691 ἢθη.
1117 4623 1214 4674 Ὃν
1242 4620 1378 4690 δῆτα
1406 4622 1705 4691 σεϐάσμιον
1731 4622 1827 4676 τοῦ

235 4714 454 4783 Κυρίου
507 4710 769 4781 σταυρὸν.
829 4711 1017 4781 πολλῷ
1074 4714 1252 4782 χρόνῳ
1301 4712 1531 4784 ὕστερον
1590 4716 1733 4769 κατὰ
1766 4716 1826 4768 τὸ

231 4804 718 4859 ὀκτωκαιδέκατον
748 4803 866 4867 ἔτος
894 4804 997 4873 τῆς
1032 4807 1209 4874 ἀρχῆς
1235 4807 1569 4876 Μαυρικίου,
1610 4807 1823 4877 σεισμῷ

238 4900 475 4967 μεγάλῳ
526 4900 719 4950 πεσεῖν
764 4898 1144 4967 ἐπειγόμενον,
1194 4899 1383 4951 ἔπειτα
1439 4900 1679 4969 σιδηροῖς
1711 4916 1823 4952 τισι

235 4993 462 5063 μηχανή
473 5009 638 5060 μασιν
653 4990 977 5060 Ἡράκλειος
994 4990 1221 5061 ῆδρασε,
1236 4993 1372 5061 πρὸς
1387 4993 1452 5062 τῇ
1480 4992 1633 5062 βάσει
1648 4993 1825 5047 ταῦτα

230 5085 298 5155 δὴ
326 5082 646 5151 ἐγκολάψας
674 5081 743 5135 τά
770 5082 1082 5152 γράμματα
1109 5099 1124 5115 ο
1160 5084 1364 5154 Ἔργον
1402 5086 1695 5155 θεάρεστον
1725 5085 1820 5155 βα-

232 5176 433 5235 σιλέως
484 5173 727 5243 μεγάλου
774 5173 1097 5243 Ἡράκλειος
1130 5176 1401 5245 ἦδρασεν·
1438 5176 1474 5230 ἃ
1506 5177 1569 5247 δὴ
1606 5180 1701 5232 καὶ
1740 5180 1821 5240 είς

230 5271 334 5335 ἐμὲ
390 5267 487 5319 νῦν
520 5270 631 5320 εἱσι
681 5266 1054 5337 θεωρούμενα.
1102 5267 1263 5323 Ἀ).λά
1304 5270 1535 5324 τοιαῦτα
1582 5273 1684 5339 μὲν
1728 5272 1822 5325 καὶ

228 5362 300 5413 τὰ
333 5364 469 5431 περὶ
518 5360 633 5417 τῶν
667 5360 839 5430 τριῶν
874 5360 1129 5432 σταυρῶν
1170 5363 1510 5434 εἰργασμένα
1558 5364 1634 5434 τῷ
1667 5366 1822 5417 Κων-

230 5453 531 5520 σταντίνῳ.

1932 2054 2198 2107 collocata
2231 2064 2317 2107 est
2356 2069 2522 2123 super
2551 2054 2814 2107 fornicem
2851 2067 2947 2106 seu
2979 2064 3164 2104 arcum
3203 2047 3510 2115 triumpha-

1931 2143 2039 2197 lem
2081 2143 2136 2196 in
2166 2143 2307 2207 loro,
2353 2153 2413 2197 ut
2445 2142 2766 2197 obscuriore
2805 2139 3210 2208 signiﬁcatione
3250 2138 3505 2191 ardorem

1934 2237 2156 2305 pietatis
2190 2236 2364 2305 ipsius
2398 2235 2684 2289 iudicaret.
2723 2233 2975 2287 Potentia
3016 2246 3256 2299 namque
3292 2227 3508 2281 roboris

1931 2330 2055 2399 ejus
2100 2328 2343 2382 Graecam
2396 2327 2848 2395 superstitionem
2898 2326 3210 2380 debellavit.
3269 2323 3507 2375 Alteram

1932 2438 2064 2475 vero
2096 2420 2494 2482 venerandam,
2534 2435 2859 2486 sacramque
2903 2434 3122 2472 crucem
3173 2416 3367 2471 Christi
3413 2431 3510 2468 no-

1934 2531 2056 2570 men
2086 2515 2488 2584 priel'erentem,
2517 2515 2568 2566 in
2603 2513 2996 2583 Porphyretica
3034 2511 3282 2565 Romana
3314 2509 3509 2563 statuit

1934 2609 2211 2669 columna,
2248 2611 2303 2661 in
2342 2608 2462 2661 loco
2497 2607 2590 2675 qui
2628 2606 2999 2674 Φιλαδὲλφιον,
3038 2605 3142 2657 hoc
3175 2614 3255 2656 est
3287 2602 3509 2657 Frater-

1934 2717 2036 2755 nus
2081 2715 2256 2763 amor,
2293 2699 2522 2753 dicitur.
2574 2700 2861 2764 Tertiam,
2905 2712 3068 2766 quam
3113 2694 3512 2749 Constantinus

1933 2793 2148 2863 quidem
2176 2795 2344 2856 νῖκος,
2373 2791 2425 2844 id
2458 2800 2542 2845 est
2576 2791 2891 2851 victoriam,
2937 2788 3176 2849 vocavit,
3220 2784 3511 2839 lleraelius

1932 2897 2112 2940 autem
2158 2886 2441 2952 ἀνίκητον,
2478 2886 2581 2937 hoc
2625 2893 2709 2936 est
2746 2884 3039 2942 invictam,
3089 2879 3417 2934 nominavit.
3456 2880 3507 2929 in

1931 2978 2036 3030 alta
2066 2992 2374 3030 marmorea
2416 2976 2671 3030 columna
2706 2986 2911 3043 posmt,
2944 2976 2995 3027 in
3033 2975 3153 3026 loco
3182 2973 3267 3025 iui
3308 2987 3511 3024 nomen

1932 3077 2013 3121 est
2044 3067 2430 3137 Ἀρτοπώλιον,
2462 3068 2514 3121 id
2544 3080 2626 3121 est
2662 3068 2861 3121 Forum
2897 3067 3205 3134 panarium,
3245 3063 3310 3116 ad
3347 3078 3509 3130 quam

1934 3160 2117 3213 multae
2161 3161 2326 3213 etiam
2373 3177 2539 3228 supra
2588 3161 2907 3227 opinionem
2963 3158 3244 3210 hominum
3281 3158 3513 3209 virtutes

1932 3262 2061 3306 sunt
2090 3251 2289 3305 edite:
2327 3264 2493 3320 atque
2524 3253 2574 3303 in
2609 3251 2823 3320 primis,
2861 3249 2905 3303 si
2942 3250 3034 3317 qui
3081 3250 3262 3311 rigore
3298 3246 3513 3298 inﬂam-

1932 3342 2189 3396 mationis
2242 3353 2613 3406 vexarentur,
2660 3350 2714 3394 et
2768 3341 3060 3394 oculorum
3112 3339 3399 3392 doloribus
3455 3348 3511 3389 et

1930 3432 2332 3487 sull‘usionibns
2380 3442 2793 3501 premerentur,
2843 3431 3022 3485 sanati
3078 3441 3229 3485 sunt.
3285 3429 3358 3483 De
3401 3445 3507 3497 qua

1932 3524 2135 3579 factum
2168 3526 2483 3593 quoddam,
2522 3524 2669 3594 quod
2705 3524 3003 3578 admodum
3045 3524 3097 3576 in
3136 3522 3505 3576 admiratione

1930 3616 2064 3680 fuit,
2111 3632 2404 3686 exponam.
2439 3616 2522 3669 Ne
2557 3629 2689 3669 vero
2732 3616 3025 3684 quisquam
3074 3612 3322 3668 narranti
3370 3613 3503 3665 mihi

1930 3708 2090 3762 ﬁdem
2125 3722 2232 3761 non
2281 3706 2515 3771 habeat;
2549 3706 2687 3761 nihil
2719 3706 2865 3761 enim
2913 3714 3022 3758 tam
3062 3714 3259 3774 praeter
3290 3705 3507 3771 opinio-

1930 3816 2054 3856 nem
2082 3811 2139 3855 et
2166 3809 2364 3869 praeter
2400 3800 2561 3853 (idem
2597 3809 2709 3864 est,
2743 3798 2891 3867 quod
2921 3799 3065 3852 Deus
3097 3813 3203 3850 non
3236 3796 3505 3865 perticiat;

1932 3908 2108 3963 neque
2151 3894 2316 3947 etiam
2346 3894 2647 3962 quidquam
2682 3891 2829 3961 quod
2879 3892 3022 3945 Deus
3066 3890 3219 3953 velit,
3256 3889 3509 3957 ililptissi-o.

1930 3984 2040 4040 bile
2071 3992 2175 4039 est.
2211 3982 2421 4037 Dicitur
2458 3997 2720 4052 namque,
2752 3991 2809 4035 et
2852 3996 2981 4035 vere
3010 3981 3237 4043 dicitur,
3281 3996 3403 4033 eum
3437 3980 3503 4031 ad

1928 4092 2048 4130 eam
2081 4077 2310 4146 angelus
2343 4075 2561 4129 Domini
2603 4083 2687 4128 ter
2714 4072 3016 4143 quotannis
3044 4088 3142 4143 per
3172 4073 3505 4129 altissimum

1929 4166 2273 4236 intempestae
2317 4166 2499 4221 noctis
2545 4166 2863 4231 silentium,
2896 4164 3127 4234 perinde
3168 4174 3334 4233 atque
3365 4165 3507 4217 emi.

1930 4275 2062 4315 cans
2083 4261 2357 4330 quoddam
2387 4259 2607 4314 ccelitus
2636 4259 2839 4327 fulgur,
2870 4274 2993 4312 cum
3025 4256 3321 4325 splendore
3353 4256 3506 4308 inac—

1929 4369 2086 4409 cesso
2110 4354 2279 4414 venit,
2303 4367 2521 4407 crucem
2547 4367 2672 4407 eum
2703 4352 3000 4406 circumire
3026 4351 3267 4405 sullitum
3293 4351 3504 4403 iacien-

1932 4456 2037 4514 tem
2062 4462 2078 4499 :
2106 4447 2376 4515 suavique
2404 4459 2540 4500 voce
2563 4444 2721 4513 quasi
2750 4442 3036 4513 cujusdam
3067 4442 3250 4496 tenuis
3277 4441 3500 4507 indicis,

1929 4536 2274 4607 praesentiam
2326 4552 2480 4591 suam
2525 4536 2633 4590 illis
2676 4536 2770 4605 qui
2820 4538 3059 4604 puritate
3106 4534 3230 4589 vitae
3276 4552 3303 4589 a
3355 4536 3505 4589 vitiis

1862 4617 1905 4673 ί)
1933 4630 2320 4693 abhorrentes,
2357 4629 2482 4683 talia
2512 4640 2563 4683 et
2602 4630 2789 4683 videre
2816 4640 2870 4683 et
2903 4630 3095 4683 audire
3128 4629 3311 4684 idonei
3349 4638 3500 4691 sunt,

1924 4721 2261 4789 insinuare:
2326 4729 2491 4787 atque
2549 4719 2643 4775 ubi
2706 4731 2872 4774 cantu
2930 4720 3199 4780 ineﬂ‘abili
3252 4720 3498 4773 divinum

1922 4828 2149 4867 carmen
2183 4824 2267 4867 ter
2288 4814 2465 4867 sancti
2492 4813 2677 4883 hymni
2714 4814 2949 4881 psallens
2980 4813 3346 4874 concinuerit,
3378 4829 3502 4865 rur-

1926 4919 2046 4958 sum
2083 4904 2234 4957 illum
2269 4905 2436 4958 veluti
2468 4905 2683 4959 Stellam
2735 4905 3021 4975 magnifice
3064 4906 3395 4957 einicantcm
3430 4905 3499 4961 ad

1928 4998 2114 5050 munia
2148 4996 2332 5051 redire
2372 5012 2492 5051 sua.
2529 4996 2679 5050 lianc
2711 5012 2843 5051 sane
2878 4997 3245 5052 venerandam
3280 4997 3495 5049 Domini

1926 5104 2147 5144 crucem
2171 5130 2184 5153 ,
2231 5090 2395 5159 longo
2432 5099 2554 5159 post
2592 5099 2876 5158 tempore.
2919 5089 3192 5143 decimum
3239 5098 3499 5143 octavum

1924 5198 2130 5237 annum
2172 5182 2429 5237 Ma‘uritio
2466 5183 2795 5251 imperante,
2829 5182 2990 5252 602
3020 5182 3165 5251 quod
3225 5181 3500 5235 immenso

1927 5285 2086 5329 terra:
2120 5284 2269 5327 motu
2307 5284 2614 5338 corruerat,
2651 5276 2847 5329 ferreis
2877 5275 3205 5343 quihusdam
3237 5274 3501 5343 operibus

1924 5368 2215 5422 Heraclius
2252 5367 2512 5430 ﬁrmavit,
2545 5379 2603 5422 et
2641 5370 2695 5422 in
2732 5370 2845 5422 basi
2893 5370 3013 5438 ejus
3048 5367 3363 5438 hujusmodi
3407 5367 3497 5421 in-

1926 5459 2059 5512 cidit
2094 5460 2515 5529 inscriptionem
2546 5478 2560 5514 :
2600 5461 2748 5530 Opus
2784 5461 2893 5515 Deo
2934 5471 3220 5533 acceptum
3265 5462 3500 5528 impera-

232 5548 372 5601 toris
412 5549 599 5619 magni
635 5549 928 5604 lleraclius
957 5548 1215 5604 firmavit.
1248 5549 1379 5619 Quae
1416 5551 1704 5623 inscriptio
1745 5552 1813 5608 ad
1856 5568 1976 5611 mea
2046 5570 2221 5628 usque
2254 5566 2498 5626 tempora
2568 5558 2802 5614 duravit.
2852 5558 2974 5614 [hec
3002 5560 3068 5614 de
3100 5558 3279 5613 tribus
3312 5557 3499 5614 cruci-

230 5641 335 5695 bus
362 5659 389 5696 a
419 5641 799 5699 Consulitin
837 5644 1198 5700 constructis.
