4250 6450
761 414 858 475 127

1973 413 2398 474 NlCEl’HUlil
2443 413 2790 472 GALLIS“

3904 417 4006 479 238

753 535 1179 598 obstupuerunt.
1211 531 1427 585 lulcrea
1456 530 1680 595 aCcidit,
1711 541 1767 585 ut
1795 533 1938 603 regis
1975 534 2118 587 ﬁlius
2143 535 2330 588 etiam-
2366 545 2388 594 Α

2392 547 2404 596 ι
2438 531 2565 584 Υίὺν
2600 531 2893 601 εἰσηγεῖτο.
2929 530 2989 584 Οἱ
3021 530 3064 583 δ’
3095 531 3385 593 ἀκούοντες
3411 531 3472 584 τό
3503 550 3560 586 τε
3589 534 3758 602 ϐνομα
3789 535 3885 587 καὶ
3909 536 4008 605 τὴν

755 641 884 678 num
938 624 1137 685 infans,
1179 626 1418 692 graviter
1462 635 1770 695 a‘grotaret,
1811 639 1863 680 et
1913 639 2089 682 mater
2149 627 2324 694 patrio

750 719 984 788 quodam
1021 735 1173 772 more
1203 720 1265 771 ad
1300 721 1432 772 alias
1460 735 1583 774 eum
1626 722 1868 774 mitteret
1900 723 2182 786 mulieres,
2216 738 2325 789 quo

752 811 968 864 facilius
999 813 1300 864 remedium
1364 813 1484 864 mali
1537 813 1760 881 reperiri
1809 825 2012 882 posset.
2044 815 2109 870 Ut
2141 824 2323 866 autem

754 919 886 969 puer
914 920 942 955 a
976 904 1188 956 nutrice
1249 905 1604 960 circumlatus
1640 916 1722 959 est
1749 946 1762 966 ,
1793 921 1969 974 neque
2004 906 2326 959 meliuscule

751 994 966 1055 babuit,
1002 997 1216 1047 tandem
1249 997 1410 1048 etiam
1440 1000 1504 1048 ad
1527 998 1794 1066 captivam
1829 999 1974 1050 illam
2016 1007 2101 1052 est
2132 998 2327 1066 depor-

753 1095 918 1138 tatus.
965 1085 1094 1150 Qua‘
1131 1087 1183 1139 iu
1235 1089 1532 1141 multarum
1587 1090 1894 1155 pra-senda,
1933 1091 2064 1143 nihil
2100 1106 2228 1144 sane
2259 1106 2324 1144 ex

750 1181 979 1232 materia
1023 1180 1204 1248 aliqua
1239 1184 1524 1249 compositi
1575 1184 1801 1235 remedii
1836 1185 2098 1243 adrumit,
2150 1200 2327 1249 neque

749 1269 894 1320 enim
928 1284 986 1321 se
1013 1270 1312 1337 quidquam
1342 1273 1608 1337 ejusmodi
1649 1273 1788 1325 scire
1817 1274 2129 1334 ailirmavit,
2164 1271 2326 1341 695

749 1362 842 1416 Sed
901 1378 1070 1431 puero
1131 1364 1182 1415 in
1227 1364 1473 1426 linteolo,
1501 1366 1644 1433 quod
1683 1368 1730 1418 ei
1764 1382 1792 1418 e
1822 1367 1948 1434 pilis
2007 1376 2324 1419 contextum

750 1465 892 1514 erat,
942 1456 1050 1523 jam
1114 1457 1374 1520 lacerum,
1429 1459 1686 1524 reposito,
1736 1458 2037 1526 είιιιριίουιιι
2089 1459 2135 1510 ei
2195 1458 2328 1512 fecit

751 1547 1101 1610 medicinam,
1137 1550 1358 1602 nomine
1388 1548 1593 1602 Christi
1641 1566 1805 1618 super
1839 1567 1902 1604 eo
1932 1551 2205 1605 invocato.
2260 1551 2328 1607 Et

749 1655 878 1695 ecce
917 1640 1008 1707 qui
1039 1641 1091 1693 in
1149 1655 1210 1694 ca
1250 1651 1370 1694 crat
1399 1643 1805 1710 exspectatione
1833 1655 1890 1696 ut
1929 1645 2180 1712 protinus
2208 1659 2325 1698 ιηοο

748 1741 985 1793 reretur,
1018 1734 1422 1800 quamprimum
1482 1735 1718 1803 precatio
1765 1736 2040 1797 estfacta,
2095 1736 2234 1789 liber
2296 1752 2324 1788 a

748 1825 992 1889 periculo
1024 1824 1148 1878 fuit.
1182 1825 1255 1879 Ex
1281 1841 1346 1878 eo
1371 1837 1615 1895 tempore
1646 1829 1902 1896 praclara
1934 1830 2055 1894 ejus
2081 1830 2326 1884 mulieris

747 1913 850 1965 fuit
883 1914 1044 1972 iaina.
1085 1915 1352 1982 matrique
1386 1918 1541 1984 pueri
1574 1927 1628 1971 et
1661 1919 1780 1972 aliis
1813 1920 2030 1974 feminis
2064 1921 2324 1976 innotuit.

746 2004 861 2059 Nec
909 2006 980 2058 ita
1015 2008 1186 2060 multo
1216 2018 1360 2074 post,
1414 2021 1469 2062 et
1504 2025 1624 2062 eam
1663 2009 1835 2078 ipsam
1887 2014 2042 2080 pueri
2099 2023 2326 2068 matrem

747 2096 1038 2151 ineuraliili
1059 2115 1372 2165 Oppressam
1399 2103 1611 2166 morbo,
1632 2103 1826 2156 eodem
1856 2104 2098 2158 restituit
2125 2105 2286 2158 modo
2311 2121 2325 2157 :

746 2203 980 2255 eamque
1009 2198 1092 2241 est
1124 2189 1366 2253 hortata,
1422 2201 1480 2246 ut
1533 2193 1794 2264 deinceps
1826 2196 1874 2248 ci
1912 2196 2158 2250 divinum
2196 2214 2331 2264 prai-

750 2288 921 2332 staret
979 2281 1210 2344 cultum,
1240 2284 1583 2353 gratiamque
1613 2285 1861 2351 haberet,
1891 2287 1987 2357 qui
2053 2289 2324 2343 bonorum

746 2373 1094 2436 conciliator,
1127 2391 1379 2442 verieque
1409 2378 1678 2442 sanitatis,
1718 2380 1860 2443 vitaz,
1885 2391 1940 2434 et
1980 2384 2129 2450 regni
2159 2383 2332 2451 ipsius

749 2467 820 2516 sit
848 2465 1027 2520 dator.
1061 2466 1197 2519 Eum
1240 2481 1360 2521 esse
1395 2467 1702 2533 Christum,
1734 2487 1923 2526 verum
1966 2473 2223 2530 Verbum.
2263 2478 2330 2530 Et

750 2567 937 2624 postea
983 2559 1231 2622 quotidie
1287 2560 1352 2612 ad
1403 2576 1520 2614 eam
1552 2562 1932 2631 frequentans,
1966 2567 2224 2620 salutaria
2277 2569 2328 2621 ei

748 2659 891 2696 vera:
953 2645 1169 2712 pietatis
1206 2649 1457 2702 exhibuit
1515 2652 1936 2710 medicamenta.
1973 2655 2326 2725 QuaprOpter

764 2737 953 2804 regina
991 2753 1048 2792 re
1077 2740 1188 2806 ipsa
1221 2741 1491 2795 dictorum
1523 2745 1749 2800 veritate
1776 2746 1827 2800 in
1857 2763 1914 2801 se
1943 2749 2056 2816 ipsa
2091 2753 2326 2820 cognita,

750 2827 1032 2883 mulierem
1081 2832 1134 2884 in
1193 2849 1386 2902 magno
1425 2835 1616 2890 habuit
1668 2838 1896 2895 bonore.
1949 2840 2206 2896 Sedeniin
2239 2861 2330 2898 rex

751 2935 875 2973 cum
904 2937 932 2974 e
968 2924 1199 2993 conjuge
1228 2935 1283 2979 et
1313 2927 1647 2982 celeritatem
1694 2941 1750 2984 et
1799 2934 2065 2987 rationem
2100 2935 2329 2989 remedii

753 3012 1132 3082 intellexisset,
1192 3019 1354 3075 donis
1387 3026 1664 3091 captivam
1706 3028 1985 3079 munerari
2025 3027 2216 3079 voluit.
2263 3026 2332 3080 At

751 3105 842 3159 illa
898 3107 1034 3161 niliil
1074 3109 1180 3162 sibi
1217 3126 1357 3181 Opus
1415 3116 1534 3183 ejus
1585 3118 1836 3184 pecuniis
1874 3133 1994 3171 esse
2025 3117 2186 3181 dixit,
2240 3117 2329 3171 cui

751 3199 971 3253 abunde
1001 3202 1052 3254 in
1086 3202 1305 3257 Cbristo
1332 3217 1692 3276 suppeterent
1716 3225 1849 3278 opes
1867 3225 2090 3264 omnes:
2112 3211 2329 3279 sibique
2360 3228 2404 3288 ς

753 3289 992 3359 ingentis
1019 3297 1262 3350 muneris
1296 3297 1417 3352 loco
1450 3299 1583 3361 fore,
1614 3302 1659 3356 si
1706 3312 1760 3356 et
1793 3302 1893 3371 ipsi
1925 3303 2178 3356 eumdem
2217 3303 2331 3358 Nu-

751 3382 916 3435 minis
945 3384 1151 3437 cultqu
1177 3389 1697 3456 complecterentur.
1735 3391 1826 3447 llis
1875 3394 1960 3447 illa
1997 3394 2181 3454 dictis.
2214 3410 2333 3448 mu-

751 3487 857 3524 nus
889 3473 1021 3527 satis
1049 3477 1252 3543 grande
1307 3479 1372 3533 ad
1421 3496 1602 3550 regem
1654 3485 1885 3538 remisit.
1919 3485 2092 3552 Quem
2133 3486 2332 3542 deinde

752 3563 956 3615 sensim
996 3569 1398 3632 quodammodo
1446 3589 1580 3624 uxor
1619 3576 2000 3642 persuadebat,
2036 3579 2328 3646 pulchrum

751 3669 999 3708 errorem
1047 3656 1096 3709 ei
1151 3661 1406 3726 suadens,
1439 3663 1652 3718 diverso
1703 3683 1928 3734 prorsus
1973 3687 2136 3738 quam
2199 3675 2328 3728 olim

752 3747 863 3803 Eva
917 3747 1102 3812 fuerit,
1161 3753 1398 3807 animata
1451 3758 1632 3810 modo.
1683 3758 1985 3814 Colendum
2027 3765 2174 3818 cnim
2207 3782 2331 3821 esse

753 3840 1088 3895 admouebat
1144 3859 1294 3905 eum,
1345 3862 1507 3918 quem
1562 3851 1760 3905 mulier
1827 3854 1915 3906 illa
1981 3859 2331 3913 annuntiaret

751 3931 954 3996 Deum;
996 3950 1248 4003 magnum
1289 3941 1491 4008 quippe
1546 3941 1696 3995 illum
1725 3982 1739 4008 ,
1777 3946 1868 4012 qui
1917 3946 2175 4004 facillime
2212 3968 2332 4019 qua:

751 4023 914 4077 vellet
943 4025 1166 4092 faceret,
1203 4044 1367 4098 regna
1419 4031 1472 4084 in
1523 4034 1739 4102 placido
1782 4047 1944 4106 atque
1971 4041 2159 4107 quieto
2184 4055 2329 4100 statu

752 4129 1121 4184 conservare,
1188 4121 1454 4176 obscuros
1512 4125 1790 4184 illustrare
1855 4147 1918 4184 ac
1971 4134 2328 4204 locupletare,

751 4203 989 4262 humiles
1045 4209 1228 4264 subito
1281 4212 1653 4282 magniﬁcare,
1712 4227 1769 4271 et
1828 4223 2054 4288 quosvis
2082 4223 2135 4277 in
2167 4225 2330 4279 rebus

750 4297 993 4353 adversis
1026 4303 1235 4356 salvare
1271 4315 1474 4373 posset.
1507 4305 1633 4361 Haec
1664 4323 1787 4363 cum
1814 4311 1895 4366 sic
1927 4329 2061 4367 uxor
2088 4331 2334 4370 comme-
2370 4315 2372 4318 ’

750 4401 1012 4453 nioraret,
1055 4393 1242 4447 Iberia:
1277 4397 1555 4467 princeps,
1598 4397 1918 4457 ﬂectebatur
1965 4405 2056 4461 ille
2106 4409 2328 4475 quidem

750 4479 956 4542 verbis,
1008 4492 1189 4537 tamen
1231 4486 1458 4554 ancipiti
1509 4490 1844 4558 cogitatione
1895 4493 2325 4552 distrahebatur.

2428 627 2727 694 θρησκείαν
2774 625 2868 676 τοῦ
2901 625 3240 693 τιμωμένου,
3278 627 3335 677 ἐν
3375 627 3633 695 ἐκπλήξει
3685 629 4007 694 πεποίηντο.

2429 719 2648 771 Τούτων
2677 719 3002 787 γινομένων,
3039 718 3322 771 συνέϐαινε
3355 721 3447 771 τὶν
3474 720 3567 772 τοῦ
3602 720 3868 789 βασιλέως
3893 722 4012 772 "sitv

2428 810 2507 862 ἔτι
2541 811 2732 877 νήπιον
2761 808 2890 860 ὄντα
2920 809 3106 871 δεινῶς
3132 809 3402 864 ἀσθενεῖν.
3436 811 3589 864 Ἐθει
3616 811 3672 864 δέ
3699 829 3807 864 τινι
3835 814 4010 878 ἐγχω-

2433 904 2532 971 ρίῳ
2566 901 2657 952 τὸν
2692 901 2858 954 παῖδα
2892 901 2924 969 ἡ
2980 902 3166 971 μήτηρ
3206 901 3359 971 παρά
3391 903 3512 963 ταῖς
3559 902 3744 962 ἄλλαις
3795 902 4010 970 ἔπεμπε

2429 993 2703 1062 γυναιξὶν,
2766 993 2840 1056 ὡς
2895 994 2960 1045 ἄν
2995 995 3047 1061 γ’
3101 994 3424 1060 εύπὸριστος
3477 996 3509 1062 ὴ
3569 995 3662 1046 τοῦ
3711 993 4012 1062 κάμνοντος

2428 1086 2725 1156 ἀπαλλαγὴ
2779 1087 3028 1154 γένηται.
3073 1085 3161 1148 Ὠς
3213 1086 3271 1139 δὲ
3318 1087 3638 1156 περιαχθεὶς
3687 1089 3714 1140 ό
3752 1090 3874 1140 παῖς
3909 1088 4014 1139 ὑπὸ

2427 1181 2526 1247 τῆς
2563 1179 2785 1247 τροφοῦ,
2825 1179 3035 1246 οὖδαμῆ
3080 1181 3178 1246 τὴν
3211 1179 3539 1247 ἀπαλλαγὴν
3565 1178 3808 1246 εὕρισκε,
3859 1177 4013 1236 τέλος

2429 1273 2521 1325 ἐπὶ
2553 1272 2654 1340 τὴν
2703 1271 3049 1340 αἰχμάλωτον
3101 1270 3322 1337 ἄγεται.
3367 1269 3427 1321 'll
3463 1271 3520 1321 δε
3562 1273 3838 1339 παρουσία
3889 1270 4015 1319 πολ-

2428 1363 2536 1416 λῶν
2571 1363 2725 1416 οὑδέν
2777 1379 2830 1414 τι
2869 1362 2978 1415 τῶν
3008 1361 3066 1425 ἐξ
3113 1361 3246 1428 ὕλης
3290 1361 3644 1415 ἐπιπλάστων
3701 1362 4015 1429 φαρμάκων

2431 1459 2677 1526 προσῆγε
2707 1471 2720 1485 °
2759 1457 2893 1526 μηδὲ
2931 1457 3040 1525 γὰρ
3069 1456 3271 1508 εἰδέναι
3313 1455 3608 1508 διετείνετο
3632 1472 3646 1486 ο
3680 1455 4017 1507 ἀνακλῖνασα

2431 1549 2487 1601 δὲ
2531 1550 2673 1602 κατὰ
2729 1549 2788 1600 τὸ
2832 1550 2898 1600 ἐκ
2951 1548 3157 1616 τριχῶν
3211 1549 3395 1618 ἐκείνῃ
3428 1550 3631 1617 προσὸν
3685 1549 4014 1617 διερρυηκῖς

2432 1640 2680 1709 ὕφασμα,
2704 1639 2912 1693 ἁπλοῦν
2943 1640 3220 1707 προσῆγεν
3244 1640 3394 1711 αὑτῷ
3419 1641 3736 1710 φάρμακον,
3759 1642 3857 1708 την
3885 1639 4016 1707 κλῆ-

2435 1750 2520 1786 σιν
2550 1734 2748 1802 ὲκείνῳ
2777 1733 3052 1801 ἐπᾴδουσα
3079 1731 3172 1783 τοῦ
3202 1733 3462 1801 Χριστοῦ.
3499 1733 3608 1785 Καὶ
3641 1735 3668 1783 ό
3701 1733 3798 1801 ἠδη
3837 1734 4020 1800 150-11}-

2435 1823 2619 1888 ξεσθαι
2677 1820 3130 1890 προσδοκώμενος
3166 1824 3535 1892 παραχρῆμα,
3586 1823 3890 1890 γενομένης
3929 1824 4019 1872 εἰ·-

2434 1917 2551 1983 χῆς,
2592 1914 2821 1982 ἑξάντης
2856 1908 2924 1984 ἦν
2980 1915 3073 1966 τοῦ
3106 1915 3302 1967 δεινοῦ.
3345 1913 3433 1979 Ἐξ
3479 1915 3689 1966 ἐκείνου
3736 1914 3780 1966 δ’
3810 1915 3864 1965 ὲν
3921 1917 4022 1980 φῄ-

2433 2019 2562 2072 μαις
2587 1997 2655 2072 ῆν
2702 2005 2736 2072 ὴ
2766 2002 2923 2073 γυνὴ,
2953 2001 3233 2072 γνώριμός
3265 2019 3327 2055 τε
3374 2005 3440 2072 τῇ
3496 2005 3668 2072 μητρὶ
3709 2002 4016 2054 καθίστατο

2430 2095 2525 2147 τοῦ
2567 2093 2780 2159 παιδος,
2819 2095 2915 2147 καὶ
2942 2096 3066 2158 ταῖς
3093 2093 3285 2150 ἄλλαις
3311 2095 3532 2162 γυναιξὶ
3555 2095 3662 2147 τῶν
3695 2093 4014 2164 βαρϐαρων.

2432 2188 2508 2240 Οὑ
2539 2186 2724 2255 πολλῷ
2753 2185 2799 2238 δ’
2835 2185 3065 2254 ὕστερον
3088 2188 3184 2238 καὶ
3212 2185 3384 2251 αὐτὴν
3413 2187 3631 2256 ἐκείνην
3664 2189 3765 2255 τὴν
3802 2189 4018 2256 μητέρα

2431 2279 2527 2330 τοῦ
2569 2279 2762 2339 παιδὸς
2790 2279 2996 2348 ἁνιὰτῳ
3034 2281 3198 2331 πάθει
3226 2278 3528 2350 γενομένην
3556 2281 3895 2346 κατάσχετον
3924 2281 4019 2330 τὸν

2433 2371 2547 2423 ῐσον
2579 2373 2782 2440 τρόπον
2825 2371 3052 2433 διέσωζε
3073 2388 3086 2402 ο
3122 2373 3356 2442 παρῄνει
3387 2389 3446 2424 τε
3486 2373 3580 2424 τοῦ
3617 2372 3806 2424 λοιποῦ
3836 2377 4020 2444 ἐκείνη

2431 2464 2491 2516 τὸ
2522 2464 2686 2522 σέϐας
2729 2463 2915 2530 νέμειν
2948 2465 3043 2516 καὶ
3075 2463 3176 2533 τὴν
3228 2465 3396 2535 χάριν
3429 2465 3593 2535 ἔχειν,
3631 2466 3689 2527 ὃς
3739 2465 3850 2516 τῶν
3882 2467 4021 2531 ἁγα-

2433 2557 2540 2606 Οών
2565 2559 2683 2607 ἐστι
2736 2555 3004 2624 πρύτανις
3041 2559 3136 2608 καὶ
3168 2557 3268 2625 τῆς
3318 2556 3556 2626 άληθοῦ,
3602 2558 3792 2624 ὑγείας
3831 2561 4021 2627 δοτὴρ,

2434 2649 2528 2700 καὶ
2555 2647 2700 2716 ζωῆς
2728 2650 2822 2700 καὶ
2863 2648 3148 2716 βασιλείας
3182 2650 3377 2718 αὑτῆς.
3410 2650 3614 2703 Τοῦτον
3647 2653 3689 2704 δ’
3720 2650 3862 2704 εἶναι
3889 2654 4023 2721 Χρι-

2436 2743 2578 2802 στὸν,
2611 2744 2703 2793 τὸν
2731 2742 2910 2810 ἀληθῆ
2943 2744 3140 2808 Λόγον.
3190 2743 3426 2796 Ἔπειτα
3464 2745 3586 2796 καθ’
3630 2746 3869 2814 ἑκάστην
3901 2763 4021 2813 φλι-

2433 2835 2605 2897 τῶσα,
2654 2834 2725 2886 τὰ
2758 2835 3004 2903 ρωστικὰ
3053 2834 3154 2902 τῆς
3200 2835 3487 2899 εὐσεϐείας
3545 2840 3832 2908 προσῆγεν
3881 2841 4021 2907 αὐτῇ

2437 2928 2727 2997 φάρμακα.
2776 2928 2840 2979 'll
2881 2929 2980 2996 μὲν
3011 2928 3103 2981 οὖν
3143 2929 3377 2998 βασιλὶς,
3413 2932 3582 3002 πείρα
3615 2935 3724 2994 τοῖς
3762 2933 3847 2984 ἐπ’
3880 2935 4020 3004 αὑτῇ

2435 3018 2829 3088 γεγενημένοις
2892 3019 3124 3090 τάληθὲς
3183 3020 3481 3089 διαγνοῦσα
3536 3022 3643 3075 τῶν
3702 3025 3897 3091 λόγων,
3951 3027 4023 3076 τα

2438 3111 2786 3180 Χριστιανῶν
2815 3112 3148 3179 ἐπρέσϐευεν
3177 3115 3300 3184 ἤδη,
3329 3116 3425 3167 καὶ
3449 3118 3506 3167 ὲν
3545 3115 4021 3187 ὑπερϐαλλούσαις

2437 3207 2536 3272 τὴν
2567 3203 2855 3272 ἄνθρωπον
2888 3199 2989 3276 ἦγε
3021 3207 3235 3274 τιμαῖς.
3269 3204 3532 3270 Βασιλεὺς
3561 3208 3618 3260 δὲ
3647 3212 3707 3261 τὸ
3739 3212 3898 3278 τάχος
3927 3213 4025 3264 καί

2437 3295 2498 3345 τὸ
2525 3292 2626 3363 τῆς
2660 3295 2851 3362 ὑγείας
2883 3297 3179 3367 φάρμακον
3206 3300 3360 3368 παρὰ
3391 3299 3492 3368 τῆς
3523 3303 3770 3372 γαμετῆς
3806 3300 4021 3371 μαθὼν,

2436 3385 2633 3457 δώροις
2658 3387 2984 3455 ἀμείϐεσθαι
3016 3389 3233 3459 ῆθελεν.
3279 3391 3496 3459 Ἐκείνη
3521 3392 3578 3446 δὲ
3609 3395 3682 3462 μὴ
3711 3395 3821 3446 δεῖν
3852 3396 4022 3448 αὑτοῦ

2438 3481 2737 3550 χρημάτων
2797 3481 3030 3550 ἔλεγεν·
3097 3484 3244 3553 ἔχειν
3289 3487 3396 3556 γὰρ
3450 3487 3730 3556 ἀρκοῦντα
3787 3489 4023 3542 πλοῦτον

2436 3576 2698 3642 Χριστόνο
2733 3576 2828 3628 καί
2868 3576 2920 3643 γ’
2952 3577 3010 3627 ὲν
3044 3578 3236 3648 δώροις
3291 3574 3430 3632 εἶναι
3475 3580 3738 3648 μεγάλοις
3773 3584 3887 3650 εἴγε
3924 3586 4023 3636 καὶ

2435 3665 2590 3718 αὑτοὶ
2633 3664 2842 3718 ἓλοιντο
2885 3666 3086 3736 ἐπίσης
3123 3667 3475 3736 θρησκεύειν.
3520 3667 3709 3722 Ταῦτα
3759 3670 4020 3738 λέγουσα,

2434 3759 2658 3810 ὄπισθεν
2718 3759 2818 3827 τὴν
2877 3759 3063 3821 δόσιν,
3107 3759 3278 3829 ἁδράν
3321 3777 3386 3829 γε
3439 3762 3632 3823 οὖσαν.
3671 3763 4020 3830 ἀνέπεμπεν.

2449 3852 2638 3919 Ἐνῆγε
2670 3850 2724 3902 δὲ
2757 3850 2918 3903 αὑτὸν
2943 3852 3126 3921 ἡρέμα
3155 3869 3273 3915 πως
3301 3853 3361 3906 τὸ
3387 3855 3443 3919 ἐξ
3475 3857 3689 3908 ἐκείνου
3716 3859 3747 3924 ἡ
3778 3862 4020 3924 γαμετὴ,

2438 3943 2856 4013 παραπείθουσα
2890 3944 2986 4015 τὴν
3013 3945 3184 4012 καλὴν
3219 3947 3435 4016 ἀπάτην
3469 3953 3589 3999 κατ’
3622 3949 3914 4004 ἀντίπαλον
3952 3953 4020 4018 τῇ

2439 4037 2549 4106 Εύᾳ
2587 4036 2906 4108 διακειμένη
2935 4052 2950 4068 ⁸
2987 4038 3231 4091 ὑπετίθει
3254 4040 3363 4109 γὰρ
3395 4041 3576 4093 σέϐειν
3597 4042 3655 4094 ὃν
3686 4044 3716 4110 ἡ
3754 4043 3890 4111 γυνὴ
3923 4061 4025 4094 κα-

2434 4130 2724 4196 ταγγέλλει
2781 4131 2938 4196 Θεὸν,
2993 4131 3169 4200 μέγαν
3217 4150 3277 4184 τε
3330 4134 3482 4196 ὄντα,
3519 4137 3625 4187 κάκ
3660 4135 3753 4186 τοῦ
3817 4135 4020 4205 ῥᾴστου

2434 4222 2627 4292 ἔχοντα
2675 4224 2826 4286 ὅπως
2859 4223 2926 4276 ἂν
2961 4223 3137 4276 ἐθέλοι
3163 4227 3342 4276 ποιεῖν
3363 4241 3377 4255 ο
3425 4225 3710 4295 βασιλείας
3739 4242 3798 4278 τε
3851 4229 3908 4278 ὲν
3939 4227 4022 4296 τῷ

2437 4315 2743 4369 καθεστῶτι
2788 4316 2993 4386 μένειν,
3026 4316 3152 4378 τούς
3192 4319 3240 4370 τ’
3270 4318 3494 4383 ἀδόξους
3525 4322 3814 4390 ἐπιφανεῖς
3860 4321 4020 4374 καθιο

2437 4409 2568 4477 στᾷν
2595 4421 2608 4436 ⁸
2643 4409 2738 4460 καὶ
2789 4408 2995 4471 ἱκανῶς
3027 4410 3172 4477 ἔχειν
3216 4412 3346 4473 τοὺς
3386 4413 3623 4481 μικροὺς
3673 4413 3871 4480 ἁθρόον
3925 4432 4025 4482 με·

2436 4500 2635 4566 γάλους
2667 4503 2866 4566 ποιεῖν,
2897 4501 3000 4552 κάν
3033 4502 3145 4564 τοῖς
3176 4502 3374 4563 δεινοῖς
3397 4505 3705 4566 διασώζειν.
3741 4503 3812 4559 Εὖ
3838 4509 4024 4560 τοίνυν

750 4569 1044 4640 Suspectas
1098 4576 1245 4630 enim
1299 4578 1535 4655 habebat
1596 4599 1684 4637 res
1734 4601 1922 4652 novas,
1963 4599 2017 4642 et
2067 4585 2388 4656 praetereaE

2392 4588 2405 4636 θ
2433 4592 2575 4645 οὕτω
2609 4592 2878 4662 λεγούσης
2908 4596 3008 4661 τῆς
3041 4596 3323 4660 γυναικὸς,
3356 4598 3384 4649 ό
3433 4598 3535 4666 τῆς
3573 4599 3814 4666 Ἰϐηρίας
3854 4601 4024 4672 ἡγού-

752 4662 1048 4720 iznmutare
1083 4671 1374 4724 verebatur
1427 4675 1600 4741 patria
1653 4677 1919 4733 instituta.
1967 4680 2135 4738 Porro
2164 4700 2330 4738 vena-

753 4767 868 4808 tum
901 4759 1190 4828 aliquando
1215 4779 1336 4816 cuin
1372 4766 1734 4824 familiaribus
1767 4773 1881 4826 suis
1901 4784 1986 4828 est
2025 4776 2327 4845 profectus,

752 4859 807 4902 ct
838 4865 963 4903 cccc
995 4853 1160 4906 densa
1191 4856 1385 4908 nebula
1417 4873 1445 4910 c
1497 4861 1783 4916 montibus
1823 4865 2044 4932 dilTusa,
2076 4871 2331 4924 tenebras

753 4940 1002 5009 ingentes
1028 4943 1253 4999 adduxit
1282 4950 1754 5022 :opacitatemque
1782 4954 1930 5009 silva:
1962 4959 2330 5025 condensam,

753 5032 896 5083 diem
921 5037 1189 5088 convertit
1222 5037 1277 5090 in
1311 5050 1549 5094 noctem.
1571 5043 1908 5114 Perangusta
1938 5050 2158 5103 venatio
2191 5062 2326 5109 erat.

751 5133 806 5174 ct
846 5125 947 5177 itt-r
990 5129 1307 5196 impeditum
1362 5143 1413 5186 et
1461 5135 1808 5204 impervium.
1862 5141 2176 5197 Metuebant
2227 5146 2330 5199 sibi

755 5232 968 5283 ttlIIIICS,
1004 5231 1057 5272 et
1097 5237 1205 5290 quo
1253 5241 1528 5296 quemque
1575 5245 1694 5284 sors
1723 5233 1869 5298 tulit,
1902 5244 2030 5288 sunt
2075 5235 2328 5304 diSpcrsi.

755 5308 865 5361 Nec
897 5311 1077 5365 minus
1107 5323 1162 5368 et
1197 5331 1289 5370 rex
1322 5319 1436 5386 ipse
1475 5321 1623 5375 solus
1655 5340 1965 5393 pererrans,
2007 5330 2216 5397 patrios
2253 5333 2333 5386 in-

755 5401 980 5453 vacabat
1003 5405 1154 5459 deos.
1187 5408 1350 5478 606
1375 5410 1441 5464 Ut
1462 5426 1643 5465 autem
1677 5417 1809 5470 nibil
1841 5418 1906 5471 de
1932 5435 1992 5473 ea
2020 5421 2330 5479 calamitate

754 5503 836 5545 est
884 5501 1191 5564 remissum,
1225 5516 1325 5568 pro
1356 5517 1422 5556 co
1461 5515 1622 5572 atque
1655 5507 1772 5560 ﬁeri
1813 5511 1971 5576 solet,
2005 5528 2129 5568 cum
2152 5514 2331 5569 bomi-

755 5601 854 5640 nes
879 5587 1174 5657 inopinatis
1212 5595 1600 5662 opprimuntur
1633 5602 1873 5670 casibus,
1927 5608 2154 5676 captiva:
2188 5610 2332 5664 illius

758 5679 849 5732 Dei
903 5684 1164 5736 memoria
1218 5687 1269 5738 in
1319 5701 1553 5744 mentem
1602 5695 1648 5746 ci
1697 5697 1895 5757 vcuit:
1938 5702 2331 5772 constituitque

757 5773 892 5824 adeo
941 5776 1054 5842 ipse
1086 5791 1267 5830 secum
1294 5818 1309 5842 ,
1357 5783 1631 5837 culturum
1671 5801 1729 5840 se
1780 5803 1903 5842 eum
1943 5790 2236 5859 decmtero,
2286 5799 2328 5851 si

760 5864 958 5915 malum
1023 5881 1263 5933 pratscus
1325 5870 1690 5929 discussissct.
1768 5877 1880 5934 “)C
1941 5883 2018 5936 sic
2083 5884 2328 5953 decreto,

2436 4704 2596 4755 μενος
2643 4688 2987 4757 ἐμαλάσσετο
3038 4689 3139 4757 μὲν
3185 4693 3302 4750 τοῖς
3361 4689 3579 4757 λόγοιςο
3623 4693 3922 4761 ἀμφίϐολος
3976 4697 4023 4748 δ’

2430 4775 2520 4849 ἦν,
2558 4780 2905 4849 ὑπειδόμενος
2955 4780 3326 4850 νεωτερίζειν,
3363 4783 3688 4851 αἰδούμενός
3739 4802 3797 4836 τε
3840 4787 4023 4846 ἄλλως

2355 4927 2362 4935 _
2435 4873 2835 4943 μεταλλάσσειν
2867 4874 2934 4926 τὰ
2969 4876 3194 4946 πάτρια.
3229 4877 3335 4927 Καὶ
3378 4876 3440 4945 δή
3480 4877 3599 4930 ποτ’
3631 4881 3865 4943 ἐξελθὼν
3897 4900 4024 4934 συν-

2432 4980 2550 5030 αμα
2597 4967 2709 5025 τοῖς
2762 4964 2900 5032 ἀμφ’
2934 4965 3121 5028 αὑτὸν,
3161 4963 3354 5035 ἐθήρα.
3405 4967 3640 5037 Ὀμίχλη
3680 4970 3735 5021 δέ
3792 4989 3872 5032 τις
3919 4973 4019 5037 βα-

2434 5055 2554 5108 θεῖα
2589 5055 2955 5123 καταχυθεῖσα
3003 5059 3113 5118 τοῖς
3147 5057 3324 5124 ὄρεσι,
3367 5060 3561 5119 σκότος
3611 5061 3785 5111 ἑποὲει
3835 5062 3974 5128 βαρύ
4003 5081 4018 5095 ο

2435 5150 2529 5202 καὶ
2569 5149 2629 5200 τὸ
2661 5149 2968 5217 συνηρεφὲς
3018 5149 3116 5218 τῆς
3145 5148 3280 5215 ὕλης
3329 5153 3680 5220 ἁποφρὰξαν,
3722 5153 3894 5206 νύκτα
3922 5158 4019 5228 τὴν

2433 5241 2651 5312 ἡμέραν
2701 5240 3014 5309 εἰργάζετο.
3053 5243 3297 5310 Ἀπορος
3336 5243 3383 5294 δ’
3430 5239 3498 5315 ἦν
3555 5247 3588 5313 η
3627 5245 3794 5313 θήρα,
3849 5251 3944 5298 καὶ
3984 5253 4015 5318 ἡ

2433 5335 2550 5396 ὁδὸς
2604 5333 2896 5398 ἁδιέξοδος.
2948 5335 3238 5396 Δείσαντες
3276 5335 3321 5389 δ’
3381 5336 3612 5400 ἕκαστος
3663 5340 3769 5410 ὅπη
3823 5342 4020 5412 ἔτυχεν

2434 5428 2844 5480 ὲσγεδάννυντο.
2892 5426 3117 5498 Ἐπίσης
3153 5428 3208 5480 δὲ
3244 5431 3337 5480 καὶ
3367 5431 3395 5480 ὁ
3429 5430 3681 5499 βασιλεὺς
3729 5435 4016 5503 ἀλώμενος

2439 5523 2618 5589 μόνος,
2649 5523 2773 5583 τοὺς
2811 5520 3101 5590 πατρῴους
3133 5523 3458 5576 ἐπεκαλεῖτο
3496 5523 3672 5587 θεούς.
3714 5527 3802 5590 ’.ιὶς
3851 5529 3898 5580 δ’
3927 5531 4020 5582 οὑ-

2434 5613 2524 5664 δὲν
2561 5607 2724 5683 ἦττον
2755 5607 2823 5682 ἦν
2851 5612 2912 5664 τὸ
2951 5612 3146 5677 δεινὸν,
3181 5609 3270 5667 οἶα
3315 5615 3462 5682 φιλεῖ
3497 5618 3766 5683 γίνεσθαι,
3801 5621 4016 5691 ἀπροσς

2436 5705 2687 5774 δοκητοις
2743 5706 3038 5773 ἐμπεσὼν,
3091 5708 3184 5758 τὸν
3243 5709 3340 5775 τῆς
3397 5709 3750 5778 αἰχμαλώτου
3811 5714 4019 5766 ἐνενόει

2437 5799 2567 5848 Θεόν
2595 5814 2606 5827 ·
2638 5797 2730 5849 καὶ
2767 5797 2910 5849 κατὰ
2940 5800 3065 5850 νοῦν
3093 5799 3186 5852 τοῦ
3222 5801 3414 5854 λοιποῦ
3450 5805 3631 5855 σέϐειν
3663 5807 3872 5858 ἐκεῖνον
3908 5810 4020 5860 διε-

2437 5893 2626 5957 amita,
2660 5890 2707 5940 εἰ
2747 5878 2809 5943 το
2842 5891 3014 5961 παρόν
3058 5909 3119 5960 γε
3153 5894 3432 5965 διαδρασοι
3480 5897 3667 5952 κακόν.
3716 5897 3886 5951 Ταῦτ’
3933 5903 4016 5966 είς
