4250 6450
756 351 856 409 159

1949 355 2361 415 NICEPHORI
2403 358 2740 418 CA-LLISTI

3842 359 3939 420 160

755 455 1106 507 monasticam
1138 464 1220 508 est
1252 455 1683 525 philosophatus,
1723 459 1804 512 his
1831 462 2117 527 quotannis
2145 463 2292 515 adire
2322 473 2360 524 Α
2395 483 2433 516 π

2258 479 2292 515 'e
2322 473 2360 524 Α
2395 465 2601 517 πολλῶν
2644 467 2741 518 καὶ
2796 467 3094 517 θεσπεσίων
3134 467 3305 535 ἔργων
3348 467 3598 533 {vivet-0'
3639 467 3730 520 καὶ
3772 469 3936 522 πολλά

753 553 806 594 et
842 545 1010 596 visere
1056 548 1340 600 mulierem
1397 549 1615 602 solitus.
1665 550 1860 603 Multos
1899 562 1951 605 et
2002 553 2088 605 hic
2127 555 2291 606 veluti

754 633 861 684 dux
888 635 1075 686 habuit
1101 647 1418 699 sectatores,
1445 649 1498 691 et
1524 640 1688 693 multa
1714 640 1894 694 divina
1912 642 2083 695 edidit
2107 657 2291 710 opera.

755 722 919 775 Multa
967 725 1108 778 dicta
1158 728 1276 794 ejus
1327 740 1721 792 memorantur,
1758 745 1875 797 qua:
1920 731 1987 784 ab
2031 732 2296 800 ZEgyptiis

757 817 1055 876 monachis,
1112 827 1363 870 accurate
1413 818 1533 871 talia
1594 830 1646 872 et
1701 821 1943 875 studiose
1995 822 2292 889 inquirere,

761 911 1107 970 veterumque
1141 906 1529 958 monachorum
1559 908 1910 970 facinoribus.
1940 911 2054 965 sive
2083 912 2135 965 in
2164 914 2296 966 scri—

760 1001 907 1056 ptum
941 993 1049 1044 sint
1083 994 1269 1058 relata,
1306 997 1416 1048 sive
1457 998 1653 1059 minus,
1683 1000 1936 1053 delectari
1973 1002 2168 1063 solitis,
2199 1017 2296 1068 per

762 1088 1062 1147 temporum
1107 1085 1501 1138 successionem
1553 1099 1823 1156 percepta,
1873 1090 2032 1143 hodie
2081 1106 2296 1157 quoque

759 1169 1027 1230 feruntur,
1065 1173 1403 1226 auditoribus
1450 1191 1703 1242 perquam
1745 1179 2010 1245 jucunda.
2053 1179 2295 1243 Quorum

763 1267 819 1310 ut
855 1270 1074 1325 gustum
1124 1264 1357 1330 aliquem
1399 1264 1779 1332 proponamus,
1814 1268 1926 1321 hzec
1973 1271 2300 1337 subjuugcre

763 1351 908 1403 libet.
949 1352 1167 1405 Petebat
1208 1371 1432 1420 magnus
1477 1359 1576 1410 iste
1618 1360 1697 1410 vir
1738 1360 2083 1413 solitudinem
2111 1377 2298 1428 qualn-

761 1440 883 1491 dam
935 1457 1053 1493 cum
1077 1444 1344 1511 discipulo
1369 1463 1466 1499 suo
1492 1448 1778 1500 Theodoro
1807 1469 1817 1501 :
1848 1465 2078 1517 eumque
2106 1452 2298 1505 fossam

761 1530 1048 1593 quamdam
1103 1533 1262 1585 undis
1311 1536 1515 1587 scilicet
1567 1539 1825 1604 repletam
1873 1541 2119 1608 trajicere
2163 1556 2298 1608 opus

764 1622 1047 1684 haberent,
1091 1638 1158 1676 ne
1203 1636 1379 1678 vestes
1426 1627 1588 1679 altius
1626 1629 1956 1692 attollentes,
1997 1632 2132 1684 alter
2166 1634 2300 1686 alte-

765 1714 875 1762 rius
906 1713 1200 1766 nuditatem
1235 1716 1598 1782 conspiceret,
1635 1721 1978 1774 retrocedere
2015 1723 2293 1790 paululum

763 1799 1102 1855 Theodorum
1130 1807 1300 1870 jubet.
1331 1805 1464 1858 Cum
1501 1823 1636 1882 vero.
1663 1811 1898 1877 seipsum
1947 1828 2162 1880 quoque
2198 1830 2298 1866 nu-

767 1891 894 1941 dum
937 1893 1120 1945 videre
1158 1905 1454 1956 vereretur,
1491 1897 1677 1972 divi‘uo
1707 1903 2298 1958 momentoin'sublime

764 1981 1032 2041 sublatus.
1068 1983 1118 2035 in
1151 1984 1463 2037 ulterioretn
1497 1990 1741 2054 pervenit
1781 1991 1969 2056 ripam.
2011 1991 2077 2046 Ut
2117 2005 2297 2046 autem

768 2069 1082 2123 Theodorus
1105 2089 1319 2142 quoque
1347 2077 1476 2128 satis
1505 2079 1724 2132 madens
1755 2090 2136 2148 transgressus;
2163 2085 2296 2137 ultra

770 2158 965 2226 Lycum
999 2163 1098 2228 (sic
1129 2165 1270 2216 enim
1305 2166 1495 2218 iucon
1525 2168 1720 2221 fossam
1764 2186 1879 2222 eam
1921 2174 2294 2240 nominabant)

765 2251 933 2313 venit,
984 2267 1296 2324 vestemque
1343 2271 1393 2308 et
1443 2260 1608 2326 pedes
1657 2262 1863 2314 Amoun
1917 2263 2089 2316 siccos
2141 2265 2297 2327 vidit,

767 2344 1020 2404 precibus
1055 2362 1237 2399 senem
1287 2347 1538 2414 fatigans.
1573 2366 1789 2404 causam
1835 2353 1952 2418 ejus
1986 2355 2058 2405 rei
2110 2367 2167 2406 ut
2197 2356 2300 2408 sibi

766 2430 970 2483 diceret
997 2435 1174 2500 petiit.
1208 2435 1296 2489 Ille
1337 2447 1537 2490 tectum
1585 2440 1658 2499 id,
1687 2443 1947 2508 quidquid
1975 2453 2137 2501 esset.
2174 2444 2302 2497 taci-

767 2529 988 2586 tumque
1013 2537 1131 2574 esse
1169 2525 1356 2577 voluit.
1388 2527 1454 2579 Ut
1480 2543 1606 2580 vero
1634 2532 1803 2597 magis
1830 2533 2100 2600 magisque
2129 2533 2304 2586 Theo-

766 2610 934 2662 dorus
965 2612 1265 2675 contendit,
1299 2614 1434 2666 nihil
1471 2632 1528 2668 se
1562 2617 1628 2669 de
1660 2621 1917 2685 petitione
1946 2637 2006 2675 ca
2046 2625 2300 2676 remissu-

771 2718 885 2752 rum
947 2702 1242 2767 professus,
1337 2708 1546 2760 Amouu
1618 2709 1833 2764 tandem
1933 2726 2089 2779 pacto
2156 2715 2306 2782 prius

771 2792 1108 2858 interposito,
1161 2810 1216 2846 se
1266 2794 1388 2849 vivo
1436 2799 1635 2850 nemini
1686 2801 1736 2853 id
1789 2803 2144 2868 prolaturum,
2191 2821 2302 2859 rem

771 2891 942 2931 actam
985 2884 1224 2948 exponit.
1258 2883 1596 2954 Quapropter
1629 2890 1670 2940 is
1705 2900 1884 2956 postea
1921 2895 2306 2959 praestantioris

772 2973 1051 3041 cujusdam
1085 2987 1288 3028 naturas
1329 2979 1502 3030 virum
1549 2994 1671 3031 eum
1703 2997 1820 3033 esse
1855 2984 2104 3036 credidit.
2139 2984 2307 3036 Porro

2393 557 2496 608 τῶν
2527 557 2715 623 ἐκείνῳ
2736 555 3006 623 ῥηθέντων
3041 557 3549 624 ἀπομνημονεύεται
3573 571 3585 584 ·
3615 558 3649 608 ἃ
3682 558 3792 615 τοῖς
3823 549 3943 609 κατ’

2394 647 2665 712 Αιγυπτον
2696 648 2946 713 μαναχοῖς
2978 646 3064 696 διὰ
3096 647 3330 712 σπουδῆς
3361 647 3572 714 ἔχουσιν
3602 647 3860 715 ἀκριϐοῦν
3878 650 3944 700 τὰ

2394 737 2633 789 τοιαῦτα.
2669 737 2776 794 Καὶ
2803 739 2921 798 ταῖς
2949 736 3059 788 τῶν
3097 737 3467 805 παλαιοτέρων
3496 737 3750 804 ἀσκητῶν
3778 739 3941 805 ἐργα-

2398 824 2537 886 σίαις
2599 824 2888 892 ἐγγράφως
2923 840 2980 875 τε
3015 825 3107 874 καὶ
3145 824 3407 890 ἀγράφως
3458 823 3670 875 εἰωθόσι
3713 825 3943 891 χαίρειν,

2395 918 2449 974 ἐς
2473 913 2629 980 δεῦρο
2669 915 2894 980 φέρεται
2936 916 2999 980 τῇ
3047 912 3139 965 τοῦ
3160 914 3359 982 χρόνου
3386 911 3629 981 διαδοχῇ,
3676 913 3946 976 ξενίζοντα

2394 1002 2517 1062 τοὺς
2543 1000 2836 1060 ἀκούοντας
2863 1015 2873 1028 ·
2902 993 2975 1051 ὧν
3005 1000 3275 1066 γεύματος
3304 1000 3462 1068 χάριν
3488 999 3662 1052 ταῦτα
3685 1000 3940 1066 εἰρήσθω.

2410 1089 2600 1158 Ἀπῂει
2629 1090 2656 1140 6
2692 1089 2861 1157 μέγας
2905 1088 3060 1150 οὗτος
3110 1090 3201 1140 ὲπί
3252 1106 3372 1164 τινα
3409 1089 3637 1157 ἔρημον.
3671 1069 3878 1156 Δέῆσαν
3902 1089 3945 1140 δ’

2397 1181 2586 1248 ἐκείνῳ
2614 1171 2851 1247 διώρυγά
2873 1197 2989 1230 τινα
3024 1181 3118 1230 σὺν
3152 1180 3224 1245 τῷ
3253 1180 3464 1247 μαθητῇ
3499 1179 3661 1231 αὐτοῦ
3688 1172 3958 1248 Θεοδώρῳ

2398 1267 2681 1335 διαπερᾷν,
2717 1267 2800 1317 ἵνα
2837 1267 2908 1334 μὴ
2949 1266 3368 1326 ἀναστέλλοντες
3407 1267 3472 1317 τὰ
3517 1267 3703 1334 ἱμάτια
3726 1268 3822 1334 τὴν
3852 1265 3947 1331 γύ-

2402 1372 2606 1424 μνωσιν
2657 1355 2900 1422 ἀλλήλων
2948 1355 3273 1416 θεάσωνται,
3340 1355 3535 1423 μικρὸν
3569 1357 3948 1422 ὑπαναχωρείν

2399 1448 2670 1516 Θεόδωρον
2695 1447 2902 1512 ἔλεγεν.
2945 1446 3100 1499 Ἐπεὶ
3125 1446 3178 1498 δὲ
3214 1443 3302 1496 καὶ
3336 1447 3527 1506 ἑαυτὸν
3553 1443 3756 1513 γυμνὸν
3783 1445 3948 1512 ηὖλα-

2399 1539 2540 1590 δεῖτο
2573 1538 2890 1597 θεάσασθαι,
2920 1537 3041 1604 θεία
3075 1539 3215 1604 ῥοπῇ
3256 1536 3547 1604 μετάρσιος
3568 1536 3845 1604 ἐπαρθεὶς,
3869 1536 3948 1595 είς

2401 1630 2494 1696 τὴν
2525 1629 2814 1696 ἀντιπέραν
2848 1626 3016 1694 ὄχθην
3054 1628 3291 1692 ἐγένετο.
3328 1626 3415 1688 Ὠς
3457 1627 3510 1678 δὲ
3537 1627 3630 1676 καὶ
3675 1624 3948 1688 Θεόδωρος

2399 1715 2677 1784 διάϐροχος
2713 1717 2911 1776 ίκανῶς
2936 1713 3194 1782 γεγονὼς,
3229 1717 3310 1774 είς
3343 1715 3399 1765 τὸ
3437 1714 3608 1782 πέραν
3640 1712 3733 1766 τοῦ
3769 1712 3946 1765 Λύκον

2333 1781 2372 1835 Β
2400 1804 2464 1873 ἦν
2702 1809 2806 1876 γὰρ
2832 1781 3116 1875 ἐγχωρίοις
3142 1808 3174 1875 ἠ
3209 1806 3407 1872 διώρυξ
3451 1781 3800 1872 ὠνόμαστο),
3853 1805 3946 1854 καὶ

2403 1898 2500 1965 τὴν
2528 1898 2730 1964 ἐσθῆτα
2755 1899 2848 1949 καὶ
2879 1899 3005 1958 τοὺς
3039 1897 3206 1956 πόδας
3237 1895 3439 1962 Ἀμοῦν
3476 1895 3746 1962 ἀϐρόχους
3777 1894 3947 1960 ἐώρα,

2404 1986 2653 2037 ἐπέκειτο
2687 1986 2955 2054 λιπαρῶν,
2989 1987 3084 2034 καὶ
3112 1985 3211 2051 τὴν
3243 1982 3421 2034 αἰτίαν
3447 1983 3669 2057 φράζειν
3695 1982 3784 2032 τὸν
3815 1997 3950 2047 πρε-

2408 2073 2610 2140 σὸύτην
2671 2073 2846 2139 ὴξίον.
2916 2072 2971 2124 ’0
3027 2072 3081 2121 δὲ
3125 2071 3386 2139 κρύπτειν
3429 2072 3524 2136 μὲν
3574 2072 3829 2137 ἐπειρᾶτο
3859 2071 3950 2119 καὶ

2408 2165 2485 2216 ἔτι
2509 2181 2520 2194 ·
2549 2168 2620 2224 ώς
2644 2164 2686 2214 δ’
2728 2163 2959 2230 ἰσχυρῶς
2988 2163 3268 2214 ἐπετίθετο
3302 2165 3376 2229 μὴ
3408 2163 3625 2226 ἀνήσειν
3651 2160 3947 2227 ὁμολογῶν,

2408 2257 2626 2318 ἐκεῖνος,
2686 2253 2931 2320 σύνθημα
2997 2254 3118 2313 δοὺς
3179 2253 3251 2319 μή
3315 2269 3422 2301 τινι
3455 2251 3514 2302 τὸ
3545 2251 3704 2318 ἔργον
3753 2250 3951 2311 ζῶντος

2422 2345 2619 2412 Ἀμοῦν
2650 2346 2899 2407 ἐξειπεῖν,
2942 2342 3199 2410 ἐγνώριζε
3233 2342 3293 2393 τὸ
3323 2341 3533 2407 συμϐάν
3557 2359 3570 2371 ·
3616 2343 3706 2392 καὶ
3739 2341 3950 2416 φύσεως

2410 2426 2712 2502 ὑπερτέρας
2751 2432 2887 2485 εἶναι
2913 2433 3004 2485 τού
3037 2433 3220 2484 λοιποῦ
3249 2434 3337 2482 τον
3361 2433 3529 2499 ἄνδρα
3554 2432 3709 2500 ᾤετο.
3745 2432 3865 2482 ’Ὁτι
3896 2432 3951 2482 δὲ

2410 2529 2503 2579 καὶ
2531 2528 2679 2587 θείας
2711 2526 3069 2594 προγνώσεως
3101 2524 3348 2591 ἔμπλεως
3378 2521 3463 2590 ἦν,
3500 2524 3658 2585 δείξει
3692 2525 3750 2573 τὸ
3783 2523 3948 2591 ῥηθη-

2411 2618 2652 2682 σόμενον.
2694 2617 2822 2674 Παῖς
2847 2615 3047 2666 ἀδίκων
3098 2614 3347 2682 πατέρων
3407 2614 3527 2663 κυνὶ
3564 2612 3824 2663 λυσσῶντι
3856 2612 3948 2678 δην

2409 2705 2580 2772 χθεὶς,
2605 2705 2781 2756 θανεῖν
2811 2705 2997 2756 έσόσον
3017 2703 3170 2757 οΰπω
3199 2705 3560 2770 προσδόκιμος
3592 2699 3678 2773 ἦν.
3721 2705 3867 2754 Ἐπεὶ
3895 2704 3949 2754 δὲ

2410 2795 2762 2863 προςἋμοῦν
2816 2795 3040 2863 ἤγαγον,
3096 2795 3193 2862 τὴν
3225 2797 3365 2847 ἴασιν
3415 2796 3728 2863 ὲλιπάρουν.
3763 2795 3865 2846 Τὸν
3894 2795 3952 2846 δὲ

2412 2887 2573 2952 φάναι
2594 2902 2606 2915 ·
2637 2887 2749 2937 Οὐκ
2780 2885 2903 2952 ἐγὼ,
2939 2887 3051 2939 ἀλλ’
3090 2887 3246 2954 ὑμεῖς
3285 2873 3465 2947 aiam,
3506 2888 3620 2952 είγε
3653 2884 3955 2953 βούλοισθε,

2413 2975 2804 3041 θεραπεύσετε.
2844 2975 2902 3027 El
2935 2975 3039 3045 γάρ
3067 2974 3359 3027 ἀποδοῦναι
3414 2976 3540 3039 ὑμῖν
3580 2975 3667 3024 τὸν
3699 2973 3822 3040 βοῦν
3861 2979 3955 3037 γε-

771 3065 913 3130 quod
943 3067 1103 3117 etiam
1153 3069 1591 3135 praecognitionis
1638 3071 1835 3125 divina:
1882 3075 2071 3138 plenus
2121 3075 2374 3165 fuerit,C
2413 3079 2449 3112 νε

2277 3090 2304 3134 ι,
2331 3105 2374 3165 C
2413 3078 2575 3125 νοιτο,
2601 3063 2728 3130 παρ’
2749 3057 2821 3115 ῶν
2845 3063 3008 3130 συλᾷν
3026 3063 3234 3114 εἵλεσθε
3263 3063 3564 3125 δεσποτῶν,
3583 3062 3780 3114 αὐτίκα
3810 3063 3955 3129 ῥᾴων

774 3156 824 3207 id
874 3156 1016 3222 quod
1055 3173 1196 3210 nunc
1229 3159 1489 3224 dicemus,
1527 3162 1655 3215 satis
1698 3156 1978 3217 indicabit.
2011 3166 2149 3219 Puer
2187 3169 2307 3232 qui-

770 3247 888 3298 dam
927 3247 1209 3315 parentum
1245 3249 1565 3319 injustorum
1606 3269 1632 3304 a
1668 3256 1855 3307 rubido
1885 3270 2018 3308 caue
2066 3271 2306 3315 morsus.

769 3339 820 3390 in
850 3354 912 3392 ea
957 3341 1356 3406 exspectatione
1381 3381 1394 3401 .
1426 3351 1483 3395 ut
1505 3347 1906 3411 quamprimum
1973 3355 2306 3410 moreretur,

769 3439 886 3481 erat
923 3448 934 3482 :
969 3446 1091 3483 cum
1129 3441 1307 3485 autem
1338 3433 1413 3484 ad
1448 3436 1654 3488 Amoun
1685 3451 1807 3486 eum
1853 3436 2221 3498 adduxissent,
2255 3445 2312 3488 ut

773 3515 896 3571 eum
924 3532 1139 3574 curaret
1167 3523 1448 3591 petebant;
1483 3526 1569 3576 ille
1603 3565 1618 3588 ,
1670 3525 1785 3578 Non
1819 3543 1940 3593 ego,
1978 3527 2170 3595 inquit,
2214 3527 2307 3581 se'd

771 3627 888 3672 vos,
923 3614 1190 3679 siquidem
1244 3615 1468 3679 voletis,
1516 3631 1639 3670 eum
1675 3618 1935 3671 curabitis
1984 3635 1997 3670 :
2051 3622 2094 3672 si
2142 3622 2310 3684 enint,

772 3719 946 3770 quem
971 3704 1310 3772 surripuistis
1359 3707 1574 3768 bovem,
1603 3708 1837 3760 dominis
1881 3710 1992 3762 suis
2027 3711 2312 3765 restituere

771 3791 1073 3852 volueritis,
1108 3793 1287 3844 statim
1324 3795 1465 3846 male
1493 3798 1636 3847 onmi
1667 3811 1800 3862 puer
1828 3796 2171 3852 liberabitur.
2211 3800 2313 3854 Bos

773 3880 1017 3932 redditus
1055 3889 1158 3945 est,
1189 3891 1241 3934 et
1285 3883 1583 3949 periculum
1625 3899 1783 3941 omne
1814 3887 2095 3943 confestim
2130 3891 2313 3957 profu-

777 3972 929 4038 giens
983 3987 1207 4023 vacuum
1261 3987 1513 4026 aemmme
1563 3975 1737 4029 omnis
1789 3993 2016 4045 puerum
2075 3981 2311 4049 reliquit.

775 4062 935 4129 627
959 4062 1091 4114 Cum
1115 4073 1291 4116 autem
1316 4064 1495 4132 aliquo
1521 4074 1636 4132 post
1665 4077 1908 4133 tempore
1930 4068 2134 4122 Auioun
2159 4071 2316 4123 dece-

773 4149 969 4212 deret,
1013 4151 1249 4202 animam
1300 4153 1419 4220 ejus
1457 4153 1724 4208 Antonius
1774 4154 1973 4208 dicitur
2020 4153 2315 4211 in’ctrlum

777 4237 972 4290 deduci
1014 4238 1239 4295 vidisse.
1285 4239 1485 4292 divinis
1522 4242 1814 4295 virtutibus
1846 4258 1964 4296 eam
2008 4246 2317 4300 comitanti-

775 4329 897 4390 bus,
955 4330 1409 4394 veneratioueque
1471 4338 1526 4382 et
1580 4331 1870 4399 stipatione
1918 4334 2106 4396 multa,
2156 4344 2316 4403 atque

2410 3154 2556 3204 ἔσται
2586 3157 2612 3204 6
2646 3157 2770 3213 παῖς
2798 3153 2904 3203 τῶν
2933 3152 3142 3204 δεινῶν.
3181 3155 3288 3205 Καὶ
3311 3155 3337 3203 ό
3371 3151 3468 3219 μὲν
3500 3151 3623 3219 βοῦς
3655 3152 3953 3202 ἀπεδίδοτο·

2407 3246 2432 3293 ὁ
2461 3244 2515 3294 δὲ
2551 3244 2790 3304 κῖνδυνος
2818 3245 2992 3295 αὐτίκ’
3023 3244 3390 3311 ἑδραπέτευεν
3425 3243 3616 3310 ἐξάντη
3651 3243 3833 3294 κακῶν
3866 3243 3956 3293 τὸν

2409 3335 2571 3384 παῖδα
2609 3334 2796 3386 λιπών.
2867 3334 3018 3385 Ἐπεὶ
3070 3334 3125 3384 δὲ
3159 3335 3336 3403 χρόνῳ
3371 3333 3596 3402 ὕστερον
3625 3335 3716 3385 καὶ
3759 3334 3956 3399 Ἀμοίν

2410 3426 2681 3488 ἐτελεύτα,
2715 3427 2928 3492 λέγεται
2965 3425 3247 3477 ’Λντώνιον
3279 3427 3622 3493 ἀναγομένην
3651 3427 3748 3494 τὴν
3777 3427 3955 3495 ψυχὴν

2411 3515 2615 3565 ἐκείνου
2643 3516 2719 3582 εἴς
2737 3516 2966 3582 οὺρανδν
2995 3516 3242 3582 θεωρεῖν,
3270 3517 3582 3585 περικύκλῳ
3614 3516 3774 3568 θείων
3798 3516 3958 3568 δυνά-

2416 3625 2560 3676 μεων
2594 3608 2892 3677 ἑπομένων,
2926 3610 3018 3659 καὶ
3055 3608 3536 3678 παραπεμπόντων
3568 3609 3780 3668 ἐκείνην
3820 3608 3958 3658 αἰδοῖ

2415 3702 2502 3750 καὶ
2533 3700 2826 3768 δορυφορίᾳ
2859 3699 3050 3766 πολλῇ,
3083 3701 3174 3750 καί
3210 3716 3315 3750 τινι
3340 3700 3562 3767 ἀρρήτῳ
3603 3697 3796 3766 ,ὓμνων
3822 3697 3953 3766 ᾠδῇ’

2412 3791 2535 3848 τοὺς
2558 3789 2612 3840 δὲ
2652 3790 2777 3857 περὶ
2809 3790 2967 3840 αὑτὸν
3014 3791 3067 3839 ὲν
3100 3788 3356 3854 ἐκπλήξει
3388 3790 3476 3839 τὸν
3516 3789 3651 3855 ἀέρα
3682 3787 3957 3852 θεώμενον

2414 3883 2504 3933 καὶ
2537 3881 2621 3932 διὰ
2652 3880 2926 3948 θαύματος
2967 3879 3155 3948 ἔχοντα
3197 3879 3329 3944 πρὸς
3371 3878 3471 3947 τὴν
3496 3878 3616 3945 ὄψιν
3651 3877 3755 3928 τῶν
3787 3893 3958 3942 παρα-

2413 3971 2596 4034 δόξων,

2414 4063 2518 4112 Τὸν
2551 4061 2605 4111 δὲ
2641 4061 2714 4128 μὴ
2740 4060 3049 4127 ἀποκρύψαι
3071 4059 3173 4128 ’τὴν
3206 4058 3326 4123 ὄψιν
3348 4073 3360 4086 ·
3392 4058 3484 4110 καὶ
3514 4057 3784 4126 τάσφαλὲς
3813 4053 3959 4125 εἶχεν

2412 4157 2440 4205 6
2467 4153 2620 4218 λόγος
2641 4166 2654 4178 ο
2689 4150 2856 4202 έπειτ⁹
2889 4152 2993 4202 ἀπὸ
3023 4151 3270 4218 Σκήτεως
3323 4147 3528 4201 πολλῶν
3551 4149 3756 4200 ἐκεῖθεν
3795 4148 3956 4216 ἠκόν-

2415 4253 2541 4302 των,
2574 4239 2665 4287 καὶ
2697 4237 2784 4288 τὸν
2828 4239 3013 4305 χρόνον
3049 4237 3145 4300 τῆς
3174 4235 3373 4304 Ἀμοῦν
3417 4236 3676 4304 τελευτῆς
3708 4236 3958 4286 ἀνειπόνο

2416 4345 2524 4379 των
2544 4344 2556 4359 '
2586 4318 2722 4378 εἶναι
2759 4328 2801 4377 δ’
2830 4328 3055 4388 έκεῖνον,
3090 4327 3207 4377 καθ’
3237 4327 3296 4377 ὃν
3343 4326 3626 4385 ’Δντώνιος
3666 4326 3960 4394 ἐκπληττό-

2665 3969 3118 4021 διαπυνθάνεσθαι
3178 3969 3266 4019 τὸν
3313 3967 3605 4019 ’Λντώνιον
3634 3969 3730 4032 τὴν
3755 3969 3956 4018 αἰτίαν.

771 4419 936 4472 etiam
967 4418 1222 4472 inembili
1248 4421 1479 4488 quoiam
1515 4413 1834 4488 liymnorum
1859 4425 2098 4478 carmine
2120 4440 2317 4501 ‘prose-
2348 4431 2389 4484 ι)
2424 4435 2449 4483 μ

2277 4441 2317 4478 ε.
2348 4431 2389 4484 ι)
2424 4435 2582 4483 μενος
2609 4419 2687 4477 είς
2711 4417 2971 4485 οὐρανοὺς
2996 4417 3183 4468 εὸλεπε
3207 4432 3221 4445 ·
3254 4422 3346 4469 καὶ
3375 4418 3541 4485 ἄμφω
3562 4418 3616 4469 δὲ
3649 4417 3829 4485 ἠξίουν
3855 4433 3955 4483 μα-

771 4509 1086 4574 queutibus.
1128 4508 1192 4561 Et
1236 4524 1378 4570 cum,
1412 4508 1504 4576 qui
1542 4519 1654 4561 tum
1694 4524 1812 4562 cum
1863 4513 2096 4566 Antonio
2142 4516 2316 4578 crint,

774 4613 868 4664 per
896 4589 1386 4651 consternationem
1439 4600 1491 4653 in
1540 4615 1721 4653 aerem
1757 4602 2107 4669 suspiciente.
2139 4613 2194 4657 et
2239 4604 2317 4658 rei

777 4697 935 4742 tantae
956 4689 1146 4743 faciem
1168 4689 1489 4751 admirante,
1512 4704 1726 4744 causam
1753 4690 1820 4742 ab
1843 4705 1909 4744 eo
1933 4692 2272 4759 requirerent
2300 4728 2316 4755 ,

777 4776 866 4827 ille
907 4776 1078 4827 visum
1117 4776 1167 4828 id
1220 4777 1638 4846 haudquaquam
1689 4778 1959 4831 occultum
2002 4779 2211 4840 habuit.
2253 4781 2322 4834 Et

777 4869 939 4919 verba
967 4868 1085 4936 «jus
1108 4883 1161 4919 re
1187 4868 1300 4935 ipsa
1332 4878 1458 4920 sunt
1484 4869 1819 4922 conﬁrmata.
1854 4853 2143 4932 Postquam
2175 4870 2320 4923 enim

777 4971 806 5011 a
841 4957 986 5009 Sceti
1025 4957 1178 5009 multi
1214 4972 1437 5022 venere,
1466 4967 1522 5012 et
1552 4969 1764 5029 tempus
1789 4961 1972 5014 obitus
2002 4959 2214 5013 Amoun
2244 4952 2323 5012 in-

778 5050 1045 5110 dicavere,
1093 5046 1222 5100 illud
1273 5050 1450 5115 ipsum
1496 5059 1715 5118 tempus
1760 5065 1880 5105 esse
1927 5061 2320 5120 cognoverunt,

780 5151 901 5189 cum
924 5138 1189 5209 Antonius
1216 5145 1434 5204 stupore
1459 5150 1737 5208 correptus
1764 5141 1816 5194 in
1846 5143 2018 5196 caalos
2045 5144 2318 5212 suspexit;

783 5238 838 5279 et
869 5238 1153 5296 utrumque
1186 5243 1313 5281 sane
1356 5230 1553 5284 merito
1585 5233 1798 5286 beatum
1832 5221 2144 5299 habendum
2171 5235 2332 5288 dixe-’

789 5327 912 5369 runt
954 5334 968 5370 :
1013 5321 1222 5372 Amoun
1270 5318 1699 5388 quidem,'quod
1740 5329 1819 5375 slc
1854 5338 1884 5375 e
1919 5324 2025 5377 vita
2073 5327 2321 5392 praesenti

789 5407 1088 5462 subductus
1117 5420 1258 5464 esset
1296 5453 1309 5474 ,
1341 5411 1638 5464 Antonium
1672 5426 1820 5474 vero,
1850 5415 1992 5480 quod
2034 5430 2156 5468 eum
2182 5416 2324 5474 Deus

789 5499 996 5551 visione
1046 5515 1106 5553 ea
1159 5503 1409 5569 dignatus
1462 5511 1605 5555 esset
1661 5520 1672 5554 :
1731 5519 1853 5555 cum
1906 5505 2123 5570 quidem
2184 5508 2323 5562 inter

796 5589 1076 5658 utriusque
1104 5590 1447 5647 liabitatiOnis
1474 5593 1672 5652 locum.
1698 5609 1948 5662 maguum
1985 5595 2321 5649 intervallum

790 5687 956 5747 atque
983 5679 1191 5738 dictum
1218 5682 1420 5750 aliquot
1461 5683 1814 5759 intercederet
1853 5695 1972 5738 iter.
2008 5687 2179 5752 Atque
2213 5688 2324 5740 iure
2364 5687 2369 5693 ’

2422 4505 2690 4574 καρισμοῦ
2716 4525 2729 4538 ο
2761 4507 2851 4556 τὸν
2883 4506 2980 4576 μὶν
3013 4506 3185 4580 οὕτως
3221 4507 3330 4556 τῶν
3371 4507 3655 4574 παρόντων
3710 4506 3957 4558 ἀπαλλα·

2419 4597 2604 4661 γέντα,
2635 4594 2917 4658 ⁹Αντώνιος
2963 4595 3007 4647 δ’
3052 4597 3131 4646 ὃτι
3164 4595 3430 4664 τοσαύτης
3469 4596 3640 4663 ὅψεως
3665 4595 3861 4662 ἠξίωτο
3895 4597 3959 4645 ἐκ

2418 4685 2588 4737 Θεοῦο
2634 4685 2829 4736 πολλοῦ
2857 4685 3221 4754 διαστήματος
3276 4685 3497 4755 ἡμερῶν
3543 4685 3662 4738 ὁδοῦ
3700 4686 3776 4754 τῷ
3807 4689 3960 4754 μέσῳ

2420 4773 2567 4841 τόπῳ
2593 4774 2691 4840 τῆς
2755 4773 3035 4843 διατριϐῆς
3074 4775 3350 4841 ἑκατέρων
3386 4774 3556 4836 ὄντος.
3622 4774 3730 4826 Καὶ
3755 4777 3821 4826 τὰ
3865 4755 3963 4839 μέν

2421 4867 2549 4933 περὶ
2579 4863 2866 4918 Ἀντωνίου
2894 4865 2985 4916 καὶ
3016 4864 3217 4934 ’Δμοῦν
3250 4860 3350 4918 ὧδε
3383 4865 3678 4934 ἱστόρηται.
3717 4864 3870 4916 Κατὰ
3905 4865 3962 4916 δὴ

2421 4955 2510 5008 τὸν
2536 4958 2695 5008 αὑτὸν
2727 4958 2936 5026 χρόνον,
2968 4958 3058 5008 καὶ
3087 4959 3186 5011 άνὰ
3210 4958 3305 5009 τὸν
3337 4958 3435 5025 τῆς
3456 4955 3725 5015 Βιθυνίας
3754 4955 3963 5020 Ὀλυμο

2424 5060 2524 5095 πον
2559 5044 2881 5112 Εὐτυχιανὸζ
2943 5047 3146 5109 ἐκεῖνος
3178 5047 3274 5105 τὰς
3304 5042 3588 5112 διατριϐὰς
3640 5041 3964 5110 ποιούμενο,
3993 5086 3996 5090 .

2424 5132 2727 5202 φιλοσοφῶν
2779 5130 2874 5203 ἦν’
2916 5136 3063 5198 θείας
3110 5138 3216 5206 γὰρ
3266 5136 3488 5212 χάριτος
3537 5135 3600 5185 ὲκ
3632 5136 3728 5201 τῆς
3762 5131 3965 5201 ἀρετῆς

2426 5213 2826 5294 μετασχὼν,ῶς
2860 5229 2953 5278 καὶ
2983 5228 3277 5296 θαυμάτων
3307 5227 3402 5278 καὶ
3427 5225 3669 5293 τεράτων
3696 5214 3967 5274 πλείστων

2424 5318 2723 5380 αὐτουργὸν
2785 5318 3038 5385 γενέσθαι
3091 5317 3314 5382 πολλῶν;
3373 5316 3560 5377 νόσους
3591 5314 3699 5365 τῶν
3730 5314 3966 5364 ἀνιάτων

2427 5411 2562 5466 ίᾶτο.
2600 5407 2674 5460 Δι’
2700 5407 2735 5460 ὃ.
2759 5408 2849 5460 καὶ
2881 5408 3272 5477 Κωνσταντίνῳ
3307 5403 3515 5477 βασιλεῖ
3548 5407 3747 5475 σπουδὴ
3776 5408 3964 5471 γέγινε

2426 5501 2578 5564 φίλον
2618 5501 2823 5549 ἐκεῖνον
2857 5499 2949 5549 καὶ
3010 5499 3211 5567 συνήθη
3249 5501 3453 5550 ποιεῖν.
3516 5499 3653 5548 Κατ’
3698 5500 3874 5547 ὲκεῖνυ
3910 5501 3965 5548 ὀὶ

2426 5595 2614 5660 καιροῦ
2644 5592 2749 5643 τῶν
2778 5608 2858 5650 τις
2892 5590 3180 5658 βασιλικῶν
3203 5593 3534 5660 δορυφόρων,
3563 5590 3793 5656 ύποψέαν
3825 5595 3966 5654 σχὼν

2425 5687 2493 5745 ὡς
2525 5687 2608 5750 εἰη
2655 5685 2944 5748 τυραννικὰ
3001 5684 3179 5750 φρονῶ
3217 5708 3236 5747 ,η
3283 5685 3387 5749 περ
3423 5697 3541 5731 -που
3567 5686 3656 5732 τὸν
3686 5684 3969 5750 Ὄλυμπον
