4280 6436
262 403 376 473 933

1202 420 1804 485 ECCLESIASTICIE
1846 426 2232 492 HISTORIA!
2274 437 2413 495 LIB.
2459 438 2558 500 IX.

3400 449 3506 513 234

254 542 368 593 μης
424 526 759 592 ἐπίσκοπος,
806 527 1024 591 Ἰοόλιος
1082 529 1236 595 οὗτος
1290 527 1393 604 ἦν,
1451 534 1815 605 διαδεξάμενος

1857 542 1910 602 Α
1933 538 2136 598 faceret
2172 562 2185 599 :
2220 546 2382 602 sicuti
2412 556 2595 613 antea,
2621 564 2743 606 cum
2779 552 2987 609 invitus
3019 554 3182 611 etiam
3215 558 3502 620 Athanasii

247 615 595 685 Σίλσεστρον,
624 621 691 687 τῇ
722 620 928 687 συνόδῳ
954 622 1352 693 ἐπεχωρίασεν,
1378 624 1502 680 οὔτε
1527 627 1595 680 δι’
1618 627 1834 693 ἐαυτοῦ,

241 704 376 759 οὗτε
411 708 520 775 μὴν
546 708 635 761 διά
661 727 804 773 τινος
834 710 928 764 τὸν
953 712 1165 767 ἐκείνου
1190 715 1357 770 τόπον
1383 719 1675 788 ἐπέχοντος
1700 736 1713 750 ⁸
1744 722 1837 774 καὶ

245 798 424 851 ταῦτα
458 800 684 864 κανόνος
716 802 1067 868 θεσπίζοντος
1097 805 1582 876 ἐκκλησιαστικοῦ,
1620 809 1696 881 μὴ
1726 810 1836 863 δεῖν

244 886 390 943 εἶναι
418 893 645 963 γνώμης
674 895 803 948 ἀνευ
834 896 927 949 τοῦ
965 897 1254 966 Ῥωμαίων
1279 901 1586 971 ἡγουμένου
1614 903 1715 967 τὰς
1746 906 1839 957 ἐκ·

244 981 481 1048 κλησίας
516 984 811 1047 συνοδικῶς
845 987 1248 1050 κανονίζεσθαι.
1289 990 1429 1044 Ἀλλ’
1452 992 1573 1047 οὐδὲ
1600 995 1713 1047 τῶν
1744 996 1837 1049 ἀλ-

242 1071 357 1124 λων
393 1073 612 1127 Ἰταλῶν
640 1075 673 1143 ἢ
704 1075 815 1129 τῶν
841 1078 1422 1151 ἐπέκεινα.Ῥωμαίων
1447 1085 1624 1147 οὐδεὶς
1654 1088 1832 1141 ἐκεῖσε

243 1162 506 1229 συνῆλθε.
545 1164 799 1233 Πέμπτον
831 1166 994 1220 τοῦτο
1035 1165 1103 1239 ἦν
1137 1170 1247 1224 ἀπὸ
1278 1173 1377 1241 τῆς
1421 1175 1833 1233 Κωνσταντίνου

239 1252 507 1321 τελευτῆς
539 1254 679 1320 ἐτος,
711 1258 807 1309 καὶ
832 1259 865 1327 ἡ
899 1258 1121 1324 σύνοδος
1145 1261 1241 1316 τοῦ
1272 1263 1538 1332 βασιλέως
1566 1270 1835 1337 παρόντος

242 1351 652 1416 συνεκροτεῖτο.
692 1349 955 1420 ᾙτιῶντο
984 1352 1042 1406 δέ
1067 1355 1116 1406 οἰ
1149 1356 1281 1424 περὶ.
1310 1356 1573 1413 Εὑσέόιον
1608 1360 1834 1416 Ἀθανά-

238 1450 392 1498 σιον,
430 1436 507 1500 ὡς
551 1441 789 1508 θεσμοὺς
828 1442 1323 1513 ἐκκλησιαστικοὺς
1363 1451 1656 1520 παραλύοι.
1697 1455 1833 1523 Πρὶν

234 1526 353 1597 γὰρ
406 1530 741 1603 ἐπιτραπείη
799 1535 1125 1600 συνοδικῶς,
1179 1538 1271 1591 τὸν
1322 1539 1514 1610 θρόνον
1564 1543 1828 1598 ἀνέλαϐε·

236 1618 461 1681 πολλοῖς
495 1620 553 1673 δέ
586 1622 681 1674 καὶ
716 1622 951 1679 θάνατον
984 1627 1321 1699 προξενῆσαι
1341 1672 1358 1699 ,
1396 1634 1637 1697 στάσεως
1672 1638 1731 1689 ἐν
1764 1640 1828 1708 τῇ

233 1711 438 1780 εἰσόδῳ
471 1713 772 1783 γενομένης
805 1717 976 1770 αὐτοῦ
1000 1733 1017 1750 ο
1047 1714 1124 1772 ῶν
1153 1721 1202 1772 οἰ
1237 1721 1338 1789 μέν
1369 1724 1745 1798 ἀνῃρέθησαν,
1779 1730 1829 1781 οἰ

231 1802 281 1855 δ’
320 1800 698 1873 ἐζημίοινται,
753 1807 1044 1879 δικαστικῇ
1105 1809 1351 1875 ἐξετάσει
1406 1816 1826 1885 παραδοθέντες.

232 1891 453 1961 Πόλλῆς
486 1893 542 1947 δὲ
579 1895 688 1949 καὶ·
710 1895 882 1966 ἄλλης
919 1877 1042 1953 κατἑ
1084 1900 1403 1956 Ἀθανασίου
1437 1877 1828 1978 ἐέυφανθείσης
1856 1877 1904 1937 Β

230 1983 531 2051 διαϐολῆς,
563 1986 785 2056 πρῶτον
813 1989 917 2058 μὲν
943 1990 1235 2056 Εὐσέϐιον,
1267 1993 1325 2057 δς
1354 1995 1631 2066 ἐπεκλήθη
1668 1998 1830 2067 Ἐμε-

233 2077 426 2146 σηνδς,
451 2079 529 2140 εἰς
556 2079 655 2149 τὴν
680 2079 1034 2153 Ἀλεξάνδρου
1057 2082 1412 2153 ψηφίζονται,
1434 2089 1562 2157 περὶ
1587 2087 1647 2141 οῦ
1675 2087 1830 2141 ὓστε-

231 2184 333 2236 ρον
366 2168 605 2238 ἐροῦμεν
630 2185 645 2200 ο
682 2171 966 2237 δείσαντος
1003 2174 1047 2228 δ’
1074 2178 1288 2231 ἐκείνου
1323 2180 1423 2247 τὴν
1456 2180 1535 2242 είς
1573 2179 1824 2244 Ἀλεξάν-

229 2258 429 2328 τρειαν
463 2261 677 2329 ἄφιξιν,
714 2264 1020 2337 Γρηγόριον
1055 2266 1409 2339 ἐψηφίσαντο.
1451 2267 1583 2325 Εἶτα
1615 2272 1694 2336 εἰς
1726 2272 1826 2342 τὴν

227 2351 328 2404 τοῦ
362 2351 634 2421 δόγματος
666 2355 901 2425 ζήτησιν
934 2358 1182 2422 ἐλθόντες
1201 2397 1218 2424 ,
1248 2361 1401 2414 οὐδέν
1432 2357 1576 2433 εἰχον
1606 2363 1827 2433 μέμψα-

227 2442 363 2497 σθαι
393 2443 506 2497 τῶν
536 2447 595 2497 ἐν
624 2446 832 2518 Νικαίᾳ
864 2452 1224 2519 πραχθέντων
1252 2470 1264 2483 ·
1294 2452 1475 2525 χώραν
1504 2472 1568 2523 γε
1602 2458 1709 2527 μὴν
1738 2458 1824 2510 δε-

226 2534 446 2589 δώκασι
490 2538 707 2601 πυκνὰς
752 2541 1006 2605 συνόδους
1048 2546 1252 2607 ποιεῖν,
1296 2549 1390 2599 καὶ
1430 2547 1625 2610 ἀλλους
1664 2550 1824 2619 ὅρους

226 2628 475 2688 πίστεως
501 2629 793 2699 ἀγορεύειν
813 2648 827 2662 ·
857 2633 932 2697 ὡς
958 2637 1024 2704 τῇ
1054 2636 1199 2689 κατά
1240 2641 1438 2705 μικρὸν
1476 2641 1824 2713 ὑπεξαλλαγῇ

221 2719 418 2787 ἠρέμα
468 2721 550 2783 εἰς
599 2721 694 2774 τὸν
733 2723 1076 2791 ’Δρειανικὸν
1124 2725 1286 2794 βυθὸν
1335 2729 1622 2799 ἐμπεσεῖν.
1664 2732 1825 2786 Ἀλλά

222 2806 408 2859 ταῦτα
448 2808 549 2876 μὲν
580 2809 730 2873 ὅπως
762 2811 1011 2878 ἐγένετο,
1046 2813 1382 2883 σαφέστερον
1417 2817 1448 2886 η
1483 2818 1695 2889 ἱστορίᾳ
1725 2820 1822 2891 δη·

223 2896 395 2950 λώσει
424 2915 438 2928 σ
490 2898 527 2952 ἀ
578 2903 624 2953 δ’
649 2900 897 2970 ἔγραψαν
945 2906 1058 2967 τοῖς
1111 2906 1252 2959 κατὰ
1302 2906 1454 2961 πόλιν
1500 2910 1823 2975 ἐπισκόποις

228 2984 372 3058 ἦσαν
403 2990 580 3043 ταῦτα
603 3007 617 3021 ο
654 3008 673 3043 t
717 2991 916 3062 Ἡμεῖς
944 2995 1068 3047 οὔτε
1102 2996 1389 3050 ἀκόλουθοι
1418 2998 1630 3069 Ἀρείου
1663 3002 1821 3069 γεγόο

220 3098 445 3150 ναμεν·
502 3083 620 3148 πῶς
668 3086 780 3155 γὰρ
830 3087 1119 3140 ἐπίσκοποι
1173 3088 1326 3151 ὄντες
1379 3090 1820 3163 ἀκολουθήσαμεν

220 3174 625 3245 πρεσϐυτέρως
667 3177 794 3230 οὔτε
834 3178 1002 3249 ἀλλην
1036 3179 1163 3233 τινά
1202 3181 1387 3234 πίστιν
1430 3183 1580 3252 πειρά
1621 3184 1721 3251 τὴν
1759 3184 1821 3249 ἐξ

216 3263 408 3336 ἀρχῆς
446 3268 771 3322 ἐκτεθεῖσαν
805 3269 1132 3338 ἐδεξάμεθα.
1174 3272 1338 3327 Ἀλλά
1373 3274 1465 3327 καὶ
1500 3274 1659 3345 ἡμεῖς
1694 3275 1814 3341 ἐξε-

216 3361 427 3412 τασταὶ
457 3362 554 3412 καὶ
581 3362 908 3431 δοκιμασταί
929 3364 1028 3433 τῆς
1055 3364 1295 3429 πίστεως
1320 3366 1487 3419 αὑτοῦ
1513 3367 1815 3437 γενόμενοι,

219 3449 433 3517 μᾶλλον
478 3450 642 3503 αὑτὸν
686 3455 1108 3523 προσηκάμεθα,
1151 3456 1299 3527 ἥπερ
1340 3458 1815 3530 ἡκολουθήσαμεν.

215 3542 331 3593 Καὶ
380 3540 660 3608 γνώσεσθε
706 3545 816 3598 dmi;
860 3546 966 3599 τῶν
1011 3545 1362 3615 λεγομένων*
1414 3552 1817 3623 μεμαθήκαμεν

212 3636 328 3702 γὰρ
361 3633 423 3696 ἐξ
455 3634 655 3703 ἀρχῆς,
682 3637 763 3699 εἰς
795 3637 892 3691 ἕνα
922 3637 1055 3691 Θεὸν
1088 3641 1182 3692 τὸν
1209 3644 1319 3695 τῶν
1348 3643 1485 3702 ὅλων
1516 3645 1812 3708 πιστεύειν,

212 3727 309 3777 τὸν
344 3726 574 3779 πάντων
609 3726 819 3796 νοητῶν
848 3745 909 3781 τε
946 3733 1040 3785 καὶ
1076 3732 1354 3801 αἰσθητῶν
1385 3734 1717 3805 δημιουργόν
1752 3754 1813 3789 τε

210 3820 313 3872 καὶ
358 3822 676 3890 προνοητην
703 3835 716 3849 ⁸
763 3820 861 3873 καὶ
904 3823 984 3886 είς
1026 3824 1122 3877 ἕνα
1169 3825 1298 3879 Υἰὺν
1334 3827 1431 3878 τοῦ
1476 3827 1611 3879 Θεοῦ
1661 3844 1817 3896 μόνοι

211 3910 380 3978 γενῆ,
412 3912 521 3979 πρὸ
557 3913 774 3965 πάντων
803 3913 911 3967 τῶν
946 3916 1160 3972 αἰώνων
1192 3920 1529 3991 ὑπάρχοντα,
1561 3925 1654 3976 καὶ
1688 3941 1815 3978 συν-

208 4002 349 4055 όντα
395 4002 477 4073 τῷ
529 4007 885 4075 γεγεννηκότι
934 4009 1100 4062 αὐτοῦ
1149 4011 1346 4084 Πατρὶ,
1393 4013 1461 4067 δι’
1505 4010 1566 4069 οὗ
1608 4020 1703 4072 καὶ
1746 4021 1814 4074 τά

210 4096 401 4147 πάντα
427 4096 647 4160 ἐγένετο
671 4098 740 4149 τὰ
760 4099 937 4167 ὁρατά
959 4102 1053 4155 καὶ
1076 4102 1284 4173 ἀόρατα
1306 4121 1320 4135 ·
1345 4108 1438 4160 τὸν
1459 4109 1548 4161 ἐπ’
1565 4111 1810 4180 ἐσχάτων

208 4182 326 4235 τῶν
366 4184 597 4253 ἡμερῶν
635 4186 761 4238 κατ’
784 4188 1037 4242 εὐδοκίαν
1070 4193 1165 4244 τοῦ
1207 4195 1419 4264 Πατρὸς
1454 4200 1807 4266 κατελθόντα,

209 4276 311 4327 καὶ
375 4276 563 4345 σάρκα
619 4281 681 4330 ἐκ
734 4284 836 4350 τῆς
892 4282 1053 4350 ἁγίας
1107 4286 1384 4358 Παρθένου
1436 4292 1809 4363 ἀνειληφότα,

209 4370 308 4422 καὶ
346 4370 531 4422 πᾶσαν
558 4372 661 4441 τὴν
694 4376 973 4445 πατρικὴν
1001 4377 1166 4429 αὑτοῦ
1202 4378 1399 4449 βουλὴν
1428 4386 1809 4452 συνεκπεπλη-

207 4459 437 4524 ρωκότα
467 4475 482 4489 ·
518 4462 848 4514 πεπονθέναι
880 4481 939 4516 τε
974 4467 1070 4517 καὶ
1099 4467 1398 4537 ἐγηγέρθαι
1427 4486 1442 4501 ο
1475 4474 1571 4525 καὶ
1605 4476 1685 4535 εἰς
1716 4476 1807 4528 οὐ-

1937 639 2378 695 exauctoratloni
2436 641 2779 712 subscripsit.
2808 645 2912 700 Sed
2980 663 3159 718 neque
3218 651 3501 708 Romanus

1937 725 2229 796 episcopus
2284 730 2496 794 Julius.
2562 734 2823 805 Sylvcstri
2881 754 3204 807 successor,
3260 745 3347 799 vel
3405 763 3503 816 per

1938 815 2218 886 seipsum,
2256 822 2341 876 vel
2377 838 2474 892 per
2501 827 2814 896 quempiam
2844 830 2933 898 qui
2976 833 3159 889 locum
3194 836 3316 907 ejus
3359 815 3503 893 obti-

1936 916 2114 969 neret.
2146 913 2357 982 synodo
2397 915 2449 970 ei
2483 916 2774 974 interfuit:
2808 936 2931 975 cum
2973 926 3195 994 qnidem
3239 931 3502 986 ecclesia—

1937 999 2074 1055 stico
2102 1016 2310 1060 canone
2354 1010 2625 1063 sancitum
2662 1012 2770 1078 sit,
2808 1030 2917 1068 non
2948 1027 3204 1086 oportere
3233 1022 3503 1079 ecclesias

1936 1090 2073 1147 citra
2102 1092 2335 1150 Romani
2359 1099 2602 1169 episcopi
2637 1107 2967 1161 sententiam
3002 1109 3056 1162 in
3088 1112 3313 1182 synodis
3342 1116 3503 1184 quiil-

1935 1195 2098 1248 quam
2127 1192 2389 1243 statuere.
2424 1189 2503 1243 Ex
2528 1190 2680 1271 Italia
2713 1186 2933 1265 quoque
2964 1197 3080 1267 ipsa
3109 1210 3166 1255 et
3196 1204 3502 1271 provinciis

1936 1270 2296 1329 ulterioribus
2329 1292 2491 1333 nemo
2527 1266 2807 1339 Romanus
2830 1299 2897 1339 eo
2921 1266 3089 1342 venit.
3118 1266 3356 1356 Quintus
3375 1301 3499 1372 tum

1935 1375 1964 1416 a
2003 1362 2353 1423 Constantini
2388 1370 2544 1426 obitu
2578 1388 2758 1431 annus
2791 1388 2934 1443 erat,
2965 1389 3020 1433 et
3054 1383 3296 1452 synodus
3328 1362 3503 1455 impe.

1937 1460 2118 1506 ratore
2148 1466 2420 1519 praesente
2463 1461 2750 1529 agebatur.
2797 1466 3091 1525 Eusebiani
3138 1471 3500 1531 Athanasium

1934 1554 2294 1611 accusarunt,
2323 1550 2467 1619 quod
2523 1555 2839 1613 sanctiones
2880 1560 3286 1619 ecclesiasticas
3323 1579 3501 1625 trans-

1932 1646 2156 1703 gressus
2203 1652 2377 1707 esset,
2421 1645 2577 1714 prius
2612 1649 2828 1706 scilicet
2874 1653 3131 1710 thronum
3175 1674 3300 1715 eum
3352 1678 3506 1717 rece-

1933 1726 2106 1795 pisse,
2147 1745 2312 1800 quam
2343 1735 2393 1789 ei
2436 1751 2466 1789 a
2504 1740 2753 1809 synodali
2799 1746 3183 1817 episcOporum
3226 1765 3503 1809 conventu

1932 1816 1985 1869 id
2020 1822 2345 1887 permissqu
2377 1839 2559 1895 esset,
2594 1816 2999 1893 asseverantes.
3032 1839 3101 1893 Et
3131 1843 3277 1910 quod
3316 1848 3505 1902 multis

1932 1920 2201 1976 praterea
2237 1917 2433 1973 mortis
2466 1935 2629 1976 causa
2660 1924 2989 1993 exstitisset,
3028 1933 3300 1989 seditione
3332 1937 3384 1991 in
3421 1939 3504 1994 in-

1929 2003 2125 2069 g'ressu
2156 2006 2277 2076 ejus
2301 2018 2487 2064 coorta
2514 2029 2528 2066 :
2558 2013 2610 2067 in
2642 2031 2747 2083 qua
2779 2022 3029 2075 nonnulli
3061 2026 3209 2090 caesi,
3243 2032 3498 2086 nonnulli

1923 2093 2171 2162 judieum
2205 2105 2496 2169 quaestioni
2528 2109 2739 2172 traditi,
2770 2115 3002 2180 pecunia
3038 2118 3252 2174 multati
3287 2134 3501 2179 essent.

1931 2184 2115 2242 Multis
2142 2189 2367 2261 insuper
2385 2196 2508 2251 aliis
2535 2198 2826 2256 calumniis
2852 2204 2906 2258 in
2929 2206 3287 2265 Athanasium
3316 2218 3499 2279 textis,

1934 2278 2176 2345 primum
2223 2283 2542 2351 Eusebium,
2593 2293 2686 2360 qui
2736 2292 3035 2355 Emesenus
3080 2306 3503 2373 cognominatus

1930 2378 2046 2435 est,
2096 2370 2438 2434 Alexandria:
2486 2384 2789 2440 antistitem
2833 2370 3221 2461 designarunt,
3275 2396 3343 2451 de
3386 2415 3496 2468 quo

1931 2475 2118 2530 postea
2164 2467 2433 2526 dicemus.
2482 2474 2561 2529 Eo
2601 2492 2732 2532 vero
2773 2481 3154 2540 Alexandriam
3191 2490 3344 2545 adire
3382 2467 3497 2548 me-

1935 2563 2144 2621 tuente,
2177 2557 2501 2630 Gregorium
2531 2569 2805 2641 suffragiis
2840 2576 2954 2629 suis
2982 2578 3252 2649 delegere.
3290 2586 3497 2641 Deinde

1929 2651 2233 2715 quaestione
2283 2654 2351 2708 de
2401 2657 2655 2715 doctrina
2707 2674 2851 2720 mota
2882 2709 2896 2732 ,
2931 2669 3069 2725 nihil
3128 2675 3201 2729 illi
3251 2679 3496 2746 quidem,

1932 2741 2080 2808 quod
2117 2744 2169 2797 in
2216 2746 2451 2805 Nicamis
2481 2754 2619 2809 actis
2654 2760 3161 2831 reprehenderent,
3215 2741 3493 2829 habuere:

1926 2838 2397 2901 opportunitatem
2454 2852 2635 2900 tamen
2677 2848 2900 2905 crebras
2951 2856 3190 2923 synodos
3240 2864 3497 2933 c0gendi,

1931 2924 2177 2995 aliasque
2213 2928 2341 2985 ﬁdei
2373 2932 2641 2991 formulas
2667 2943 3050 3012 promulgandi
3094 2924 3399 3017 praebuere,
3438 2924 3498 3011 ut

1929 3015 2037 3069 alia
2080 3028 2244 3089 atque
2290 3022 2396 3077 alia
2435 3026 2671 3082 subinde
2714 3034 3017 3091 mutatione
3061 3015 3399 3109 pedetentim
3439 3050 3493 3106 in

1925 3109 2195 3178 gurgitem
2244 3113 2574 3173 Arianorum
2624 3123 2872 3181 homines
2901 3128 3315 3192 delaberentur.
3367 3141 3493 3198 llaec

1846 3219 1889 3278 ο
1924 3201 2387 3267 quemadmodum
2418 3214 2810 3278 processerint,
2841 3223 3086 3285 apertius
3118 3223 3347 3285 historia
3378 3233 3493 3300 ipsa

1920 3291 2207 3349 indicabit.
2247 3296 2379 3363 Quae
2408 3310 2589 3354 autem
2622 3305 2685 3358 ad
2725 3308 2942 3363 urbium
2973 3315 3261 3387 episcopos
3292 3291 3495 3390 passim

1917 3387 2213 3455 scripsere,
2245 3389 2361 3445 haec
2396 3390 2592 3448 fuere:
2634 3414 2653 3446 ι
2690 3395 2803 3453 Nos
2836 3416 3013 3471 neque
3042 3407 3155 3463 Arii
3193 3387 3498 3476 sectatores

1920 3476 2126 3533 fuimus
2173 3479 2497 3550 (quomodo
2581 3489 2728 3543 enim
2808 3496 3050 3567 episcOpi
3109 3505 3491 3578 presbyterum

1916 3577 2447 3645 consectaremurl),
2501 3595 2676 3650 neque
2718 3585 2877 3640 aliam
2930 3596 3242 3663 quampiam
3284 3577 3492 3666 iidem,

1918 3674 2279 3733 praeterquam
2309 3683 2433 3735 quae
2460 3672 2528 3725 ab
2559 3672 2720 3727 initio
2747 3664 3087 3752 promulgata
3120 3699 3227 3752 est,
3264 3698 3488 3765 recepi-

1917 3769 2060 3808 mus.
2104 3754 2209 3811 Sed
2255 3773 2487 3817 excussa
2529 3767 2924 3841 explorataque
2973 3776 3093 3846 ejus
3146 3780 3283 3847 fide,
3334 3754 3489 3844 illnm

1915 3850 2101 3915 potius
2138 3853 2481 3920 recepimus,
2531 3872 2695 3926 quam
2739 3865 2915 3919 secuti
2965 3884 3177 3927 sumus.
3234 3876 3290 3929 ld
3343 3884 3490 3949 quod

1913 3953 1978 3992 ex
2015 3940 2198 3996 verbis
2233 3945 2437 4000 nostris
2484 3954 2851 4017 cognoscetis.
2906 3957 3207 4018 Didicimus
3252 3985 3490 4041 namque

1913 4027 1982 4081 ab
2014 4030 2206 4096 initio,
2252 4036 2484 4091 credere
2536 4040 2588 4092 in
2647 4058 2818 4097 unum
2872 4064 3054 4105 rerum
3105 4055 3487 4116 universarum

1915 4117 2106 4187 Deum,
2133 4126 2380 4179 etnnium
2408 4129 2837 4202 intelligihilium
2867 4139 3027 4195 simul
3054 4153 3105 4197 et
3138 4151 3485 4207 sensibilium

1911 4212 2255 4269 conditorem
2284 4227 2340 4271 et
2372 4222 2730 4291 provisorem.
2764 4228 2932 4300 630
2968 4232 3036 4287 Et
3088 4236 3140 4291 in
3189 4255 3356 4296 unum
3400 4246 3492 4299 Fi-

1909 4298 2045 4353 lium
2104 4303 2198 4358 Dei
2262 4309 2642 4379 unigenitum,
2708 4320 2802 4385 qui
2860 4332 2988 4376 aute
3044 4330 3227 4383 omnia
3285 4339 3484 4390 saecula

1908 4405 2117 4461 exstat,
2154 4405 2210 4449 ct
2246 4399 2408 4454 simul
2452 4406 2665 4460 exsistit
2693 4423 2817 4463 cum
2866 4426 2935 4466 eo
2980 4418 3073 4484 qui
3120 4435 3246 4475 eum
3297 4429 3488 4494 genuit

1908 4482 2107 4538 Patre:
2146 4502 2246 4555 per
2279 4504 2443 4558 quem
2473 4498 2655 4553 omnia
2689 4497 2830 4554 facta
2864 4482 3015 4570 sunt,
3059 4482 3481 4587 visibiliavjusta

209 4553 417 4619 ρανοὺς
451 4552 846 4621 ἀνεληλυθέναι
871 4571 885 4585 ο
919 4556 1015 4608 καὶ
1050 4559 1108 4610 ἐν
1141 4558 1289 4629 δεξιᾷ
1324 4561 1415 4614 τοῦ
1453 4563 1669 4635 Πατρός
1704 4585 1803 4621 κα-

209 4643 469 4677 Γιένεκηηι
496 4660 511 4673 υ
539 4648 629 4677 νηὶ
662 4649 956 4677 ἐληλυρυλ..
981 4652 1162 4677 μίση...
1197 4651 1405 4677 γ.’...-..-
1428 4656 1516 4677 --_\
1544 4673 1669 4677 μμ--
1688 4658 1734 4677 κνο
1794 4676 1801 4677 ,

1846 4565 1882 4623 D
1913 4583 1967 4629 et
2002 4552 2316 4635 invisibilia.
2352 4584 2453 4649 Qui
2505 4552 3015 4650 extretnisvdiebus'
3038 4598 3193 4666 juxta
3225 4552 3485 4677 benepla-

205 4643 475 4707 θέζεσθαι
496 4660 511 4673 ·
539 4648 634 4698 καὶ
660 4649 956 4716 ἐρχόμενον
981 4652 1166 4716 κρῖναι
1193 4651 1405 4717 ζῶντας
1428 4656 1522 4707 καὶ
1544 4658 1769 4727 νεκρούς
1789 4676 1805 4692 ο

204 4738 300 4788 καὶ
345 4736 679 4805 διαμένοντα
720 4737 950 4807 βασιλέα
993 4742 1086 4794 καὶ
1127 4743 1261 4798 Θεὸν
1300 4746 1378 4807 εἰς
1419 4750 1545 4810 τοὺς
1585 4750 1804 4814 αἰῶνας.

206 4828 557 4897 Πιστεύομεν
586 4830 681 4882 καὶ
711 4832 791 4892 εἰς
812 4832 871 4883 τὸ
902 4832 1057 4900 ἅγιον
1089 4835 1334 4906 Πνεῦμα.
1365 4838 1425 4891 Εἰ
1447 4839 1503 4893 δὲ
1524 4841 1605 4892 δεῖ
1634 4860 1805 4913 προσ.

202 4920 425 4982 θεῖναι.
481 4922 820 4993 πιστεύομεν
871 4926 964 4977 καὶ
1016 4929 1145 4997 περὶ
1199 4929 1404 4998 σαρκὸς
1452 4933 1804 4998 ἀναστάσεως

200 5011 298 5064 καὶ
333 5012 488 5082 ζωῆς
523 5014 771 5069 αἰωνίου.
811 5032 831 5065 ι
870 5016 1056 5069 Ταῦτα
1090 5020 1310 5089 πρῶτον
1344 5023 1654 5091 γράψαντες
1692 5031 1805 5088 τοῖς

199 5104 538 5167 ἐπισκόποις
571 5107 940 5172 ἀπέστειλαν,
972 5114 1538 5183 παρασιωπήσαντες,
1577 5119 1805 5187 πότερον

200 5199 482 5262 συναῖδιός
513 5202 664 5253 ἐστιν
688 5202 721 5271 ἢ
749 5204 1040 5272 όμοούσιος
1065 5205 1141 5274 τῷ
1172 5207 1347 5279 Πατρὶ
1365 5249 1378 5273 ,
1408 5208 1440 5279 ἢ
1466 5212 1800 5265 τούναντίον·

195 5291 262 5356 τῇ
290 5289 338 5340 δ’
369 5288 654 5360 Ἀντιόχου
677 5293 1061 5362 ἐπιμείναντες
1084 5294 1273 5366 ὥσπερ
1293 5301 1392 5366 τῆς
1417 5302 1687 5371 προτέρας
1709 5321 1808 5357 κα-

195 5382 545 5446 τεγνωκότες
592 5382 905 5449 ἐκθέσεως,
942 5386 1138 5457 ἑτέραν
1174 5388 1359 5443 πίστιν
1396 5392 1803 5463 ὑπαγορεύουσι

195 5474 343 5526 κατά
380 5474 567 5527 πάντα
602 5481 669 5545 τῇ
705 5478 764 5528 ἐν
798 5476 1011 5549 Νικαίᾳ
1053 5481 1388 5550 συνᾴδουσαν
1413 5498 1428 5513 ⁸
1466 5481 1716 5541 οὐκ-οἶδα
1752 5490 1803 5541 εἰ

197 5566 274 5635 μὴ
307 5566 500 5618 ἔννοιά
532 5583 616 5627 τις
651 5567 875 5635 ἀφανῶς
910 5568 1157 5636 ἔγκειται
1186 5575 1300 5635 τοῖς
1334 5576 1542 5642 ῥητοῖς.
1578 5579 1714 5649 Περὶ
1744 5582 1801 5634 δὲ

192 5659 253 5708 το
283 5658 441 5719 τέλος
475 5660 572 5709 καὶ
604 5658 781 5711 ταῦτά
814 5676 949 5727 φασι
972 5676 984 5688 ·
1026 5678 1043 5711 ι
1082 5661 1302 5731 Ταύτην
1332 5661 1421 5718 οὖν
1454 5666 1673 5736 ἔχοντες
1704 5671 1802 5741 τὴν

192 5747 383 5798 πίστιν
427 5748 667 5801 ἐνώπιον
711 5748 806 5802 τοῦ
854 5751 991 5802 Θεοῦ
1036 5755 1133 5805 καὶ
1173 5752 1268 5805 τοῦ
1310 5756 1574 5828 Χριστοῦ,
1617 5762 1797 5815 πᾶσαν

194 5838 484 5912 αἱρετικην
531 5839 1018 5909 ἀναθεματῖυμεν
1061 5844 1385 5908 κακοδοξίαν
1414 5864 1429 5878 ⁶
1478 5851 1574 5904 καὶ
1621 5852 1673 5905 εἴ
1711 5872 1794 5919 τις

438 5945 718 6002 λ’έρίἰιοῑ..
758 5942 877 6001 Gn.
943 5942 1164 6003 CXLVI

1913 4667 2082 4722 citum
2148 4669 2328 4729 Patris
2379 4676 2703 4747 descendit,
2756 4694 2811 4738 et
2867 4703 3087 4746 carnem
3140 4711 3204 4749 ex
3263 4667 3481 4770 Virgine

1911 4770 2100 4814 saneta
2132 4766 2373 4832 recepit,
2406 4777 2463 4821 ct
2497 4785 2717 4828 omnem
2753 4789 3037 4845 paternam
3069 4785 3187 4853 ejus
3222 4790 3479 4847 volunta-

1913 4859 2019 4903 tem
2056 4852 2216 4906 simul
2261 4859 2524 4926 explevit.
2558 4862 2660 4928 Qui
2699 4876 2756 4920 et
2789 4883 2984 4935 passus
3019 4885 3124 4939 est,
3158 4888 3212 4932 et
3244 4886 3478 4941 resusci-

1912 4950 2056 4998 tatus
2084 4962 2097 4998 :
2129 4955 2184 4999 et
2216 4963 2468 5005 reversus
2497 4954 2549 5007 in
2579 4958 2768 5025 caelos,
2804 4961 2959 5017 sedet
2981 4965 3035 5018 in
3062 4968 3252 5024 dextra
3280 4974 3476 5030 Patris.

1908 5030 2009 5097 Qui
2038 5047 2306 5096 venturus
2334 5053 2419 5097 est
2445 5045 2511 5098 ad
2537 5048 2891 5115 judicandum
2933 5056 3088 5112 vivos
3119 5072 3175 5115 et
3206 5077 3474 5131 mortuos,

1911 5134 1968 5179 et
2012 5142 2306 5188 mansurus
2356 5151 2446 5191 rex
2492 5147 2549 5192 et
2596 5138 2741 5196 Deus
2793 5145 2847 5199 in
2919 5152 3140 5206 smeula.
3187 5153 3480 5215 Credimus

1908 5219 2072 5273 etiam
2101 5222 2152 5275 in
2179 5223 2445 5293 Spiritum
2472 5242 2746 5289 sanctum.
2773 5236 2829 5291 Si
2854 5254 2985 5294 vero
3007 5244 3210 5299 addere
3237 5261 3474 5317 oportet,

1905 5311 2183 5367 credimus
2213 5331 2433 5387 quoque
2463 5321 2529 5375 de
2579 5326 2764 5381 carnis
2800 5336 3202 5391 resurrectione
3223 5379 3238 5401 ,
3282 5350 3336 5395 et
3365 5344 3471 5399 vita

1904 5410 2131 5457 aeterna.
2170 5425 2189 5456 ›
2237 5408 2361 5464 llaec
2390 5413 2629 5481 primum
2663 5420 2863 5489 scripta
2894 5425 2959 5478 ad
2992 5427 3280 5498 episcopos
3316 5435 3480 5487 mise-

1907 5502 2067 5558 runt,
2105 5496 2358 5565 silentio,
2408 5514 2593 5559 utrum
2632 5522 2943 5569 coaeternus
2974 5519 3065 5583 sit,
3106 5532 3201 5575 aut
3235 5532 3477 5582 consub-

1905 5589 2180 5644 stantialis
2229 5590 2373 5647 Patri
2419 5594 2625 5664 Filius,
2669 5617 2735 5654 an
2782 5617 3009 5674 contra,
3059 5623 3473 5681 praetereuntes.

1905 5675 2080 5732 Porro
2126 5682 2431 5740 Antiochiae
2472 5692 2705 5758 morati,
2755 5698 2981 5754 perinde
3024 5715 3189 5772 atque
3234 5708 3477 5776 priorem

1902 5769 2198 5828 formulam
2252 5775 2641 5847 damnassent,
2697 5769 3112 5855 professionem
3136 5769 3297 5853 aliam
3349 5801 3478 5860 tidel

1900 5864 2161 5935 edidere,
2209 5869 2264 5924 in
2312 5874 2573 5931 omnibus
2617 5876 2847 5936 Nicaeum
2893 5900 3230 5948 consonam:
3282 5900 3469 5953 nescio

3022 5987 3061 6043 δ
