4280 6436
273 437 383 498 23Ἰ

1239 424 1838 489 ΕΟΕΕΕΞΙΑΞἸῚΩΕ
1880 419 2270 483 HlSTOBl/E
2312 420 2454 479 LIB.
2506 418 2605 476 1X.

3408 406 3512 468 93R

270 560 373 612 την
407 540 696 594 ἀπεώσατο
730 535 1099 607 λειτουργίαν,
1132 537 1400 605 οίόμενο·,
1427 537 1564 605 ὅπερ
1595 535 1689 587 καὶ
1722 534 1848 603 άλη-
1881 545 1926 599 Α
1957 544 1960 580 ι

1826 561 1848 575 -
1881 545 1926 599 Α
1957 540 2078 596 tus,
2125 528 2473 585 Antiochiam
2519 524 2721 581 rediit:
2766 534 2821 581 et
2874 540 2996 579 cum
3040 522 3280 583 Placito.
3328 520 3514 591 quiin

270 634 363 697 θὲς
408 628 511 704 ἦν,
560 630 839 701 εὐπρεπὲς
886 628 1145 697 εὑρήσειν
1192 630 1347 697 μῖσος
1398 627 1547 695 παρὰ
1592 626 1700 679 τῶν
1746 627 1844 694 τῆς

282 724 726 795 Ἀλεξανδρείας,
759 722 834 792 μή
861 738 982 775 τινα
1012 720 1197 788 ἕτερον
1224 722 1347 773 ἀντὶ
1375 717 1697 772 Ἀθανασίου
1727 718 1849 771 ἀνε-

269 815 525 887 χομένων
568 815 729 885 όρᾷν,
776 813 857 876 είς
891 812 1139 881 Ἐμεσαν
1181 811 1499 881 μετεχώρει.
1546 811 1585 862 Γ
1590 810 1847 880 ρηγόριος

266 907 347 967 δὲ,
396 908 479 968 είς
524 906 622 973 τὴν
661 902 1022 973 Ἀλεξάνδρου
1067 900 1488 972 προεδιόάζετο.
1531 899 1851 970 Διαδληθεὶς

264 999 312 1051 δ’
340 1001 400 1050 ὲν
434 998 701 1068 Ἐμὲσσῃ,
730 997 805 1059 ὼς
840 996 927 1065 είη
956 994 1018 1047 τὸ
1047 995 1145 1063 τῆς
1176 993 1566 1065 ἀστρονομίας,
1598 992 1626 1046 δ
1659 995 1847 1045 ἀποτε-

266 1088 605 1158 λεσματικὺν
636 1088 901 1155 καλεῖται,
926 1088 1131 1158 μετιὼν
1164 1087 1329 1157 μέρος
1350 1127 1366 1153 ,
1397 1086 1575 1156 φυγάς
1604 1086 1683 1147 εἰς
1713 1083 1850 1136 Δαο-

263 1181 481 1233 δεκειαν
520 1181 653 1250 προς
694 1180 974 1250 Γεώργιον
1006 1179 1098 1232 τὸν
1132 1180 1313 1233 ἐκεῖσε
1356 1178 1656 1231 ἐπίσκοπον
1690 1176 1849 1246 ἥκει,

263 1274 488 1341 ἑταῖρον
520 1276 583 1326 ἐκ
616 1273 847 1327 παλαιοῦ
879 1272 1032 1327 ὄντα.
1071 1271 1131 1325 ’0
1161 1273 1205 1324 δ’
1230 1272 1310 1335 είς
1346 1269 1676 1339 Ἀντιόχειαν
1706 1266 1855 1335 αὐτῷ

266 1364 548 1416 συνελθὼν
592 1364 728 1435 πρὸς
774 1363 1062 1433 Πλάκητον
1108 1362 1203 1415 καὶ
1244 1362 1593 1433 Νάρκισσον,
1633 1361 1713 1421 είς
1755 1358 1855 1429 τὴν

276 1454 639 1526 Ἐμεσσηνῶν
666 1454 824 1520 αὖθις
853 1454 952 1526 τὴν
984 1456 1119 1509 ἰδίαν
1146 1454 1495 1523 ἀποκατέστη
1525 1452 1853 1523 ἐπισκοπὴν.

264 1545 380 1603 Ἦν
404 1550 463 1603 δὲ
494 1550 640 1618 μάλα
667 1550 762 1603 καὶ
790 1547 1003 1618 βασιλεῖ
1029 1547 1394 1617 Κωνσταντίῳ
1420 1544 1818 1615 κεχαρισμένος
1840 1559 1856 1576 ·

264 1638 513 1706 ἐπήγετο
570 1638 679 1707 γάρ
735 1637 898 1689 αὑτὸν
958 1636 1094 1705 πρὸς
1154 1633 1369 1705 Πέρσας
1431 1632 1641 1703 μέλλων
1694 1648 1858 1703 στρα-

263 1730 457 1781 τεύειν
478 1746 492 1760 ο
526 1730 792 1799 τεράστια
824 1728 933 1798 γάρ
965 1727 1138 1779 πολλὰ
1162 1728 1225 1779 τὸ
1256 1726 1398 1778 θεῖον
1426 1724 1493 1777 δι’
1516 1723 1679 1777 αὑτοῦ
1707 1725 1859 1792 ἐνερ-

264 1823 416 1885 γεῖν,
444 1818 520 1882 ῶς
551 1837 687 1890 φησι
720 1816 991 1886 Γεώργιος
1022 1820 1050 1870 ὁ
1081 1817 1401 1880 Λαοδικεὺς,
1428 1814 1519 1867 τὸν
1547 1802 1664 1883 βίον
1690 1811 1859 1866 αὐτοῦ

1948 625 2269 694 episcOpatu
2321 620 2641 689 Euphronio
2685 619 2986 685 successit,
3020 616 3145 670 fuit.
3192 616 3307 679 llic,
3350 615 3520 669 Euse-

1950 717 2072 772 bius
2143 713 2797 781 ConstantinOpolitanus
2863 725 2986 766 cum
3044 709 3313 778 synodum
3377 706 3523 760 cele-

1951 806 2169 868 braret,
2218 802 2604 861 Alexandrinae
2652 804 2767 857 sedi
2817 802 2964 856 hunc
3002 799 3318 854 destinavit.
3364 797 3520 863 Quod

1950 896 2096 952 enim
2124 905 2180 951 et
2219 896 2533 965 eloquentia
2565 893 2853 963 'polleret,
2889 902 2944 948 et
2992 892 3134 946 bene
3181 891 3522 958 honesteque

1951 988 2196 1055 viveret,
2230 986 2385 1041 brevi
2424 987 2469 1040 is
2497 984 2781 1057 Egyptios
2813 984 2879 1039 ab
2914 999 3102 1038 amore
3134 992 3189 1037 et
3220 982 3521 1044 desiderio.

1952 1094 2062 1150 quo
2113 1079 2166 1132 in
2218 1078 2576 1133 Athanasium
2627 1076 2981 1142 ferebantur,
3022 1075 3362 1129 abducturus
3401 1088 3522 1127 esse

1954 1171 2386 1225 existimabatur.
2439 1170 2571 1225 Eam
2628 1169 2968 1222 {unctionem
3029 1168 3123 1221 ubi
3185 1164 3520 1236 repudiavit,

1955 1261 2009 1316 id
2046 1261 2191 1331 quod
2218 1277 2306 1317 res
2342 1270 2460 1316 erat
2490 1275 2677 1315 secum
2706 1268 2989 1329 reputans,
3018 1260 3223 1327 justam
3257 1257 3521 1311 nimirum

1955 1370 2082 1422 erga
2105 1369 2162 1409 se
2186 1354 2298 1407 odii
2320 1367 2541 1409 causam
2568 1352 2727 1407 facile
2754 1351 3155 1405 Alexandrinos
3180 1358 3523 1420 reperturos,

1956 1446 2051 1515 qui
2079 1432 2246 1499 alium
2272 1446 2547 1500 neminem
2578 1458 2679 1514 pro
2704 1443 3003 1497 Athanasio
3029 1457 3256 1498 cernere
3282 1441 3525 1495 sustine-

1960 1548 2079 1593 rent
2112 1539 2434 1607 episcopum
2459 1577 2476 1603 ,
2522 1536 2773 1591 Emesam
2816 1544 2902 1589 est
2952 1536 3192 1590 missus:
3231 1532 3529 1603 Gregorius

1958 1641 2140 1684 autem
2172 1629 2561 1685 Alexandriam
2585 1628 2876 1684 deductus.
2911 1626 3004 1681 llle
3026 1626 3298 1681 calumnia
3324 1625 3529 1678 Emesa:

1959 1721 2255 1789 expetitus,
2289 1720 2442 1790 quasi
2487 1722 2609 1791 ejus
2640 1719 2813 1789 partis
2841 1719 3195 1773 astronomia‘.
3234 1733 3361 1787 qua
3389 1719 3533 1787 Apo-

1963 1812 2303 1868 telesmalica
2335 1812 2561 1876 dicitur,
2594 1814 2876 1880 responsis
2905 1810 3116 1866 scilicet
3140 1811 3336 1865 dandis
3368 1824 3535 1863 occu-

266 1911 705 1981 συνταξάμενος.
750 1909 972 1979 Καίπερ
1010 1908 1070 1961 δὲ
1111 1907 1354 1969 τοιοῦτος
1392 1904 1504 1971 ῶν,
1543 1906 1641 1966 τάς
1680 1904 1857 1969 ἄρκυς
1885 1878 1933 1938 Β

1846 1920 1857 1965 ;
1885 1878 1933 1938 Β
1961 1915 2118 1975 pata,
2155 1905 2430 1960 studiosus
2462 1913 2627 1967 esset,
2660 1878 2826 1973 682
2879 1902 3203 1957 Laodiceam
3254 1903 3321 1957 ad
3366 1902 3536 1957 Geor-

262 2003 381 2054 τῶν
414 2002 698 2072 φθονερῶν
728 2001 791 2054 οὖ
822 2001 1007 2070 διέδρα
1026 2038 1043 2062 ,
1075 1998 1346 2052 είωθότων
1372 1999 1483 2061 τοῖς
1516 1996 1703 2057 καλοῖς
1734 1996 1856 2047 ἐπι-

265 2095 551 2161 φύεσθαι·
604 2093 813 2164 μέμψιν
854 2094 962 2162 γάρ
1010 2092 1171 2161 ἔσχεν
1212 2090 1285 2153 ὠς
1332 2088 1531 2158 ἐπίσης
1580 2087 1856 2158 scisam?

264 2188 484 2254 φρονεῖ.
517 2185 652 2237 Τότε
688 2200 749 2251 γε
789 2183 917 2253 μὴν,
952 2182 1027 2245 ὡς
1059 2183 1297 2252 εἴρηται,
1330 2182 1446 2241 τοῖς
1486 2180 1546 2232 ὲν
1580 2178 1856 2247 Δίτιοχείᾳ

264 2276 573 2328 καθίστατο
595 2277 911 2345 σύμψηφος.
929 2276 1063 2345 Περὶ
1085 2274 1183 2343 μὲν
1201 2270 1293 2327 οὖν
1311 2271 1573 2325 Εὑσεὸίου
1591 2270 1825 2323 τοσαῦτα
1843 2288 1857 2301 ν

265 2370 302 2436 ἡ
346 2369 405 2418 δὲ
453 2371 510 2418 ὲν
546 2367 854 2436 Ἀντιοχείᾳ
896 2366 1115 2428 σύνοδος
1148 2364 1374 2417 τοιαῦτα
1418 2362 1711 2433 πράξασα,
1746 2363 1855 2414 διε-

264 2459 456 2512 λύετο.

1958 1997 2106 2067 gium
2144 1996 2384 2065 episcopi
2422 1995 2583 2051 isthic
2626 2010 2852 2049 munere
2882 1996 3201 2065 fungentem
3228 2036 3243 2059 ,
3295 2006 3535 2049 vett-rem

1961 2089 2201 2142 amicum
2246 2089 2525 2159 profugit:
2565 2099 2622 2144 et
2663 2105 2787 2142 cum
2837 2088 3031 2143 eodem
3074 2088 3419 2143 Antiochiam
3469 2089 3535 2142 ad

1964 2179 2229 2234 Placitum
2257 2192 2311 2234 et
2337 2179 2653 2235 Narcissum
2697 2179 3002 2250 profectus,
3039 2180 3165 2235 inde
3198 2180 3343 2250 apud
3374 2181 3535 2234 Eme-

1965 2284 2129 2324 seuos
2177 2269 2231 2323 in
2277 2271 2657 2340 episc0patnm
2713 2288 2871 2326 suum
2925 2273 3219 2327 restitutus
3264 2281 3367 2327 est.
3416 2272 3539 2327 Fuit

1966 2372 2148 2415 autem
2205 2371 2261 2416 et
2315 2362 2639 2417 Constantio
2692 2364 3015 2431 imperatori
3066 2373 3390 2433 pergratus,
3444 2364 3537 2431 qui

1964 2470 2090 2509 eum
2152 2469 2337 2509 secum
2407 2454 2673 2509 adversus
2739 2455 2934 2510 Persas
3002 2454 3211 2508 bellum
3280 2466 3539 2523 gesturus

264 2552 434 2605 duxit
465 2552 566 2619 (ι).
604 2551 772 2606 Multa
812 2566 1053 2620 namque
1093 2550 1343 2603 divinum
1380 2564 1579 2603 numen
1649 2547 1896 2617 prodigia
1940 2563 2036 2617 per
2105 2548 2282 2616 ipsum
2329 2547 2604 2612 edidisse,
2646 2547 3000 2604 Laodicensis
3066 2548 3232 2602 refert
3273 2546 3540 2617 Georgius

262 2647 366 2714 qui
414 2645 580 2698 iit-am
621 2646 742 2715 ejus
778 2642 1134 2711 conscripsit.
1177 2643 1244 2697 Et
1275 2641 1525 2711 quamvis
1559 2649 1745 2695 tantus
1812 2640 1893 2694 vir
1931 2640 2127 2704 fuerit,
2164 2655 2273 2693 non
2315 2650 2496 2694 tamen
2570 2640 2884 2694 invidorum
2910 2682 2925 2703 ,
2955 2641 3048 2709 qui
3080 2641 3329 2696 honestis
3359 2643 3540 2696 iniim-

266 2756 409 2795 nere
442 2738 591 2793 soliti
620 2747 774 2801 sunt,
806 2738 1033 2807 laqueos
1061 2736 1275 2807 eﬂugit.
1314 2734 1601 2807 Objectum
1630 2735 1777 2789 enim
1841 2736 1892 2789 ei
1934 2746 2039 2800 est,
2108 2734 2253 2804 quod
2297 2734 2349 2788 in
2396 2732 2587 2789 eadem
2625 2744 2774 2789 esset
2808 2748 2932 2788 cum
2966 2732 3206 2789 Sabellio
3238 2737 3536 2792 sententia.

266 2834 415 2887 Tum
464 2847 599 2887 sane
644 2831 904 2901 quidem.
954 2828 1033 2885 uti
1081 2830 1218 2895 dixi,
1265 2829 1568 2884 Antiochiae
1613 2828 1852 2884 decretis
1892 2827 2160 2882 faciendis
2192 2843 2315 2883 cum
2396 2828 2520 2882 aliis
2569 2826 2894 2898 suffragator
2942 2826 3216 2883 interfuit.
3268 2828 3394 2884 llaec
3465 2831 3537 2887 de

264 2924 543 2981 Eusebio.
585 2924 654 2979 Et
686 2925 934 2995 synodus
973 2924 1323 2980 Antiochena
1358 2923 1524 2977 rebus
1558 2922 1630 2976 ita
1665 2922 1853 2992 gestis,
1895 2921 2073 2975 soluta
2104 2929 2209 2976 est.

880 3068 1133 3121 ιιΕοΑΑ.
1177 3068 1266 3135 q'.
1886 3071 1933 3131 c

1240 3068 1266 3122 '.
1886 3071 1933 3131 ο
2572 3066 2799 3123 CAPUT
2845 3065 2930 3120 Vl.

258 3159 371 3226 Ὧς
412 3161 776 3238 Ἀθανασίου
838 3161 1261 3238 ὲκᾷληθέντος,
1318 3163 1652 3238 Ιξρηγόριρς
1701 3160 1854 3231 μετὰ

1848 3179 1854 3213 i
1964 3160 2029 3216 Ut
2077 3162 2369 3238 Athanasio
2400 3162 2598 3238 ejecta,
2637 3159 2918 3238 Gregorius
2964 3160 3210 3238 militari”
3243 3180 3404 3238 inquit
3444 3166 3538 3214 sti-

342 3230 785 3310 ᾳτρατιωτικῆς
815 3231 1129 3310 grtiach
1160 3232 1279 3310 τὴις
1326 3232 1671 3310 gelantur
1704 3229 1853 3310 Vua;—

1844 3259 1853 3271 -
2032 3241 2187 3310 pagus
2260 3229 2540 3310 ecclesiant
2610 3230 2899 3310 occuparit.
2963 3229 3046 3310 .I'Je
3098 3229 3242 3285 Julia
3298 3232 3534 3285 Romano

339 3300 533 3369 ἐσχε·
568 3300 668 3353 καὶ
708 3305 844 3368 περὶ
888 3302 1152 3354 Ἰουλίου
1176 3301 1284 3354 τοῦ
1325 3300 1553 3368 Ῥώμης
1603 3300 1852 3354 ἐπισκό-
2032 3303 2287 3370 episcopa,
2315 3301 2571 3370 quomodo
2615 3302 2660 3353 is
2711 3300 2993 3353 Athanasii
3038 3315 3218 3354 casum
3263 3318 3401 3373 wgre
3457 3315 3541 3356 tu-

342 3385 469 3423 που
490 3386 502 3399 ·
540 3370 638 3423 καὶ
680 3371 760 3423 ὡς
782 3370 1126 3423 ἐγαλέπηνε
1157 3369 1293 3423 πειὶ
1321 3370 1699 3423 ‘AUarualov.
1845 3401 1852 3408 -
2035 3370 2175 3422 (erit.
2986 3372 2996 3381 '

342 3385 502 3424 που·
540 3381 638 3424 και
680 3381 760 3435 ως
782 3381 1126 3438 εχαλέπηνε
1157 3381 1293 3437 σεεμ
1324 3381 1699 3425 Ἀσανασίου.
1845 3401 1852 3408 -
2035 3381 2175 3422 rem.

344 3484 555 3548 Κακῶς
599 3484 643 3537 δ’
672 3486 730 3537 ὲν
775 3486 1007 3549 ἐκείνοις
1044 3488 1161 3547 τοῖς
1203 3486 1417 3554 χρόνοις
1462 3488 1553 3539 καὶ
1591 3489 1659 3539 τά
1699 3487 1857 3539 κοινά

263 3576 508 3630 διέκειτο
551 3576 899 3645 πράγματα’
943 3578 1190 3646 Φράγγοι
1238 3578 1345 3645 γάρ
1388 3577 1542 3641 ἔθνος
1580 3577 1856 3647 δύσμαχον

262 3668 383 3720 τῶν
426 3668 568 3735 πρὸς
609 3667 854 3735 ἑσπέραν
892 3668 1227 3739 κατέτρεχον
1263 3669 1520 3722 Γαλατῶν
1556 3670 1856 3739 ἐπιμάλλον

261 3758 556 3830 δῃοῦντες.
606 3760 685 3810 Τά
732 3758 789 3810 δὲ
836 3760 973 3828 πρὶς
1017 3760 1093 3813 Et»
1136 3760 1415 3831 ἀρχόμενα
1461 3761 1565 3814 ὑπὸ
1612 3761 1856 3831 σεισμῶν

262 3854 486 3921 ἀγρίων
521 3850 960 3905 άνετινάσσοντο.
1100 3852 1145 3904 δ’
1183 3854 1458 3923 Ἀντιόχου
1494 3854 1728 3923 μάλιστα
1762 3856 1858 3909 καὶ

263 3946 351 4006 εἰς
384 3944 638 3997 ἐνιαυτὸν
669 3943 793 3995 ὅλον
823 3943 1032 3997 ἐσείετο
1056 3958 1071 3971 ⁸
1104 3944 1341 4012 ὁπηνίκα
1373 3945 1469 3997 σὺν
1502 3944 1684 4014 πολλῷ
1719 3945 1857 4013 πλή-

263 4036 353 4088 θει
402 4034 761 4105 στρατιωτῶν
786 4075 800 4100 ,
837 4036 1000 4087 πέντε
1044 4033 1281 4104 χιλιάδες
1323 4031 1463 4105 ἦσαν
1495 4037 1590 4088 τὸν
1623 4036 1858 4106 ἀριθμὸν

262 4120 343 4177 ῶν
376 4124 632 4190 ἐξηγεῖτο
663 4122 947 4192 Συριανὸς,
982 4126 1075 4175 καὶ
1102 4122 1407 4192 Γρηγόριος
1434 4126 1497 4176 ὲκ
1520 4126 1621 4193 τῆς
1655 4124 1858 4177 Ἀντιό-

260 4235 364 4288 χου
400 4216 504 4286 τὴν
531 4214 883 4284 Ἀλεξάνδρου
928 4215 1247 4269 κατέλαϐεν.
1279 4215 1343 4269 Ἠ
1380 4216 1437 4268 δὲ
1477 4217 1708 4285 στρατιά
1752 4234 1857 4269 πα-

265 4309 498 4381 ρείπετό
522 4310 596 4370 oi,
618 4308 693 4372 ὠς
717 4308 785 4361 ἂν
810 4308 1059 4378 ἀσφαλὴς
1085 4310 1118 4379 ἡ
1146 4307 1348 4370 είσοδος
1378 4310 1470 4362 καὶ
1493 4309 1858 4372 ἀστασίαστος

262 4402 421 4473 αὐτῷ
452 4402 699 4469 γένοιτο,
731 4401 958 4473 ἀρρήτῳ
987 4400 1140 4471 πόθῳ
1169 4400 1264 4455 τοῦ
1296 4400 1536 4471 πλήθους
1569 4401 1858 4473 ἐντετηκό-

262 4511 357 4556 τος
400 4495 483 4553 είς
522 4493 863 4549 ’Δθανάσιον.
901 4494 977 4545 Οὐ
1023 4493 1196 4564 μικρά
1233 4493 1289 4546 δὲ
1331 4494 1424 4546 καὶ
1463 4495 1512 4546 οἱ
1553 4494 1611 4559 ἐξ
1646 4492 1858 4564 Ἀρείου

266 4588 454 4638 ἐκεῖσε
489 4584 641 4648 ὄντες
672 4585 971 4655 συνήροντο
1001 4586 1143 4639 κατά
1174 4603 1237 4654 γε
1267 4586 1424 4639 τοῦτο
1452 4586 1516 4638 τὸ
1549 4586 1738 4656 μέρος,
1768 4588 1861 4639 καὶ

264 4679 421 4740 ὅπως
454 4676 779 4737 Ἀθανάσιος
810 4676 1093 4746 ἐξελαθείη
1124 4675 1599 4741 διασκοπούμενοι.
1640 4678 1863 4731 Ἐδεδὶε-

269 4788 376 4823 σαν
412 4769 526 4839 γὰρ
570 4769 646 4839 μὴ
687 4773 993 4823 στασιάσαν
1029 4769 1087 4822 τὸ
1126 4769 1353 4839 πλῆθος,
1389 4770 1577 4833 κακῶς
1618 4771 1859 4835 ἐκείνους

262 4862 534 4915 διάθοιτο.
565 4862 631 4913 Ὂ
664 4862 731 4927 δὴ
765 4861 861 4914 καὶ
896 4860 1215 4925 ’Δθανάσιος
1252 4861 1606 4932 ὑπειδόμενος
1627 4906 1642 4928 ,
1679 4865 1862 4934 ἡρέμα

269 4952 492 5021 φεύγει.
532 4951 806 5023 Ἐαπέρας
849 4953 958 5023 γὰρ
1001 4952 1104 5022 ἤδη
1149 4954 1609 5024 καταλαϐούσης,
1656 4956 1744 5006 ἐπ’
1773 4958 1863 5009 ἐκ·

266 5043 511 5114 κλησίας
548 5039 640 5115 ἦν,
685 5043 1053 5114 προσδοκίμου
1103 5044 1379 5109 συνάξεως
1421 5043 1608 5113 οὔσης.
1653 5042 1761 5115 Τῆς
1804 5046 1861 5099 δὲ

268 5135 544 5205 στρατιᾶς
577 5134 723 5187 κατὰ
757 5134 1017 5202 φάλαγγα
1050 5134 1336 5203 εὐκόσμως
1370 5135 1733 5205 ὃιαλαϐούσης
1763 5136 1863 5208 τὴν

267 5226 600 5293 ἐκκλησίαν,
647 5226 858 5287 ἐκεῖνος
902 5228 1066 5295 εὐχὴν
1115 5228 1356 5291 τελέσας,
1399 5228 1496 5295 τῆς
1540 5227 1860 5298 ψαλμῳδίας

266 5316 530 5367 ἐκέλευεν
563 5314 810 5383 ἔχεσθαι.
847 5317 907 5368 Οἱ
940 5317 999 5367 δὲ
1033 5317 1369 5384 στρατιῶται
1396 5319 1535 5380 τέως
1568 5319 1859 5387 ἡσύχαζον,

265 5409 342 5471 ὡς
384 5410 488 5461 οὐκ
533 5407 793 5476 εὔκαιρον
834 5406 893 5460 ὃν
938 5408 1177 5477 οἰόμενοι
1218 5408 1529 5473 ἐπιθέσθαι,
1572 5408 1863 5478 συμφώνου

271 5501 547 5569 μελῳδίας
589 5501 987 5571 ὲξηχουμένης.
1034 5501 1124 5554 Ἐν
1168 5501 1341 5571 τούτῳ
1383 5501 1640 5571 δ’λήρέμα
1684 5502 1862 5555 λαθὼν

283 5591 611 5655 Ἀθαίάαιος
634 5632 649 5655 ,
682 5596 741 5644 ὲν
770 5592 848 5663 τῷ
882 5594 1091 5655 πάντας
1118 5590 1207 5644 διὰ
1239 5594 1368 5658 μιᾶς
1398 5591 1619 5658 ἐξάγειν
1650 5592 1824 5658 πύλης
1846 5632 1861 5656 ,

266 5683 326 5733 ἐν
357 5687 516 5754 μέσῳ
545 5684 657 5736 τῶν
685 5684 1127 5755 ψαλμῳδούντων
1157 5682 1400 5750 άὸλαῦὴς
1426 5682 1736 5745 διεσώζετο,
1768 5682 1863 5734 καὶ

2034 3484 2109 3537 Ea
2160 3497 2291 3536 vero
2344 3492 2673 3553 tempestate
2724 3501 2813 3539 res
2860 3486 3024 3541 etiam
3075 3488 3309 3557 publicae
3358 3487 3539 3544 infeli-

1960 3577 2099 3632 citer
2143 3576 2560 3631 administratas.
2613 3576 2807 3631 Franci
2851 3579 3030 3645 enim,
3080 3596 3214 3649 gens
3256 3579 3537 3645 bellicosa.

1961 3666 2191 3719 Galliam
2217 3666 2614 3721 occidentalem
2643 3680 3062 3737 percurrentes,
3102 3674 3333 3725 maxime
3362 3685 3540 3727 vasta-

1963 3767 2113 3810 runt.
2149 3758 2205 3810 In
2241 3756 2465 3812 Oriente
2494 3767 2675 3813 autem
2707 3760 2825 3813 loca
2861 3761 3120 3831 pleraque
3156 3764 3314 3817 saevis
3350 3774 3539 3819 terra:-

1965 3849 2205 3903 motibus
2246 3859 2374 3903 sunt
2409 3864 2714 3904 concussa:
2758 3853 3050 3907 Antiochia
3094 3871 3225 3908 vero
3267 3857 3532 3920 maxime;

1964 3938 2182 4009 integro
2212 3956 2446 4009 namque
2476 3956 2621 3996 anno
2652 3943 2702 3996 id
2738 3946 2966 4012 pertulit
2989 3946 3213 4017 malum.
3245 3947 3363 4013 Quo
3397 3959 3537 4001 teni-

1965 4044 2095 4096 pore
2117 4045 2241 4084 cum
2271 4046 2460 4100 magna
2496 4033 2730 4086 militum
2758 4049 2923 4088 manu
2958 4036 3222 4105 (quinque
3252 4037 3532 4090 hominum

1964 4124 2131 4177 millia
2180 4137 2383 4188 erant,
2425 4140 2564 4194 quos
2615 4124 2884 4197 Syrianns
2935 4127 3192 4195 ducebat)
3240 4127 3535 4200 Gregorius

1966 4217 2255 4271 Antiochia
2287 4218 2672 4272 Alexandriam
2709 4228 2793 4273 est
2830 4220 3130 4288 profectus.
3164 4220 3363 4275 Milites
3402 4238 3535 4291 pro-

1965 4319 2147 4377 pterea
2196 4324 2324 4365 eum
2371 4309 2583 4374 secuti,
2640 4320 2697 4365 ut
2748 4320 2867 4365 tuto
2911 4321 2967 4365 et
3018 4313 3226 4382 absque
3260 4315 3533 4367 seditione

1890 4424 1933 4478 ο
1964 4400 2112 4454 omni
2158 4400 2369 4470 ingredi
2401 4416 2521 4455 eam
2558 4400 2750 4455 urbem
2790 4413 2993 4469 posset.
3032 4404 3349 4459 Incredibili
3381 4410 3527 4461 enim

1962 4507 2089 4559 erga
2134 4492 2492 4547 Athanasium
2534 4494 2814 4548 desiderio
2864 4495 3161 4549 multitudo
3189 4498 3528 4555 ’tenebatur.

1963 4584 2079 4638 Non
2109 4599 2300 4654 parum
2339 4595 2517 4640 tamen
2552 4588 2737 4641 Ariani
2770 4604 3026 4658 quoque.
3062 4590 3157 4658 qui
3187 4592 3529 4651 Alexandria:

1962 4685 2139 4739 erant,
2161 4676 2442 4746 quomodo
2466 4677 2799 4732 Athanasius
2820 4680 3131 4749 exigeretur
3150 4678 3527 4749 dispicientes,

1966 4767 2066 4820 hac
2099 4767 2151 4820 in
2182 4777 2338 4836 parte
2374 4766 2723 4837 profuerunt.
2771 4769 3095 4823 Metuebant
3131 4771 3277 4824 enim
3316 4773 3418 4834 illi,
3462 4789 3530 4827 ne

1966 4861 2201 4914 tumultu
2242 4862 2292 4911 in
2328 4860 2483 4927 plebe
2517 4860 2789 4922 excitato,
2833 4862 2973 4915 male
3009 4863 3079 4914 ab
3116 4878 3178 4915 ea
3210 4866 3530 4932 acciperen-

1968 4964 2075 5005 tur.
2123 4954 2279 5019 Quod
2328 4964 2383 5007 et
2436 4955 2611 5022 ipsum
2660 4954 2995 5007 Athanasius
3036 4955 3277 5019 veritus,
3325 4957 3528 5008 sensim

1966 5046 2231 5115 fugiebat.
2265 5044 2460 5100 Serum
2491 5048 2601 5115 jam
2635 5046 2740 5099 dici
2772 5057 2913 5109 erat,
2944 5059 2999 5099 et
3039 5048 3153 5116 ipse
3188 5048 3241 5100 in
3272 5050 3529 5112 ecclesia,

1964 5137 2110 5206 quod
2152 5138 2373 5208 synaxis
2402 5148 2453 5191 et
2493 5147 2797 5191 conventus
2831 5139 2888 5192 in
2922 5139 3333 5207 exspectatione
3362 5154 3528 5203 esset,

1964 5227 2132 5281 rebus
2173 5227 2345 5281 sacris
2391 5227 2735 5281 intendebat.
2786 5227 2849 5280 Et
2896 5245 3089 5282 manus
3129 5231 3239 5300 jam
3272 5231 3529 5284 militaris

1964 5320 2251 5373 ecclesiam
2287 5334 2384 5387 per
2414 5320 2728 5388 manipulos
2762 5323 2956 5376 ordine
2984 5338 3084 5374 suo
3122 5335 3526 5391 occupaverat:

1966 5426 2090 5463 cum
2144 5411 2233 5463 ille
2286 5411 2602 5477 precatione
2652 5424 2904 5480 perneta,
2953 5412 3311 5479 psalmodiam
3359 5414 3533 5465 centi-

1964 5518 2137 5554 nuare
2162 5502 2337 5571 jubet.
2368 5501 2533 5571 683
2568 5502 2765 5556 Milites
2796 5503 2969 5570 quieti
3007 5513 3121 5557 tum
3150 5513 3342 5565 erant,
3380 5503 3526 5572 quod

1967 5594 2414 5660 intempestivum
2459 5595 2722 5661 impetum
2775 5594 2831 5648 in
2873 5609 2995 5648 eum
3034 5597 3210 5649 facere
3247 5595 3528 5648 existima-

1967 5695 2129 5752 rent,
2190 5700 2314 5738 cuiu
2378 5695 2652 5739 concentu
2716 5702 2825 5740 uno
2882 5688 3123 5742 carmina
3178 5693 3520 5742 resonarent.

344 5847 423 5915 (ί)
461 5848 684 5902 Socrat.
730 5845 918 5912 habet,
954 5843 1204 5897 adversus
1233 5841 1523 5897 Barbaros.
1554 5842 1631 5897 Ex
1663 5841 1929 5912 Rutrepio
1958 5840 2178 5896 videtur
2214 5857 2335 5899 esse
2366 5842 2660 5914 legendum
2702 5845 2944 5899 I’crmos.
