4280 6436
694 372 797 438 213

1916 379 2331 440 NICEPHOIH
2377 380 2710 437 CALLISTI

3825 365 3929 428 ΞΗ

698 491 885 544 tudine
934 498 1116 545 autem
1168 492 1313 546 sedis
1371 508 1504 556 suae,
1555 509 1620 548 ex
1677 496 1846 550 veteri
1897 497 2181 566 privilegio
2207 499 2388 556 etA'l

2245 500 2336 556 [Α
2367 498 2455 567 Τῷ
2488 497 2543 547 δὲ
2573 497 2667 549 τοῦ
2705 497 2898 565 θρόνου
2927 495 3199 563 ἀξιώματι
3250 492 3312 543 ἐκ
3346 490 3451 542 τῶν
3503 486 3765 540 ἀνέκαθεν
3804 502 3931 552 προ-

695 582 1164 651 pra-rogativaﬂ),
1200 599 1512 652 persuasum
1536 586 1763 647 habens.
1785 590 2029 642 omnium
2059 590 2259 657 ubique

692 676 1076 743 episcoporum
1107 690 1292 728 curam
1343 686 1397 730 et
1422 676 1693 745 judicium
1746 680 1812 733 ad
1872 697 1929 734 se
1963 682 2257 749 pertinere,

693 765 833 815 datis
890 765 1086 832 cuique
1138 764 1416 819 liberrime
1464 770 1683 837 scriptis
1734 770 1954 835 litteris,
2010 787 2136 825 suas
2179 771 2262 825 eis

690 855 950 910 ecclesias
1005 856 1281 917 reddidit,
1316 873 1521 928 eosque
1576 876 1627 913 in
1669 859 1949 915 Orientem
1994 841 2258 915 remisit:

693 962 787 1000 eos
820 947 912 1013 qui
952 956 1158 1001 temere
1188 949 1310 1002 illos
1341 959 1815 1015 cxauctorassent,
1866 956 2257 1022 perstringens.

696 1049 750 1092 ut
782 1039 872 1106 qui
900 1054 1003 1091 non
1032 1050 1177 1092 recta
1208 1052 1573 1108 sequerentur
1606 1044 1854 1102 consilia.
1890 1056 2180 1113 motusque
2206 1052 2263 1096 et

697 1132 886 1183 turbas
915 1132 1162 1185 ecclesiis
1194 1145 1468 1195 crearent,
1493 1150 1669 1201 neque
1701 1135 1866 1188 semel
1887 1135 2075 1189 Nicatzr
2105 1134 2262 1189 factis

697 1222 819 1275 Iidei
856 1222 1093 1275 decretis
1123 1233 1354 1277 starent.
1388 1225 1464 1277 Ad
1500 1226 1614 1278 haec
1638 1227 1920 1295 pnecepit,
1956 1237 2014 1281 ut
2041 1228 2261 1294 quidam

693 1334 758 1371 ex
788 1319 869 1370 eis
899 1317 964 1370 ad
999 1318 1146 1369 diem
1189 1319 1549 1371 constitutum
1592 1319 1774 1373 Romae
1826 1330 2024 1388 prresto
2054 1328 2259 1380 essent,

697 1409 792 1477 qui
829 1418 975 1462 recte
1031 1409 1357 1462 sententiam
1412 1410 1463 1462 in
1501 1410 1892 1465 condemnatos
1930 1412 2093 1464 latam
2142 1425 2262 1464 esse

697 1500 1011 1566 probarent.
1052 1499 1146 1554 Sin
1177 1500 1379 1563 minus,
1408 1502 1584 1555 minas
1611 1502 1824 1556 addidit
1855 1519 1865 1552 :
1903 1501 2003 1556 nisi
2036 1518 2062 1554 a
2098 1502 2263 1554 rebus

699 1593 960 1647 novandis
995 1592 1344 1656 desisterent,
1393 1608 1448 1646 se
1484 1593 1552 1647 ab
1586 1594 1666 1648 eis
1716 1609 1900 1649 sacras
1940 1603 2260 1649 exacturum

697 1701 913 1755 poenas.
954 1684 1283 1740 Athanasius
1308 1725 1322 1746 .
1370 1696 1425 1739 et
1458 1686 1547 1754 qui
1591 1700 1713 1739 cum
1747 1701 1813 1740 eo
1862 1696 2041 1749 erant,
2079 1685 2264 1741 missis

698 1778 763 1830 ad
798 1776 1101 1830 Orientales
1127 1775 1415 1845 episcopos
1457 1777 1685 1839 litteris.
1718 1778 1982 1831 ecclesias
2024 1793 2151 1833 suas
2180 1794 2263 1832 re-

697 1874 982 1933 ceperunt.
1014 1865 1181 1935 636
1218 1864 1297 1918 llli
1347 1865 1737 1918 contumeliam
1784 1880 1906 1919 esse
1961 1867 2062 1919 rati
2129 1867 2260 1923 Julii

699 1958 1157 2027 obiurgationem,
1189 1955 1490 2010 Autiochim
1522 1959 1859 2026 congregati,
1891 1956 1957 2012 de
1990 1960 2260 2014 sententia

698 2050 941 2101 omnium
970 2047 1255 2116 epistolam
1289 2048 1352 2101 ad
1382 2063 1507 2101 eum
1543 2049 1763 2112 misere,
1799 2049 2108 2103 luculenter
2141 2051 2266 2120 qui-

698 2141 821 2194 dem
884 2140 1031 2193 illam
1080 2141 1358 2209 scriptam,
1409 2139 1603 2194 ironiis
1653 2149 1833 2194 autem
1893 2141 2265 2211 aculeatisque

699 2233 881 2286 verbis
915 2232 1189 2295 refertam,
1221 2233 1599 2301 forensemque
1634 2242 1688 2287 et
1720 2235 2037 2304 judicialem
2068 2237 2118 2289 in
2155 2253 2270 2289 mn-

700 2323 828 2373 (lit!!!
862 2323 1215 2389 compositam
1242 2361 1257 2384 ,
1289 2331 1342 2374 et
1372 2338 1491 2389 qua:
1524 2324 1644 2391 διειὶ
1676 2324 1725 2376 vi
1755 2334 1806 2376 et
1855 2327 2117 2393 gravitate
2164 2327 2263 2376 iiii-

705 2424 894 2459 narum
928 2422 1121 2475 expers
1170 2422 1274 2460 non
1326 2418 1488 2461 esset.
1534 2409 1887 2479 Scripserunt
1951 2414 2121 2475 enim,
2159 2415 2268 2467 Ro-

706 2514 875 2549 mani.-
936 2499 1156 2567 quidem
1217 2500 1339 2554 urlti
1393 2502 1462 2554 ab
1526 2504 1779 2559 omnibus
1858 2506 2264 2561 observantiam

705 2590 953 2643 exhiberi
983 2603 1036 2643 et
1068 2593 1330 2645 honorem
1367 2610 1380 2646 :
1414 2595 1615 2663 quippe
1646 2611 1767 2662 qua:
1810 2598 2113 2666 antiquitus
2137 2616 2269 2668 apo-

704 2683 968 2735 stolorum
1003 2683 1340 2737 domicilium
1383 2695 1438 2740 et
1493 2685 1700 2766 schola,
1736 2703 1986 2757 veraeque
2031 2692 2268 2759 pietatis,

707 2774 979 2843 utaliquis
1002 2774 1166 2836 dicat,
1203 2776 1519 2847 metropolis
1546 2788 1601 2831 et
1632 2779 1887 2847 primaria
1918 2782 2049 2836 urbs
2073 2783 2268 2835 fuerit:

705 2867 955 2935 quamvis
978 2883 1043 2922 ex
1075 2867 1295 2923 Oriente
1328 2884 1608 2938 prtecones
1652 2872 1769 2940 ejus
1803 2887 1868 2926 eo
1905 2875 2176 2933 venerint.
2214 2890 2271 2930 se

708 2971 886 3012 tamen
919 2974 1026 3012 non
1070 2959 1193 3013 ideo
1237 2961 1506 3014 secundas
1554 2960 1694 3015 ferre
1728 2962 1951 3023 debere.
1991 2969 2135 3033 quod
2169 2967 2271 3020 Ec-

707 3053 888 3106 clesizc
944 3053 1319 3121 magnitudine
1366 3055 1678 3122 superiores
1725 3070 1831 3109 non
1884 3068 2090 3123 essent,
2148 3074 2270 3112 cum

2363 592 2565 658 νομίων
2605 589 2754 651 εἰδὼς
2788 590 3168 656 προσήκουσαν
3200 583 3378 649 ἑαυτῷ
3408 581 3507 653 τὴν
3533 581 3640 633 τῶν
3681 580 3930 633 ἅπαντα·

2362 682 2460 751 χοῦ
2486 682 2680 748 ἱερέων
2707 679 3035 749 κηδεμονίαν
3062 695 3118 729 τε
3147 680 3239 729 καὶ
3267 675 3582 744 ἀνάκρισιν,
3617 667 3931 740 παρρησίας

2368 773 2586 839 μεστοῖς
2631 768 2925 838 γράμμασι
2977 766 3315 827 καθοπλίσας
3345 764 3561 822 αὐτοὺς.
3586 761 3798 827 ἑκάστῳ
3833 759 3931 826 τὴν

2366 863 2501 915 ἰδίαν
2532 844 2829 931 ἐκκλησίαν
2859 859 3146 927 ἀπένειμε,
3189 857 3279 909 καὶ
3302 856 3380 917 είς
3404 854 3501 922 τὴν
3522 853 3597 906 ’έω
3628 850 3929 916 ἐξέπεμπε,

2363 956 2774 1023 καθαπτόμενος
2825 953 2931 1007 τῶν
2980 951 3268 1022 προπετῶς
3322 949 3661 1003 καθελόντων
3711 943 3928 1000 αὐτοὺς,

2364 1050 2460 1101 ἆτε
2493 1048 2557 1117 δὴ
2595 1048 2669 1117 μὴ
2720 1046 3165 1117 βεϐουλευμένων
3215 1044 3280 1095 τά
3326 1042 3532 1101 δέοντα,
3578 1037 3646 1089 δι’
3678 1036 3839 1105 ὄχλου
3872 1048 3930 1084 τε

2364 1140 2664 1208 γινομένων
2701 1141 2818 1202 ταῖς
2869 1135 3209 1205 ἐκκλησίαις,
3235 1133 3328 1187 καὶ
3372 1131 3447 1200 μὴ
3478 1128 3825 1198 ἐμμενόντων
3863 1127 3932 1192 τῇ

2364 1231 2623 1296 καθάπαξ
2644 1233 2703 1282 ἐν
2735 1230 2943 1300 Νικαίᾳ
2971 1227 3287 1298 κυρωθείσῃ
3314 1226 3518 1277 πίστει.
3553 1221 3691 1289 Πρὸς
3726 1219 3788 1283 δὴ
3813 1218 3933 1268 τού-

2363 1342 2476 1385 τοις
2514 1325 2751 1386 ἐκέλευε,
2783 1322 2874 1374 καί
2906 1338 3056 1383 τινας
3088 1320 3167 1381 εἰς
3209 1316 3378 1387 ῥητὴν
3411 1314 3626 1383 ἡμέραν
3654 1311 3931 1379 παρεῖναι,

2362 1417 2755 1485 διελέγξοντας,
2779 1415 2855 1477 ὡς
2885 1414 3071 1466 δικαία
3100 1414 3133 1481 ὴ
3167 1410 3260 1464 ἐπὶ
3296 1410 3409 1462 τοῖς
3436 1401 3932 1473 καταψηφισθεῖσιν

2363 1509 2568 1578 ἠνέχθη
2602 1507 2747 1576 δίκη.
2798 1507 2857 1559 Εἰ
2914 1506 2956 1557 δ’
3010 1503 3127 1565 οὖν,
3161 1502 3399 1571 ἠπείλει,
3429 1501 3477 1551 εί
3529 1498 3602 1566 μὴ
3637 1493 3932 1546 παύσοιντο

2365 1605 2604 1666 νεώτερα
2662 1603 3013 1670 πράττοντες,
3060 1600 3157 1665 τὴν
3215 1596 3368 1667 ἱεράν
3421 1586 3935 1661 εἰσπραχθήσεσθαι

2366 1698 2681 1765 καταδίκην.
2727 1696 2792 1750 Οἱ
2845 1696 2944 1765 μὲν
2992 1689 3084 1746 οὖν
3116 1690 3264 1761 ἀμφὶ
3309 1689 3400 1742 τὸν
3448 1681 3765 1739 Ἀθανάσιον
3808 1676 3937 1733 τοὺς

2366 1791 2601 1852 οἰκείους
2640 1790 2841 1851 τόπους
2871 1785 3168 1845 ἀπέλαϐον,
3198 1779 3637 1849 διαπεμψάμενοι
3672 1773 3770 1832 τὰς
3813 1773 3939 1821 ἐπι-

2373 1881 2564 1940 στολὰς
2590 1880 2700 1939 τοῖς
2729 1877 2883 1947 ἐῴοις
2918 1873 3026 1926 τῶν
3068 1871 3387 1926 ἐπισκόπων
3411 1884 3425 1900 ο
3461 1863 3618 1933 ὓϐριν
3649 1862 3701 1914 δὲ
3740 1858 3940 1910 ἐκεῖνοι

2371 1969 2726 2036 λογισάμενοι
2754 1964 2851 2033 τὴν
2891 1962 2985 2015 τοῦ
3029 1961 3246 2015 Ἰουλίου
3291 1953 3605 2023 ἐπίπληξιν,
3649 1950 3835 2018 ἀθρόοι
3882 1947 3940 1995 ὲν

2383 2059 2685 2128 Ἀντιοχείᾳ
2750 2056 3055 2125 γενόμενοι,
3095 2054 3193 2122 μιᾷ
3228 2050 3445 2119 ⁸γνώμῃ
3499 2044 3646 2113 αὑτῷ
3691 2038 3943 2093 ἐπιστέλ-

2372 2152 2559 2204 λουσιν
2592 2148 2883 2217 ἐπιστολην
2921 2164 3066 2208 τινα,
3098 2142 3338 2212 φαιδρῶς
3396 2140 3494 2209 μὲν
3547 2132 3939 2202 συγκειμένην,

2375 2241 2577 2310 μεστὴν
2600 2238 2655 2290 δὲ
2679 2238 2965 2306 εἰρωνείας
2990 2234 3209 2301 πολλῆς,
3235 2232 3327 2282 καὶ
3348 2226 3638 2286 δικανικῶς
3662 2224 3945 2327 διεσκευμ-

2375 2333 2601 2401 σμένην·
2657 2327 3024 2397 Δεινέτητιδὲ
3064 2322 3358 2395 χρώματος
3413 2318 3534 2372 οὐδὲ
3589 2317 3821 2385 ἄμοιρος
3872 2317 3942 2379 ὴν

2371 2423 2764 2494 ἁπειλῆςκτὴν
2801 2423 2900 2491 μὲν
2930 2420 3039 2489 γάρ
3084 2418 3372 2487 Ῥωμαίων
3402 2412 3558 2466 πῦλιν
3588 2409 3723 2463 πᾶσι
3754 2407 3945 2475 φέρειν

2374 2514 2685 2582 φιλοτιμίαν
2711 2513 2917 2578 ἔλεγεν,
2941 2509 3023 2561 ἆτ’
3057 2509 3121 2560 ὲκ
3154 2503 3389 2559 παλαιοῦ
3425 2499 3741 2555 ἀποστόλων
3773 2510 3947 2563 φρονι-

2373 2608 2673 2676 τιστήριον,
2702 2606 2797 2656 καὶ
2827 2600 3111 2662 εὐσεϐείας
3151 2599 3223 2659 ὼς
3254 2598 3317 2651 ἀν
3343 2612 3427 2657 τις
3459 2594 3605 2646 εἴποι
3638 2584 3944 2657 γεγενημέ-

2374 2711 2474 2764 νην
2504 2692 2863 2764 μητρόπολιν,
2897 2692 2943 2743 εἰ
2974 2692 3071 2743 καὶ
3100 2688 3157 2754 ἐξ
3190 2686 3329 2757 ἐιξιας
3379 2686 3505 2743 τοὺς
3544 2676 3945 2745 καταγγέλλονο

2372 2804 2475 2850 τας
2524 2785 2861 2855 ἐπιδημῆσαι
2907 2780 3142 2851 συνέϐη·
3186 2780 3244 2830 οὐ
3286 2777 3391 2845 μὴν
3435 2772 3503 2826 τά
3531 2772 3760 2838 δεύτερα
3791 2765 3947 2833 παρά

2374 2880 2534 2933 τοῦτο
2564 2878 2707 2947 ἔχειν
2737 2875 2952 2945 ἠξίουν·
2998 2875 3077 2926 ὅτι
3111 2871 3184 2940 μὴ
3219 2870 3295 2937 τῷ
3330 2869 3428 2936 τῆς
3467 2862 3797 2930 Ἐκκλησίας
3844 2875 3945 2927 με·

2376 2972 2525 3039 γέθει
2581 2968 3020 3029 πλεονεκτοῦσν,
3054 2965 3222 3033 ἀρετῇ
3261 2964 3352 3014 καὶ
3396 2961 3512 3020 τοῖς
3544 2957 3727 3016 ἄλλοις
3758 2951 3949 3005 νικῶν-

2377 3081 2486 3127 τες,
2523 3061 2595 3122 ὡς
2629 3060 2814 3130 ᾤοντο.
2862 3058 3168 3127 Προὲιξερνιν
3201 3054 3255 3105 δὲ
3289 3049 3526 3118 κάκείνῳ
3558 3048 3637 3109 εἰς
3666 3044 3947 3113 ἕγκῖιημα,

708 3145 910 3196 virtute
935 3153 990 3197 et
1038 3144 1200 3197 rebus
1232 3144 1354 3198 aliis
1381 3145 1594 3214 priores
1640 3160 1699 3200 se
1729 3160 1848 3199 esse
1874 3146 2271 3201 existimarent.
2300 3116 2343 3177 ε
2375 3174 2398 3209 τ

2258 3116 2343 3201 oc
2375 3157 2436 3209 το
2493 3152 2774 3207 κοινωνεῖν
2833 3148 3051 3201 ἑλέσθαι
3101 3150 3212 3208 τοῖς
3264 3144 3391 3208 περὶ
3447 3140 3801 3192 Ἀθανὰσιονο
3849 3136 3946 3185 καὶ

710 3233 841 3287 illud
874 3235 1040 3288 etiam
1087 3236 1333 3292 criminis
1390 3238 1508 3292 loco
1537 3239 1789 3308 objeccre
1814 3277 1829 3299 ,
1867 3242 2275 3297 communicare

708 3342 834 3379 eum
870 3343 991 3380 cum
1017 3328 1317 3381 Athanasio
1347 3329 1588 3383 animum
1641 3330 1919 3385 induxisse
1952 3350 1965 3384 :
2001 3331 2163 3402 idque
2194 3334 2267 3386 itt-

711 3417 875 3481 digne
917 3418 1113 3480 tulere,
1152 3418 1316 3470 veluti
1349 3421 1677 3473 contumelia
1703 3421 1891 3489 synodi
1922 3437 2113 3475 eorum
2151 3437 2280 3476 sen-

713 3511 894 3561 tenti-2
926 3510 1159 3576 irrogata
1194 3519 1357 3563 esset.
1409 3509 1474 3562 Et
1518 3509 1724 3564 factum
1770 3512 1970 3580 ipsum,
2022 3524 2081 3566 ut
2129 3514 2274 3582 quod

711 3613 901 3654 contra
947 3601 1256 3655 sanctiones
1292 3602 1550 3657 Ecclesiae
1594 3603 1970 3672 processisset,
2029 3605 2276 3674 iniquum

717 3707 855 3755 esse,
919 3701 1046 3744 sunt
1087 3692 1422 3746 caiumniati.
1468 3696 1648 3764 Atque
1697 3710 1836 3764 δἐι-θ
1885 3697 1935 3751 id
2000 3697 2080 3752 eis
2135 3714 2275 3763 esse,

718 3795 972 3847 recteque
999 3796 1054 3832 se
1083 3796 1206 3834 eum
1234 3783 1652 3850 reprehendere,
1697 3802 1820 3838 cum
1849 3786 2115 3842 dixissent
2147 3806 2160 3842 :
2191 3805 2281 3858 po-

716 3884 955 3934 sti-emo,
994 3873 1262 3941 siquidem
1311 3889 1433 3928 cum
1482 3879 1807 3931 sententiam
1870 3880 2112 3948 ipsorum
2172 3899 2280 3951 qua

715 3963 838 4016 itlos
874 3964 1349 4030 condemnassent,
1390 3977 1501 4019 tum
1541 3968 1865 4022 electionem
1913 3986 2102 4025 eorum
2144 3987 2282 4041 quos

717 4071 816 4121 pro
847 4054 955 4108 illis
986 4056 1233 4111 ecclesiis
1266 4052 1637 4126 przefecisseut
1663 4100 1677 4124 ,
1719 4063 2143 4131 comprobaret,
2190 4081 2282 4133 pa-

717 4157 865 4199 catos
902 4148 1065 4200 etiam
1102 4162 1159 4200 se
1190 4147 1328 4211 fore,
1356 4158 1410 4203 et
1442 4164 1566 4203 cum
1612 4152 1730 4220 ipso
1759 4156 2281 4212 communicaturos.

720 4237 815 4290 Sin
848 4238 1124 4290 achrsari
1160 4239 1239 4292 eis
1273 4251 1545 4309 pergeret,
1570 4252 1626 4295 et
1659 4243 1802 4310 ipsos
1841 4246 2165 4312 coniunctos
2192 4249 2285 4301 ad-

716 4342 911 4381 versus
967 4342 1092 4381 cum
1148 4330 1322 4382 ituros
1363 4346 1522 4393 esse,
1578 4332 1859 4390 intulere:
1914 4352 2041 4390 cum
2104 4338 2284 4407 neque

2377 3246 2733 3315 ἐχαλέπαινον
2791 3240 2865 3293 di;
2902 3238 3239 3308 ὑϐρισμένης
3295 3234 3392 3300 τῆς
3429 3225 3605 3284 αἰτῶν
3662 3226 3948 3294 συνοδικῆς

2375 3339 2697 3406 ἀποφάσεως
2723 3352 2735 3364 ο
2770 3334 2863 3386 καὶ
2891 3332 2951 3382 τὸ
2984 3329 3296 3396 γενόμενον,
3327 3318 3413 3376 οἷα
3449 3324 3523 3393 μὴ
3560 3321 3700 3374 κατὰ
3727 3321 3817 3370 τὶν
3847 3317 3947 3384 τῆς

2390 3428 2714 3497 Ἐκκλησίας
2785 3422 2986 3491 θεσμὸν
3042 3420 3268 3491 προϐάν,
3312 3418 3385 3477 ὡς
3439 3416 3621 3469 ἄδικον
3674 3410 3946 3463 διέϐαλον.

2378 3521 2539 3575 Δεινά
2569 3522 2625 3574 δὲ
2657 3518 2872 3584 παθεῖν,
2898 3516 2992 3569 καὶ
3017 3513 3239 3574 δικαίως
3267 3509 3451 3580 μέμψα
3466 3507 3587 3559 σθαι
3619 3503 3947 3565 διελθόντες,

2378 3613 2531 3676 τέλος
2563 3612 2633 3675 ὡς
2668 3611 2716 3663 εἰ
2753 3610 2852 3677 μὲν
2886 3606 3104 3675 στέργοι
3152 3603 3259 3655 τῶν
3306 3597 3819 3654 καταδικασθέντων
3852 3592 3952 3659 τὴν

2377 3708 2579 3778 ψῆφονο
2609 3704 2881 3774 ἐπέφερον
2907 3719 2919 3732 '
2950 3701 3045 3754 καὶ
3075 3697 3185 3750 τῶν
3213 3692 3326 3749 ἀντ’
3369 3692 3549 3747 αὺτῶν
3582 3686 3954 3753 εἰσαχθέντων

2380 3802 2499 3862 ταῖς
2528 3797 2846 3866 ἐκκλησίαις
2879 3793 3022 3847 κατά
3052 3791 3267 3852 στάσιν,
3292 3783 3601 3855 εἰρηνεύειν
3636 3781 3730 3832 καὶ
3756 3778 3956 3866 αὐτοὺς

2382 3889 2474 3941 καὶ
2502 3864 2792 3946 κοινωνοὺς
2836 3879 2999 3935 εἶναι.
3040 3876 3455 3946 Ἀντιπράττειν
3486 3871 3529 3924 δ’
3558 3869 3818 3930 ἐθέλοντι,
3856 3864 3955 3917 καὶ

2382 3982 2578 4042 αὐτοὺς
2608 3978 2775 4049 ὁμόσε
2812 3976 2933 4029 κατ’
2959 3974 3171 4026 ἐκείνου
3202 3971 3404 4040 χωρεῖν
3430 3983 3443 3996 ·
3478 3964 3602 4018 ἐπεί
3624 3961 3706 4016 τοί
3731 3977 3791 4025 γε
3828 3958 3957 4011 οὐδὲ

2383 4078 2508 4135 τοὺς
2538 4072 2642 4141 προ
2677 4071 2896 4122 ἐκείνων
2929 4068 3031 4120 ἀνά
3061 4065 3157 4133 τὴν
3190 4064 3265 4116 ἓω
3318 4062 3486 4129 ἱερεῖς
3513 4073 3525 4085 ·
3559 4053 3844 4124 Κορνηλίῳ
3872 4050 3957 4118 τῷ

2396 4164 2618 4233 Ῥώμης
2639 4162 2917 4213 ἀντειπεῖν
2945 4157 3303 4228 ἰσχυρίζοντο,
3325 4151 3564 4220 ὁπηνίκα
3591 4146 3682 4199 τὸν
3708 4142 3958 4212 πρεσϐύ-

2390 4271 2547 4325 τερον
2576 4252 2826 4305 Ναυᾶτον
2859 4250 2955 4317 τῆς
2985 4244 3311 4315 Ἐκκλησίας
3346 4240 3630 4310 ἐξήλαυνε.
3656 4236 3788 4304 Περί
3822 4233 3957 4325 μέν-

2385 4323 2471 4399 τοι
2501 4345 2609 4397 τῶν
2646 4345 2703 4396 ἐν
2738 4340 2943 4410 Νικαίᾳ
2992 4340 3143 4391 οὐδὲν
3177 4335 3446 4407 ἔγραψαν,
3484 4327 3737 4399 περιττὸν
3768 4323 3958 4376 εἰπόν-

721 4420 956 4489 majores
986 4435 1175 4473 eorum
1204 4432 1395 4476 contra
1413 4423 1728 4480 Cornelium
1766 4427 1949 4483 Roma:
1964 4430 2281 4500 epiSCOpum
2313 4462 2363 4520 D
2389 4454 2411 4490 τ

2267 4448 2281 4485 ι
2313 4462 2363 4520 D
2389 4454 2478 4499 τες
2512 4436 2770 4507 γράφειν,
2805 4432 3007 4500 καίπερ
3040 4428 3270 4481 πλεῖστα
3298 4426 3536 4495 ἔχοντες,
3566 4420 3602 4474 ἃ
3630 4420 3697 4471 τὰ
3717 4417 3837 4520 τότε

720 4514 900 4565 conati
935 4512 1142 4581 aliquid
1176 4514 1402 4581 fuerint,
1445 4532 1568 4571 cum
1615 4519 1706 4572 ille
1746 4520 2014 4576 Novatum
2060 4526 2283 4595 presby-

727 4614 902 4657 terum
936 4603 1177 4659 Ecclesia
1203 4609 1589 4664 submovisset.
1607 4611 1677 4664 De
1705 4612 1870 4667 rebus
1900 4630 2028 4670 vero
2048 4616 2283 4672 Nicaeuis

2391 4506 2669 4596 γενημένα
2706 4522 3093 4593 παραιτεῖσθαι
3151 4517 3464 4585 ἀναγκαίως
3500 4513 3707 4566 ἐπειθεί
3754 4506 3960 4560 Τοιάδε

2396 4618 2495 4687 μὲν
2523 4618 2573 4670 οἱ
2611 4618 2710 4685 τῆς
2744 4617 2820 4668 ἕω
2855 4616 3141 4668 ἐπίσκοποι
3180 4610 3255 4678 τῷ
3293 4606 3497 4677 Ἰουλίῳ
3528 4602 3799 4675 ἔγραψαν.

726 4696 863 4750 nihil
934 4697 1284 4767 rescripsere,
1341 4702 1676 4770 superfluum
1740 4705 1794 4758 id
1863 4721 1982 4762 esse
2030 4711 2310 4776 arbitrati,
2353 4711 2567 4767 etiamsi
2634 4708 2868 4779 plurima
2917 4722 3039 4777 qua:
3074 4704 3380 4761 scriberent
3414 4687 3961 4764 haberentzquibus

727 4805 823 4844 sua
855 4789 994 4844 facta
1032 4790 1315 4846 commode
1346 4807 1607 4848 excusare
1655 4808 1897 4865 possent.
1965 4800 2022 4855 In
2088 4817 2207 4857 eam
2272 4804 2600 4860 sententiam
2627 4800 2932 4857 Orientales
2980 4796 3222 4868 episcopi
3253 4794 3319 4848 ad
3346 4792 3551 4848 Julium
3596 4789 3811 4845 litteras
3859 4789 3959 4843 de-

798 4901 874 4939 re.

798 4901 874 4939 re.

726 4887 793 4941 de
1236 4979 1399 5052 337
1434 4980 1656 5037 CAPUT
1692 4981 1778 5035 ix.

734 5068 797 5125 Ut
823 5073 1111 5144 imperator
1138 5071 1366 5125 Paulum
1409 5088 1500 5139 per
1552 5071 1857 5144 Philippum
1888 5077 2189 5144 pra'fectum
2238 5079 2293 5131 in

801 5143 1043 5195 exsilium
1104 5144 1192 5211 agi
1244 5145 1506 5195 curaverit
1536 5182 1550 5205 ,
1605 5142 1971 5197 Macedoniam
2001 5142 2190 5199 autem
2238 5148 2293 5200 in

804 5214 986 5286 tln'ono
1036 5213 1357 5286 collocarit:
1412 5221 1460 5263 et
1518 5221 1575 5263 ut
1634 5212 1957 5267 Athanasius
2020 5216 2143 5286 fuga
2199 5218 2296 5270 sibi

801 5281 1142 5335 consuluerit.

802 5394 1122 5447 Constantio
1173 5409 1299 5449 vero
1369 5394 1683 5464 imperatori
1755 5395 2058 5454 Antiochia:
2110 5401 2290 5469 agenti

733 5488 1056 5549 scribentes,
1084 5486 1204 5540 illos
1229 5498 1286 5540 ut
1316 5486 1606 5542 seditiosos
1633 5490 1881 5545 homines
1910 5505 1940 5544 a
1960 5506 2020 5545 se
2041 5493 2297 5560 expulsos

733 5596 874 5641 esse,
905 5589 1032 5633 sunt
1066 5580 1404 5634 calumniati.
1438 5579 1533 5634 llle
1566 5580 1654 5634 ubi
1686 5580 1909 5636 Paulum
1945 5598 2297 5652 recuperasse

736 5671 912 5722 locum
975 5684 1133 5722 suum
1169 5669 1398 5733 audivit,
1456 5670 1749 5725 admodum
1808 5671 2066 5727 ferociit:
2126 5683 2179 5727 et
2230 5674 2293 5727 ad

2997 4976 3245 5030 ΚΕΦΑΛ.
3278 4974 3333 5027 Θ⁹

2406 5075 2505 5138 Ὧς
2531 5076 2563 5126 ὀ
2579 5069 2879 5138 ,ϐασιλεὺς
2919 5069 3160 5123 Παῦλον
3180 5064 3565 5133 ἐξορισθῆναι
3601 5062 3698 5138 διὰ
3747 5063 3963 5138 dmi/an:

2464 5133 2594 5197 πού
2636 5140 2743 5194 τοῦ
2797 5133 3065 5207 ἐπάρχου
3092 5138 3395 5207 κέποιήσε·
3464 5135 3835 5207 Μακεδόνων
3889 5133 3965 5187 δὲ

2464 5212 2812 5281 ἐνεθρόνισε
2832 5225 2846 5242 ³
2877 5205 3041 5278 φύγῇ
3077 5206 3144 5259 δὲ
3180 5205 3487 5275 ἐχρήσατο
3518 5205 3884 5268 Ἀθανάσιος.

2471 5397 2832 5464 Κωνσταντίῳ
2870 5394 2927 5448 δὲ
2970 5393 3049 5464 τῷ
3086 5391 3295 5463 βασιλεῖ
3325 5390 3444 5444 κατ’
3492 5390 3829 5458 Ἀντιόχειαν
3864 5388 3968 5449 τὰς

2397 5490 2683 5560 διατριϐάς
2732 5486 3044 5557 ποιουμένῳ
3100 5485 3403 5553 γράφοντες
3437 5480 3684 5535 διέϐαλον
3725 5481 3799 5538 ὡς
3834 5495 3969 5530 στα-

2400 5582 2615 5644 σιώδεις
2643 5582 2769 5644 τοὺς
2802 5565 2939 5650 πρὸς
2968 5577 3195 5632 ἐκείνων
3224 5572 3682 5645 ἐκϐεϐλημένους.
3713 5570 3971 5637 Πυθόμε-

2399 5694 2485 5737 νος
2517 5674 2571 5727 δὲ
2609 5674 2704 5728 καὶ
2736 5671 2948 5728 Παῦλον
2977 5670 3135 5735 αὖθις
3166 5669 3447 5739 εἰληφέναι
3478 5667 3568 5720 τὸν
3599 5665 3809 5736 θρόνον,
3833 5663 3973 5733 ἐθη-

807 5780 881 5845 tl)
932 5778 1085 5835 Socr.
1153 5780 1246 5835 lib.
1312 5797 1372 5846 ιι,
1430 5798 1549 5853 cap.
1619 5784 1970 5847 l5;Sozom.
2038 5786 2134 5841 lib.
2198 5804 2275 5851 ιιι,
2319 5802 2436 5857 cap.
2479 5787 2532 5843 8.
