4280 6436
745 415 846 478 25⁸1

1973 403 2352 468 NICEPHOB
2370 404 2386 459 ι
2447 401 2533 459 CA
2549 403 2584 461 L
2599 402 2789 462 HSTI

3884 400 3991 468 252

751 527 1064 594 formulam,
1109 544 1204 586 seu
1249 531 1671 601 expositionem,
1717 523 1865 597 quod
1917 524 2129 580 scilicet
2159 523 2320 577 verba
2356 521 2393 572 Α
2425 530 2441 561 t.

2298 537 2320 573 ιι
2356 521 2393 572 Α
2425 511 2718 580 ὠνόμασαν
2750 511 2988 579 ἔκθεσιν,
3047 514 3142 568 ἆτε
3175 514 3264 584 ’δὴ
3313 516 3528 581 πολλοῖς
3558 517 3767 588 ῥήμασί
3805 533 3864 569 τε
3898 518 3988 568 καὶ

749 629 805 674 et
835 622 1139 678 sententias
1175 622 1359 689 plures
1391 623 1870 692 complecteretur.
1923 617 2124 673 Verum
2162 631 2231 670 ne
2264 617 2316 669 in

747 727 814 765 eo
843 712 1064 780 quidem
1106 713 1428 768 substantia:
1459 714 1554 769 Dei
1605 712 1930 768 nominatim
1984 709 2317 764 mentionem

754 803 953 858 fecere.
981 804 1085 858 Eos
1141 820 1273 858 vero
1310 806 1402 873 qui
1426 804 1621 860 Filium
1656 821 1719 859 ex
1739 819 1849 858 non
1893 801 2317 863 exsistentibus,

750 903 842 948 aut
907 911 972 950 ex
1017 897 1119 950 alia
1173 897 1524 952 subsistentia
1577 911 1740 966 quam
1783 911 1846 950 ex
1902 895 2010 948 Deo
2063 909 2213 954 esse.
2264 902 2321 947 et

749 987 920 1042 fuisse
975 988 1305 1056 quandoque
1345 997 1559 1058 tempus
1588 997 1682 1042 aut
1736 987 2024 1048 sarculum.
2076 1001 2199 1039 eum
2230 985 2322 1038 ille

748 1094 856 1131 non
916 1080 1102 1145 fuerit,
1153 1079 1426 1146 dicerent,
1490 1081 1890 1150 proscripsere.
1949 1079 2228 1147 Scriptum
2265 1077 2316 1130 id

753 1171 984 1237 pertulit
1015 1171 1298 1228 Eudoxins
1353 1172 1712 1228 Germaniciae
1749 1174 1999 1234 antistes.
2029 1172 2120 1240 qui
2157 1171 2318 1225 etiam

751 1270 872 1328 post
899 1260 1275 1316 Macedoniam
1310 1263 1931 1331 Constantinopolitanae
1978 1261 2194 1331 praefuit
2225 1262 2324 1315 Ec-

750 1350 928 1405 clesia:
965 1369 980 1405 :
1031 1362 1086 1406 et
1127 1353 1440 1425 Martyrins.
1483 1363 1538 1408 et.
1581 1355 1929 1410 Macedonius
1979 1353 2321 1422 Mopsuestia:

750 1442 961 1497 Cilicia:
1013 1444 1327 1513 episcopus.
1385 1443 1765 1498 Occidentales
1789 1444 2030 1513 episcopi
2054 1445 2318 1512 scriptum

753 1547 861 1584 non
889 1541 1221 1601 receperunt
1265 1552 1277 1588 :
1317 1533 1564 1587 suﬂicere
1613 1534 1714 1587 sibi
1740 1533 2014 1588 Nicmnam
2046 1535 2168 1588 lidci
2193 1550 2321 1604 pro-

752 1625 1069 1690 fessionem,
1139 1641 1317 1694 neque
1369 1640 1427 1682 se
1487 1626 1721 1680 ulterius
1765 1628 1922 1682 anxie
1954 1628 2116 1682 nimis
2141 1635 2196 1681 et
2226 1643 2323 1681 cu-

754 1716 900 1770 riose
950 1715 1227 1784 inquirere
1280 1715 1348 1769 de
1387 1731 1449 1770 ea
1490 1716 1649 1777 velle,
1686 1716 1965 1770 dicentes:
1994 1727 2158 1785 atque
2191 1716 2321 1770 illud

751 1811 913 1860 etiam
940 1818 1325 1877 praetexentes,
1350 1809 1525 1862 aliena
1554 1808 1740 1877 lingua
1785 1808 2026 1861 libellum
2053 1807 2318 1876 scriptum

753 1915 898 1966 esse,
953 1912 1009 1956 et.
1066 1917 1124 1955 se
1170 1901 1462 1955 verborum
1496 1901 1822 1956 sententiam
1849 1916 1956 1953 non
1990 1901 2314 1968 intelligere.

754 1993 989 2062 Longior
1023 2003 1206 2048 autem
1246 1993 1336 2046 illa
1398 1993 1666 2061 expositio
1719 1993 1784 2045 ad
1823 1992 2050 2046 verbmn
2093 1993 2208 2046 haec
2233 2001 2318 2046 est

753 2087 1036 2154 complexa
1093 2103 1110 2139 :
1176 2105 1192 2136 ι
1238 2084 1527 2140 Credimus
1581 2084 1634 2137 in
1686 2100 1854 2137 unum
1885 2085 2074 2147 Deum,
2103 2083 2318 2138 Patrem

752 2179 1209 2247 omnipotentem,
1228 2187 1531 2231 creatorem
1547 2185 1599 2230 et
1618 2176 1876 2231 factorem
1896 2176 2276 2230 universorum
2305 2193 2319 2230 :

753 2287 818 2326 ev
869 2285 979 2339 quo
1028 2271 1208 2324 omnis
1265 2269 1562 2338 paternitas
1616 2269 1668 2321 in
1706 2269 1858 2322 malis
1888 2275 1943 2322 et
1973 2267 2024 2321 in
2051 2277 2194 2321 terra
2226 2283 2326 2320 no-

754 2361 1014 2416 minatur.
1043 2361 1107 2415 Et
1134 2363 1186 2415 iu
1225 2361 1567 2431 unigenitum
1603 2359 1801 2414 Filium
1827 2363 1945 2428 ejus
1963 2362 2144 2415 Jcsum
2162 2359 2324 2413 Chri-

757 2462 925 2513 stum,
958 2452 1246 2506 Dominum
1301 2461 1578 2514 nostrum,
1613 2459 1739 2504 ante
1770 2451 1951 2504 omnia
1987 2450 2230 2521 genitum
2257 2464 2324 2504 ex

760 2546 945 2609 Patre,
984 2545 1152 2600 Deum
1182 2545 1249 2599 de
1282 2545 1413 2606 Deo,
1442 2544 1626 2597 lumen
1678 2543 1746 2598 de
1787 2543 2014 2610 lumine,
2048 2559 2144 2612 per
2162 2557 2324 2612 quem

759 2637 901 2689 facta
951 2643 1078 2690 sont
1130 2637 1314 2689 omnia
1346 2635 1402 2690 in
1428 2636 1583 2690 cmlis
1608 2645 1665 2690 et
1707 2637 1759 2688 iu
1797 2644 1962 2698 terra,
1997 2634 2236 2689 visibilia
2271 2641 2327 2688 et.

757 2723 1056 2777 invisibilia
1120 2742 1133 2776 :
1183 2724 1420 2777 Verbum
1463 2722 1842 2786 exsisteutem,
1891 2733 1946 2776 et
1976 2723 2326 2791 sapientiam,

756 2829 812 2870 et
845 2818 1126 2878 virtutem,
1158 2824 1212 2871 et
1247 2818 1440 2879 vitam,
1462 2825 1516 2869 et
1568 2815 1755 2870 lumen
1781 2829 1990 2870 verum.
2018 2814 2119 2880 Qui
2148 2821 2329 2868 extre-

758 2909 862 2962 mis
888 2906 1084 2962 dicbus
1119 2920 1342 2977 prepter
1375 2923 1473 2960 uos
1508 2909 1670 2960 homo
1712 2907 1906 2966 factus,
1929 2916 1985 2962 et
2011 2923 2076 2961 ex
2109 2907 2328 2976 Virgine

760 3007 948 3054 sancta
995 3007 1176 3064 natus,
1234 2997 1529 3052 cruciﬁxus
1588 3009 1643 3053 et
1696 3006 1946 3052 mortuus
1977 3008 2032 3052 et
2059 2998 2327 3066 sepultus,

760 3091 917 3144 tertia
944 3091 1032 3144 die
1058 3089 1360 3143 resurrexit
1390 3107 1403 3141 τ
1434 3099 1488 3144 et
1539 3097 1798 3158 receptus
1847 3089 1902 3142 in
1953 3089 2142 3152 caelos,
2177 3089 2332 3143 sedet

2423 608 2656 674 νοήμασι
2707 607 3098 676 συγκειμένην.
3169 608 3312 662 Ἀλλ’
3364 609 3456 662 οὖδ
3505 611 3561 661 ἐν
3605 609 3779 677 ταύτῃ
3805 609 3987 669 οὐσίας

2422 697 2558 750 θεοῦ
2612 697 2734 750 κατ’
2786 697 2956 766 ὄνομα
2995 698 3186 767 μνείαν
3221 699 3569 767 πεποίηνται.
3622 699 3762 761 Τούς
3793 717 3856 765 γε
3885 698 3988 766 μὴν

2421 791 2703 857 λέγοντας,
2761 787 2821 854 ἐξ
2875 792 3072 859 ἐτέρας
3126 792 3502 855 ὑποστάσεως,
3546 791 3666 860 ἢὲξ
3694 793 3796 844 οῦκ
3820 791 3990 843 ὄντων

2420 883 2510 934 τὸν
2551 883 2698 959 Υίον,
2757 883 2849 934 καὶ
2881 883 2981 934 οῦκ
3015 883 3078 934 ἐκ
3131 882 3290 947 Θεοῦ,
3324 884 3406 936 ὅτι
3459 879 3527 954 ἦν
3561 886 3692 936 ποτὲ
3736 884 3923 951 χρόνος
3955 883 3987 952 ἡ

2421 976 2555 1028 αἰὼν
2585 976 2671 1027 ὅτε
2700 975 2800 1028 οῦκ
2824 971 2911 1042 ἦν,
2938 975 3351 1043 ἀπεκήρυττον.
3403 975 3692 1040 Διεκόμιζε
3727 975 3827 1043 τὴν
3850 993 3990 1044 γραο

2423 1066 2530 1134 φὴν
2563 1063 2810 1129 Εὑδόξιος
2841 1065 2869 1116 δ
2897 1065 3267 1136 Γερμανικίας
3300 1065 3621 1130 ἐπίσκοπος,
3647 1065 3706 1128 ὃς
3727 1069 3820 1118 καὶ
3849 1065 3993 1134 μετά

2421 1158 2760 1212 Μακεδόνων
2787 1157 2889 1225 τῆς
2927 1156 3336 1210 Κωνσταντίνου
3364 1158 3604 1226 προέστη
3627 1174 3639 1187 ·
3673 1158 3993 1227 Μτρτύρεός

2420 1269 2480 1303 τε
2513 1252 2608 1302 καὶ
2639 1250 2972 1311 Μακεδόνιος
3014 1248 3396 1318 Μοψουεστίας
3430 1251 3525 1317 τῆς
3559 1252 3612 1300 ὲν
3638 1249 3863 1317 Κιλικία
3889 1249 3991 1318 τὴν

2423 1341 2729 1410 ἐπισκοπὴν
2756 1340 2913 1410 ἔχων.
2935 1342 2997 1393 Οἱ
3025 1340 3071 1393 δ’
3100 1340 3347 1409 ἑσπέριοι
3368 1342 3532 1409 ἱερεῖς
3553 1341 3612 1392 οὐ
3640 1343 3992 1409 προσήκαντο

2423 1431 2521 1500 τὴν
2555 1433 2794 1501 γραφήν.
2827 1429 3185 1499 ’Λποχρῶσαν
3207 1429 3315 1498 γὰρ
3355 1428 3536 1490 αὐτοῖς
3578 1429 3675 1498 τὴν
3707 1431 3764 1480 ἐν
3785 1428 3994 1497 Nini;

2425 1522 2661 1590 ἔφασκον
2685 1519 2827 1574 εἶναι
2856 1522 3066 1586 πίστιν,
3093 1525 3190 1572 καὶ
3219 1521 3531 1590 περαιτέρω
3559 1521 3632 1588 μὴ
3668 1519 3990 1588 πολυπραγο

2427 1611 2608 1680 μονεῖν
2668 1608 2874 1662 ἐθέλειν
2938 1607 3108 1678 ᾤοντο
3136 1609 3247 1659 δεῖν
3269 1622 3284 1635 '
3342 1608 3399 1658 ὲν
3429 1608 3671 1675 σχήματι
3705 1606 3879 1657 δὲκαὶ
3935 1605 3995 1657 τὸ

2425 1700 2798 1767 ἀλλόγλωσσον
2829 1701 2923 1752 καὶ
2961 1699 3020 1750 τ’)
3051 1696 3126 1766 μὴ
3164 1697 3406 1750 συνιέναι
3437 1697 3502 1747 τὰ
3534 1698 3801 1764 εἰρημένα
3827 1696 3995 1764 προῦ-

2427 1794 2706 1846 6ἀλλοντο.
2755 1792 2818 1843 Ἦ
2871 1791 2928 1844 δὲ
2962 1790 3052 1844 διὰ
3110 1790 3336 1858 μακρῶν
3374 1788 3584 1848 ἔκθεσις
3612 1786 3782 1838 ταῦτα
3816 1789 3993 1855 ῥῆμα·

2432 1903 2514 1937 σιν
2542 1884 2722 1943 αὐτοῖς
2759 1881 3119 1948 διελάμϐανεο
3166 1899 3183 1930 ι
3226 1879 3564 1944 Πιστεῦομεν
3597 1881 3676 1939 είς
3712 1877 3806 1928 ἕνα
3837 1876 3996 1941 Θεὸν,

2429 1977 2647 2047 Πατέρα
2701 1966 3141 2042 παντῖκράτορα,
3198 1974 3422 2039 κτίστην
3485 1971 3580 2022 καὶ
3609 1970 3842 2038 ποιητὴν
3885 1968 3995 2020 τῶν

2431 2072 2675 2120 πάντων·
2707 2068 2765 2132 ἐξ
2795 2058 2855 2118 οἵ)
2883 2067 3034 2117 πᾶσα
3061 2065 3268 2133 πατριὰ
3287 2063 3345 2113 ἐν
3367 2062 3621 2130 οὐρανοῖς
3644 2060 3738 2111 καὶ
3769 2060 3859 2109 ἐπὶ
3887 2057 3998 2125 γῆς

2428 2159 2787 2226 ὀνομάζεται⁶
2851 2158 2949 2209 καὶ
2983 2157 3062 2216 εἰς
3088 2155 3178 2206 τὶν
3220 2152 3488 2222 μονογενῆ
3533 2148 3698 2204 αὑτοῦ
3731 2149 3858 2202 Υίον
3888 2148 3998 2218 Ἰη-

2432 2249 2556 2301 σοῦν
2583 2249 2819 2314 Χρισττιν
2850 2247 3057 2314 Κύριον
3099 2245 3270 2312 ἡμῶν,
3300 2242 3391 2294 τὸν
3418 2243 3523 2311 πρὸ
3556 2242 3779 2294 πάντων
3805 2254 4004 2306 γεννηο

2432 2339 2596 2392 θέντα
2623 2339 2682 2390 ὲκ
2709 2336 2802 2388 τοῦ
2833 2335 3041 2404 Πατρός
3071 2352 3086 2367 ο
3119 2334 3254 2386 Θεὶν
3279 2335 3339 2386 ἐκ
3370 2332 3527 2396 Θεοῦ,
3563 2332 3679 2399 φῶς
3709 2332 3771 2384 ἐκ
3795 2329 3998 2398 ςσωτδς,

2430 2430 2496 2483 δι’
2522 2425 2583 2483 οὗ
2612 2429 2826 2497 ἐγένετο
2851 2430 2920 2480 τὰ
2967 2428 3144 2480 πάντα
3185 2427 3251 2478 τὰ
3286 2429 3345 2478 ὲν
3389 2427 3640 2494 οὐρανοῖς
3673 2424 3766 2476 καὶ
3805 2421 3874 2474 τὰ
3908 2420 4002 2473 ἐπὶ

2433 2524 2530 2591 τῆς
2561 2523 2684 2592 γῆς,
2709 2521 2776 2572 τὰ
2809 2521 2982 2588 ὁρατά
3023 2519 3116 2571 καὶ
3148 2517 3218 2569 τὰ
3250 2517 3456 2586 ἀόρατα
3481 2532 3497 2546 ·
3533 2515 3703 2578 Λόγον
3747 2511 3874 2562 ὄντα
3902 2509 4005 2562 καὶ

2436 2612 2630 2682 σοφίαν
2663 2611 2756 2663 καὶ
2804 2609 3038 2677 δύναμιν
3092 2610 3188 2660 καὶ
3241 2605 3386 2674 ζωὴν
3421 2604 3517 2656 καὶ
3553 2603 3666 2672 φῶς
3698 2599 3957 2666 ἀληθινόν
3983 2613 3999 2630 ο

2432 2705 2528 2756 τὸν
2562 2702 2652 2755 ἐπ’
2673 2701 2921 2770 ἐσχάτων
2951 2699 3061 2753 τῶν
3091 2699 3312 2770 ἡμερῶν
3344 2695 3414 2750 δι’
3462 2698 3610 2765 ἡμᾶς
3641 2692 4004 2761 ὲνανθρωπὴ-

2437 2813 2626 2860 σαντα,
2648 2795 2741 2848 καὶ
2767 2793 3098 2862 γεννηθέντα
3129 2793 3192 2843 ὲκ
3224 2789 3325 2858 τῆς
3377 2788 3538 2854 ἁγίας
3567 2783 3843 2854 Παρθένου
3869 2799 3881 2810 ·
3907 2781 4005 2832 τὸν

2439 2883 2820 2952 σταυρωθέντα
2850 2881 2946 2934 καὶ
2973 2879 3336 2940 ἀποθανόντα,
3359 2876 3454 2928 καὶ
3480 2873 3720 2942 ταφέντα
3749 2871 3843 2923 καὶ
3870 2871 4004 2922 ἀνα-

2441 2977 2637 3028 στάντα
2663 2977 2727 3042 τῇ
2753 2973 2910 3042 τρίτῃ
2930 2972 3112 3040 ἡμέρα
3133 2985 3147 3001 ·
3183 2972 3276 3022 καὶ
3306 2965 3692 3035 ἀναληφθέντα
3723 2966 3803 3024 εἰς
3837 2963 3978 3030 οὐρα
3997 2989 4010 3000 ο

2438 3069 2584 3131 νοῦς,
2621 3065 2716 3117 καὶ
2742 3063 3081 3117 καθεσθέντα
3117 3063 3178 3113 ἐκ
3209 3059 3402 3124 δεξιῶν
3431 3057 3529 3112 τοῦ
3561 3055 3772 3126 Πατρός
3798 3071 3812 3086 ο
3849 3053 4008 3125 ἐρχόο

761 3180 826 3232 ad
850 3181 1093 3233 dextram
1113 3178 1310 3241 Patris,
1330 3188 1593 3233 venturus
1616 3178 1668 3232 in
1689 3177 2156 3234 consummatione
2168 3193 2334 3233 saecu-
2362 3205 2404 3261 ο
2443 3180 2451 3229 l

2318 3206 2334 3218 .
2362 3205 2404 3261 ο
2443 3178 2606 3229 μενον
2629 3159 2719 3211 ἐπὶ
2746 3158 3030 3228 συντελείᾳ
3055 3157 3164 3210 τῶν
3188 3157 3423 3219 αἰώνων,
3457 3154 3641 3222 κρῖναι
3665 3152 3878 3215 ζιίντας
3911 3151 4008 3203 καὶ

2623 3252 2634 3261 .
2810 3250 2887 3261 ..
2979 3249 3064 3261 --
3222 3249 3311 3261 ..
3585 3242 3968 3261 ...ηιμ

762 3273 942 3328 lorum
987 3272 1054 3326 ad
1103 3258 1456 3343 jtidicandum
1519 3281 1749 3327 vrvoset
1781 3280 2048 3334 mortuos,
2094 3281 2148 3325 et
2203 3271 2332 3325 red-

764 3365 1001 3418 drndum
1069 3367 1270 3435 cuique
1316 3364 1620 3419 secundum
1662 3380 1822 3433 epera
1856 3366 1996 3434 ejus.
2043 3364 2214 3433 Cujus
2251 3378 2338 3417 re-

766 3474 929 3528 gnum
964 3459 1390 3514 interminatam.
1414 3467 1468 3512 et
1499 3459 1550 3511 in
1583 3455 1789 3510 infinita
1811 3457 2006 3510 sarcula
2039 3464 2340 3524 permanet.

771 3550 1001 3604 Sedebit
1064 3550 1206 3602 enim
1246 3549 1298 3602 in
1351 3549 1541 3603 dextra
1590 3548 1767 3602 Patris
1791 3563 1896 3600 nmt
1927 3556 2133 3601 tantum
2163 3547 2216 3600 in
2243 3561 2344 3601 saa-

771 3643 895 3694 enlo
945 3642 1072 3702 isto,
1123 3640 1216 3694 sed
1278 3647 1332 3695 et
1381 3640 1435 3692 in
1480 3638 1686 3692 futuro.
1725 3638 2015 3693 Credimus
2046 3652 2177 3690 vero
2209 3637 2340 3691 ctiu

773 3733 1036 3803 Spiritum
1102 3744 1376 3796 sanctum,
1435 3732 1536 3785 lioe
1579 3739 1683 3795 est,
1724 3732 1775 3783 in
1807 3730 2147 3784 Parncicittm
2179 3743 2339 3796 quem

773 3823 1035 3891 apostolis
1094 3823 1446 3891 promissum,
1509 3831 1632 3890 post
1689 3822 2066 3876 ascensionem
2093 3835 2246 3874 suam
2286 3821 2340 3874 in

777 3916 961 3976 rmlos,
994 3913 1161 3980 misit,
1213 3913 1518 3968 ntdoceret
1555 3922 1611 3967 et
1643 3921 1959 3981 suggereret
1996 3913 2076 3965 eis
2101 3910 2283 3964 omnia
2322 3925 2336 3962 :

777 4022 873 4075 per
900 4021 1060 4074 quem
1092 4007 1255 4059 etiam
1302 4004 1714 4060 sanctiﬁcantur
1755 4017 1967 4066 eorum,
1994 4002 2085 4072 qui
2129 4002 2342 4055 sincere

778 4099 831 4150 iu
861 4099 1038 4166 ipsum
1065 4097 1317 4159 credunt,
1375 4098 1585 4149 animm.
1649 4094 1812 4164 692
1839 4093 1939 4159 Qui
1975 4108 2102 4146 vero
2129 4093 2340 4154 dicunt,

777 4206 842 4242 ex
884 4204 988 4241 non
1023 4187 1416 4242 cxsistentibus
1443 4202 1562 4240 esse
1620 4186 1836 4243 Filium,
1868 4193 1964 4239 aut
1987 4198 2054 4239 ex
2082 4185 2185 4238 alia
2211 4184 2343 4238 sub-

779 4278 1045 4342 sistentia,
1077 4286 1133 4330 et
1164 4292 1272 4330 non
1299 4291 1363 4329 ex
1401 4276 1510 4329 Deo
1533 4316 1546 4336 ,
1586 4283 1640 4329 et
1664 4273 1807 4343 quod
1847 4272 2014 4327 fuerit
2047 4273 2342 4342 aliquando

781 4379 995 4437 tempus
1041 4382 1163 4422 cum
1219 4383 1326 4422 nou
1384 4366 1592 4421 fuerit:
1631 4380 1725 4420 eos
1781 4365 1989 4418 alienos
2023 4365 2175 4418 novit
2222 4379 2341 4418 esse

781 4468 971 4512 sancta
1028 4458 1295 4512 catholica
1357 4458 1621 4513 Ecclesia.
1657 4456 1775 4511 Non
1807 4457 1988 4509 minus
2016 4465 2071 4510 et
2097 4471 2214 4518 eos,
2244 4456 2339 4524 qui

2442 3252 2703 3320 νεκρούς·
2737 3250 2829 3303 καὶ
2864 3249 3162 3303 ἀποδοῦναι
3217 3249 3431 3318 ἑκάστῳ
3464 3245 3608 3298 κατά
3637 3246 3708 3298 τὰ
3739 3242 3875 3313 ἔργα
3904 3242 4010 3296 αὐ-

2442 3343 2564 3395 τοῦ·
2600 3342 2660 3395 οῦ
2694 3343 2728 3411 ἠ
2780 3340 3028 3409 βασιλεία
3056 3342 3481 3400 ἀκατάπαυστος
3545 3334 3705 3396 οὖσα.
3755 3335 4011 3403 διαμένει

2441 3437 2522 3494 είς
2553 3434 2817 3502 ἀπείρους
2872 3433 3098 3494 αἰῶνας.
3154 3431 3464 3494 Καθέζεται
3493 3429 3603 3499 γὰρ
3632 3430 3688 3482 ὲν
3731 3427 3882 3496 δεξιᾷ
3913 3423 4011 3478 τοῦ

2445 3528 2654 3596 Πατρὺς
2699 3527 2758 3578 οὗ
2792 3525 2950 3595 μόνον
2993 3527 3048 3576 ἐν
3082 3525 3161 3592 τῷ
3211 3525 3368 3576 αἰῶνι
3401 3525 3601 3592 τούτῳ,
3653 3521 3792 3574 ἀλλὰ
3823 3521 3917 3572 καὶ
3952 3519 4011 3569 ὲν

2442 3619 2518 3688 τῷ
2549 3618 2818 3687 μέλλοντι.
2878 3617 3215 3685 Πιστεῦομεν
3261 3616 3318 3669 δὲ
3350 3618 3439 3669 καὶ
3483 3617 3564 3676 είς
3594 3613 3654 3666 τὸ
3677 3611 3901 3680 Πνεῦμα
3949 3611 4015 3663 τὺ

2443 3710 2599 3777 ἅγιον
2625 3749 2639 3772 ,
2698 3708 2973 3760 τουτέστιν
3003 3709 3081 3769 εἰς
3111 3708 3203 3759 τὸν
3242 3708 3630 3776 Παρακλητον,
3658 3705 3796 3774 ὅπερ
3830 3707 4013 3771 ἐπαγο

2444 3801 2762 3870 γειλὰμενος
2815 3803 2927 3856 τοῖς
2967 3800 3290 3860 ἀποστόλοις
3321 3798 3461 3868 μετὰ
3498 3797 3594 3868 τὴν
3633 3799 3707 3858 εἰς
3741 3797 4016 3866 οὐρανοὺς

2446 3891 2650 3956 ἄνοδον,
2684 3892 2971 3953 ἀπέστειλε
3023 3891 3234 3956 διδάξαι
3293 3890 3387 3944 καὶ
3437 3890 3753 3958 ὑπομνῆσαι
3811 3889 4014 3949 αὐτοὺς

2445 3983 2651 4034 πάνταο
2679 3983 2746 4036 δι’
2790 3976 2849 4036 οῦ
2881 3985 2976 4037 καὶ
3005 3981 3326 4048 ἀγιάζονται
3360 3983 3413 4035 αῖ
3443 3983 3549 4034 τῶν
3588 3981 3897 4048 εἰλικρινῶς
3933 3982 4012 4040 εἷς

2445 4074 2608 4126 αὐτὸν
2640 4075 3002 4128 πιστευόντων
3033 4075 3224 4144 ψυχαί.
3261 4075 3398 4136 Τοὺς
3426 4074 3481 4127 δὲ
3509 4075 3788 4140 λέγοντας.
3820 4072 3878 4136 ἐξ
3911 4075 4017 4124 οὐκ

2444 4165 2614 4218 ὄντων
2646 4165 2739 4216 τὸν
2762 4165 2909 4227 Υἱδν,
2944 4165 2976 4234 ἢ
3009 4166 3065 4230 ἐξ
3097 4165 3291 4233 ἐτέρας
3325 4165 3677 4224 ὑποστάσεως
3708 4165 3800 4216 καὶ
3844 4162 3920 4232 μὴ
3950 4164 4018 4215 ἐκ

2443 4258 2538 4310 τοῦ
2564 4257 2723 4321 Θεοῦ,
2763 4259 2857 4310 καὶ
2885 4257 2965 4308 ὅτι
2993 4253 3062 4324 ἦν
3085 4273 3214 4309 ποτε
3262 4258 3452 4325 χρόνος
3486 4257 3573 4307 ὅτε
3627 4256 3702 4324 μὴ
3726 4250 3814 4323 ἦν,
3851 4253 4018 4306 ἀλλο-

2443 4349 2632 4419 τρίους
2661 4343 2800 4401 οἶδεν
2833 4348 2867 4417 ὴ
2914 4347 3044 4414 ἀγία
3094 4347 3358 4415 καθολικη
3423 4345 3755 4412 Ἐκκλησία·
3806 4345 4019 4412 ὁμοίως

2447 4441 2541 4492 καὶ
2566 4439 2691 4501 τοὺς
2719 4438 2984 4506 λέγοντας
3004 4441 3155 4506 τρεῖς
3182 4433 3324 4490 εἶναι
3343 4437 3509 4500 Θεοῦς
3533 4452 3547 4466 ·
3593 4437 3625 4504 ἢ
3661 4437 3752 4489 τὸν
3775 4435 4018 4502 Χριστὸν

780 4550 974 4603 dicunt
1027 4561 1138 4604 tres
1197 4564 1318 4604 esse
1375 4551 1529 4612 deos,
1590 4558 1682 4602 aut
1736 4548 2012 4600 Christum
2064 4562 2172 4600 non
2223 4551 2470 4618 esseni-

2329 4562 2343 4601 ,
2371 4559 2421 4618 Β
2452 4534 2524 4602 μὴ
2559 4529 2700 4586 εἶναι
2729 4531 2862 4584 Θεὸν
2886 4533 2992 4600 προ
3013 4530 3119 4583 τῶν
3143 4529 3356 4584 αἰώνων
3377 4544 3391 4558 ’
3426 4530 3564 4599 μήτε
3589 4529 3850 4596 Χριστὸν,
3874 4529 4019 4596 μήτε

782 4642 952 4695 Deum
1008 4648 1132 4694 ante
1190 4639 1384 4693 saecula
1441 4655 1456 4692 :
1497 4653 1676 4707 neque
1714 4636 2016 4700 Christum,
2043 4650 2222 4705 neque
2253 4634 2346 4688 Fi-

784 4734 918 4786 lium
945 4732 1037 4785 Dei
1071 4732 1246 4801 ipsum
1278 4746 1397 4785 esse
1429 4747 1442 4795 ;
1475 4739 1569 4783 aut
1597 4727 1850 4783 eumdem
1882 4741 2002 4782 esse
2040 4735 2096 4779 et
2131 4727 2344 4779 Patrem

780 4837 839 4880 et
863 4825 1054 4880 Filium
1093 4832 1146 4878 et
1177 4822 1438 4892 Spiritum
1493 4829 1759 4881 sanctum,
1820 4816 2238 4887 autingenitum
2261 4815 2349 4869 Fi-

786 4919 1076 4972 liumzaut
1137 4915 1283 4984 quod
1343 4929 1449 4967 non
1509 4928 1575 4966 ex
1631 4910 1912 4980 proposito
1951 4923 2127 4978 neque
2152 4907 2350 4960 volun-

788 5015 899 5059 tate
965 5005 1123 5057 Pater
1184 5002 1380 5055 Filium
1448 4999 1700 5070 genuerit
1751 5014 1765 5052 :
1814 4995 2161 5050 anathemate
2223 4993 2351 5049 ferit

789 5101 975 5149 sancta
1023 5101 1078 5146 et
1138 5092 1406 5145 catholica
1455 5089 1722 5144 Ecclesia.
1773 5088 1891 5142 Non
1935 5088 2105 5148 enim,
2147 5101 2213 5139 ex
2243 5099 2350 5139 non

789 5186 1175 5240 exsistentibus
1219 5200 1339 5238 esse
1419 5184 1652 5246 Filium,
1703 5182 1886 5235 dicere
1951 5189 2126 5233 tutum
2200 5187 2284 5232 est.
2333 5193 2350 5232 ι

791 5277 1236 5348 quandoquidem
1306 5275 1502 5330 nullibi
1552 5275 1656 5328 hoc
1687 5275 1740 5327 in
1776 5273 2040 5326 divinitus
2074 5270 2354 5340 inspiratis

794 5371 1091 5436 Scripturis
1145 5369 1210 5422 de
1254 5383 1319 5422 eo
1353 5367 1546 5422 fertur.
1575 5363 1762 5434 Neque
1785 5379 1915 5418 sane
1948 5379 2014 5417 ex
2041 5363 2144 5416 alia
2173 5361 2356 5415 subsi-

794 5462 1012 5522 stentia,
1043 5469 1241 5528 prtetcr
1271 5457 1505 5518 Patrem.
1539 5463 1665 5509 ante
1716 5453 1984 5521 subjecta,
2012 5449 2108 5506 sed
2143 5465 2210 5504 ex
2239 5448 2354 5503 solo

794 5553 905 5606 Deo
933 5567 1186 5621 germane
1207 5567 1301 5607 seu
1338 5552 1520 5603 native
1587 5549 1761 5618 ipsum
1811 5547 2053 5617 genitum
2077 5559 2222 5607 esse,
2259 5544 2356 5598 do—

796 5659 1007 5697 cemur.
1059 5642 1235 5698 Unum
1283 5657 1515 5710 namque
1573 5640 1870 5708 ingenitum
1904 5637 2232 5708 etprineipii
2263 5651 2356 5690 cx-

795 5741 1003 5805 pertem
1057 5732 1258 5788 Christi
1327 5733 1546 5786 Patrem
1602 5731 1848 5785 divinum
1899 5730 2060 5785 docet
2104 5729 2353 5783 verbum.

803 5825 908 5881 Sed
939 5839 1118 5892 neque
1148 5823 1302 5890 illud,
1341 5823 1462 5878 Fuit
1486 5821 1777 5892 aiiquaudo
1834 5831 2046 5889 tempus
2082 5835 2205 5875 cum
2249 5834 2354 5872 non

2447 4625 2577 4678 Υίὸν
2599 4623 2735 4676 Θεοῦ
2755 4619 2896 4675 εἶναι
2918 4623 3081 4674 αὐτόν
3100 4638 3116 4654 ⁸
3145 4621 3177 4692 ἢ
3207 4621 3301 4674 τὸν
3323 4619 3487 4675 αὐτὸν
3510 4615 3648 4672 εἶναι
3673 4619 3765 4671 καὶ
3794 4620 4019 4687 Πατέρα

2449 4719 2541 4770 καὶ
2567 4717 2716 4778 Υίὺν,
2752 4717 2846 4768 καὶ
2877 4715 3034 4782 ἅγιον
3060 4713 3289 4782 Πνεῦμα
3309 4729 3322 4741 ·
3355 4714 3386 4781 ἦ
3415 4711 3712 4780 ἀγέννητον
3735 4709 3826 4760 τὸν
3863 4707 4018 4760 Υίὸν·

2448 4809 2481 4879 ἥ
2517 4808 2596 4861 ὅτι
2630 4808 2690 4860 οῦ
2718 4806 2970 4876 βουλήσει
3022 4804 3144 4857 οὐδὲ
3177 4804 3394 4870 θελήσει
3439 4803 3731 4879 ἐγέννησεν
3760 4801 3788 4852 ὁ
3823 4798 4022 4868 Πατὴρ

2450 4877 2539 4953 τδν
2558 4898 2704 4961 Υῐδν,
2732 4895 3122 4963 ἀναθεματίζει
3147 4897 3178 4965 ἡ
3208 4895 3340 4963 ἁγία
3372 4896 3466 4947 καὶ
3489 4877 3750 4954 καθολικὴ
3782 4889 4017 4946 Ἐκκλητ-

2455 4992 2563 5045 σία.
2587 4992 2722 5046 Οὔτε
2751 4993 2854 5062 γὰρ
2885 4991 2942 5054 ἐξ
2977 4991 3076 5041 οὐκ
3120 4988 3290 5041 ὄντων
3336 4987 3517 5054 λέγειν
3550 4986 3642 5038 τὸν
3679 4984 3806 5035 Υῖὶν
3838 4985 4001 5047 ἁσφα

2451 5083 2562 5146 λὲς,
2587 5083 2711 5136 ἐπεὶ
2765 5081 3014 5151 μηδαμοῦ
3041 5079 3200 5132 τοῦτο
3225 5080 3334 5130 τῶν
3372 5077 3750 5130 θεοπνεύστων
3786 5075 4029 5142 Γραερῶν

2453 5174 2748 5244 ἐμφέρεται
2782 5172 2910 5241 περὶ
2932 5171 3093 5222 αὑτοῦ
3119 5185 3133 5201 ·
3173 5168 3298 5222 οὔτε
3335 5169 3441 5238 μὴν
3472 5167 3531 5231 ἐξ
3555 5169 3748 5235 ἑτέρας
3778 5167 3921 5218 ὐποσ
3940 5208 3944 5212 .
3964 5166 4030 5218 ἁ-

2457 5283 2596 5330 σεως
2628 5263 2780 5334 παρὰ
2829 5265 2919 5316 τὸν
2967 5263 3182 5331 Πατέρα
3241 5261 3745 5328 προῦποκειμένης,
3802 5255 3923 5308 ἀλλ’
3960 5258 4030 5309 ἐκ

2459 5363 2621 5430 μόνου
2649 5356 2744 5409 τοῦ
2765 5354 2903 5408 Θεοῦ
2935 5353 3172 5423 γνησίως
3197 5351 3359 5405 αὑτὸν
3385 5349 3748 5418 γεγεννῆσθαι
3777 5347 4034 5400 διδασκό-

2458 5451 2618 5519 μεθα.
2683 5449 2818 5500 Ἕνα
2880 5447 2987 5515 γὰρ
3035 5445 3126 5497 τὸν
3183 5443 3479 5513 ἀγέννητον
3528 5440 3624 5493 καὶ
3656 5440 3892 5508 ἄναρχον
3931 5439 4032 5488 τὸν

2457 5539 2694 5610 Χριστοῦ
2734 5538 2950 5605 Πατέρα
2973 5539 3000 5588 ό
3033 5536 3173 5597 θεῖος
3204 5534 3446 5588 διδάσκει
3500 5531 3676 5598 λόγος.
3719 5529 3862 5583 Ἀλλ’
3896 5529 4035 5583 οὐδὲ

2457 5632 2536 5692 τὸ.
2555 5627 2663 5683 Ἦν
2687 5646 2813 5682 ποτε
2837 5629 2924 5681 ὅτε
2947 5627 3044 5680 οὒκ
3075 5622 3164 5695 ἦν,
3185 5628 3296 5687 τοῖς
3325 5624 3381 5690 ἐξ
3406 5623 3673 5692 ἀγράφων
3701 5620 4037 5688 ὲπισεςαλῶς

2457 5723 2707 5789 λέγουσιν
2733 5720 2808 5783 ὡς
2831 5719 3087 5790 χρονικδν
3113 5717 3391 5784 διάστημα
3447 5711 3900 5783 προενθυμητέον
3931 5712 4042 5764 αὖ-

2461 5815 2581 5867 τοῦ·
2616 5812 2729 5866 ἀλλ’
2763 5813 2794 5879 ἢ
2856 5812 3013 5881 μόνον
3060 5810 3150 5862 τὸν
3175 5809 3419 5876 ἁχρόνως
3466 5805 3628 5859 αὑτὸν
3655 5803 4040 5871 γεγεννηκότα
