4280 6436
227 399 340 459 2ὔ3

1206 402 1809 464 ECCI.ESlASTlC.E
1855 404 2245 465 ΗΙΒΤΟΗΙίΕ
2291 406 2437 465 LIB.
2492 406 2591 465 IX.

3402 407 3509 471 254

223 517 388 569 Θεὸν.
418 516 530 569 Καὶ
553 516 737 585 χρόνοι
773 514 883 582 γὰρ
916 514 1010 568 καὶ
1036 490 1231 579 ultime;
1254 520 1510 587 γεγόνασι
1542 519 1815 572 διἀῦτοῦ.
1849 523 1893 579 Α

1849 523 1893 579 Α
1926 517 2048 580 fuit,
2109 521 2254 589 quod
2321 528 2519 588 praztcr
2550 518 2934 574 auctoritatem
2966 519 3263 589 Scriptura
3286 523 3506 591 pericu-

222 605 368 659 Οὖτε
400 607 508 676 μὴν
526 605 869 675 συνάναρχον
897 604 1020 659 οῦτε
1048 610 1454 676 συναγέννητον
1478 612 1569 663 τὸν
1589 612 1717 663 Υιὸν
1734 614 1811 683 τῷ

224 700 403 768 Πατρὶ
433 693 573 752 εἶναι
597 699 908 766 νομιστέον·
931 702 1279 769 συνανάρχου
1299 706 1407 771 γὰρ
1430 705 1527 756 καὶ
1551 722 1812 772 συναγεν-

216 794 389 863 νήτου
412 792 590 853 οὐδεὶς
622 790 831 859 κυρίως
856 790 1047 859 Πατὴρ
1076 792 1109 863 ἢ
1140 792 1268 855 Υἱὸς
1296 793 1644 862 λεχθήσεται·
1672 796 1808 851 ἀλλά

212 887 312 937 τὸν
347 884 450 953 μὲν
483 882 708 950 Πατέρα
739 882 905 951 μόνον
942 882 1184 955 ἄναρχον
1205 884 1336 940 ὄντα
1368 890 1463 938 καὶ
1491 888 1805 954 ἀνέφικτον,

211 976 623 1041 γεγεννηκέναι
658 976 973 1044 ἀνεφίκτως
1028 977 1124 1028 καὶ
1184 978 1353 1031 πᾶσιν
1404 980 1808 1048 ἀκαταλήπτως

208 1067 448 1134 οεδαμεν
466 1082 482 1100 ο
508 1068 599 1120 τὸν
622 1068 678 1121 δὲ
709 1068 837 1121 Υἱὸν
871 1069 1237 1139 γεγεννῆσθαι
1264 1071 1372 1141 πρὸ
1402 1071 1507 1125 τῶν
1545 1071 1765 1125 αἰώνων
1786 1089 1803 1105 ο

205 1161 309 1210 καὶ
348 1161 552 1228 μηκέτι
581 1160 773 1228 ὅμοιον
806 1159 885 1229 τῷ
949 1161 1129 1232 Πατρ)¹
1168 1162 1467 1232 ἀγέννητον
1532 1160 1672 1219 εἶναι
1712 1168 1805 1219 καὶ.

204 1253 382 1304 αὐτὸν
403 1294 415 1312 ,
485 1251 601 1304 ἀλλ’
655 1252 837 1323 ἀρχὴν
867 1251 1017 1321 ἔχειν
1073 1252 1167 1306 τὸν
1192 1255 1535 1323 γεννήσαντα
1560 1257 1799 1326 Πατέρασ

201 1342 429 1411 κεφαλὴ
458 1344 565 1411 γὰρ
593 1340 836 1409 Χριστοῦ
872 1345 900 1395 ὁ
934 1342 1088 1406 Θεός.
1121 1343 1259 1397 Οῦτε
1294 1349 1402 1412 μὴν
1435 1348 1559 1415 τρία
1604 1350 1800 1416 ὁμολο-

198 1434 440 1500 γοῦντες
470 1433 773 1503 πράγματα
824 1437 922 1489 καὶ
972 1437 1103 1504 τρία
1150 1442 1421 1506 πρόσωπα
1456 1438 1550 1491 τοῦ
1590 1442 1801 1511 Πατρὸς

196 1525 431 1579 καὶτοῦ
479 1525 610 1578 Υἰοῦ
644 1527 741 1579 καὶ
790 1527 886 1579 τοῦ
936 1528 1095 1595 ἀγίου
1148 1530 1468 1594 Πνεῦματος
1528 1532 1670 1585 κατά
1700 1535 1799 1595 τὰς

194 1619 459 1689 Γραφας,
478 1619 629 1687 τρεῖς
658 1618 746 1670 διὰ
765 1618 926 1672 τοῦτο
942 1620 1071 1682 τοὺς
1102 1620 1261 1683 θεοὺς
1289 1622 1551 1690 ποιοῦμεν
1571 1639 1584 1654 ’
1606 1626 1796 1695 ἐπειδὴ

194 1712 299 1764 τὸν
329 1710 603 1780 αὐτοτελῆ
645 1712 743 1764 καὶ
774 1712 1096 1779 ἀγέννητον,
1134 1711 1373 1781 ἄναρχόν
1409 1731 1468 1777 τε
1501 1718 1594 1769 καὶ
1627 1718 1796 1785 ἀόρα-

190 1818 297 1853 τον
322 1801 483 1865 Θεὸν,
516 1800 615 1853 ἕνα
673 1802 836 1870 μόνον
884 1800 1116 1870 οἴδαμεν
1150 1801 1244 1854 τὸν
1272 1802 1405 1854 Θεὸν
1434 1806 1529 1856 καὶ
1574 1807 1793 1876 Πατέρα

1914 610 2030 663 lose
2088 612 2302 672 dicunt,
2370 622 2627 680 tanquam
2683 612 2981 680 temporale
3036 613 3380 667 intervallum
3408 629 3506 667 an-

1911 710 1963 754 te
2024 702 2200 769 ipsum
2260 702 2783 757 considerandum:
2842 705 2935 757 sed
3000 704 3170 765 solus,
3222 705 3315 771 qui
3374 720 3499 757 eum

1908 789 2027 844 sine
2091 803 2332 861 tempore
2396 792 2607 863 genuit,
2668 793 2810 845 Dens
2845 794 3319 860 contemplandus.
3366 793 3499 849 Nam

1907 899 1960 940 et
1996 895 2244 953 tempora
2264 893 2320 938 et
2346 884 2543 939 secula
2571 900 2669 953 per
2713 884 2890 951 ipsum
2956 886 3093 938 facta
3126 896 3274 938 sunt.
3311 886 3500 953 Neque

1912 992 2043 1031 vero
2088 976 2251 1029 simul
2305 976 2561 1045 principii
2627 992 2844 1043 expers,
2880 992 3055 1044 neque
3092 978 3253 1030 simul
3286 978 3500 1046 ingeni-

1906 1075 1994 1120 tus
2060 1080 2183 1119 cum
2240 1076 2393 1135 patre
2449 1065 2591 1119 illius
2638 1080 2758 1120 esse
2813 1066 3089 1134 putandus
3127 1077 3233 1120 est.
3278 1068 3493 1120 Etenim

1902 1158 2069 1211 simul
2129 1156 2385 1225 principii
2438 1157 2683 1223 expertis
2736 1167 2791 1210 et
2818 1158 2982 1211 simul
3021 1160 3270 1226 ingeniti,
3314 1160 3498 1213 nullus

1901 1249 2123 1318 proprie
2145 1250 2305 1302 Pater
2340 1259 2436 1302 aut
2466 1248 2636 1301 Filius
2708 1248 2944 1303 dicetur.
2979 1248 3085 1303 Sed
3121 1249 3336 1303 Patrem
3367 1251 3495 1317 qni-

1902 1340 2024 1395 dem
2077 1342 2252 1395 solum
2286 1342 2540 1411 principii
2592 1350 2875 1409 expertem
2928 1343 3283 1396 exsistentem
3316 1353 3371 1395 et
3412 1344 3495 1395 in.

1902 1433 2460 1502 comprehensibilem
2522 1434 2780 1502 genuisse
2842 1433 3390 1503 incomprehensibili
3437 1443 3493 1488 et

1900 1539 2062 1592 quem
2125 1539 2318 1578 omnes
2363 1524 2625 1593 consequi
2667 1540 2776 1578 non
2812 1526 3047 1593 possint,
3077 1525 3239 1578 modo
3263 1526 3485 1589 scimus,

1900 1617 2097 1671 Filium
2122 1627 2305 1670 autem
2333 1616 2579 1685 genitum
2608 1632 2727 1671 esse
2786 1626 2913 1671 ante
2956 1619 3176 1671 saecula.
3215 1618 3280 1671 Et
3312 1634 3495 1688 neque

1898 1706 2084 1762 itidem
2125 1719 2184 1763 ut
2232 1709 2475 1774 Patrem,
2516 1709 2694 1777 ipsum
2721 1724 2938 1777 quoque
2973 1709 3279 1778 ingenitum
3311 1725 3431 1763 esse
3470 1726 3484 1763 :

1897 1800 1990 1855 scd
2054 1800 2381 1870 principium
2436 1801 2659 1863 habere,
2716 1802 2807 1871 qui
2863 1817 2989 1854 cum
3019 1802 3229 1871 genuit,
3259 1800 3475 1855 Patrem

189 1894 301 1945 τοῦ
336 1891 704 1959 Μονογενοῦς,
737 1892 830 1946 τὸν
863 1894 1023 1963 μόνον
1060 1896 1163 1964 μὲν
1201 1896 1259 1960 ἐξ
1286 1896 1507 1950 ’ἑαυτοῦ
1556 1900 1615 1952 τὸ
1650 1871 1788 1954 εἶναι
1826 1871 1869 1926 Β

1826 1871 1869 1926 Β
1900 1885 2110 1965 ipsum;
2152 1904 2316 1963 caput
2350 1909 2584 1962 namque
2617 1894 2815 1947 Christi
2851 1894 3017 1949 Deus.
3050 1894 3344 1947 Enimvero
3373 1905 3483 1947 tres

191 1988 425 2054 ἔχοντα,
462 1986 623 2053 μόνον
659 1985 717 2038 δὲ
750 1988 862 2047 τοῖς
898 1986 1081 2050 ἄλλοις
1110 1990 1278 2041 πᾶσιν
1304 1988 1553 2058 ἀφθόνως
1574 1994 1790 2061 χαριζό-

193 2093 373 2144 μενον
405 2077 463 2128 τὸ
500 2073 658 2129 εἶναι.
694 2075 833 2129 Οὔτε
883 2078 992 2147 μὴν
1023 2079 1119 2131 ἕνα
1153 2080 1289 2133 Θεὸν
1322 2084 1484 2150 μόνον
1537 2083 1789 2153 λέγοντες

188 2162 371 2226 εἶναι,
401 2167 499 2217 τὸν
534 2165 628 2218 τοῦ
666 2166 875 2235 Κυρίου
930 2168 1111 2238 Ἰησοῦ
1166 2172 1410 2239 Χριστοῦ
1446 2175 1665 2244 Πατέρα
1697 2178 1788 2231 τὸν

188 2258 369 2325 μόνον
402 2258 724 2326 ἀγέννητον,
755 2260 845 2312 διὰ
872 2260 1033 2314 τοῦτο
1078 2262 1394 2333 ἀρνούμεθα
1430 2268 1519 2319 τὸν
1549 2269 1787 2338 Χριστὸν

182 2349 336 2402 Θεὸν
370 2348 511 2403 εἶναι
540 2351 869 2419 προαιώνιον
892 2368 906 2381 ·
942 2353 1121 2406 ὁποῖοι
1173 2356 1313 2408 εἰσιν
1343 2358 1394 2410 οἱ
1429 2360 1538 2411 ἀπὸ
1570 2362 1783 2416 Παύλου

184 2441 295 2495 τοῦ
329 2442 727 2511 Σαμοσατέως,
757 2443 987 2514 ὕστερον
1011 2445 1178 2498 αὑτὸν
1203 2449 1344 2515 μετὰ
1373 2450 1473 2518 τὴν
1511 2452 1785 2523 ὲνανθρὼ-

183 2552 369 2604 πησιν
424 2537 488 2587 ὲκ
542 2540 835 2606 προκοπῆς
895 2554 953 2589 τε
985 2536 1361 2593 θεοποιείσθαι
1397 2542 1674 2609 λέγοντες,
1706 2546 1784 2615 τῷ

179 2628 295 2697 τὴν
318 2626 488 2695 φύσιν
511 2626 672 2695 ψιλὸν
709 2627 874 2681 αὑτὸν
906 2628 1196 2698 ἄνθρωπον
1214 2632 1517 2697 γεγονέναι.
1549 2635 1783 2703 Οἴδαμεν

181 2719 305 2786 γὰρ
337 2718 526 2783 αὐτὸν,
550 2721 599 2770 εἰ
634 2720 729 2771 καὶ
758 2721 1129 2775 ὑποτέτακται
1178 2718 1254 2789 τῷ
1289 2726 1463 2793 Πατρὶ
1497 2728 1591 2779 καὶ
1638 2728 1778 2799 Θεῷ,

180 2809 311 2861 ἀλλ’
340 2810 497 2876 ὅμως
527 2811 863 2879 γεννηθέντα
900 2815 964 2864 ἐκ
987 2812 1083 2865 τοῦ
1108 2814 1268 2879 Θεοῦ,
1297 2815 1429 2869 Θεὸν
1451 2819 1592 2872 κατά
1618 2820 1781 2888 φύσιν

177 2902 403 2955 τέλειον
433 2899 576 2955 εἶναι
606 2904 699 2954 καὶ
726 2904 926 2974 ἀληθῆ,
954 2904 1049 2956 καὶ
1081 2906 1156 2976 μὴ
1210 2908 1268 2971 ἐξ
1302 2908 1604 2977 ἀνθρώπων
1638 2916 1779 2979 μετά

174 2990 367 3043 ταῦτα
401 2990 559 3055 Θεὸν,
604 2991 723 3042 ἀλλ’
750 2994 812 3044 ὲκ
842 2992 980 3045 Θεοῦ
1028 2996 1453 3064 ὲνανθρωπῆσαι
1486 2999 1553 3051 δι’
1580 3002 1733 3070 ἡμᾶς
1758 3018 1775 3036 ο

177 3084 286 3134 καὶ
320 3084 554 3150 μηδέπω
585 3082 716 3135 ποτὲ
768 3084 1160 3137 ἀπολωλεκότα
1188 3087 1249 3139 τὸ
1282 3084 1423 3141 εἶναι
1470 3090 1623 3145 Θεόν.
1654 3093 1777 3146 Βδε-

1898 1986 2225 2041 conﬁtentes
2282 2002 2393 2050 res,
2450 1996 2507 2039 et
2546 1996 2656 2039 tres
2688 2001 2950 2055 personas
2978 1986 3157 2039 Patris
3182 1995 3238 2038 et
3274 1984 3393 2038 Filii
3427 1994 3483 2039 et

1894 2077 2131 2147 Spiritus
2185 2078 2382 2140 sancti,
2425 2078 2728 2132 secundum
2808 2077 3144 2142 Seriptnras,
3210 2092 3318 2129 non
3371 2089 3483 2130 tres

1891 2180 2182 2238 propterea
2220 2170 2452 2224 facimus
2500 2173 2651 2224 deos.
2707 2170 3165 2237 Quandoquidem
3201 2184 3299 2235 per
3329 2170 3479 2236 seip-

1890 2274 2010 2311 sum
2051 2259 2352 2327 perfectum
2401 2268 2457 2313 et
2489 2259 2812 2327 ingenitum,
2870 2258 3253 2327 principioque
3284 2273 3479 2312 caren-

1890 2358 2021 2414 tem,
2050 2360 2105 2404 et
2136 2350 2471 2403 invisibilcm
2518 2350 2711 2411 Dcum,
2748 2366 2918 2403 unum
2949 2359 3160 2403 tantum
3190 2351 3471 2412 novimus,

1887 2440 2059 2494 Deum
2108 2448 2162 2493 et
2216 2439 2431 2493 Patrem
2488 2439 2790 2509 Unigeniti,
2842 2441 3016 2495 solum
3062 2457 3126 2495 ex
3181 2442 3362 2508 seipse
3386 2458 3475 2497 es-

1885 2528 2121 2582 sentiam
2180 2528 2495 2593 habentem,
2549 2531 2727 2583 solum
2788 2530 2912 2584 aliis
2964 2532 3221 2586 omnibus
3253 2533 3471 2587 abunde

1885 2619 2264 2673 cxsistentiam
2320 2620 2667 2689 largientem.
2731 2622 2918 2689 Neque
2977 2637 3108 2675 sane
3143 2624 3270 2677 dum
3298 2640 3466 2677 unum

1885 2709 2058 2763 Deum
2112 2725 2232 2764 esse
2282 2711 2539 2773 dicimus,
2589 2710 2803 2765 Domini
2856 2713 2985 2767 Jesu
3018 2713 3224 2768 Christi
3252 2716 3466 2769 Patrem

1883 2801 2062 2856 solum
2128 2802 2456 2872 ingenitum,
2522 2815 2811 2872 propterea
2834 2805 3115 2861 Christum
3150 2809 3319 2862 Deum
3343 2825 3465 2864 esse

1885 2895 2333 2947 antescccularem
2410 2911 2673 2963 negamus
2730 2913 2740 2948 :
2785 2899 2977 2965 quales
3034 2910 3158 2953 sunt
3189 2902 3337 2955 Pauli
3368 2902 3465 2956 Sa-

1881 2989 2147 3041 mosateni
2171 2996 2490 3050 sectatores,
2535 2998 2657 3057 post
2700 2988 3207 3046 inhnmanationem
3237 3010 3362 3047 cum
3389 3011 3456 3048 cx

1878 3075 2123 3143 profectu
2153 3076 2465 3131 deilieatum
2516 3094 2631 3130 esse
2662 3080 2929 3143 dicentes,
2951 3097 3016 3134 eo
3056 3084 3201 3150 quod
3260 3096 3453 3138 natura

174 3173 509 3237 λυασόμεθα
530 3172 586 3225 δὲ
618 3174 756 3243 πρὸς
797 3175 1008 3237 τούτοις
1037 3178 1127 3227 καὶ
1170 3177 1647 3249 ἀναθεματίξομεν
1681 3182 1772 3236 καὶ
1803 3209 1847 3266 c

1764 3198 1772 3235 ι
1803 3209 1847 3266 c
1880 3181 2063 3220 merus
2105 3167 2266 3220 homo
2290 3167 2468 3221 factus
2498 3170 2587 3220 sit.
2624 3170 2807 3239 693.
2844 3171 3059 3226 Scimus
3077 3180 3221 3227 enim
3247 3175 3454 3244 ipsum,

171 3268 317 3326 -οῖδέ
349 3266 531 3330 Λόγον
587 3265 689 3333 μὲν
744 3266 907 3333 μονον
942 3268 1104 3319 αὑτὸν
1148 3269 1242 3319 τοῦ
1287 3270 1444 3334 Θεοῦ,
1499 3272 1653 3340 ψιλὸν
1680 3277 1773 3329 καὶ

172 3356 547 3425 ἀνύπαρκτον
608 3358 971 3421 ὲπιτιλάστως
1019 3359 1343 3425 καλοῦντας,
1402 3364 1460 3415 ὲν
1511 3364 1683 3436 ἑτέρῳ
1713 3368 1773 3419 τὸ

172 3446 327 3501 εἶναι
359 3450 592 3516 ἔχοντα,
622 3448 719 3500 νῦν
753 3450 855 3517 μὲν
884 3450 960 3513 ὡς
996 3450 1089 3502 τὸν
1113 3455 1450 3521 προφορικὸν
1481 3454 1772 3524 λεγόμενον

172 3541 288 3594 ὑπό
324 3556 518 3602 τινων,
574 3540 670 3592 νῦν
704 3542 759 3593 δὲ
810 3540 884 3603 ὡς
928 3542 1017 3593 τὸν
1058 3543 1397 3597 ἐνδιάθετον·
1442 3544 1675 3616 Χριστὸν
1714 3548 1768 3600 δὲ

170 3635 348 3685 αὐτὸν
381 3636 476 3685 καὶ
508 3632 716 3701 Κύριον
748 3634 842 3685 καὶ
893 3633 1030 3685 Θεὸν
1060 3642 1153 3688 καὶ
1183 3636 1414 3705 μεσίτην
1447 3640 1540 3690 καὶ
1585 3641 1769 3692 εἰκόνα

167 3725 270 3776 τοῦ
327 3723 470 3775 Θεοῦ
499 3722 577 3793 μὴ
602 3718 743 3775 εἶναι
771 3724 878 3793 πρὸ
908 3724 1121 3779 αἰώνων
1138 3727 1392 3790 θέλοντας
1411 3746 1425 3759 ο
1448 3729 1564 3783 ἀλλ’
1582 3731 1767 3785 ἔκτοτε

170 3816 425 3886 Χριστὸν
461 3816 627 3870 αὑτὸν
678 3818 964 3882 γεγονέναι
992 3819 1091 3873 καὶ
1124 3820 1251 3873 Υἱὸν
1285 3821 1380 3872 τοῦ
1412 3821 1569 3888 Θεοῦ,
1612 3824 1669 3887 ἐξ
1703 3818 1765 3876 οῦ

166 3908 272 3972 τὴν
299 3905 588 3974 ἡμετέραν
623 3908 685 3957 ἐκ
716 3908 815 3974 τῆς
849 3908 1128 3978 Παρθένου
1152 3910 1333 3977 σάρκα
1360 3911 1638 3981 ἀνείληφε,
1660 3915 1767 3982 πρὸ

164 3994 556 4063 τετρακοσίων
596 3995 734 4047 ὅλων
789 3996 947 4050 ἐτῶν.
994 3998 1225 4051 Ἐκτοτε
1260 4000 1367 4067 γαρ
1406 4001 1582 4070 ἀρχὴν
1608 4002 1765 4069 βασι-

166 4088 331 4148 λείας
392 4087 488 4136 τὸν
533 4086 774 4155 Χριστὸν
818 4088 1120 4156 ἐσχηκέναι
1172 4089 1422 4141 θέλουσιο
1472 4092 1564 4142 καὶ
1610 4093 1763 4155 τέλος

160 4178 253 4240 ἷξε
267 4195 320 4227 ιν
344 4177 527 4245 αὐτὴν
566 4178 705 4245 μετά
732 4180 833 4247 τὴν
872 4180 1188 4233 συντέλειαν
1220 4181 1314 4233 καὶ
1347 4182 1553 4248 κρίσιν.
1578 4185 1762 4236 Τοιοῦ-

158 4284 246 4319 τιι
282 4269 345 4319 δέ
404 4269 552 4319 εἰσιν
590 4270 639 4321 οἱ
680 4270 793 4323 ἀπὸ
848 4271 1175 4341 Μαρκέλλου
1220 4274 1314 4325 καὶ
1347 4274 1620 4327 Φωτεινοῦ
1654 4276 1761 4327 τῶν

174 4360 690 4426 Ἀγκυοογαλατῶν
712 4377 725 4390 ο
752 4362 804 4412 οἳ
835 4363 933 4428 τὴν
973 4362 1303 4432 προαιώνιον
1326 4364 1560 4435 ὓπαρξιν
1585 4383 1641 4418 τε
1666 4366 1761 4419 καὶ

160 4450 335 4519 Θεὸτη
350 4468 414 4502 τα
472 4450 571 4503 τοῦ
603 4452 878 4521 Χριστοῦ,
946 4453 1043 4506 καὶ
1087 4456 1187 4523 τὴν
1213 4456 1569 4525 ἀτελεύτητον
1595 4457 1757 4510 αὑτοῦ

1878 3257 2086 3311 etiamsi
2149 3258 2430 3327 subiectus
2468 3268 2551 3312 cst
2591 3259 2736 3312 Patri
2788 3271 2840 3314 et
2892 3263 3023 3326 Deo,
3088 3274 3265 3319 tamen
3300 3268 3457 3333 geni-

1878 3359 1989 3402 tum
2036 3366 2100 3402 ex
2161 3350 2290 3413 Deo,
2344 3350 2515 3404 Deum
2572 3362 2764 3406 natura
2796 3370 2915 3407 esse
2947 3356 3326 3423 pmice-tumet
3360 3375 3455 3412 vc-

1875 3456 2019 3503 rum,
2081 3450 2136 3495 et
2195 3457 2300 3495 non
2355 3458 2421 3496 ex
2470 3443 2788 3499 hominibus
2815 3458 3003 3513 postea
3038 3448 3230 3513 Deum,
3259 3450 3352 3503 sed
3389 3466 3453 3504 ex

1873 3533 2004 3596 Deo,
2060 3533 2337 3588 hominem
2381 3534 2585 3589 factum
2652 3547 2881 3605 propter
2947 3553 3047 3592 nos
3097 3554 3241 3600 esse,
3272 3557 3452 3608 neque

1872 3638 2111 3690 unquam
2165 3624 2395 3678 desiisse
2423 3640 2542 3679 esse
2574 3625 2743 3679 Deum
2780 3666 2792 3679 .
2815 3627 3175 3681 Exsecramur
3200 3646 3331 3683 vero
3363 3632 3453 3684 in-

1872 3728 2062 3781 super,
2096 3722 2153 3766 et
2208 3714 2541 3768 anathemati
2568 3718 2912 3787 subjicimns,
2949 3734 3045 3772 eos
3077 3720 3169 3788 qui
3210 3720 3451 3775 Verbum

1870 3803 2091 3871 quidem
2122 3804 2297 3869 ipsum
2327 3804 2440 3866 Dei,
2469 3805 2565 3858 sed
2606 3816 2812 3859 tantum
2844 3808 3051 3861 nudum
3087 3820 3143 3863 et
3175 3812 3293 3865 sine
3314 3814 3448 3865 sub-

1867 3900 2121 3953 sistentia
2183 3900 2374 3955 ﬁctitie
2427 3912 2622 3955 vocant
2677 3918 2690 3955 :
2749 3904 2802 3957 in
2855 3905 2961 3958 alio
2989 3921 3116 3957 vero
3150 3909 3445 3961 essentiam

1865 3990 2095 4051 habens,
2124 3990 2419 4057 aliquando
2448 4007 2577 4046 sane
2606 4002 2664 4046 ut
2689 3995 2871 4048 vocale
2896 4011 2988 4048 seu
3010 3998 3443 4065 enuntiativum,

1866 4081 2160 4148 aliquando
2216 4098 2344 4135 vero
2398 4093 2458 4136 nt
2512 4083 2785 4137 internum
2831 4102 2923 4138 seu
2987 4088 3220 4139 mentale
3265 4104 3291 4139 a
3325 4092 3449 4157 qni-

1863 4172 2090 4225 busdam
2156 4172 2362 4226 dictum
2398 4190 2414 4237 ;
2444 4173 2720 4227 Christum
2768 4185 2946 4229 autem
2976 4176 3151 4243 ipsum
3176 4188 3231 4231 et
3265 4181 3449 4232 Doni?-

1865 4278 2017 4329 num,
2070 4273 2125 4317 et
2180 4264 2369 4327 Deum,
2408 4266 2869 4330 ctmcdiatorem,
2920 4276 2976 4319 et
3008 4267 3300 4338 imaginem
3340 4270 3437 4323 Dei

1861 4371 1982 4410 esse
2048 4368 2174 4410 ante
2226 4356 2421 4410 saecula
2458 4357 2653 4409 nolunt
2687 4372 2701 4407 :
2735 4357 2828 4409 sed
2853 4372 2979 4410 eum
3010 4376 3074 4412 ex
3100 4376 3165 4412 eo
3193 4371 3443 4430 tempore

1861 4446 2138 4501 Christum
2195 4461 2318 4501 esse
2376 4447 2579 4501 factum
2634 4457 2689 4502 et
2745 4448 2942 4503 Filium
3000 4449 3091 4504 Dei
3126 4451 3339 4515 dicunt,
3372 4470 3439 4507 et

160 4539 463 4607 βασιλείαν
487 4540 693 4607 ὁμοίως
722 4540 982 4594 ἀθετοῦσι
1039 4542 1115 4612 τῷ
1149 4544 1405 4597 ἵστασθαι
1454 4545 1631 4598 δοκεῖν
1664 4547 1757 4599 αὐ·
1790 4536 1833 4592 Ι)

1749 4576 1757 4587 .
1790 4536 1833 4592 D
1862 4555 1970 4608 quo
2030 4548 2270 4593 nostram
2318 4555 2383 4593 ex
2434 4540 2655 4609 Virgine
2684 4556 2906 4593 carnem
2944 4545 3269 4610 assumpsit,
3304 4554 3439 4599 ante

156 4633 277 4691 τοῖς
312 4629 465 4680 οὕτω
512 4630 611 4696 τὴν
646 4632 972 4700 μοναρχίαν.
1025 4634 1218 4702 Ἷσμεν
1258 4636 1366 4704 γὰρ
1401 4636 1559 4705 ἡμεῖς
1586 4637 1754 4689 αὑτὸν

156 4720 263 4783 οὐχ
298 4717 494 4777 ἁπλῶς
520 4717 679 4783 λόγον
708 4721 1048 4789 προφορικὸν
1075 4720 1107 4790 ῆ
1138 4722 1447 4775 ἐνδιάθετον
1470 4724 1564 4776 τοῦ
1593 4724 1751 4777 Θεοῦ·

154 4808 302 4859 ἀλλά
335 4806 518 4869 ζητιντα
550 4807 685 4859 Θεὸν
716 4808 912 4874 Λόγον,
944 4810 1068 4862 καθ’
1093 4812 1292 4863 ἑαυτόν
1315 4830 1374 4865 τε
1408 4814 1751 4884 ὑπάρχοντα,

154 4901 257 4951 καὶ⁸
298 4899 431 4950 Υῐὸν
458 4898 596 4951 Θεοῦ
622 4901 717 4951 καὶ
738 4902 975 4969 Χριστόν
997 4916 1011 4930 ·
1039 4903 1134 4956 καὶ
1155 4900 1301 4956 οὕτω
1320 4906 1755 4975 προγνωστικῶς

156 4994 427 5054 συνόντα,
462 4996 558 5045 καὶ
588 4995 1042 5063 συιδιατρζόοντα
1076 4996 1183 5065 πρὸ
1211 4997 1424 5051 αἰώνων
1454 4999 1531 5069 τῷ
1561 4999 1754 5053 ἑαυτοῦ

157 5085 369 5154 Πατρὶ,
407 5085 507 5137 καὶ
546 5086 684 5153 πρὸς
724 5087 911 5139 πᾶσαν
954 5085 1427 5159 διακονησάμενον
1457 5091 1624 5144 αὑτοῦ
1656 5092 1756 5160 τὴν

151 5175 563 5245 δημιουργίαν,
597 5176 711 5229 εἴτε
742 5178 853 5230 τῶν
885 5178 1157 5244 ἀοράτων,
1190 5183 1298 5234 εἴτε
1331 5182 1442 5235 τῶν
1497 5184 1712 5251 ὁρατῶν
1740 5199 1753 5213 ο

153 5269 278 5320 ἀλλ’
317 5269 698 5322 ἐνυπόστατον
738 5271 915 5339 Λόγον
942 5271 1071 5324 ὄντα
1097 5272 1191 5326 τοῦ
1232 5274 1466 5344 Πατρὸς,
1502 5276 1596 5329 καὶ
1623 5276 1756 5328 Θεὸν

152 5363 221 5411 ἐκ
252 5358 428 5411 Θεοῦ.
488 5358 663 5422 Οὗτος
707 5362 818 5431 γάρ
849 5364 967 5416 ἐστι
1019 5364 1158 5433 πρὸς
1188 5364 1246 5417 δν
1281 5358 1435 5418 εἶπεν
1467 5368 1494 5419 ὁ
1526 5368 1717 5435 Πατήρ
1738 5381 1750 5396 ·

153 5449 529 5518 Ποιήσωμεν
556 5450 871 5518 ἄνθρωπον
919 5454 1048 5509 κατ’
1075 5456 1285 5509 εικόνα
1327 5456 1626 5525 ἡμετέραν
1655 5456 1750 5510 καὶ

152 5543 290 5596 καθ’
323 5542 626 5609 ὁμοίωσιν
648 5558 662 5572 ·
696 5544 756 5605 ὃς
784 5546 879 5598 καὶ
915 5548 1031 5603 τοῖς
1075 5549 1355 5616 Πατράσιν
1380 5548 1560 5619 ώφθη,
1591 5549 1751 5601 δεδω-

152 5631 268 5693 κὼς
303 5634 397 5685 τὸν
427 5634 618 5701 νόμον,
648 5638 747 5687 καὶ
782 5635 1027 5706 λαλήσας
1053 5638 1141 5690 διὰ
1174 5638 1281 5692 τῶν
1314 5641 1631 5709 προφητῶν,
1660 5640 1754 5692 καὶ

152 5727 223 5776 τε
256 5724 562 5779 τελευταῖα
591 5728 1054 5798 ὲνανθρωπήσας,
1082 5730 1288 5784 καὶτὸν
1316 5733 1511 5785 ἑαυτοῦ
1540 5734 1752 5801 Πατέρα

156 5818 331 5873 πᾶσιν
361 5816 677 5891 ἀνθρώποις
697 5822 1045 5893 φανερώσας,
1076 5825 1170 5876 καὶ
1200 5824 1498 5894 βασιλείων
1526 5829 1603 5888 εἰς
1624 5826 1747 5889 τοὺς

1859 4629 2288 4699 Quadringentos
2326 4629 2564 4701 integros
2587 4647 2781 4686 annos.
2816 4633 2893 4686 Ex
2917 4648 2985 4686 eo
3014 4636 3159 4687 enim
3193 4646 3441 4705 tempore

1859 4722 2075 4777 initium
2128 4722 2279 4791 regni
2333 4721 2611 4775 Christum
2662 4723 2938 4789 habuisse,
2971 4735 3027 4779 et
3067 4725 3228 4779 linem
3258 4727 3309 4781 id
3345 4729 3441 4781 ha-

1858 4815 2098 4869 biturum
2133 4829 2255 4868 esse
2301 4824 2423 4883 post
2443 4816 2968 4887 consummationem
3034 4828 3091 4871 et
3136 4818 3433 4884 judicium,

1858 4904 2066 4959 volunt.
2102 4904 2263 4958 Tales
2288 4914 2466 4957 autem
2495 4913 2624 4957 sunt
2650 4905 2979 4959 Marcelliani
3032 4918 3088 4960 et
3116 4908 3431 4962 Photiniani

1857 4996 2128 5066 Ancyrani
2187 5000 2237 5050 in
2290 4995 2542 5060 Galatia,
2599 5000 2691 5064 qui
2748 4999 3189 5053 antesaacularem
3249 5002 3433 5055 subsi-

1857 5088 2108 5143 stentiam
2164 5096 2219 5142 et
2245 5088 2588 5142 divinitatem
2611 5086 2847 5153 Christi,
2878 5100 2934 5143 et
2963 5090 3220 5146 similiter
3250 5094 3429 5147 inter-

1857 5179 2125 5233 minatum
2153 5179 2273 5247 ejus
2296 5193 2524 5246 regnum
2571 5177 2814 5240 abolent,
2867 5196 2935 5234 eo
2985 5180 3168 5247 modo,
3202 5190 3262 5235 ut
3297 5184 3437 5250 ipsis.

1856 5271 2095 5336 videtur,
2139 5271 2516 5324 monarchiam
2558 5286 2656 5324 seu
2694 5270 2856 5325 unius
2900 5271 3190 5341 imperium
3221 5272 3432 5326 consti-

1859 5370 2098 5418 tuentes.
2154 5362 2265 5415 Nos
2310 5362 2461 5414 enim
2519 5362 2743 5425 scimus,
2794 5377 2915 5416 esse
2956 5378 3063 5417 noo
3099 5364 3429 5433 simpliciter

1855 5457 2083 5509 verbum
2131 5454 2555 5513 enuntiativum.
2625 5464 2718 5507 aut
2745 5455 3020 5509 internum
3057 5457 3194 5511 :sed
3231 5459 3423 5511 viven-

1858 5557 1965 5600 tem
2022 5546 2191 5601 Deum
2244 5544 2506 5606 Verbum,
2542 5559 2636 5614 per
2658 5548 2895 5613 scipsum
2929 5548 3341 5613 subsiStentem,
3367 5558 3425 5603 et

1860 5640 2053 5694 Filium
2118 5637 2212 5692 Dei
2259 5647 2313 5691 et
2344 5637 2648 5702 Christum,
2686 5648 2741 5690 et
2775 5638 2843 5690 ita
2870 5640 3225 5706 pra-scienter
3257 5641 3422 5694 simul

1854 5735 2206 5786 exsistcutem
2237 5740 2290 5785 ct
2314 5732 2475 5785 simul
2504 5741 2747 5802 agentern
2780 5741 2904 5786 ante
2938 5734 3133 5787 saecula
3166 5751 3289 5789 cum
3321 5750 3422 5790 suo

1856 5824 2036 5887 Patre,
2082 5835 2135 5877 et
2183 5824 2247 5877 ad
2312 5838 2528 5877 onmem
2581 5824 2700 5890 ejus
2732 5823 3209 5880 administrantem
3264 5840 3416 5881 crea-
