4280 6436
191 444 301 508 257

1143 432 1749 494 ECCIESIASTlC/E
1786 428 2179 491 IllSTOllld‘I
2222 430 2373 490 LIB.
2420 430 2519 489 lX.

3343 428 3452 493 258

188 562 383 614 Ταῦτα
411 557 845 629 ἡναγκάςθτμταν
890 553 1025 623 μετὰ
1056 552 1157 621 τὴν
1188 552 1245 603 ὲν
1274 550 1510 619 ἔπιτομῇ
1545 546 1777 600 ἐκτεθεῖ-

1913 545 2153 608 iicentes,
2216 555 2273 597 ct
2332 542 2551 603 Filium,
2606 555 2716 594 non
2774 539 2924 609 ipsos
2979 542 3118 596 duos
3158 543 3314 608 deos,
3354 546 3449 600 sed

189 669 296 705 σαν
330 652 517 702 πῖστιν
565 646 904 714 πλατύτερον
956 641 1465 712 ὲπεξεργάσασῢαι,
1525 637 1586 690 οὐ
1638 637 1778 689 κατὰ

190 742 466 812 περιττὴν
496 737 843 809 φιλοτιμίαν,
872 736 989 789 ἀλλ’
1025 737 1115 787 ἵνα
1147 735 1328 786 πᾶσαν
1374 731 1474 799 τὴν
1506 730 1645 782 κατά
1680 729 1780 797 τῆς

188 833 476 902 ἡμετέρας
558 828 885 896 ὑπολήψεως
965 822 1254 892 ἀλλοτρίαν
1334 821 1779 889 ἀποκαθάρωμεν

187 926 443 992 ὑπιψῑαν
497 923 650 989 παρά
706 922 819 981 τοῖς
862 918 931 971 τὰ
966 916 1091 970 καθ’
1146 913 1304 986 ἡμῶν
1359 910 1652 981 ἀγνοοῦσι·
1684 910 1779 962 καὶ

187 1017 405 1085 γνῶσιν
430 1016 479 1068 οῖ
516 1015 658 1067 κατά
683 1013 782 1083 τὴν
816 1012 963 1065 δόσιν
1004 1010 1207 1071 πάντες
1235 1006 1375 1075 ὁμοῦ
1426 1006 1524 1073 μὲν
1563 1006 1658 1070 τῆς
1690 1020 1783 1056 συ-

186 1106 503 1173 κοφαντίας
534 1104 643 1155 τῶν
699 1100 1029 1169 ἑτεροδόξων
1086 1099 1182 1164 τὴν
1213 1097 1510 1159 ἀναίδειαν,
1543 1093 1683 1163 ὁμοῦ
1724 1092 1780 1145 δὲ

189 1197 299 1249 καλ⁸
340 1196 449 1248 τῶν
505 1195 846 1247 ἀνατολικῶν
887 1194 947 1244 τὸ
996 1189 1460 1257 ἐκκλησιαστικὸν
1497 1186 1779 1257 φρόνημα,

191 1285 660 1355 μαρτυρούμενον
732 1283 1011 1342 ἀϐιάστως
1061 1281 1168 1333 ὑπὸ
1230 1279 1337 1332 τῶν
1404 1277 1783 1330 θεοπνεύστων

186 1378 439 1447 Γραφῶν
505 1376 637 1443 παρ’
676 1376 861 1437 αὐτοῖς
898 1374 1297 1441 ἀδιαστρόφως.
1365 1387 1383 1420 ι
1444 1370 1531 1420 Ἐν
1575 1367 1783 1429 τούτοις

186 1469 301 1537 μὲν
331 1471 364 1537 η
406 1468 770 1537 μακρόσττχος
811 1465 995 1534 ἐκείνη
1030 1464 1246 1524 ἔκθεσις
1276 1461 1660 1529 περιείληπτο.

1884 651 2053 687 υιιιιιιι
2117 633 2470 695 confitemur,
2499 634 2651 702 juxta
2678 632 2982 685 divinitatis
3014 634 3449 701 amplitudinem,

1884 738 1939 781 et
1997 743 2163 780 unam
2226 737 2430 779 certam
2474 727 2895 794 absolutamque
2926 727 3076 797 regni
3107 730 3452 797 conjunctio-

1887 832 2011 870 nem
2044 835 2057 871 :
2093 816 2474 869 universarum
2518 817 2736 883 quidem
2763 832 2945 869 rerum
2980 833 3077 886 per
3105 819 3292 876 omnia
3326 835 3449 873 cum

1885 924 2097 962 summa
2156 918 2427 975 potestate
2482 910 2771 976 imperium
2818 910 3102 964 obtinente
3158 912 3313 964 Patre
3334 927 3449 965 om-

1885 1000 2063 1063 nium.
2114 1011 2168 1054 et
2216 1000 2390 1069 ipsius
2449 1000 2571 1053 Fiiti
2611 1001 2722 1069 tl);
2762 1001 2898 1055 Filio
2931 1014 3113 1056 autem
3148 1003 3291 1057 Patri
3329 1004 3421 1069 qui

1883 1096 2006 1147 dem
2066 1094 2335 1163 subjecto,
2366 1102 2521 1146 extra
2563 1109 2692 1146 vero
2742 1109 2867 1148 cum
2901 1096 3153 1149 universa
3184 1104 3303 1165 post
3328 1110 3453 1149 eum

1884 1199 2004 1252 quae
2060 1200 2159 1252 per
2222 1185 2399 1253 ipsum
2453 1185 2594 1239 facta
2646 1195 2776 1239 sunt
2840 1196 3085 1255 regente,
3136 1197 3193 1241 et
3218 1185 3457 1255 Spiritus

1885 1275 2060 1328 sancti
2098 1277 2303 1345 prolixe
2346 1292 2411 1330 ex
2456 1278 2737 1330 voluntate
2796 1278 2974 1331 Patris
3007 1279 3231 1347 gratiam
3254 1282 3460 1334 sanctis

1886 1368 2147 1422 donante.
2216 1371 2378 1440 695
2425 1372 2501 1425 Atl
2560 1372 2705 1424 hunc
2762 1373 2909 1425 enim
2939 1373 3182 1437 modum,
3210 1373 3456 1427 ordinem

1888 1471 1942 1515 et
1974 1464 2241 1516 rationem
2271 1464 2600 1517 monarcltiaa
2659 1464 2929 1533 uniusque
2978 1465 3189 1533 imperii
3214 1465 3267 1517 ιιι
3302 1464 3461 1519 Chri-

181 1575 280 1618 sto
329 1575 587 1618 constare
644 1564 809 1617 nobis
842 1577 994 1616 sacra
1050 1558 1343 1630 prodidere
1373 1557 1620 1613 oracula.
1691 1555 1816 1611 llaec
1858 1568 1918 1612 ut
1988 1569 2113 1627 post
2135 1561 2443 1613 breviorem
2487 1560 2611 1613 lidei
2643 1558 2935 1613 formulam
3001 1559 3176 1613 fusius
3221 1575 3457 1628 ettpouc-

183 1674 411 1723 remus,
477 1661 781 1714 necessitas
839 1654 1311 1724 nobisimposita
1374 1661 1481 1716 est,
1542 1666 1653 1704 non
1723 1666 1820 1719 per
1860 1652 2192 1721 superﬂuam
2236 1652 2618 1717 ambitionem,
2674 1654 2787 1718 sive
2825 1653 3301 1718 venditationem,
3365 1654 3459 1707 sed

186 1766 259 1809 ut
289 1771 514 1809 omnem
539 1747 1183 1822 alienamsusplCionem
1252 1758 1446 1805 contra
1524 1749 1854 1802 sententiam
1898 1757 2144 1801 nostram
2202 1759 2542 1818 conceptam,
2602 1749 2744 1818 apud
2791 1764 2887 1802 eos
2955 1749 3046 1818 qui
3093 1766 3179 1803 res
3246 1761 3461 1804 nostras

186 1852 483 1918 ignorant,
514 1850 1008 1919 ahstergeremus:
1048 1855 1103 1900 et
1155 1856 1213 1899 ut
1278 1844 1663 1899 Occidentales
1734 1859 1925 1897 omnes
1990 1859 2113 1897 cum
2192 1844 2480 1899 calutnni;e
2530 1845 2976 1899 adversariorum
3040 1845 3459 1915 impudentiam,

184 1954 317 1999 tum
381 1945 818 1999 ecclesiasticam
882 1942 1247 1998 Orientalium
1304 1940 1619 2012 Opinionem
1697 1947 2051 2006 cognoscant,
2098 1938 2185 1992 eui
2241 1939 2484 2009 opinioni
2538 1940 2802 1993 divinitus
2834 1941 3106 2008 inspirata:
3145 1941 3463 2009 Scriptum,

182 2055 321 2109 qua:
352 2041 497 2109 apud
549 2056 646 2094 eos
687 2040 959 2093 inviolata:
987 2046 1406 2099 conservantur,
1451 2052 1543 2105 per
1583 2035 1787 2088 nullam
1826 2046 2067 2088 coactam
2122 2046 2215 2090 aut
2245 2036 2537 2090 violentam
2594 2037 3124 2105 interpretationem,
3175 2038 3463 2107 perhibent

185 2133 603 2187 testimonium.
637 2152 655 2185 ι
696 2134 809 2188 lloc
863 2133 1084 2204 quidem
1122 2131 1285 2185 modo
1318 2130 1579 2200 prolixior
1611 2129 1701 2181 illa
1726 2128 1996 2197 expositio
2024 2130 2199 2183 fuerat
2231 2131 2499 2185 instituta.

801 2274 1049 2328 ΚΕΦΑΛ.
1086 2272 1186 2325 lB'.

512 2370 645 2439 Περὶ
672 2367 784 2435 τῆς
810 2367 879 2419 ἑν
907 2363 1169 2433 Σαρδικῇ
1201 2362 1491 2417 συνόδου.

285 2488 377 2550 Ὦς
408 2486 455 2538 δ’
482 2483 767 2553 ἀπηξίωτο
801 2484 912 2544 τοῖς
949 2482 1006 2533 ὲν
1034 2479 1269 2548 ἑσπέρᾳ.
1307 2475 1571 2538 Κώνστας
1598 2476 1626 2528 ὁ
1658 2476 1792 2528 Καῖ-

189 2599 310 2652 σαρ
357 2580 491 2648 μίαν
518 2575 824 2646 ᾔτειχάριν
862 2572 952 2624 τὸν
984 2570 1236 2637 ἀδελφὸν,
1274 2567 1466 2636 Παύλῳ
1509 2568 1600 2619 καὶ
1629 2564 1793 2618 Ἀθα-

188 2672 383 2741 νασίῳ
418 2670 545 2731 τοὺς
570 2667 810 2726 οἰκείους
842 2663 1073 2733 θρόνους
1098 2660 1411 2713 ἀναλαϐεῖν.
1460 2659 1546 2720 Ὠς
1572 2658 1627 2710 δὲ
1657 2658 1793 2726 γράο

188 2783 322 2835 φων
354 2762 514 2817 οὐδὲν
549 2759 753 2830 μᾶλλον
785 2758 941 2826 ἧνυε,
967 2754 1075 2807 τῶν
1102 2754 1169 2806 δι’
1200 2752 1453 2812 ἐναντίας
1494 2749 1795 2816 ἀντιπρατ-

185 2859 436 2920 τόντων,
493 2857 588 2906 καὶ
637 2852 748 2904 τῶν
806 2850 956 2902 λαῶν
1002 2848 1093 2901 διὰ
1145 2844 1320 2899 ταῦτα
1369 2840 1791 2905 στασιαζόντων,

192 2949 541 3019 προσιόντες
566 2945 887 2996 Κώνσταντι
915 2940 964 2992 οἱ
988 2938 1117 3004 περὶ
1143 2934 1377 2997 Παῦλον,
1400 2931 1795 3000 σύνοδονῇτουν

189 3034 605 3113 οῖκουμενικὴν
635 3032 919 3100 γενέσθαι,
953 3029 1095 3082 ὥστε
1124 3026 1189 3096 δὴ
1220 3025 1317 3078 καὶ
1339 3025 1407 3077 τὰ
1430 3024 1528 3092 τῆς
1560 3024 1796 3083 πίστεως

191 3134 305 3187 καὶ
338 3131 412 3182 τὰ
449 3128 569 3180 κατ’
628 3126 831 3186 αὐτοὺς
889 3120 1136 3193 ἀκριϐῶς
1186 3117 1515 3185 ὲτασθῆναι.
1548 3114 1657 3185 Τὴν
1688 3115 1795 3185 γὰρ

191 3222 543 3293 καθαίρεσιν
574 3218 841 3287 ὑποσχεῖν
866 3213 1195 3269 διετείνοντο
1230 3211 1320 3264 διὰ
1348 3210 1409 3263 τδ
1430 3210 1529 3278 τῆς
1561 3210 1798 3270 πίστεως

193 3314 547 3386 ἀκραιφνές.
584 3309 787 3377 Γνώμη
820 3309 1005 3359 τοίνυν
1041 3306 1156 3357 τοῖν
1185 3304 1333 3355 δυοῖν
1364 3301 1641 3371 βασιλέοιν
1690 3299 1801 3368 ἐγί-

194 3426 353 3473 νετο,
385 3408 518 3468 τοὺς
545 3403 639 3472 ἀφ’
666 3401 945 3470 ἑκατέρας
998 3395 1316 3467 ἀρχομένης
1357 3396 1691 3455 ἐπισκόπους
1720 3396 1800 3454 εἰς

196 3500 390 3572 ῥητὴν
415 3496 633 3568 ἡμέραν
661 3490 997 3546 καταλαϐεῖν
1024 3491 1124 3558 τὴν
1152 3485 1445 3559 Σαρδικὴν,
1489 3486 1713 3552 Ἰλλυρὶς
1744 3484 1801 3536 δὲ

2478 2271 2707 2327 CAPUT
2747 2273 2863 2328 ΧΠ.

2351 2363 2425 2417 De
2462 2363 2763 2419 Sardicenst’
2787 2368 3005 2435 synodo.

1966 2480 2032 2535 Ut
2066 2489 2246 2533 autem
2280 2481 2346 2533 ab
2376 2480 2825 2537 Occidentalibus
2863 2496 2946 2540 cst
2987 2489 3295 2555 repudiata,
3326 2490 3468 2546 Con-

1895 2582 2046 2625 stans
2077 2572 2259 2625 Czesar
2294 2588 2462 2625 unum
2501 2574 2634 2626 illud
2671 2592 2697 2627 a
2733 2576 2899 2631 fratre
2932 2578 3032 2631 sibi
3069 2579 3186 2633 dari
3223 2585 3465 2649 postula-

1898 2663 1997 2724 vit,
2032 2676 2089 2717 ut
2120 2665 2323 2718 Paulus
2353 2676 2407 2718 et
2432 2666 2765 2721 Athanasius
2795 2670 2952 2722 sedes
2982 2687 3109 2724 suas
3138 2674 3465 2742 reciperent.

1897 2756 1966 2809 At
2019 2772 2143 2809 cum
2203 2757 2403 2811 litteris
2452 2758 2569 2810 suis
2626 2759 2763 2812 nihil
2814 2759 3125 2824 effecisset,
3179 2774 3467 2832 propterea

1896 2848 2042 2915 quod
2085 2848 2385 2901 adversarii
2419 2858 2611 2901 contra
2658 2851 3010 2906 niterentur:
3045 2865 3099 2906 et
3128 2870 3252 2909 cum
3290 2873 3469 2925 popu-

1896 2940 1982 2994 lus
2032 2957 2095 2994 ea
2149 2942 2217 2994 de
2266 2956 2427 2994 causa
2477 2942 2805 2995 seditionem
2857 2957 3118 3010 moveret,
3174 2947 3374 3003 Paulus
3412 2960 3468 3005 et

1898 3033 2230 3087 Athanasius
2270 3046 2486 3086 rursum
2522 3031 2876 3088 Constantem
2922 3036 3131 3099 adiere,
3162 3046 3218 3091 et
3256 3047 3313 3093 ut
3349 3043 3469 3095 uni-

1900 3126 2127 3179 versalis
2172 3125 2411 3192 synodus
2451 3135 2741 3193 cogeretur
2784 3128 3012 3195 petiere.
3053 3139 3113 3183 ut
3150 3131 3218 3185 de
3262 3136 3472 3201 protes-

1900 3219 2053 3273 sione
2092 3216 2238 3280 lidci,
2271 3226 2328 3271 et
2372 3217 2440 3270 de
2472 3233 2662 3270 eorum
2696 3220 2876 3274 causis
2915 3223 3224 3277 accuratius
3262 3239 3346 3277 res
3374 3241 3471 3280 ex-

1901 3312 2103 3380 plorari
2150 3320 2354 3379 posset.
2402 3311 2879 3367 Exauctoratiouis
2919 3315 3065 3368 enim
3116 3316 3473 3385 ignominiam

1902 3418 1959 3455 se
1989 3413 2211 3471 propter
2241 3401 2364 3456 fidei
2398 3403 2770 3457 sinceritatem
2801 3403 3076 3461 sustinere
3108 3406 3469 3463 aﬂirmorunt.

1903 3496 2248 3562 Quapropter
2277 3494 2343 3546 de
2380 3494 2613 3547 duorum
2653 3496 3047 3564 imperatorum
3082 3499 3313 3553 istorum
3350 3516 3474 3555 sen-

198 3591 373 3651 πόλις
429 3587 593 3655 αῦτη,
653 3585 750 3637 τοῦ
814 3583 916 3653 μὲν
969 3581 1274 3642 αἰτοῦντος,
1322 3577 1708 3631 Κωνσταντιου
1742 3577 1799 3629 δὲ

1913 3587 2072 3640 tentia
2116 3595 2401 3649 statutum,
2435 3593 2492 3636 ut
2527 3586 2819 3653 utriusque
2866 3586 3080 3655 imperii
3115 3590 3357 3657 episcopi
3404 3591 3472 3643 ad

197 3679 620 3741 ὑπακούοντος,
661 3675 804 3728 ὥστε
834 3677 936 3744 τὴν
968 3674 1157 3726 στάσιν
1182 3669 1524 3738 διαλυθῆναι.
1562 3671 1672 3721 Καὶ
1690 3670 1799 3721 ἀπὸ

202 3777 315 3847 μὲν
340 3772 455 3826 τῶν
492 3773 630 3841 πρὸς
667 3767 912 3837 ἑσπέραν
940 3765 1126 3835 μερῶν
1166 3763 1312 3831 ἀμφὶ
1340 3762 1646 3830 τριακόσιοι
1676 3779 1801 3813 συν-

195 3873 379 3945 ῆλθον
421 3867 745 3930 ἐπίσκοποι,
775 3865 850 3927 ῶς
876 3859 980 3914 πού
1024 3876 1191 3929 φησιν
1212 3861 1240 3911 ὁ
1278 3858 1424 3927 ιερὺς
1455 3855 1796 3919 ’Λθανάσιος,

196 3970 268 4021 ἐκ
300 3965 360 4017 δὲ
384 3964 485 4032 τῆς
521 3962 597 4014 ’ἐω
624 3960 684 4026 ἓξ
714 3975 776 4010 τε
802 3957 898 4010 καὶ
925 3955 1301 4024 ἑϐδομήκοντα
1322 3967 1337 3983 ο
1378 3949 1605 4011 Σαϐῖνος
1630 3950 1656 4001 ὁ
1682 3949 1802 4001 Μα-

195 4060 459 4118 κεδόνιος
488 4052 650 4106 τοῦτό
683 4067 851 4119 φησιν
877 4065 893 4080 ·
932 4042 1013 4104 οἷς
1053 4044 1481 4112 συγκατεῖλεκτο
1503 4043 1597 4094 καὶ
1627 4038 1801 4108 ’ἰσχύ-

200 4168 313 4224 ρας
357 4148 591 4207 ἐκεῖνος,
620 4146 646 4196 ὁ
670 4144 731 4209 ἐξ
782 4139 977 4194 ἑαυτοῦ
1013 4140 1115 4205 τὴν
1153 4134 1461 4203 ἱερωσύνην
1490 4132 1797 4187 ἀναλαϐών.

198 4242 324 4296 Καὶ
352 4238 503 4291 κατά
529 4234 690 4287 τοῦτο
723 4233 982 4299 διάφορος
1012 4227 1295 4288 καταστὰς
1335 4224 1661 4291 Ἀθανασιῳ,
1689 4224 1800 4285 τοῖς

196 4336 260 4388 δὲ
297 4331 369 4384 δι’
401 4326 660 4387 ἐναντίας
689 4322 960 4393 προσιὼν,
994 4321 1088 4373 καὶ
1131 4322 1199 4371 τὰ
1224 4317 1395 4387 ψεύδη
1453 4316 1797 4385 συμπλάσας,

200 4426 522 4483 ἐπίσκοπος
577 4417 886 4488 Μαρεώτου
938 4412 1069 4481 παρ’
1133 4413 1360 4464 ἐκείνων
1422 4406 1799 4478 ἁνεκηρύχθη.

200 4516 339 4572 Οῖὸ’
371 4514 527 4568 ἄλλοι
566 4511 626 4563 τὸ
663 4508 852 4561 στενὸν
885 4504 982 4558 τοῦ
1027 4504 1340 4573 ὁρισθέντος
1395 4500 1591 4571 καιροῦ
1620 4501 1679 4552 ὲν
1712 4501 1801 4553 αι-

198 4615 360 4670 τξαις
408 4607 658 4674 θέμενοι,
724 4600 1164 4670 ἀπελείφθησαν,
1220 4596 1379 4657 ἄλλος
1404 4596 1531 4648 ἄλλο
1568 4613 1619 4647 τι
1672 4610 1803 4663 προ-

199 4690 796 4765 ϐαλλόμενοι,ἰου).Ξῳ
820 4705 882 4754 γε
919 4687 1025 4758 μὴν
1060 4686 1157 4756 τὴν
1196 4683 1406 4755 μέμψιν
1431 4682 1800 4747 ἀνατιθέντες,

200 4793 301 4844 καὶ
347 4787 528 4840 ταῦτα
567 4784 672 4852 προ
695 4784 871 4834 εἴκοσι
911 4777 1103 4848 μηνῶν
1135 4776 1233 4846 τῆς
1269 4775 1506 4843 ἀφίξεως
1540 4774 1647 4825 τῶν
1682 4774 1803 4825 ὲπι-

205 4886 440 4937 σκόπων
471 4875 923 4944 κεκηρυγμένης.
976 4866 1086 4923 Ἦν
1112 4868 1170 4921 δὲ
1197 4867 1358 4921 τοῦτο
1396 4867 1625 4919 δέκατον
1658 4867 1800 4927 ἔτος,

1906 3681 2053 3734 diem
2107 3692 2318 3734 certum
2359 3680 2668 3744 Sardicatn,
2702 3696 2821 3749 qua:
2874 3680 3082 3750 Illyrica
3132 3684 3326 3737 civitas
3368 3693 3471 3746 est.

1907 3773 2288 3827 convenirent.
2332 3771 2387 3824 ltl
2431 3772 2574 3840 quod
2617 3771 2887 3826 Constans
2924 3772 3001 3827 sic
3035 3773 3294 3842 petierat,
3327 3775 3475 3829 Con-

1907 3862 2143 3916 stantins
2178 3870 2359 3915 autem
2401 3873 2726 3923 assenserat,
2763 3875 2821 3916 ut
2852 3864 3110 3918 videlicet
3141 3866 3337 3919 seditio
3369 3868 3477 3921 sol—

1906 3960 2148 4003 veretur.
2188 3952 2363 4018 Atque
2395 3967 2456 4002 ex
2490 3951 2801 4005 Occidentis
2834 3954 3083 4020 partibus
3116 3956 3334 4008 circiter
3370 3966 3478 4010 tre-

1906 4044 2053 4097 centi
2094 4056 2403 4095 convenere
2437 4042 2703 4111 episcopi.
2739 4044 2904 4101 sicuti
2954 4046 3153 4098 alicubi
3203 4062 3356 4101 sacer
3395 4049 3477 4103 tli-

1906 4136 1982 4190 cit
2006 4134 2344 4195 Athanasins
2388 4152 2399 4198 ;
2438 4151 2501 4187 ex
2538 4134 2759 4188 Oriente
2791 4151 2945 4200 vero,
2980 4138 3187 4190 Sabino
3227 4139 3477 4193 Macedo-

1907 4229 2073 4281 niano
2106 4227 2401 4287 referente.
2432 4240 2525 4279 sex
2558 4235 2612 4281 et
2643 4228 3005 4297 septuaginta.
3035 4229 3247 4294 Quibus
3276 4247 3476 4285 atreu-

1908 4335 2001 4375 sus
2047 4329 2133 4373 cst
2174 4327 2227 4373 et
2275 4319 2524 4388 lsehyras
2563 4320 2676 4382 ille,
2708 4335 2774 4372 ex
2812 4336 2931 4375 sese
2976 4332 3131 4375 ortus
3170 4326 3475 4395 presbyter.

1907 4409 1989 4463 0b
2019 4422 2183 4477 quam
2214 4422 2459 4473 causam,
2484 4423 2607 4461 cum
2640 4410 2912 4478 negotium
2939 4412 2987 4463 ei
3021 4426 3144 4464 cum
3177 4413 3479 4467 Athanasio

1906 4510 2091 4567 esset,
2138 4501 2193 4554 in
2246 4501 2691 4554 adversariorum
2744 4514 2928 4570 partes
2978 4506 3286 4569 concessit,
3332 4508 3476 4573 apud

1906 4609 2048 4663 quos
2091 4604 2314 4663 propter
2372 4595 2656 4647 mendacia
2711 4594 2948 4648 conﬁcta
2990 4597 3285 4664 episcopus
3335 4602 3477 4665 apud

1908 4687 2186 4741 Mareotcn
2238 4696 2321 4741 est
2367 4698 2606 4740 creatus.
2647 4685 2814 4756 696
2866 4687 3085 4755 lteliqni
3140 4700 3322 4744 autem
3380 4706 3477 4743 an—

1910 4782 2119 4851 gustias
2178 4780 2465 4835 constituti
2527 4781 2791 4848 temporis
2853 4790 3256 4848 praetexentes,
3316 4793 3480 4850 atque

1910 4874 2048 4927 alius
2094 4873 2257 4925 aliam
2306 4886 2527 4925 causam
2578 4872 2896 4941 allegantes,
2938 4888 3044 4925 non
3096 4888 3476 4941 comparuero.

202 4975 306 5041 ἀφ’
351 4967 415 5026 οὗ
460 4967 880 5024 Κωνσταντῖνος
936 4965 964 5015 ὁ
992 4963 1178 5030 πατὴρ
1224 4962 1338 5012 τοῖν
1365 4957 1636 5028 βασιλέοιν
1664 4957 1799 5026 πρὸς

1913 4966 2258 5022 Potissimum
2303 4980 2437 5018 vero
2483 4964 2535 5017 in
2578 4962 2783 5016 Julium
2818 4965 3032 5032 culpam
3075 4968 3193 5032 ejus
3226 4965 3300 5018 rei
3344 4981 3479 5017 con-

203 5070 311 5138 τὴν
344 5063 568 5133 ἀμείνω
595 5059 753 5129 λῆξιν
777 5058 1004 5127 ἐχώρει.
1036 5053 1181 5106 Ἀλλ’
1210 5054 1260 5105 oi.
1289 5052 1385 5122 μὲν
1409 5051 1558 5120 ὲῷοι,
1601 5052 1681 5112 εἱς
1704 5050 1805 5112 τὴν

202 5159 493 5211 Φιλίππου
552 5152 713 5204 πόλιν
760 5148 860 5218 τῆς
903 5148 1129 5217 Θρᾴκης
1162 5146 1610 5212 γενόμενοι,τοῖ;
1648 5144 1808 5196 ἐσπε-

208 5254 358 5321 piat;
388 5244 671 5315 ἔγραψαν,
702 5238 1187 5311 προκαταλαϐοῦσι
1212 5236 1310 5306 τὴν
1360 5235 1645 5303 Σαρδικὴν,
1680 5234 1803 5287 διώ-

208 5341 422 5395 σασθαι
448 5339 582 5399 τοὺς
633 5336 766 5404 περὶ
792 5333 1117 5387 Ἀθανάσιον
1148 5336 1244 5383 τοῦ
1282 5330 1565 5397 συλλόγου,
1595 5330 1668 5388 ὡς
1698 5330 1804 5381 ἀπο

206 5436 305 5489 τοῦ
360 5429 619 5503 ἱερᾶσθαι
659 5426 1091 5495 γεγενημένοιςο
1156 5424 1292 5492 μηδὲ
1345 5424 1453 5490 γὰρ
1509 5420 1574 5474 ἂν
1627 5420 1803 5483 ἄλλως

208 5526 351 5580 εἶναι
407 5523 533 5588 ἐξὸν
592 5524 675 5581 εἰς
738 5519 797 5571 ἓν
831 5520 1073 5570 συνιέναι
1097 5529 1112 5545 ο
1166 5516 1356 5566 ἔπειτα
1379 5512 1557 5566 δὲκαὶ
1592 5513 1672 5574 εἰς
1702 5512 1801 5581 τὴν

210 5617 498 5689 Σαρδικὴν
547 5612 864 5683 γενόμενοι,
923 5610 990 5661 τὰ
1046 5608 1139 5661 ῖσα
1190 5606 1626 5675 διισχυριζοντο·
1663 5605 1711 5656 οἱ
1756 5602 1800 5655 δ’

281 5800 362 5865 (Ι)
401 5798 585 5852 Etiam
620 5800 805 5860 aliter,
836 5805 888 5851 et
924 5796 1159 5851 fortasse
1188 5794 1393 5849 rectius
1423 5793 1495 5849 ita
1529 5796 1663 5848 verti
1703 5808 1799 5859 po-

215 5882 318 5928 test
352 5892 367 5926 :
408 5868 575 5921 Patre
622 5870 833 5939 quidem
880 5884 1056 5921 rerum
1089 5867 1452 5918 mium-sarum
1504 5883 1594 5934 per
1626 5867 1803 5918 omnia

1912 5054 2183 5119 ferebant,
2219 5069 2342 5107 cum
2382 5055 2605 5123 quidem
2651 5054 2928 5107 mensibus
2966 5055 3154 5125 viginti
3196 5062 3321 5107 ante
3360 5056 3479 5121 epi-

1912 5162 2205 5216 scoporum
2238 5146 2530 5199 adventum
2558 5145 2673 5199 dies
2701 5155 2845 5199 esset
2874 5146 3191 5199 constituta.
3227 5146 3480 5199 Decimus

1913 5242 1957 5295 is
1995 5251 2115 5293 erat
2160 5255 2358 5300 annus,
2405 5254 2470 5291 ex
2517 5253 2626 5306 quo
2671 5239 3087 5297 Constantinus.
3135 5239 3480 5305 imperatoris
3566 5228 3567 5231 “

1914 5336 2201 5400 utriusque
2247 5343 2425 5400 pater,
2464 5332 2529 5384 atl
2585 5331 2868 5385 meliorem
2918 5332 3245 5394 migraverat
3286 5331 3479 5384 vitam.

1910 5420 1975 5473 Et
2009 5419 2339 5483 Orientales,
2373 5420 2466 5486 qui
2506 5418 2927 5489 Philippopolim
2964 5422 3014 5473 itt
3049 5419 3279 5473 Thracia
3314 5435 3476 5473 vene-

1910 5523 2055 5577 rant,
2079 5512 2548 5575 Occidentalibus,
2573 5515 2665 5580 qui
2691 5513 2929 5566 Sardicaa
2948 5514 3058 5582 jam
3085 5524 3279 5581 pra'sto
3297 5520 3477 5575 erant,

1908 5606 2199 5675 scripsere,
2252 5612 2310 5658 ut
2361 5605 2743 5670 Athanasium,
2796 5608 3025 5678 ejusque
3074 5607 3371 5671 studiosos,
3420 5615 3478 5657 ut

1904 5808 2022 5917 ειὲηι
2073 5807 2280 5843 suntma
2317 5798 2572 5860 potestate
2628 5794 2904 5863 imperium
2954 5792 3113 5845 etiam
3165 5792 3220 5844 in
3273 5786 3478 5844 Filium

1913 5883 1941 5916 ο
1979 5873 2194 5917 (incute.
2226 5873 2332 5917 etc.

1913 5873 2194 5925 obtinente,
2226 5873 2332 5917 clt‘.
