4280 6436
224 440 330 503 261

1194 433 1795 499 ECCI.ESMSTIC.E
1840 430 2228 491 IllSTORI/E
2270 433 2417 493 LIB.
2470 433 2573 491 1X.

3386 442 3491 507 262

226 554 350 604 ἀλλ’
406 552 527 605 οῦδὲ
579 550 925 621 Χριστιανῶν
977 552 1325 622 προσηγορίᾳ.
1373 550 1598 612 τούτους
1646 550 1813 617 τιμᾷν
1843 550 1889 604 Α

1795 568 1813 598 υ
1843 550 1889 604 Α
1917 542 2127 597 diceret
2174 558 2459 612 nunquam
2508 559 2571 596 ea
2626 545 2887 617 sensisse,
2915 544 2983 601 de
3031 548 3232 619 quibus
3268 565 3363 619 per
3395 569 3485 608 ca-

224 645 549 708 εθέσπιζον.
609 642 878 697 Καθεῐλον
940 643 1078 713 πρὸς
1116 643 1329 707 τούτοις
1378 642 1658 709 Θεόδωρον
1714 642 1809 692 τὸν

224 735 548 805 Περίνθιον,
579 734 895 805 Νάρκισσόν
932 751 990 786 τε
1018 735 1109 787 τὸν
1142 733 1812 806 Είρηνουπολίτην,Ἀκά-

221 843 352 879 κιον
380 828 475 880 τὸν
506 827 850 895 Καισαρείας
873 826 974 896 τῆς
1002 826 1389 895 Παλαιστίνης,
1410 826 1500 878 τὸν
1520 824 1806 891 Παμφίλου

219 920 482 989 διάδοχον
521 918 811 986 Εύσεδίου,
871 920 968 973 καὶ
1000 919 1360 988 Μηνόφαντον
1412 918 1505 971 τὸν
1536 916 1804 985 Ἐφέσιον,

225 1009 551 1080 Οὐρσάκιόν
615 1026 676 1063 τε
737 1010 830 1062 τδν
876 1009 1211 1078 Σιγγιδὸνος,
1258 1010 1352 1062 καὶ
1381 1009 1660 1062 Οὐάλεντα
1700 1006 1810 1058 τῶν

223 1103 507 1172 Μουρσῶν
531 1102 629 1172 τῆς
660 1103 984 1166 Παννονίας,
1013 1106 1108 1157 καὶ
1145 1100 1236 1155 τὸν
1271 1102 1587 1165 Λαοδικείας
1625 1100 1808 1171 Γεωρ-

219 1213 375 1263 γιον,
409 1197 459 1248 εί
525 1197 622 1249 καὶ
672 1194 813 1257 τέως
844 1198 911 1265 τῇ
946 1195 1149 1263 συνόδῳ
1180 1193 1290 1246 τῶν
1339 1192 1493 1264 ἑῴων
1520 1193 1580 1246 ού
1605 1193 1807 1259 παρῆν.

218 1289 502 1341 Καθεῖ).ον
531 1288 588 1342 δὲ
619 1287 843 1351 τούτους
876 1290 968 1341 καὶ
993 1289 1093 1357 τῆς
1124 1286 1410 1349 κοινωνίας
1449 1285 1711 1351 ἐξέωσαν,
1738 1285 1811 1346 ὼς

217 1381 321 1433 τὸν
351 1380 485 1434 ru».
509 1381 604 1434 τοῦ
636 1380 776 1434 Θεοῦ
803 1384 903 1451 τῆς
938 1380 1213 1451 πατρικῆς
1234 1379 1423 1440 οὐσίας
1453 1378 1808 1449 χωρίζοντας,

215 1472 322 1524 καὶ
356 1473 443 1525 ὅτι
500 1473 626 1535 τοὺς
663 1474 836 1527 πάλαι
872 1474 961 1526 διὰ
1032 1474 1132 1543 τὴν
1208 1470 1555 1539 Ἀριιανικὴν
1592 1469 1809 1538 αἵρεσιν

213 1564 721 1634 ἀποϐεϐλημένους
780 1564 1129 1629 ἀνεδέξαντο.
1187 1564 1282 1618 καὶ
1315 1566 1395 1626 είς
1447 1561 1669 1628 μείζονα
1698 1560 1811 1614 λεια

211 1659 494 1727 τουργίας
521 1655 657 1710 Θεοῦ
688 1658 1012 1727 προήγαγον
1065 1654 1378 1723 ἀξιώματα.
1420 1656 1531 1708 Καὶ
1560 1652 1807 1723 καταψη-

216 1732 529 1819 {ieiunet
555 1749 786 1815 τούτων,
809 1752 921 1810 τοῖς
960 1748 1277 1818 ἁπανταχοῦ
1310 1746 1562 1816 ἔπεμπον
1590 1745 1812 1797 ἐπισκό-

212 1816 350 1903 43-;
374 1816 448 1894 τὰ
470 1840 769 1909 δεδογμένα
800 1841 1029 1912 κυροῦν,
1059 1842 1154 1894 καὶ
1183 1816 1311 1909 περὶ
1343 1842 1408 1893 τὰ
1436 1838 1665 1903 δόξαντα
1696 1838 1811 1898 τοῖς

212 1935 279 1986 ὲν
314 1932 529 2000 Νικαία
558 1935 888 2003 ὁμοφρονεῖν
910 1949 923 1962 ·
958 1936 1140 1986 ἐκεῖνα
1174 1932 1283 2002 γὰρ
1327 1931 1722 2000 κρατύναντες,
1749 1928 1809 1980 τὸ

212 2022 485 2091 ἀνόμοιον
534 2020 877 2085 ἀπεώσαντο,
935 2022 1032 2075 καὶ
1085 2023 1146 2075 τὸ
1184 2022 1474 2090 ὁμοούσιον
1508 2020 1810 2091 διαρρήδην

210 2110 531 2181 δκήρυξαν.
558 2110 666 2163 Καί
696 2127 820 2163 τινα
849 2111 904 2163 δὲ
933 2112 1154 2180 γραφὴν
1206 2110 1516 2175 ἑκθέμενοι,
1542 2110 1808 2163 πλατυτέ-

216 2222 329 2275 ραν
371 2206 474 2274 μὲν
510 2206 609 2274 τῆς
664 2206 726 2273 ἓν
777 2203 1009 2273 Νικαίᾳ,
1067 2203 1435 2273 διατηροῦσαν
1469 2202 1523 2256 δὲ
1552 2203 1645 2255 τὸν
1684 2203 1810 2269 ὅρον

209 2299 469 2368 ἐκείνης,
500 2299 597 2352 καὶ
620 2277 682 2351 ού
720 2298 872 2366 παρὰ
927 2297 1062 2349 πολὺ
1113 2297 1538 2351 διαλλάττουσαν
1574 2298 1665 2347 καὶ
1698 2296 1810 2356 τοῖς

211 2392 499 2461 ῥήμασιν,
547 2390 884 2458 ’ἁπανταχοῦ
929 2388 1325 2457 διεξέπεμψτιν.
1384 2388 1501 2440 Ἵνα
1552 2387 1607 2440 δὲ
1654 2390 1727 2457 μή
1757 2405 1808 2440 τι

208 2484 582 2550 καινοτομεῖν
632 2482 785 2549 παρὰ
817 2484 885 2535 τὰ
917 2483 975 2533 ὲν
1000 2480 1203 2545 Νικαία
1235 2480 1685 2545 δοξωσιν,’οσιος
1715 2480 1809 2532 καὶ

210 2574 618 2642 Πρωτογένης,
674 2572 723 2624 οἳ
761 2571 1062 2642 τηνικαῦτα
1122 2573 1219 2638 τῆς
1284 2572 1504 2625 συνόδου
1541 2571 1805 2641 προῆγον,

208 2662 475 2731 ἔγραψαν
506 2663 715 2731 Ἰουλίῳ
775 2664 892 2733 μετ’
926 2665 1204 2734 ἀσφαλοῦς
1258 2665 1587 2734 μαρτυρίας,
1641 2667 1808 2733 κύρια

210 2757 327 2827 μὲν
353 2756 426 2807 τὰ
448 2758 506 2807 ὲν
540 2756 746 2825 Νικαίᾳ
778 2756 1050 2824 νομίζειν,
1111 2758 1411 2827 σαφηνείας
1442 2757 1498 2810 δὲ
1530 2758 1711 2827 χάριν,
1740 2756 1808 2809 τά

208 2848 414 2919 ἐκείνῃ
444 2848 734 2917 ὁρισθέντα
802 2849 1097 2902 πλατύνειν
1132 2849 1307 2920 βραχύ
1330 2867 1344 2881 ·
1379 2849 1463 2901 ἵνα
1522 2851 1618 2919 μὴ,
1651 2852 1805 2916 φασὶ,

204 2941 297 3011 τῷ
332 2942 776 3009 σνντετμημένφ
831 2939 932 3009 τῆς
978 2942 1215 3002 πίπτῑως
1274 2942 1323 2994 οξ
1374 2942 1430 3007 ἔξ
1485 2940 1696 3009 ’Ᾱρείου
1725 2944 1806 3004 εἰς

205 3033 431 3087 ἄτοπον
468 3024 606 3083 ὦσιν
637 3030 973 3097 ἀπάγοντες,
1003 3029 1118 3081 ὅσοι
1153 3030 1229 3098 μὴ
1255 3028 1402 3081 ῐσασι
1427 3030 1803 3095 διαλέγπθαι.

207 3123 415 3178 Ταῦτα
470 3124 674 3177 ἐκεῖνοι
734 3121 1198 3193 διαπραξάμενοι,
1250 3121 1440 3175 οἴκαδε
1505 3121 1799 3185 διελύοντο,

203 3216 484 3282 ἑκάτεροι
520 3213 751 3284 γνώμης
786 3215 964 3280 ὄντες,
990 3214 1066 3274 ὡς
1090 3214 1183 3265 καὶ
1214 3213 1381 3282 ἄμφω
1407 3212 1630 3274 δικαίως
1660 3210 1803 3280 πρά-
1831 3240 1875 3298 c

205 3304 400 3370 ξειαν,
434 3306 483 3355 οἱ
526 3304 627 3372 μιν
656 3303 756 3373 τὴν
790 3302 866 3353 Eoi
901 3301 1356 3364 ἐπισκοποῦντες,
1410 3303 1603 3368 ὅτιπερ
1626 3302 1673 3353 οί
1702 3299 1808 3353 ἀνὰ

203 3403 319 3465 την
372 3395 624 3464 ἑσπέραν
678 3394 809 3456 τοὺς
869 3394 962 3446 ὑπ’
995 3393 1177 3447 αὐτῶν
1224 3392 1657 3462 καθαιρεθέντας
1710 3393 1809 3444 καὶ

207 3488 589 3555 ἀπωσμένους
623 3485 879 3550 ἐδέξαντο
900 3502 915 3516 ·
943 3488 993 3539 οἱ
1028 3486 1074 3539 δ’
1100 3487 1203 3539 avi
1229 3486 1330 3555 τὴν
1357 3486 1536 3549 δύσιν,
1584 3486 1665 3537 ὅτι
1699 3484 1807 3555 πρὸ

208 3582 319 3647 τῆς
350 3579 545 3647 κοινῆς
572 3579 923 3646 διαγνώσεως
955 3579 1007 3631 ei
1031 3578 1357 3641 καθελόντες
1384 3579 1691 3646 ἀπέφυγον,
1712 3578 1806 3629 καὶ

204 3667 296 3721 ὅτι
326 3667 381 3718 οἱ
416 3666 518 3734 μὲν
571 3668 641 3719 τὰ
690 3669 748 3718 ἐν
775 3660 1001 3735 Νικαίᾳ’
1032 3665 1334 3735 δεδογμένα
1362 3667 1645 3734 ἔστεργον,
1671 3668 1719 3718 οί
1750 3667 1805 3719 δὲ

200 3762 314 3831 τῆς
388 3758 466 3811 ἒω
520 3758 868 3826 κιῦδηλεύειν
928 3758 1137 3828 ταύτην
1197 3759 1292 3810 καὶ
1353 3759 1804 3828 παραχαράττειν

202 3852 491 3919 ἐτόλμων.
524 3848 589 3902 Oi
616 3850 660 3902 δ’
686 3852 746 3902 ἂν
780 3850 1019 3921 Σαρδικῇ
1064 3851 1157 3903 καὶ
1186 3849 1495 3920 Μαρκέλλῳ
1523 3849 1602 3919 τῷ
1635 3849 1804 3919 πρόσ-

204 3947 307 4000 θεν
346 3924 632 4012 εἰρημένῳ
685 3943 783 4011 τῆς
813 3944 870 3994 ὲν
907 3942 1159 4011 Ἀγκύρῃ.
1212 3942 1488 4003 Γαλατίας
1516 3942 1806 4010 ὲπισκὸπῳ

199 4036 314 4104 τὴν
361 4032 675 4103 ἱερωσύνην
715 4030 1029 4100 ἐπέτρεψαν
1059 4048 1072 4062 ·
1110 4030 1295 4096 ἐξεῖπε
1327 4032 1434 4098 γὰρ
1481 4035 1545 4099 τῇ
1581 4030 1803 4097 συνὸῗῳ,

201 4128 280 4190 ὡς
321 4127 389 4178 ού
423 4124 654 4194 νοηθείη
706 4126 821 4187 τοῖς
855 4125 1075 4187 πολλοῖς
1105 4126 1138 4193 η
1171 4124 1264 4176 ὑπ’
1294 4123 1459 4178 αὐτοῦ
1509 4125 1587 4192 τῷ
1615 4124 1807 4193 βιϐλίῳ

206 4217 676 4287 ὖπαγορευθείσα
731 4217 977 4286 φράσις·
1029 4217 1124 4269 καὶ
1186 4216 1274 4267 διὰ
1326 4216 1487 4269 τοῦτο
1547 4217 1805 4268 ὑπόνοιαν

206 4313 393 4381 σχεῖν,
432 4310 505 4362 τά
552 4308 649 4362 τοῦ
691 4310 1060 4379 Σαμοσατέως
1106 4310 1321 4363 Παύλου
1369 4309 1463 4360 καὶ
1510 4306 1804 4359 Σαόελλίου

202 4403 467 4474 φρονεῖν.

1918 636 2183 689 Iumniam
2241 646 2533 689 accusatus
2587 646 2759 690 esset.
2816 641 3058 710 Asclcpae
3104 643 3485 714 episcopatum

1914 726 2233 782 Gazaaorum
2268 732 2597 785 auctoritate
2642 746 2740 785 sua
2780 733 3202 797 conﬁrmarunt,
3241 738 3334 805 qui
3383 754 3453 791 an

1917 827 2001 872 tea
2034 820 2198 873 etiam
2234 821 2530 875 multorum
2570 823 2903 890 antistitum,
2941 833 2998 878 et
3033 827 3268 881 maxime
3314 827 3485 883 Ense-

1914 912 1988 966 bii
2029 912 2299 982 Pamphili
2343 914 2604 985 suffragio
2636 900 3005 984 episcopalem
3045 926 3361 987 susceperat
3402 919 3487 973 di-

1914 1005 2202 1073 gnitatem,
2238 1007 2395 1076 cujus
2431 1008 2509 1061 rei
2543 1008 2938 1062 certitudinem
2985 1018 3107 1063 acta
3149 1010 3343 1080 judicii
3390 1010 3487 1065 dc-

1914 1096 2215 1150 clarabaut.
2276 1096 2505 1151 Lucium
2557 1100 2722 1152 etiam
2778 1098 3289 1169 AdrianOpolitam,
3335 1101 3485 1172 quod

1915 1197 2262 1243 accusatores
2286 1190 2408 1257 ejus
2433 1189 2812 1259 profugerant,
2839 1192 3222 1247 restituerunt.
3254 1192 3487 1248 ﬂorum-

1914 1295 2022 1350 que
2074 1282 2330 1349 parmciis
2379 1294 2434 1337 et
2486 1284 2740 1337 ecclesiis
2795 1285 3172 1351 scripserunt,
3225 1301 3295 1339 ne
3347 1286 3489 1340 alios

1910 1386 2075 1440 quam
2128 1373 2226 1426 hos
2280 1375 2428 1441 ipsos
2479 1373 2749 1429 baberent
2805 1376 3129 1446 episcopos,
3176 1391 3489 1447 eorumque

1912 1464 2317 1532 quamprimum
2354 1455 2738 1533 exspccfarent
2773 1467 3097 1523 adventum.
3136 1468 3489 1539 Abrogaruut

1913 1567 2133 1622 quoque
2193 1554 2577 1622 episcopatum
2635 1554 2900 1626 Gregorio
2951 1557 3029 1628 (1)
3080 1558 3488 1626 Alexandrino,

1914 1644 2117 1699 Basilio
2155 1645 2467 1716 Ancyram),
2495 1658 2551 1701 et
2583 1646 2885 1712 Quintiano
2915 1648 3108 1704 Ganeo
3138 1668 3152 1704 :
3183 1660 3240 1705 et
3283 1663 3342 1705 ut
3376 1668 3485 1706 non

1915 1737 2080 1791 modo
2113 1738 2518 1807 episcoporum,
2552 1739 2647 1793 sed
2683 1755 2750 1794 ne
2784 1740 3226 1796 Christianorum
3260 1743 3486 1813 quidem

1916 1829 2281 1898 appellatione
2312 1830 2720 1885 honorarentur
2754 1840 3015 1886 statuere.
3047 1833 3194 1887 ldem
3237 1833 3489 1889 fecerunt

1915 1918 2207 1973 Theodoro
2252 1920 2559 1984 Perintbio,
2597 1921 2857 1976 Narcisso
2894 1922 3250 1992 Irenopolita,
3287 1925 3489 1979 Acacio

1914 2010 2239 2067 Caesariensi
2295 2011 2518 2067 Eusebii
2578 2013 2847 2084 Pamphili
2898 2016 3248 2079 successori,
3304 2015 3486 2071 Meno-

1917 2104 2126 2173 pbanto
2153 2102 2416 2174 Ephesio,
2442 2105 2669 2161 Ursacio
2704 2104 3021 2176 Singidonis
3054 2108 3155 2178 (2),
3189 2117 3244 2163 et
3275 2108 3486 2164 Valenti

1915 2194 2133 2248 Nursia?
2195 2193 2604 2249 Pannoniorum
2666 2195 2980 2266 episc0pis,
3042 2206 3097 2251 et
3155 2196 3487 2254 Laodicensi

1912 2285 2169 2357 Georgio,
2209 2288 2461 2356 quamvis
2505 2286 2727 2359 Synodo
2773 2288 3136 2345 Orientalium
3175 2293 3221 2347 is
3252 2308 3362 2346 non
3405 2294 3486 2363 in-

1918 2389 2169 2433 teresset.
2212 2378 2309 2433 llis
2339 2381 2600 2435 omnibus
2629 2382 2902 2451 dignitate
2930 2384 3207 2452 adempta,
3238 2400 3486 2440 commu-

1914 2471 2081 2524 nione
2120 2470 2553 2537 interdixerunt,
2588 2472 2734 2542 quod
2783 2472 2981 2528 Filium
3034 2475 3130 2530 Dei
3183 2492 3211 2530 a
3252 2487 3483 2547 paterna

1910 2562 2219 2616 substantia
2261 2572 2586 2631 separarent
2617 2582 2629 2617 :
2664 2564 2835 2635 698
2869 2575 2923 2620 et
2952 2568 3119 2637 quod,
3153 2569 3246 2639 qui
3278 2570 3485 2626 dudum

1914 2664 2143 2723 propter
2176 2654 2436 2708 Arianam
2472 2654 2728 2711 hmresim
2775 2659 2964 2730 rejecti
2995 2660 3235 2726 fuerant,
3270 2678 3365 2717 eos
3400 2679 3479 2718 2e-

1914 2747 2208 2815 cepissent,
2232 2757 2285 2800 et
2307 2745 2373 2799 ad
2397 2747 2717 2816 ampliorem
2744 2750 3037 2806 ministerii
3058 2752 3152 2807 Dei
3174 2756 3485 2810 evexisseut

1912 2841 2257 2911 dignitatem.
2290 2840 2383 2895 Eis
2407 2841 2705 2906 damnatis,
2737 2843 2803 2897 ad
2832 2860 3021 2899 omnes
3046 2847 3249 2915 ubique
3273 2850 3482 2919 episco-

1910 2950 2011 3003 pos
2043 2935 2334 3001 miserunt,
2371 2945 2433 2988 ut
2469 2934 2691 2989 decreta
2726 2952 2790 2991 ea
2824 2946 2939 2991 rata
2974 2937 3239 2994 haberent
3268 2952 3322 2996 et
3353 2958 3482 2999 con-

1911 3028 2215 3088 ﬁrmarent,
2256 3042 2357 3081 nee
2394 3043 2503 3081 non
2548 3027 2783 3083 Nicaenis
2825 3031 3042 3099 placitis
3082 3034 3482 3090 consentirent.

1908 3119 2120 3185 Quibus
2170 3118 2463 3181 roboratis,
2505 3119 2565 3171 τὸ
2598 3121 2875 3190 ἀνόμοιον,
2916 3123 3203 3192 dissimile,
3226 3128 3481 3195 repudia-

1909 3222 2059 3276 runt,
2091 3210 2151 3262 τὸ
2185 3210 2492 3279 ὀμοούςιον,
2512 3212 3004 3281 consubstantiale,
3024 3228 3209 3285 aperte
3246 3219 3480 3286 promul-

1909 3312 2130 3372 garunt.
2167 3303 2231 3355 Et
2264 3302 2471 3371 scripto
2503 3303 2739 3372 quodam
2775 3309 3100 3375 composito,
3142 3310 3286 3377 quod
3323 3312 3458 3371 diﬂn

1910 3393 2027 3445 sius
2056 3390 2278 3461 quidem
2314 3406 2478 3459 quam
2517 3391 2797 3447 Nicmnum
2840 3404 3005 3462 esset,
3042 3396 3344 3454 ﬁnitionem
3385 3380 3456 3455 au

1911 3495 2019 3538 tetu
2079 3485 2200 3552 ejus
2257 3493 2522 3549 servaret,
2566 3485 2859 3556 verbisque
2909 3504 3019 3542 non
3073 3490 3369 3546 admodum
3418 3493 3492 3549 ab

1909 3573 2003 3628 illo
2033 3574 2304 3638 diﬂ‘erret,
2346 3574 2399 3627 id
2448 3574 2649 3643 passim
2697 3577 2763 3631 ad
2811 3577 2931 3633 loca
2965 3581 3153 3634 omnia
3189 3581 3462 3637 miserunt

1908 3664 1983 3720 Ne
2018 3680 2149 3719 vero
2190 3680 2391 3719 novare
2429 3664 2730 3734 quidquam
2771 3677 2961 3722 contra
3005 3668 3223 3725 Nicmna
3262 3671 3481 3727 decreta

1910 3756 2253 3809 viderentur.
2291 3754 2493 3809 Hosius
2519 3763 2573 3809 et
2605 3755 2968 3826 Protogenes,
3001 3758 3093 3828 qui
3128 3768 3240 3813 tum
3275 3761 3480 3831 synode

1911 3848 2227 3919 praeierant,
2268 3863 2392 3902 cum
2427 3856 2574 3902 certa
2609 3850 2963 3905 attestatione
3003 3851 3071 3905 ad
3111 3852 3308 3907 Iulium
3339 3854 3471 3909 litte-

1912 3955 2002 3992 ras
2048 3939 2341 4001 dederunt,
2374 3940 2758 3994 auctoritatem
2808 3954 2961 3997 suam
2996 3956 3053 3997 se
3086 3942 3321 3999 Nicena:
3356 3944 3479 3999 ﬁdei

1909 4030 2238 4099 professioni
2303 4031 2571 4101 integram
2630 4031 2949 4101 relinquere
3000 4051 3015 4089 :
3070 4037 3483 4106 perspicuitatis

1909 4130 2090 4175 autem
2138 4121 2334 4189 gratia,
2368 4136 2488 4190 qua:
2535 4121 2729 4177 Nicaea:
2773 4124 3074 4179 censtituta
3121 4138 3327 4193 essent,
3366 4142 3477 4181 non

1910 4210 1982 4264 ita
2010 4210 2193 4265 multis
2219 4210 2388 4265 latius
2412 4210 2749 4276 extendisse,
2774 4227 2843 4267 ne
2874 4214 3090 4269 scilicet
3111 4216 3297 4270 Ariani
3329 4232 3466 4271 com-

1906 4301 2108 4373 pendio
2156 4302 2514 4372 professionis
2568 4302 2695 4357 ﬁdei
2745 4304 2812 4358 ad
2862 4305 3136 4361 absurdas
3189 4310 3475 4378 opiniones

1907 4409 2004 4449 eos
2032 4393 2395 4458 abducerent,
2427 4394 2523 4463 qui
2573 4394 2877 4451 dialecticae
2916 4408 3045 4452 sunt
3083 4400 3342 4470 imperiti.
3380 4400 3486 4459 His-

202 4500 283 4553 ita
331 4496 612 4567 peractis,
640 4494 868 4551 domum
921 4506 1226 4551 revertere.
1276 4496 1346 4551 Et
1388 4496 1610 4563 utrique
1686 4494 1740 4547 in
1813 4506 1878 4547 ea
1917 4498 2075 4546 erant
2117 4491 2399 4561 Opinione,
2433 4501 2581 4548 recte
2627 4491 2696 4547 ab
2736 4492 2820 4549 eis
2854 4509 2976 4563 quae
3020 4499 3307 4554 sententiis
3343 4515 3480 4570 pro»

199 4589 548 4662 scriptionis
578 4588 828 4644 ferendis
854 4589 1121 4658 egissent,
1152 4603 1272 4644 esse
1306 4588 1469 4644 facta.
1498 4586 1805 4642 Orientales
1843 4584 2087 4655 quidem,
2130 4583 2278 4652 quod
2345 4582 2748 4650 Occidentales,
2784 4601 2926 4655 quos
2960 4590 3061 4659 ipsi
3094 4606 3253 4647 sacro
3282 4591 3476 4649 ordine

199 4690 527 4743 movissent
577 4696 634 4740 et
694 4685 1056 4755 rejecissent,
1105 4698 1204 4739 eos
1258 4684 1327 4740 ad
1376 4682 1823 4740 communionem
1884 4680 2234 4735 admisissent
2270 4699 2284 4747 ;
2315 4678 2689 4739 Occidentales
2749 4696 2971 4753 autem,
3057 4690 3201 4758 quod
3252 4692 3327 4748 illi
3379 4695 3487 4764 qui~

197 4780 588 4839 Athanasium
624 4787 683 4834 et
714 4780 856 4834 alios
889 4777 1264 4833 damnationis
1331 4776 1605 4833 sententia
1681 4784 1988 4837 notassent,
2064 4786 2189 4829 ante
2226 4774 2499 4845 publicam
2540 4778 2909 4856 cognitionem
2964 4782 3377 4854 profugissem;
3420 4800 3483 4849 κν.

197 4877 359 4947 quod
388 4855 434 4929 ii
470 4873 701 4928 Nictena
736 4875 960 4926 decreta
991 4870 1532 4941 complectebantur,
1598 4869 1678 4924 illi
1751 4883 1882 4924 vero
1917 4882 1981 4922 ea
2023 4866 2329 4936 depravare
2378 4876 2437 4924 et
2480 4855 2792 4927 adulterare
2841 4872 3135 4929 audebant.
3182 4876 3243 4930 In
3289 4877 3459 4935 Sardi-

198 4967 362 5025 censi
393 4965 635 5022 consilio
665 4962 929 5019 Marcello
953 4979 1198 5034 quoque,
1227 4964 1295 5018 de
1326 4979 1440 5034 quo
1469 4979 1635 5033 supra
1708 4962 1970 5027 diximus,
2039 4960 2267 5029 Ancyrae
2298 4958 2524 5017 Galatiae
2594 4964 2995 5035 episcopatum.
3039 4968 3199 5023 sicuti
3235 4985 3481 5027 comme-

196 5062 595 5121 moravimus,
645 5072 871 5112 rursum
919 5058 1281 5110 mandarunt.
1330 5056 1465 5111 Nam
1512 5056 1560 5111 is
1633 5056 1842 5127 synodo
1880 5053 2152 5121 exposuit,
2231 5067 2261 5104 a
2306 5052 2494 5108 nmltis
2536 5054 2664 5108 libri
2698 5056 2780 5109 sui
2819 5057 3017 5128 scripta
3051 5059 3327 5116 intellecta
3363 5080 3480 5118 non.

196 5170 329 5211 esse
368 5172 380 5207 :
414 5154 565 5207 unde
599 5151 679 5205 illi
708 5130 1084 5219 suspicionem
1115 5152 1490 5220 conceperint,
1518 5150 1710 5205 eadem
1742 5163 1802 5204 se
1842 5162 1965 5201 cum
1997 5144 2352 5199 Samosateno
2386 5146 2555 5201 Paulo
2586 5158 2644 5202 et
2674 5148 2914 5204 Sabellio
2945 5152 3171 5206 sentire.

806 5270 1064 5324 ΚΕΦΑΛ.
1117 5267 1215 5324 ΙΓ.

200 5358 312 5417 Οἷα
342 5366 378 5417 ό
408 5364 932 5428 ἐκκλησιαστικὸς
978 5357 1295 5427 Σωκράτης
1325 5359 1425 5412 ἐπὶ
1468 5358 1578 5426 τῆς
1605 5359 1793 5427 δόξης

264 5433 580 5487 Εὐσεείου
642 5433 750 5485 τοῦ
785 5432 1106 5499 Παμφίλου
1137 5431 1423 5497 ἱστόρησε
1444 5446 1457 5461 ⁸
1501 5432 1598 5482 καὶ
1633 5432 1794 5494 ὅπως

265 5503 467 5568 δόξης
502 5498 644 5569 ἐἶχε
696 5503 832 5567 περὶ
876 5498 1004 5568 τῆς
1063 5500 1134 5553 ἐν
1191 5501 1409 5567 Νικαίςι
1440 5502 1703 5565 πίστεως
1748 5501 1787 5565 ἡ

264 5573 507 5639 ἑσπέρα
537 5590 603 5624 τε
642 5588 740 5625 και
776 5573 811 5639 ἡ
847 5571 981 5637 ἕως.

267 5664 505 5718 Εῐδέναι
540 5666 730 5732 μέντοι
763 5662 944 5731 χρεὼν
966 5661 1042 5725 ὠς
1089 5663 1118 5714 ὁ
1155 5659 1249 5714 τοῦ
1288 5645 1580 5731 Παμφίλοῦ
1618 5661 1791 5714 Εὐσέ-

192 5752 315 5819 ϐιος
337 5754 498 5825 τρισὶ
527 5752 763 5823 βιϐλίοις
794 5754 858 5805 τὸ
894 5752 1190 5823 εἰρημένον
1223 5750 1465 5805 ὕποπτον
1501 5753 1594 5806 τοῦ
1632 5752 1786 5823 Μαρ-

268 5873 349 5940 (ι)
386 5869 708 5941 Legendum
737 5869 879 5927 forte
934 5867 1177 5939 Georgio,
1227 5884 1391 5940 supra
1435 5884 1555 5941 cap.
1592 5871 1622 5924 7
1654 5871 1782 5927 cod.

2383 5267 2549 5338 599
2587 5268 2809 5323 CAPUT
2852 5267 2990 5323 xm.

1905 5362 2033 5435 Quae
2081 5362 2320 5435 Socrates
2389 5364 2616 5435 scriptor
2671 5362 3052 5418 ecclesiasticus
3123 5367 3186 5417 de
3234 5368 3475 5435 opinione

1973 5433 2178 5504 Ιξιιδιιὺὶἱ
2245 5434 2506 5504 Pamphili
2558 5448 2823 5484 memoriae
2869 5436 3192 5504 prodideril,
3248 5433 3298 5489 et
3355 5455 3468 5504 qua

1968 5502 2257 5557 Occidentis
2292 5503 2624 5570 Orientisque
2653 5508 2716 5553 de
2751 5505 2853 5571 ﬁde
2884 5502 3105 5558 Λιειωια
3158 5507 3313 5574 fuerit
3352 5502 3469 5565 tu.

1968 5575 2155 5626 tentia.

1969 5664 2265 5718 Sciendum
2298 5678 2453 5728 sane,
2479 5663 2777 5716 Eusebium
2806 5664 3074 5733 Pamphili
3108 5668 3285 5725 tribus
3310 5668 3467 5724 libris

1895 5766 2214 5824 suspectum
2282 5757 2435 5808 illum
2497 5754 2732 5808 Marcelli
2786 5756 3243 5813 connucntariunt
3313 5763 3458 5820 reici

1969 5872 2043 5938 ('2)
2074 5871 2337 5939 Singidun
2370 5871 2535 5924 hodie
2566 5870 2899 5939 Segedinum
2932 5874 3159 5929 dicitur.
