4280 6436
767 335 870 398 L263

1999 319 2424 382 NICEPIIORI
2463 313 2805 375 C.-\|.LlST[
2869 291 2876 299 '

3928 303 4040 369 25h

767 455 898 507 lisse
930 451 1029 520 (l).
1071 449 1289 517 Scripto
1325 459 1564 515 namque
1592 457 1658 498 eo
1690 440 1742 496 in
1775 450 1960 511 partes
1990 454 2118 494 suas
2145 437 2346 498 diviso,
2379 441 2422 499 Α
2454 451 2457 461 ·

2379 441 2422 499 Α
2454 433 2646 485 κέλλου
2680 425 2947 497 ἀνέτρεψε
2995 424 3341 495 σύγγραμμα
3365 464 3380 489 ,
3414 422 3488 488 ὡς
3537 424 3628 475 καὶ
3662 420 3854 493 πρώην
3883 425 4044 494 si”-

769 543 971 598 deinde
1009 540 1442 596 confutationem
1479 538 1644 590 infert
1683 552 1696 588 :
1736 534 1902 602 idque
1935 532 1989 585 in
2029 539 2143 585 toto
2181 542 2348 598 opere

771 635 917 689 facit.
981 635 1056 688 Ex
1107 632 1310 700 quibus
1367 629 1525 681 libris
1573 627 1831 680 Socrates
1875 624 2113 693 scriptor
2169 620 2348 675 eccle-

772 726 1028 780 siasticus
1088 723 1328 792 plurima
1386 719 1621 787 allegat,
1683 723 2020 784 quapropter
2071 710 2347 766 Eusebius

771 819 926 887 quasi
962 817 1203 870 Arianus
1241 821 1457 867 taxatus
1486 810 1572 864 sit.
1611 812 1688 862 Ac
1718 807 1979 874 deinceps
2010 803 2204 866 refert,
2239 801 2352 870 pri—

773 927 873 964 mae
930 909 1143 979 synodo
1206 922 1331 960 eum
1386 903 1742 965 interfuisse,
1796 899 2026 964 aliisque
2079 893 2356 963 episcopis

773 1003 1018 1057 decretis
1078 998 1346 1054 faciendis
1397 995 1746 1050 ροηρριιείεεθ
1800 1009 1812 1043 :
1864 991 2026 1044 sicuti
2079 985 2356 1040 Eusebius

775 1097 891 1164 ipse
948 1095 1000 1146 in
1055 1093 1219 1146 tertio
1275 1089 1340 1142 ad
1395 1087 1816 1142 Constantinum
1869 1082 2013 1135 li'rro
2066 1083 2353 1131 memoret.

775 1187 992 1241 Profert
1030 1200 1162 1235 vero
1199 1184 1340 1234 idem
1378 1189 1433 1233 et
1468 1180 1607 1246 piam
1654 1177 1770 1244 ejus
1811 1174 1863 1226 in
1910 1172 2066 1235 illud,
2105 1170 2357 1221 Dom’nus

777 1276 970 1331 creavit
1003 1292 1080 1328 me
1112 1276 1323 1327 initium
1368 1272 1577 1324 uiarum
1613 1284 1828 1320 suarum
1860 1268 1902 1328 ¹,
1937 1263 2358 1333 interpretatio-

781 1386 926 1433 nem,
975 1369 1026 1420 in
1082 1383 1188 1434 qua
1247 1365 1363 1416 haec
1413 1367 1492 1415 sic
1544 1361 1784 1415 scribit:
1827 1378 1842 1407 ι
1886 1357 2042 1423 Quod
2093 1355 2358 1408 Dominus

781 1461 1023 1528 seipsum
1073 1465 1318 1510 creatum
1351 1469 1474 1507 esse
1512 1453 1611 1514 ait,
1649 1467 1754 1504 non
1794 1450 1895 1502 hoc
1928 1463 2060 1502 sane
2096 1446 2166 1500 ita
2202 1445 2360 1509 dicit,

782 1561 1042 1619 tanquam
1098 1550 1190 1617 qui
1244 1558 1403 1599 antea
1456 1560 1567 1598 non
1617 1543 1809 1607 fuerit,
1847 1557 1911 1595 ac
1959 1549 2073 1593 tum
2121 1539 2360 1608 primum

782 1661 901 1699 esse
936 1643 1166 1710 rmperit
1201 1657 1214 1692 :
1251 1650 1309 1692 ut
1361 1635 1824 1707 quemadmodum
1870 1633 2098 1700 reliquae
2143 1638 2364 1683 creatu-

785 1753 880 1800 τευ,
921 1736 1111 1788 itidem
1165 1742 1220 1786 et
1275 1733 1391 1799 ipse
1444 1746 1509 1782 ex
1559 1743 1668 1781 non
1716 1726 2014 1780 exsistente
2066 1720 2360 1783 exstiterit,

2457 540 2656 592 καμεν,
2711 520 2780 572 τὰ
2834 517 2972 586 πρὸς
3016 516 3339 586 Μάρκελλον
3392 514 3713 584 ἐπιγράψας
3761 514 3825 566 τὸ
3871 518 4045 566 σπού-

2457 618 2664 686 δασμα.
2694 613 2994 683 Διαιρήσας
3034 611 3140 678 γὰρ
3177 612 3256 672 εἰς
3289 608 3454 678 μέρη,
3485 607 3677 660 ἔπειτα
3718 605 3817 677 τὴν
3851 608 4044 678 ἀντερ-

2463 711 2624 780 ρησιν
2657 705 2988 773 ἐπάγειοκαῖ
3027 703 3188 756 τοῦτο
3208 702 3275 755 δι’
3298 702 3419 755 ὅλου
3461 703 3621 754 ποιεῖ.
3666 701 3754 767 Ἐξ
3781 694 3842 753 ob
3877 719 4046 753 σπου-

2458 803 2738 872 δάσματος
2773 799 2948 851 πολλὰ
2992 797 3316 868 παρατιθεὶς
3352 795 3653 865 Σωκράτης
3683 797 3710 847 ὁ
3751 794 3818 847 τὰ
3845 795 4048 862 ἐκκλη-

2463 893 2720 947 σιαστικέι
2741 891 3226 960 συγγραψάμενος,
3253 890 3536 942 ἐνίσταται
3565 889 3813 950 πλεῖστα,
3833 887 3910 949 ὡς
3930 887 4050 940 δια-

2465 988 2716 1041 ϐάλλοιτο
2765 984 3028 1046 Εὐσέϐιος
3055 983 3124 1035 τὰ.
3161 982 3373 1052 Ἀρείου
3410 981 3628 1049 φρονῶν
3656 997 3669 1011 ·
3709 981 4050 1048 παρεισάγει

2461 1079 2570 1147 γὰρ
2592 1079 2669 1148 τῷ
2685 1094 2743 1130 τε
2769 1080 2835 1147 τῇ
2860 1076 3051 1144 πρώτῃ
3088 1075 3292 1144 συνόδῳ
3319 1073 3483 1125 αὑτὸν
3515 1074 3796 1140 παρεῖναι.
3815 1074 3910 1124 καὶ
3933 1075 4048 1134 τοῖς

2461 1171 2666 1232 λοιποῖς
2689 1169 2970 1238 ὁμόφρονα
2993 1166 3332 1234 καταστῆναι
3353 1181 3366 1194 ·
3390 1163 3462 1225 ὼς
3491 1164 3547 1215 ὲν
3572 1163 3650 1230 τῷ
3669 1164 3837 1232 τρίτῳ
3856 1163 4050 1231 βιϐλίῳ

2465 1261 2602 1329 πρὸς
2635 1261 3052 1312 Κωνσταντῖνον
3079 1258 3241 1319 αὐτὸς
3271 1256 3482 1318 ἐκεῖνός
3529 1271 3716 1323 φησιν.
3767 1254 4052 1323 Ἐκτίθησι

2463 1352 2520 1404 δὲ
2547 1352 2640 1405 καὶ
2665 1355 2763 1420 τὴν
2807 1353 2885 1413 εἰς
2931 1351 3012 1415 τὸ,
3055 1351 3274 1414 Κύριος
3305 1348 3512 1402 ἔκτισέ
3536 1365 3613 1416 με
3644 1346 3844 1415 ἀρχὴν
3894 1347 4056 1400 ὁδῶν

2464 1442 2672 1505 αὐτοῦ,
2709 1441 2911 1509 εὐσεδῆ
2948 1443 3229 1510 ἐξήγησιν*
3252 1440 3311 1492 ὲν
3411 1440 3506 1492 καὶ
3526 1439 3702 1494 ταῦτά
3721 1456 3918 1509 φησιν·
3947 1457 3965 1489 ι
3990 1426 4054 1491 Εἰ

2467 1531 2524 1582 δὲ
2551 1529 2699 1596 λέγει
2717 1532 2744 1582 ὁ
2764 1529 2966 1599 Κύριος
2992 1529 3240 1582 ἐκτίσθαι
3278 1529 3494 1593 ἑαυτὸν,
3524 1528 3626 1597 οὐχ
3651 1528 3727 1590 ὠς
3759 1530 3824 1580 ἐκ
3851 1527 3950 1580 τοῦ
3977 1527 4056 1596 μὴ

2467 1621 2620 1684 ὄντος
2645 1624 2723 1685 είς
2750 1621 2810 1674 τὸ
2835 1619 2976 1675 εἶναι
3005 1622 3319 1692 παρελθὼν,
3343 1620 3517 1675 ταῦτα
3537 1621 3605 1675 ἂν
3633 1625 3776 1676 είποι
3801 1625 3914 1686 τοῖς
3947 1622 4058 1673 λοι-

2472 1718 2590 1778 ποῖς
2614 1709 3003 1783 κτίσμασικαὶ
3035 1716 3199 1779 αὐτὸς
3229 1717 3433 1786 ὁμοίως
3462 1718 3526 1770 ἐκ
3553 1717 3645 1770 τοῦ
3677 1719 3752 1787 μὴ
3782 1719 3934 1782 ὄντος
3959 1736 4059 1783 γε-

786 1827 1034 1880 nonnulli
1086 1841 1191 1877 non
1241 1832 1388 1876 recte
1440 1829 1804 1888 acceperunt;
1855 1820 1948 1870 sed
1994 1825 2054 1869 ut
2102 1824 2360 1869 constans
2393 1808 2476 1877 Βτ

2393 1808 2434 1864 Β
2463 1806 2658 1878 γονὼς,
2685 1808 2875 1871 ὃτινες
2905 1808 3004 1860 οὐκ
3034 1808 3214 1879 ὀρθῶς
3254 1810 3781 1879 ὖπει).ήφασιν,ὰλλ’
3816 1812 3890 1874 ὡς
3925 1812 4059 1877 ὑφε-

788 1921 1009 1989 quidem
1042 1928 1094 1970 et
1130 1919 1318 1969 vivens
1349 1923 1402 1968 et
1435 1912 1822 1981 praaexsistens
1854 1920 2016 1978 atque
2053 1907 2366 1961 subsistens

790 2021 916 2063 ante
971 2011 1141 2063 totius
1188 2007 1378 2059 mundi
1427 2004 1908 2067 constitutionem,
1949 2001 2017 2054 ad
2068 2001 2365 2070 regendum

791 2112 974 2155 autem
1011 2111 1064 2154 et
1108 2099 1609 2152 administrandum
1648 2096 1902 2148 universa
1935 2109 1963 2146 a
1997 2094 2228 2147 Domino
2269 2108 2368 2146 suo

793 2195 966 2262 ipsius
1022 2191 1182 2243 Patre
1223 2190 1548 2252 ordinatus;
1602 2197 1661 2239 ut
1712 2201 1778 2238 eo
1823 2185 1943 2238 loco
1987 2184 2089 2237 hoc
2138 2183 2367 2236 verbum

795 2283 1009 2339 creavit.
1050 2296 1146 2348 pro
1194 2279 1361 2331 verbo
1395 2279 1657 2329 ordinavit
1709 2291 1805 2329 seu
1866 2276 2155 2337 constituit,
2189 2274 2258 2326 sit
2291 2273 2370 2326 di-

797 2383 967 2426 ctum.
1002 2372 1199 2438 Aperte
1233 2379 1383 2420 certe
1418 2367 1644 2435 quidem
1683 2364 1967 2418 hominum
2008 2363 2282 2431 principes
2319 2371 2373 2414 et

799 2467 968 2519 duces
1031 2473 1336 2517 creaturam
1405 2459 1714 2512 nominavit
1775 2457 2059 2526 apostolus
2115 2455 2304 2508 dicens
2357 2469 2371 2506 :

801 2557 1030 2623 Subjccti
1078 2555 1238 2624 igitur
1282 2561 1445 2605 estote
1482 2551 1626 2603 omni
1661 2551 1909 2601 humanm
1944 2559 2205 2600 creatura:
2249 2562 2375 2614 pro-

801 2659 916 2719 pter
969 2647 1287 2708 Dominum,
1337 2645 1443 2697 sive
1497 2644 1607 2712 regi
1653 2642 1806 2710 quasi
1859 2639 2216 2710 prwcellenti,
2275 2639 2380 2692 sive

801 2742 1013 2793 ducibus
1071 2753 1324 2808 tauquam
1369 2736 1432 2790 ab
1483 2751 1540 2788 eo
1583 2735 1752 2788 missis
1789 2734 1831 2787 '.
1893 2733 1955 2785 lit
1994 2733 2259 2801 propheta
2313 2745 2381 2783 ex

805 2849 1037 2901 persona
1083 2834 1174 2884 Dei
1207 2830 1398 2884 dicens
1427 2847 1440 2882 :
1474 2827 1607 2881 Ecce
1660 2843 1753 2895 ego
1803 2809 2026 2891 ﬁrmans
2069 2826 2380 2885 tonitruum,

808 2934 855 2977 et
892 2940 1076 2976 creans
1115 2923 1399 2992 Spiritum,
1431 2931 1478 2973 et
1511 2919 1837 2972 annuntians
1870 2918 1937 2970 ad
1969 2919 2202 2970 homines
2237 2916 2386 2970 Chri-

805 3025 942 3068 stum
973 3017 1083 3083 ejus
1116 3015 1134 3044 ³
1171 3033 1184 3067 :
1221 3015 1320 3067 hoc
1351 3012 1576 3066 verbum
1615 3027 1825 3075 creans,
1855 3025 1963 3063 non
1992 3025 2053 3062 ea
2087 3009 2386 3071 sententia,

809 3108 954 3174 quod
1013 3113 1172 3158 antea
1227 3119 1336 3156 non
1391 3103 1576 3166 fuerit,
1629 3102 1871 3169 accepit;
1923 3115 2031 3154 non
2076 3100 2225 3154 enim
2270 3107 2384 3152 tum

812 3198 954 3251 Dens
1003 3197 1212 3250 creavit
1256 3196 1544 3264 Spiritum,
1591 3210 1718 3248 cum
1763 3193 2037 3248 Christum
2083 3207 2243 3246 suum
2291 3208 2389 3262 per

814 3301 938 3338 eum
995 3285 1318 3338 hominibus
1378 3284 1762 3351 annuntiavit;
1816 3296 1993 3351 neque
2043 3296 2237 3335 recens
2287 3279 2389 3333 sub

813 3380 925 3431 sole
957 3379 1080 3435 fuit,
1117 3378 1222 3431 Sed
1256 3377 1436 3430 fuerat
1468 3376 1693 3444 quidem
1723 3375 1834 3440 ille,
1865 3383 1920 3428 et
1948 3375 2347 3443 prmexstiterat
2375 3392 2388 3428 :

814 3471 1016 3523 missus
1053 3478 1235 3522 autem
1274 3476 1388 3520 tum
1425 3477 1529 3529 est,
1563 3481 1673 3536 quo
1708 3475 1956 3534 tempore
1996 3465 2230 3533 apostoli
2265 3481 2392 3518 eon-

817 3561 1022 3630 gregati
1079 3572 1236 3614 erant
1279 3576 1406 3614 cum
1443 3561 1613 3614 instar
1644 3560 1881 3616 tonitrus
1927 3574 1956 3612 e
2006 3559 2144 3614 cmlo
2177 3559 2392 3612 sonittts

820 3657 1097 3722 provenit,
1136 3661 1394 3721 tanquam
1429 3653 1778 3707 advenientis
1813 3651 1974 3706 flatus
2008 3652 2391 3706 vehementis:

822 3746 925 3798 hoc
967 3747 1134 3798 verbo
1168 3761 1376 3807 creans,
1413 3761 1512 3812 pro
1546 3760 1611 3798 eo
1651 3743 1798 3813 quod
1846 3755 1931 3798 est
1969 3743 2267 3805 demittens,
2300 3751 2395 3796 aut

820 3836 1071 3887 ordinans
1124 3852 1218 3887 seu
1268 3845 1528 3897 statuens,
1569 3836 1782 3903 posito;
1826 3835 2031 3888 tonitru
2078 3851 2206 3888 vero
2254 3835 2392 3902 ipso,

821 3928 928 3979 alio
988 3931 1225 3995 quodam
1304 3930 1466 3982 modo
1521 3928 1895 3996 evangelicam
1951 3925 2395 3996 praedicationem

822 4020 1191 4088 significante.
1225 4021 1356 4074 Tale
1395 4029 1478 4074 est
1523 4031 1580 4073 et
1624 4019 1758 4073 illud
1791 4036 1804 4072 :
1841 4018 1946 4073 Cor
1984 4021 2237 4072 mundum
2276 4034 2397 4072 crea

825 4111 879 4162 iu
913 4127 1013 4174 me,
1046 4111 1182 4164 Deus
1211 4114 1251 4163 ⁸.
1275 4112 1435 4180 700
1478 4113 1568 4165 ubi
1614 4128 1724 4165 non
1758 4113 1847 4166 ille
1882 4112 2105 4180 quidem
2140 4122 2398 4180 tanquam

823 4219 920 4255 cor
953 4219 1061 4255 non
1093 4205 1323 4267 habens,
1351 4205 1444 4257 sed
1480 4213 1538 4257 ut
1565 4205 1782 4257 tandem
1815 4205 2034 4258 habenti
2065 4214 2120 4258 et
2148 4204 2403 4273 purifica-

829 4304 983 4346 retur
1032 4304 1087 4347 ct
1142 4297 1521 4363 perficeretur,
1569 4307 1823 4363 precatus
1865 4305 1968 4348 est.
2007 4295 2072 4349 Et
2110 4296 2242 4350 illud
2283 4315 2295 4349 :
2338 4295 2400 4348 Ut

825 4395 1030 4436 crearet
1077 4387 1206 4438 duos
1258 4388 1310 4438 in
1367 4403 1526 4438 unum
1572 4403 1757 4439 novum
1801 4388 2059 4440 hominem
2089 4389 2146 4454 ',
2186 4403 2284 4457 pro
2320 4405 2404 4440 co-

828 4487 970 4544 geret
1020 4493 1114 4530 seu
1164 4489 1529 4548 congregaret.
1577 4477 1714 4532 Vide
1748 4492 1914 4546 porro
1944 4493 2011 4530 an
2048 4493 2157 4530 non
2199 4479 2301 4532 tale
2335 4480 2407 4531 sit

830 4579 884 4621 et
921 4569 1050 4620 illud
1090 4592 1097 4620 :
1133 4569 1343 4622 Induite
1386 4586 1574 4622 norum
1611 4571 1894 4632 hominem,
1926 4570 2210 4622 secundum
2247 4570 2412 4622 Deum

830 4672 1070 4712 ei-eattnn
1095 4661 1134 4712 ‘.
1170 4661 1301 4713 Item
1340 4661 1470 4713 illud
1509 4678 1521 4715 ;
1556 4660 1613 4715 Si
1641 4662 1757 4730 quis
1790 4662 1843 4712 in
1870 4660 2078 4714 Christo
2106 4678 2236 4714 nova
2263 4678 2410 4715 crea-

834 4764 956 4806 tura
989 4755 1032 4818 7;
1066 4764 1121 4806 et
1157 4771 1499 4823 qua-cunque
1535 4765 1664 4808 sunt
1708 4754 2002 4824 ejusmodi.
2041 4754 2106 4809 Ut
2147 4771 2211 4809 ne
2247 4757 2413 4808 mire-

839 4849 935 4905 ris.
967 4846 1010 4898 si
1059 4847 1434 4914 metaphoriee
1463 4857 1518 4900 et
1550 4863 1646 4916 per
1680 4847 2096 4901 translationem
2139 4849 2192 4900 in
2230 4848 2412 4901 verbis

841 4940 1000 4992 Istis:
1037 4939 1289 4992 Dominus
1322 4941 1513 4993 creavit
1551 4957 1629 4994 me
1659 4941 1709 4993 in
1742 4942 1894 4993 initio
1921 4942 2126 4993 viarum
2156 4956 2409 5005 suarum;

837 5033 1050 5095 crearit,
1089 5048 1185 5100 pro
1231 5034 1522 5094 constituit,
1577 5043 1668 5087 aut
1718 5035 1981 5086 ordinavit
2015 5033 2221 5086 dictum
2255 5035 2346 5087 sit.
2386 5052 2404 5084 ι

841 5122 964 5176 “xc
1001 5125 1052 5177 in
1089 5127 1255 5178 tertio
1298 5127 1566 5179 adversus
1601 5126 1916 5180 Marcellum
1951 5127 2088 5180 libro
2117 5127 2410 5181 Eusebius.

842 5217 1102 5270 Socrates
1135 5227 1316 5270 autem
1355 5217 1469 5271 hrec
1515 5234 1733 5286 quoque
1767 5219 1918 5272 hisce
1944 5218 2128 5272 verbis
2171 5234 2269 5287 pro
2307 5219 2414 5272 Eu-

842 5312 994 5365 sebio
1029 5312 1195 5365 refert
1231 5328 1243 5364 :
1278 5330 1294 5362 ι
1334 5311 1468 5365 Cum
1499 5313 1678 5380 itaque
1715 5312 1984 5366 Eusebius
2031 5311 2258 5366 Nicena:
2288 5327 2414 5380 syn-

849 5404 932 5456 )άί
989 5404 1327 5457 mentionem
1374 5403 1603 5469 faciens,
1649 5405 1823 5458 soluta
1857 5420 1978 5458 esse
2007 5415 2060 5459 et
2094 5405 2415 5471 constituta,

1497 5521 1516 5550 ί
1551 5519 1569 5573 ι
1603 5519 1748 5574 Fetr.
1785 5520 1852 5587 ιι,
1882 5520 1970 5587 ιδ,
1997 5521 2081 5574 ιι.

940 5520 957 5550 ¹
984 5519 1146 5574 Prov.
1184 5535 1300 5583 vm,
1329 5519 1417 5572 22.

845 5591 933 5645 24.
1013 5590 1030 5619 ⁷
1060 5589 1102 5641 ll
1135 5590 1263 5643 Cor.
1293 5605 1346 5655 ν,
1386 5590 1472 5643 17.

917 5755 994 5826 (l)
1037 5757 1192 5810 Socr.
1232 5755 1327 5810 lib.
1369 5770 1425 5821 ll,
1458 5772 1577 5826 cap.
1613 5757 1699 5811 ΞΟ.

2182 5521 2202 5553 ³
2243 5521 2404 5576 Amos
2441 5537 2516 5588 tv,
2544 5519 2632 5574 i5.

2472 1895 2613 1960 στὼς
2655 1897 2755 1968 μὲν
2800 1901 2897 1952 καὶ
2928 1898 3038 1962 ζῶν
3061 1937 3076 1962 ,
3107 1901 3294 1971 προών
3324 1918 3383 1954 τι
3419 1904 3513 1954 καὶ
3549 1905 3923 1972 προῦπὰρλων
3955 1905 4058 1971 τῆς

2471 1989 2567 2041 τοῦ
2601 1988 2804 2051 παντὸς
2827 1988 3042 2058 κόσμου
3078 1991 3659 2061 συστάσεως.”Αρχειν
3683 1991 3738 2043 δὲ.
3784 1993 3891 2043 τῶν
3918 1992 4062 2042 ὅλων

2472 2083 2575 2134 ὑπὸ
2597 2081 2688 2135 τοῦ
2720 2082 2927 2159 Κυρίου
2951 2082 3044 2134 τοῦ
3065 2082 3259 2136 ἑαυτοῦ
3295 2084 3507 2154 [ἰατρὸς
3539 2086 4020 2152 κατατεταγμένος
4050 2124 4065 2146 ,

2471 2173 2566 2226 τοῦ
2595 2174 2880 2241 ἔκτισεν,
2911 2173 3152 2228 ἐνταῦθα
3190 2174 3315 2228 ἀντὶ
3356 2175 3451 2228 τοῦ
3489 2175 3818 2239 κατέταξεν
3850 2175 3882 2238 ἦ
3919 2191 4066 2227 κατ·

2473 2265 2835 2330 εσκεύασεν,
2860 2267 3178 2336 εἰρημένου.
3216 2267 3529 2336 Διαρῤήδην
3558 2265 3652 2318 οὖν
3682 2268 3808 2329 τοὺς
3853 2269 3913 2317 ὲν
3971 2268 4071 2318 ἁν-

2476 2358 2720 2429 Ορώποις
2739 2359 3007 2429 ἄρχοντας
3036 2359 3130 2412 καὶ
3161 2360 3438 2427 ἡγεμόνας
3464 2358 3642 2410 κτίσιν
3673 2358 3964 2427 ὠνόμασεν
3985 2361 4070 2409 εἰ·

2478 2451 2597 2505 πὼν
2627 2453 2656 2504 ὁ
2694 2451 2994 2513 ἀπόστολος
3019 2467 3031 2478 ·
3074 2454 3086 2470 ⁹
3106 2440 3590 2519 Υποτάγητεόὗν
3631 2451 3805 2523 πάσῃ
3836 2453 4072 2520 ἀνθρω-

2478 2545 2623 2611 πίνῃ
2645 2544 2840 2596 κτίσει
2867 2543 2964 2595 διὰ
2985 2542 3092 2595 τὸν
3115 2545 3334 2611 Κύριον
3352 2559 3365 2573 ·
3382 2545 3503 2595 εἴτε
3519 2543 3774 2606 ,βασιλεῖ
3792 2546 3871 2610 ὡς
3888 2549 4078 2612 ὑπερ-

2479 2636 2706 2704 έχοντι,
2729 2636 2848 2688 εἴτε
2880 2636 3176 2704 ἡγεμόσιν
3200 2635 3279 2700 ὡς
3303 2634 3374 2686 δι’
3409 2636 3596 2688 αὐτοῦ
3636 2636 4071 2703 πεμπομένοις.

2483 2730 2592 2781 Καὶ
2620 2730 2648 2781 ό
2680 2727 2850 2781 εἰπὼν
2882 2728 2937 2780 δὲ
2966 2727 3256 2796 προφήτης
3302 2728 3411 2780 ἀπὸ
3439 2729 3531 2780 τοῦ
3559 2727 3718 2794 Θεοῦ,
3762 2729 3921 2783 Ἰδοὺ
3953 2730 4078 2797 ἐγὼ

2484 2820 2750 2888 στερεῶν
2795 2821 3076 2888 ,βροντὴν
3111 2819 3211 2872 καὶ
3252 2819 3468 2883 κτίζων
3493 2820 3756 2890 Πνεῦμα,
3793 2823 3889 2873 καὶ
3921 2825 4077 2876 απο-

2483 2917 2758 2968 στέλλων
2787 2917 2874 2981 είς
2915 2912 3276 2981 ἀνθρώπους
3315 2912 3429 2965 τὸν
3484 2916 3742 2981 Χριστὸν
3771 2914 3982 2977 αὑτοῦ,
4015 2916 4078 2968 τὸ

2486 3008 2719 3073 κτίζων,
2755 3008 2852 3060 οὐκ
2905 3009 2969 3061 ὲκ
3020 3006 3116 3059 τοῦ
3145 3007 3436 3074 γεγονότος
3470 3008 3549 3069 εἰς
3586 3008 3932 3076 ἀνυπαρξίαν
3961 3026 4073 3060 πα-

2500 3100 2759 3169 ρείληφεν
2783 3115 2797 3129 ·
2827 3101 2887 3152 οὐ
2921 3100 3028 3170 γὰρ
3063 3100 3183 3153 τότε
3221 3100 3439 3153 ἔκτισεν
3490 3103 3515 3152 ὁ
3545 3100 3680 3163 Θεὸς
3717 3103 3776 3151 τὸ
3815 3101 4075 3170 Πνεῦμα,

2495 3193 2582 3244 ὅτε
2619 3192 2710 3243 τὸν
2744 3191 2980 3262 Χριστὸν
3011 3191 3179 3244 αὐτοῦ
3231 3192 3298 3245 δι’
3333 3191 3504 3245 αὑτοῦ
3545 3195 3715 3246 πᾶσιν
3750 3194 4077 3263 ἀνθρώποις

2494 3285 2883 3352 κατήγγειλεν·
2915 3283 3034 3336 οὐδὲ
3084 3285 3191 3352 γὰρ
3239 3287 3557 3356 πρόσφατον
3593 3284 3701 3336 ὑπὸ
3748 3284 3842 3336 τὸν
3891 3273 4075 3354 ἥλιον·

2496 3375 2614 3427 ἀλλ’
2644 3371 2711 3444 ἧν
2749 3375 2850 3444 μὲν
2883 3377 2977 3428 καὶ
3007 3377 3367 3446 προϋπῆρχεν
3389 3392 3402 3405 ⁸
3440 3375 3806 3430 ἀπεστέλλετο
3837 3376 3920 3438 δὲ,
3951 3375 4080 3428 δια-6⁸

2495 3466 2554 3519 ὃν
2582 3467 2773 3536 καιρδν
2825 3463 2965 3537 ἦσαν
3011 3468 3060 3518 ot
3105 3467 3393 3520 ἀπόστολοι
3425 3471 3775 3538 συνηγμένοι,
3809 3469 3900 3521 ὅτε
3922 3469 4082 3535 δίκην

2501 3557 2735 3626 βροντῆς
2767 3559 2988 3625 ἐγένετο
3022 3553 3156 3628 ἦχος
3188 3561 3250 3611 ὲκ
3281 3558 3375 3611 τοῦ
3415 3560 3650 3630 οὐρανοῦ
3683 3565 3876 3632 ὡσπερ
3911 3580 4079 3631 φερο-

2503 3649 2670 3718 μένης
2708 3651 2876 3719 πνοῆς
2907 3649 3090 3719 βιαίας
3112 3667 3126 3681 °
3164 3651 3256 3704 τοῦ
3291 3651 3500 3712 κτίζων
3529 3655 3649 3706 ἀντὶ
3667 3653 3760 3706 τοῦ
3779 3659 4087 3722 καταπέμ-

2499 3758 2628 3795 πων
2653 3743 2685 3812 ἦ
2715 3744 3122 3798 κατατάσσων
3150 3747 3467 3814 εἰρημένου·
3494 3747 3590 3814 τῆς
3611 3748 3666 3800 δὲ
3700 3747 3932 3817 βροντῆς
3959 3747 4089 3802 καθ’

2501 3835 2688 3904 ἕτερον
2734 3839 2934 3905 τρόπον
2979 3836 3040 3888 τὸ
3088 3837 3448 3904 εὐαγγελικὸν
3475 3842 3744 3907 κήρυγμα
3785 3840 4087 3908 δηλούσῃ.-

2503 3927 2757 3980 Τοιοῦτόν
2790 3929 2905 3979 ἐστι
2930 3931 3026 3981 καὶ
3055 3929 3137 3993 τὸ,
3165 3929 3436 3998 Καρδίαν
3469 3934 3738 4000 καθαρὰν
3767 3935 3991 3986 κτίσον
4021 3936 4093 3986 ἐν

2502 4021 2653 4089 ἐμοὶ,
2689 4024 2721 4074 ό
2759 4023 2943 4086 Θεός,’
2985 4023 3084 4091 οὐχ
3135 4023 3210 4086 ὡς
3266 4024 3340 4094 μὴ
3399 4025 3558 4093 ἔχων,
3593 4025 3710 4078 ἀλλ’
3748 4028 3831 4079 ὅτι
3881 4029 4094 4096 δήποτε

2503 4114 2830 4179 τελεσθῆναι
2866 4115 3128 4184 τοιαύτην
3187 4115 3405 4185 ηὔχετο·
3457 4118 3672 4184 καὶτὸ,
3716 4119 3849 4173 Ἵνα
3903 4121 4093 4186 κτίσῃ

2505 4206 2648 4271 τοὺς
2692 4204 2804 4259 δύο
2866 4209 2953 4271 εὶς
3002 4206 3112 4259 ἕνα
3175 4207 3390 4262 καινὸν
3441 4209 3792 4277 ἄνθρωπον,
3828 4212 3953 4263 ἀντὶ
3999 4214 4095 4264 τοῦ

2506 4301 2846 4364 συναγάγῃ.
2894 4298 3040 4364 Ὅρα
3089 4298 3298 4366 μήποτε
3360 4299 3606 4352 τοιοῦτόν
3657 4304 3774 4354 ἐστι
3834 4304 3932 4355 καὶ
3989 4307 4050 4355 τι
4080 4344 4095 4364 ,

2520 4384 2897 4438 Ἐνδύσασθε
2952 4386 3060 4436 τὸν
3115 4387 3330 4439 καινὸν
3380 4387 3698 4456 ἄνθρωπον
3757 4391 3865 4444 τὸν
3941 4395 4097 4444 κατὰ

2441 4443 2481 4494 D
2518 4476 2666 4529 Θεὸν
2697 4475 3038 4529 κτισθέντα’
3080 4479 3174 4530 καὶ
3201 4481 3283 4542 τὸ,
3316 4480 3389 4532 Et
3424 4443 3513 4545 τιξ-
3553 4482 3621 4533 ἐν
3645 4481 3878 4549 Χριστῷ
3912 4443 4097 4551 xiiii-.7;

2515 4571 2713 4632 κτίσις
2740 4581 2751 4593 '
2785 4567 2880 4619 καὶ
2911 4567 3012 4619 ὅσα
3062 4569 3200 4622 ἄλλα
3254 4570 3503 4624 τοιαῦτα.
3564 4575 3653 4641 Μὴ
3713 4576 4013 4650 Baebian;
4051 4582 4100 4630 ei

2518 4667 2905 4735 μεταφορικῶς
2955 4671 3051 4721 καὶ
3099 4671 3153 4720 ἐν
3185 4669 3284 4736 τῷ,
3318 4671 3537 4738 Κύρεος
3567 4673 3774 4724 ἕκτισέ
3794 4691 3870 4742 με
3897 4676 4103 4742 ἀρχὴν

2516 4753 2670 4809 ὁδῶν
2703 4755 2919 4820 αὐτοῦ,
2957 4758 3015 4808 τὸ
3063 4757 3308 4811 ἔκτισεν
3353 4762 3470 4811 ἀντὶ
3504 4762 3597 4812 τοῦ
3638 4763 4025 4827 κατέστησεν
4072 4766 4103 4830 ἦ

2523 4847 2852 4911 κατέταξεν
2877 4848 3119 4916 είρῃται,
3158 4849 3345 4903 Ταῦτα
3377 4853 3434 4903 ὲν
3458 4852 3536 4920 τῷ
3564 4854 3736 4923 τρίτῳ
3773 4855 3913 4920 πρὸς
3948 4857 4108 4925 Mi?-

2518 4943 2706 4997 κελλον
2751 4945 2776 4996 ὁ
2817 4945 3100 5008 Εὐσέϐιος.
3160 4946 3270 4997 Καὶ
3313 4945 3485 4999 ταῦτα
3536 4948 3590 4998 δὲ
3651 4949 3860 5012 λέξεσιν
3908 4952 4110 5012 ait-ui;

2520 5040 2814 5108 Σωκράτης
2851 5039 2993 5110 ὑπὲρ
3025 5039 3192 5094 αὑτοῦ
3233 5057 3424 5110 φησιν*
3463 5059 3481 5093 ι
3521 5042 3582 5094 ΕΞ
3623 5043 3806 5094 τοίνυν
3842 5043 4108 5105 Εὐσέϐιος

2516 5131 2615 5199 τῆς
2647 5133 2702 5184 ἐν
2758 5131 2968 5198 Νικαίᾳ.
3023 5132 3243 5184 συνόδου
3281 5132 3508 5200 μνήμην
3557 5134 3909 5203 ποιούμενος,
3945 5135 4108 5186 7.52.13-

2519 5224 2644 5275 σθαι
2695 5222 2795 5292 μὲν
2839 5223 2907 5275 τὰ
2954 5223 3079 5274 τότε
3118 5224 3616 5294 ἀμφισϐητούμενα
3671 5227 3854 5293 ὶέγει,
3892 5229 4109 5287 πάντας

2515 5314 2573 5366 δὲ
2605 5315 2960 5382 ὁμοφωνῆσαι
3009 5315 3102 5365 καὶ
3148 5315 3508 5383 ὁμοὸοΕῆσαι’
3575 5318 3691 5380 πῶς
3736 5319 4109 5388 ’Λρειανξςειν

2521 5405 2664 5465 τινὲς
2710 5403 2874 5456 αὐτὸν
2908 5403 3387 5472 ὑπολαμϐάνουσις
3427 5407 3746 5459 Πλανῶνται
3783 5407 3841 5459 δὲ
3887 5409 4111 5476 Ἀρεια-

2712 5523 2733 5553 ⁸
2759 5520 2900 5576 Psal.
2931 5537 2983 5587 L,
3022 5520 3112 5576 12.
3188 5525 3209 5555 ⁵
3238 5523 3440 5593 Ephes.
3475 5539 3537 5590 ιι,
3575 5525 3662 5580 15.
3742 5524 3759 5554 ⁸
3783 5524 3995 5595 Ephes.
4031 5545 4106 5588 iv,
