4280 6436
790 327 897 388 275

774 905 1142 973 accipiebant.
1175 911 1300 968 Haec
1323 915 1390 971 de
1436 919 1749 984 Paehomio.
1797 931 1999 988 Eadem
2034 953 2165 993 vero
2196 955 2356 1001 artato

771 1005 824 1049 et
852 998 1172 1066 Apollonius
1233 1006 1440 1078 ingenti
1472 1029 1599 1085 erga
1649 1019 1894 1078 divinam
1947 1029 2352 1104 pltilosOphiam

770 1101 959 1143 amore
1003 1090 1236 1162 flagrans
1297 1101 1580 1169 pollebat:
1636 1113 1729 1179 qui
1765 1118 2120 1184 quindecimo
2171 1090 2353 1188 .tetatls

767 1195 914 1234 anno
937 1184 1197 1244 solitaria:
1221 1191 1584 1267 philosolihim
1614 1202 1866 1264 initiatus
1895 1215 2083 1276 sacris.
2112 1224 2348 1289 quadra-

766 1275 1023 1337 genarins
1062 1279 1264 1335 divina:
1289 1287 1598 1358 obsequens
1631 1297 1824 1354 visioni
1867 1303 1922 1358 in
1963 1308 2244 1374 publicum
2279 1317 2348 1372 ad

1836 1399 2061 1464 prodiit,
2092 1415 2256 1475 atque
2290 1411 2343 1463 in

764 1453 1044 1516 Thebaide
1078 1470 1410 1535 Iuguriolum
1462 1475 1566 1530 sibi
1622 1453 1892 1540 condidit.
1929 1491 2091 1563 707
2125 1453 2186 1550 Εἰ
2217 1514 2344 1554 eum

761 1549 815 1602 in
868 1553 1063 1620 primis
1091 1557 1182 1611 Dei
1220 1574 1367 1618 esset
1394 1572 1831 1638 amantissimus,
1871 1581 2194 1642 admiranda
2225 1592 2336 1648 edi-

758 1639 837 1692 dit
865 1656 1030 1711 opera
1067 1662 1081 1698 :
1137 1649 1388 1722 nihilque
1440 1674 1621 1714 rerum
1657 1667 1842 1722 ouiisit
1876 1675 2146 1740 omnium,
2205 1684 2338 1750 quin

757 1729 811 1782 in
840 1731 920 1786 eis
950 1738 1226 1808 prmeipue
1260 1746 1573 1814 excelleret,
1605 1769 1945 1828 quaecunque
1979 1765 2044 1818 ad
2078 1767 2128 1820 id
2165 1787 2337 1840 genus

765 1363 883 1418 loca
944 1368 1262 1430 hominibus
1302 1379 1542 1436 habitata
1595 1403 1786 1445 rursus

755 1822 1120 1896 philosophite
1152 1837 1451 1901 pertinent.
1484 1843 1729 1902 Moribus
1776 1822 1936 1908 fuit-0

750 2006 914 2063 nibus
958 2015 1094 2070 adeo
1153 2018 1344 2076 habuit
1375 2006 1675 2099 benignam
1707 2048 1762 2090 et
1800 2043 2100 2111 propitium
2135 2050 2326 2119 Deum,

750 2118 809 2160 ut
834 2109 902 2163 ab
927 2128 994 2166 eo
1011 2131 1174 2172 orans
1206 2121 1338 2176 nihil
1365 2141 1471 2180 non
1508 2145 1784 2192 exorarct.

2050 2387 2100 2399 ν,
2174 2387 2351 2412 ---Ἰ-ν
2393 2387 2514 2416 ...μυ

741 2387 853 2444 Deo
887 2407 1122 2462 orasset,
1157 2406 1338 2459 omnia
1376 2409 1684 2469 obtinuisse
1718 2433 1732 2468 :
1763 2422 2067 2495 angeloque
2090 2428 2280 2488 divino
2325 2441 2462 2496 adeo
2502 2446 2514 2498 i

739 2498 1013 2540 summum
1047 2506 1219 2562 usque
1256 2501 1590 2564 pervenisse.
1629 2506 1735 2562 Sed
1775 2515 1922 2567 enim
1952 2515 2020 2572 de

1024 2701 1098 2755 De
1131 2703 1431 2764 Pala'simw
1457 2721 1505 2764 et
1545 2712 1715 2787 Syriae
1747 2725 2033 2779 monachis.

806 2812 938 2870 lude
997 2833 1130 2873 vero
1197 2822 1362 2877 etiam
1429 2827 1711 2886 Pal:estina
1782 2836 2010 2905 educta,
2068 2847 2316 2903 eamdem

731 2904 1162 2978 p-hiIOSOphandi
1211 2924 1480 2974 rationem
1528 2917 1824 2996 cumpleeti
1853 2935 2043 3004 carpit.
2098 2938 2153 2990 ln
2209 2958 2314 3011 qua

732 2997 946 3066 primus
979 3002 1163 3059 floruit
1192 3004 1436 3064 Ililarion
1472 3029 1486 3067 :
1526 3016 1615 3069 cui
1667 3023 1842 3088 patria
1890 3023 1995 3080 fuit
2031 3028 2182 3085 vicus
2214 3050 2316 3088 no-

729 3091 880 3147 mine
915 3094 1158 3153 Thebasa
1189 3101 1288 3172 (1),
1321 3103 1412 3173 qui
1443 3121 1552 3162 non
1577 3110 1779 3176 ,ntinus
1810 3133 1970 3186 quam
1998 3123 2312 3190 quindecim

729 3187 923 3242 stadiis
952 3188 1095 3245 Gaza
1130 3195 1322 3261 abest,
1358 3210 1606 3257 austrum
1645 3221 1836 3264 versus
1886 3213 1954 3266 ad
2006 3223 2312 3276 torrentem

727 3277 870 3336 situs
897 3322 912 3343 .
945 3286 1036 3353 qui
1068 3301 1216 3342 mare
1242 3290 1478 3350 inﬂuens
1496 3302 1850 3356 vernaculum
1879 3320 1906 3358 a
1935 3308 2060 3364 vico
2083 3311 2202 3382 ipso
2225 3331 2314 3370 ac-

725 3377 871 3444 cepit
900 3393 1119 3435 nomen.
1154 3385 1291 3438 Cum
1332 3399 1513 3443 autem
1553 3393 1952 3453 Alexandrinas
1983 3402 2307 3474 frequenta-

725 3480 810 3522 ret
866 3474 1104 3539 scholas,
1157 3481 1381 3534 Antonii
1432 3481 1571 3538 fama
1619 3503 1742 3556 quae
1792 3501 1905 3546 tum
1961 3495 2310 3557 increbuerat

723 3564 932 3629 audita,
971 3571 1192 3624 videndi
1227 3573 1348 3643 ejus
1405 3578 1577 3645 gratia
1606 3583 1962 3640 solitudinem
2003 3592 2204 3658 petiit:
2252 3605 2308 3648 ct

722 3655 1124 3726 aliquantulum
1163 3679 1286 3718 cum
1323 3682 1391 3721 co
1423 3683 1689 3738 moratus,
1744 3676 1885 3730 idem
1925 3680 2044 3735 vitm
2079 3683 2304 3739 institu-

723 3755 838 3801 tum
874 3752 1028 3820 sequi
1055 3757 1363 3811 constituit.
1390 3759 1544 3824 Quod
1571 3780 1700 3820 vero
1739 3769 1806 3823 ad
1840 3773 2138 3829 Antonium
2169 3793 2308 3847 quo-

721 3839 856 3896 tidie
915 3845 1070 3899 multi
1103 3850 1458 3916 ventitarent,
1502 3857 1610 3910 voti
1646 3873 1875 3932 compos
1913 3864 2030 3921 fieri
2062 3885 2172 3924 non
2211 3888 2305 3942 po-

720 3935 1062 4008 tuit.ltaque
1123 3941 1178 3994 in
1229 3945 1463 4012 patriam
1517 3965 1798 4018 reversus,
1858 3971 1985 4012 cum
2041 3973 2301 4030 parentes

715 4029 890 4100 ejuse
935 4034 1042 4086 vita
1082 4034 1182 4090 hac
1220 4039 1546 4109 migrassent
1573 4083 1588 4103 ,
1629 4048 1797 4100 nuilta
1851 4050 2162 4109 substantia
2203 4071 2300 4111 sua

714 4123 864 4176 omni
922 4124 1185 4182 fratribus
1208 4141 1262 4185 ct
1300 4135 1802 4202 egenisdistributa
1829 4182 1844 4205 ,
1913 4144 2049 4200 nihil
2095 4148 2200 4205 sibi
2234 4166 2300 4205 ex

714 4228 778 4266 ea
845 4217 1119 4286 reliquum
1169 4221 1319 4276 fecit.
1355 4224 1519 4296 708
1557 4227 1622 4280 Et
1661 4246 1788 4285 mox
1827 4231 2025 4289 deinde
2066 4236 2119 4290 in
2178 4239 2300 4294 loco

717 4305 955 4372 quodam
988 4311 1285 4380 maritimo,
1329 4317 1521 4387 viginti
1558 4321 1750 4376 stadiis
1783 4338 1812 4376 a
1861 4325 1982 4380 vico
2030 4328 2293 4398 distante,

713 4399 996 4468 tugurium
1022 4419 1051 4457 e
1092 4404 1258 4460 latere
1292 4408 1396 4462 sibi
1438 4415 1730 4477 exstruxit,
1781 4420 2040 4488 congerie
2096 4423 2296 4479 fracta-
2323 4415 2378 4475 D

714 4505 835 4544 rum
876 4501 1137 4549 testarum
1195 4505 1416 4554 tectum.
1457 4501 1628 4573 Cujus
1683 4514 1829 4562 tanta
1882 4509 1985 4565 fuit
2031 4512 2288 4580 latitudo,

706 4583 996 4656 longitudo
1017 4598 1071 4642 et
1106 4590 1370 4660 altitudo,
1416 4604 1474 4648 ut
1501 4609 1736 4655 stantem
1770 4617 1895 4656 eum
1929 4617 2095 4676 caput
2128 4609 2290 4664 incli-

706 4693 860 4741 nare,
893 4683 1218 4738 recumbere
1242 4696 1426 4741 autem
1449 4691 1722 4747 volentem
1749 4697 1912 4764 pedes
1946 4699 2010 4752 ad
2044 4704 2286 4772 seipsum

706 4766 1033 4822 contrahere
1067 4775 1379 4831 necessario
1407 4790 1708 4847 oporteret.
1766 4783 1864 4840 HIC
1899 4789 2068 4843 rebus
2100 4793 2284 4847 ontni—

705 4857 809 4911 bus
844 4875 942 4928 per
989 4867 1404 4924 assuetudinem
1430 4910 1443 4934 ,
1473 4887 1780 4946 promptam
1825 4881 1932 4934 sibi
1977 4894 2032 4938 et
2067 4884 2283 4941 facilem

703 4949 940 5006 lacicbt
969 4971 1286 5015 aerumnam.
1337 4964 1516 5033 Atque
1558 4967 1612 5021 in
1647 4969 2026 5030 moderatione
2059 4987 2115 5031 et
2145 4990 2286 5034 tem-

699 5043 948 5109 perantia
995 5051 1212 5119 egregie
1275 5054 1607 5124 elaboratis,
1661 5063 1870 5118 nullum
1923 5082 2152 5136 prorsus
2213 5089 2278 5128 ex

699 5135 858 5191 factis
895 5141 1010 5196 suis
1055 5147 1309 5216 concepit
1344 5149 1540 5206 fastum
1570 5195 1583 5218 ,
1620 5171 1745 5210 cum
1782 5161 2006 5229 quidem
2038 5181 2102 5220 ea
2133 5167 2186 5222 in
2223 5187 2280 5226 te

697 5233 1041 5299 superiorem
1108 5239 1338 5299 haberet
1398 5249 1702 5306 neminem.
1768 5256 2028 5328 Corporis
2092 5276 2276 5321 autem

693 5326 1003 5396 voluptates
1061 5343 1117 5389 et
1175 5338 1372 5392 animas
1437 5342 1732 5420 blanditias
1794 5326 2095 5420 edomaus,
2151 5376 2275 5415 cum

694 5417 901 5485 inedia,
935 5425 1046 5489 siti,
1080 5427 1301 5498 frigore,
1326 5443 1382 5486 ct
1405 5416 1538 5488 aestu
1578 5448 1800 5494 strenue
1827 5445 2273 5508 conflictabatur.

693 5511 936 5568 Moribus
965 5517 1195 5586 integris
1222 5527 1486 5591 pra:ditns
1533 5530 1657 5595 fuit,
1703 5550 1959 5594 sermone
2001 5541 2274 5603 humanus

688 5611 742 5657 et.
781 5605 1067 5673 placidus:
1113 5623 1169 5666 et
1198 5632 1539 5688 qumcuuque
1579 5639 1862 5683 sacrorum
1920 5634 2269 5692 oraculorum

688 5696 992 5767 didicisset,
1039 5718 1293 5765 accurate
1343 5718 1608 5773 uicinoria
1651 5721 1888 5780 tenebat.
1949 5724 2269 5802 Tantopere

761 5810 839 5881 (1}
878 5814 1165 5889 TImbat/ta,
1195 5821 1407 5882 Sozam.

2018 361 2440 432 NICEPHOIII
2481 376 2836 442 CALLISTI

789 440 892 495 dus
919 449 1233 502 communia
1266 453 1446 508 omnia
1477 455 1623 512 inter
1664 476 1723 516 se
1753 462 2098 528 habentium.
2129 477 2366 537 Insulam
2395 489 2446 547 Α

789 533 956 565 ἰηρηηι
989 539 1140 565 ιιι-ιιιηῖ
1177 546 1514 565 ...-..._-_-u,,,
1767 556 1780 565 .

2346 500 2366 537 α
2395 489 2446 547 Α
2471 486 2591 554 ὄψει
2639 494 2967 565 πειθόμενος

788 533 957 600 ipsam
987 539 1140 604 quasi
1176 546 1522 614 metropolim
1576 556 1870 621 quamdam
1904 577 2024 619 esse
2051 570 2319 635 putabant
2348 593 2361 628 :

781 632 838 676 et
866 627 958 694 qui
995 629 1067 681 ibi
1101 632 1265 687 rebus
1303 651 1591 706 pra-erant,
1640 657 1842 714 patres.
1880 653 1955 707 Ex
1997 627 2197 726 quibus
2230 681 2366 734 quo-

779 731 908 783 que,
966 724 1057 788 qui
1109 723 1347 781 instituti
1402 732 1522 802 ejus
1572 740 1924 800 annulatores
1978 762 2158 816 erant,
2190 760 2359 814 (τωιυί

3949 407 4058 476 276

2989 539 3004 566 ,
3051 501 3152 573 τὴν
3188 506 3520 580 οἰκουμένην
3551 512 3710 580 αὖθις
3744 521 4019 578 κατέλαϐε
4047 543 4058 552 ·

2475 584 2568 633 καὶ
2607 587 2747 639 κατὰ
2787 589 3030 660 Θηϐαΐδα
3069 596 3170 666 τὴν
3206 599 3454 670 μάνδραν
3485 605 3750 676 ἐπήξατο.
3784 613 4061 689 Θεοφιλὴς

2471 673 2527 725 δὲ
2579 677 2646 729 τὰ
2695 680 2935 748 μάλιστα
2969 690 3209 755 γεγονὼς
3261 696 3586 764 παραδόξων
3630 706 3933 774 αὐτουργὸς
3967 705 4054 780 ἦν.

2471 768 2729 837 ΙΙρὰξεως
2778 775 2834 828 δὲ
2889 778 3045 832 οὐδὲν
3085 782 3392 850 ἐλλείπων,
3445 784 3546 844 ὅσα
3588 796 3668 858 είς
3708 797 3808 865 τὴν
3841 802 4056 856 τοιάνδε

2465 862 2787 933 φιλοσοφίαν
2823 871 3038 941 ἀνήκει,
3097 876 3466 948 διαφερόντως
3509 881 3658 956 εἶχεν
3687 903 3704 919 ⁸
3757 862 3962 958 ἀγαθὸς
3990 895 4053 948 εὖ

2467 955 2614 1021 μάλα
2652 959 2711 1012 τὸ
2752 957 2884 1032 ἦθος
2916 963 3014 1032 ὣν,
3061 975 3155 1022 καὶ
3209 974 3308 1026 σὺν
3355 977 3538 1046 χάριτι
3587 955 3825 1048 ἄφθονον
3858 986 4050 1054 τὸτῆς

2459 1043 2818 1116 διδασκαλίας
2872 1057 3024 1125 νᾶμα
3079 1043 3740 1134 προχέωνλἽκ-αταπει-θὲς
3795 1043 4050 1142 δωττυὲξ

2457 1136 2605 1207 ἔχειν
2635 1145 2750 1207 τοῖς
2797 1149 3150 1219 αἰτουμένοις
3198 1159 3258 1210 τὸ
3310 1161 3486 1227 Θεῖον,
3535 1165 3610 1230 ὡς
3668 1169 3835 1236 μηδὲν
3864 1173 4051 1227 αίτου·

2459 1231 2607 1302 μένῳ
2635 1237 2907 1309 ἀνήνυτον
2930 1239 3092 1300 εἶναι.
3141 1252 3364 1317 Πάντως
3404 1255 3453 1308 δ’
3481 1260 3666 1311 ἐκεῖνα
3689 1260 3835 1331 ᾔτει,
3879 1266 4048 1332 σοφὸς

2452 1320 2549 1388 ὢν,
2601 1320 2684 1390 οἷς
2749 1332 2966 1403 χαίρειν
3009 1337 3219 1394 διδόναι·
3263 1345 3326 1397 ἐκ
3379 1346 3472 1399 τοῦ
3520 1350 3724 1420 ῥᾴστου
3780 1353 3842 1406 τὸ
3881 1356 4048 1408 Θεῖον

2450 1414 2563 1487 ἔχει
2587 1420 2725 1489 πρὸς
2762 1425 3001 1492 φύσεως.
3044 1433 3305 1503 Ἤκμαζε
3355 1439 3410 1492 δὲ
3463 1414 3575 1494 καὶ.
3602 1444 3796 1499 ’Λνοὺὸ
3827 1449 4042 1512 ἐκεῖνος

2449 1512 2573 1565 κατ’
2594 1516 2772 1571 ἐκεῖνο
2808 1523 3004 1593 καιροῦ
3031 1542 3045 1558 ο
3088 1527 3148 1581 δι
3174 1531 3333 1600 λόγος
3374 1537 3514 1600 μετὰ
3544 1538 3644 1608 τὴν
3673 1542 3730 1594 ὲν
3759 1542 4038 1614 διωγμοῖς

2445 1599 2741 1671 ὁμολογίαν
2797 1607 2938 1682 ὑπὲρ
2982 1615 3221 1684 Χριστοῦ
3247 1659 3260 1681 ,
3300 1625 3510 1693 μήποτε
3544 1627 3880 1695 ψεύσασθαι·
3915 1633 4044 1685 ἀλλ’

2442 1693 2564 1748 οὐδέ
2610 1713 2758 1763 τινος
2811 1705 2920 1756 τῶν
2974 1713 3289 1778 προσγείων
3345 1719 3425 1780 εἰς
3475 1721 3781 1792 ἐπιθυμίαν
3828 1725 4034 1779 ἐλθεῖν.

2442 1777 2543 1837 Ὧν
2580 1789 2635 1841 δὲ
2695 1793 2831 1862 πρὸς
2887 1799 3026 1851 Θεοῦ
3088 1802 3310 1878 δεηθείη
3341 1850 3356 1873 ,
3406 1777 3660 1884 νμηδενὸέ
3700 1817 4037 1885 Charaxi”?

1943 1858 2150 1925 ptimis,
2181 1875 2235 1918 et
2276 1867 2330 1921 in
2363 1895 2403 1949 Β
2436 1877 2446 1927 l

1967 1951 2021 1981 1η
2057 1969 2152 1981 η..-
2177 1960 2293 1981 ma!-

2739 1858 2748 1862 -
3172 1858 3182 1874 ο
3283 1858 3310 1878 τι
3341 1858 3356 1873 ν
3428 1858 3656 1884 τ’·ι--ντν
3701 1858 4012 1885 "'"I.‘.""

2363 1895 2403 1949 Β
2436 1876 2565 1949 θείῳ
2609 1882 2654 1935 δ’
2687 1887 2907 1960 ἀγγέλῳ
2974 1895 3260 1970 καθηγητῇ
3327 1908 3720 1976 χρησάμενον,
3780 1911 3908 1963 ὅσον
3963 1907 4038 1981 ἦν

754 1916 955 1982 pietate
979 1924 1187 1990 prolixe
1220 1927 1464 1987 docenda
1518 1953 1708 2007 magna
1736 1947 1929 2014 gratia.
1967 1951 2022 2004 lu
2056 1960 2330 2022 precatio-

2440 1970 2646 2044 ἀρετῆς
2683 1981 2763 2044 εἰς
2800 1982 2974 2055 ἄκρον
3016 1990 3282 2062 ἀσκῆσαι.
3340 1998 3500 2052 Ἀλλὰ
3533 2003 3660 2071 περὶ
3702 2004 3802 2071 μὲν
3828 2002 3938 2056 τῶν
3974 2004 4036 2055 ἐν

3051 2667 3229 2722 ΚΕΦΛ
3241 2674 3304 2726 Λ.
3337 2675 3440 2731 ΙΕ’.

2503 2749 2641 2816 Περὶ
2671 2751 2788 2805 τῶν
2819 2755 2888 2807 ἐν
2917 2759 3294 2834 Παλαιστίνῃ
3329 2766 3426 2820 καί
3449 2771 3634 2838 Συρίᾳ
3649 2779 3960 2847 μοναχῶν.

2513 2863 2755 2921 Ἐκεῖθεν
2794 2870 2858 2927 ,δὲ
2910 2875 3000 2926 καὶ
3045 2877 3378 2953 [Παλαιστίνη
3425 2885 3780 2958 ὀδηγτδθεῖσα,
3818 2895 3887 2948 τὰ
3925 2895 4020 2951 ἴσα

2427 2954 2741 3028 φιλοσοφεῖν
2769 2962 2975 3033 ἤρξατο
3003 2982 3016 2996 '
3053 2969 3112 3022 ἐν
3203 2974 3420 3043 πρῶτος
3451 2954 3688 3050 ἤνθησεν
3727 2983 3976 3056 Ἱλαρίων
3996 3004 4013 3020 ⁶

2346 3069 2387 3125 C
2424 3040 2467 3113 ᾧ
2505 3052 2704 3120 πατρὶς
2735 3055 2835 3123 μὲν
2863 3051 2932 3128 ἦν
2961 3057 3120 3132 κώμη
3159 3063 3390 3134 Θηόασᾶ
3435 3068 3631 3141 ὄνομα,
3655 3075 3754 3128 οὐκ
3784 3077 4016 3133 ἔλαττον

2422 3138 2453 3208 ἢ
2493 3139 2554 3191 ιε’
2585 3144 2834 3210 σταδίους
2859 3150 3138 3220 ἀπέλουσα
3173 3155 3374 3226 Γάζης,
3419 3165 3556 3230 πρὸς
3585 3166 3736 3220 νότον
3771 3172 4011 3244 κειμένη

2420 3234 2572 3304 παρὰ
2621 3236 2712 3289 τὸν
2768 3240 3090 3315 χείμαρρον,
3121 3249 3179 3312 ὃς
3222 3253 3315 3304 ἐπὶ
3364 3255 3647 3314 θάλασσαν
3689 3264 3854 3330 ῥέων,
3884 3267 4010 3318 ἑπι-

2417 3327 2621 3398 χώριον
2668 3333 2777 3386 ἀπὸ
2823 3339 2920 3406 τῆς
2961 3341 3157 3411 κώμης
3190 3346 3413 3416 εἴληφεν
3445 3350 3618 3415 ὄνομα
3647 3370 3660 3383 ·
3700 3359 3812 3420 τοῖς
3857 3357 3905 3408 δ’
3947 3362 4008 3412 ὲν

2431 3417 2815 3492 Ἀλεξανδρεία
2860 3429 3125 3498 φοιτήσας
3178 3433 3599 3506 διδασκαλείοις,
3652 3445 3752 3512 τῆς
3808 3447 3981 3500 Ἀντω

2414 3509 2524 3562 νίου
2560 3512 2730 3583 ἀκοῆς
2762 3517 3160 3593 διασπωμένης,
3200 3534 3338 3581 κατὰ
3379 3531 3509 3585 θέαν
3556 3537 3764 3590 ἐκείνου
3797 3541 3879 3602 εἰς
3905 3542 4006 3613 τὴν

2413 3603 2623 3673 ἔρημον
2656 3602 2759 3680 ἧκε
2787 3616 2801 3632 '
2853 3616 2945 3666 καὶ
2983 3618 3070 3669 ἐπ’
3117 3619 3299 3688 ὀλίγον
3346 3624 3640 3698 διατρίψας
3687 3634 3906 3706 ἐκείνῳ,
3935 3641 4005 3692 τε

2413 3695 2503 3750 ἴσα
2553 3698 2867 3770 φιλοσοφεῖν
2928 3708 3189 3778 αἱρεῖται.
3242 3715 3461 3770 Πολλῶν
3507 3720 3551 3772 δ’
3602 3725 3660 3786 ἐς
3713 3725 4004 3782 ’Λντώνιον

2412 3790 2535 3843 καθ’
2587 3794 2827 3867 ἑκάστην
2869 3799 3079 3868 ἰόντων,
3115 3806 3347 3877 ἠρεμεῖν
3375 3813 3474 3866 οὐκ
3523 3810 3638 3885 εἶχε
3690 3819 3834 3872 κατὰ
3874 3838 4002 3874 σκο-

2410 3881 2534 3938 πόν.
2558 3885 2670 3957 Τὴν
2702 3893 2943 3955 πατρίδα
2985 3895 3043 3948 δὲ
3077 3901 3428 3969 καταλαϐὼν,
3463 3907 3588 3960 ἐπεὶ
3621 3911 3717 3962 καὶ
3740 3913 3789 3964 oi
3819 3917 4000 3980 γονεῖς

2409 3973 2577 4026 αὐτοῦ
2632 3975 2723 4029 τὸν
2773 3981 2899 4050 τῇδε
2957 3983 3073 4052 βίον
3119 3988 3412 4058 ἀπέλιπον,
3447 3995 3563 4056 τοῖς
3597 3998 3853 4069 ἀδελφοῖς
3902 4007 4001 4058 καὶ

2404 4069 2516 4122 τοῖς
2543 4069 2750 4126 ἐνδεέσι
2781 4075 2880 4145 τὴν
2929 4078 3130 4150 πολλὴν
3176 4087 3501 4155 περιουσίαν
3534 4092 3860 4164 ὲσκόρπισε,
3889 4115 4000 4167 μη-

2406 4157 2497 4212 δέν
2527 4179 2580 4215 τι
2622 4165 2684 4217 τὸ
2714 4165 2940 4222 σύνολον
2973 4174 3293 4229 καταλιπὼν
3323 4180 3526 4253 ἐαυτῷ.
3563 4185 3676 4238 Καὶ
3716 4189 3903 4244 λοιπον
3939 4191 3998 4245 ἔν

2403 4267 2510 4304 τινι
2538 4255 2690 4326 τόπῳ
2715 4260 2850 4328 πρὸς
2880 4260 3156 4318 θάλασσαν
3185 4271 3356 4322 εἴκοσι
3390 4275 3636 4342 σταδίους
3668 4281 3766 4352 τῆς
3795 4283 3992 4355 κώμης

2402 4343 2634 4416 διέχοντι
2689 4352 2934 4425 καλύΰην
2992 4357 3058 4411 ὲκ
3116 4361 3356 4418 πλίνθων
3403 4343 3992 4448 ἐπήγνυτο,’φορυτίζ;

2406 4441 2671 4510 κεράμων
2718 4451 3072 4518 κατεαγότων
3121 4447 3574 4534 κεκαλυμμένην.
3616 4465 3790 4522 Τόσον
3829 4471 3876 4524 δ’
3920 4468 3992 4544 ἦν

2401 4534 2588 4605 ἐκείνη
2641 4536 2836 4606 εὔρους
2875 4545 2970 4596 καὶ
3030 4550 3241 4616 μήκους
3294 4555 3387 4605 καὶ
3444 4554 3634 4624 ὕψους,
3667 4559 3743 4622 ὡς
3787 4563 3991 4632 δεῆσαν

2402 4627 2648 4694 ἑστάναι,
2669 4635 2898 4688 κύπτειν
2924 4637 3024 4708 τὴν
3058 4643 3304 4714 κεφαλήν
3324 4662 3337 4674 ·
3376 4652 3566 4702 πεσεῖν
3589 4650 3635 4704 δ’
3668 4654 3988 4724 ἐπάναγκες

2397 4719 2477 4784 ὃν,
2520 4723 2646 4785 τοὺς
2702 4728 2866 4792 πόδας
2909 4733 3220 4797 συνιζάνειν
3269 4739 3404 4808 πρδς
3439 4741 3654 4797 ἑαυτόν.
3689 4745 3830 4799 llic:
3875 4751 3988 4820 γὰρ

2395 4814 2620 4884 τρόποις
2666 4817 2857 4890 ἔθιμον
2909 4826 3084 4880 ἐποίει
3113 4829 3261 4899 αὐτῷ
3288 4833 3389 4902 τὴν
3433 4836 3840 4906 ταλαιπωρίαν.
3881 4844 3986 4895 Πο-

2397 4909 2503 4960 νῶν
2560 4928 2618 4963 τε
2678 4917 2741 4984 τῇ
2798 4919 3102 4992 ἐγκρατείᾳ
3149 4923 3413 4994 δοκίμως,
3449 4930 3656 4998 ἄτυφον
3711 4927 3827 5004 εἶχε
3884 4939 3984 5006 τὴν

2396 5004 2618 5071 πρᾶξιν,
2652 5011 2745 5060 καὶ
2776 5008 2952 5064 ταῦτα
2991 5016 3185 5086 μηδενὶ
3212 5018 3288 5087 τῷ
3324 5020 3472 5092 ἔργῳ
3513 5027 3690 5096 τούτῳ
3724 5030 3986 5084 καταλεί-

2394 5113 2512 5152 πων
2564 5100 2897 5175 ὑπερϐοὶήν.
2943 5108 3181 5178 Κρατῶν
3227 5112 3273 5165 δ’
3320 5115 3443 5168 ὅσαι
3499 5119 3756 5188 σώματος
3791 5125 3983 5193 ήδοναί

2391 5188 2483 5238 καὶ
2531 5188 2712 5260 ψυχῆς
2771 5192 3028 5261 θωπεῖαι,
3086 5203 3224 5270 πρὸς
3263 5205 3484 5258 ἀσιτίαν
3537 5210 3632 5262 καὶ
3683 5211 3835 5281 δίψος
3885 5222 3980 5267 καὶ

2392 5281 2544 5348 ῥῖγος
2595 5285 2690 5336 καὶ
2734 5288 2928 5353 πνῖγος
2980 5293 3227 5363 στερρῶς
3268 5295 3592 5364 ἠγωνίζετο.
3624 5302 3697 5355 Τὸ
3744 5305 3846 5372 μὲν
3883 5304 3980 5361 οὖν

2386 5365 2519 5440 ἦθος
2573 5378 2858 5442 σπουδαῖός
2915 5399 2998 5443 τις
3051 5381 3142 5455 ἦν,
3177 5390 3273 5441 καὶ.
3322 5390 3416 5443 τὸν
3471 5392 3631 5460 λόγον
3683 5397 3976 5467 ἐπιεικής·

2385 5463 2615 5534 ἀκριϐὲς
2649 5468 2698 5520 δ’
2729 5465 2843 5542 εἶχε
2893 5478 3209 5546 μεμνῆσθαι
3257 5481 3358 5534 ὅσα
3413 5483 3523 5537 τῶν
3578 5487 3742 5556 ιερῶν
3775 5491 3977 5557 λογίων

2385 5557 2684 5630 ὲξήσκησε.
2721 5565 2892 5618 Τόσον
2943 5567 2998 5620 δὲ
3047 5570 3115 5622 δι’
3165 5575 3372 5643 ἀρετῆς
3415 5577 3663 5648 ᾠκείωτο
3711 5583 3789 5651 τῷ
3826 5585 3972 5654 Θεῷ,

2383 5648 2458 5711 ὠς
2504 5652 2674 5705 εἰσέτι
2716 5661 2810 5710 καὶ
2861 5659 2956 5713 νῦν
3001 5662 3231 5728 πολλοὺς
3261 5667 3372 5721 τῶν
3419 5671 3617 5724 ἀνίατα
3660 5678 3973 5729 νοσούντων

2382 5741 2587 5807 ιᾶποαι,
2654 5747 2748 5802 καὶ
2795 5750 3062 5823 δαίμονας
3131 5757 3378 5815 ἐλαύνειν
3447 5762 3734 5835 εἰληφέναι
3802 5770 3969 5842 χάριν
