  <div class='ocr_page' id='page_1' title='image "/cluster/home/n/w/nwhite01/storage/ocr_20150623/146/nnc1.0046980610/148.png"; bbox 0 0 4280 6436; ppageno 0'>
   <div class='ocr_carea' id='block_1_1' title="bbox 309 424 413 480">
    <p class='ocr_par' dir='ltr' id='par_1_1' title="bbox 309 424 413 480">
     <span class='ocr_line' id='line_1_1' title="bbox 309 424 413 480; baseline -0.01 0"><span class='ocrx_word' id='word_1_1' title='bbox 309 424 413 480; x_wconf 65' lang='grc' dir='ltr'><strong>Ξθὶ</strong></span> 
     </span>
    </p>
   </div>
   <div class='ocr_carea' id='block_1_2' title="bbox 1277 430 2659 515">
    <p class='ocr_par' dir='ltr' id='par_1_2' title="bbox 1277 430 2659 515">
     <span class='ocr_line' id='line_1_2' title="bbox 1277 430 2659 515; baseline 0.007 -26"><span class='ocrx_word' id='word_1_2' title='bbox 1277 430 1883 515; x_wconf 69' lang='grc' dir='ltr'><strong>ΕΟΕιΕΞΙΑΞΤΙΕᾹέ</strong></span> <span class='ocrx_word' id='word_1_3' title='bbox 1925 430 2317 493; x_wconf 74' lang='lat' dir='ltr'><strong>HISTORLE</strong></span> <span class='ocrx_word' id='word_1_4' title='bbox 2363 436 2490 495; x_wconf 86' lang='lat' dir='ltr'><strong>LIB</strong></span> <span class='ocrx_word' id='word_1_5' title='bbox 2558 437 2659 500; x_wconf 80' lang='lat' dir='ltr'><strong>lX.</strong></span> 
     </span>
    </p>
   </div>
   <div class='ocr_carea' id='block_1_3' title="bbox 3474 428 3581 495">
    <p class='ocr_par' dir='ltr' id='par_1_3' title="bbox 3474 428 3581 495">
     <span class='ocr_line' id='line_1_3' title="bbox 3474 428 3581 495; baseline 0.037 -4"><span class='ocrx_word' id='word_1_6' title='bbox 3474 428 3581 495; x_wconf 74' lang='lat'><strong>232</strong></span> 
     </span>
    </p>
   </div>
   <div class='ocr_carea' id='block_1_4' title="bbox 310 534 2000 617">
    <p class='ocr_par' dir='ltr' id='par_1_4' title="bbox 310 534 1968 617">
     <span class='ocr_line' id='line_1_4' title="bbox 310 534 1968 617; baseline 0.009 -33"><span class='ocrx_word' id='word_1_7' title='bbox 310 534 567 603; x_wconf 59' lang='grc' dir='ltr'>ληφθεὶς,</span> <span class='ocrx_word' id='word_1_8' title='bbox 599 537 697 606; x_wconf 71' lang='grc' dir='ltr'>τῆς</span> <span class='ocrx_word' id='word_1_9' title='bbox 729 540 786 592; x_wconf 82' lang='grc' dir='ltr'><strong>ἐν</strong></span> <span class='ocrx_word' id='word_1_10' title='bbox 820 542 1175 612; x_wconf 68' lang='grc' dir='ltr'>Ταρακηναῖς</span> <span class='ocrx_word' id='word_1_11' title='bbox 1206 545 1506 614; x_wconf 71' lang='grc' dir='ltr'><strong>ἐκκλησίας</strong></span> <span class='ocrx_word' id='word_1_12' title='bbox 1538 547 1637 616; x_wconf 80' lang='grc' dir='ltr'>τὴν</span> <span class='ocrx_word' id='word_1_13' title='bbox 1675 550 1895 617; x_wconf 85' lang='grc' dir='ltr'>ἐπιτρο-</span> <span class='ocrx_word' id='word_1_14' title='bbox 1926 552 1968 606; x_wconf 73' lang='grc' dir='ltr'><strong>Α</strong></span> 
     </span>
    </p>
   </div>
   <div class='ocr_carea' id='block_1_5' title="bbox 1886 534 3576 617">
    <p class='ocr_par' dir='ltr' id='par_1_5' title="bbox 1886 547 3576 610">
     <span class='ocr_line' id='line_1_5' title="bbox 1886 547 3576 610; baseline -0.005 -4"><span class='ocrx_word' id='word_1_15' title='bbox 1886 575 1895 586; x_wconf 91' lang='grc'>·</span> <span class='ocrx_word' id='word_1_16' title='bbox 1926 552 1968 606; x_wconf 74' lang='grc' dir='ltr'><strong>Α</strong></span> <span class='ocrx_word' id='word_1_17' title='bbox 2002 558 2151 604; x_wconf 89' lang='lat' dir='ltr'><strong>recte</strong></span> <span class='ocrx_word' id='word_1_18' title='bbox 2188 549 2255 604; x_wconf 89' lang='lat' dir='ltr'><strong>de</strong></span> <span class='ocrx_word' id='word_1_19' title='bbox 2287 550 2524 604; x_wconf 67' lang='lat' dir='ltr'><strong>Nicmnis</strong></span> <span class='ocrx_word' id='word_1_20' title='bbox 2555 549 2794 605; x_wconf 73' lang='lat' dir='ltr'><strong>decretis</strong></span> <span class='ocrx_word' id='word_1_21' title='bbox 2827 549 3139 610; x_wconf 91' lang='lat' dir='ltr'><strong>sentientis,</strong></span> <span class='ocrx_word' id='word_1_22' title='bbox 3175 547 3400 601; x_wconf 78' lang='lat' dir='ltr'><strong>insidias</strong></span> <span class='ocrx_word' id='word_1_23' title='bbox 3432 547 3576 600; x_wconf 77' lang='lat' dir='ltr'><strong>veri-</strong></span> 
     </span>
    </p>
   </div>
   <div class='ocr_carea' id='block_1_6' title="bbox 310 627 1893 708">
    <p class='ocr_par' dir='ltr' id='par_1_6' title="bbox 310 627 1893 708">
     <span class='ocr_line' id='line_1_6' title="bbox 310 627 1893 708; baseline 0.009 -32"><span class='ocrx_word' id='word_1_24' title='bbox 310 627 423 694; x_wconf 77' lang='grc' dir='ltr'><strong>πὴν</strong></span> <span class='ocrx_word' id='word_1_25' title='bbox 454 628 633 698; x_wconf 77' lang='grc' dir='ltr'>ἔσχεν.</span> <span class='ocrx_word' id='word_1_26' title='bbox 683 632 805 684; x_wconf 78' lang='grc' dir='ltr'><strong>Ἐπὶ</strong></span> <span class='ocrx_word' id='word_1_27' title='bbox 838 634 993 687; x_wconf 82' lang='grc' dir='ltr'>τόσον</span> <span class='ocrx_word' id='word_1_28' title='bbox 1023 635 1078 688; x_wconf 85' lang='grc' dir='ltr'><strong>δέ</strong></span> <span class='ocrx_word' id='word_1_29' title='bbox 1113 640 1226 698; x_wconf 84' lang='grc' dir='ltr'>τοῖς</span> <span class='ocrx_word' id='word_1_30' title='bbox 1267 637 1435 701; x_wconf 83' lang='grc' dir='ltr'>θείοις</span> <span class='ocrx_word' id='word_1_31' title='bbox 1468 639 1893 708; x_wconf 79' lang='grc' dir='ltr'>ἐναγλαῖσθῆναι</span> 
     </span>
    </p>
   </div>
   <div class='ocr_carea' id='block_1_7' title="bbox 307 717 1895 802">
    <p class='ocr_par' dir='ltr' id='par_1_7' title="bbox 307 717 1895 802">
     <span class='ocr_line' id='line_1_7' title="bbox 307 717 1895 802; baseline 0.009 -33"><span class='ocrx_word' id='word_1_32' title='bbox 307 717 533 789; x_wconf 72' lang='grc' dir='ltr'>δώροις,</span> <span class='ocrx_word' id='word_1_33' title='bbox 566 721 644 784; x_wconf 86' lang='grc' dir='ltr'>ὡς</span> <span class='ocrx_word' id='word_1_34' title='bbox 671 725 765 776; x_wconf 75' lang='grc' dir='ltr'>καὶ</span> <span class='ocrx_word' id='word_1_35' title='bbox 794 727 1010 795; x_wconf 77' lang='grc' dir='ltr'>νεκροῖς</span> <span class='ocrx_word' id='word_1_36' title='bbox 1057 729 1323 798; x_wconf 84' lang='grc' dir='ltr'>παρέχειν</span> <span class='ocrx_word' id='word_1_37' title='bbox 1350 731 1411 783; x_wconf 81' lang='grc' dir='ltr'><strong>τὺ</strong></span> <span class='ocrx_word' id='word_1_38' title='bbox 1436 731 1557 802; x_wconf 79' lang='grc' dir='ltr'><strong>ζῇν.</strong></span> <span class='ocrx_word' id='word_1_39' title='bbox 1593 730 1808 800; x_wconf 79' lang='grc' dir='ltr'>Τέρατα</span> <span class='ocrx_word' id='word_1_40' title='bbox 1838 732 1895 784; x_wconf 77' lang='grc' dir='ltr'><strong>δὲ</strong></span> 
     </span>
    </p>
   </div>
   <div class='ocr_carea' id='block_1_8' title="bbox 309 814 1896 893">
    <p class='ocr_par' dir='ltr' id='par_1_8' title="bbox 309 814 1896 893">
     <span class='ocr_line' id='line_1_8' title="bbox 309 814 1896 893; baseline 0.008 -32"><span class='ocrx_word' id='word_1_41' title='bbox 309 814 411 863; x_wconf 70' lang='grc' dir='ltr'>καὶ</span> <span class='ocrx_word' id='word_1_42' title='bbox 445 816 654 881; x_wconf 83' lang='grc' dir='ltr'>σημεῖα</span> <span class='ocrx_word' id='word_1_43' title='bbox 690 817 922 871; x_wconf 85' lang='grc' dir='ltr'>πλεῖστα</span> <span class='ocrx_word' id='word_1_44' title='bbox 970 821 1306 886; x_wconf 80' lang='grc' dir='ltr'><strong>ἐπιτελέσαι,</strong></span> <span class='ocrx_word' id='word_1_45' title='bbox 1339 825 1400 877; x_wconf 82' lang='grc' dir='ltr'>οὐ</span> <span class='ocrx_word' id='word_1_46' title='bbox 1435 824 1590 893; x_wconf 76' lang='grc' dir='ltr'>παρὰ</span> <span class='ocrx_word' id='word_1_47' title='bbox 1627 823 1758 875; x_wconf 81' lang='grc' dir='ltr'>πολὺ</span> <span class='ocrx_word' id='word_1_48' title='bbox 1787 822 1896 876; x_wconf 86' lang='grc' dir='ltr'><strong>τῶν</strong></span> 
     </span>
    </p>
   </div>
   <div class='ocr_carea' id='block_1_9' title="bbox 309 903 1897 984">
    <p class='ocr_par' dir='ltr' id='par_1_9' title="bbox 309 903 1897 984">
     <span class='ocr_line' id='line_1_9' title="bbox 309 903 1897 984; baseline 0.009 -31"><span class='ocrx_word' id='word_1_49' title='bbox 309 903 696 959; x_wconf 82' lang='grc' dir='ltr'>ἁποστολικῶν</span> <span class='ocrx_word' id='word_1_50' title='bbox 742 910 1067 965; x_wconf 77' lang='grc' dir='ltr'>ἀποδέοντα.</span> <span class='ocrx_word' id='word_1_51' title='bbox 1113 914 1268 968; x_wconf 80' lang='grc' dir='ltr'>Κατὰ</span> <span class='ocrx_word' id='word_1_52' title='bbox 1319 916 1383 984; x_wconf 77' lang='grc' dir='ltr'><strong>δὴ</strong></span> <span class='ocrx_word' id='word_1_53' title='bbox 1440 915 1529 969; x_wconf 78' lang='grc' dir='ltr'>τὸν</span> <span class='ocrx_word' id='word_1_54' title='bbox 1588 916 1751 970; x_wconf 78' lang='grc' dir='ltr'>αὑτὸν</span> <span class='ocrx_word' id='word_1_55' title='bbox 1801 916 1897 969; x_wconf 68' lang='grc' dir='ltr'><strong>καὶ</strong></span> 
     </span>
    </p>
   </div>
   <div class='ocr_carea' id='block_1_10' title="bbox 309 996 1899 1078">
    <p class='ocr_par' dir='ltr' id='par_1_10' title="bbox 309 996 1899 1078">
     <span class='ocr_line' id='line_1_10' title="bbox 309 996 1899 1078; baseline 0.011 -35"><span class='ocrx_word' id='word_1_56' title='bbox 309 996 635 1062; x_wconf 58' lang='grc' dir='ltr'>χ-ρῦνονοιαὶ</span> <span class='ocrx_word' id='word_1_57' title='bbox 685 1000 850 1054; x_wconf 80' lang='grc' dir='ltr'>τόπον</span> <span class='ocrx_word' id='word_1_58' title='bbox 898 1006 1253 1075; x_wconf 80' lang='grc' dir='ltr'>συνακμάσαι</span> <span class='ocrx_word' id='word_1_59' title='bbox 1308 1007 1399 1060; x_wconf 77' lang='grc' dir='ltr'>καὶ</span> <span class='ocrx_word' id='word_1_60' title='bbox 1464 1008 1696 1078; x_wconf 77' lang='grc' dir='ltr'>’ίλὰριον</span> <span class='ocrx_word' id='word_1_61' title='bbox 1739 1008 1899 1075; x_wconf 78' lang='grc' dir='ltr'>λόγος</span> 
     </span>
    </p>
   </div>
   <div class='ocr_carea' id='block_1_11' title="bbox 310 1088 1899 1171">
    <p class='ocr_par' dir='ltr' id='par_1_11' title="bbox 310 1088 1899 1171">
     <span class='ocr_line' id='line_1_11' title="bbox 310 1088 1899 1171; baseline 0.011 -33"><span class='ocrx_word' id='word_1_62' title='bbox 310 1088 547 1155; x_wconf 75' lang='grc' dir='ltr'>ἐκεῖνον,</span> <span class='ocrx_word' id='word_1_63' title='bbox 581 1091 727 1145; x_wconf 77' lang='grc' dir='ltr'>θετόν</span> <span class='ocrx_word' id='word_1_64' title='bbox 766 1111 885 1149; x_wconf 86' lang='grc' dir='ltr'>τι-να</span> <span class='ocrx_word' id='word_1_65' title='bbox 921 1098 1113 1167; x_wconf 82' lang='grc' dir='ltr'>ἄνδρα,</span> <span class='ocrx_word' id='word_1_66' title='bbox 1144 1100 1203 1162; x_wconf 81' lang='grc' dir='ltr'>ὃς</span> <span class='ocrx_word' id='word_1_67' title='bbox 1232 1101 1471 1169; x_wconf 84' lang='grc' dir='ltr'>ὁπηνίκα</span> <span class='ocrx_word' id='word_1_68' title='bbox 1514 1105 1705 1171; x_wconf 80' lang='grc' dir='ltr'><strong>φεύγοι</strong></span> <span class='ocrx_word' id='word_1_69' title='bbox 1743 1103 1899 1171; x_wconf 86' lang='grc' dir='ltr'><strong>Μαρ-</strong></span> 
     </span>
    </p>
   </div>
   <div class='ocr_carea' id='block_1_12' title="bbox 311 1181 1900 1263">
    <p class='ocr_par' dir='ltr' id='par_1_12' title="bbox 311 1181 1900 1263">
     <span class='ocr_line' id='line_1_12' title="bbox 311 1181 1900 1263; baseline 0.009 -32"><span class='ocrx_word' id='word_1_70' title='bbox 311 1181 488 1245; x_wconf 82' lang='grc' dir='ltr'>τῖνος,</span> <span class='ocrx_word' id='word_1_71' title='bbox 515 1183 623 1235; x_wconf 82' lang='grc' dir='ltr'>τῶν</span> <span class='ocrx_word' id='word_1_72' title='bbox 655 1186 789 1239; x_wconf 83' lang='grc' dir='ltr'>ίσων</span> <span class='ocrx_word' id='word_1_73' title='bbox 821 1191 914 1241; x_wconf 72' lang='grc' dir='ltr'>καὶ</span> <span class='ocrx_word' id='word_1_74' title='bbox 946 1191 1109 1253; x_wconf 70' lang='grc' dir='ltr'>αὑτὸς</span> <span class='ocrx_word' id='word_1_75' title='bbox 1142 1194 1424 1246; x_wconf 79' lang='grc' dir='ltr'>ἐκοινώνει</span> <span class='ocrx_word' id='word_1_76' title='bbox 1456 1195 1665 1257; x_wconf 83' lang='grc' dir='ltr'>κακῶν,</span> <span class='ocrx_word' id='word_1_77' title='bbox 1701 1195 1795 1248; x_wconf 71' lang='lat' dir='ltr'><strong>an</strong></span> <span class='ocrx_word' id='word_1_78' title='bbox 1835 1193 1900 1263; x_wconf 79' lang='grc' dir='ltr'><strong>δὴ</strong></span> 
     </span>
    </p>
   </div>
   <div class='ocr_carea' id='block_1_13' title="bbox 314 1270 1901 1355">
    <p class='ocr_par' dir='ltr' id='par_1_13' title="bbox 314 1270 1901 1355">
     <span class='ocr_line' id='line_1_13' title="bbox 314 1270 1901 1355; baseline 0.015 -33"><span class='ocrx_word' id='word_1_79' title='bbox 314 1270 463 1341; x_wconf 77' lang='grc' dir='ltr'>ὑπὲρ</span> <span class='ocrx_word' id='word_1_80' title='bbox 511 1274 615 1343; x_wconf 81' lang='grc' dir='ltr'>τῆς</span> <span class='ocrx_word' id='word_1_81' title='bbox 663 1278 905 1343; x_wconf 88' lang='grc' dir='ltr'>πίστεως</span> <span class='ocrx_word' id='word_1_82' title='bbox 951 1280 1047 1333; x_wconf 82' lang='grc' dir='ltr'><strong>τοῦ</strong></span> <span class='ocrx_word' id='word_1_83' title='bbox 1098 1284 1213 1337; x_wconf 82' lang='grc' dir='ltr'>ίοου</span> <span class='ocrx_word' id='word_1_84' title='bbox 1263 1284 1431 1354; x_wconf 77' lang='grc' dir='ltr'>ζήλου</span> <span class='ocrx_word' id='word_1_85' title='bbox 1488 1286 1749 1355; x_wconf 84' lang='grc' dir='ltr'>μετέχων.</span> <span class='ocrx_word' id='word_1_86' title='bbox 1788 1285 1901 1353; x_wconf 78' lang='grc' dir='ltr'><strong>Τῆς</strong></span> 
     </span>
    </p>
   </div>
   <div class='ocr_carea' id='block_1_14' title="bbox 317 1362 1899 1445">
    <p class='ocr_par' dir='ltr' id='par_1_14' title="bbox 317 1362 1899 1445">
     <span class='ocr_line' id='line_1_14' title="bbox 317 1362 1899 1445; baseline 0.01 -32"><span class='ocrx_word' id='word_1_87' title='bbox 317 1362 648 1418; x_wconf 81' lang='grc' dir='ltr'>Ποικτάϐων</span> <span class='ocrx_word' id='word_1_88' title='bbox 693 1367 739 1420; x_wconf 83' lang='grc' dir='ltr'><strong>δ’</strong></span> <span class='ocrx_word' id='word_1_89' title='bbox 782 1370 1085 1441; x_wconf 84' lang='grc' dir='ltr'>ἐκκλησίας</span> <span class='ocrx_word' id='word_1_90' title='bbox 1129 1374 1225 1427; x_wconf 74' lang='grc' dir='ltr'>καὶ</span> <span class='ocrx_word' id='word_1_91' title='bbox 1272 1375 1427 1439; x_wconf 75' lang='grc' dir='ltr'>οὗτος</span> <span class='ocrx_word' id='word_1_92' title='bbox 1458 1377 1728 1445; x_wconf 81' lang='grc' dir='ltr'>ἡγήσατο.</span> <span class='ocrx_word' id='word_1_93' title='bbox 1762 1375 1899 1445; x_wconf 80' lang='grc' dir='ltr'>Παρ⁹</span> 
     </span>
    </p>
   </div>
   <div class='ocr_carea' id='block_1_15' title="bbox 328 1454 1902 1531">
    <p class='ocr_par' dir='ltr' id='par_1_15' title="bbox 328 1454 1902 1531">
     <span class='ocr_line' id='line_1_15' title="bbox 328 1454 1902 1531; baseline 0.008 -25"><span class='ocrx_word' id='word_1_94' title='bbox 328 1454 560 1520; x_wconf 77' lang='grc' dir='ltr'>Ἰταλοίς</span> <span class='ocrx_word' id='word_1_95' title='bbox 610 1460 667 1511; x_wconf 83' lang='grc' dir='ltr'><strong>δὲ</strong></span> <span class='ocrx_word' id='word_1_96' title='bbox 718 1465 813 1514; x_wconf 77' lang='grc' dir='ltr'><strong>καὶ</strong></span> <span class='ocrx_word' id='word_1_97' title='bbox 841 1467 955 1527; x_wconf 76' lang='grc' dir='ltr'>τοῖς</span> <span class='ocrx_word' id='word_1_98' title='bbox 1006 1465 1263 1519; x_wconf 76' lang='grc' dir='ltr'><strong>ἐπέκεινα</strong></span> <span class='ocrx_word' id='word_1_99' title='bbox 1298 1468 1488 1531; x_wconf 85' lang='grc' dir='ltr'>τόποις</span> <span class='ocrx_word' id='word_1_100' title='bbox 1517 1468 1775 1528; x_wconf 75' lang='grc' dir='ltr'>Εὐσέϐιος</span> <span class='ocrx_word' id='word_1_101' title='bbox 1807 1467 1902 1520; x_wconf 76' lang='grc' dir='ltr'>καὶ</span> 
     </span>
    </p>
   </div>
   <div class='ocr_carea' id='block_1_16' title="bbox 315 1545 1899 1629">
    <p class='ocr_par' dir='ltr' id='par_1_16' title="bbox 315 1545 1899 1629">
     <span class='ocr_line' id='line_1_16' title="bbox 315 1545 1899 1629; baseline 0.013 -33"><span class='ocrx_word' id='word_1_102' title='bbox 315 1545 605 1619; x_wconf 76' lang='grc' dir='ltr'>Δουκίφερ</span> <span class='ocrx_word' id='word_1_103' title='bbox 664 1552 967 1621; x_wconf 82' lang='grc' dir='ltr'>διέπρεπον</span> <span class='ocrx_word' id='word_1_104' title='bbox 1027 1556 1116 1608; x_wconf 85' lang='grc' dir='ltr'><strong>ἐπ’</strong></span> <span class='ocrx_word' id='word_1_105' title='bbox 1170 1560 1340 1629; x_wconf 81' lang='grc' dir='ltr'>ἀρετῇ</span> <span class='ocrx_word' id='word_1_106' title='bbox 1403 1560 1649 1629; x_wconf 89' lang='grc' dir='ltr'>πατρίων</span> <span class='ocrx_word' id='word_1_107' title='bbox 1702 1558 1899 1625; x_wconf 75' lang='grc' dir='ltr'>λόγων.</span> 
     </span>
    </p>
   </div>
   <div class='ocr_carea' id='block_1_17' title="bbox 318 1638 1903 1720">
    <p class='ocr_par' dir='ltr' id='par_1_17' title="bbox 318 1638 1903 1720">
     <span class='ocr_line' id='line_1_17' title="bbox 318 1638 1903 1720; baseline 0.009 -31"><span class='ocrx_word' id='word_1_108' title='bbox 318 1638 523 1705; x_wconf 81' lang='grc' dir='ltr'>μηδενὶ</span> <span class='ocrx_word' id='word_1_109' title='bbox 555 1643 647 1693; x_wconf 71' lang='grc' dir='ltr'><strong>τον</strong></span> <span class='ocrx_word' id='word_1_110' title='bbox 677 1645 792 1697; x_wconf 75' lang='grc' dir='ltr'>ἴσον</span> <span class='ocrx_word' id='word_1_111' title='bbox 822 1648 990 1699; x_wconf 82' lang='grc' dir='ltr'>τόπον</span> <span class='ocrx_word' id='word_1_112' title='bbox 1027 1649 1245 1715; x_wconf 84' lang='grc' dir='ltr'>ἐῶντες.</span> <span class='ocrx_word' id='word_1_113' title='bbox 1294 1652 1526 1720; x_wconf 82' lang='grc' dir='ltr'>Ίλάριος</span> <span class='ocrx_word' id='word_1_114' title='bbox 1556 1652 1612 1705; x_wconf 75' lang='grc' dir='ltr'><strong>δὲ</strong></span> <span class='ocrx_word' id='word_1_115' title='bbox 1648 1654 1740 1705; x_wconf 70' lang='grc' dir='ltr'>καὶ</span> <span class='ocrx_word' id='word_1_116' title='bbox 1777 1652 1903 1720; x_wconf 78' lang='grc' dir='ltr'>περὶ</span> 
     </span>
    </p>
   </div>
   <div class='ocr_carea' id='block_1_18' title="bbox 316 1731 1907 1815">
    <p class='ocr_par' dir='ltr' id='par_1_18' title="bbox 316 1731 1907 1815">
     <span class='ocr_line' id='line_1_18' title="bbox 316 1731 1907 1815; baseline 0.01 -34"><span class='ocrx_word' id='word_1_117' title='bbox 316 1731 563 1796; x_wconf 73' lang='grc' dir='ltr'>πίστεως</span> <span class='ocrx_word' id='word_1_118' title='bbox 594 1736 689 1788; x_wconf 76' lang='grc' dir='ltr'><strong>καὶ</strong></span> <span class='ocrx_word' id='word_1_119' title='bbox 736 1740 882 1793; x_wconf 83' lang='grc' dir='ltr'><strong>κατά</strong></span> <span class='ocrx_word' id='word_1_120' title='bbox 916 1759 1067 1805; x_wconf 89' lang='grc' dir='ltr'>τινας</span> <span class='ocrx_word' id='word_1_121' title='bbox 1097 1743 1355 1815; x_wconf 79' lang='grc' dir='ltr'>ἀλλότρια</span> <span class='ocrx_word' id='word_1_122' title='bbox 1387 1744 1481 1799; x_wconf 83' lang='grc' dir='ltr'>τοῦ</span> <span class='ocrx_word' id='word_1_123' title='bbox 1530 1744 1715 1812; x_wconf 79' lang='grc' dir='ltr'>ὑγιοῦς</span> <span class='ocrx_word' id='word_1_124' title='bbox 1753 1744 1907 1807; x_wconf 81' lang='grc' dir='ltr'><strong>δοξά-</strong></span> 
     </span>
    </p>
   </div>
   <div class='ocr_carea' id='block_1_19' title="bbox 316 1820 1903 1903">
    <p class='ocr_par' dir='ltr' id='par_1_19' title="bbox 316 1820 1903 1903">
     <span class='ocr_line' id='line_1_19' title="bbox 316 1820 1903 1903; baseline -0.001 -16"><span class='ocrx_word' id='word_1_125' title='bbox 316 1820 519 1886; x_wconf 69' lang='grc' dir='ltr'>ξοντπς</span> <span class='ocrx_word' id='word_1_126' title='bbox 565 1826 836 1895; x_wconf 83' lang='grc' dir='ltr'>δόγματος</span> <span class='ocrx_word' id='word_1_127' title='bbox 886 1829 1080 1897; x_wconf 80' lang='grc' dir='ltr'>λόγους</span> <span class='ocrx_word' id='word_1_128' title='bbox 1110 1834 1247 1887; x_wconf 83' lang='grc' dir='ltr'>πολὺ</span> <span class='ocrx_word' id='word_1_129' title='bbox 1280 1834 1342 1887; x_wconf 80' lang='grc' dir='ltr'>τὸ</span> <span class='ocrx_word' id='word_1_130' title='bbox 1381 1835 1673 1902; x_wconf 75' lang='grc' dir='ltr'>ἐπαγωγὸν</span> <span class='ocrx_word' id='word_1_131' title='bbox 1705 1835 1903 1903; x_wconf 83' lang='grc' dir='ltr'>προϐε-</span> 
     </span>
    </p>
   </div>
   <div class='ocr_carea' id='block_1_20' title="bbox 315 1900 1981 1996">
    <p class='ocr_par' dir='ltr' id='par_1_20' title="bbox 315 1900 1981 1996">
     <span class='ocr_line' id='line_1_20' title="bbox 315 1900 1981 1996; baseline 0.007 -31"><span class='ocrx_word' id='word_1_132' title='bbox 315 1912 635 1984; x_wconf 79' lang='grc' dir='ltr'>ϐλημένους</span> <span class='ocrx_word' id='word_1_133' title='bbox 683 1921 913 1984; x_wconf 76' lang='grc' dir='ltr'>ἐξέδοτο.</span> <span class='ocrx_word' id='word_1_134' title='bbox 957 1924 1016 1976; x_wconf 86' lang='lat'><strong>&#39;0</strong></span> <span class='ocrx_word' id='word_1_135' title='bbox 1056 1926 1101 1979; x_wconf 78' lang='grc' dir='ltr'>δ’</span> <span class='ocrx_word' id='word_1_136' title='bbox 1150 1927 1410 1991; x_wconf 74' lang='grc' dir='ltr'>Εὐσέϐιος</span> <span class='ocrx_word' id='word_1_137' title='bbox 1442 1900 1665 1996; x_wconf 77' lang='grc' dir='ltr'>καὶτῆς</span> <span class='ocrx_word' id='word_1_138' title='bbox 1709 1900 1906 1993; x_wconf 81' lang='grc' dir='ltr'>ἐκκλη-</span> <span class='ocrx_word' id='word_1_139' title='bbox 1937 1900 1981 1959; x_wconf 76' lang='grc' dir='ltr'><strong>Β</strong></span> 
     </span>
    </p>
   </div>
   <div class='ocr_carea' id='block_1_21' title="bbox 320 2005 1906 2088">
    <p class='ocr_par' dir='ltr' id='par_1_21' title="bbox 320 2005 1906 2088">
     <span class='ocr_line' id='line_1_21' title="bbox 320 2005 1906 2088; baseline 0.02 -32"><span class='ocrx_word' id='word_1_140' title='bbox 320 2005 448 2068; x_wconf 86' lang='grc' dir='ltr'>σίας</span> <span class='ocrx_word' id='word_1_141' title='bbox 494 2008 813 2078; x_wconf 82' lang='grc' dir='ltr'>Βρεκέλλων</span> <span class='ocrx_word' id='word_1_142' title='bbox 850 2017 1117 2086; x_wconf 79' lang='grc' dir='ltr'><strong>προέστη.</strong></span> <span class='ocrx_word' id='word_1_143' title='bbox 1155 2019 1433 2088; x_wconf 81' lang='grc' dir='ltr'>Λουκίφερ</span> <span class='ocrx_word' id='word_1_144' title='bbox 1484 2020 1560 2083; x_wconf 81' lang='grc' dir='ltr'><strong>δὲ,</strong></span> <span class='ocrx_word' id='word_1_145' title='bbox 1592 2019 1665 2082; x_wconf 80' lang='grc' dir='ltr'>ὡς</span> <span class='ocrx_word' id='word_1_146' title='bbox 1713 2018 1906 2087; x_wconf 60' lang='grc' dir='ltr'>μικρὸν</span> 
     </span>
    </p>
   </div>
   <div class='ocr_carea' id='block_1_22' title="bbox 318 2096 1904 2180">
    <p class='ocr_par' dir='ltr' id='par_1_22' title="bbox 318 2096 1904 2180">
     <span class='ocr_line' id='line_1_22' title="bbox 318 2096 1904 2180; baseline 0.01 -33"><span class='ocrx_word' id='word_1_147' title='bbox 318 2096 641 2168; x_wconf 76' lang='grc' dir='ltr'>ἔμπροσθεν</span> <span class='ocrx_word' id='word_1_148' title='bbox 684 2103 942 2173; x_wconf 77' lang='grc' dir='ltr'>ἐροῦμεν,</span> <span class='ocrx_word' id='word_1_149' title='bbox 975 2109 1072 2160; x_wconf 80' lang='grc' dir='ltr'>καὶ</span> <span class='ocrx_word' id='word_1_150' title='bbox 1122 2109 1413 2179; x_wconf 76' lang='grc' dir='ltr'><strong>ἐπωνύμου</strong></span> <span class='ocrx_word' id='word_1_151' title='bbox 1471 2111 1620 2179; x_wconf 86' lang='grc' dir='ltr'><strong>αὑτῷ</strong></span> <span class='ocrx_word' id='word_1_152' title='bbox 1666 2110 1904 2180; x_wconf 77' lang='grc' dir='ltr'>προέστη</span> 
     </span>
    </p>
   </div>
   <div class='ocr_carea' id='block_1_23' title="bbox 317 2189 1909 2263">
    <p class='ocr_par' dir='ltr' id='par_1_23' title="bbox 317 2189 1909 2263">
     <span class='ocr_line' id='line_1_23' title="bbox 317 2189 1909 2263; baseline 0.009 -25"><span class='ocrx_word' id='word_1_153' title='bbox 317 2189 613 2259; x_wconf 80' lang='grc' dir='ltr'>οἱρέσεω;.</span> <span class='ocrx_word' id='word_1_154' title='bbox 660 2193 783 2244; x_wconf 78' lang='grc' dir='ltr'><strong>Ἐπὶ</strong></span> <span class='ocrx_word' id='word_1_155' title='bbox 814 2194 878 2263; x_wconf 80' lang='grc' dir='ltr'><strong>δὴ</strong></span> <span class='ocrx_word' id='word_1_156' title='bbox 929 2196 1141 2259; x_wconf 80' lang='grc' dir='ltr'>τούτοις</span> <span class='ocrx_word' id='word_1_157' title='bbox 1171 2200 1263 2251; x_wconf 73' lang='grc' dir='ltr'><strong>καὶ</strong></span> <span class='ocrx_word' id='word_1_158' title='bbox 1293 2200 1591 2263; x_wconf 76' lang='grc' dir='ltr'>Φλαυῖανὸς</span> <span class='ocrx_word' id='word_1_159' title='bbox 1639 2200 1733 2252; x_wconf 76' lang='grc' dir='ltr'><strong>καὶ</strong></span> <span class='ocrx_word' id='word_1_160' title='bbox 1768 2203 1909 2253; x_wconf 84' lang='grc' dir='ltr'>Παυ-</span> 
     </span>
    </p>
   </div>
   <div class='ocr_carea' id='block_1_24' title="bbox 315 2282 1909 2363">
    <p class='ocr_par' dir='ltr' id='par_1_24' title="bbox 315 2282 1909 2363">
     <span class='ocr_line' id='line_1_24' title="bbox 315 2282 1909 2363; baseline 0.002 -20"><span class='ocrx_word' id='word_1_161' title='bbox 315 2282 494 2345; x_wconf 60' lang='grc' dir='ltr'>ἳῖνος,</span> <span class='ocrx_word' id='word_1_162' title='bbox 526 2284 577 2337; x_wconf 85' lang='grc' dir='ltr'>οἶ</span> <span class='ocrx_word' id='word_1_163' title='bbox 626 2291 765 2355; x_wconf 73' lang='grc' dir='ltr'>μετὰ</span> <span class='ocrx_word' id='word_1_164' title='bbox 814 2292 987 2343; x_wconf 72' lang='grc' dir='ltr'>ταῦτα</span> <span class='ocrx_word' id='word_1_165' title='bbox 1038 2290 1130 2343; x_wconf 80' lang='grc' dir='ltr'>τὸν</span> <span class='ocrx_word' id='word_1_166' title='bbox 1180 2294 1279 2363; x_wconf 79' lang='grc' dir='ltr'>τῆς</span> <span class='ocrx_word' id='word_1_167' title='bbox 1338 2294 1669 2363; x_wconf 74' lang='grc' dir='ltr'>Ἀντιοχείας</span> <span class='ocrx_word' id='word_1_168' title='bbox 1721 2294 1909 2362; x_wconf 83' lang='grc' dir='ltr'>Θρόνον</span> 
     </span>
    </p>
   </div>
   <div class='ocr_carea' id='block_1_25' title="bbox 314 2375 1907 2455">
    <p class='ocr_par' dir='ltr' id='par_1_25' title="bbox 314 2375 1907 2455">
     <span class='ocr_line' id='line_1_25' title="bbox 314 2375 1907 2455; baseline 0.007 -27"><span class='ocrx_word' id='word_1_169' title='bbox 314 2375 470 2447; x_wconf 76' lang='grc' dir='ltr'>ἦσαν</span> <span class='ocrx_word' id='word_1_170' title='bbox 520 2379 975 2450; x_wconf 78' lang='grc' dir='ltr'><strong>διανειμάμενοι·</strong></span> <span class='ocrx_word' id='word_1_171' title='bbox 1014 2382 1111 2446; x_wconf 82' lang='grc' dir='ltr'>οὓς</span> <span class='ocrx_word' id='word_1_172' title='bbox 1159 2384 1348 2454; x_wconf 80' lang='grc' dir='ltr'>δήκαὶ</span> <span class='ocrx_word' id='word_1_173' title='bbox 1395 2386 1672 2449; x_wconf 81' lang='grc' dir='ltr'>Λεόντιος,</span> <span class='ocrx_word' id='word_1_174' title='bbox 1718 2385 1793 2448; x_wconf 84' lang='grc' dir='ltr'><strong>ὡς</strong></span> <span class='ocrx_word' id='word_1_175' title='bbox 1834 2386 1907 2455; x_wconf 82' lang='grc' dir='ltr'>μὴ</span> 
     </span>
    </p>
   </div>
   <div class='ocr_carea' id='block_1_26' title="bbox 316 2474 1909 2549">
    <p class='ocr_par' dir='ltr' id='par_1_26' title="bbox 316 2474 1909 2549">
     <span class='ocr_line' id='line_1_26' title="bbox 316 2474 1909 2549; baseline 0.004 -24"><span class='ocrx_word' id='word_1_176' title='bbox 316 2474 718 2540; x_wconf 58' lang='grc' dir='ltr'>ὀμώοξοῦντας</span> <span class='ocrx_word' id='word_1_177' title='bbox 767 2479 985 2548; x_wconf 85' lang='grc' dir='ltr'>ἐκείνῳ,</span> <span class='ocrx_word' id='word_1_178' title='bbox 1032 2480 1303 2533; x_wconf 80' lang='grc' dir='ltr'>καθεῖλεν.</span> <span class='ocrx_word' id='word_1_179' title='bbox 1361 2474 1522 2533; x_wconf 68' lang='grc' dir='ltr'>Οὗτοι</span> <span class='ocrx_word' id='word_1_180' title='bbox 1578 2479 1622 2530; x_wconf 78' lang='grc' dir='ltr'><strong>δ’</strong></span> <span class='ocrx_word' id='word_1_181' title='bbox 1674 2474 1812 2549; x_wconf 80' lang='grc' dir='ltr'>ἦσαν</span> <span class='ocrx_word' id='word_1_182' title='bbox 1858 2481 1909 2533; x_wconf 82' lang='grc' dir='ltr'><strong>οἶ</strong></span> 
     </span>
    </p>
   </div>
   <div class='ocr_carea' id='block_1_27' title="bbox 320 2566 1908 2641">
    <p class='ocr_par' dir='ltr' id='par_1_27' title="bbox 320 2566 1908 2641">
     <span class='ocr_line' id='line_1_27' title="bbox 320 2566 1908 2641; baseline 0.004 -24"><span class='ocrx_word' id='word_1_183' title='bbox 320 2566 616 2637; x_wconf 71' lang='grc' dir='ltr'>Εὐσταθίῳ</span> <span class='ocrx_word' id='word_1_184' title='bbox 648 2570 747 2637; x_wconf 79' lang='grc' dir='ltr'><strong>τὴν</strong></span> <span class='ocrx_word' id='word_1_185' title='bbox 774 2569 1028 2639; x_wconf 75' lang='grc' dir='ltr'>μεθόριον</span> <span class='ocrx_word' id='word_1_186' title='bbox 1059 2572 1398 2641; x_wconf 78' lang='grc' dir='ltr'>ἀπαγομένῳ</span> <span class='ocrx_word' id='word_1_187' title='bbox 1442 2571 1781 2624; x_wconf 70' lang='grc' dir='ltr'>συνείποντο.</span> <span class='ocrx_word' id='word_1_188' title='bbox 1813 2569 1908 2633; x_wconf 84' lang='grc' dir='ltr'>⁸ος</span> 
     </span>
    </p>
   </div>
   <div class='ocr_carea' id='block_1_28' title="bbox 316 2658 1911 2732">
    <p class='ocr_par' dir='ltr' id='par_1_28' title="bbox 316 2658 1911 2732">
     <span class='ocr_line' id='line_1_28' title="bbox 316 2658 1911 2732; baseline 0.004 -25"><span class='ocrx_word' id='word_1_189' title='bbox 316 2658 437 2707; x_wconf 50' lang='grc' dir='ltr'><strong>τῖλν</strong></span> <span class='ocrx_word' id='word_1_190' title='bbox 476 2658 641 2725; x_wconf 83' lang='grc' dir='ltr'>ἱερῶν</span> <span class='ocrx_word' id='word_1_191' title='bbox 691 2660 788 2727; x_wconf 79' lang='grc' dir='ltr'>τῆς</span> <span class='ocrx_word' id='word_1_192' title='bbox 854 2661 1192 2731; x_wconf 65' lang='grc' dir='ltr'>Ἀντιοχείας</span> <span class='ocrx_word' id='word_1_193' title='bbox 1242 2663 1564 2732; x_wconf 77' lang='grc' dir='ltr'>φροντίδων,</span> <span class='ocrx_word' id='word_1_194' title='bbox 1602 2663 1808 2731; x_wconf 75' lang='grc' dir='ltr'>μᾶλλον</span> <span class='ocrx_word' id='word_1_195' title='bbox 1856 2661 1911 2713; x_wconf 86' lang='grc' dir='ltr'><strong>δέ</strong></span> 
     </span>
    </p>
   </div>
   <div class='ocr_carea' id='block_1_29' title="bbox 319 2751 1912 2825">
    <p class='ocr_par' dir='ltr' id='par_1_29' title="bbox 319 2751 1912 2825">
     <span class='ocr_line' id='line_1_29' title="bbox 319 2751 1912 2825; baseline 0.003 -24"><span class='ocrx_word' id='word_1_196' title='bbox 319 2751 457 2817; x_wconf 61' lang='grc' dir='ltr'>ὅλης</span> <span class='ocrx_word' id='word_1_197' title='bbox 499 2752 597 2820; x_wconf 81' lang='grc' dir='ltr'>τῆς</span> <span class='ocrx_word' id='word_1_198' title='bbox 643 2752 951 2817; x_wconf 78' lang='grc' dir='ltr'>εὐσεϐείας,</span> <span class='ocrx_word' id='word_1_199' title='bbox 1008 2755 1163 2807; x_wconf 72' lang='grc' dir='ltr'><strong>οὐδὲν</strong></span> <span class='ocrx_word' id='word_1_200' title='bbox 1219 2756 1482 2824; x_wconf 79' lang='grc' dir='ltr'>ἠνέσχετο</span> <span class='ocrx_word' id='word_1_201' title='bbox 1540 2760 1650 2816; x_wconf 82' lang='grc' dir='ltr'>τοῖς</span> <span class='ocrx_word' id='word_1_202' title='bbox 1699 2758 1912 2825; x_wconf 79' lang='grc' dir='ltr'>καιροῖς</span> 
     </span>
    </p>
   </div>
   <div class='ocr_carea' id='block_1_30' title="bbox 321 2840 1913 2915">
    <p class='ocr_par' dir='ltr' id='par_1_30' title="bbox 321 2840 1913 2915">
     <span class='ocr_line' id='line_1_30' title="bbox 321 2840 1913 2915; baseline 0.004 -24"><span class='ocrx_word' id='word_1_203' title='bbox 321 2840 564 2903; x_wconf 80' lang='grc' dir='ltr'>ἐκείνοις</span> <span class='ocrx_word' id='word_1_204' title='bbox 590 2843 1176 2911; x_wconf 70' lang='grc' dir='ltr'>συγκαπηλεὺσασθαι.</span> <span class='ocrx_word' id='word_1_205' title='bbox 1208 2846 1298 2915; x_wconf 81' lang='grc' dir='ltr'>Τῷ</span> <span class='ocrx_word' id='word_1_206' title='bbox 1338 2846 1385 2899; x_wconf 81' lang='grc' dir='ltr'><strong>δ’</strong></span> <span class='ocrx_word' id='word_1_207' title='bbox 1419 2846 1571 2915; x_wconf 82' lang='grc' dir='ltr'>αὐτῷ</span> <span class='ocrx_word' id='word_1_208' title='bbox 1610 2846 1783 2915; x_wconf 78' lang='grc' dir='ltr'>χρόνῳ</span> <span class='ocrx_word' id='word_1_209' title='bbox 1817 2846 1913 2897; x_wconf 78' lang='grc' dir='ltr'><strong>καὶ</strong></span> 
     </span>
    </p>
   </div>
   <div class='ocr_carea' id='block_1_31' title="bbox 337 2933 1913 3008">
    <p class='ocr_par' dir='ltr' id='par_1_31' title="bbox 337 2933 1913 3008">
     <span class='ocr_line' id='line_1_31' title="bbox 337 2933 1913 3008; baseline 0.004 -25"><span class='ocrx_word' id='word_1_210' title='bbox 337 2933 590 3002; x_wconf 68' lang='grc' dir='ltr'>’ίίφραὶμ</span> <span class='ocrx_word' id='word_1_211' title='bbox 636 2938 665 2987; x_wconf 98' lang='lat'><strong>6</strong></span> <span class='ocrx_word' id='word_1_212' title='bbox 720 2934 891 3005; x_wconf 82' lang='grc' dir='ltr'>Σύρος</span> <span class='ocrx_word' id='word_1_213' title='bbox 942 2937 1125 3008; x_wconf 78' lang='grc' dir='ltr'>πολλῷ</span> <span class='ocrx_word' id='word_1_214' title='bbox 1173 2939 1382 3002; x_wconf 74' lang='grc' dir='ltr'>πάντας</span> <span class='ocrx_word' id='word_1_215' title='bbox 1437 2938 1796 3008; x_wconf 74' lang='grc' dir='ltr'>παρελαύνων</span> <span class='ocrx_word' id='word_1_216' title='bbox 1836 2937 1913 3007; x_wconf 79' lang='grc' dir='ltr'>τῷ</span> 
     </span>
    </p>
   </div>
   <div class='ocr_carea' id='block_1_32' title="bbox 326 3022 1908 3101">
    <p class='ocr_par' dir='ltr' id='par_1_32' title="bbox 326 3022 1908 3101">
     <span class='ocr_line' id='line_1_32' title="bbox 326 3022 1908 3101; baseline 0.006 -28"><span class='ocrx_word' id='word_1_217' title='bbox 326 3022 489 3093; x_wconf 78' lang='grc' dir='ltr'>μέσῳ</span> <span class='ocrx_word' id='word_1_218' title='bbox 519 3025 922 3097; x_wconf 75' lang='grc' dir='ltr'>ἀνεγνωρίζετο</span> <span class='ocrx_word' id='word_1_219' title='bbox 947 3045 960 3060; x_wconf 90' lang='grc'><strong>·</strong></span> <span class='ocrx_word' id='word_1_220' title='bbox 994 3028 1052 3094; x_wconf 84' lang='grc' dir='ltr'>ὃς</span> <span class='ocrx_word' id='word_1_221' title='bbox 1092 3031 1312 3083; x_wconf 80' lang='grc' dir='ltr'>Νίσιϐιν</span> <span class='ocrx_word' id='word_1_222' title='bbox 1350 3034 1448 3101; x_wconf 85' lang='grc' dir='ltr'>μὲν</span> <span class='ocrx_word' id='word_1_223' title='bbox 1484 3026 1596 3099; x_wconf 75' lang='grc' dir='ltr'>εἶχε</span> <span class='ocrx_word' id='word_1_224' title='bbox 1638 3031 1908 3101; x_wconf 84' lang='grc' dir='ltr'>πατρίδα·</span> 
     </span>
    </p>
   </div>
   <div class='ocr_carea' id='block_1_33' title="bbox 323 3114 1913 3186">
    <p class='ocr_par' dir='ltr' id='par_1_33' title="bbox 323 3114 1913 3186">
     <span class='ocr_line' id='line_1_33' title="bbox 323 3114 1913 3186; baseline 0.005 -24"><span class='ocrx_word' id='word_1_225' title='bbox 323 3116 431 3179; x_wconf 76' lang='grc' dir='ltr'>τὴν</span> <span class='ocrx_word' id='word_1_226' title='bbox 477 3114 625 3164; x_wconf 73' lang='grc' dir='ltr'>κατὰ</span> <span class='ocrx_word' id='word_1_227' title='bbox 658 3116 931 3183; x_wconf 66' lang='grc' dir='ltr'>μοναχπιὺς</span> <span class='ocrx_word' id='word_1_228' title='bbox 976 3114 1021 3168; x_wconf 81' lang='grc' dir='ltr'><strong>δ’</strong></span> <span class='ocrx_word' id='word_1_229' title='bbox 1052 3117 1315 3186; x_wconf 75' lang='grc' dir='ltr'>ἀσκηθεὶς</span> <span class='ocrx_word' id='word_1_230' title='bbox 1349 3117 1690 3185; x_wconf 70' lang='grc' dir='ltr'>φιλοσοφίαν,</span> <span class='ocrx_word' id='word_1_231' title='bbox 1723 3117 1913 3183; x_wconf 76' lang='grc' dir='ltr'>ἐξαπί-</span> 
     </span>
    </p>
   </div>
   <div class='ocr_carea' id='block_1_34' title="bbox 2001 640 3572 709">
    <p class='ocr_par' dir='ltr' id='par_1_34' title="bbox 2001 640 3572 709">
     <span class='ocr_line' id='line_1_34' title="bbox 2001 640 3572 709; baseline 0 -16"><span class='ocrx_word' id='word_1_232' title='bbox 2001 649 2088 694; x_wconf 92' lang='lat' dir='ltr'><strong>tus</strong></span> <span class='ocrx_word' id='word_1_233' title='bbox 2111 683 2125 704; x_wconf 90' lang='lat'><strong>,</strong></span> <span class='ocrx_word' id='word_1_234' title='bbox 2177 642 2426 695; x_wconf 88' lang='lat' dir='ltr'><strong>discessit</strong></span> <span class='ocrx_word' id='word_1_235' title='bbox 2461 658 2473 695; x_wconf 90' lang='lat'><strong>:</strong></span> <span class='ocrx_word' id='word_1_236' title='bbox 2508 651 2563 696; x_wconf 87' lang='lat' dir='ltr'><strong>et</strong></span> <span class='ocrx_word' id='word_1_237' title='bbox 2594 656 2650 695; x_wconf 90' lang='lat' dir='ltr'><strong>se</strong></span> <span class='ocrx_word' id='word_1_238' title='bbox 2689 643 2741 696; x_wconf 93' lang='lat' dir='ltr'><strong>in</strong></span> <span class='ocrx_word' id='word_1_239' title='bbox 2783 643 3015 695; x_wconf 78' lang='lat' dir='ltr'><strong>insulam</strong></span> <span class='ocrx_word' id='word_1_240' title='bbox 3062 640 3387 709; x_wconf 81' lang='lat' dir='ltr'><strong>quamdam,</strong></span> <span class='ocrx_word' id='word_1_241' title='bbox 3414 640 3572 709; x_wconf 75' lang='lat'><strong>711</strong></span> 
     </span>
    </p>
   </div>
   <div class='ocr_carea' id='block_1_35' title="bbox 1997 731 3575 802">
    <p class='ocr_par' dir='ltr' id='par_1_35' title="bbox 1997 731 3575 802">
     <span class='ocr_line' id='line_1_35' title="bbox 1997 731 3575 802; baseline -0.003 -16"><span class='ocrx_word' id='word_1_242' title='bbox 1997 749 2118 802; x_wconf 78' lang='lat' dir='ltr'><strong>qua:</strong></span> <span class='ocrx_word' id='word_1_243' title='bbox 2171 736 2464 789; x_wconf 82' lang='lat' dir='ltr'><strong>vernaculo</strong></span> <span class='ocrx_word' id='word_1_244' title='bbox 2520 738 2741 789; x_wconf 87' lang='lat' dir='ltr'><strong>nomine</strong></span> <span class='ocrx_word' id='word_1_245' title='bbox 2792 735 3073 789; x_wconf 79' lang='lat' dir='ltr'><strong>Galinaria</strong></span> <span class='ocrx_word' id='word_1_246' title='bbox 3132 734 3205 801; x_wconf 93' lang='lat' dir='ltr'><strong>(l)</strong></span> <span class='ocrx_word' id='word_1_247' title='bbox 3266 731 3575 794; x_wconf 78' lang='lat' dir='ltr'><strong>dicebatur,</strong></span> 
     </span>
    </p>
   </div>
   <div class='ocr_carea' id='block_1_36' title="bbox 1999 822 3575 883">
    <p class='ocr_par' dir='ltr' id='par_1_36' title="bbox 1999 822 3575 883">
     <span class='ocr_line' id='line_1_36' title="bbox 1999 822 3575 883; baseline -0.003 -4"><span class='ocrx_word' id='word_1_248' title='bbox 1999 826 2228 880; x_wconf 89' lang='lat' dir='ltr'><strong>abdidit.</strong></span> <span class='ocrx_word' id='word_1_249' title='bbox 2265 827 2323 881; x_wconf 84' lang='lat' dir='ltr'><strong>In</strong></span> <span class='ocrx_word' id='word_1_250' title='bbox 2360 828 2458 883; x_wconf 87' lang='lat' dir='ltr'><strong>hac</strong></span> <span class='ocrx_word' id='word_1_251' title='bbox 2498 829 2759 883; x_wconf 89' lang='lat' dir='ltr'><strong>alimento</strong></span> <span class='ocrx_word' id='word_1_252' title='bbox 2802 827 3046 881; x_wconf 83' lang='lat' dir='ltr'><strong>radicum</strong></span> <span class='ocrx_word' id='word_1_253' title='bbox 3086 826 3380 879; x_wconf 80' lang='lat' dir='ltr'><strong>herbarum</strong></span> <span class='ocrx_word' id='word_1_254' title='bbox 3420 822 3575 876; x_wconf 79' lang='lat' dir='ltr'><strong>vixit.</strong></span> 
     </span>
    </p>
   </div>
   <div class='ocr_carea' id='block_1_37' title="bbox 2001 917 3578 992">
    <p class='ocr_par' dir='ltr' id='par_1_37' title="bbox 2001 917 3578 992">
     <span class='ocr_line' id='line_1_37' title="bbox 2001 917 3578 992; baseline -0.002 -19"><span class='ocrx_word' id='word_1_255' title='bbox 2001 919 2181 974; x_wconf 83' lang='lat' dir='ltr'><strong>insula</strong></span> <span class='ocrx_word' id='word_1_256' title='bbox 2212 930 2395 975; x_wconf 88' lang='lat' dir='ltr'><strong>autem</strong></span> <span class='ocrx_word' id='word_1_257' title='bbox 2425 922 2540 991; x_wconf 89' lang='lat' dir='ltr'><strong>ipsa</strong></span> <span class='ocrx_word' id='word_1_258' title='bbox 2566 923 2761 992; x_wconf 72' lang='lat' dir='ltr'><strong>exigua</strong></span> <span class='ocrx_word' id='word_1_259' title='bbox 2790 920 3088 975; x_wconf 81' lang='lat' dir='ltr'><strong>admodum</strong></span> <span class='ocrx_word' id='word_1_260' title='bbox 3117 928 3222 982; x_wconf 90' lang='lat' dir='ltr'><strong>est,</strong></span> <span class='ocrx_word' id='word_1_261' title='bbox 3253 927 3307 972; x_wconf 89' lang='lat' dir='ltr'><strong>et</strong></span> <span class='ocrx_word' id='word_1_262' title='bbox 3332 917 3578 971; x_wconf 78' lang='lat' dir='ltr'><strong>:ediliriis</strong></span> 
     </span>
    </p>
   </div>
   <div class='ocr_carea' id='block_1_38' title="bbox 2000 1006 3578 1084">
    <p class='ocr_par' dir='ltr' id='par_1_38' title="bbox 2000 1006 3578 1084">
     <span class='ocr_line' id='line_1_38' title="bbox 2000 1006 3578 1084; baseline -0.005 -17"><span class='ocrx_word' id='word_1_263' title='bbox 2000 1028 2216 1074; x_wconf 88' lang='lat' dir='ltr'><strong>carens,</strong></span> <span class='ocrx_word' id='word_1_264' title='bbox 2255 1012 2603 1084; x_wconf 84' lang='lat' dir='ltr'><strong>Tyrrhenum</strong></span> <span class='ocrx_word' id='word_1_265' title='bbox 2648 1013 2958 1082; x_wconf 81' lang='lat' dir='ltr'><strong>respiciens</strong></span> <span class='ocrx_word' id='word_1_266' title='bbox 3010 1026 3178 1065; x_wconf 83' lang='lat' dir='ltr'><strong>mare.</strong></span> <span class='ocrx_word' id='word_1_267' title='bbox 3224 1010 3404 1077; x_wconf 82' lang='lat' dir='ltr'><strong>Atque</strong></span> <span class='ocrx_word' id='word_1_268' title='bbox 3450 1006 3578 1061; x_wconf 90' lang='lat' dir='ltr'><strong>inde</strong></span> 
     </span>
    </p>
   </div>
   <div class='ocr_carea' id='block_1_39' title="bbox 2002 1097 3580 1165">
    <p class='ocr_par' dir='ltr' id='par_1_39' title="bbox 2002 1097 3580 1165">
     <span class='ocr_line' id='line_1_39' title="bbox 2002 1097 3580 1165; baseline -0.004 -8"><span class='ocrx_word' id='word_1_269' title='bbox 2002 1104 2293 1165; x_wconf 87' lang='lat' dir='ltr'><strong>abductus,</strong></span> <span class='ocrx_word' id='word_1_270' title='bbox 2324 1104 2861 1158; x_wconf 71' lang='lat' dir='ltr'><strong>administrationem</strong></span> <span class='ocrx_word' id='word_1_271' title='bbox 2894 1102 3144 1158; x_wconf 73' lang='lat' dir='ltr'><strong>ecclesia:</strong></span> <span class='ocrx_word' id='word_1_272' title='bbox 3182 1097 3580 1154; x_wconf 87' lang='lat' dir='ltr'><strong>Taracenensis</strong></span> 
     </span>
    </p>
   </div>
   <div class='ocr_carea' id='block_1_40' title="bbox 2001 1196 3580 1269">
    <p class='ocr_par' dir='ltr' id='par_1_40' title="bbox 2001 1196 3580 1269">
     <span class='ocr_line' id='line_1_40' title="bbox 2001 1196 3580 1269; baseline -0.003 -21"><span class='ocrx_word' id='word_1_273' title='bbox 2001 1197 2086 1250; x_wconf 88' lang='lat' dir='ltr'><strong>vel</strong></span> <span class='ocrx_word' id='word_1_274' title='bbox 2134 1197 2316 1265; x_wconf 84' lang='lat' dir='ltr'><strong>potius</strong></span> <span class='ocrx_word' id='word_1_275' title='bbox 2365 1196 2705 1250; x_wconf 82' lang='lat' dir='ltr'><strong>Turonensis</strong></span> <span class='ocrx_word' id='word_1_276' title='bbox 2753 1196 3016 1265; x_wconf 79' lang='lat' dir='ltr'><strong>suscepit.</strong></span> <span class='ocrx_word' id='word_1_277' title='bbox 3074 1196 3135 1248; x_wconf 87' lang='lat' dir='ltr'><strong>lu</strong></span> <span class='ocrx_word' id='word_1_278' title='bbox 3172 1202 3403 1269; x_wconf 60' lang='lat' dir='ltr'><strong>tantum</strong></span> <span class='ocrx_word' id='word_1_279' title='bbox 3450 1205 3580 1245; x_wconf 89' lang='lat' dir='ltr'><strong>vero</strong></span> 
     </span>
    </p>
   </div>
   <div class='ocr_carea' id='block_1_41' title="bbox 2004 1282 3579 1357">
    <p class='ocr_par' dir='ltr' id='par_1_41' title="bbox 2004 1282 3579 1357">
     <span class='ocr_line' id='line_1_41' title="bbox 2004 1282 3579 1357; baseline -0.007 -15"><span class='ocrx_word' id='word_1_280' title='bbox 2004 1286 2203 1342; x_wconf 76' lang='lat' dir='ltr'><strong>divinis</strong></span> <span class='ocrx_word' id='word_1_281' title='bbox 2236 1287 2579 1357; x_wconf 82' lang='lat' dir='ltr'><strong>reSplenduit</strong></span> <span class='ocrx_word' id='word_1_282' title='bbox 2609 1286 2805 1350; x_wconf 87' lang='lat' dir='ltr'><strong>donis,</strong></span> <span class='ocrx_word' id='word_1_283' title='bbox 2845 1295 2904 1338; x_wconf 93' lang='lat' dir='ltr'><strong>ut</strong></span> <span class='ocrx_word' id='word_1_284' title='bbox 2933 1294 2988 1339; x_wconf 90' lang='lat' dir='ltr'><strong>et</strong></span> <span class='ocrx_word' id='word_1_285' title='bbox 3028 1296 3279 1338; x_wconf 88' lang='lat' dir='ltr'><strong>mortuos</strong></span> <span class='ocrx_word' id='word_1_286' title='bbox 3323 1284 3375 1335; x_wconf 90' lang='lat' dir='ltr'><strong>in</strong></span> <span class='ocrx_word' id='word_1_287' title='bbox 3410 1282 3579 1335; x_wconf 88' lang='lat' dir='ltr'><strong>vitam</strong></span> 
     </span>
    </p>
   </div>
   <div class='ocr_carea' id='block_1_42' title="bbox 2004 1375 3581 1449">
    <p class='ocr_par' dir='ltr' id='par_1_42' title="bbox 2004 1375 3581 1449">
     <span class='ocr_line' id='line_1_42' title="bbox 2004 1375 3581 1449; baseline -0.006 -17"><span class='ocrx_word' id='word_1_288' title='bbox 2004 1379 2335 1439; x_wconf 87' lang='lat' dir='ltr'><strong>restituerit.</strong></span> <span class='ocrx_word' id='word_1_289' title='bbox 2375 1379 2739 1449; x_wconf 88' lang='lat' dir='ltr'><strong>prodigiaque</strong></span> <span class='ocrx_word' id='word_1_290' title='bbox 2774 1388 2829 1433; x_wconf 90' lang='lat' dir='ltr'><strong>et</strong></span> <span class='ocrx_word' id='word_1_291' title='bbox 2866 1376 3126 1431; x_wconf 90' lang='lat' dir='ltr'><strong>miracula</strong></span> <span class='ocrx_word' id='word_1_292' title='bbox 3163 1375 3421 1445; x_wconf 86' lang='lat' dir='ltr'><strong>plurima,</strong></span> <span class='ocrx_word' id='word_1_293' title='bbox 3458 1388 3581 1441; x_wconf 75' lang='lat' dir='ltr'><strong>qua:</strong></span> 
     </span>
    </p>
   </div>
   <div class='ocr_carea' id='block_1_43' title="bbox 2004 1465 3583 1538">
    <p class='ocr_par' dir='ltr' id='par_1_43' title="bbox 2004 1465 3583 1538">
     <span class='ocr_line' id='line_1_43' title="bbox 2004 1465 3583 1538; baseline -0.005 -14"><span class='ocrx_word' id='word_1_294' title='bbox 2004 1485 2111 1524; x_wconf 84' lang='lat' dir='ltr'><strong>non</strong></span> <span class='ocrx_word' id='word_1_295' title='bbox 2146 1470 2375 1524; x_wconf 88' lang='lat' dir='ltr'><strong>tnultum</strong></span> <span class='ocrx_word' id='word_1_296' title='bbox 2409 1470 2475 1524; x_wconf 93' lang='lat' dir='ltr'><strong>ab</strong></span> <span class='ocrx_word' id='word_1_297' title='bbox 2506 1470 2823 1538; x_wconf 82' lang='lat' dir='ltr'><strong>apostolicis</strong></span> <span class='ocrx_word' id='word_1_298' title='bbox 2851 1471 3114 1523; x_wconf 85' lang='lat' dir='ltr'><strong>abessent</strong></span> <span class='ocrx_word' id='word_1_299' title='bbox 3166 1466 3360 1532; x_wconf 75' lang='lat' dir='ltr'><strong>signis,</strong></span> <span class='ocrx_word' id='word_1_300' title='bbox 3394 1465 3583 1518; x_wconf 85' lang='lat' dir='ltr'><strong>edide-</strong></span> 
     </span>
    </p>
   </div>
   <div class='ocr_carea' id='block_1_44' title="bbox 2006 1555 3583 1633">
    <p class='ocr_par' dir='ltr' id='par_1_44' title="bbox 2006 1555 3583 1633">
     <span class='ocr_line' id='line_1_44' title="bbox 2006 1555 3583 1633; baseline -0.007 -15"><span class='ocrx_word' id='word_1_301' title='bbox 2006 1564 2097 1619; x_wconf 90' lang='lat' dir='ltr'><strong>rit.</strong></span> <span class='ocrx_word' id='word_1_302' title='bbox 2134 1564 2337 1619; x_wconf 86' lang='lat' dir='ltr'><strong>Eodem</strong></span> <span class='ocrx_word' id='word_1_303' title='bbox 2374 1572 2428 1618; x_wconf 90' lang='lat' dir='ltr'><strong>et</strong></span> <span class='ocrx_word' id='word_1_304' title='bbox 2458 1572 2704 1633; x_wconf 91' lang='lat' dir='ltr'><strong>tempore</strong></span> <span class='ocrx_word' id='word_1_305' title='bbox 2735 1572 2791 1615; x_wconf 89' lang='lat' dir='ltr'><strong>et</strong></span> <span class='ocrx_word' id='word_1_306' title='bbox 2822 1562 2942 1615; x_wconf 91' lang='lat' dir='ltr'><strong>loco</strong></span> <span class='ocrx_word' id='word_1_307' title='bbox 2977 1558 3138 1614; x_wconf 86' lang='lat' dir='ltr'><strong>simul</strong></span> <span class='ocrx_word' id='word_1_308' title='bbox 3177 1555 3583 1627; x_wconf 79' lang='lat' dir='ltr'><strong>quoque.llila-</strong></span> 
     </span>
    </p>
   </div>
   <div class='ocr_carea' id='block_1_45' title="bbox 2006 1649 3583 1727">
    <p class='ocr_par' dir='ltr' id='par_1_45' title="bbox 2006 1649 3583 1727">
     <span class='ocr_line' id='line_1_45' title="bbox 2006 1649 3583 1727; baseline -0.004 -18"><span class='ocrx_word' id='word_1_309' title='bbox 2006 1657 2121 1709; x_wconf 91' lang='lat' dir='ltr'><strong>rius</strong></span> <span class='ocrx_word' id='word_1_310' title='bbox 2165 1656 2253 1711; x_wconf 91' lang='lat' dir='ltr'><strong>ille</strong></span> <span class='ocrx_word' id='word_1_311' title='bbox 2319 1656 2528 1727; x_wconf 91' lang='lat' dir='ltr'><strong>viguit,</strong></span> <span class='ocrx_word' id='word_1_312' title='bbox 2578 1654 2662 1707; x_wconf 87' lang='lat' dir='ltr'><strong>vir</strong></span> <span class='ocrx_word' id='word_1_313' title='bbox 2692 1654 2947 1717; x_wconf 86' lang='lat' dir='ltr'><strong>divinus,</strong></span> <span class='ocrx_word' id='word_1_314' title='bbox 2993 1653 3084 1721; x_wconf 86' lang='lat' dir='ltr'><strong>qui</strong></span> <span class='ocrx_word' id='word_1_315' title='bbox 3137 1667 3261 1705; x_wconf 90' lang='lat' dir='ltr'><strong>cum</strong></span> <span class='ocrx_word' id='word_1_316' title='bbox 3314 1649 3583 1703; x_wconf 83' lang='lat' dir='ltr'><strong>Martinus</strong></span> 
     </span>
    </p>
   </div>
   <div class='ocr_carea' id='block_1_46' title="bbox 2007 1740 3585 1818">
    <p class='ocr_par' dir='ltr' id='par_1_46' title="bbox 2007 1740 3585 1818">
     <span class='ocr_line' id='line_1_46' title="bbox 2007 1740 3585 1818; baseline -0.006 -18"><span class='ocrx_word' id='word_1_317' title='bbox 2007 1747 2360 1818; x_wconf 80' lang='lat' dir='ltr'><strong>profugeret,</strong></span> <span class='ocrx_word' id='word_1_318' title='bbox 2412 1746 2663 1801; x_wconf 89' lang='lat' dir='ltr'><strong>eamdem</strong></span> <span class='ocrx_word' id='word_1_319' title='bbox 2716 1745 2981 1799; x_wconf 86' lang='lat' dir='ltr'><strong>sustinuit</strong></span> <span class='ocrx_word' id='word_1_320' title='bbox 3018 1743 3294 1796; x_wconf 78' lang='lat' dir='ltr'><strong>fortunam</strong></span> <span class='ocrx_word' id='word_1_321' title='bbox 3329 1758 3343 1793; x_wconf 91' lang='lat'><strong>:</strong></span> <span class='ocrx_word' id='word_1_322' title='bbox 3382 1740 3585 1809; x_wconf 86' lang='lat' dir='ltr'><strong>quippe</strong></span> 
     </span>
    </p>
   </div>
   <div class='ocr_carea' id='block_1_47' title="bbox 2008 1830 3587 1907">
    <p class='ocr_par' dir='ltr' id='par_1_47' title="bbox 2008 1830 3587 1907">
     <span class='ocr_line' id='line_1_47' title="bbox 2008 1830 3587 1907; baseline -0.003 -17"><span class='ocrx_word' id='word_1_323' title='bbox 2008 1839 2101 1907; x_wconf 92' lang='lat' dir='ltr'><strong>qui</strong></span> <span class='ocrx_word' id='word_1_324' title='bbox 2134 1838 2328 1892; x_wconf 89' lang='lat' dir='ltr'><strong>eodem</strong></span> <span class='ocrx_word' id='word_1_325' title='bbox 2366 1852 2492 1891; x_wconf 90' lang='lat' dir='ltr'><strong>cum</strong></span> <span class='ocrx_word' id='word_1_326' title='bbox 2529 1837 2623 1890; x_wconf 93' lang='lat' dir='ltr'><strong>illo</strong></span> <span class='ocrx_word' id='word_1_327' title='bbox 2661 1835 2855 1889; x_wconf 89' lang='lat' dir='ltr'><strong>ardore</strong></span> <span class='ocrx_word' id='word_1_328' title='bbox 2896 1836 2947 1889; x_wconf 89' lang='lat' dir='ltr'><strong>in</strong></span> <span class='ocrx_word' id='word_1_329' title='bbox 2989 1835 3147 1889; x_wconf 79' lang='lat' dir='ltr'><strong>fidem</strong></span> <span class='ocrx_word' id='word_1_330' title='bbox 3184 1833 3444 1887; x_wconf 80' lang='lat' dir='ltr'><strong>ferretur.</strong></span> <span class='ocrx_word' id='word_1_331' title='bbox 3486 1830 3587 1885; x_wconf 77' lang='lat' dir='ltr'><strong>llic</strong></span> 
     </span>
    </p>
   </div>
   <div class='ocr_carea' id='block_1_48' title="bbox 2010 1922 3586 1998">
    <p class='ocr_par' dir='ltr' id='par_1_48' title="bbox 2010 1922 3586 1998">
     <span class='ocr_line' id='line_1_48' title="bbox 2010 1922 3586 1998; baseline -0.004 -17"><span class='ocrx_word' id='word_1_332' title='bbox 2010 1928 2411 1982; x_wconf 84' lang='lat' dir='ltr'><strong>Pictaviensem</strong></span> <span class='ocrx_word' id='word_1_333' title='bbox 2459 1927 2787 1998; x_wconf 71' lang='lat' dir='ltr'><strong>gubernavit</strong></span> <span class='ocrx_word' id='word_1_334' title='bbox 2826 1926 3128 1980; x_wconf 88' lang='lat' dir='ltr'><strong>Ecclesiam</strong></span> <span class='ocrx_word' id='word_1_335' title='bbox 3160 1925 3260 1994; x_wconf 56' lang='grc' dir='ltr'><strong>θ),</strong></span> <span class='ocrx_word' id='word_1_336' title='bbox 3314 1933 3477 1993; x_wconf 90' lang='lat' dir='ltr'><strong>atque</strong></span> <span class='ocrx_word' id='word_1_337' title='bbox 3518 1922 3586 1975; x_wconf 90' lang='lat' dir='ltr'><strong>de</strong></span> 
     </span>
    </p>
   </div>
   <div class='ocr_carea' id='block_1_49' title="bbox 2012 2013 3582 2088">
    <p class='ocr_par' dir='ltr' id='par_1_49' title="bbox 2012 2013 3582 2088">
     <span class='ocr_line' id='line_1_49' title="bbox 2012 2013 3582 2088; baseline -0.006 -13"><span class='ocrx_word' id='word_1_338' title='bbox 2012 2021 2136 2084; x_wconf 83' lang='lat' dir='ltr'><strong>ﬁde,</strong></span> <span class='ocrx_word' id='word_1_339' title='bbox 2170 2030 2225 2076; x_wconf 89' lang='lat' dir='ltr'><strong>et</strong></span> <span class='ocrx_word' id='word_1_340' title='bbox 2264 2021 2527 2074; x_wconf 88' lang='lat' dir='ltr'><strong>adversus</strong></span> <span class='ocrx_word' id='word_1_341' title='bbox 2560 2019 2824 2088; x_wconf 85' lang='lat' dir='ltr'><strong>quosdam</strong></span> <span class='ocrx_word' id='word_1_342' title='bbox 2867 2019 2958 2087; x_wconf 88' lang='lat' dir='ltr'><strong>qui</strong></span> <span class='ocrx_word' id='word_1_343' title='bbox 2997 2018 3203 2070; x_wconf 79' lang='lat' dir='ltr'><strong>alienas</strong></span> <span class='ocrx_word' id='word_1_344' title='bbox 3240 2032 3266 2067; x_wconf 88' lang='lat' dir='ltr'><strong>a</strong></span> <span class='ocrx_word' id='word_1_345' title='bbox 3302 2030 3433 2070; x_wconf 91' lang='lat' dir='ltr'><strong>sana</strong></span> <span class='ocrx_word' id='word_1_346' title='bbox 3456 2013 3582 2067; x_wconf 87' lang='lat' dir='ltr'><strong>doc-</strong></span> 
     </span>
    </p>
   </div>
   <div class='ocr_carea' id='block_1_50' title="bbox 2011 2104 3588 2180">
    <p class='ocr_par' dir='ltr' id='par_1_50' title="bbox 2011 2104 3588 2180">
     <span class='ocr_line' id='line_1_50' title="bbox 2011 2104 3588 2180; baseline -0.008 -13"><span class='ocrx_word' id='word_1_347' title='bbox 2011 2114 2151 2168; x_wconf 85' lang='lat' dir='ltr'><strong>trina</strong></span> <span class='ocrx_word' id='word_1_348' title='bbox 2183 2112 2443 2167; x_wconf 66' lang='lat' dir='ltr'><strong>all‘errent</strong></span> <span class='ocrx_word' id='word_1_349' title='bbox 2476 2111 2767 2180; x_wconf 76' lang='lat' dir='ltr'><strong>opiniones</strong></span> <span class='ocrx_word' id='word_1_350' title='bbox 2789 2150 2803 2174; x_wconf 90' lang='lat'><strong>,</strong></span> <span class='ocrx_word' id='word_1_351' title='bbox 2840 2110 3009 2162; x_wconf 86' lang='lat' dir='ltr'><strong>libros</strong></span> <span class='ocrx_word' id='word_1_352' title='bbox 3041 2107 3105 2160; x_wconf 85' lang='lat' dir='ltr'><strong>ad</strong></span> <span class='ocrx_word' id='word_1_353' title='bbox 3142 2104 3588 2175; x_wconf 86' lang='lat' dir='ltr'><strong>persuadendum</strong></span> 
     </span>
    </p>
   </div>
   <div class='ocr_carea' id='block_1_51' title="bbox 2009 2199 3587 2275">
    <p class='ocr_par' dir='ltr' id='par_1_51' title="bbox 2009 2199 3587 2275">
     <span class='ocr_line' id='line_1_51' title="bbox 2009 2199 3587 2275; baseline -0.007 -14"><span class='ocrx_word' id='word_1_354' title='bbox 2009 2208 2166 2261; x_wconf 88' lang='lat' dir='ltr'><strong>valde</strong></span> <span class='ocrx_word' id='word_1_355' title='bbox 2210 2206 2513 2275; x_wconf 84' lang='lat' dir='ltr'><strong>appositos,</strong></span> <span class='ocrx_word' id='word_1_356' title='bbox 2545 2203 2816 2259; x_wconf 88' lang='lat' dir='ltr'><strong>condidit.</strong></span> <span class='ocrx_word' id='word_1_357' title='bbox 2852 2203 3007 2271; x_wconf 84' lang='lat' dir='ltr'><strong>Apud</strong></span> <span class='ocrx_word' id='word_1_358' title='bbox 3058 2201 3224 2255; x_wconf 85' lang='lat' dir='ltr'><strong>ltalos</strong></span> <span class='ocrx_word' id='word_1_359' title='bbox 3268 2215 3401 2253; x_wconf 86' lang='lat' dir='ltr'><strong>sane</strong></span> <span class='ocrx_word' id='word_1_360' title='bbox 3445 2206 3501 2251; x_wconf 90' lang='lat' dir='ltr'><strong>et</strong></span> <span class='ocrx_word' id='word_1_361' title='bbox 3534 2199 3587 2250; x_wconf 90' lang='lat' dir='ltr'><strong>iu</strong></span> 
     </span>
    </p>
   </div>
   <div class='ocr_carea' id='block_1_52' title="bbox 2010 2286 3588 2350">
    <p class='ocr_par' dir='ltr' id='par_1_52' title="bbox 2010 2286 3588 2350">
     <span class='ocr_line' id='line_1_52' title="bbox 2010 2286 3588 2350; baseline -0.008 0"><span class='ocrx_word' id='word_1_362' title='bbox 2010 2296 2146 2350; x_wconf 86' lang='lat' dir='ltr'><strong>locis</strong></span> <span class='ocrx_word' id='word_1_363' title='bbox 2199 2293 2557 2348; x_wconf 75' lang='lat' dir='ltr'><strong>ulterioribus</strong></span> <span class='ocrx_word' id='word_1_364' title='bbox 2609 2294 2865 2347; x_wconf 89' lang='lat' dir='ltr'><strong>enituere</strong></span> <span class='ocrx_word' id='word_1_365' title='bbox 2919 2291 3193 2344; x_wconf 86' lang='lat' dir='ltr'><strong>Eusebius</strong></span> <span class='ocrx_word' id='word_1_366' title='bbox 3240 2300 3294 2342; x_wconf 89' lang='lat' dir='ltr'><strong>et</strong></span> <span class='ocrx_word' id='word_1_367' title='bbox 3344 2286 3588 2349; x_wconf 80' lang='lat' dir='ltr'><strong>Lucifer,</strong></span> 
     </span>
    </p>
   </div>
   <div class='ocr_carea' id='block_1_53' title="bbox 2010 2380 3587 2457">
    <p class='ocr_par' dir='ltr' id='par_1_53' title="bbox 2010 2380 3587 2457">
     <span class='ocr_line' id='line_1_53' title="bbox 2010 2380 3587 2457; baseline -0.006 -17"><span class='ocrx_word' id='word_1_368' title='bbox 2010 2387 2198 2457; x_wconf 70' lang='lat' dir='ltr'><strong>pati-ise</strong></span> <span class='ocrx_word' id='word_1_369' title='bbox 2250 2386 2580 2454; x_wconf 73' lang='lat' dir='ltr'><strong>eloquentiae</strong></span> <span class='ocrx_word' id='word_1_370' title='bbox 2630 2385 2679 2437; x_wconf 88' lang='lat' dir='ltr'><strong>vi</strong></span> <span class='ocrx_word' id='word_1_371' title='bbox 2731 2384 2874 2438; x_wconf 87' lang='lat' dir='ltr'><strong>alios</strong></span> <span class='ocrx_word' id='word_1_372' title='bbox 2926 2399 3118 2437; x_wconf 85' lang='lat' dir='ltr'><strong>omnes</strong></span> <span class='ocrx_word' id='word_1_373' title='bbox 3167 2380 3587 2434; x_wconf 84' lang='lat' dir='ltr'><strong>antecellentes.</strong></span> 
     </span>
    </p>
   </div>
   <div class='ocr_carea' id='block_1_54' title="bbox 2013 2469 3594 2541">
    <p class='ocr_par' dir='ltr' id='par_1_54' title="bbox 2013 2469 3594 2541">
     <span class='ocr_line' id='line_1_54' title="bbox 2013 2469 3594 2541; baseline -0.008 -7"><span class='ocrx_word' id='word_1_374' title='bbox 2013 2479 2284 2534; x_wconf 83' lang='lat' dir='ltr'><strong>Eusebius</strong></span> <span class='ocrx_word' id='word_1_375' title='bbox 2321 2479 2485 2533; x_wconf 85' lang='lat' dir='ltr'><strong>etiam</strong></span> <span class='ocrx_word' id='word_1_376' title='bbox 2518 2476 2768 2531; x_wconf 74' lang='lat' dir='ltr'><strong>ecclesiae</strong></span> <span class='ocrx_word' id='word_1_377' title='bbox 2804 2474 3138 2531; x_wconf 83' lang='lat' dir='ltr'><strong>Vcrcellensi</strong></span> <span class='ocrx_word' id='word_1_378' title='bbox 3178 2472 3437 2541; x_wconf 66' lang='lat' dir='ltr'><strong>praefuit:</strong></span> <span class='ocrx_word' id='word_1_379' title='bbox 3484 2469 3594 2523; x_wconf 89' lang='lat' dir='ltr'><strong>Ln-</strong></span> 
     </span>
    </p>
   </div>
   <div class='ocr_carea' id='block_1_55' title="bbox 2013 2563 3590 2639">
    <p class='ocr_par' dir='ltr' id='par_1_55' title="bbox 2013 2563 3590 2639">
     <span class='ocr_line' id='line_1_55' title="bbox 2013 2563 3590 2639; baseline -0.008 -12"><span class='ocrx_word' id='word_1_380' title='bbox 2013 2572 2147 2627; x_wconf 89' lang='lat' dir='ltr'><strong>cifer</strong></span> <span class='ocrx_word' id='word_1_381' title='bbox 2188 2587 2336 2633; x_wconf 85' lang='lat' dir='ltr'><strong>vero,</strong></span> <span class='ocrx_word' id='word_1_382' title='bbox 2384 2570 2542 2625; x_wconf 89' lang='lat' dir='ltr'><strong>sicuti</strong></span> <span class='ocrx_word' id='word_1_383' title='bbox 2574 2570 2735 2639; x_wconf 86' lang='lat' dir='ltr'><strong>paulo</strong></span> <span class='ocrx_word' id='word_1_384' title='bbox 2779 2580 2899 2638; x_wconf 80' lang='lat' dir='ltr'><strong>post</strong></span> <span class='ocrx_word' id='word_1_385' title='bbox 2933 2567 3199 2629; x_wconf 87' lang='lat' dir='ltr'><strong>dicemus,</strong></span> <span class='ocrx_word' id='word_1_386' title='bbox 3240 2564 3481 2619; x_wconf 89' lang='lat' dir='ltr'><strong>nominis</strong></span> <span class='ocrx_word' id='word_1_387' title='bbox 3506 2563 3590 2617; x_wconf 89' lang='lat' dir='ltr'><strong>sui</strong></span> 
     </span>
    </p>
   </div>
   <div class='ocr_carea' id='block_1_56' title="bbox 2013 2660 3592 2736">
    <p class='ocr_par' dir='ltr' id='par_1_56' title="bbox 2013 2660 3592 2736">
     <span class='ocr_line' id='line_1_56' title="bbox 2013 2660 3592 2736; baseline -0.008 -14"><span class='ocrx_word' id='word_1_388' title='bbox 2013 2667 2205 2722; x_wconf 64' lang='lat' dir='ltr'><strong>lix-resi</strong></span> <span class='ocrx_word' id='word_1_389' title='bbox 2266 2666 2444 2736; x_wconf 67' lang='lat' dir='ltr'><strong>pret-iit</strong></span> <span class='ocrx_word' id='word_1_390' title='bbox 2496 2666 2592 2728; x_wconf 77' lang='lat' dir='ltr'><strong>(3i.</strong></span> <span class='ocrx_word' id='word_1_391' title='bbox 2657 2665 2926 2718; x_wconf 66' lang='lat' dir='ltr'><strong>Praaterea</strong></span> <span class='ocrx_word' id='word_1_392' title='bbox 2985 2662 3276 2715; x_wconf 86' lang='lat' dir='ltr'><strong>Flavianus</strong></span> <span class='ocrx_word' id='word_1_393' title='bbox 3341 2669 3396 2712; x_wconf 89' lang='lat' dir='ltr'><strong>et</strong></span> <span class='ocrx_word' id='word_1_394' title='bbox 3450 2660 3592 2713; x_wconf 84' lang='lat' dir='ltr'><strong>Pau-</strong></span> 
     </span>
    </p>
   </div>
   <div class='ocr_carea' id='block_1_57' title="bbox 2014 2752 3596 2825">
    <p class='ocr_par' dir='ltr' id='par_1_57' title="bbox 2014 2752 3596 2825">
     <span class='ocr_line' id='line_1_57' title="bbox 2014 2752 3596 2825; baseline -0.006 -11"><span class='ocrx_word' id='word_1_395' title='bbox 2014 2760 2159 2814; x_wconf 89' lang='lat' dir='ltr'><strong>linus</strong></span> <span class='ocrx_word' id='word_1_396' title='bbox 2188 2759 2320 2812; x_wconf 82' lang='lat' dir='ltr'><strong>clari</strong></span> <span class='ocrx_word' id='word_1_397' title='bbox 2348 2767 2461 2811; x_wconf 91' lang='lat' dir='ltr'><strong>tum</strong></span> <span class='ocrx_word' id='word_1_398' title='bbox 2492 2756 2665 2820; x_wconf 89' lang='lat' dir='ltr'><strong>fuere,</strong></span> <span class='ocrx_word' id='word_1_399' title='bbox 2693 2756 2785 2824; x_wconf 89' lang='lat' dir='ltr'><strong>qui</strong></span> <span class='ocrx_word' id='word_1_400' title='bbox 2815 2765 3000 2825; x_wconf 87' lang='lat' dir='ltr'><strong>postea</strong></span> <span class='ocrx_word' id='word_1_401' title='bbox 3031 2754 3387 2809; x_wconf 77' lang='lat' dir='ltr'><strong>Antiocheme</strong></span> <span class='ocrx_word' id='word_1_402' title='bbox 3416 2752 3596 2805; x_wconf 89' lang='lat' dir='ltr'><strong>eccle-</strong></span> 
     </span>
    </p>
   </div>
   <div class='ocr_carea' id='block_1_58' title="bbox 2014 2846 3593 2918">
    <p class='ocr_par' dir='ltr' id='par_1_58' title="bbox 2014 2846 3593 2918">
     <span class='ocr_line' id='line_1_58' title="bbox 2014 2846 3593 2918; baseline -0.007 -11"><span class='ocrx_word' id='word_1_403' title='bbox 2014 2853 2107 2907; x_wconf 69' lang='lat' dir='ltr'><strong>siae</strong></span> <span class='ocrx_word' id='word_1_404' title='bbox 2155 2868 2242 2907; x_wconf 86' lang='lat' dir='ltr'><strong>res</strong></span> <span class='ocrx_word' id='word_1_405' title='bbox 2286 2851 2739 2905; x_wconf 86' lang='lat' dir='ltr'><strong>administravere</strong></span> <span class='ocrx_word' id='word_1_406' title='bbox 2778 2866 2793 2902; x_wconf 87' lang='lat'><strong>:</strong></span> <span class='ocrx_word' id='word_1_407' title='bbox 2841 2848 3047 2918; x_wconf 87' lang='lat' dir='ltr'><strong>quibus</strong></span> <span class='ocrx_word' id='word_1_408' title='bbox 3102 2848 3267 2901; x_wconf 83' lang='lat' dir='ltr'><strong>etiam</strong></span> <span class='ocrx_word' id='word_1_409' title='bbox 3305 2846 3593 2904; x_wconf 86' lang='lat' dir='ltr'><strong>Leontius,</strong></span> 
     </span>
    </p>
   </div>
   <div class='ocr_carea' id='block_1_59' title="bbox 2015 2939 3593 3014">
    <p class='ocr_par' dir='ltr' id='par_1_59' title="bbox 2015 2939 3593 3014">
     <span class='ocr_line' id='line_1_59' title="bbox 2015 2939 3593 3014; baseline -0.004 -17"><span class='ocrx_word' id='word_1_410' title='bbox 2015 2945 2159 3014; x_wconf 89' lang='lat' dir='ltr'><strong>quod</strong></span> <span class='ocrx_word' id='word_1_411' title='bbox 2197 2943 2488 2997; x_wconf 87' lang='lat' dir='ltr'><strong>sententiis</strong></span> <span class='ocrx_word' id='word_1_412' title='bbox 2517 2943 2585 2995; x_wconf 91' lang='lat' dir='ltr'><strong>ab</strong></span> <span class='ocrx_word' id='word_1_413' title='bbox 2626 2956 2691 2995; x_wconf 89' lang='lat' dir='ltr'><strong>eo</strong></span> <span class='ocrx_word' id='word_1_414' title='bbox 2750 2939 3165 3003; x_wconf 86' lang='lat' dir='ltr'><strong>discordarent,</strong></span> <span class='ocrx_word' id='word_1_415' title='bbox 3215 2939 3593 3007; x_wconf 70' lang='lat' dir='ltr'><strong>episcopatum</strong></span> 
     </span>
    </p>
   </div>
   <div class='ocr_carea' id='block_1_60' title="bbox 2016 3030 3596 3107">
    <p class='ocr_par' dir='ltr' id='par_1_60' title="bbox 2016 3030 3596 3107">
     <span class='ocr_line' id='line_1_60' title="bbox 2016 3030 3596 3107; baseline -0.004 -17"><span class='ocrx_word' id='word_1_416' title='bbox 2016 3037 2320 3107; x_wconf 79' lang='lat' dir='ltr'><strong>abrogavit.</strong></span> <span class='ocrx_word' id='word_1_417' title='bbox 2367 3036 2406 3089; x_wconf 92' lang='lat' dir='ltr'><strong>li</strong></span> <span class='ocrx_word' id='word_1_418' title='bbox 2443 3046 2591 3098; x_wconf 88' lang='lat' dir='ltr'><strong>sunt,</strong></span> <span class='ocrx_word' id='word_1_419' title='bbox 2623 3036 2713 3104; x_wconf 90' lang='lat' dir='ltr'><strong>qui</strong></span> <span class='ocrx_word' id='word_1_420' title='bbox 2766 3033 3056 3089; x_wconf 88' lang='lat' dir='ltr'><strong>Eustatbio</strong></span> <span class='ocrx_word' id='word_1_421' title='bbox 3103 3033 3155 3086; x_wconf 90' lang='lat' dir='ltr'><strong>in</strong></span> <span class='ocrx_word' id='word_1_422' title='bbox 3202 3032 3457 3087; x_wconf 78' lang='lat' dir='ltr'><strong>exsilium</strong></span> <span class='ocrx_word' id='word_1_423' title='bbox 3499 3030 3596 3084; x_wconf 31' lang='lat' dir='ltr'><strong>des</strong></span> 
     </span>
    </p>
   </div>
   <div class='ocr_carea' id='block_1_61' title="bbox 2017 3124 3595 3201">
    <p class='ocr_par' dir='ltr' id='par_1_61' title="bbox 2017 3124 3595 3201">
     <span class='ocr_line' id='line_1_61' title="bbox 2017 3124 3595 3201; baseline -0.008 -16"><span class='ocrx_word' id='word_1_424' title='bbox 2017 3140 2233 3201; x_wconf 86' lang='lat' dir='ltr'><strong>portato</strong></span> <span class='ocrx_word' id='word_1_425' title='bbox 2259 3128 2488 3183; x_wconf 85' lang='lat' dir='ltr'><strong>comites</strong></span> <span class='ocrx_word' id='word_1_426' title='bbox 2522 3126 2712 3191; x_wconf 85' lang='lat' dir='ltr'><strong>fuere;</strong></span> <span class='ocrx_word' id='word_1_427' title='bbox 2740 3128 2832 3195; x_wconf 90' lang='lat' dir='ltr'><strong>qui</strong></span> <span class='ocrx_word' id='word_1_428' title='bbox 2861 3139 2993 3179; x_wconf 86' lang='lat' dir='ltr'><strong>sane</strong></span> <span class='ocrx_word' id='word_1_429' title='bbox 3026 3124 3161 3177; x_wconf 84' lang='lat' dir='ltr'><strong>nihil</strong></span> <span class='ocrx_word' id='word_1_430' title='bbox 3193 3137 3423 3193; x_wconf 88' lang='lat' dir='ltr'><strong>prorsus</strong></span> <span class='ocrx_word' id='word_1_431' title='bbox 3457 3130 3595 3174; x_wconf 87' lang='lat' dir='ltr'><strong>tem-</strong></span> 
     </span>
    </p>
   </div>
   <div class='ocr_carea' id='block_1_62' title="bbox 326 3206 2016 3299">
    <p class='ocr_par' dir='ltr' id='par_1_62' title="bbox 326 3206 1991 3299">
     <span class='ocr_line' id='line_1_62' title="bbox 326 3206 1991 3299; baseline 0.005 -44"><span class='ocrx_word' id='word_1_432' title='bbox 326 3220 431 3272; x_wconf 81' lang='grc' dir='ltr'><strong>νης</strong></span> <span class='ocrx_word' id='word_1_433' title='bbox 460 3206 601 3257; x_wconf 75' lang='grc' dir='ltr'>κατὰ</span> <span class='ocrx_word' id='word_1_434' title='bbox 634 3206 732 3276; x_wconf 83' lang='grc' dir='ltr'><strong>τὴν</strong></span> <span class='ocrx_word' id='word_1_435' title='bbox 766 3207 955 3277; x_wconf 74' lang='grc' dir='ltr'>Σύρων</span> <span class='ocrx_word' id='word_1_436' title='bbox 1008 3209 1193 3280; x_wconf 73' lang='grc' dir='ltr'>φωνὴν</span> <span class='ocrx_word' id='word_1_437' title='bbox 1244 3212 1497 3264; x_wconf 78' lang='grc' dir='ltr'>τοσοῦτον</span> <span class='ocrx_word' id='word_1_438' title='bbox 1527 3211 1787 3274; x_wconf 78' lang='grc' dir='ltr'><strong>ἐπέδωκε,</strong></span> <span class='ocrx_word' id='word_1_439' title='bbox 1824 3211 1916 3263; x_wconf 66' lang='grc' dir='ltr'>καὶ</span> <span class='ocrx_word' id='word_1_440' title='bbox 1942 3242 1991 3299; x_wconf 71' lang='lat' dir='ltr'><strong>C</strong></span> 
     </span>
    </p>
   </div>
   <div class='ocr_carea' id='block_1_63' title="bbox 1907 3206 3597 3299">
    <p class='ocr_par' dir='ltr' id='par_1_63' title="bbox 1907 3215 3597 3299">
     <span class='ocr_line' id='line_1_63' title="bbox 1907 3215 3597 3299; baseline -0.005 -23"><span class='ocrx_word' id='word_1_441' title='bbox 1907 3228 1991 3299; x_wconf 69' lang='grc' dir='ltr'><strong>ια</strong></span> <span class='ocrx_word' id='word_1_442' title='bbox 2018 3221 2243 3292; x_wconf 88' lang='lat' dir='ltr'><strong>poribus</strong></span> <span class='ocrx_word' id='word_1_443' title='bbox 2276 3220 2405 3285; x_wconf 89' lang='lat' dir='ltr'><strong>illis,</strong></span> <span class='ocrx_word' id='word_1_444' title='bbox 2439 3219 2506 3274; x_wconf 92' lang='lat' dir='ltr'><strong>de</strong></span> <span class='ocrx_word' id='word_1_445' title='bbox 2537 3219 2710 3272; x_wconf 88' lang='lat' dir='ltr'><strong>sacris</strong></span> <span class='ocrx_word' id='word_1_446' title='bbox 2746 3217 3108 3271; x_wconf 81' lang='lat' dir='ltr'><strong>Antiocbeme</strong></span> <span class='ocrx_word' id='word_1_447' title='bbox 3146 3215 3404 3268; x_wconf 75' lang='lat' dir='ltr'><strong>Ecclesia:</strong></span> <span class='ocrx_word' id='word_1_448' title='bbox 3444 3215 3597 3268; x_wconf 88' lang='lat' dir='ltr'><strong>curis</strong></span> 
     </span>
    </p>
   </div>
   <div class='ocr_carea' id='block_1_64' title="bbox 326 3298 1916 3374">
    <p class='ocr_par' dir='ltr' id='par_1_64' title="bbox 326 3298 1916 3374">
     <span class='ocr_line' id='line_1_64' title="bbox 326 3298 1916 3374; baseline 0.004 -25"><span class='ocrx_word' id='word_1_449' title='bbox 326 3298 513 3351; x_wconf 75' lang='grc' dir='ltr'>ταῦτα</span> <span class='ocrx_word' id='word_1_450' title='bbox 546 3302 686 3370; x_wconf 74' lang='grc' dir='ltr'>μήτε</span> <span class='ocrx_word' id='word_1_451' title='bbox 717 3301 1121 3372; x_wconf 81' lang='grc' dir='ltr'>προδιδαχθεὶς,</span> <span class='ocrx_word' id='word_1_452' title='bbox 1164 3305 1292 3374; x_wconf 83' lang='grc' dir='ltr'>μήτ’</span> <span class='ocrx_word' id='word_1_453' title='bbox 1342 3304 1404 3357; x_wconf 78' lang='grc' dir='ltr'>ἐκ</span> <span class='ocrx_word' id='word_1_454' title='bbox 1436 3322 1598 3356; x_wconf 86' lang='grc' dir='ltr'>τινων</span> <span class='ocrx_word' id='word_1_455' title='bbox 1628 3304 1916 3373; x_wconf 78' lang='grc' dir='ltr'>συμϐόλων</span> 
     </span>
    </p>
   </div>
   <div class='ocr_carea' id='block_1_65' title="bbox 327 3392 1919 3465">
    <p class='ocr_par' dir='ltr' id='par_1_65' title="bbox 327 3392 1919 3465">
     <span class='ocr_line' id='line_1_65' title="bbox 327 3392 1919 3465; baseline 0.006 -21"><span class='ocrx_word' id='word_1_456' title='bbox 327 3392 632 3462; x_wconf 77' lang='grc' dir='ltr'>ὑπόσχεσιν</span> <span class='ocrx_word' id='word_1_457' title='bbox 689 3393 812 3456; x_wconf 83' lang='grc' dir='ltr'>δοὺς</span> <span class='ocrx_word' id='word_1_458' title='bbox 868 3396 1114 3457; x_wconf 82' lang='grc' dir='ltr'>τοιοῦτος</span> <span class='ocrx_word' id='word_1_459' title='bbox 1169 3397 1497 3465; x_wconf 76' lang='grc' dir='ltr'>φανεῖσθαι,</span> <span class='ocrx_word' id='word_1_460' title='bbox 1550 3396 1627 3459; x_wconf 82' lang='grc' dir='ltr'>ὡς</span> <span class='ocrx_word' id='word_1_461' title='bbox 1687 3399 1753 3465; x_wconf 80' lang='grc' dir='ltr'><strong>τῇ</strong></span> <span class='ocrx_word' id='word_1_462' title='bbox 1818 3397 1919 3465; x_wconf 76' lang='grc' dir='ltr'>μὲν</span> 
     </span>
    </p>
   </div>
   <div class='ocr_carea' id='block_1_66' title="bbox 328 3478 1919 3557">
    <p class='ocr_par' dir='ltr' id='par_1_66' title="bbox 328 3478 1919 3557">
     <span class='ocr_line' id='line_1_66' title="bbox 328 3478 1919 3557; baseline 0.003 -23"><span class='ocrx_word' id='word_1_463' title='bbox 328 3487 572 3551; x_wconf 77' lang='grc' dir='ltr'>ἀσκήσει</span> <span class='ocrx_word' id='word_1_464' title='bbox 601 3487 656 3545; x_wconf 82' lang='grc' dir='ltr'>ἐς</span> <span class='ocrx_word' id='word_1_465' title='bbox 688 3486 858 3555; x_wconf 85' lang='grc' dir='ltr'>ἄκρον</span> <span class='ocrx_word' id='word_1_466' title='bbox 897 3478 1113 3539; x_wconf 69' lang='grc' dir='ltr'>ἱκέσθαι</span> <span class='ocrx_word' id='word_1_467' title='bbox 1141 3488 1241 3556; x_wconf 82' lang='grc' dir='ltr'>τῆς</span> <span class='ocrx_word' id='word_1_468' title='bbox 1276 3487 1533 3554; x_wconf 77' lang='grc' dir='ltr'>θεωρίας,</span> <span class='ocrx_word' id='word_1_469' title='bbox 1575 3489 1650 3557; x_wconf 78' lang='grc' dir='ltr'>τῷ</span> <span class='ocrx_word' id='word_1_470' title='bbox 1680 3488 1736 3540; x_wconf 75' lang='grc' dir='ltr'><strong>δὲ</strong></span> <span class='ocrx_word' id='word_1_471' title='bbox 1781 3488 1919 3556; x_wconf 55' lang='grc' dir='ltr'>λαμ.</span> 
     </span>
    </p>
   </div>
   <div class='ocr_carea' id='block_1_67' title="bbox 328 3576 1922 3654">
    <p class='ocr_par' dir='ltr' id='par_1_67' title="bbox 328 3576 1922 3654">
     <span class='ocr_line' id='line_1_67' title="bbox 328 3576 1922 3654; baseline 0.004 -28"><span class='ocrx_word' id='word_1_472' title='bbox 328 3576 463 3646; x_wconf 78' lang='grc' dir='ltr'>οπρῴ</span> <span class='ocrx_word' id='word_1_473' title='bbox 498 3578 593 3627; x_wconf 82' lang='grc' dir='ltr'><strong>καὶ</strong></span> <span class='ocrx_word' id='word_1_474' title='bbox 642 3578 924 3654; x_wconf 77' lang='grc' dir='ltr'>προχείρῳ</span> <span class='ocrx_word' id='word_1_475' title='bbox 957 3581 1053 3633; x_wconf 79' lang='grc' dir='ltr'>καὶ</span> <span class='ocrx_word' id='word_1_476' title='bbox 1098 3581 1219 3650; x_wconf 76' lang='grc' dir='ltr'>ἡδεῖ</span> <span class='ocrx_word' id='word_1_477' title='bbox 1264 3582 1359 3634; x_wconf 79' lang='grc' dir='ltr'>τοῦ</span> <span class='ocrx_word' id='word_1_478' title='bbox 1393 3582 1551 3648; x_wconf 74' lang='grc' dir='ltr'>λόγον</span> <span class='ocrx_word' id='word_1_479' title='bbox 1586 3584 1680 3633; x_wconf 73' lang='grc' dir='ltr'>καὶ</span> <span class='ocrx_word' id='word_1_480' title='bbox 1707 3582 1784 3650; x_wconf 85' lang='grc' dir='ltr'>τῷ</span> <span class='ocrx_word' id='word_1_481' title='bbox 1814 3581 1922 3633; x_wconf 84' lang='grc' dir='ltr'><strong>τῶν</strong></span> 
     </span>
    </p>
   </div>
   <div class='ocr_carea' id='block_1_68' title="bbox 330 3670 1922 3744">
    <p class='ocr_par' dir='ltr' id='par_1_68' title="bbox 330 3670 1922 3744">
     <span class='ocr_line' id='line_1_68' title="bbox 330 3670 1922 3744; baseline 0.005 -23"><span class='ocrx_word' id='word_1_482' title='bbox 330 3670 632 3737; x_wconf 69' lang='grc' dir='ltr'>νοημάτων</span> <span class='ocrx_word' id='word_1_483' title='bbox 678 3672 868 3740; x_wconf 74' lang='grc' dir='ltr'>πυκνῷ</span> <span class='ocrx_word' id='word_1_484' title='bbox 914 3689 974 3725; x_wconf 89' lang='grc' dir='ltr'><strong>τε</strong></span> <span class='ocrx_word' id='word_1_485' title='bbox 1012 3674 1103 3725; x_wconf 78' lang='grc' dir='ltr'>καὶ</span> <span class='ocrx_word' id='word_1_486' title='bbox 1158 3673 1393 3744; x_wconf 70' lang='grc' dir='ltr'>σώφρονι</span> <span class='ocrx_word' id='word_1_487' title='bbox 1438 3676 1531 3728; x_wconf 70' lang='grc' dir='ltr'><strong>καὶ</strong></span> <span class='ocrx_word' id='word_1_488' title='bbox 1572 3675 1701 3739; x_wconf 72' lang='grc' dir='ltr'>τοὺς</span> <span class='ocrx_word' id='word_1_489' title='bbox 1754 3675 1922 3729; x_wconf 78' lang='grc' dir='ltr'>πάλαι</span> 
     </span>
    </p>
   </div>
   <div class='ocr_carea' id='block_1_69' title="bbox 332 3761 1920 3837">
    <p class='ocr_par' dir='ltr' id='par_1_69' title="bbox 332 3761 1920 3837">
     <span class='ocr_line' id='line_1_69' title="bbox 332 3761 1920 3837; baseline 0.006 -22"><span class='ocrx_word' id='word_1_490' title='bbox 332 3764 471 3816; x_wconf 81' lang='grc' dir='ltr'>ποτὲ</span> <span class='ocrx_word' id='word_1_491' title='bbox 520 3766 653 3830; x_wconf 87' lang='grc' dir='ltr'>παρ’</span> <span class='ocrx_word' id='word_1_492' title='bbox 692 3761 954 3836; x_wconf 80' lang='grc' dir='ltr'>Ἕλλησιν</span> <span class='ocrx_word' id='word_1_493' title='bbox 1007 3766 1443 3837; x_wconf 84' lang='grc' dir='ltr'>εὑδοκιμηκότας</span> <span class='ocrx_word' id='word_1_494' title='bbox 1496 3768 1920 3836; x_wconf 80' lang='grc' dir='ltr'>ὑπερϐαλέσθαι.</span> 
     </span>
    </p>
   </div>
   <div class='ocr_carea' id='block_1_70' title="bbox 336 3859 1923 3933">
    <p class='ocr_par' dir='ltr' id='par_1_70' title="bbox 336 3859 1923 3933">
     <span class='ocr_line' id='line_1_70' title="bbox 336 3859 1923 3933; baseline 0.004 -24"><span class='ocrx_word' id='word_1_495' title='bbox 336 3859 452 3910; x_wconf 77' lang='grc' dir='ltr'><strong>Καὶ</strong></span> <span class='ocrx_word' id='word_1_496' title='bbox 508 3859 619 3928; x_wconf 77' lang='grc' dir='ltr'>γάρ</span> <span class='ocrx_word' id='word_1_497' title='bbox 671 3876 787 3921; x_wconf 87' lang='grc' dir='ltr'><strong>πως</strong></span> <span class='ocrx_word' id='word_1_498' title='bbox 830 3860 1061 3913; x_wconf 83' lang='grc' dir='ltr'>ἐκείνων</span> <span class='ocrx_word' id='word_1_499' title='bbox 1107 3861 1161 3912; x_wconf 78' lang='grc' dir='ltr'>εἴ</span> <span class='ocrx_word' id='word_1_500' title='bbox 1203 3879 1287 3925; x_wconf 89' lang='grc' dir='ltr'><strong>τις</strong></span> <span class='ocrx_word' id='word_1_501' title='bbox 1330 3862 1411 3924; x_wconf 87' lang='grc' dir='ltr'><strong>είς</strong></span> <span class='ocrx_word' id='word_1_502' title='bbox 1460 3862 1647 3932; x_wconf 79' lang='grc' dir='ltr'>Σύρων</span> <span class='ocrx_word' id='word_1_503' title='bbox 1694 3863 1923 3933; x_wconf 70' lang='grc' dir='ltr'>τυχδνῆ</span> 
     </span>
    </p>
   </div>
   <div class='ocr_carea' id='block_1_71' title="bbox 332 3950 1925 4024">
    <p class='ocr_par' dir='ltr' id='par_1_71' title="bbox 332 3950 1925 4024">
     <span class='ocr_line' id='line_1_71' title="bbox 332 3950 1925 4024; baseline 0.004 -24"><span class='ocrx_word' id='word_1_504' title='bbox 332 3950 598 4017; x_wconf 77' lang='grc' dir='ltr'>γλῶσσαν</span> <span class='ocrx_word' id='word_1_505' title='bbox 640 3953 835 4021; x_wconf 79' lang='grc' dir='ltr'>ἑτέραν</span> <span class='ocrx_word' id='word_1_506' title='bbox 879 3952 1240 4020; x_wconf 72' lang='grc' dir='ltr'>μεταϐάλλειν</span> <span class='ocrx_word' id='word_1_507' title='bbox 1270 3956 1478 4024; x_wconf 83' lang='grc' dir='ltr'>αίροῖτο</span> <span class='ocrx_word' id='word_1_508' title='bbox 1531 3956 1630 4017; x_wconf 66' lang='grc' dir='ltr'>τὰς</span> <span class='ocrx_word' id='word_1_509' title='bbox 1677 3972 1925 4024; x_wconf 72' lang='grc' dir='ltr'>συγγρα-</span> 
     </span>
    </p>
   </div>
   <div class='ocr_carea' id='block_1_72' title="bbox 336 4043 1924 4117">
    <p class='ocr_par' dir='ltr' id='par_1_72' title="bbox 336 4043 1924 4117">
     <span class='ocr_line' id='line_1_72' title="bbox 336 4043 1924 4117; baseline 0.003 -22"><span class='ocrx_word' id='word_1_510' title='bbox 336 4045 477 4111; x_wconf 61' lang='grc' dir='ltr'>φὰς,</span> <span class='ocrx_word' id='word_1_511' title='bbox 528 4044 623 4096; x_wconf 76' lang='grc' dir='ltr'>καὶ</span> <span class='ocrx_word' id='word_1_512' title='bbox 683 4045 781 4115; x_wconf 76' lang='grc' dir='ltr'>τὴν</span> <span class='ocrx_word' id='word_1_513' title='bbox 838 4043 1185 4099; x_wconf 80' lang='grc' dir='ltr'>ἐπανθοῦσαν</span> <span class='ocrx_word' id='word_1_514' title='bbox 1230 4047 1393 4116; x_wconf 78' lang='grc' dir='ltr'>χάριν</span> <span class='ocrx_word' id='word_1_515' title='bbox 1437 4047 1544 4099; x_wconf 85' lang='grc' dir='ltr'>τῶν</span> <span class='ocrx_word' id='word_1_516' title='bbox 1594 4046 1924 4117; x_wconf 80' lang='grc' dir='ltr'>Ἑλληνικῶν</span> 
     </span>
    </p>
   </div>
   <div class='ocr_carea' id='block_1_73' title="bbox 338 4136 1925 4208">
    <p class='ocr_par' dir='ltr' id='par_1_73' title="bbox 338 4136 1925 4208">
     <span class='ocr_line' id='line_1_73' title="bbox 338 4136 1925 4208; baseline 0.003 -23"><span class='ocrx_word' id='word_1_517' title='bbox 338 4136 789 4204; x_wconf 80' lang='grc' dir='ltr'>καρυκευμάτων</span> <span class='ocrx_word' id='word_1_518' title='bbox 843 4136 1140 4203; x_wconf 71' lang='grc' dir='ltr'>ἀφέλοιτο,</span> <span class='ocrx_word' id='word_1_519' title='bbox 1200 4138 1296 4191; x_wconf 78' lang='grc' dir='ltr'>καὶ</span> <span class='ocrx_word' id='word_1_520' title='bbox 1352 4138 1449 4207; x_wconf 70' lang='grc' dir='ltr'>τὴν</span> <span class='ocrx_word' id='word_1_521' title='bbox 1503 4137 1925 4208; x_wconf 76' lang='grc' dir='ltr'>ἐπιχρώζουσαν</span> 
     </span>
    </p>
   </div>
   <div class='ocr_carea' id='block_1_74' title="bbox 336 4218 1951 4299">
    <p class='ocr_par' dir='ltr' id='par_1_74' title="bbox 336 4218 1951 4299">
     <span class='ocr_line' id='line_1_74' title="bbox 336 4218 1951 4299; baseline 0.001 -20"><span class='ocrx_word' id='word_1_522' title='bbox 336 4227 643 4296; x_wconf 79' lang='grc' dir='ltr'>τερθρείαν</span> <span class='ocrx_word' id='word_1_523' title='bbox 690 4231 783 4282; x_wconf 73' lang='grc' dir='ltr'>καὶ</span> <span class='ocrx_word' id='word_1_524' title='bbox 835 4229 1096 4298; x_wconf 81' lang='grc' dir='ltr'>γοητείαν</span> <span class='ocrx_word' id='word_1_525' title='bbox 1141 4229 1251 4281; x_wconf 85' lang='grc' dir='ltr'><strong>τῶν</strong></span> <span class='ocrx_word' id='word_1_526' title='bbox 1292 4228 1514 4294; x_wconf 75' lang='grc' dir='ltr'>λέξεων,</span> <span class='ocrx_word' id='word_1_527' title='bbox 1545 4230 1746 4282; x_wconf 83' lang='grc' dir='ltr'>αὐτίκα</span> <span class='ocrx_word' id='word_1_528' title='bbox 1794 4218 1951 4299; x_wconf 36' lang='lat'><strong>1:96--</strong></span> 
     </span>
    </p>
   </div>
   <div class='ocr_carea' id='block_1_75' title="bbox 336 4320 1930 4391">
    <p class='ocr_par' dir='ltr' id='par_1_75' title="bbox 336 4320 1930 4391">
     <span class='ocr_line' id='line_1_75' title="bbox 336 4320 1930 4391; baseline -0.001 -17"><span class='ocrx_word' id='word_1_529' title='bbox 336 4320 505 4389; x_wconf 69' lang='grc' dir='ltr'>δηλον</span> <span class='ocrx_word' id='word_1_530' title='bbox 533 4321 592 4372; x_wconf 85' lang='grc' dir='ltr'>τὸ</span> <span class='ocrx_word' id='word_1_531' title='bbox 623 4322 732 4373; x_wconf 85' lang='grc' dir='ltr'>τῶν</span> <span class='ocrx_word' id='word_1_532' title='bbox 766 4322 1055 4390; x_wconf 77' lang='grc' dir='ltr'>νοημάτων</span> <span class='ocrx_word' id='word_1_533' title='bbox 1092 4320 1193 4373; x_wconf 79' lang='grc' dir='ltr'><strong>οὑκ</strong></span> <span class='ocrx_word' id='word_1_534' title='bbox 1245 4322 1489 4389; x_wconf 77' lang='grc' dir='ltr'>εὐγενὲς,</span> <span class='ocrx_word' id='word_1_535' title='bbox 1520 4322 1617 4391; x_wconf 80' lang='grc' dir='ltr'>τῆς</span> <span class='ocrx_word' id='word_1_536' title='bbox 1649 4338 1930 4390; x_wconf 87' lang='grc' dir='ltr'>κομμωτι-</span> 
     </span>
    </p>
   </div>
   <div class='ocr_carea' id='block_1_76' title="bbox 340 4414 1929 4486">
    <p class='ocr_par' dir='ltr' id='par_1_76' title="bbox 340 4414 1929 4486">
     <span class='ocr_line' id='line_1_76' title="bbox 340 4414 1929 4486; baseline -0.003 -19"><span class='ocrx_word' id='word_1_537' title='bbox 340 4415 452 4482; x_wconf 76' lang='grc' dir='ltr'>κῆς</span> <span class='ocrx_word' id='word_1_538' title='bbox 486 4414 648 4476; x_wconf 73' lang='grc' dir='ltr'>εὐθὺς</span> <span class='ocrx_word' id='word_1_539' title='bbox 678 4415 902 4484; x_wconf 78' lang='grc' dir='ltr'>χάριτος</span> <span class='ocrx_word' id='word_1_540' title='bbox 932 4416 1337 4486; x_wconf 71' lang='grc' dir='ltr'>ἀπορρεούσης.</span> <span class='ocrx_word' id='word_1_541' title='bbox 1364 4416 1489 4477; x_wconf 85' lang='grc' dir='ltr'>Τοῖς</span> <span class='ocrx_word' id='word_1_542' title='bbox 1513 4431 1575 4481; x_wconf 87' lang='grc' dir='ltr'>γε</span> <span class='ocrx_word' id='word_1_543' title='bbox 1609 4415 1717 4484; x_wconf 81' lang='grc' dir='ltr'><strong>μὴν</strong></span> <span class='ocrx_word' id='word_1_544' title='bbox 1748 4414 1929 4479; x_wconf 80' lang='grc' dir='ltr'>λόγοις</span> 
     </span>
    </p>
   </div>
   <div class='ocr_carea' id='block_1_77' title="bbox 352 4506 1932 4577">
    <p class='ocr_par' dir='ltr' id='par_1_77' title="bbox 352 4506 1932 4577">
     <span class='ocr_line' id='line_1_77' title="bbox 352 4506 1932 4577; baseline 0.001 -19"><span class='ocrx_word' id='word_1_545' title='bbox 352 4507 611 4577; x_wconf 60' lang='grc' dir='ltr'>Ἐφραὶμ</span> <span class='ocrx_word' id='word_1_546' title='bbox 663 4508 836 4568; x_wconf 78' lang='grc' dir='ltr'>ἄλλως</span> <span class='ocrx_word' id='word_1_547' title='bbox 901 4508 1045 4576; x_wconf 79' lang='grc' dir='ltr'>ἔχει’</span> <span class='ocrx_word' id='word_1_548' title='bbox 1078 4509 1169 4560; x_wconf 72' lang='grc' dir='ltr'>καὶ</span> <span class='ocrx_word' id='word_1_549' title='bbox 1215 4507 1323 4576; x_wconf 75' lang='grc' dir='ltr'><strong>γὰρ</strong></span> <span class='ocrx_word' id='word_1_550' title='bbox 1374 4507 1478 4568; x_wconf 75' lang='grc' dir='ltr'>ἕως</span> <span class='ocrx_word' id='word_1_551' title='bbox 1518 4506 1577 4558; x_wconf 77' lang='grc' dir='ltr'>οὗ</span> <span class='ocrx_word' id='word_1_552' title='bbox 1613 4510 1808 4575; x_wconf 77' lang='grc' dir='ltr'>περιῆν</span> <span class='ocrx_word' id='word_1_553' title='bbox 1841 4506 1932 4559; x_wconf 73' lang='grc' dir='ltr'><strong>καὶ</strong></span> 
     </span>
    </p>
   </div>
   <div class='ocr_carea' id='block_1_78' title="bbox 2021 3306 3592 3383">
    <p class='ocr_par' dir='ltr' id='par_1_78' title="bbox 2021 3306 3592 3383">
     <span class='ocr_line' id='line_1_78' title="bbox 2021 3306 3592 3383; baseline -0.006 -15"><span class='ocrx_word' id='word_1_554' title='bbox 2021 3330 2083 3368; x_wconf 84' lang='lat' dir='ltr'><strong>ac</strong></span> <span class='ocrx_word' id='word_1_555' title='bbox 2108 3316 2287 3383; x_wconf 86' lang='lat' dir='ltr'><strong>potius</strong></span> <span class='ocrx_word' id='word_1_556' title='bbox 2312 3314 2380 3367; x_wconf 90' lang='lat' dir='ltr'><strong>de</strong></span> <span class='ocrx_word' id='word_1_557' title='bbox 2409 3322 2517 3367; x_wconf 83' lang='lat' dir='ltr'><strong>tota</strong></span> <span class='ocrx_word' id='word_1_558' title='bbox 2542 3311 2843 3366; x_wconf 90' lang='lat' dir='ltr'><strong>sinceriore</strong></span> <span class='ocrx_word' id='word_1_559' title='bbox 2870 3310 3071 3380; x_wconf 85' lang='lat' dir='ltr'><strong>pietate</strong></span> <span class='ocrx_word' id='word_1_560' title='bbox 3095 3306 3276 3361; x_wconf 85' lang='lat' dir='ltr'><strong>vitiari</strong></span> <span class='ocrx_word' id='word_1_561' title='bbox 3306 3308 3592 3362; x_wconf 85' lang='lat' dir='ltr'><strong>sustinuit.</strong></span> 
     </span>
    </p>
   </div>
   <div class='ocr_carea' id='block_1_79' title="bbox 2023 3399 3587 3472">
    <p class='ocr_par' dir='ltr' id='par_1_79' title="bbox 2023 3399 3587 3472">
     <span class='ocr_line' id='line_1_79' title="bbox 2023 3399 3587 3472; baseline -0.006 -12"><span class='ocrx_word' id='word_1_562' title='bbox 2023 3406 2225 3460; x_wconf 82' lang='lat' dir='ltr'><strong>Eadem</strong></span> <span class='ocrx_word' id='word_1_563' title='bbox 2259 3406 2360 3459; x_wconf 91' lang='lat' dir='ltr'><strong>bac</strong></span> <span class='ocrx_word' id='word_1_564' title='bbox 2389 3413 2547 3459; x_wconf 54' lang='lat' dir='ltr'><strong>aetate</strong></span> <span class='ocrx_word' id='word_1_565' title='bbox 2572 3413 2625 3457; x_wconf 91' lang='lat' dir='ltr'><strong>et</strong></span> <span class='ocrx_word' id='word_1_566' title='bbox 2654 3403 2908 3472; x_wconf 85' lang='lat' dir='ltr'><strong>prraim</strong></span> <span class='ocrx_word' id='word_1_567' title='bbox 2937 3400 3108 3472; x_wconf 87' lang='lat' dir='ltr'><strong>Syrus</strong></span> <span class='ocrx_word' id='word_1_568' title='bbox 3136 3401 3432 3471; x_wconf 64' lang='lat' dir='ltr'><strong>praeclarus</strong></span> <span class='ocrx_word' id='word_1_569' title='bbox 3464 3399 3587 3460; x_wconf 86' lang='lat' dir='ltr'><strong>luit,</strong></span> 
     </span>
    </p>
   </div>
   <div class='ocr_carea' id='block_1_80' title="bbox 2023 3490 3601 3566">
    <p class='ocr_par' dir='ltr' id='par_1_80' title="bbox 2023 3490 3601 3566">
     <span class='ocr_line' id='line_1_80' title="bbox 2023 3490 3601 3566; baseline -0.006 -14"><span class='ocrx_word' id='word_1_570' title='bbox 2023 3498 2116 3566; x_wconf 88' lang='lat' dir='ltr'><strong>qui</strong></span> <span class='ocrx_word' id='word_1_571' title='bbox 2149 3497 2369 3565; x_wconf 87' lang='lat' dir='ltr'><strong>quidem</strong></span> <span class='ocrx_word' id='word_1_572' title='bbox 2404 3495 2565 3563; x_wconf 82' lang='lat' dir='ltr'><strong>longo</strong></span> <span class='ocrx_word' id='word_1_573' title='bbox 2598 3494 2891 3547; x_wconf 86' lang='lat' dir='ltr'><strong>intervallo</strong></span> <span class='ocrx_word' id='word_1_574' title='bbox 2934 3508 3129 3547; x_wconf 86' lang='lat' dir='ltr'><strong>omnes</strong></span> <span class='ocrx_word' id='word_1_575' title='bbox 3167 3490 3467 3560; x_wconf 65' lang='lat' dir='ltr'><strong>praecessit.</strong></span> <span class='ocrx_word' id='word_1_576' title='bbox 3503 3490 3601 3543; x_wconf 82' lang='lat' dir='ltr'><strong>“lc</strong></span> 
     </span>
    </p>
   </div>
   <div class='ocr_carea' id='block_1_81' title="bbox 2022 3582 3600 3656">
    <p class='ocr_par' dir='ltr' id='par_1_81' title="bbox 2022 3582 3600 3656">
     <span class='ocr_line' id='line_1_81' title="bbox 2022 3582 3600 3656; baseline -0.006 -13"><span class='ocrx_word' id='word_1_577' title='bbox 2022 3587 2252 3643; x_wconf 86' lang='lat' dir='ltr'><strong>Nisibim</strong></span> <span class='ocrx_word' id='word_1_578' title='bbox 2284 3586 2517 3656; x_wconf 83' lang='lat' dir='ltr'><strong>patriam</strong></span> <span class='ocrx_word' id='word_1_579' title='bbox 2550 3584 2762 3648; x_wconf 88' lang='lat' dir='ltr'><strong>habuit,</strong></span> <span class='ocrx_word' id='word_1_580' title='bbox 2796 3593 2853 3638; x_wconf 86' lang='lat' dir='ltr'><strong>et</strong></span> <span class='ocrx_word' id='word_1_581' title='bbox 2887 3584 2941 3637; x_wconf 91' lang='lat' dir='ltr'><strong>in</strong></span> <span class='ocrx_word' id='word_1_582' title='bbox 2977 3582 3378 3637; x_wconf 79' lang='lat' dir='ltr'><strong>monachorum</strong></span> <span class='ocrx_word' id='word_1_583' title='bbox 3415 3582 3600 3651; x_wconf 86' lang='lat' dir='ltr'><strong>philo-</strong></span> 
     </span>
    </p>
   </div>
   <div class='ocr_carea' id='block_1_82' title="bbox 2024 3675 3603 3750">
    <p class='ocr_par' dir='ltr' id='par_1_82' title="bbox 2024 3675 3603 3750">
     <span class='ocr_line' id='line_1_82' title="bbox 2024 3675 3603 3750; baseline -0.006 -15"><span class='ocrx_word' id='word_1_584' title='bbox 2024 3680 2216 3750; x_wconf 84' lang='lat' dir='ltr'><strong>sOpbia</strong></span> <span class='ocrx_word' id='word_1_585' title='bbox 2264 3679 2615 3743; x_wconf 78' lang='lat' dir='ltr'><strong>exercitatus,</strong></span> <span class='ocrx_word' id='word_1_586' title='bbox 2650 3677 2799 3731; x_wconf 82' lang='lat' dir='ltr'><strong>brevi</strong></span> <span class='ocrx_word' id='word_1_587' title='bbox 2852 3686 3062 3730; x_wconf 90' lang='lat' dir='ltr'><strong>tantum</strong></span> <span class='ocrx_word' id='word_1_588' title='bbox 3109 3676 3164 3730; x_wconf 90' lang='lat' dir='ltr'><strong>in</strong></span> <span class='ocrx_word' id='word_1_589' title='bbox 3199 3676 3383 3745; x_wconf 84' lang='lat' dir='ltr'><strong>lingua</strong></span> <span class='ocrx_word' id='word_1_590' title='bbox 3433 3675 3603 3745; x_wconf 81' lang='lat' dir='ltr'><strong>Syro-</strong></span> 
     </span>
    </p>
   </div>
   <div class='ocr_carea' id='block_1_83' title="bbox 2024 3769 3604 3842">
    <p class='ocr_par' dir='ltr' id='par_1_83' title="bbox 2024 3769 3604 3842">
     <span class='ocr_line' id='line_1_83' title="bbox 2024 3769 3604 3842; baseline -0.004 -13"><span class='ocrx_word' id='word_1_591' title='bbox 2024 3790 2169 3837; x_wconf 87' lang='lat' dir='ltr'><strong>rum,</strong></span> <span class='ocrx_word' id='word_1_592' title='bbox 2195 3789 2318 3827; x_wconf 90' lang='lat' dir='ltr'><strong>cum</strong></span> <span class='ocrx_word' id='word_1_593' title='bbox 2350 3771 2572 3842; x_wconf 89' lang='lat' dir='ltr'><strong>quidem</strong></span> <span class='ocrx_word' id='word_1_594' title='bbox 2605 3787 2724 3824; x_wconf 89' lang='lat' dir='ltr'><strong>eam</strong></span> <span class='ocrx_word' id='word_1_595' title='bbox 2757 3772 2911 3839; x_wconf 89' lang='lat' dir='ltr'><strong>prius</strong></span> <span class='ocrx_word' id='word_1_596' title='bbox 2940 3776 3006 3823; x_wconf 86' lang='lat' dir='ltr'><strong>ab</strong></span> <span class='ocrx_word' id='word_1_597' title='bbox 3031 3771 3155 3824; x_wconf 87' lang='lat' dir='ltr'><strong>aliis</strong></span> <span class='ocrx_word' id='word_1_598' title='bbox 3183 3786 3292 3823; x_wconf 89' lang='lat' dir='ltr'><strong>non</strong></span> <span class='ocrx_word' id='word_1_599' title='bbox 3320 3769 3604 3823; x_wconf 78' lang='lat' dir='ltr'><strong>didicisset</strong></span> 
     </span>
    </p>
   </div>
   <div class='ocr_carea' id='block_1_84' title="bbox 2028 3860 3598 3935">
    <p class='ocr_par' dir='ltr' id='par_1_84' title="bbox 2028 3860 3598 3935">
     <span class='ocr_line' id='line_1_84' title="bbox 2028 3860 3598 3935; baseline -0.005 -14"><span class='ocrx_word' id='word_1_600' title='bbox 2028 3880 2205 3935; x_wconf 88' lang='lat' dir='ltr'><strong>neque</strong></span> <span class='ocrx_word' id='word_1_601' title='bbox 2263 3864 2537 3932; x_wconf 76' lang='lat' dir='ltr'><strong>Specimen</strong></span> <span class='ocrx_word' id='word_1_602' title='bbox 2590 3863 2813 3931; x_wconf 84' lang='lat' dir='ltr'><strong>aliquod</strong></span> <span class='ocrx_word' id='word_1_603' title='bbox 2863 3870 2959 3915; x_wconf 90' lang='lat' dir='ltr'><strong>aut</strong></span> <span class='ocrx_word' id='word_1_604' title='bbox 3005 3876 3195 3928; x_wconf 89' lang='lat' dir='ltr'><strong>spem,</strong></span> <span class='ocrx_word' id='word_1_605' title='bbox 3253 3860 3414 3913; x_wconf 87' lang='lat' dir='ltr'><strong>talem</strong></span> <span class='ocrx_word' id='word_1_606' title='bbox 3471 3876 3598 3913; x_wconf 91' lang='lat' dir='ltr'><strong>eum</strong></span> 
     </span>
    </p>
   </div>
   <div class='ocr_carea' id='block_1_85' title="bbox 2029 3953 3606 4027">
    <p class='ocr_par' dir='ltr' id='par_1_85' title="bbox 2029 3953 3606 4027">
     <span class='ocr_line' id='line_1_85' title="bbox 2029 3953 3606 4027; baseline -0.005 -13"><span class='ocrx_word' id='word_1_607' title='bbox 2029 3959 2166 4019; x_wconf 87' lang='lat' dir='ltr'><strong>fore,</strong></span> <span class='ocrx_word' id='word_1_608' title='bbox 2201 3955 2545 4027; x_wconf 61' lang='lat' dir='ltr'><strong>praebuisset,</strong></span> <span class='ocrx_word' id='word_1_609' title='bbox 2593 3954 2852 4025; x_wconf 86' lang='lat' dir='ltr'><strong>profecit,</strong></span> <span class='ocrx_word' id='word_1_610' title='bbox 2897 3962 2956 4007; x_wconf 93' lang='lat' dir='ltr'><strong>ut</strong></span> <span class='ocrx_word' id='word_1_611' title='bbox 3000 3968 3125 4007; x_wconf 89' lang='lat' dir='ltr'><strong>cum</strong></span> <span class='ocrx_word' id='word_1_612' title='bbox 3179 3953 3399 4021; x_wconf 86' lang='lat' dir='ltr'><strong>pietatis</strong></span> <span class='ocrx_word' id='word_1_613' title='bbox 3448 3969 3606 4007; x_wconf 80' lang='lat' dir='ltr'><strong>exer—</strong></span> 
     </span>
    </p>
   </div>
   <div class='ocr_carea' id='block_1_86' title="bbox 2030 4045 3602 4115">
    <p class='ocr_par' dir='ltr' id='par_1_86' title="bbox 2030 4045 3602 4115">
     <span class='ocr_line' id='line_1_86' title="bbox 2030 4045 3602 4115; baseline -0.006 -8"><span class='ocrx_word' id='word_1_614' title='bbox 2030 4052 2159 4107; x_wconf 86' lang='lat' dir='ltr'><strong>citio</strong></span> <span class='ocrx_word' id='word_1_615' title='bbox 2192 4050 2257 4104; x_wconf 85' lang='lat' dir='ltr'><strong>ad</strong></span> <span class='ocrx_word' id='word_1_616' title='bbox 2286 4064 2560 4103; x_wconf 89' lang='lat' dir='ltr'><strong>summum</strong></span> <span class='ocrx_word' id='word_1_617' title='bbox 2597 4045 3090 4115; x_wconf 88' lang='lat' dir='ltr'><strong>contemplationis</strong></span> <span class='ocrx_word' id='word_1_618' title='bbox 3121 4047 3453 4115; x_wconf 82' lang='lat' dir='ltr'><strong>pervenerit,</strong></span> <span class='ocrx_word' id='word_1_619' title='bbox 3489 4057 3602 4099; x_wconf 90' lang='lat' dir='ltr'><strong>tum</strong></span> 
     </span>
    </p>
   </div>
   <div class='ocr_carea' id='block_1_87' title="bbox 2032 4139 3605 4212">
    <p class='ocr_par' dir='ltr' id='par_1_87' title="bbox 2032 4139 3605 4212">
     <span class='ocr_line' id='line_1_87' title="bbox 2032 4139 3605 4212; baseline -0.004 -14"><span class='ocrx_word' id='word_1_620' title='bbox 2032 4144 2343 4212; x_wconf 88' lang='lat' dir='ltr'><strong>splendore,</strong></span> <span class='ocrx_word' id='word_1_621' title='bbox 2369 4141 2627 4195; x_wconf 85' lang='lat' dir='ltr'><strong>facilitate</strong></span> <span class='ocrx_word' id='word_1_622' title='bbox 2656 4149 2711 4192; x_wconf 89' lang='lat' dir='ltr'><strong>et</strong></span> <span class='ocrx_word' id='word_1_623' title='bbox 2736 4140 3010 4193; x_wconf 85' lang='lat' dir='ltr'><strong>suavitate</strong></span> <span class='ocrx_word' id='word_1_624' title='bbox 3043 4139 3362 4204; x_wconf 82' lang='lat' dir='ltr'><strong>verborum,</strong></span> <span class='ocrx_word' id='word_1_625' title='bbox 3391 4152 3605 4191; x_wconf 90' lang='lat' dir='ltr'><strong>necnon</strong></span> 
     </span>
    </p>
   </div>
   <div class='ocr_carea' id='block_1_88' title="bbox 2032 4230 3608 4302">
    <p class='ocr_par' dir='ltr' id='par_1_88' title="bbox 2032 4230 3608 4302">
     <span class='ocr_line' id='line_1_88' title="bbox 2032 4230 3608 4302; baseline -0.006 -11"><span class='ocrx_word' id='word_1_626' title='bbox 2032 4236 2305 4291; x_wconf 70' lang='lat' dir='ltr'><strong>densitate</strong></span> <span class='ocrx_word' id='word_1_627' title='bbox 2334 4242 2390 4287; x_wconf 86' lang='lat' dir='ltr'><strong>ct</strong></span> <span class='ocrx_word' id='word_1_628' title='bbox 2421 4234 2692 4302; x_wconf 81' lang='lat' dir='ltr'><strong>gravitate</strong></span> <span class='ocrx_word' id='word_1_629' title='bbox 2725 4230 3151 4294; x_wconf 80' lang='lat' dir='ltr'><strong>sententiarum,</strong></span> <span class='ocrx_word' id='word_1_630' title='bbox 3191 4231 3353 4284; x_wconf 87' lang='lat' dir='ltr'><strong>etiam</strong></span> <span class='ocrx_word' id='word_1_631' title='bbox 3387 4231 3608 4297; x_wconf 66' lang='lat' dir='ltr'><strong>pratcla-</strong></span> 
     </span>
    </p>
   </div>
   <div class='ocr_carea' id='block_1_89' title="bbox 2032 4321 3608 4395">
    <p class='ocr_par' dir='ltr' id='par_1_89' title="bbox 2032 4321 3608 4395">
     <span class='ocr_line' id='line_1_89' title="bbox 2032 4321 3608 4395; baseline -0.006 -13"><span class='ocrx_word' id='word_1_632' title='bbox 2032 4329 2275 4383; x_wconf 86' lang='lat' dir='ltr'><strong>rissimos</strong></span> <span class='ocrx_word' id='word_1_633' title='bbox 2312 4340 2561 4395; x_wconf 87' lang='lat' dir='ltr'><strong>quosque</strong></span> <span class='ocrx_word' id='word_1_634' title='bbox 2591 4323 2930 4387; x_wconf 60' lang='lat' dir='ltr'><strong>Grecorum,</strong></span> <span class='ocrx_word' id='word_1_635' title='bbox 2962 4322 3056 4390; x_wconf 85' lang='lat' dir='ltr'><strong>qui</strong></span> <span class='ocrx_word' id='word_1_636' title='bbox 3102 4322 3418 4390; x_wconf 79' lang='lat' dir='ltr'><strong>eloquentia</strong></span> <span class='ocrx_word' id='word_1_637' title='bbox 3455 4321 3608 4373; x_wconf 84' lang='lat' dir='ltr'><strong>anti-</strong></span> 
     </span>
    </p>
   </div>
   <div class='ocr_carea' id='block_1_90' title="bbox 2032 4413 3607 4491">
    <p class='ocr_par' dir='ltr' id='par_1_90' title="bbox 2032 4413 3607 4491">
     <span class='ocr_line' id='line_1_90' title="bbox 2032 4413 3607 4491; baseline -0.006 -17"><span class='ocrx_word' id='word_1_638' title='bbox 2032 4421 2218 4491; x_wconf 90' lang='lat' dir='ltr'><strong>quitus</strong></span> <span class='ocrx_word' id='word_1_639' title='bbox 2260 4418 2671 4481; x_wconf 78' lang='lat' dir='ltr'><strong>excelluissent,</strong></span> <span class='ocrx_word' id='word_1_640' title='bbox 2718 4414 3089 4484; x_wconf 83' lang='lat' dir='ltr'><strong>superaverit.</strong></span> <span class='ocrx_word' id='word_1_641' title='bbox 3140 4414 3354 4467; x_wconf 89' lang='lat' dir='ltr'><strong>Etenim</strong></span> <span class='ocrx_word' id='word_1_642' title='bbox 3405 4414 3448 4466; x_wconf 91' lang='lat' dir='ltr'><strong>si</strong></span> <span class='ocrx_word' id='word_1_643' title='bbox 3482 4413 3607 4481; x_wconf 84' lang='lat' dir='ltr'><strong>quis</strong></span> 
     </span>
    </p>
   </div>
   <div class='ocr_carea' id='block_1_91' title="bbox 2037 4504 3606 4576">
    <p class='ocr_par' dir='ltr' id='par_1_91' title="bbox 2037 4504 3606 4576">
     <span class='ocr_line' id='line_1_91' title="bbox 2037 4504 3606 4576; baseline -0.007 -11"><span class='ocrx_word' id='word_1_644' title='bbox 2037 4514 2253 4565; x_wconf 89' lang='lat' dir='ltr'><strong>illorum</strong></span> <span class='ocrx_word' id='word_1_645' title='bbox 2286 4509 2472 4564; x_wconf 60' lang='lat' dir='ltr'><strong>Grmca</strong></span> <span class='ocrx_word' id='word_1_646' title='bbox 2514 4508 2718 4575; x_wconf 86' lang='lat' dir='ltr'><strong>scripta</strong></span> <span class='ocrx_word' id='word_1_647' title='bbox 2761 4506 2814 4560; x_wconf 90' lang='lat' dir='ltr'><strong>in</strong></span> <span class='ocrx_word' id='word_1_648' title='bbox 2855 4507 3121 4576; x_wconf 81' lang='lat' dir='ltr'><strong>Syrorum</strong></span> <span class='ocrx_word' id='word_1_649' title='bbox 3159 4504 3302 4558; x_wconf 89' lang='lat' dir='ltr'><strong>forte</strong></span> <span class='ocrx_word' id='word_1_650' title='bbox 3334 4513 3430 4557; x_wconf 88' lang='lat' dir='ltr'><strong>aut</strong></span> <span class='ocrx_word' id='word_1_651' title='bbox 3461 4504 3606 4556; x_wconf 90' lang='lat' dir='ltr'><strong>alio-</strong></span> 
     </span>
    </p>
   </div>
   <div class='ocr_carea' id='block_1_92' title="bbox 338 4582 2028 4671">
    <p class='ocr_par' dir='ltr' id='par_1_92' title="bbox 338 4582 2004 4668">
     <span class='ocr_line' id='line_1_92' title="bbox 338 4582 2004 4668; baseline 0.001 -18"><span class='ocrx_word' id='word_1_652' title='bbox 338 4601 498 4667; x_wconf 77' lang='grc' dir='ltr'>ἑξῆς,</span> <span class='ocrx_word' id='word_1_653' title='bbox 530 4599 611 4660; x_wconf 84' lang='grc' dir='ltr'><strong>είς</strong></span> <span class='ocrx_word' id='word_1_654' title='bbox 638 4600 737 4668; x_wconf 84' lang='grc' dir='ltr'>τὴν</span> <span class='ocrx_word' id='word_1_655' title='bbox 772 4599 1054 4668; x_wconf 71' lang='grc' dir='ltr'>Ἑλληνίδα</span> <span class='ocrx_word' id='word_1_656' title='bbox 1085 4598 1336 4668; x_wconf 74' lang='grc' dir='ltr'>γλῶτταν</span> <span class='ocrx_word' id='word_1_657' title='bbox 1368 4598 1476 4651; x_wconf 84' lang='grc' dir='ltr'>τῶν</span> <span class='ocrx_word' id='word_1_658' title='bbox 1506 4598 1719 4650; x_wconf 85' lang='grc' dir='ltr'>ἐκείνου</span> <span class='ocrx_word' id='word_1_659' title='bbox 1750 4596 1929 4664; x_wconf 77' lang='grc' dir='ltr'>λόγων</span> <span class='ocrx_word' id='word_1_660' title='bbox 1964 4582 2004 4634; x_wconf 78' lang='grc' dir='ltr'><strong>Ῑ)</strong></span> 
     </span>
    </p>
   </div>
   <div class='ocr_carea' id='block_1_93' title="bbox 1917 4582 3607 4671">
    <p class='ocr_par' dir='ltr' id='par_1_93' title="bbox 1917 4582 3607 4671">
     <span class='ocr_line' id='line_1_93' title="bbox 1917 4582 3607 4671; baseline -0.007 -14"><span class='ocrx_word' id='word_1_661' title='bbox 1917 4617 1929 4648; x_wconf 71' lang='grc' dir='ltr'><strong>ι</strong></span> <span class='ocrx_word' id='word_1_662' title='bbox 1964 4582 2004 4634; x_wconf 76' lang='grc' dir='ltr'><strong>Ῑ)</strong></span> <span class='ocrx_word' id='word_1_663' title='bbox 2036 4619 2154 4657; x_wconf 93' lang='lat' dir='ltr'><strong>rum</strong></span> <span class='ocrx_word' id='word_1_664' title='bbox 2190 4601 2534 4671; x_wconf 87' lang='lat' dir='ltr'><strong>peregrinam</strong></span> <span class='ocrx_word' id='word_1_665' title='bbox 2564 4599 2808 4668; x_wconf 82' lang='lat' dir='ltr'><strong>linguam</strong></span> <span class='ocrx_word' id='word_1_666' title='bbox 2844 4596 3194 4660; x_wconf 85' lang='lat' dir='ltr'><strong>transferret,</strong></span> <span class='ocrx_word' id='word_1_667' title='bbox 3230 4606 3285 4649; x_wconf 92' lang='lat' dir='ltr'><strong>et</strong></span> <span class='ocrx_word' id='word_1_668' title='bbox 3320 4594 3607 4648; x_wconf 85' lang='lat' dir='ltr'><strong>ﬂorentem</strong></span> 
     </span>
    </p>
   </div>
   <div class='ocr_carea' id='block_1_94' title="bbox 338 4689 1928 4763">
    <p class='ocr_par' dir='ltr' id='par_1_94' title="bbox 338 4689 1928 4763">
     <span class='ocr_line' id='line_1_94' title="bbox 338 4689 1928 4763; baseline -0.003 -18"><span class='ocrx_word' id='word_1_669' title='bbox 338 4690 778 4759; x_wconf 67' lang='grc' dir='ltr'>ἁλλοιουμένων,</span> <span class='ocrx_word' id='word_1_670' title='bbox 820 4691 881 4743; x_wconf 82' lang='grc' dir='ltr'>οὐ</span> <span class='ocrx_word' id='word_1_671' title='bbox 928 4690 1070 4743; x_wconf 81' lang='grc' dir='ltr'>πάνυ</span> <span class='ocrx_word' id='word_1_672' title='bbox 1128 4692 1318 4763; x_wconf 62' lang='grc' dir='ltr'>πίρῤω</span> <span class='ocrx_word' id='word_1_673' title='bbox 1357 4690 1454 4754; x_wconf 74' lang='grc' dir='ltr'>τῆς</span> <span class='ocrx_word' id='word_1_674' title='bbox 1508 4689 1928 4759; x_wconf 58' lang='grc' dir='ltr'>ἐκθοικουροὺσης</span> 
     </span>
    </p>
   </div>
   <div class='ocr_carea' id='block_1_95' title="bbox 340 4782 1926 4855">
    <p class='ocr_par' dir='ltr' id='par_1_95' title="bbox 340 4782 1926 4855">
     <span class='ocr_line' id='line_1_95' title="bbox 340 4782 1926 4855; baseline -0.003 -17"><span class='ocrx_word' id='word_1_675' title='bbox 340 4791 681 4853; x_wconf 69' lang='grc' dir='ltr'>ἀφίστανται</span> <span class='ocrx_word' id='word_1_676' title='bbox 740 4784 959 4855; x_wconf 82' lang='grc' dir='ltr'>ἀρετῆς.</span> <span class='ocrx_word' id='word_1_677' title='bbox 1000 4783 1199 4850; x_wconf 80' lang='grc' dir='ltr'>Θαῦμα</span> <span class='ocrx_word' id='word_1_678' title='bbox 1246 4782 1292 4835; x_wconf 71' lang='grc' dir='ltr'><strong>δ’</strong></span> <span class='ocrx_word' id='word_1_679' title='bbox 1336 4784 1455 4836; x_wconf 79' lang='grc' dir='ltr'>ἐστὶ</span> <span class='ocrx_word' id='word_1_680' title='bbox 1503 4787 1613 4843; x_wconf 79' lang='grc' dir='ltr'>τοῖς</span> <span class='ocrx_word' id='word_1_681' title='bbox 1645 4783 1926 4845; x_wconf 74' lang='grc' dir='ltr'>ἀκούουσι,</span> 
     </span>
    </p>
   </div>
   <div class='ocr_carea' id='block_1_96' title="bbox 338 4872 1931 4945">
    <p class='ocr_par' dir='ltr' id='par_1_96' title="bbox 338 4872 1931 4945">
     <span class='ocr_line' id='line_1_96' title="bbox 338 4872 1931 4945; baseline -0.005 -13"><span class='ocrx_word' id='word_1_682' title='bbox 338 4880 442 4932; x_wconf 71' lang='grc' dir='ltr'>καὶ</span> <span class='ocrx_word' id='word_1_683' title='bbox 473 4877 679 4945; x_wconf 82' lang='grc' dir='ltr'>Ἕλλην</span> <span class='ocrx_word' id='word_1_684' title='bbox 728 4878 822 4929; x_wconf 70' lang='grc' dir='ltr'>καὶ</span> <span class='ocrx_word' id='word_1_685' title='bbox 878 4874 1046 4944; x_wconf 74' lang='grc' dir='ltr'>Σύρος</span> <span class='ocrx_word' id='word_1_686' title='bbox 1097 4873 1650 4941; x_wconf 42' lang='grc' dir='ltr'>ἀναγινωσκόμενος</span> <span class='ocrx_word' id='word_1_687' title='bbox 1702 4872 1793 4925; x_wconf 81' lang='grc' dir='ltr'><strong>διά</strong></span> <span class='ocrx_word' id='word_1_688' title='bbox 1849 4889 1931 4925; x_wconf 83' lang='grc' dir='ltr'><strong>τοι</strong></span> 
     </span>
    </p>
   </div>
   <div class='ocr_carea' id='block_1_97' title="bbox 338 4967 1931 5038">
    <p class='ocr_par' dir='ltr' id='par_1_97' title="bbox 338 4967 1931 5038">
     <span class='ocr_line' id='line_1_97' title="bbox 338 4967 1931 5038; baseline -0.005 -14"><span class='ocrx_word' id='word_1_689' title='bbox 338 4972 445 5024; x_wconf 77' lang='grc' dir='ltr'>καὶ</span> <span class='ocrx_word' id='word_1_690' title='bbox 486 4973 517 5023; x_wconf 94' lang='lat'><strong>6</strong></span> <span class='ocrx_word' id='word_1_691' title='bbox 559 4970 727 5030; x_wconf 70' lang='grc' dir='ltr'>πολὺς</span> <span class='ocrx_word' id='word_1_692' title='bbox 777 4972 835 5021; x_wconf 94' lang='grc' dir='ltr'>ἐν</span> <span class='ocrx_word' id='word_1_693' title='bbox 876 4969 1019 5038; x_wconf 83' lang='grc' dir='ltr'>λόγῳ</span> <span class='ocrx_word' id='word_1_694' title='bbox 1075 4970 1168 5021; x_wconf 73' lang='grc' dir='ltr'>καὶ</span> <span class='ocrx_word' id='word_1_695' title='bbox 1218 4968 1388 5036; x_wconf 82' lang='grc' dir='ltr'>ἁρετῇ</span> <span class='ocrx_word' id='word_1_696' title='bbox 1441 4967 1742 5030; x_wconf 83' lang='grc' dir='ltr'>Βασίλειος,</span> <span class='ocrx_word' id='word_1_697' title='bbox 1774 4968 1802 5019; x_wconf 90' lang='lat'><strong>6</strong></span> <span class='ocrx_word' id='word_1_698' title='bbox 1832 4968 1931 5031; x_wconf 74' lang='grc' dir='ltr'><strong>τὴν</strong></span> 
     </span>
    </p>
   </div>
   <div class='ocr_carea' id='block_1_98' title="bbox 339 5059 1934 5130">
    <p class='ocr_par' dir='ltr' id='par_1_98' title="bbox 339 5059 1934 5130">
     <span class='ocr_line' id='line_1_98' title="bbox 339 5059 1934 5130; baseline -0.007 -11"><span class='ocrx_word' id='word_1_699' title='bbox 339 5062 743 5119; x_wconf 81' lang='grc' dir='ltr'>Καππαδοκῶν</span> <span class='ocrx_word' id='word_1_700' title='bbox 774 5062 1203 5130; x_wconf 67' lang='grc' dir='ltr'>κατακοσμήσεις</span> <span class='ocrx_word' id='word_1_701' title='bbox 1246 5060 1606 5129; x_wconf 80' lang='grc' dir='ltr'>μητρόπολιν,</span> <span class='ocrx_word' id='word_1_702' title='bbox 1637 5059 1934 5127; x_wconf 68' lang='grc' dir='ltr'>ὑπερφυῶς</span> 
     </span>
    </p>
   </div>
   <div class='ocr_carea' id='block_1_99' title="bbox 338 5150 1936 5223">
    <p class='ocr_par' dir='ltr' id='par_1_99' title="bbox 338 5150 1936 5223">
     <span class='ocr_line' id='line_1_99' title="bbox 338 5150 1936 5223; baseline -0.003 -17"><span class='ocrx_word' id='word_1_703' title='bbox 338 5159 444 5207; x_wconf 79' lang='grc' dir='ltr'>τὸν</span> <span class='ocrx_word' id='word_1_704' title='bbox 487 5153 659 5223; x_wconf 75' lang='grc' dir='ltr'>ἄνδρα</span> <span class='ocrx_word' id='word_1_705' title='bbox 711 5152 1021 5220; x_wconf 85' lang='grc' dir='ltr'>ἐθαύμασε,</span> <span class='ocrx_word' id='word_1_706' title='bbox 1075 5152 1169 5204; x_wconf 71' lang='grc' dir='ltr'>καὶ</span> <span class='ocrx_word' id='word_1_707' title='bbox 1214 5150 1312 5219; x_wconf 80' lang='grc' dir='ltr'>τῆς</span> <span class='ocrx_word' id='word_1_708' title='bbox 1365 5150 1617 5211; x_wconf 76' lang='grc' dir='ltr'>παιδείας</span> <span class='ocrx_word' id='word_1_709' title='bbox 1668 5151 1936 5217; x_wconf 71' lang='grc' dir='ltr'>μακάριον</span> 
     </span>
    </p>
   </div>
   <div class='ocr_carea' id='block_1_100' title="bbox 341 5240 1936 5317">
    <p class='ocr_par' dir='ltr' id='par_1_100' title="bbox 341 5240 1936 5317">
     <span class='ocr_line' id='line_1_100' title="bbox 341 5240 1936 5317; baseline -0.005 -20"><span class='ocrx_word' id='word_1_710' title='bbox 341 5250 583 5317; x_wconf 72' lang='grc' dir='ltr'>ἥγηται.</span> <span class='ocrx_word' id='word_1_711' title='bbox 629 5244 716 5306; x_wconf 86' lang='grc' dir='ltr'>Ὧς</span> <span class='ocrx_word' id='word_1_712' title='bbox 764 5244 924 5313; x_wconf 73' lang='grc' dir='ltr'>δῆλον</span> <span class='ocrx_word' id='word_1_713' title='bbox 961 5240 1104 5297; x_wconf 74' lang='grc' dir='ltr'>εἶναι</span> <span class='ocrx_word' id='word_1_714' title='bbox 1162 5245 1227 5313; x_wconf 84' lang='grc' dir='ltr'><strong>τῇ</strong></span> <span class='ocrx_word' id='word_1_715' title='bbox 1270 5240 1478 5295; x_wconf 85' lang='grc' dir='ltr'>ἐκείνου</span> <span class='ocrx_word' id='word_1_716' title='bbox 1528 5240 1747 5308; x_wconf 73' lang='grc' dir='ltr'>ἀκριϐεῖ</span> <span class='ocrx_word' id='word_1_717' title='bbox 1798 5257 1936 5309; x_wconf 77' lang='grc' dir='ltr'>μαρσ-</span> 
     </span>
    </p>
   </div>
   <div class='ocr_carea' id='block_1_101' title="bbox 343 5331 1938 5407">
    <p class='ocr_par' dir='ltr' id='par_1_101' title="bbox 343 5331 1938 5407">
     <span class='ocr_line' id='line_1_101' title="bbox 343 5331 1938 5407; baseline -0.005 -18"><span class='ocrx_word' id='word_1_718' title='bbox 343 5336 542 5407; x_wconf 73' lang='grc' dir='ltr'>τυρίᾳ,</span> <span class='ocrx_word' id='word_1_719' title='bbox 572 5336 668 5388; x_wconf 81' lang='grc' dir='ltr'>καὶ</span> <span class='ocrx_word' id='word_1_720' title='bbox 698 5337 849 5403; x_wconf 86' lang='grc' dir='ltr'>κοινῇ</span> <span class='ocrx_word' id='word_1_721' title='bbox 886 5338 1038 5405; x_wconf 66' lang='grc' dir='ltr'>παρὰ</span> <span class='ocrx_word' id='word_1_722' title='bbox 1062 5334 1172 5387; x_wconf 84' lang='grc' dir='ltr'><strong>τῶν</strong></span> <span class='ocrx_word' id='word_1_723' title='bbox 1201 5336 1258 5386; x_wconf 80' lang='grc' dir='ltr'>ἐν</span> <span class='ocrx_word' id='word_1_724' title='bbox 1292 5333 1470 5400; x_wconf 81' lang='grc' dir='ltr'>λόγοις</span> <span class='ocrx_word' id='word_1_725' title='bbox 1503 5331 1938 5400; x_wconf 75' lang='grc' dir='ltr'>θαυμαζομένων</span> 
     </span>
    </p>
   </div>
   <div class='ocr_carea' id='block_1_102' title="bbox 356 5424 1938 5498">
    <p class='ocr_par' dir='ltr' id='par_1_102' title="bbox 356 5424 1938 5498">
     <span class='ocr_line' id='line_1_102' title="bbox 356 5424 1938 5498; baseline -0.004 -17"><span class='ocrx_word' id='word_1_726' title='bbox 356 5429 640 5498; x_wconf 75' lang='grc' dir='ltr'>Ἑλλήνων</span> <span class='ocrx_word' id='word_1_727' title='bbox 714 5428 1012 5497; x_wconf 78' lang='grc' dir='ltr'>τηνικάδε,</span> <span class='ocrx_word' id='word_1_728' title='bbox 1074 5432 1295 5480; x_wconf 69' lang='grc' dir='ltr'>πάντων</span> <span class='ocrx_word' id='word_1_729' title='bbox 1356 5424 1787 5494; x_wconf 75' lang='grc' dir='ltr'>ἐλλογιμώτερον</span> <span class='ocrx_word' id='word_1_730' title='bbox 1848 5424 1938 5476; x_wconf 70' lang='grc' dir='ltr'><strong>τὶν</strong></span> 
     </span>
    </p>
   </div>
   <div class='ocr_carea' id='block_1_103' title="bbox 383 5579 1938 5673">
    <p class='ocr_par' dir='ltr' id='par_1_103' title="bbox 383 5579 1938 5673">
     <span class='ocr_line' id='line_1_103' title="bbox 383 5579 1938 5673; baseline -0.004 -32"><span class='ocrx_word' id='word_1_731' title='bbox 383 5664 395 5673; x_wconf 78' lang='lat'><em>_</em></span> <span class='ocrx_word' id='word_1_732' title='bbox 430 5588 602 5657; x_wconf 86' lang='grc' dir='ltr'><strong>(1)1ιι</strong></span> <span class='ocrx_word' id='word_1_733' title='bbox 657 5588 794 5641; x_wconf 90' lang='lat' dir='ltr'><strong>mari</strong></span> <span class='ocrx_word' id='word_1_734' title='bbox 852 5586 1035 5641; x_wconf 87' lang='lat' dir='ltr'><strong>Tusco</strong></span> <span class='ocrx_word' id='word_1_735' title='bbox 1084 5594 1274 5639; x_wconf 86' lang='lat' dir='ltr'><strong>contra</strong></span> <span class='ocrx_word' id='word_1_736' title='bbox 1335 5593 1553 5639; x_wconf 90' lang='lat' dir='ltr'><strong>montes</strong></span> <span class='ocrx_word' id='word_1_737' title='bbox 1615 5579 1938 5651; x_wconf 74' lang='lat' dir='ltr'><strong>Lygusticos</strong></span> 
     </span>
    </p>
   </div>
   <div class='ocr_carea' id='block_1_104' title="bbox 410 5671 485 5711">
    <p class='ocr_par' dir='ltr' id='par_1_104' title="bbox 410 5671 485 5711">
     <span class='ocr_line' id='line_1_104' title="bbox 410 5671 485 5711; baseline 0.027 -2"><span class='ocrx_word' id='word_1_738' title='bbox 410 5671 485 5711; x_wconf 72' lang='lat' dir='ltr'><strong>l3.</strong></span> 
     </span>
    </p>
   </div>
   <div class='ocr_carea' id='block_1_105' title="bbox 350 5676 1407 5799">
    <p class='ocr_par' dir='ltr' id='par_1_105' title="bbox 350 5676 1407 5799">
     <span class='ocr_line' id='line_1_105' title="bbox 350 5676 1407 5799; baseline -0.007 -16"><span class='ocrx_word' id='word_1_739' title='bbox 350 5676 512 5799; x_wconf 47' lang='lat' dir='ltr'><strong>sua)</strong></span> <span class='ocrx_word' id='word_1_740' title='bbox 548 5730 716 5784; x_wconf 87' lang='lat' dir='ltr'><strong>Divus</strong></span> <span class='ocrx_word' id='word_1_741' title='bbox 748 5727 989 5783; x_wconf 85' lang='lat' dir='ltr'><strong>Hilarius</strong></span> <span class='ocrx_word' id='word_1_742' title='bbox 1017 5728 1216 5797; x_wconf 77' lang='lat' dir='ltr'><strong>conjnx</strong></span> <span class='ocrx_word' id='word_1_743' title='bbox 1252 5726 1352 5779; x_wconf 85' lang='lat' dir='ltr'><strong>fuit</strong></span> <span class='ocrx_word' id='word_1_744' title='bbox 1396 5744 1407 5777; x_wconf 90' lang='lat'>:</span> 
     </span>
    </p>
   </div>
   <div class='ocr_carea' id='block_1_106' title="bbox 472 5814 1834 5885">
    <p class='ocr_par' dir='ltr' id='par_1_106' title="bbox 472 5814 1834 5885">
     <span class='ocr_line' id='line_1_106' title="bbox 472 5814 1834 5885; baseline -0.004 -14"><span class='ocrx_word' id='word_1_745' title='bbox 472 5817 597 5871; x_wconf 79' lang='lat' dir='ltr'><strong>Non</strong></span> <span class='ocrx_word' id='word_1_746' title='bbox 633 5820 813 5872; x_wconf 75' lang='lat' dir='ltr'><strong>nocuit</strong></span> <span class='ocrx_word' id='word_1_747' title='bbox 851 5818 947 5870; x_wconf 77' lang='lat' dir='ltr'><strong>tibi</strong></span> <span class='ocrx_word' id='word_1_748' title='bbox 993 5816 1286 5885; x_wconf 78' lang='lat' dir='ltr'><strong>progenies,</strong></span> <span class='ocrx_word' id='word_1_749' title='bbox 1327 5832 1426 5871; x_wconf 71' lang='lat' dir='ltr'><strong>non</strong></span> <span class='ocrx_word' id='word_1_750' title='bbox 1457 5814 1654 5867; x_wconf 65' lang='grc' dir='ltr'>υὺθιιιιι</span> <span class='ocrx_word' id='word_1_751' title='bbox 1686 5830 1834 5876; x_wconf 63' lang='lat' dir='ltr'><strong>uxor,</strong></span> 
     </span>
    </p>
   </div>
   <div class='ocr_carea' id='block_1_107' title="bbox 472 5885 1734 5954">
    <p class='ocr_par' dir='ltr' id='par_1_107' title="bbox 472 5885 1734 5954">
     <span class='ocr_line' id='line_1_107' title="bbox 472 5885 1734 5954; baseline -0.006 -11"><span class='ocrx_word' id='word_1_752' title='bbox 472 5889 729 5954; x_wconf 78' lang='lat' dir='ltr'><strong>Leqilimo</strong></span> <span class='ocrx_word' id='word_1_753' title='bbox 762 5893 1049 5951; x_wconf 77' lang='lat' dir='ltr'><strong>coniuncta</strong></span> <span class='ocrx_word' id='word_1_754' title='bbox 1086 5893 1254 5950; x_wconf 73' lang='lat' dir='ltr'><strong>thoro,</strong></span> <span class='ocrx_word' id='word_1_755' title='bbox 1278 5903 1378 5941; x_wconf 81' lang='lat' dir='ltr'><strong>non</strong></span> <span class='ocrx_word' id='word_1_756' title='bbox 1410 5886 1610 5939; x_wconf 78' lang='lat' dir='ltr'><strong>horruit</strong></span> <span class='ocrx_word' id='word_1_757' title='bbox 1640 5885 1734 5937; x_wconf 55' lang='lat' dir='ltr'><strong>ilia</strong></span> 
     </span>
    </p>
   </div>
   <div class='ocr_carea' id='block_1_108' title="bbox 2032 4690 3609 4755">
    <p class='ocr_par' dir='ltr' id='par_1_108' title="bbox 2032 4690 3609 4755">
     <span class='ocr_line' id='line_1_108' title="bbox 2032 4690 3609 4755; baseline -0.008 -5"><span class='ocrx_word' id='word_1_758' title='bbox 2032 4696 2177 4750; x_wconf 85' lang='lat' dir='ltr'><strong>illam</strong></span> <span class='ocrx_word' id='word_1_759' title='bbox 2238 4693 2551 4748; x_wconf 63' lang='lat' dir='ltr'><strong>Graacorum</strong></span> <span class='ocrx_word' id='word_1_760' title='bbox 2594 4701 3050 4744; x_wconf 79' lang='lat' dir='ltr'><strong>ornamentorum</strong></span> <span class='ocrx_word' id='word_1_761' title='bbox 3078 4691 3349 4755; x_wconf 79' lang='lat' dir='ltr'><strong>gratiam,</strong></span> <span class='ocrx_word' id='word_1_762' title='bbox 3405 4690 3609 4743; x_wconf 79' lang='lat' dir='ltr'><strong>decen-</strong></span> 
     </span>
    </p>
   </div>
   <div class='ocr_carea' id='block_1_109' title="bbox 2036 4780 3608 4856">
    <p class='ocr_par' dir='ltr' id='par_1_109' title="bbox 2036 4780 3608 4856">
     <span class='ocr_line' id='line_1_109' title="bbox 2036 4780 3608 4856; baseline -0.008 -15"><span class='ocrx_word' id='word_1_763' title='bbox 2036 4798 2258 4856; x_wconf 88' lang='lat' dir='ltr'><strong>temqne</strong></span> <span class='ocrx_word' id='word_1_764' title='bbox 2294 4788 2535 4839; x_wconf 88' lang='lat' dir='ltr'><strong>nitorem</strong></span> <span class='ocrx_word' id='word_1_765' title='bbox 2570 4795 2624 4839; x_wconf 92' lang='lat' dir='ltr'><strong>et</strong></span> <span class='ocrx_word' id='word_1_766' title='bbox 2657 4798 2885 4837; x_wconf 85' lang='lat' dir='ltr'><strong>succum</strong></span> <span class='ocrx_word' id='word_1_767' title='bbox 2930 4782 3225 4835; x_wconf 85' lang='lat' dir='ltr'><strong>verborum</strong></span> <span class='ocrx_word' id='word_1_768' title='bbox 3269 4780 3608 4839; x_wconf 76' lang='lat' dir='ltr'><strong>detraheret,</strong></span> 
     </span>
    </p>
   </div>
   <div class='ocr_carea' id='block_1_110' title="bbox 2036 4870 3608 4948">
    <p class='ocr_par' dir='ltr' id='par_1_110' title="bbox 2036 4870 3608 4948">
     <span class='ocr_line' id='line_1_110' title="bbox 2036 4870 3608 4948; baseline -0.008 -17"><span class='ocrx_word' id='word_1_769' title='bbox 2036 4879 2196 4948; x_wconf 80' lang='grc'><strong>712</strong></span> <span class='ocrx_word' id='word_1_770' title='bbox 2246 4877 2392 4931; x_wconf 91' lang='lat' dir='ltr'><strong>illico</strong></span> <span class='ocrx_word' id='word_1_771' title='bbox 2436 4891 2656 4945; x_wconf 87' lang='lat' dir='ltr'><strong>quoque</strong></span> <span class='ocrx_word' id='word_1_772' title='bbox 2703 4873 2960 4927; x_wconf 87' lang='lat' dir='ltr'><strong>ascititiis</strong></span> <span class='ocrx_word' id='word_1_773' title='bbox 3009 4872 3293 4926; x_wconf 78' lang='lat' dir='ltr'><strong>coloribus</strong></span> <span class='ocrx_word' id='word_1_774' title='bbox 3343 4870 3608 4923; x_wconf 84' lang='lat' dir='ltr'><strong>delicien-</strong></span> 
     </span>
    </p>
   </div>
   <div class='ocr_carea' id='block_1_111' title="bbox 2037 4962 3613 5030">
    <p class='ocr_par' dir='ltr' id='par_1_111' title="bbox 2037 4962 3613 5030">
     <span class='ocr_line' id='line_1_111' title="bbox 2037 4962 3613 5030; baseline -0.007 -9"><span class='ocrx_word' id='word_1_775' title='bbox 2037 4971 2208 5027; x_wconf 60' lang='lat' dir='ltr'><strong>tibus,</strong></span> <span class='ocrx_word' id='word_1_776' title='bbox 2262 4967 2663 5020; x_wconf 86' lang='lat' dir='ltr'><strong>sententiarum</strong></span> <span class='ocrx_word' id='word_1_777' title='bbox 2698 4964 3014 5017; x_wconf 88' lang='lat' dir='ltr'><strong>obscuritas</strong></span> <span class='ocrx_word' id='word_1_778' title='bbox 3064 4978 3183 5015; x_wconf 87' lang='lat' dir='ltr'><strong>sese</strong></span> <span class='ocrx_word' id='word_1_779' title='bbox 3220 4962 3507 5030; x_wconf 82' lang='lat' dir='ltr'><strong>prodebat.</strong></span> <span class='ocrx_word' id='word_1_780' title='bbox 3544 4966 3613 5011; x_wconf 79' lang='lat' dir='ltr'><strong>At</strong></span> 
     </span>
    </p>
   </div>
   <div class='ocr_carea' id='block_1_112' title="bbox 2035 5054 3612 5127">
    <p class='ocr_par' dir='ltr' id='par_1_112' title="bbox 2035 5054 3612 5127">
     <span class='ocr_line' id='line_1_112' title="bbox 2035 5054 3612 5127; baseline -0.007 -13"><span class='ocrx_word' id='word_1_781' title='bbox 2035 5057 2292 5127; x_wconf 85' lang='lat' dir='ltr'><strong>Epltraim</strong></span> <span class='ocrx_word' id='word_1_782' title='bbox 2330 5057 2510 5126; x_wconf 61' lang='lat' dir='ltr'><strong>{longe</strong></span> <span class='ocrx_word' id='word_1_783' title='bbox 2562 5056 2669 5109; x_wconf 85' lang='lat' dir='ltr'><strong>alia</strong></span> <span class='ocrx_word' id='word_1_784' title='bbox 2727 5064 2846 5110; x_wconf 86' lang='lat' dir='ltr'><strong>erat</strong></span> <span class='ocrx_word' id='word_1_785' title='bbox 2906 5055 3107 5108; x_wconf 80' lang='lat' dir='ltr'><strong>eratin.</strong></span> <span class='ocrx_word' id='word_1_786' title='bbox 3173 5054 3306 5107; x_wconf 68' lang='lat' dir='ltr'><strong>Nam</strong></span> <span class='ocrx_word' id='word_1_787' title='bbox 3363 5068 3488 5106; x_wconf 90' lang='lat' dir='ltr'><strong>cum</strong></span> <span class='ocrx_word' id='word_1_788' title='bbox 3546 5066 3612 5103; x_wconf 84' lang='lat' dir='ltr'><strong>eo</strong></span> 
     </span>
    </p>
   </div>
   <div class='ocr_carea' id='block_1_113' title="bbox 2036 5144 3609 5218">
    <p class='ocr_par' dir='ltr' id='par_1_113' title="bbox 2036 5144 3609 5218">
     <span class='ocr_line' id='line_1_113' title="bbox 2036 5144 3609 5218; baseline -0.005 -15"><span class='ocrx_word' id='word_1_789' title='bbox 2036 5151 2219 5203; x_wconf 83' lang='lat' dir='ltr'><strong>adhuc</strong></span> <span class='ocrx_word' id='word_1_790' title='bbox 2268 5147 2603 5218; x_wconf 89' lang='lat' dir='ltr'><strong>superstite,</strong></span> <span class='ocrx_word' id='word_1_791' title='bbox 2653 5156 2817 5216; x_wconf 88' lang='lat' dir='ltr'><strong>atque</strong></span> <span class='ocrx_word' id='word_1_792' title='bbox 2865 5146 3031 5200; x_wconf 86' lang='lat' dir='ltr'><strong>etiam</strong></span> <span class='ocrx_word' id='word_1_793' title='bbox 3075 5144 3362 5211; x_wconf 75' lang='lat' dir='ltr'><strong>defuncto,</strong></span> <span class='ocrx_word' id='word_1_794' title='bbox 3419 5153 3609 5213; x_wconf 86' lang='lat' dir='ltr'><strong>postea</strong></span> 
     </span>
    </p>
   </div>
   <div class='ocr_carea' id='block_1_114' title="bbox 2037 5238 3599 5310">
    <p class='ocr_par' dir='ltr' id='par_1_114' title="bbox 2037 5238 3599 5310">
     <span class='ocr_line' id='line_1_114' title="bbox 2037 5238 3599 5310; baseline -0.007 -14"><span class='ocrx_word' id='word_1_795' title='bbox 2037 5242 2164 5296; x_wconf 90' lang='lat' dir='ltr'><strong>libri</strong></span> <span class='ocrx_word' id='word_1_796' title='bbox 2192 5241 2311 5310; x_wconf 87' lang='lat' dir='ltr'><strong>ejus</strong></span> <span class='ocrx_word' id='word_1_797' title='bbox 2352 5240 2404 5292; x_wconf 88' lang='lat' dir='ltr'><strong>itt</strong></span> <span class='ocrx_word' id='word_1_798' title='bbox 2438 5238 2680 5293; x_wconf 67' lang='lat' dir='ltr'><strong>Graecam</strong></span> <span class='ocrx_word' id='word_1_799' title='bbox 2708 5239 2947 5308; x_wconf 81' lang='lat' dir='ltr'><strong>linguam</strong></span> <span class='ocrx_word' id='word_1_800' title='bbox 2978 5246 3458 5295; x_wconf 73' lang='lat' dir='ltr'><strong>converterentur,</strong></span> <span class='ocrx_word' id='word_1_801' title='bbox 3492 5251 3599 5287; x_wconf 89' lang='lat' dir='ltr'><strong>non</strong></span> 
     </span>
    </p>
   </div>
   <div class='ocr_carea' id='block_1_115' title="bbox 2040 5326 3616 5402">
    <p class='ocr_par' dir='ltr' id='par_1_115' title="bbox 2040 5326 3616 5402">
     <span class='ocr_line' id='line_1_115' title="bbox 2040 5326 3616 5402; baseline -0.008 -15"><span class='ocrx_word' id='word_1_802' title='bbox 2040 5333 2202 5402; x_wconf 86' lang='lat' dir='ltr'><strong>longe</strong></span> <span class='ocrx_word' id='word_1_803' title='bbox 2250 5329 2550 5385; x_wconf 88' lang='lat' dir='ltr'><strong>admodum</strong></span> <span class='ocrx_word' id='word_1_804' title='bbox 2589 5345 2618 5383; x_wconf 86' lang='lat' dir='ltr'><strong>a</strong></span> <span class='ocrx_word' id='word_1_805' title='bbox 2668 5331 2891 5399; x_wconf 86' lang='lat' dir='ltr'><strong>propria</strong></span> <span class='ocrx_word' id='word_1_806' title='bbox 2943 5340 2999 5381; x_wconf 90' lang='lat' dir='ltr'><strong>et</strong></span> <span class='ocrx_word' id='word_1_807' title='bbox 3048 5329 3232 5382; x_wconf 90' lang='lat' dir='ltr'><strong>nativa</strong></span> <span class='ocrx_word' id='word_1_808' title='bbox 3271 5326 3616 5380; x_wconf 78' lang='lat' dir='ltr'><strong>decedebant</strong></span> 
     </span>
    </p>
   </div>
   <div class='ocr_carea' id='block_1_116' title="bbox 2040 5418 3620 5491">
    <p class='ocr_par' dir='ltr' id='par_1_116' title="bbox 2040 5418 3620 5491">
     <span class='ocr_line' id='line_1_116' title="bbox 2040 5418 3620 5491; baseline -0.006 -13"><span class='ocrx_word' id='word_1_809' title='bbox 2040 5430 2263 5478; x_wconf 81' lang='lat' dir='ltr'><strong>virtute.</strong></span> <span class='ocrx_word' id='word_1_810' title='bbox 2324 5422 2523 5477; x_wconf 82' lang='lat' dir='ltr'><strong>Mirum</strong></span> <span class='ocrx_word' id='word_1_811' title='bbox 2586 5423 2809 5491; x_wconf 88' lang='lat' dir='ltr'><strong>quidem</strong></span> <span class='ocrx_word' id='word_1_812' title='bbox 2860 5421 3054 5475; x_wconf 86' lang='lat' dir='ltr'><strong>auditu</strong></span> <span class='ocrx_word' id='word_1_813' title='bbox 3096 5429 3213 5483; x_wconf 87' lang='lat' dir='ltr'><strong>est,</strong></span> <span class='ocrx_word' id='word_1_814' title='bbox 3259 5418 3511 5473; x_wconf 85' lang='lat' dir='ltr'><strong>eumdem</strong></span> <span class='ocrx_word' id='word_1_815' title='bbox 3559 5425 3620 5470; x_wconf 85' lang='lat' dir='ltr'><strong>et</strong></span> 
     </span>
    </p>
   </div>
   <div class='ocr_carea' id='block_1_117' title="bbox 2146 5576 3472 5645">
    <p class='ocr_par' dir='ltr' id='par_1_117' title="bbox 2146 5576 3472 5645">
     <span class='ocr_line' id='line_1_117' title="bbox 2146 5576 3472 5645; baseline -0.005 -11"><span class='ocrx_word' id='word_1_816' title='bbox 2146 5580 2468 5645; x_wconf 75' lang='lat' dir='ltr'><strong>Tempestate</strong></span> <span class='ocrx_word' id='word_1_817' title='bbox 2500 5577 2637 5630; x_wconf 74' lang='lat' dir='ltr'><strong>Deus</strong></span> <span class='ocrx_word' id='word_1_818' title='bbox 2662 5580 2943 5642; x_wconf 75' lang='lat' dir='ltr'><strong>tlmmmos,</strong></span> <span class='ocrx_word' id='word_1_819' title='bbox 2979 5576 3261 5639; x_wconf 83' lang='lat' dir='ltr'><strong>cunabula,</strong></span> <span class='ocrx_word' id='word_1_820' title='bbox 3286 5578 3472 5629; x_wconf 78' lang='lat' dir='ltr'><strong>twdas.</strong></span> 
     </span>
    </p>
   </div>
   <div class='ocr_carea' id='block_1_118' title="bbox 2147 5648 3477 5717">
    <p class='ocr_par' dir='ltr' id='par_1_118' title="bbox 2147 5648 3477 5717">
     <span class='ocr_line' id='line_1_118' title="bbox 2147 5648 3477 5717; baseline -0.005 -12"><span class='ocrx_word' id='word_1_821' title='bbox 2147 5650 2275 5705; x_wconf 73' lang='lat' dir='ltr'><strong>Sola</strong></span> <span class='ocrx_word' id='word_1_822' title='bbox 2293 5652 2478 5702; x_wconf 77' lang='lat' dir='ltr'><strong>eratin</strong></span> <span class='ocrx_word' id='word_1_823' title='bbox 2500 5648 2816 5717; x_wconf 60' lang='lat' dir='ltr'><strong>pretimqwc</strong></span> <span class='ocrx_word' id='word_1_824' title='bbox 2847 5666 2984 5701; x_wconf 83' lang='lat' dir='ltr'><strong>nunc</strong></span> <span class='ocrx_word' id='word_1_825' title='bbox 3017 5649 3283 5716; x_wconf 75' lang='lat' dir='ltr'><strong>incognita</strong></span> <span class='ocrx_word' id='word_1_826' title='bbox 3309 5659 3477 5700; x_wconf 75' lang='lat' dir='ltr'><strong>virtus</strong></span> 
     </span>
    </p>
   </div>
   <div class='ocr_carea' id='block_1_119' title="bbox 2148 5719 3397 5787">
    <p class='ocr_par' dir='ltr' id='par_1_119' title="bbox 2148 5719 3397 5787">
     <span class='ocr_line' id='line_1_119' title="bbox 2148 5719 3397 5787; baseline -0.002 -13"><span class='ocrx_word' id='word_1_827' title='bbox 2148 5720 2359 5782; x_wconf 76' lang='lat' dir='ltr'><strong>Sordet,</strong></span> <span class='ocrx_word' id='word_1_828' title='bbox 2396 5729 2444 5772; x_wconf 82' lang='lat' dir='ltr'><strong>et</strong></span> <span class='ocrx_word' id='word_1_829' title='bbox 2476 5724 2658 5771; x_wconf 75' lang='lat' dir='ltr'><strong>attrito</strong></span> <span class='ocrx_word' id='word_1_830' title='bbox 2695 5720 2816 5771; x_wconf 70' lang='lat' dir='ltr'><strong>vivit</strong></span> <span class='ocrx_word' id='word_1_831' title='bbox 2849 5736 2967 5771; x_wconf 87' lang='lat' dir='ltr'><strong>cum</strong></span> <span class='ocrx_word' id='word_1_832' title='bbox 2995 5719 3139 5787; x_wconf 78' lang='lat' dir='ltr'><strong>plebe</strong></span> <span class='ocrx_word' id='word_1_833' title='bbox 3174 5722 3397 5771; x_wconf 71' lang='lat' dir='ltr'><strong>cucullo.</strong></span> 
     </span>
    </p>
   </div>
   <div class='ocr_carea' id='block_1_120' title="bbox 2885 5787 3469 5858">
    <p class='ocr_par' dir='ltr' id='par_1_120' title="bbox 2885 5787 3469 5858">
     <span class='ocr_line' id='line_1_120' title="bbox 2885 5787 3469 5858; baseline -0.005 -17"><span class='ocrx_word' id='word_1_834' title='bbox 2885 5790 3042 5858; x_wconf 69' lang='lat' dir='ltr'><strong>(Bapt</strong></span> <span class='ocrx_word' id='word_1_835' title='bbox 3092 5788 3279 5841; x_wconf 73' lang='lat' dir='ltr'><strong>Mantu</strong></span> <span class='ocrx_word' id='word_1_836' title='bbox 3302 5807 3333 5841; x_wconf 92' lang='lat' dir='ltr'><strong>Il</strong></span> <span class='ocrx_word' id='word_1_837' title='bbox 3361 5806 3371 5826; x_wconf 86' lang='grc' dir='ltr'><strong>ι</strong></span> <span class='ocrx_word' id='word_1_838' title='bbox 3399 5787 3469 5842; x_wconf 75' lang='grc' dir='ltr'>εὶ</span> 
     </span>
    </p>
   </div>
   <div class='ocr_carea' id='block_1_121' title="bbox 2112 5877 3224 5950">
    <p class='ocr_par' dir='ltr' id='par_1_121' title="bbox 2112 5877 3224 5950">
     <span class='ocr_line' id='line_1_121' title="bbox 2112 5877 3224 5950; baseline -0.002 -17"><span class='ocrx_word' id='word_1_839' title='bbox 2112 5882 2187 5950; x_wconf 66' lang='lat'><strong>(.3)</strong></span> <span class='ocrx_word' id='word_1_840' title='bbox 2216 5878 2344 5946; x_wconf 73' lang='lat' dir='ltr'><strong>Qua:</strong></span> <span class='ocrx_word' id='word_1_841' title='bbox 2379 5887 2432 5934; x_wconf 90' lang='lat' dir='ltr'><strong>et</strong></span> <span class='ocrx_word' id='word_1_842' title='bbox 2465 5877 3031 5949; x_wconf 67' lang='lat' dir='ltr'><strong>llomonymianorum</strong></span> <span class='ocrx_word' id='word_1_843' title='bbox 3059 5885 3224 5932; x_wconf 73' lang='lat' dir='ltr'><strong>dicta.</strong></span> 
     </span>
    </p>
   </div>
  </div>
