4280 6436
729 411 834 470 (283

1949 413 1988 466 Ν
2007 410 2368 466 ιωςνιιυιιι
2413 410 2499 466 CA
2512 407 2752 468 LLISTI

3886 404 3989 463 28$

733 526 920 580 Graece
963 533 1019 578 et
1053 521 1279 594 Syriam:
1311 521 1438 590 legi.
1471 520 1645 586 Quam
1695 520 1765 575 ob
1813 534 2035 576 causam
2077 537 2308 590 magnus
2342 532 2381 584 Α

2299 538 2308 567 ί
2342 532 2381 584 Α
2425 523 2665 594 Ἐφραὶμ
2717 524 2996 595 κριθῆναι.
3035 523 3172 592 μηδὲ
3216 521 3324 590 γὰρ
3357 522 3421 574 ἂν
3453 523 3528 583 ὡς
3559 521 3712 590 ἔτυχε
3754 520 3851 588 τὴν
3886 521 3989 571 Βα-

736 621 823 672 ille
847 626 901 672 et
933 618 1181 671 oratione
1211 626 1266 671 et
1294 615 1493 669 virtute
1521 615 1775 678 Basilius,
1805 617 1896 685 qui
1920 615 2306 684 Cappadocum

737 711 1084 779 mctropolim
1121 709 1442 778 episcopatu
1479 725 1580 762 suo
1612 711 1922 771 exornavit,
1959 725 2310 777 summopere

735 806 912 858 virum
945 812 1028 856 est
1063 803 1398 865 admiratus,
1436 801 1803 870 eumdemque
1839 801 2167 855 eruditionis
2208 818 2308 855 no-

737 896 884 948 mine
914 895 1130 948 beatum
1163 894 1398 948 censuit.
1434 893 1502 949 Ut
1528 894 1660 947 tanti
1699 894 1801 946 viri
1832 904 1938 948 tam
1973 904 2124 948 certo
2158 895 2309 948 testi-

737 988 922 1041 monio
952 987 1305 1041 manifestum
1338 988 1430 1051 sit,
1456 986 1829 1040 communiter
1857 977 2076 1056 quoque
2102 1001 2128 1038 a
2163 985 2309 1041 Grac-

735 1080 849 1143 cis,
911 1078 1004 1148 qui
1067 1087 1179 1131 tum
1247 1078 1454 1132 clarum
1521 1077 1574 1131 in
1633 1077 1954 1146 eloquentia
2016 1078 2310 1131 obtinuere

741 1186 978 1235 nomen,
1025 1169 1541 1240 praestantissimum
1589 1170 1832 1223 omnium
1867 1169 2125 1240 Ephraim
2159 1169 2311 1240 judi-

738 1273 920 1314 eatum
966 1277 1106 1316 esse.
1170 1261 1280 1315 Vox
1331 1277 1462 1315 sane
1509 1261 1695 1314 Basilii
1760 1261 1882 1315 talis
1951 1277 2058 1314 non
2104 1271 2310 1316 temere

741 1358 948 1425 prolata
977 1371 1097 1410 es~e
1120 1354 1487 1407 existimanda
1515 1363 1618 1407 est.
1651 1353 1866 1406 Dicitur
1885 1362 2066 1407 autem
2094 1353 2312 1408 divinus

739 1447 998 1515 lipliraim
1066 1452 1340 1499 trecentas
1396 1460 1662 1498 versuum
1721 1443 1997 1514 myriades
2060 1444 2310 1498 conscri—

739 1537 932 1605 psisse.
972 1536 1122 1590 Multi
1156 1549 1376 1604 quoque
1415 1534 1463 1586 ei
1501 1532 1656 1587 fuere
1698 1533 1983 1604 discipuli,
2022 1533 2116 1602 qui
2154 1533 2311 1586 iusti-

740 1627 1005 1679 tutiouem
1049 1631 1101 1678 et
1146 1623 1553 1693 philosophiam
1597 1624 1719 1694 ejus
1750 1632 1879 1677 sunt
1921 1625 2208 1678 aemulati:
2255 1623 2310 1679 in

737 1717 942 1783 quibus
970 1716 1306 1770 celebriores
1367 1723 1496 1768 sunt
1528 1716 1712 1769 Abbas
1733 1757 1747 1778 ,
1781 1716 2061 1770 Zenobius
2084 1758 2097 1780 ,
2130 1717 2310 1771 Abra-

741 1810 888 1874 ham,
914 1810 1122 1874 Maran,
1155 1817 1208 1861 et
1239 1809 1495 1878 Symeon,
1523 1811 1663 1878 apud
1695 1809 1858 1879 Syros
1894 1809 2099 1880 ingenti
2133 1812 2307 1880 gloria

741 1899 840 1951 viri
874 1917 885 1952 :
912 1909 965 1952 et
992 1899 1082 1952 alii
1108 1898 1434 1966 quibuscum
1485 1908 1743 1966 praeterea
1773 1899 1918 1953 hunc
1946 1903 2066 1955 vitae
2089 1904 2306 1957 modum

742 1992 814 2043 illi
845 1991 1342 2043 eonnnunieaverc.
1375 1991 1432 2043 lu
1466 1990 1601 2044 locis
1635 2006 1764 2044 vero
1797 1993 2024 2057 eisdem,
2052 1993 2308 2050 facundia

741 2082 971 2135 maxime
998 2091 1342 2150 praestantes,
1369 2082 1644 2135 Paulouas
1675 2094 1728 2137 et
1763 2085 1976 2138 Anarad
2002 2087 2262 2142 exstitere
2291 2107 2304 2141 :

740 2177 831 2243 qui
870 2175 1067 2228 deinde
1098 2173 1255 2243 lapsi,
1293 2190 1423 2227 sana
1456 2174 1709 2228 excidere
1745 2175 1867 2229 tidei
1901 2177 2175 2233 doctrina.
2201 2181 2309 2235 Alii

741 2269 966 2336 insuper
1017 2266 1159 2330 apud
1218 2264 1495 2319 Osi-oenos
1557 2265 1751 2331 fuere,
1798 2268 1993 2322 eodem
2059 2274 2310 2340 prieclari

741 2358 926 2421 modo,
982 2357 1356 2418 Bardcsanes,
1404 2369 1458 2410 et
1496 2357 1638 2412 ﬁlius
1685 2360 1803 2428 ejus
1858 2360 2208 2418 Ilarmouius.
2247 2367 2312 2419 Et

743 2460 898 2520 pater
931 2452 1154 2518 quidem
1186 2450 1427 2503 nominis
1456 2451 1538 2502 sui
1570 2452 1820 2505 hceresim
1851 2452 2131 2509 instituit:
2169 2456 2313 2512 lilius

742 2554 925 2596 autem
980 2542 1184 2596 (Irmcis
1240 2541 1546 2609 disciplinis
1604 2543 1737 2596 satis
1791 2546 2085 2608 eruditus,
2144 2549 2312 2616 patris

743 2639 969 2692 vocibus
1019 2637 1279 2707 legitimis
1327 2638 1504 2690 modis
1556 2638 1892 2708 musicisque
1931 2643 2178 2698 numeris
2223 2644 2312 2698 in-

743 2731 909 2783 clusis
942 2730 1136 2782 ordine
1172 2729 1432 2782 circulari
1467 2729 1520 2782 iu
1556 2731 1726 2784 choro
1757 2747 1852 2786 eas
1885 2734 2008 2787 cani
2049 2734 2310 2800 instituit,

746 2837 885 2890 quos
914 2839 977 2875 c.\
1011 2838 1074 2874 ι·0
1111 2833 1359 2890 tempore
1389 2821 1672 2889 hucusque
1695 2823 1814 2892 Syri
1845 2825 2140 2893 psallentes
2159 2844 2318 2882 usur-

747 2925 917 2982 pant:
951 2929 1056 2965 non
1107 2912 1184 2965 illi
1227 2912 1449 2982 quidem
1492 2915 1833 2969 carminibus
1872 2914 2007 2985 ipsis
2046 2918 2208 2973 sicuti
2245 2920 2314 2972 ab

745 3007 837 3059 illo
862 3017 986 3059 sunt
1022 3006 1258 3074 prodita,
1291 3006 1388 3061 sed
1417 3006 1565 3061 sonis
1595 3018 1808 3061 tantum
1839 3023 2028 3062 eorum
2070 3020 2309 3066 utentes.

743 3100 877 3153 Nam
905 3100 994 3153 ille
1018 3100 1082 3153 ad
1115 3110 1397 3168 paternam
1423 3101 1683 3171 delapsus
1707 3101 1982 3166 hieresim,
2008 3102 2314 3174 eademque

2417 618 2616 670 σιλείου
2657 617 2840 688 φωνὴν
2875 617 3208 686 λογίζεσθαι.
3250 617 3422 682 Λόγος
3470 630 3532 681 γε
3585 615 3693 683 μὴν
3725 614 3813 664 τὸν
3848 611 3991 663 θεῖον

2427 710 2665 779 Ὶεῖφραὶμ
2731 713 3051 780 τριακοσὲας
3110 710 3379 780 μυριάδας
3435 707 3585 759 ἐπῶν
3648 705 3989 773 συγγράψαι.

2414 803 2607 854 Πολλοὶ
2656 802 2712 854 δέ
2765 803 2859 854 καὶ
2922 802 3214 870 φοιτῶντες
3274 795 3417 871 ἦσαν
3463 799 3608 866 αὐτῷ
3640 800 3781 851 κατὰ
3833 797 3994 864 ζῆλον

2416 892 2747 956 παιδεύσεως
2803 894 2896 945 καὶ
2954 893 3313 960 φιλοσοφῗας·
3369 884 3444 943 ὧν
3495 888 3758 956 ἐπίσημοι
3815 885 3994 954 τούτῳ

2414 985 2707 1054 γεγόνασιν
2765 984 2963 1045 ’Λὸϐἄς
3019 987 3111 1036 καὶ
3162 982 3445 1053 Ζηνόὸιος,
3496 980 3750 1048 Ἀϐραάμ
3798 995 3857 1030 τε
3897 977 3995 1029 καὶ

2413 1076 2612 1146 Μαρὰν
2641 1077 2734 1129 καί
2785 1074 3030 1145 Συμεὼν,
3069 1075 3263 1144 Σύροις
3306 1075 3446 1142 μέγα
3479 1070 3635 1132 κλέος
3666 1071 3816 1132 δντες
3843 1108 3856 1130 ,
3894 1067 3992 1119 καὶ

2412 1171 2526 1223 ὅσοι
2559 1168 2647 1222 ἐπ’
2681 1169 2908 1238 ἀκριϐὲς
2937 1168 3038 1237 τῆς
3070 1167 3293 1220 ἐκείνων
3324 1164 3588 1234 μετέσχον
3622 1161 3954 1221 παιδεύσεως
3983 1175 3997 1188 '

2413 1262 2471 1314 ἐν
2518 1261 2653 1324 [σοις
2701 1262 2758 1314 δδ
2805 1261 2990 1323 τόποις
3023 1261 3228 1324 αὐτοῖς,
3265 1257 3360 1312 καὶ
3404 1257 3499 1310 ἐπὶ
3548 1253 3855 1322 εὖγλωττίᾳ
3890 1254 3997 1320 μά-

2413 1355 2594 1418 λιστα,
2650 1354 2948 1415 Παυλωνᾶς
2998 1369 3058 1405 τε
3108 1352 3200 1405 καὶ
3243 1349 3495 1419 Ἀναράδ,
3557 1347 3651 1410 οὓς
3707 1346 3998 1414 ὀλισέῆσαι

2414 1449 2570 1516 λόγος
2606 1451 2661 1510 ἐς
2711 1448 2939 1517 ὕστερον
2996 1446 3092 1500 καὶ
3140 1446 3234 1514 τῆς
3291 1443 3478 1511 ὑγιοῦς
3529 1443 3767 1503 πίστεως
3797 1442 4002 1507 ἐκτραο

2414 1545 2606 1611 πῆναι.
2658 1543 2763 1594 Καὶ
2812 1541 2960 1595 ἄλλοι
3018 1540 3063 1591 δ’
3119 1541 3173 1591 ἐν
3230 1539 3540 1607 Ὀσροηνοῖς
3593 1535 3862 1603 ἐγένοντο,
3906 1533 4003 1584 τὸν

2417 1639 2529 1689 ἴσον
2558 1637 2761 1704 τρόπον
2805 1635 3088 1703 ἐλλόγιμοι
3116 1651 3130 1665 ο
3163 1631 3521 1700 Βαρλησάνης
3559 1646 3619 1680 τε
3659 1628 3753 1680 καὶ
3793 1629 3820 1679 6
3867 1627 4004 1685 παῖς

2426 1730 2735 1799 Ἀρμόνιος,
2767 1721 2842 1780 ὧν
2893 1729 2921 1780 6
2974 1728 3072 1794 μὲν
3120 1725 3215 1790 τὴν
3268 1724 3560 1791 ἐπώνυμον
3626 1720 4001 1787 συνεστήσατο

2415 1822 2628 1889 αἰρεσιν
2651 1836 2664 1848 ·
2702 1820 2730 1872 6
2762 1820 2817 1872 δὲ
2851 1804 2977 1880 παῖς
3008 1816 3378 1884 ἀποχρώντως
3406 1813 3496 1865 διὰ
3521 1812 3627 1864 τῶν
3662 1807 4003 1877 Ἑλληνικῶν

2417 1909 2592 1974 λύγων
2620 1908 2828 1975 ἀχθεὶς,
2857 1905 3078 1973 μέτροις
3106 1905 3287 1972 νῦμων
3318 1903 3411 1953 καὶ
3446 1901 3731 1968 μουσικοῖς
3767 1897 4003 1968 ῥυθμοῖς

2419 2001 2519 2062 τάξ
2559 2000 2822 2068 πατρίους
2857 1998 3034 2064 ὑπῆγε
3069 1996 3275 2064 φωνὰς,
3305 1997 3400 2046 καὶ
3447 1995 3588 2046 κατὰ
3622 1992 3821 2044 κύκλον
3854 1989 4004 2059 ᾄδειν

2421 2091 2583 2161 χοροῦ
2645 2089 3081 2159 παρεδίδου,ὃσα
3146 2086 3237 2137 καὶ
3297 2083 3392 2136 νῦν
3449 2085 3507 2146 ἐξ
3569 2083 3782 2132 ἐκείνου
3833 2079 4000 2146 Σύροι

2419 2185 2632 2252 ἔχοντες
2687 2181 2952 2250 ψάλλουσι
2982 2196 2992 2208 ⁸
3040 2180 3181 2247 πλὴν
3237 2179 3340 2230 οὐκ
3394 2176 3530 2228 αὐτὰ
3578 2176 3758 2226 ἐκεῖνα
3807 2171 4001 2238 ὥσπερ

2420 2279 2622 2335 ἐκεῖνος
2679 2274 2918 2338 ἐξέθετο,
2951 2275 3134 2341 μόνοις
3183 2273 3237 2323 δὲ
3291 2273 3394 2330 τοῖς
3447 2270 3636 2337 μέλεσι
3693 2266 3995 2335 χρώμενοι.

2420 2369 2532 2437 Τῆς
2562 2369 2670 2438 γὰρ
2700 2366 2976 2436 πατρικῆς
3020 2367 3286 2434 αἱρέσεως
3328 2359 3638 2430 μετασχὼν,
3672 2360 3765 2410 καὶ
3797 2358 4000 2423 ἐπίσης

2419 2461 2649 2531 ’Ἕλλησι
2684 2461 2810 2526 περὶ
2838 2459 3104 2527 γενέσεως
3137 2457 3314 2524 ψυχῖς
3348 2457 3438 2505 καὶ
3474 2453 3681 2518 φθορᾶς
3717 2449 3996 2516 σώματος.

2419 2556 2511 2606 καὶ
2546 2555 2643 2622 τῆς
2683 2552 2950 2620 ἐσομένης
2985 2547 3402 2615 παλιγγενεσίας
3435 2541 3696 2608 δοξάζων,
3732 2544 3845 2601 τοῖς
3889 2541 4002 2593 ὑπὸ

2419 2647 2590 2714 λύραν
2627 2645 2814 2712 μέλεσι
2850 2644 2946 2704 τὰς
2996 2643 3252 2703 τοιαύτας
3296 2641 3452 2704 δόξας
3497 2638 3860 2703 ὑπέσπειρεν·
3916 2628 4001 2694 οἷς

2419 2738 2466 2791 ei
2503 2738 2682 2790 πολλοῖ
2727 2736 2839 2789 τῶν
2896 2735 3082 2805 Σύρων
3120 2733 3616 2801 κατακηλούμενοι,
3649 2730 3832 2798 ἠρέμα
3881 2743 3999 2787 πως

2421 2828 2828 2900 προσειθίζοντο
2874 2829 2972 2891 τὰς
3013 2827 3273 2889 τοιαύτας
3314 2826 3473 2890 δόξας
3521 2822 3842 2890 προσίεσθαι
3893 2821 4000 2870 ὑπὸ

2418 2921 2514 2975 τοῦ
2567 2921 2796 2983 κάλλους
2837 2919 2948 2972 τῶν
2997 2919 3281 2987 ὀνομάτων
3335 2918 3430 2968 καὶ
3465 2915 3556 2968 τοῦ
3594 2915 3689 2981 τῆς
3723 2913 4000 2982 μελῳδίας

2423 3013 2654 3084 ῥυθμοῦ.
2698 3012 2760 3064 '0
2793 3010 2976 3066 τοίνυν
3030 3011 3173 3072 θεῖος
3213 3007 3455 3077 Ἐφραὶμ
3505 3005 3668 3058 τοῦτο
3723 3020 3998 3070 συνεγνω-

2421 3105 2553 3168 κὼς,
2585 3107 2792 3171 καίπερ
2834 3099 3154 3169 Ἑλληνικῆς
3186 3097 3439 3156 παιδείας
3487 3096 3718 3164 ἄμοιρος
3751 3094 3849 3155 ὣν,
3880 3095 4001 3156 τοῖς

742 3207 864 3245 cum
899 3190 1100 3245 Gr.ecis
1130 3192 1196 3246 de
1221 3192 1416 3246 animm
1454 3194 1817 3263 generatione
1849 3203 1904 3249 et
1938 3198 2192 3264 corporis
2222 3198 2312 3252 in-
2341 3229 2383 3288 ρ
2423 3211 2432 3263 ι

2307 3228 2383 3288 ιε
2423 3195 2643 3264 μέτροις
2687 3189 2979 3261 ’Δρμονίου
3031 3189 3424 3255 ἐπιστατήσας,
3472 3186 3566 3238 καὶ
3615 3188 3727 3246 τοῖς
3777 3185 3997 3236 ἐκείνου

747 3284 910 3337 teritu
935 3326 947 3346 ,
993 3301 1206 3338 necnon
1239 3285 1306 3338 de
1337 3284 1522 3340 futura
1564 3286 1984 3356 regeneratione
2027 3289 2310 3358 opinatus,

748 3377 930 3445 lyricis
957 3377 1194 3430 modulis
1215 3375 1496 3432 doctrinas
1522 3378 1791 3448 ejusmodi
1821 3379 2316 3448 aspersit.,Quibus

747 3467 904 3521 tnulti
952 3485 1013 3520 ex
1059 3467 1211 3538 Syris
1257 3477 1481 3538 propter
1533 3469 1827 3524 verborum
1881 3481 2224 3526 venustatem
2261 3481 2316 3527 et

749 3574 1010 3612 sonorum
1050 3575 1308 3613 numeros
1351 3560 1622 3625 demulsi,
1669 3561 1926 3630 paulatim
1962 3564 2317 3631 opinionibus

751 3650 950 3703 talibus
983 3649 1316 3718 recipiendis
1346 3659 1475 3705 sunt
1506 3651 1822 3706 assuefacti.
1852 3652 2123 3708 Cmterum
2156 3655 2317 3710 divus

749 3742 1008 3810 Ephraim
1040 3757 1103 3795 ea
1135 3758 1193 3796 re
1223 3743 1463 3811 cognita,
1492 3745 1745 3810 quamvis
1769 3743 2082 3799 Grtccarum
2113 3749 2315 3802 artium

748 3851 966 3901 etpers,
1000 3834 1281 3889 llarmonii
1324 3851 1585 3890 numeros
1632 3837 1951 3891 moderatus
1986 3847 2113 3893 est:
2153 3848 2319 3910 atque

751 3925 998 3995 ejusdem
1046 3926 1307 3988 modulis,
1354 3926 1690 3980 carminibus
1742 3929 2125 3983 ecclesiasticie
2194 3945 2320 3985 sen-

753 4018 937 4072 lentim
969 4019 1251 4083 consonis,
1280 4017 1533 4086 adjectis,
1568 4018 1720 4088 Syris
1749 4019 1814 4072 ad
1848 4019 1951 4072 hoc
1984 4035 2156 4089 usque
2185 4030 2319 4076 tem-

751 4127 853 4180 pus
876 4126 939 4164 ea
969 4110 1213 4164 canenda
1244 4109 1413 4162 dedit.
1448 4109 1606 4178 713
1641 4109 1775 4164 Nam
1811 4109 2030 4163 divinos
2089 4111 2321 4182 hymnos

752 4203 1045 4271 plurimos,
1076 4201 1279 4268 quibus
1313 4201 1481 4254 Deum
1513 4201 1567 4252 in
1603 4201 1798 4267 primis
1829 4201 2092 4262 celebrat.
2125 4213 2179 4256 et
2207 4204 2324 4256 lau-

752 4295 850 4348 des
892 4301 1154 4362 prmtcrea
1200 4294 1444 4346 virorum
1482 4293 1573 4361 qui
1620 4293 1876 4347 instituto
1908 4294 2018 4348 Deo
2047 4295 2322 4362 ,placuere

752 4387 922 4447 canit,
958 4387 1023 4439 ad
1061 4384 1344 4438 llarmonii
1384 4377 1691 4438 carminum
1726 4386 1876 4454 leges
1909 4387 2256 4455 composuit:
2292 4403 2321 4442 a

751 4480 978 4545 quibus,
1013 4487 1071 4530 ut
1121 4477 1372 4545 equidem
1405 4486 1571 4545 puto,
1620 4493 1715 4546 per
1749 4478 2118 4532 aemulationis
2164 4479 2324 4532 ardo-

2420 3285 2606 3355 μέλεσι
2636 3281 2962 3353 συμφώνους
3015 3279 3158 3350 ᾠδὰς
3205 3281 3317 3341 τοῖς
3352 3277 3827 3347 ἐκκλησιαστικοῖς
3866 3276 3998 3342 δόγ-

2419 3393 2547 3446 μασι
2622 3373 3035 3443 παραθέμενος.
3111 3373 3164 3433 ἐς
3219 3369 3626 3440 δεῦρφΣύροις
3707 3368 3999 3438 παρέδωκε

2415 3468 2658 3538 ψάλλειν.
2714 3465 2904 3526 Θείους
2958 3465 3064 3532 γάρ
3124 3461 3328 3531 ὕμνους
3382 3460 3674 3521 πλείστους
3736 3460 3998 3526 ἐπόνησε,

2416 3557 2536 3628 Θεῷ
2587 3557 2681 3610 τὸν
2734 3551 2884 3608 αἶνον
2929 3553 3249 3616 ἀνατιθείς·
3309 3555 3402 3606 καὶ
3464 3552 3719 3622 ἐγκώμια
3782 3552 3999 3622 ἀνδρῶν

2417 3649 2607 3716 ἀγωγῇ
2642 3645 2761 3716 βίον
2807 3644 3297 3714 εὐαρεστησάντων
3330 3643 3473 3712 Θεῷ,
3505 3644 3644 3696 κατὰ
3685 3643 3850 3711 νόμον
3898 3644 4001 3710 τῆς

2433 3739 2716 3808 Ἁρμονίου
2745 3736 2889 3806 ᾠδῆς
2917 3751 2931 3768 ο
2963 3735 3055 3803 ἀφ’
3090 3732 3164 3787 ὦν
3216 3735 3352 3804 πρὸς
3401 3735 3564 3802 ζῆλον
3603 3729 3761 3802 οἶμαι
3812 3736 3908 3786 καὶ
3949 3737 3998 3786 οἱ

2423 3828 2716 3897 μετέπειτα
2749 3828 2847 3896 τῆς
2891 3825 3217 3893 Ἐκκλησίας
3277 3824 3557 3894 μελοποιοὶ
3597 3831 3695 3888 τας
3740 3827 4002 3894 ἀφορμὰς

2419 3923 2527 3975 τῶν
2565 3921 2742 3990 μελῶν
2779 3921 3158 3990 πορισάμενοι,
3191 3918 3286 3970 ἐπὶ
3312 3918 3518 3988 μᾶλλον
3551 3920 3785 3986 αὐξῆσαι
3823 3919 4000 3972 ταῦτα.

2421 4014 2515 4065 καὶ
2546 4012 2825 4064 ἐπιδοῦναι
2861 4010 3368 4080 παρεσκευάσαντο.
3404 4010 3621 4072 ὐποῑος
3652 4012 3750 4077 μὲν
3781 4009 3875 4063 οὖν
3909 4013 4002 4062 τὸν

2420 4107 2576 4174 λόγον
2611 4109 2700 4159 καὶ
2734 4109 2797 4159 ἐκ
2832 4106 3026 4159 τούτου
3080 4106 3337 4171 συνάγειν
3383 4105 3532 4157 ἐστιν
3561 4122 3575 4136 ·
3603 4110 3629 4159 6
3663 4107 3720 4159 δὲ
3758 4110 3869 4175 βίος
3900 4110 4002 4159 αύ-

2421 4195 2514 4248 τοῦ
2544 4195 2660 4246 λίαν
2706 4195 3110 4264 ἡκριϐωμένος,
3149 4199 3268 4257 ταῖς
3316 4195 3551 4263 ἀγαθαῖς
3587 4199 3696 4250 τῶν
3743 4200 4004 4269 πράξεων

2423 4287 2836 4357 καλλυνὸμενος.
2875 4289 3044 4349 Πολὺς
3091 4288 3135 4340 δ’
3171 4289 3383 4354 ἐπάγαν
3436 4285 3503 4359 ἦν
3558 4292 3705 4360 αύτῴ
3749 4297 3844 4346 καὶ
3899 4295 4003 4359 τῆς

2424 4380 2650 4450 ἡσυχίας
2697 4380 2725 4431 6
2771 4381 2932 4448 ἔρως.
2994 4380 3198 4449 Σεμνὺς
3244 4379 3289 4434 δ’
3331 4382 3428 4451 οὐχ
3467 4378 3630 4454 ἧττον
3682 4383 3778 4448 ὢν,
3820 4387 3877 4448 ἐς
3913 4405 4006 4440 το-

2429 4470 2613 4523 σοῦτον
2651 4472 2748 4534 τὰς
2779 4471 3042 4542 διαψορὰς
3082 4472 3391 4542 ηὑλαὸεἰτο,
3427 4475 3502 4538 ὡς
3549 4479 3739 4545 σχεδον
3769 4483 3861 4532 καὶ
3895 4482 4006 4533 πᾶς

755 4586 911 4633 rem,
965 4569 1308 4638 posteriores
1361 4569 1609 4623 ecclesia:
1661 4581 1920 4623 eautores
1969 4571 2317 4625 modulorum
2353 4567 2393 4621 D
2426 4578 2445 4612 α

2311 4567 2393 4624 ,1)
2426 4578 2522 4613 σαν
2571 4561 2693 4631 ὅφιν
2743 4563 3109 4631 ἐκτρέπεσθαι
3160 4565 3440 4631 γυναικός.
3492 4567 3728 4636 Φέρεται
3763 4565 3877 4632 οὖν,
3925 4571 4001 4633 ὡς

753 4663 1018 4717 formulas
1052 4661 1307 4720 mutuati.
1346 4661 1516 4731 magis
1537 4661 1703 4716 etiam
1733 4673 1898 4732 atque
1922 4663 2092 4732 magis
2116 4679 2318 4733 augere

753 4766 916 4825 atque
954 4769 1259 4824 propagare
1293 4770 1387 4809 eas
1416 4765 1541 4807 sunt
1576 4758 1837 4826 aggressi.
1869 4755 2057 4822 Qualis
2085 4759 2251 4828 igitur
2275 4759 2322 4813 is

753 4865 1007 4902 sermone
1058 4848 1241 4910 fuerit,
1277 4846 1359 4899 vel
1409 4863 1475 4900 ex
1525 4847 1630 4900 hoc
1683 4849 1799 4913 ipso
1845 4848 2123 4917 conjicere
2172 4849 2318 4904 licet.

759 4939 876 4992 \‘ita
909 4955 1040 4992 vero
1075 4938 1122 4992 ei
1172 4937 1327 4991 valde
1371 4946 1585 5001 exacta,
1621 4948 1676 4992 et
1716 4937 1874 4991 bonis
1907 4938 2167 5008 operibus
2192 4954 2321 5008 spe-

753 5037 896 5080 ctata
925 5028 1048 5079 fuit.
1075 5027 1328 5092 Quietem
1356 5026 1519 5079 etiam
1546 5027 1717 5080 multo
1747 5025 1929 5080 studio
1951 5037 2033 5080 est
2055 5038 2319 5083 sectatus.

754 5120 816 5171 Et
859 5129 1083 5186 propter
1115 5134 1329 5170 morum
1356 5118 1662 5172 castitatem
1697 5125 1982 5187 tantopere
2017 5119 2320 5172 calumnias

754 5211 1037 5270 devitavit,
1089 5219 1148 5262 ut
1200 5209 1312 5262 fere
1361 5226 1390 5262 a
1439 5220 1740 5279 conspectu
1792 5211 2042 5264 mulieris
2093 5227 2321 5280 prorsus

755 5303 1127 5358 abhorruerit.
1186 5302 1379 5356 Fertur
1424 5319 1585 5368 sane,
1640 5319 1763 5358 cum
1819 5303 2015 5357 mulier
2068 5304 2319 5372 quaedam

757 5395 902 5448 nulla
943 5410 1169 5462 prorsus
1204 5396 1324 5447 vit-.e
1359 5395 1674 5463 disciplina,
1719 5405 1774 5448 et
1817 5394 2027 5462 pudore
2061 5396 2230 5460 nullo,
2266 5396 2318 5449 in

756 5496 986 5554 angusto
1018 5485 1313 5538 admodum
1355 5487 1471 5539 loco
1507 5487 1556 5540 ei
1599 5487 1754 5540 obvia
1793 5485 1931 5538 facta
1957 5527 1970 5549 ,
2018 5486 2130 5540 sive
2182 5501 2319 5540 cou-

758 5578 901 5629 stulto
949 5577 1114 5630 veluti
1161 5577 1337 5630 virum
1379 5586 1681 5639 tentatura,
1723 5593 1817 5630 seu
1849 5577 1918 5630 ab
1955 5577 2078 5630 aliis
2121 5589 2179 5630 ut
2215 5578 2319 5631 hoc

758 5669 963 5725 faceret
1006 5672 1257 5724 mercede
1302 5669 1609 5727 cunduCIa.
1647 5670 1838 5741 oculos
1881 5671 1999 5723 sine
2041 5669 2318 5724 intermis-

754 5762 907 5814 sione
935 5761 985 5813 in
1024 5777 1145 5814 eum
1185 5761 1507 5830 conjiceret.
1545 5762 1836 5830 increpans
1869 5763 1922 5815 iu
1957 5771 2159 5816 terram
2196 5780 2312 5816 eam

757 5853 1071 5922 prospicere
1123 5853 1387 5923 jussissc,
1449 5853 1703 5923 illamque
1759 5854 2102 5914 respondisse
2140 5898 2152 5908 .
2207 5855 2313 5912 Sed

2421 4656 2559 4724 γυνὴ
2608 4655 2924 4708 παντάπασι
2965 4656 3060 4708 τοῦ
3105 4655 3221 4726 βίου
3255 4659 3564 4725 ἀνάγωγος,
3598 4662 3696 4714 καὶ
3733 4662 4004 4732 αἰσχύνης

2420 4748 2492 4810 ὡς
2545 4749 2906 4819 πορρωτάτω,
2970 4749 3061 4800 ἐπί
3114 4767 3220 4803 τινι
3290 4752 3553 4821 στενωπῷ
3606 4754 3682 4822 τῷ
3753 4755 4006 4825 Ἐφραὶμ

2423 4831 2804 4908 ἀπαντήσασα,
2832 4839 2864 4910 ἢ
2896 4840 3057 4893 τοῦτο
3087 4841 3427 4912 προθεμένη,
3460 4844 3554 4897 iit;
3587 4845 3652 4910 δὴ
3677 4845 3773 4899 τοῦ
3803 4847 4003 4919 ἀνδρὶς

2424 4933 2692 5001 πειρῶσα,
2727 4933 2759 5002 ἢ
2799 4930 2992 5001 μισθοῦ
3022 4933 3206 4997 ἄλλοις
3239 4935 3400 4988 τοῦτο
3430 4939 3774 5007 πράττουσα,
3807 4943 4002 5005 ἀτενὲς

2423 5025 2724 5077 εἰσϐάλλειν
2771 5025 2872 5088 τὰς
2924 5025 3074 5094 ὄψεις
3124 5029 3292 5098 αὐτῷ.
3338 5031 3443 5083 Τὸν
3489 5031 3534 5085 δ’
3568 5035 4000 5104 ἐπιτιμήσαντα,

2422 5117 2500 5178 είς
2550 5117 2652 5184 γῆν
2691 5118 2818 5187 ὸρᾷν
2863 5117 3138 5172 κελεῦσαι.
3179 5120 3244 5173 Ἢ
3270 5119 3335 5185 δ’,
3380 5123 3539 5176 Ἀλλὰ
3584 5124 3724 5188 πῶς,
3755 5126 3884 5193 ἔφη,
3920 5133 4004 5190 εἰς

2423 5208 2529 5274 γῆν
2561 5211 2670 5274 ἐγὼ
2705 5209 2920 5277 βλέψως
2953 5210 3134 5279 πολλῷ
3165 5212 3276 5282 γάρ
3310 5230 3368 5265 σε
3412 5214 3753 5285 δικαιότερον
3788 5219 4003 5288 ταύτην

2423 5303 2573 5371 ὁρᾷν,
2618 5302 2958 5372 πρόσλημμα
2989 5305 3191 5373 ταύτης
3244 5306 3391 5358 ὄντα.
3424 5307 3455 5376 ἢ
3485 5309 3604 5375 ἐμέ.
3661 5309 3818 5374 Ἐμοὶ
3859 5312 3904 5363 δ’
3939 5317 4005 5367 ὲκ

2426 5393 2519 5445 σοῦ
2572 5395 2669 5462 τὴν
2723 5397 2934 5460 γένεσιν
2985 5398 3272 5466 ἐσληκυίᾳ,
3313 5399 3403 5448 καὶ
3471 5403 3603 5470 προς
3654 5418 3712 5452 σε
3774 5404 4002 5470 βλέπειν

2424 5485 2663 5551 εύλογον.
2711 5486 2947 5538 Ἐκεῖνον
3005 5488 3060 5540 δὲ
3112 5489 3388 5556 ἀγάμενον
3444 5493 3503 5543 τὸ
3546 5493 3735 5561 ῥηθὲν,
3778 5498 4005 5565 γραφῆς

2422 5577 2649 5641 ἀξιῶσαι
2677 5595 2691 5606 ·
2727 5578 2755 5629 ὃ
2787 5583 2876 5631 καὶ
2905 5579 3062 5646 Σύροι
3135 5582 3207 5642 ὼς
3235 5582 3293 5633 ’ἐν
3333 5599 3386 5634 τι
3431 5583 3537 5634 τῶν
3567 5584 3779 5637 ἐκείνου
3828 5605 4002 5640 σπου-

2421 5671 2584 5721 δαίων
2614 5669 2940 5736 λογίζονται.
2992 5672 3156 5743 Ὀργῇ
3194 5674 3250 5726 δὲ
3289 5676 3357 5726 τὰ
3410 5678 3606 5743 πρῶτα
3655 5678 3998 5748 ἡττώμενος.

2425 5765 2483 5828 ἐξ
2515 5758 2573 5816 οὗ
2619 5764 2928 5830 ςιλοσοτείν
2974 5765 3197 5834 ἤρξατο,
3231 5769 3495 5836 μηδαμῶς
3530 5771 3791 5840 θεαθῆναι
3841 5775 4004 5842 θυμῷ

2424 5858 2757 5926 κινούμενα.
2784 5859 2889 5910 Καὶ
2924 5859 2984 5928 δή
3019 5861 3135 5912 ποτ’
3161 5862 3250 5914 ἐπὶ
3277 5862 3494 5925 πολλαῖς
3522 5865 3779 5934 ἡμέραις,
3808 5868 3998 5934 εἰωθὺς
