4280 6436
850 413 949 476 9.91

2070 408 2113 468 Ν
2132 405 2488 466 ΙΟΕΡΗΟΒΙ
2536 406 2881 465 ΟΑΙᾸᾸΞΤΙ

4007 408 4150 473 ΞΘἿ

847 526 1134 582 excutiens
1163 525 1315 594 legit.
1353 521 1557 577 Deinde
1590 520 1820 574 Tarsum
1852 519 1917 573 ad
1948 519 2274 580 Antonium,
2307 517 2417 571 Lu-
2445 523 2490 579 Α
2522 519 2537 582 ξ

2445 523 2490 579 Α
2522 517 2708 588 ζεκιὴλ
2745 517 3038 586 διδαχθεὶς,
3099 516 3342 587 ἀκρασία
3380 516 3644 587 γλώττης,
3683 520 3776 572 καὶ
3813 520 3890 589 τῷ
3923 520 4117 573 δυσσε-

846 623 1006 675 cinno
1037 619 1266 688 martyri
1312 629 1522 677 notum.
1561 617 1732 672 venit.
1769 616 1814 668 A
1850 628 1959 684 quo
1990 612 2309 681 Apostolum
2343 610 2423 663 di-

845 727 1025 773 scens,
1069 711 1200 764 satis
1238 710 1327 762 diu
1365 725 1486 762 cum
1532 724 1620 771 eo,
1671 722 1794 760 cum
1828 705 2011 759 adhuc
2054 707 2106 758 in
2139 702 2420 774 presbyte-

849 818 1032 854 rorum
1084 801 1277 854 ordine
1321 807 1485 859 esset,
1547 798 1768 852 mansit.
1817 797 1919 852 Ubi
1971 812 2099 850 vero
2149 794 2422 848 Antonius

844 895 1086 964 episcopi
1124 894 1459 947 iunctionem
1487 892 1751 960 suscepit.
1786 905 1964 958 neque
1993 889 2099 958 jam
2132 887 2418 946 doctrinas.

845 1004 950 1054 qua
993 986 1211 1038 Aetium
1257 985 1570 1047 erudiebat,
1607 997 1801 1036 vacare
1850 989 2062 1049 posset.
2099 979 2188 1032 ille
2234 978 2423 1032 Antio-

850 1080 1030 1129 rhiam
1080 1087 1166 1130 est
1208 1093 1483 1130 reversus.
1531 1074 1594 1126 Et
1637 1072 1712 1128 ibi
1754 1089 1876 1127 cum
1918 1089 1945 1126 a
1977 1073 2207 1126 Leontio
2241 1072 2422 1126 adhuc

845 1172 1169 1241 presbytero
1206 1169 1451 1235 (aniani
1495 1168 1749 1238 martyris
1779 1176 1832 1220 et
1881 1166 1968 1220 hic
2000 1165 2222 1219 habitus
2248 1174 2423 1217 secta-

845 1262 953 1331 tor)
992 1262 1310 1330 prophetas,
1346 1272 1509 1327 atque
1548 1259 1600 1312 in
1649 1259 1840 1328 primis
1874 1259 2220 1312 Ezechielem
2259 1257 2421 1311 doce-

845 1363 1014 1416 retur,
1081 1361 1306 1420 propter
1350 1352 1548 1420 linguae
1581 1351 2084 1420 intemperantiam,
2119 1360 2171 1403 ct
2203 1360 2422 1404 senten—

849 1449 935 1500 tiae
983 1447 1343 1514 impietatem,
1391 1448 1518 1499 inde
1554 1461 1745 1499 rursus
1779 1455 1866 1499 est
1900 1446 2183 1514 expulsus.
2233 1443 2418 1513 Itaque

849 1539 1203 1608 sophisticam
1247 1556 1533 1603 exercens,
1583 1548 1637 1592 ct
1673 1539 1975 1593 certamine
2019 1553 2144 1592 cum
2194 1538 2274 1591 eis
2325 1537 2417 1605 qui

841 1630 977 1682 clari
1010 1646 1077 1683 eo
1121 1630 1303 1682 studio
1340 1640 1499 1682 erant
1532 1629 1916 1699 congrediens,
1957 1628 2074 1682 loca
2108 1627 2276 1681 multa
2314 1629 2420 1680 cir—

840 1725 1055 1775 cumiit.
1104 1722 1298 1775 Postea
1348 1738 1478 1774 vero
1527 1731 1581 1774 et
1627 1722 1893 1774 medicam
1941 1728 2114 1774 artem
2163 1731 2419 1775 accurate

840 1816 1050 1868 didicit.
1106 1813 1324 1882 Sopolis
1379 1814 1430 1865 in
1491 1813 1584 1865 tali
1627 1812 1917 1879 disciplina
1955 1811 2153 1865 doctor
2187 1813 2238 1865 ei
2289 1811 2411 1876 fuit,

840 1910 922 1960 vir
975 1909 1026 1960 in
1080 1923 1146 1960 eo
1213 1907 1399 1961 studio
1471 1905 1676 1959 nemini
1726 1907 2021 1960 secundus.
2074 1906 2192 1974 Ipse
2243 1906 2407 1959 etiam

838 2002 1028 2055 Aetius
1076 2002 1315 2069 Optimus
1353 2001 1404 2052 in
1445 2016 1511 2053 eo
1558 2000 1797 2062 habitus,
1847 2000 2090 2069 gratuito
2139 2013 2411 2067 pauperes

838 2096 1068 2148 curavit.
1101 2095 1255 2160 Quod
1296 2095 1337 2147 si
1371 2094 1668 2154 aliquando
1691 2103 1891 2161 egeret.
1924 2102 2088 2147 noctu
2115 2093 2180 2147 ad
2219 2109 2411 2163 quem-

837 2189 981 2256 ].iam
1032 2189 1162 2241 artis
1211 2203 1322 2239 suae
1375 2188 1656 2256 peritum,
1708 2202 1774 2238 ne
1833 2187 2073 2240 interdiu
2133 2203 2160 2239 a
2213 2187 2410 2240 studiis

837 2281 1145 2350 potioribus
1179 2279 1569 2343 abduceretur,
1621 2279 1805 2333 adibat
1839 2297 1852 2332 :
1887 2292 1940 2332 et
1981 2296 2175 2332 aurum
2204 2320 2219 2344 ,
2262 2281 2408 2348 quod

834 2375 1179 2428 accuratiore
1237 2383 1352 2427 arte
1419 2371 1815 2424 elaborandum
1873 2382 2054 2435 esset,
2122 2373 2341 2440 petebat
2391 2388 2406 2426 :

835 2478 1001 2536 atque
1042 2482 1208 2535 opere
1241 2466 1496 2519 celeriter
1523 2465 1786 2533 perfecto,
1819 2473 1874 2518 et
1901 2465 1968 2517 ab
2000 2465 2247 2532 ejusdem
2276 2465 2408 2518 artis

833 2559 1029 2628 opiﬁce
1078 2556 1328 2612 mercede
1360 2567 1605 2625 accepta,
1639 2557 1806 2608 vitam
1855 2557 2132 2610 toleravit.
2173 2556 2408 2610 Leontio

834 2666 968 2706 vero
996 2649 1063 2703 ad
1103 2651 1482 2718 episcopatum
1519 2648 1924 2702 Antiochenum
1960 2663 2176 2715 evecto,
2214 2651 2408 2704 Aetius

834 2745 902 2798 ab
925 2759 990 2797 eo
1016 2743 1283 2797 diaconus
1309 2741 1644 2811 designatus,
1677 2752 1732 2796 et
1757 2742 1823 2796 ad
1850 2757 2049 2796 munus
2079 2743 2133 2795 in
2173 2744 2406 2799 ecclesia

832 2835 1064 2888 docendi
1092 2834 1337 2888 delectus
1363 2843 1467 2887 est.
1502 2835 1570 2886 At
1599 2834 1716 2902 ipse
1743 2833 2091 2887 diaconatum
2123 2835 2407 2905 suscipere

831 2928 1067 2988 veritus,
1097 2926 1330 2980 docendi
1363 2925 1704 2980 iunctionem
1732 2943 1838 2978 non
1880 2927 2090 2995 rejecit.
2122 2927 2298 2997 Atque
2328 2929 2404 2982 ibi

832 3020 968 3073 satis
997 3020 1086 3073 diu
1119 3028 1386 3082 versatus,
1426 3018 1811 3072 Alexandriam
1843 3020 2011 3080 venit,
2044 3020 2403 3074 Athanasium

831 3119 1277 3180 oppugnaturus,
1323 3110 1688 3163 Vehementer
1744 3125 1978 3177 namque
2040 3109 2107 3162 de
2166 3111 2414 3172 consubo.

2527 611 2610 662 δεῖ
2643 609 2735 662 τοῦ
2783 611 3155 680 φρονήματος,
3208 611 3419 662 ἐκεῖθεν
3460 611 3586 663 ἐλαύ
3625 629 3767 664 εται.
3809 613 3918 663 Καὶ
3967 629 4123 678 σοφι-

2528 702 2734 753 οτείων
2763 702 2924 772 διῄει,
2955 705 3033 765 εἰς
3067 702 3301 772 ἅμιλλαν
3328 703 3503 770 λόγων
3529 707 3639 765 τοῖς
3664 720 3729 754 πε
3743 705 3792 771 pi.
3821 705 3977 757 τοῦτο
4008 706 4088 757 δει

2526 797 2633 857 τοῖς
2657 797 3133 864 συμπλεκίμενος.
3171 799 3264 861 Εἰς
3294 798 3464 868 ἄκρον
3498 799 3544 848 δ’
3580 799 3773 849 ἔπειτα
3807 800 3905 868 τὴν
3946 802 4120 867 ἰατρι-

2525 887 2627 955 κὴν
2665 887 2892 957 ἤσκητο.
2929 887 3171 951 Σώπολις
3223 890 3268 940 δ’
3301 885 3369 958 ἦν
3407 890 3556 959 αέτῴ
3594 889 3688 942 τοῦ
3731 891 4056 958 μαθήματος
4093 894 4118 942 6

2524 978 2871 1043 διδάσκαλος,
2909 982 3045 1051 ἀνὴρ
3083 983 3140 1033 ἐν
3176 985 3239 1050 τῇ
3266 984 3430 1052 τὲχνῖ⁸
3465 983 3692 1053 μηδενὶς
3728 983 3865 1051 ἔχων
3893 986 3960 1034 τὰ
3990 984 4115 1036 6:23-

2525 1089 2580 1124 τε
2591 1075 2753 1141 ρά.“⁹Λ
2764 1090 2944 1143 ριστος
2979 1073 3022 1125 δ’

2525 1167 2650 1218 σθον
2702 1169 2929 1236 παρεῖχε
2980 1170 3090 1230 τοῖς
3134 1168 3414 1236 δεομένοις
3450 1169 3550 1235 τὴν
3593 1168 3916 1237 θεραπείαν.
3951 1169 4013 1222 Εἰ
4055 1167 4111 1219 δέ

2525 1272 2626 1306 που
2660 1254 2750 1307 καί
2779 1274 2923 1319 τινος
2955 1258 3063 1309 τῶν
3093 1257 3410 1326 ἀναγκαίων
3442 1257 3662 1324 ἐδέησεν
3691 1258 3861 1327 αὐτῷ,
3893 1258 4111 1328 νύκτωρ

3054 1077 3111 1126 ἐν
3143 1073 3318 1144 ταύτῃ
3359 1077 3548 1140 φανεὶς
3578 1076 3674 1126 καὶ
3718 1074 3948 1138 Ἀέτιος,
3985 1075 4117 1142 ἄμι-

2524 1353 2675 1416 παρά
2714 1368 2817 1403 τινι
2854 1351 2965 1404 τῶν
3007 1353 3319 1421 ὁμοτέχνων
3371 1355 3595 1422 φοιτῶν,
3646 1354 3734 1406 ἵνα
3769 1354 3844 1424 μὴ
3891 1355 4105 1423 ἡμέραις

2522 1445 2631 1496 τῶν
2672 1444 3107 1513 σπουδαιοτέρων
3152 1448 3442 1513 ἀπάγοιτο.
3475 1447 3599 1498 ὅσον
3641 1447 3734 1498 τοῦ
3767 1448 3991 1516 χρυσίου
4020 1464 4109 1500 τε-

2522 1537 2861 1607 χνικωτέρας
2893 1537 3061 1590 ἐδεῖτο
3086 1539 3289 1607 χειρός.
3320 1538 3492 1590 Τοῦτο
3524 1539 3576 1591 δὲ
3608 1540 3714 1608 ἄρα
3743 1541 4105 1610 ἐξεργαζόμε-

2524 1645 2613 1691 νος
2645 1629 2862 1693 θᾶττον,
2899 1631 3048 1698 παρὰ
3088 1630 3181 1682 τοῦ
3218 1633 3514 1701 ὁμοτέχνου
3558 1634 3649 1685 τὸν
3694 1635 3888 1702 μισθὸν
3921 1635 4116 1703 ἐκομί-

2524 1723 2668 1787 ζετο,
2706 1723 2803 1774 καὶ
2839 1723 2930 1775 τον
2970 1724 3161 1776 ἑαυτοῦ
3199 1723 3313 1793 βίον
3343 1729 3580 1795 συνεῖχε.
3618 1727 3872 1778 Λεοντίου
3912 1727 3965 1779 δέ
4019 1728 4113 1779 τὸν

2523 1815 2622 1883 τῆς
2656 1816 2993 1886 Ἀντιοχείας
3025 1818 3213 1889 θρῦνον
3249 1819 3700 1889 κληρωσαμένου,
3731 1825 3758 1873 6
3781 1823 3992 1884 ’Δέτιος
4031 1826 4112 1886 είς

2517 1909 2798 1963 διακονίαν
2840 1913 3037 1982 ἐκείνῳ
3088 1913 3533 1984 προχειρεζεται·
3569 1916 3661 1966 καὶ
3692 1916 3780 1966 ἐπ’
3813 1917 4109 1984 ἐκκλησίας

2514 1997 2787 2050 διδάσκειν
2824 2000 3220 2068 προύτρέπετο.
3263 2002 3321 2053 Ὀ
3351 2002 3407 2053 δέ
3439 2003 3574 2071 πρὸς
3608 2003 3706 2071 μέν
3738 2004 3796 2054 τὸ
3832 2003 4108 2056 διακονεῖν

2516 2091 2836 2161 ὑπεστάληο
2889 2094 2948 2145 τὶ
2998 2094 3054 2145 δέ
3109 2094 3381 2146 διδάσκειν
3439 2096 3740 2161 ἁνεδὲςετο.
3789 2097 3996 2150 Ἱκανὸν
4050 2099 4108 2151 δὲ

2514 2183 2802 2253 διατρίψας
2828 2186 3020 2254 χρόνον
3042 2187 3220 2238 ἐκεῖσε
3239 2189 3328 2240 ἐπὶ
3364 2189 3460 2257 τὴν
3489 2189 3902 2257 Ἀλεξάνδρειαν
3930 2209 4111 2260 παρα-

2513 2275 2724 2341 γίνεται
2763 2279 3138 2330 ἀντιπνεύσων
3176 2278 3339 2348 δῆθεν
3383 2281 3736 2350 Ἀθανασίῳ·
3785 2283 3951 2346 πολὺς
3998 2287 4104 2352 γάρ

2511 2364 2578 2438 ἦν
2603 2370 2743 2437 ὑπὲρ
2776 2370 2866 2423 τοῦ
2894 2373 3180 2439 ὁμοουσίον
3207 2375 3366 2442 ρἐν.
3409 2374 3567 2442 [lapsi
3595 2393 3757 2428 τινων
3792 2376 3870 2440 δὲ,
3908 2379 4002 2428 καὶ
4026 2379 4108 2439 είς

2512 2464 2817 2534 ἐπισκοπὴν
2865 2465 3327 2534 προϐαλλομένων
3372 2468 3560 2531 αὑτὸν,
3614 2470 3877 2537 ἀπηξίου.
3931 2470 4106 2542 Πρινὴ

2515 2557 2615 2626 μὲν
2656 2552 2748 2609 οὖν
2799 2558 2997 2610 Ἀέτιον
3051 2561 3161 2620 τοῖς
3222 2559 3277 2623 ἐξ
3322 2560 3534 2630 Ἀρείου
3581 2564 3872 2630 συμμίξαι,
3915 2564 3960 2614 εί
4013 2565 4109 2615 καὶ

2509 2653 2620 2712 τοῖς
2651 2650 2708 2701 τὸ
2753 2651 3042 2716 ὁμοοῦσιον
3073 2653 3442 2722 πρεσϐεύουσι
3471 2654 3810 2723 διεφέροντο,
3847 2655 3966 2707 ἀλλ’
4002 2652 4098 2707 οὖν

2511 2742 2686 2810 εὐχῶν
2710 2744 2802 2795 καὶ
2833 2741 3016 2810 ὕμνων
3044 2747 3134 2796 καὶ
3168 2743 3579 2814 βουλευμάτων,
3609 2749 3702 2800 καὶ
3738 2748 3926 2816 σχεδδν
3965 2751 4102 2801 πάν-

2511 2847 2643 2892 των,
2695 2832 3014 2885 ἐκοινώνουν
3073 2834 3346 2902 ἀλληλοις,
3380 2835 3521 2904 πλὴν
3571 2840 3671 2908 τῆς
3705 2839 3977 2907 μυστικῆς
4013 2839 4106 2892 θυο

2511 2925 2653 2987 σίας.
2699 2925 2938 2977 Ἐκεῖνου
2973 2926 3029 2978 δὲ
3063 2928 3282 2996 πρώτου
3313 2930 3411 2997 τῆς
3443 2930 3777 2993 διαστάσεως
3810 2932 4102 3000 ἄρξαντος,

2508 3017 2664 3083 λόγος
2712 3019 2809 3088 τὴν
2839 3019 3121 3089 ὁμότρονα
3163 3023 3486 3090 συναγωγὴν
3530 3025 3738 3088 πάντας
3767 3027 3889 3088 τοὺς
3923 3029 4067 3079 τοιού
4089 3058 4102 3069 -

2513 3127 2644 3173 τους
2679 3111 2867 3179 φιλίας
2891 3114 2990 3164 καὶ
3010 3114 3302 3181 συνηθείας
3331 3115 3562 3185 δεσμοίς
3580 3117 4004 3188 διαρρήξαντες,
4030 3124 4104 3182 εἰς

834 3201 1076 3256 stantiali
1123 3201 1517 3270 propugnando
1571 3201 1734 3270 718
1784 3201 2114 3254 Athanasius
2167 3202 2296 3270 egit.
2342 3204 2524 3272 Etcc

2434 3215 2477 3272 (ζ
2511 3203 2807 3256 ἀντίπαλον
2826 3208 2934 3266 τοῖς
2965 3206 3137 3266 ἄλλως
3161 3206 3450 3272 δοξάζουσι
3479 3209 3718 3276 μάλιστα
3749 3214 4101 3278 παρασκευά-

833 3310 958 3347 cum
988 3310 1016 3346 a
1041 3294 1370 3363 quibusdam
1409 3294 1475 3346 ad
1498 3293 1873 3363 episc0patum
1911 3294 2101 3348 Aetius
2131 3295 2403 3365 recipien-

834 3389 964 3441 dum
1015 3387 1259 3442 delectus
1303 3395 1473 3451 esset,
1520 3386 1840 3455 dignitatem
1889 3401 2008 3440 eam
2050 3387 2400 3455 contempsit.

835 3481 976 3533 Sane
1039 3490 1331 3548 antequam
1385 3479 1578 3534 Aetius
1637 3477 1704 3530 ad
1775 3476 2005 3531 Arianos
2068 3477 2399 3540 defecisset,

837 3573 1050 3626 tametsi
1085 3573 1160 3626 illi
1203 3573 1271 3626 ab
1313 3572 1600 3640 ὀμοούσιον
1645 3572 2099 3626 consubstantiale
2145 3572 2403 3641 proﬁten-

838 3668 982 3719 tibus
1012 3666 1374 3730 dissidebant,
1407 3664 1765 3719 nihilominus
1797 3676 1976 3718 tamen
2013 3679 2221 3731 preces,
2251 3665 2403 3734 hym-

833 3773 952 3818 nos,
987 3757 1212 3810 consilia
1248 3765 1301 3810 ct
1333 3771 1426 3830 res
1451 3771 1618 3825 prope
1659 3769 1851 3808 omnes
1884 3770 2007 3808 cum
2040 3755 2121 3809 eis
2153 3770 2400 3808 commu-

829 3850 1113 3909 nicabant,
1152 3850 1385 3917 mystico
1426 3847 1696 3901 duntaxat
1728 3848 1999 3900 sacriﬁcio
2037 3857 2288 3916 exiCpto.
2322 3847 2399 3899 Ex

827 3958 936 4009 quo
972 3950 1156 3994 autem
1207 3942 1297 3994 ille
1330 3943 1541 4009 primus
1587 3939 1958 3994 secessionem
1995 3938 2176 3993 facere
2211 3940 2394 4008 cmpit,

827 4037 1090 4090 oinnibus
1142 4036 1544 4089 consentientis
1595 4046 1942 4099 conventus,
2000 4036 2293 4097 amicitiai,
2343 4047 2399 4090 et

828 4127 1253 4182 consuetudinis
1285 4128 1522 4181 vinculis
1559 4128 1758 4196 ruptis,
1791 4128 1845 4181 in
1893 4128 2153 4182 adversas
2191 4130 2271 4182 eis
2303 4130 2397 4197 qui

829 4226 882 4275 in
915 4223 1017 4274 alia
1060 4231 1243 4275 essent
1291 4220 1553 4287 opinione
1591 4220 1825 4272 maxime
1858 4230 2040 4288 partes
2079 4234 2176 4290 per
2212 4221 2401 4274 laetio-

828 4327 952 4364 nem
983 4310 1282 4377 transiere.
1336 4309 1472 4362 Tum
1517 4324 1648 4363 vero
1694 4319 1751 4363 et
1788 4310 2091 4364 Eunomius
2127 4311 2265 4364 Aetii
2317 4326 2400 4364 sa-

826 4403 1048 4471 pientia:
1079 4395 1218 4455 fama
1254 4400 1548 4465 adductus,
1579 4415 1644 4454 ex
1678 4400 2021 4470 Cappadocia
2051 4402 2396 4456 Antiochiam

827 4495 1107 4563 prolectus
1140 4502 1243 4556 est,
1297 4501 1352 4546 et
1409 4492 1666 4547 Secundo
1715 4509 1774 4547 se
1812 4492 1886 4547 ibi
1919 4494 2204 4562 conjunxit
2242 4511 2253 4546 :
2301 4495 2395 4563 qui

2515 3311 2607 3345 σαι
2641 3295 2984 3363 καταστῆναι
3016 3300 3214 3367 μοῖραν
3237 3315 3251 3330 ·
3287 3300 3407 3352 τότε
3437 3301 3493 3353 δὲ
3525 3304 3619 3354 καὶ
3660 3303 3925 3372 Εὑνόμιος
3961 3309 4102 3359 κατά

2515 3389 2696 3441 πίστιν
2724 3391 2821 3458 τῆς
2860 3392 3070 3444 ’Λετίου
3116 3393 3306 3460 σοφίας
3365 3395 3448 3456 είς
3487 3395 3822 3466 Ἀντιόχειαν
3851 3400 3914 3449 ἐκ
3947 3400 4102 3451 Καττ-

2515 3480 2777 3541 παδοκίας
2820 3480 3102 3550 Σεκούνδῳ
3157 3485 3466 3552 συνέμιξεν.
3516 3487 3577 3538 '0
3608 3487 3663 3538 δὲ
3708 3488 3869 3539 αὐτὸν
3911 3489 4102 3557 ’Δετίῳ

2515 3574 2870 3644 συνέστησεν,
2916 3576 2974 3627 ἐν
3017 3576 3400 3648 ’Λλεξανδρείᾳ
3454 3580 3790 3650 διατρίϐοντι
3834 3583 3936 3637 ἔτι.
3997 3587 4102 3636 Καὶ

2514 3667 2785 3735 συνήστην
2835 3668 3040 3738 ἄμφω’
3073 3672 3098 3722 6
3132 3671 3232 3737 μὲν
3281 3671 3575 3736 διδάσκων,
3615 3675 3642 3726 6
3693 3675 3749 3727 δὲ
3785 3677 3894 3736 τοῖ;
3937 3677 4102 3744 ἱεροῖς

2515 3757 2837 3827 μαθήμασιν
2895 3761 3319 3830 ὲνασκούμενος.
3380 3764 3664 3834 Γνώριςλος
3722 3768 3776 3819 δέ
3839 3771 4101 3835 δἐὶέτιος

2511 3853 2601 3904 καὶ
2635 3853 2823 3920 Γάλλῳ
2846 3856 3088 3922 ἐγεγόνει
3113 3856 3187 3924 τῷ
3211 3858 3470 3926 Καίσαρι,
3501 3861 3667 3912 πολὺν
3688 3865 3780 3930 τῆς
3805 3863 4102 3932 θρησκείας

2509 3943 2666 4010 λόγον
2702 3946 3036 4014 ποιουμένῳ,
3084 3949 3180 4000 καὶ
3233 3952 3340 4011 τοῖς
3392 3953 3519 4023 περὶ
3555 3951 3748 4019 λόγους
3798 3955 3978 4023 ἱεροὺς
4011 3966 4101 4012 καί

2509 4039 2806 4106 ἐκκλησίας
2858 4041 3177 4111 ἐσχολακοσι
3230 4046 3500 4114 χαίροντι.
3546 4049 3651 4100 Καὶ
3701 4053 3766 4119 τῇ
3826 4051 4099 4120 προφάσε⁵

2508 4129 2618 4183 τῶν
2659 4131 2918 4184 τοιούτων
2966 4131 3259 4198 διαλέξεων
3299 4136 3458 4190 τοῦτο
3490 4139 3547 4191 τὸ
3609 4135 3747 4203 εἶδος
3797 4144 4102 4214 ἀσκηθῆνσι

2507 4221 2619 4273 τῶν
2667 4223 2864 4290 λόγων,
2919 4225 3008 4279 ἵνα
3057 4226 3257 4294 μᾶλλον
3299 4229 3506 4300 ἀρέσκῃ
3533 4245 3546 4258 ⁸
3604 4231 3826 4298 ἐλέγετο
3867 4237 3976 4306 γάρ
4013 4242 4103 4290 κλὶ

2506 4315 2596 4368 διά
2627 4317 2738 4368 τῶν
2786 4319 3194 4386 Ἀριστοτέλους
3238 4323 3583 4393 μαθημάτων
3615 4326 3792 4378 ἐλθεῖν
3815 4344 3828 4357 ·
3868 4334 3963 4381 καὶ
3990 4335 4102 4392 τοῖς

2507 4409 2682 4461 ταῦτα
2731 4409 3049 4465 διδάσκουσι
3143 4416 3400 4482 φοιτῆσαι
3455 4418 3579 4469 κατ’
3650 4417 4098 4490 Ἀλεξάνδρειαν

2507 4499 2623 4551 ἀλλ’
2649 4503 2724 4562 είς
2756 4501 2957 4572 ἔχθραν
2989 4505 3177 4576 Γάλλῳ
3209 4509 3491 4573 καταστάς
3525 4509 3600 4570 ὡς
3632 4513 3706 4582 μὴ
3737 4514 3922 4577 καλῶς
3950 4517 4100 4581 603i-

828 4586 978 4638 illum
1017 4584 1176 4638 Aetio
1222 4585 1566 4638 Alexandria:
1607 4585 1789 4641 adhuc
1834 4587 2074 4655 degenti.
2125 4605 2400 4644 commcn-
2438 4580 2518 4653 Di

2438 4580 2637 4668 “(tum
2703 4595 2954 4650 κελεύσει
3010 4600 3224 4653 ἐκείνου
3267 4605 3512 4675 κατεάγη
3570 4607 3634 4658 ἂν
3678 4609 3740 4659 ἐκ
3786 4609 3936 4661 δυεῖν
3987 4616 4099 4664 τοῖν

827 4677 1000 4730 davit.
1033 4681 1210 4746 Atque
1244 4678 1331 4731 hic
1353 4679 1492 4732 alter
1518 4679 1675 4732 alteri
1709 4679 2030 4742 obstrictus,
2064 4682 2150 4735 ille
2183 4683 2405 4750 quidem

828 4769 1051 4834 docens,
1093 4770 1182 4822 hic
1212 4781 1396 4823 autem
1438 4771 1677 4835 discens,
1723 4771 1775 4824 in
1826 4774 2000 4825 sacris
2043 4787 2272 4843 uterque
2307 4776 2406 4829 de-

828 4863 1062 4916 sudabat
1111 4863 1401 4916 doctrinis.
1461 4864 1652 4918 Aetius
1707 4864 1861 4918 Gallo
1919 4882 2140 4936 quoque
2206 4870 2405 4923 (λι-επὶ

829 4964 991 5007 notus
1021 4955 1120 5007 fuit
1155 4973 1168 5009 :
1208 4957 1296 5008 cui
1347 4971 1469 5008 cum
1507 4956 1696 5025 religio
1730 4972 2056 5026 magnopere
2089 4977 2254 5021 curm,
2291 4972 2403 5016 tum

831 5047 931 5100 viri
966 5049 1059 5116 qui
1104 5051 1274 5101 sacris
1306 5047 1535 5102 Litteris
1569 5059 1623 5103 et
1655 5050 1904 5103 ecclesiis
1937 5063 2219 5118 navarent,
2255 5054 2405 5110 cliari

833 5139 1006 5192 fuere.
1043 5138 1391 5208 Quapropter
1429 5140 1614 5192 talium
1649 5141 2103 5194 dissertationum
2137 5159 2320 5207 causa,
2353 5144 2405 5197 in

834 5237 935 5288 hoc
962 5250 1178 5304 quoque
1215 5249 1416 5302 genere
1468 5233 1931 5301 disputationum,
1967 5245 2024 5287 ut
2072 5236 2145 5289 illi
2195 5240 2408 5306 gratior

831 5337 1011 5393 esset,
1061 5343 1117 5380 se
1170 5327 1442 5380 excreuit.
1502 5327 1690 5379 Diitus
1728 5327 1872 5379 cnim
1928 5340 2003 5382 esl
2058 5331 2401 5386 Aristoteiiea

828 5435 1047 5490 quoque
1078 5435 1244 5488 Opera
1283 5419 1600 5488 perlegisse,
1635 5429 1688 5471 et
1718 5419 1783 5470 ad
1813 5434 1909 5471 eos
1943 5421 2034 5488 qui
2102 5422 2228 5473 talia
2281 5423 2408 5476 Ale-

829 5511 1075 5564 xandriae
1106 5512 1370 5565 docerent
1405 5510 1808 5578 frequentasse.
1847 5513 2121 5566 (la-terum
2171 5517 2312 5582 quod
2349 5518 2403 5570 in

827 5603 961 5656 Galli
1000 5604 1185 5656 odium
1234 5615 1455 5672 propter
1501 5619 1814 5672 perversam
1869 5621 2024 5659 suam
2083 5609 2400 5677 opinionem

832 5693 1117 5755 inciderat,
1143 5693 1299 5762 jussu
1334 5693 1480 5746 illius
1509 5692 1878 5762 utrumque'ei
1911 5712 2036 5750 crus
2067 5698 2402 5766 perfractum

829 5784 1047 5846 luisset,
1081 5785 1186 5837 nisi
1237 5783 1503 5838 Leontius
1537 5786 1915 5841 Antiochenus
1938 5788 2282 5844 dissmsione
2309 5807 2406 5846 sua

826 5878 1304 5932 condemnationis
1343 5878 1614 5932 calculum
1644 5880 1962 5936 amovisset.
2003 5881 2200 5937 Verum
2229 5889 2404 5938 cnim-

2513 4685 2747 4750 σκελοῖν,
2793 4690 2840 4740 εί
2881 4689 2956 4759 μὴ
2992 4691 3018 4741 6
3047 4691 3146 4760 τῆς
3186 4691 3518 4763 Ἀντιοχείας
3545 4696 3800 4759 Λεόντιος
3840 4707 4104 4766 μεταπείο

2513 4793 2636 4839 σας,
2657 4777 2754 4847 τὴν
2778 4782 3252 4846 καταδικάζουσαν
3282 4787 3464 4838 ἀνεῖλε
3488 4787 3692 4856 ψῆφον.
3728 4793 3839 4845 Καὶ
3870 4797 3948 4853 εἰς
3975 4796 4103 4847 Θέαν

2511 4869 2586 4938 τῷ
2619 4869 2806 4940 Γάλλῳ
2841 4873 3157 4940 γενόμενος,
3192 4876 3344 4943 φίλος
3381 4879 3438 4930 ἐν
3472 4884 3583 4942 τοῖς
3618 4884 3855 4947 μάλιστα
3907 4889 4098 4951 ἐγεγό-

2511 4979 2608 5024 νει,
2661 4965 2754 5016 καὶ
2793 4966 2928 5036 στρος
2978 4966 3268 5022 Ίουλιανὸν
3322 4973 3527 5043 ἐστάλη
3602 4976 3890 5045 πολλάκις,
3935 4982 4097 5050 ipim

2513 5055 2648 5122 πρὸς
2667 5055 3024 5128 Ἐλληνισμὺν
3042 5064 3354 5116 ἀποκλίνειν
3377 5068 3584 5120 ἐκεῖνον
3603 5070 3934 5138 ἐμάνθανεν,
3959 5074 4097 5128 ὄρστε

2511 5150 2605 5201 τοῦ
2657 5151 2756 5220 τῆς
2810 5153 3064 5216 ἁσεὸείας
3100 5157 3394 5211 ἀνελκῦσαι
3430 5161 3729 5232 βαράθρου.
3777 5167 3851 5218 Οὐ
3901 5171 4013 5238 μὴν
4047 5173 4098 5222 ἑὲ

2509 5241 2645 5293 ἀλλά
2679 5245 2771 5295 καὶ
2804 5245 2910 5296 τῶν
2952 5246 3112 5298 θείων
3158 5249 3498 5319 μαθημάτων
3544 5262 3569 5306 ο
3605 5257 3797 5320 Γάλλος
3835 5260 4018 5313 διδάσ.
4041 5284 4099 5314 α-

2508 5330 2597 5382 λον
2637 5335 2727 5384 τὸν
2764 5333 2968 5387 Ἀέτιον
3007 5341 3264 5395 ἐποιεῖτο.
3303 5344 3434 5413 Περὶ
3473 5345 3574 5413 μὲν
3630 5343 3723 5400 οὖν
3752 5348 3968 5404 Ἀετίου
4015 5373 4104 5406 τι-

2511 5425 2685 5478 σαῦτα
2712 5443 2726 5457 ·
2768 5429 2916 5491 ὅπως
2976 5431 3160 5498 μέντοι
3200 5435 3507 5504 ἱερωσύνης
3555 5440 3752 5509 τυχὼν,
3803 5446 3863 5494 οὐ
3904 5451 4104 5514 pug-3v

2514 5519 2678 5588 μέρος
2715 5522 2824 5582 τοῖς
2869 5520 3147 5591 ἀνομοίοις
3181 5528 3274 5576 καὶ
3307 5527 3667 5597 ἐτεροουσίοις
3707 5534 3931 5599 ἐγένετο
3959 5552 3973 5565 ·
4013 5541 4103 5589 καὶ

2509 5611 2582 5673 ὡς
2625 5614 2929 5683 καθῃρέθη,
2963 5623 3056 5670 καὶ
3085 5618 3163 5679 είς
3196 5618 3409 5689 ἐξορίαν
3440 5625 3689 5694 ἀπήχθη,
3743 5628 4011 5698 Εὑνῦμιος
4051 5634 4100 5683 δὲ

2509 5702 2623 5752 ἀντ’
2650 5703 2861 5755 ἐκείνου
2893 5706 3070 5776 πολλῷ
3099 5709 3294 5779 χείρων
3326 5713 3581 5784 κατέστη,
3612 5717 3708 5787 τὴν
3737 5722 3909 5774 αὑτοῦ
3945 5742 4104 5774 oux:-

2509 5796 2725 5860 φαντών
2759 5796 2996 5867 φατρίαν
3038 5800 3133 5851 καὶ
3171 5803 3300 5872 περὶ
3334 5805 3500 5860 αὑτοῦ
3554 5809 3846 5877 Εὑνομίου,
3899 5819 4100 5882 μικρὸν

2508 5886 2735 5959 ὕστερον
2784 5889 2940 5955 λδξω.
2976 5892 3295 5963 Ίήνικαῦτα
3347 5898 3399 5952 δὲ
3435 5902 3528 5954 καὶ
3558 5905 3694 5958 κατᾶ
3733 5909 3829 5962 τὴν
3864 5908 3963 5966 τὶς
3997 5909 4096 5959 Συ-
