4280 6436
159 453 266 515 293

1130 452 1740 513 ECCLESIASTICA'I
1780 454 2176 515 HISTORIE
2215 458 2361 519 LIB.
2408 460 2512 517 IX.

3339 456 3448 520 ΞΜ

164 575 290 643 ρίας
336 573 662 627 Λαοδίκειαν
693 570 786 624 δύο
816 570 1010 640 ἄνδρες
1045 564 1189 638 ἦσαν
1225 571 1591 640 ἀκμάζοντες,
1618 572 1765 641 όμὼ-
1793 572 1840 631 Α

1757 572 1840 631 -Α
1871 588 2001 625 vero
2049 573 2235 626 Gallus
2290 575 2343 627 in
2399 583 2759 641 οοιιςριεοιιιιη
2818 589 2976 627 sntim
3026 589 3150 628 eum
3209 571 3447 642 primum

159 681 325 727 νυμοι
373 664 562 731 ἄμφω,
618 662 824 726 πατὴρ,
879 663 972 712 καὶ
1008 660 1162 721 uid,”
1213 660 1626 731 Ἀπολλινάριος
1650 663 1758 731 γὰρ

156 759 424 825 ἑκάτερος
456 756 725 807 ἐκαλεῖτο.
763 753 1148 823 Πρεσϐύτερος
1178 752 1226 806 δ’
1255 749 1323 824 ἦν
1353 755 1381 806 ὁ
1413 757 1629 826 πατήρ·
1661 756 1759 808 όδὲ

158 853 289 910 παῖς
324 850 424 917 τὴν
452 848 546 901 τοῦ
579 847 931 914 ἀναγνώστου
967 847 1117 911 τάξιν
1144 849 1407 917 ἐπλήρου.
1427 848 1756 917 Ἑλληνικῶν

156 944 213 995 δὲ
246 944 347 996 καὶ
380 944 551 1010 ἄμφω
582 942 972 1010 παιδευμάτων
1004 937 1147 1011 ἦσαν
1176 941 1491 995 διδάσκαλοι
1520 958 1533 971 ·
1572 959 1756 1011 γραμ-

163 1035 424 1105 ματικῶν
452 1036 549 1105 μὲν
571 1036 600 1087 ὁ
622 1036 830 1105 πατὴρ,
858 1035 1152 1104 ῥητορείας
1182 1035 1227 1089 δ’
1259 1035 1514 1103 ἐξηγεῖτο
1553 1037 1581 1087 ό
1604 1037 1754 1098 παῖς.

168 1129 232 1180 'U
260 1128 322 1181 δὲ
354 1128 541 1198 γέρων
598 1126 1014 1196 Ἀλεξανδρείας
1048 1127 1296 1196 ὡρμᾶτο.
1324 1127 1602 1197 Σχολάσας
1626 1128 1671 1180 δ’
1700 1130 1756 1180 ὲν

159 1218 418 1288 Βηρυτῷ,
456 1220 536 1284 είς
572 1220 898 1274 Λαοδίκειαν
924 1222 1132 1290 γήμας,
1174 1221 1338 1291 γεννᾷ
1366 1221 1456 1272 τὸν
1506 1219 1758 1273 Ἀπολλι-

162 1312 380 1381 νάριον.
445 1311 753 1381 Ἐπιφανίῳ
784 1312 843 1366 δὲ
883 1312 961 1382 τῷ
1003 1296 1255 1382 σοψιστῖ]⁸
1286 1310 1759 1378 συνακμάςοντες,

158 1406 536 1474 συνεκρότουν
568 1406 735 1458 αὐτὸν
769 1408 861 1458 ἆτε
897 1405 1110 1474 γνήσιοι
1143 1405 1309 1471 φίλοι.
1347 1404 1603 1462 Θεόδοτος
1632 1404 1760 1473 μέν-

152 1518 242 1554 τοι
276 1501 306 1552 ό
348 1500 606 1570 τηνικάδε
643 1502 745 1572 τὴν
772 1499 1084 1554 Λαοδικέων
1128 1498 1345 1563 ἰθύνων,
1375 1498 1557 1557 δείσας
1588 1496 1664 1569 μὴ
1692 1491 1759 1568 τῇ

158 1597 389 1663 συνεχεῖ
426 1593 614 1664 ὁμιλίᾳ
672 1592 811 1664 πρὸς
847 1591 943 1645 τὸν
986 1590 1343 1659 Ἐλληνισμδν
1394 1590 1756 1651 ἀποκλίνωσι,

154 1688 360 1759 φοιτᾷν
391 1685 527 1754 παρ’
548 1685 698 1755 αὐτῷ
728 1683 1047 1738 διεκώλυεν.
1088 1683 1279 1754 ’Λλὶέή
1316 1684 1636 1748 Ἐπιφανίου
1668 1700 1759 1750 φι-

152 1781 247 1833 λία
313 1778 767 1848 ὲπικρατεστέρα
815 1772 905 1847 ἢν.
935 1776 1129 1829 Ἔνθεν
1162 1793 1243 1827 τοι
1293 1778 1387 1830 καὶ
1434 1778 1461 1828 ὁ
1506 1775 1760 1827 Θεοδότου

153 1872 417 1941 διάδοχος
460 1870 738 1942 Γεώργιος
772 1870 943 1923 πολλὰ
979 1870 1166 1923 παθὼν
1212 1869 1503 1939 διαστῆσαι
1542 1869 1764 1949 αὐτοὺς,

1867 666 2196 728 admissum,
2234 667 2463 719 charum
2520 668 2755 720 maxime
2790 668 2985 720 habuit
3024 683 3041 721 :
3077 678 3131 720 et
3179 668 3245 721 ad
3284 668 3452 724 lulia-

1871 775 1999 810 num
2050 761 2246 813 crebro
2301 760 2471 818 misit,
2513 774 2636 813 cum
2682 762 2833 813 illum
2876 760 2940 812 ad
2990 759 3348 813 Grzecismum
3394 768 3452 814 et

1874 841 2385 905 idolortnn'eultum
2437 852 2671 905 deficere
2721 854 3101 910 intellexisset.
3152 864 3206 905 ut
3243 854 3453 906 scilicet

1876 944 2153 997 hominem
2189 960 2252 996 ex
2294 944 2594 1014 impietatis
2636 943 2893 998 barathro
2938 948 3271 1000 extraheret.
3309 945 3450 1009 Quin

1870 1045 1925 1091 et
1981 1036 2294 1091 divinarum
2336 1038 2668 1091 Litterarum
2727 1037 3007 1091 doctorem
3061 1038 3215 1091 illum
3265 1037 3456 1093 Gallus

1870 1131 2134 1185 instituit.
2171 1129 2297 1185 Hrc
2341 1131 2409 1186 de
2444 1132 2629 1186 Aetio.
2680 1130 2967 1196 Quomodo
2999 1143 3182 1185 autem
3226 1131 3292 1184 ad
3338 1131 3457 1197 epi-

1873 1234 2159 1292 seopatum
2201 1233 2449 1286 evectus,
2482 1240 2590 1278 non
2637 1224 2832 1293 exigua
2882 1239 3009 1292 pars
3038 1239 3230 1277 eorum
3264 1222 3453 1285 fuerit,

1870 1318 1963 1385 qui
2000 1317 2059 1367 τό
2086 1315 2345 1376 ἀνόμοιον
2380 1317 2475 1366 καὶ
2503 1314 2872 1384 ἑτεροούσιον,
2909 1314 3011 1367 hoe
3041 1325 3145 1375 est,
3195 1315 3457 1368 dissimile

1875 1415 1927 1459 et
1989 1406 2212 1459 alterius
2271 1405 2591 1458 substantiis
2651 1405 2999 1464 docuerunt,
3066 1413 3231 1471 alque
3290 1404 3457 1458 etiam

1872 1508 2267 1553 exauctoratus
2312 1498 2491 1552 solum
2534 1498 2711 1552 exsilii
2746 1513 2909 1553 causa
2950 1498 3177 1552 verterit
3221 1515 3234 1551 :
3274 1498 3461 1554 Euno-

1876 1592 2019 1644 mius
2058 1598 2240 1643 autem
2284 1590 2459 1643 multo
2489 1605 2557 1643 eo
2586 1589 2853 1653 deterior,
2894 1590 3127 1643 factione
3158 1590 3277 1659 ejus
3302 1606 3459 1660 syco-

1876 1682 2101 1751 phantia
2130 1682 2529 1746 circumventa,
2607 1683 2660 1736 in
2699 1684 2877 1739 locum
2914 1688 3034 1753 ejus
3065 1684 3330 1738 suffectus
3365 1686 3457 1747 sit.

1875 1786 1929 1829 et
1964 1777 2026 1829 de
2060 1776 2177 1843 ipso
2206 1776 2371 1827 etiam
2401 1776 2692 1838 Eunomia,
2728 1786 2915 1845 postea
2947 1778 3213 1831 dicemus.
3252 1777 3455 1830 lt'odem

1877 1878 2124 1938 tempore
2155 1867 2438 1920 Laodicea:
2474 1868 2529 1920 in
2559 1867 2715 1938 Syria
2748 1869 2850 1922 viri
2885 1870 3050 1923 etiam
3083 1869 3194 1923 duo
3220 1868 3457 1923 floruere

154 1963 284 2017 ἐπεὶ
319 1963 592 2029 ἀνήνυτον
616 1963 764 2033 ἑώρα
788 1962 847 2014 τδ
877 1962 1226 2029 σπουδασμα,
1254 1960 1352 2027 τῆς
1380 1961 1769 2028 ἐκκλησιαστι-
1804 1956 1840 2007 Β

1764 1985 1769 1996 ι
1804 1956 1840 2007 Β
1874 1961 2248 2030 cognomines,
2285 1972 2442 2029 pater
2472 1961 2731 2016 videlicet
2754 1972 2809 2014 et
2841 1960 2987 2016 filius
3021 1979 3033 2014 :
3061 1963 3280 2031 utrique
3308 1962 3454 2016 enim

154 2060 266 2126 κῆς
301 2056 593 2119 κοινωνίας
628 2056 855 2122 ἀρίστα.
876 2055 932 2107 Ὀ
963 2056 1093 2117 παῖς
1131 2055 1185 2107 δὲ
1212 2053 1372 2118 ὗὸριν
1405 2051 1765 2120 λογισάμενος

153 2151 219 2203 τὸ
262 2149 554 2220 πραχθὲν,
596 2151 719 2211 ταῖς
756 2148 1100 2215 σοφιστικαῖς
1147 2145 1483 2206 πλεκτάναις
1522 2143 1765 2213 θαρρῶν,

156 2242 372 2309 καινῆς
399 2258 547 2303 τινος
583 2240 854 2308 αἱρέσεως
890 2238 1221 2291 καθίσταται
1254 2238 1516 2307 ἀρχηγὸς,
1556 2236 1767 2289 Emimu-

157 2350 267 2402 μον
324 2334 425 2385 τὸν
464 2333 699 2402 εὑρόντα
734 2331 983 2401 ἐχούσης.
1020 2331 1192 2397 Λόγος
1220 2333 1263 2383 δ’
1306 2329 1441 2399 ἔχει,
1478 2329 1551 2398 μὴ
1578 2328 1667 2381 διὰ
1710 2327 1770 2379 τὸ

158 2420 585 2492 προειρημένον
618 2420 754 2490 πρὸς
770 2420 1047 2490 Γεώργιον
1077 2419 1423 2489 διενεχθῆναι
1453 2433 1464 2445 ·
1497 2417 1615 2470 ἀλλ’
1634 2417 1770 2485 ὅπερ

160 2514 385 2574 ἐκεῖνος
418 2511 704 2578 ἀλλότριον
737 2510 1085 2577 ὲδογμάτιζε,
1129 2510 1224 2563 νῦν
1275 2512 1371 2577 μὲν
1419 2509 1516 2577 τὴν
1554 2509 1769 2578 Ἀρείου

161 2600 451 2652 συνιστῶν
495 2600 675 2664 δόξαν,
723 2599 817 2651 νῦν
846 2599 903 2651 δὲ
951 2601 1139 2669 ὅμοιον
1178 2601 1269 2651 τὸν
1318 2600 1444 2653 Υἰὺν
1491 2598 1567 2666 τῷ
1602 2598 1771 2669 Πατρὶ

157 2691 485 2759 ὁμολογῶν,
512 2692 656 2745 καθᾶ
685 2695 742 2745 ὲν
763 2693 828 2761 τῇ
861 2692 1004 2744 κατὰ
1040 2692 1367 2745 Σελεύκειαν
1400 2692 1605 2762 συνόδῳ
1648 2709 1775 2745 συν-

160 2785 328 2837 έθετο
356 2801 373 2815 ⁸
410 2784 693 2852 πρόφασιν
736 2785 782 2837 δ’
816 2782 1069 2837 ἐντεῦθεν
1104 2784 1388 2850 λαϐόντες,
1421 2784 1635 2837 ἐκείνου
1670 2784 1774 2836 διί-

162 2892 372 2929 σταντο
392 2890 405 2904 ·
437 2877 668 2945 μηδενὸς
694 2874 737 2928 δ’
770 2878 999 2933 ἐκείνοις
1026 2876 1409 2945 προσέχοντες,
1444 2874 1763 2939 ξενίζουσαν

164 2968 490 3039 θρησκείαν
542 2968 850 3039 ἐπειρῶντο
889 2968 1133 3034 εἰσάγειν
1160 2985 1174 2999 ·
1228 2969 1322 3020 καὶ
1353 2968 1776 3037 δογματίζοντες

162 3065 393 3129 ἔλεγον,
439 3062 516 3133 μὴ
554 3064 738 3132 ψυχὴν
766 3062 1124 3131 ἀνειληφέναι
1159 3061 1250 3113 τὸν
1295 3060 1501 3131 Κύριον
1538 3062 1638 3130 τὴν
1675 3060 1775 3131 τῆς

165 3157 386 3224 σαρκὸς
415 3156 736 3223 οἰκονομίαν
764 3154 1167 3224 διενεργοῦντα.
1204 3149 1371 3215 Αὖθις
1400 3153 1457 3205 δὲ
1486 3155 1546 3204 τὸ
1577 3153 1778 3206 ἄτοπον

161 3248 244 3309 ὡς
285 3249 347 3299 ἐν
376 3246 676 3316 μεταμέλῳ
704 3242 1195 3314 ὲπιδιορθούμενοι,
1226 3240 1407 3311 ψυχὴν
1436 3240 1535 3310 μὲν
1561 3240 1779 3309 εἱληφέ-

160 3358 259 3391 ναι
288 3338 665 3409 προσέθεντο·
698 3336 773 3406 μὴ
804 3336 952 3405 ἔχειν
980 3335 1025 3387 δ’
1046 3334 1269 3401 ἐκείνην
1297 3333 1390 3385 τὸν
1420 3331 1771 3402 ἀνθρώπινον

164 3433 342 3486 νοῦν’
396 3433 589 3498 ἀρκεῖν
631 3430 740 3496 γὰρ
789 3429 913 3480 ἀντὶ
962 3426 1055 3478 νοῦ
1101 3424 1202 3495 τὴν
1237 3423 1468 3494 θεότητα
1521 3424 1642 3493 ἦτις
1685 3423 1775 3475 τὸν

162 3525 473 3592 ἄνθρωπον
499 3518 889 3590 προσελάϐετο.
926 3520 1036 3572 Καὶ
1060 3519 1188 3588 περὶ
1217 3516 1410 3569 τούτου
1447 3516 1612 3585 μόνου
1640 3516 1778 3586 πρὸς

162 3620 301 3677 τοὺς
339 3614 401 3677 ἐξ
445 3615 661 3682 Ἀρείου
710 3612 803 3663 καὶ
854 3610 1195 3664 Μακεδονίου
1225 3609 1558 3679 διεφέροντο.
1611 3610 1692 3662 Τὰ
1728 3609 1773 3661 δ’

163 3708 315 3759 ἄλλα
349 3707 469 3765 τοῖς
524 3705 581 3755 ἐν
634 3702 839 3771 Nimio
877 3702 943 3752 τὰ
1006 3700 1098 3751 ἴσα
1152 3698 1580 3767 δογματίζοντες
1614 3694 1777 3769 ἦσαν.

166 3799 351 3851 Ἀλλὰ
400 3799 530 3867 περὶ
560 3800 659 3867 μὲν
709 3793 1128 3861 ’Λπολλιναρίου
1160 3792 1256 3845 καὶ
1297 3790 1453 3854 αὖθις
1494 3793 1635 3845 κατὰ
1674 3791 1778 3861 χώ-

167 3911 278 3960 ραν
304 3890 572 3959 ἐροῦμεν.

1872 2055 2209 2121 Apollinaris
2244 2068 2442 2105 nomen
2482 2064 2622 2107 erat.
2660 2054 2724 2107 Et
2760 2062 2915 2122 pater
2948 2054 3274 2125 presbyteri,
3313 2054 3456 2107 filius

1872 2148 2097 2200 lectoris
2121 2145 2372 2198 ordinem
2403 2146 2706 2199 obtinebat.
2734 2147 2912 2200 Ambo
2940 2146 3252 2201 Graecarum
3287 2146 3457 2201 disci-

1875 2240 2187 2308 plinarum,
2245 2239 2610 2306 grammatice
2665 2247 2857 2305 pater,
2920 2238 3213 2292 rhetorica:
3265 2236 3454 2301 filius,

1877 2332 2119 2402 magistri
2174 2339 2354 2384 erant.
2420 2328 2584 2398 719
2639 2329 2817 2383 Senex
2880 2330 3224 2385 Alexandriae
3275 2341 3456 2395 ortus,

1877 2422 2057 2485 Beryti
2103 2421 2296 2475 docuit
2332 2440 2345 2473 :
2382 2430 2435 2474 et
2463 2421 2624 2475 ducta
2664 2419 2947 2475 Laodiceae
2985 2422 3238 2490 conjuge.
3286 2421 3455 2491 Apol-

1875 2516 2090 2569 linarim
2124 2516 2295 2569 lilium
2326 2515 2634 2584 progenuit.
2671 2514 2732 2566 Et
2764 2530 2887 2566 cum
2916 2512 3226 2581 Epiphanio
3268 2513 3457 2582 sopbi-

1874 2606 2066 2661 sticam
2103 2606 2418 2676 profitente,
2451 2606 2525 2658 illi
2569 2604 2732 2657 simul
2767 2604 3047 2662 ﬂorentes.
3082 2619 3208 2656 eum
3250 2614 3307 2655 ut
3338 2604 3455 2656 veri

1875 2695 2036 2750 amici
2094 2706 2223 2751 sunt
2271 2695 2564 2764 complexi.
2620 2694 2689 2747 At
2728 2693 3050 2747 Theodotus
3100 2693 3458 2748 Laodicensis

1879 2801 1993 2843 tum
2029 2789 2345 2858 cpiscopus,
2395 2786 2541 2855 quod
2592 2793 2866 2839 metueret
2901 2801 2969 2840 ne
3001 2786 3263 2840 continua
3310 2787 3460 2839 illius

1878 2878 2285 2932 cnnsuetudine
2324 2875 2390 2929 ad
2428 2875 2675 2929 Griecam
2714 2875 3055 2945 impietatem
3088 2876 3456 2938 declinarent,

1878 2972 2258 3027 familiaritate
2285 2970 2432 3023 illius
2453 2969 2535 3023 eis
2564 2968 2874 3023 interdixit.
2902 2968 3005 3023 Sed
3033 2968 3144 3023 illis
3165 2968 3456 3037 Epiphauii

1879 3064 2120 3119 amicitia
2173 3062 2416 3130 episcopi
2464 3060 2664 3114 edictis
2731 3062 2911 3128 potior
2961 3061 3083 3113 fuit.
3140 3061 3373 3114 Proinde
3404 3072 3460 3114 et

1881 3153 2155 3209 Theodoti
2181 3154 2467 3205 successor
2494 3152 2784 3220 Georgius,
2811 3169 2932 3204 cum
2971 3153 3138 3206 multa
3171 3165 3454 3213 tentasset,

1884 3258 1943 3303 ut
2000 3249 2222 3302 illorum
2283 3246 2572 3298 dirimeret
2623 3246 3103 3315 conjumtiouem,
3171 3260 3456 3313 postquam

1882 3355 2107 3410 Operam
2143 3353 2297 3391 suam
2341 3338 2542 3390 frustra
2594 3351 2716 3391 esse
2749 3336 2922 3399 vidit,
2957 3337 3330 3391 ecclesiastica
3364 3353 3458 3391 eos

1887 3429 2171 3500 prohibuit
2198 3427 2608 3481 communione.
2638 3427 2758 3492 Quo
2791 3428 2932 3480 facto
2966 3443 3066 3495 pro
3098 3426 3295 3497 insigni
3329 3443 3461 3481 con-

1885 3520 2107 3575 tumelia
2148 3530 2397 3587 accepto,
2449 3517 2594 3571 filius
2644 3518 2962 3585 SOIDiIiSIiCiS
2999 3517 3174 3571 fretus
3213 3518 3459 3587 capturis

1882 3620 1937 3665 et
1983 3610 2236 3679 argutiis,
2295 3623 2487 3661 novam
2537 3608 2834 3678 quamdam
2894 3608 3143 3661 luercsim
3197 3607 3455 3666 instituit.

1883 3718 2081 3757 nomen
2110 3702 2354 3756 aurloris
2392 3700 2565 3770 ipsius
2602 3701 2955 3755 referentem.
2990 3702 3078 3753 list
3118 3708 3172 3753 ct
3205 3701 3310 3753 alia
3350 3701 3461 3768 epi-

1884 3794 1998 3856 nio,
2034 3808 2145 3845 non
2196 3792 2266 3845 ob
2311 3807 2430 3845 eam
2469 3807 2633 3861 quam
2668 3792 2880 3846 scilicet
2925 3792 3167 3846 diximus
3213 3808 3455 3848 causam,

1886 3885 2040 3937 illum
2077 3899 2105 3936 a
2155 3883 2390 3953 Georgio
2441 3884 2742 3938 descivisse
2793 3903 2804 3937 :
2857 3884 2949 3938 sed
3003 3886 3146 3953 quod
3196 3883 3466 3954 Georgius

164 3985 360 4039 aliena
399 3996 631 4051 prorsus
659 3989 717 4035 et
758 3978 1001 4034 absurda
1054 3978 1316 4049 opinione
1386 3991 1533 4029 nunc
1607 3975 1723 4029 Arii
1802 3974 2107 4029 defendens
2152 3976 2506 4038 sententiam,
2558 3992 2705 4030 nunc
2740 3976 3004 4044 mqualcm
3048 3972 3217 4029 Patri
3263 3975 3458 4029 Filium

172 4078 486 4146 promens,
515 4073 817 4127 conventui
850 4070 1121 4127 Seleucia:
1157 4080 1282 4124 acto
1317 4068 1645 4124 assensissct
1676 4085 1691 4122 :
1757 4084 1820 4123 ea
1861 4068 2206 4137 Apollinares
2280 4079 2498 4138 arrepta
2536 4070 2845 4135 occasione,
2876 4070 3266 4124 disceSsionem
3299 4071 3367 4123 ab
3395 4085 3463 4122 eo

168 4171 385 4223 fecisse
428 4186 441 4217 :
477 4176 534 4219 et
572 4180 697 4218 eum
721 4165 787 4222 id
832 4181 995 4219 nemo
1028 4175 1289 4231 curaret,
1326 4161 1644 4232 opinionem
1716 4178 1915 4217 novam
1985 4160 2251 4215 inducere
2279 4175 2511 4217 conatos
2574 4179 2712 4217 esse.
2745 4162 2988 4216 Docuere
3015 4174 3222 4224 autem.
3276 4162 3467 4216 Domi.

170 4278 318 4316 num
354 4260 549 4315 carnis
586 4257 954 4313 ceconomiam
987 4267 1043 4313 et
1080 4257 1421 4311 funetionem
1490 4256 1653 4311 factis
1724 4255 1860 4324 ipsis
1898 4254 2225 4318 obeuntem,
2273 4255 2512 4308 animam
2575 4272 2681 4310 non
2742 4257 3037 4325 recepisse.
3099 4258 3178 4311 Ac
3244 4272 3463 4310 rursum

173 4354 359 4409 veluti
415 4351 769 4405 absurditate
823 4365 886 4404 ea
937 4365 1033 4419 per
1085 4350 1467 4418 paenitentiam
1522 4357 1787 4414 correcta,

1863 4348 2100 4402 animam
2154 4346 2374 4416 quidem
2422 4348 2698 4417 recepisse
2751 4347 3031 4414 addidere,
3086 4364 3204 4403 eam
3282 4358 3464 4404 autem

173 4453 495 4506 humanam
531 4461 641 4500 non
686 4444 889 4499 habere
948 4456 1207 4498 mentem.
1260 4443 1406 4498 Satis
1451 4458 1688 4513 namque
1730 4443 1778 4498 ei
1821 4458 1922 4513 pro
1997 4448 2178 4496 mente
2220 4441 2560 4495 divinitatem
2615 4441 2810 4504 fuisse,
2876 4458 2998 4511 quze
3046 4442 3327 4497 hominem
3377 4459 3466 4496 as-

172 4546 520 4613 sunipserit.
576 4544 756 4609 Atque
807 4555 870 4594 ea
908 4555 964 4593 re
1013 4556 1119 4593 una
1152 4540 1220 4594 ab
1252 4539 1579 4594 orthodoxis
1641 4540 1998 4604 dissidentes,
2070 4540 2125 4592 in
2151 4537 2277 4591 aliis
2333 4538 2525 4591 eadem
2563 4554 2685 4607 qua:
2714 4539 3062 4593 Nicmnorum
3118 4538 3465 4594 decretorum

173 4641 455 4701 studiosi,
502 4636 840 4693 sentiebant.
888 4635 1091 4691 Verum
1140 4635 1211 4691 de
1246 4635 1551 4705 Apollinari
1595 4646 1783 4706 postea
1822 4650 2042 4706 quoque
2073 4635 2194 4689 loco
2221 4648 2322 4690 suo
2356 4633 2592 4687 dicetur.

794 4754 1050 4808 ΚΕΦΑΛ.
1090 4755 1204 4808 lII'.

560 4847 702 4916 Περὶ
732 4847 1035 4915 Θεοφίλου
1062 4846 1172 4899 τοῦ
1208 4844 1431 4900 Ἰνδοῦ.

260 4964 382 5019 Ἦν
432 4963 491 5016 δὲ
521 4962 601 5031 τῷ
636 4964 759 5014 τότε
793 4959 960 5023 πολύς
996 4976 1081 5022 τις
1133 4958 1220 5011 ἐπ’
1270 4961 1439 5029 ἀρετῇ
1485 4959 1581 5012 καὶ
1614 4959 1795 5027 λόγοις

183 5058 546 5129 ὑμνούμενος
586 5056 682 5106 καὶ
722 5054 987 5121 Θεόφιλος
1023 5053 1234 5115 ἐκεῖνος
1285 5051 1343 5115 ὃς
1371 5051 1651 5121 ἐπεκλήθη
1700 5051 1797 5104 ἰν-

183 5157 279 5216 ὁος
306 5169 315 5178 ·
351 5150 415 5203 οὔ
447 5164 598 5210 τινος
628 5148 728 5217 μὲν
762 5146 1007 5213 ὲπάρξας
1038 5145 1327 5213 αἱρέσεως,
1361 5145 1440 5214 τῷ
1474 5143 1801 5214 Ἀρειανικῷ

184 5249 247 5300 δὲ
289 5246 449 5315 μάλα
482 5242 881 5309 προσκείμενος
912 5240 1279 5307 ὃόγματι.“ος
1313 5239 1408 5292 ἐπὶ
1445 5238 1799 5289 Κωνσταντίο

183 5358 284 5392 νου
318 5336 454 5391 καθ’
476 5334 717 5403 ὁμηρίαν
738 5336 799 5385 ἐκ
824 5329 1105 5401 Διαῦηνῶν
1136 5332 1214 5392 εἰς
1247 5330 1554 5399 Ῥωμαίους
1577 5328 1795 5394 ἐστάλη,

189 5439 319 5495 νέος
362 5432 514 5483 πάνυ
546 5429 645 5498 τὴν
678 5427 895 5497 ἡλικίαν
928 5424 1023 5478 ὢν.
1076 5423 1140 5476 Ἠ
1168 5423 1224 5476 δὲ
1249 5422 1480 5485 Διαϐοῦς
1503 5422 1663 5491 νῆσός
1686 5424 1799 5473 ἐστι

197 5525 425 5594 μεγάλη
454 5562 473 5586 ,
513 5518 670 5589 χώρα
701 5519 757 5570 δὲ
801 5516 995 5583 Ἰνδικὴ
1032 5513 1336 5584 διαϐόητος.
1368 5513 1626 5581 Θεόφιλος
1651 5514 1709 5565 δὲ
1736 5517 1799 5583 τῇ

195 5620 399 5689 μακρᾷ
431 5613 693 5683 διατριϐῇ
732 5616 803 5665 τὰ
830 5628 886 5662 τε
917 5609 1025 5680 ἢθη
1058 5608 1195 5679 πρὸς
1233 5608 1294 5659 τὸ
1326 5605 1639 5675 Ῥωμαϊκὸν
1673 5622 1803 5674 μετ-

192 5710 517 5783 ερρύθμισε
580 5705 793 5774 σχῆμα,
850 5704 924 5764 ὠς
973 5701 1194 5753 καὶτὸν
1253 5698 1542 5768 μοναύλιον
1583 5697 1803 5750 ἑλέσθαι

198 5804 344 5873 βίον,
376 5802 477 5853 καὶ
504 5801 585 5862 είς
614 5797 869 5851 διακόνου
905 5794 1272 5864 παραγγεῖλαι
1308 5790 1537 5861 βαθμὸν,
1577 5788 1672 5841 τοῦ
1709 5788 1806 5839 Νι-

2449 4754 2678 4809 CAPUT
2720 4754 2909 4808 XVIII.

2390 4848 2463 4899 De
2497 4848 2773 4913 Theophila
2818 4848 2973 4901 Indo.

1966 4964 2090 5017 Fuit
2141 4972 2252 5015 tum
2308 4962 2473 5014 etiam
2510 4972 2733 5031 propter
2775 4963 3033 5015 virtutem
3082 4975 3137 5018 et
3168 4964 3472 5022 doctrinam

1899 5070 2226 5123 magnopere
2260 5053 2515 5107 laudatus
2553 5053 2894 5122 Theophilus
2926 5053 3033 5115 ille,
3067 5055 3159 5123 qui
3189 5058 3474 5125 cognomi-

1901 5156 2063 5199 natas
2086 5155 2168 5197 est
2200 5143 2370 5197 Indus
2404 5162 2416 5197 :
2457 5160 2562 5197 non
2597 5145 2686 5198 ille
2727 5145 2950 5213 quidem
2983 5146 3209 5200 hmrcsis
3241 5148 3478 5215 alicujus

1903 5248 2115 5298 auctor,
2168 5237 2261 5289 sed
2321 5236 2630 5290 Arianismo
2694 5236 2993 5304 plurimum
3042 5238 3315 5292 addictus.
3373 5240 3475 5305 Qui

1907 5329 2008 5379 sub
2057 5328 2421 5380 Constantino
2472 5327 2542 5380 ab
2598 5327 2894 5381 Adiabenis
2948 5328 3245 5383 admodum
3299 5331 3479 5383 adhuc

1903 5420 2154 5489 juvenis,
2206 5419 2366 5472 obses
2428 5418 2481 5471 in
2535 5419 2902 5473 Romanorum
2988 5422 3253 5475 ditionem
3305 5423 3483 5476 fuerat

1912 5512 2130 5563 missus.
2191 5510 2469 5563 Adiahcne
2520 5509 2598 5578 (I)
2639 5525 2767 5564 vero
2813 5526 3006 5580 magna
3048 5522 3133 5566 est
3182 5514 3379 5576 insula.
3426 5526 3483 5568 et

1910 5602 2060 5670 regio
2096 5602 2315 5665 Indica,
2372 5602 2629 5657 celebris.
2681 5604 2759 5657 Ac
2797 5603 3138 5672 TheOpbiIus
3184 5617 3483 5660 consuetu-

1910 5697 2038 5749 dine
2082 5695 2345 5758 diuturua
2392 5694 2532 5747 adeo
2584 5709 2766 5748 mores
2806 5694 2871 5748 ad
2924 5696 3297 5750 liomanorum
3332 5700 3486 5752 insti-

1914 5796 2028 5840 tuta
2063 5784 2446 5851 conformavit,
2484 5784 2645 5855 720
2672 5795 2726 5839 ut
2754 5798 2807 5842 et
2840 5788 3196 5843 moriastiram
3223 5789 3390 5860 deleg-
3418 5793 3487 5846 rit

282 5918 361 5989 (ι)
397 5916 560 5987 Apud
592 5914 731 5968 l’lin.
761 5911 1043 5967 Adiabeno
1068 5906 1415 5979 Assyriorum
1443 5914 1524 5959 cst
1560 5904 1795 5973 initium,
1838 5904 1933 5960 lib.
1968 5920 2041 5971 vr,
2075 5918 2192 5972 cap.
2232 5902 2314 5958 15.
