4280 6436
263 389 366 453 3ΰί

1192 392 1801 455 ΕίῖεῐιΕδῐΑΞΤῐΟίΕ
1844 393 2229 453 1118ΤΟΒ1Ε
2274 392 2419 454 LIB.
2470 394 2564 453 [Χ.

3402 394 3510 457 30?.

264 514 331 559 τα
363 504 768 575 χθαμαλώτερα
801 504 966 558 τόπον
990 507 1055 576 τῇ
1096 508 1234 575 ῥοπῇ
1274 508 1367 560 τοῦ
1406 506 1687 577 βρίθοντος
1719 505 1841 557 ῦδα-
1876 512 1910 564 Α
1946 505 1954 556 i

1822 534 1841 543 -
1876 512 1910 564 Α
1946 505 1996 557 id
2031 505 2308 559 cmittens.
2357 506 2481 559 litae
2516 503 2716 574 quippe
2763 514 2845 556 est
2894 503 2984 557 illa
3018 517 3132 571 qum
3174 506 3348 561 media
3373 518 3508 562 zona

264 614 356 659 τος
397 596 720 665 παρασχών.
773 595 836 651 Ὀ
863 596 909 649 δ’
942 595 1104 657 αὐτὸς
1133 598 1350 669 εἰκασῖᾳ
1393 598 1693 671 χρώμενος,
1728 597 1839 649 κεῖ-

266 688 398 741 σθαί
424 704 558 755 φησι
595 688 690 741 καὶ
741 688 833 741 τὸν
868 690 1201 759 παράδεισον
1234 691 1373 742 κατὰ
1403 692 1503 753 τὰς
1551 688 1840 759 ἰσημερίας

261 780 364 846 τῆς
393 779 561 845 ἠοῦςο
612 780 834 847 πρῶτον
862 780 987 849 μὲν,
1019 781 1077 845 ἐξ
1109 776 1183 835 ὧν
1212 783 1279 835 τά
1310 782 1447 852 πρὸς
1490 780 1840 852 μεσημϐρίαν

258 871 399 939 δῆλά
432 874 550 925 ἔστι
592 872 770 925 πάντα
823 875 1123 940 οἰκούμενα
1160 874 1347 942 σχεδὸν
1399 876 1559 944 μέχρι
1588 876 1685 941 τῆς
1739 873 1841 937 ἕξοι)

261 963 562 1032 θαλάττης,
620 965 690 1034 ἢν
742 964 1015 1017 θάλατταν
1065 967 1092 1017 ὁ
1152 966 1305 1034 ἥλιος
1358 966 1459 1037 ήδη
1515 966 1838 1035 ξυμφλέγει,

261 1057 392 1109 κατ’
414 1058 536 1119 ἔτος
572 1058 661 1111 ἐπ’
688 1059 825 1126 αὐτῇ
860 1059 956 1120 τὰς
993 1060 1215 1123 ἀκτῖνας
1259 1060 1484 1131 ἐρείδων
1513 1078 1526 1093 ο
1561 1063 1655 1113 καὶ
1686 1063 1718 1130 ἡ
1754 1062 1840 1115 διὰ

262 1149 437 1214 μέσου
472 1150 746 1218 λεγομένη
779 1150 923 1219 ζώνη
953 1151 1115 1205 τοῦτό
1158 1153 1306 1203 ἐστιν
1336 1166 1350 1181 ·
1377 1151 1456 1204 ἔτι
1497 1152 1551 1204 δὲ
1584 1154 1677 1205 καὶ
1704 1152 1841 1205 διότι

257 1242 287 1291 ὁ
330 1240 429 1291 νῦν
469 1240 713 1309 ’Υφασις
760 1242 1097 1311 καλούμενος
1149 1244 1416 1311 ποταμὸς,
1462 1242 1522 1296 ὃν
1564 1245 1596 1313 ἡ
1648 1244 1841 1314 Γραφὴ

255 1326 474 1379 Φεισὼν
503 1327 789 1395 ὀνομάζει,
817 1332 912 1383 καὶ
942 1330 1106 1392 αὐτὸς
1132 1331 1224 1384 τοῦ
1248 1331 1578 1400 παραδείσου
1612 1331 1844 1384 ἀναϐλύ-

256 1420 394 1483 ζων,
420 1421 484 1471 ὲκ
523 1419 633 1471 τῶν
665 1420 936 1490 ἀρκτῴων
971 1422 1177 1491 μᾶλλον
1224 1422 1326 1491 τῆς
1349 1423 1622 1490 ’ἀνατολῆς
1658 1424 1844 1493 μερῶν

254 1511 357 1562 ἐπὶ
413 1512 512 1580 τὴν
550 1513 900 1583 μεσημϐρίαν
954 1514 1209 1582 φαίνεται
1263 1515 1423 1584 ῥέων,
1482 1517 1575 1569 καὶ
1626 1517 1705 1578 εἰς
1753 1516 1844 1569 τδν

252 1602 435 1673 ταύτῃ
477 1602 732 1656 Ὠκεανὸν
762 1604 824 1657 τδ
853 1604 1068 1675 ῥεῖθρον
1107 1606 1578 1674 εἰσερευγόμενος,
1611 1607 1841 1675 ἀντικρὺ

252 1697 359 1763 τῆς
400 1696 569 1766 νήσου
619 1696 988 1767 Ταπροδάνης
1016 1714 1031 1728 ·
1078 1692 1140 1750 οῦ
1182 1698 1333 1769 παρὰ
1382 1698 1480 1762 τὰς
1530 1698 1699 1768 δχθας
1748 1696 1841 1750 τοῦ

251 1790 510 1859 ποταμοῦ
543 1791 859 1861 εὑρίσκεται
884 1793 945 1845 τὸ
973 1792 1274 1861 λεγόμενον
1300 1792 1702 1863 καρυὸφυλλον,
1730 1791 1841 1845 εἴτε

251 1884 494 1955 καρπὸς,
533 1886 645 1937 εἴτε
680 1884 738 1937 δὴ
770 1886 865 1937 καὶ
894 1884 1058 1948 ἄνθος
1090 1888 1371 1955 τυγχάνει.
1402 1886 1513 1939 Καὶ
1546 1886 1839 1938 πεπιστεύ-

250 1994 421 2028 κασιν
471 1979 521 2029 οἰ
553 1979 737 2047 ἐκείνῃ
785 1977 1065 2044 οἰκοῦντες
1115 1980 1224 2031 τῶν
1259 1981 1323 2032 ἐκ
1359 1978 1453 2031 τοῦ
1504 1980 1837 2046 παραδείσου

249 2066 419 2118 τοῦτο
452 2066 673 2134 δένδρον
700 2062 864 2122 εἶναι.
911 2069 1022 2120 Καὶ
1048 2067 1156 2137 γάρ
1186 2069 1279 2120 καὶ
1312 2070 1344 2138 ἡ
1377 2069 1516 2137 ὑπὲρ
1542 2070 1737 2130 αὐτοὺς
1767 2069 1836 2136 γῆ

249 2157 467 2225 ἔρημός
495 2158 556 2209 τέ
594 2161 711 2210 ἔστι
748 2158 939 2221 δεινῶς
981 2158 1172 2212 ἅπασα
1203 2159 1295 2211 καὶ
1324 2160 1706 2228 άκαρποτάτη.
1746 2161 1839 2211 Ἐκ

250 2244 308 2296 δὲ
344 2243 443 2295 τοῦ
480 2246 669 2313 φέρειν
694 2245 786 2297 τὸν
824 2248 1069 2312 ποταμὸν
1096 2247 1158 2298 τὸ
1186 2247 1345 2308 ἄνθος
1379 2247 1629 2314 ἐπίδηλον
1657 2248 1721 2300 ἂν
1749 2247 1833 2317 εἴη

248 2339 326 2398 ὡς
361 2331 523 2398 οὗτος
549 2340 577 2390 ὁ
616 2338 863 2405 ποταμὸς
892 2340 1031 2407 ὑπὲρ
1062 2337 1167 2407 γῆς
1210 2342 1355 2400 ἆπας
1391 2340 1525 2407 ῥέει,
1562 2342 1834 2410 μηδαμόθι

250 2431 668 2496 καταδυόμενος
695 2448 707 2461 ο
737 2432 799 2482 οὐ
841 2431 949 2500 γάρ
982 2432 1047 2484 ἂν
1085 2434 1143 2483 τὸ
1170 2431 1383 2483 ἐκεῖθεν
1415 2432 1686 2499 φυόμενον
1711 2432 1838 2499 ἡδύ-

260 2539 387 2572 ιατο
452 2523 665 2590 φέρειν.
714 2523 869 2591 Ἔχει
909 2524 965 2574 δέ
1018 2540 1070 2574 τι
1116 2524 1209 2575 καὶ
1242 2523 1368 2576 ἄλλο
1424 2524 1692 2591 σύμϐολον
1736 2523 1836 2591 τῆς

252 2616 393 2685 περὶ
436 2617 527 2668 τὸν
575 2616 911 2685 παράδεισον
942 2617 1150 2684 γεηρᾶς
1197 2617 1504 2684 ἐπιμιξίας.
1562 2617 1699 2668 Φασὶ
1726 2617 1833 2682 γάρ

247 2708 329 2768 ὡς
360 2709 458 2759 ἐάν
488 2725 575 2769 τις
599 2708 753 2775 τύχοι
784 2707 1006 2775 πυρετῷ
1037 2708 1224 2776 λάϐρῳ
1254 2707 1605 2776 φλεγόμενος.
1635 2710 1713 2770 εἰς
1746 2709 1835 2763 τὸν

249 2800 507 2868 ποταμὸν
559 2798 989 2867 βαπτισάμενος,
1024 2799 1345 2869 παραυτίκα
1388 2799 1480 2851 τοῦ
1530 2802 1836 2869 νοσήματος

248 2890 690 2942 ἀπαλλάττεται.
746 2887 805 2940 Ὀ
843 2889 899 2940 δὲ
947 2887 1138 2956 Τίγρις
1194 2888 1288 2940 καὶ
1331 2887 1653 2956 Εὐφράτης.
1697 2888 1834 2941 διότι

249 2980 598 3033 καταδύουσι
633 2980 727 3030 καὶ
759 2977 924 3031 πάλιν
948 2976 1285 3045 ἀνίσχουσιν,
1321 2977 1474 3029 οὐδὲν
1509 2976 1717 3029 ἐκεῖθεν
1743 2977 1835 3029 δύο

247 3093 448 3129 νανται
480 3072 754 3140 κομίζειν,
769 3072 955 3142 ὥσπερ
982 3072 1010 3123 ὁ
1041 3072 1295 3137 Ὕφασις.
1324 3071 1457 3123 Οὺδέ
1484 3088 1545 3137 γε
1571 3076 1597 3123 ὸ
1622 3073 1832 3135 Νεῖλος

1941 594 2162 649 dicitur.
2202 596 2405 650 Deinde
2449 595 2595 665 quod
2627 595 2673 650 is
2707 595 2798 664 qui
2826 611 2969 649 nunc
3001 593 3266 665 Hyphasis
3302 598 3511 652 dicitur

1942 684 2159 750 ﬂuvius,
2196 688 2249 741 in
2293 688 2592 757 Scripturis
2622 688 2791 741 sacris
2831 688 3033 742 Phison
3086 690 3417 753 nominatus,
3454 698 3510 745 et

1943 776 2056 845 ipse
2098 794 2127 831 e
2167 778 2419 847 paradiso
2464 787 2644 831 ortum
2690 779 2934 845 ducens,
2987 795 3046 831 ex
3091 779 3291 833 arctois
3339 779 3511 849 magis

1942 867 2181 923 Orientis
2232 870 2480 938 partibus
2523 871 2805 924 meridiem
2842 886 3033 925 vorsus
3062 872 3333 939 proﬂuere
3362 872 3513 925 vide-

1945 974 2053 1023 tur,
2087 972 2141 1014 et
2169 964 2220 1016 in
2245 964 2362 1032 ejus
2386 962 2557 1032 ipsius
2586 978 2693 1016 orae
2726 962 2999 1018 Oceanum
3028 979 3197 1031 aquas
3231 979 3357 1017 suas
3380 981 3512 1017 con-

1939 1054 2111 1123 jirere
2157 1068 2224 1107 ex
2282 1053 2517 1107 adverso
2552 1052 2909 1122 ,Tnprobana:
2955 1054 3168 1109 insula).
3222 1055 3304 1109 Ad
3352 1057 3510 1126 cujus

1944 1143 2189 1199 ﬂuminis
2224 1144 2369 1214 ripas
2399 1145 2680 1199 invenitur
2711 1148 2858 1214 quod
2906 1146 3317 1216 caryophyllnm
3349 1163 3512 1201 voca-

1946 1248 2054 1296 tur.
2090 1238 2204 1290 sive
2257 1237 2307 1289 id
2356 1239 2590 1299 fructus,
2621 1252 2715 1290 seu
2770 1234 2869 1290 ﬂos
2919 1247 3024 1293 est.
3073 1239 3140 1292 Et
3187 1256 3511 1305 persuasum

1947 1328 2151 1381 habent
2198 1326 2293 1395 qui
2329 1326 2399 1380 ibi
2451 1326 2705 1381 habitant
2751 1326 3027 1390 homines,
3060 1329 3314 1382 arborem
3366 1330 3507 1396 ejus.

1945 1435 2010 1473 ex
2058 1421 2139 1474 eis
2193 1436 2315 1488 qua:
2368 1418 2421 1473 in
2470 1421 2724 1489 paradiso
2770 1431 2923 1483 sunt,
2958 1437 3119 1475 unam
3168 1437 3310 1476 esse.
3350 1421 3511 1491 725

1946 1511 2160 1565 Etenim
2216 1526 2281 1565 ea
2328 1526 2450 1579 qua:
2504 1526 2670 1580 supra
2723 1527 2820 1567 eos
2866 1524 2952 1567 est
3005 1522 3174 1577 terra,
3210 1513 3508 1568 admodum

1945 1602 2163 1658 deserta
2198 1612 2281 1657 est
2324 1612 2433 1658 tota
2466 1614 2521 1657 et
2568 1604 2800 1658 sterilis.
2829 1604 2983 1670 Quod
3018 1618 3201 1659 autem
3240 1607 3284 1661 is
3316 1606 3513 1659 ﬂuvius

1945 1694 2134 1749 ﬂorem
2169 1710 2293 1749 eum
2320 1695 2495 1757 aﬂ‘ert,
2525 1696 2657 1751 satis
2689 1705 2906 1751 constat
2934 1698 3088 1751 illum
3116 1714 3281 1767 super
3308 1707 3508 1751 terram

1946 1794 2122 1839 totum
2167 1786 2323 1848 ferri,
2360 1802 2538 1855 neque
2580 1787 2792 1856 uspiam
2848 1789 2951 1842 sub
3000 1800 3203 1842 terram
3254 1791 3309 1843 in
3352 1792 3508 1843 cuni-

1943 1879 2099 1935 culos
2129 1880 2343 1935 demitti
2382 1899 2395 1934 :
2435 1884 2596 1935 aliter
2626 1882 2797 1945 enim,
2831 1883 2974 1951 quod
3008 1884 3082 1937 ibi
3119 1894 3305 1939 natum
3338 1896 3507 1950 esset,

1942 1972 2187 2041 perferre
2229 1989 2335 2027 non
2369 1984 2572 2044 posset.
2613 1976 2790 2031 Habet
2827 1985 2881 2030 et
2927 1978 3088 2031 aliam
3141 1978 3346 2033 ﬂumen
3404 1981 3509 2034 hoc

1942 2048 2126 2116 notam
2169 2073 2401 2118 terrente
2444 2082 2568 2119 cum
2600 2067 2859 2135 paradiso
2911 2069 3338 2125 commistionis.
3379 2070 3509 2125 Fer-

1943 2161 2032 2206 tnr
2063 2155 2232 2217 enim,
2286 2158 2329 2209 si
2371 2158 2499 2225 quis
2534 2158 2673 2211 febri
2710 2159 2927 2214 laboret
2954 2162 3196 2223 ardenti,
3231 2174 3287 2215 et
3322 2163 3374 2215 in
3406 2162 3510 2215 ﬂu-

1943 2247 2090 2301 mine
2121 2263 2188 2301 eo
2212 2257 2511 2317 mergatur,
2542 2251 2842 2320 derepente
2874 2268 3000 2305 eum
3038 2254 3229 2309 morbo
3254 2255 3503 2309 liberari.

1941 2338 2120 2407 Tigris
2170 2355 2300 2394 vero
2349 2353 2405 2395 et
2443 2342 2771 2412 Euphrates,
2823 2346 2968 2412 quod
3004 2356 3206 2402 terram
3242 2350 3502 2415 subeant,

1939 2436 1994 2481 ot
2027 2444 2220 2482 rursus
2252 2442 2556 2499 emergant,
2593 2448 2700 2486 non
2735 2435 2946 2502 aliquid
2994 2436 3143 2498 inde,
3180 2447 3241 2491 ut
3288 2437 3507 2507 llypha-

1939 2523 2015 2575 sis
2046 2522 2151 2590 (l),
2212 2521 2408 2577 εποντο
2464 2533 2715 2591 possunt.
2769 2526 2875 2580 Sed
2931 2543 2999 2582 ne
3045 2529 3200 2583 Nilus
3232 2531 3502 2599 quidem:

1938 2630 2065 2669 nam
2089 2626 2145 2670 et
2173 2615 2320 2670 hunc
2349 2618 2524 2686 ipsum
2555 2618 2679 2674 inde
2701 2619 2997 2688 proﬂuere,
3034 2622 3314 2690 inspirata:
3342 2624 3505 2678 Mosa:

1939 2705 2137 2761 litterae
2172 2716 2467 2764 testantur.
2501 2712 2664 2764 Creon
2718 2712 2787 2764 ab
2838 2713 2979 2780 ipso,
3015 2730 3041 2764 a
3076 2714 3277 2769 Cra-cis
3317 2726 3500 2769 autem

1937 2800 2227 2870 Egyptius
2261 2804 2586 2871 appellatur.
2642 2803 2740 2857 llic
2783 2821 3039 2874 namque,
3070 2817 3337 2875 quantum
3367 2826 3500 2861 con-

1934 2892 2108 2960 jicere
2148 2893 2293 2957 licet,
2335 2909 2365 2947 e
2420 2895 2677 2963 paradiso
2710 2912 3000 2964 proruens,
3042 2899 3365 2967 priusquam
3410 2902 3504 2954 ha-

1938 2982 2222 3037 bitabilem
2257 2984 2409 3038 orbis
2445 2996 2654 3052 partem
2708 2987 2911 3055 attigit,
2958 2991 3061 3041 sub
3111 3000 3311 3043 terram
3344 2994 3502 3045 cuni-

1937 3075 2077 3128 culis
2108 3077 2410 3137 immissus,
2447 3078 2575 3131 inde
2604 3078 2853 3132 Indicum
2884 3096 3033 3135 mare
3062 3083 3233 3144 subit,
3260 3084 3364 3137 sub
3389 3101 3500 3153 quo

246 3168 354 3220 καὶ
386 3165 497 3234 γάρ
551 3164 645 3215 καὶ
700 3162 891 3213 τοῦτον
927 3160 1138 3213 ἐκεῖθεν
1188 3162 1327 3229 ῥεῖν,
1360 3162 1391 3228 ὴ
1436 3160 1682 3223 Μωσέως
1717 3162 1831 3212 ὲπί-
1858 3170 1904 3233 c

1814 3190 1831 3199 -
1858 3170 1904 3233 ρ
1938 3167 1992 3220 in
2026 3168 2214 3222 orbem
2270 3169 2707 3226 circumvolutus
2742 3172 2824 3238 (ut
2871 3175 3192 3243 conjectura
3242 3186 3348 3240 est,
3377 3179 3503 3245 quis

244 3275 421 3309 πνοια
454 3256 628 3323 λέγει,
665 3254 842 3306 Γαιὼν
892 3254 1054 3305 αὑτὸν
1103 3252 1482 3321 ὁνπιμάζουσα·
1515 3253 1575 3305 ὃν
1605 3255 1654 3304 οἱ
1705 3252 1840 3321 παρ’

246 3349 521 3417 Ἕλλησιν
570 3346 873 3413 Αἰγύπτιον
915 3345 1170 3397 ἐκάλουν.
1201 3337 1369 3405 Οὗτος
1421 3344 1550 3412 γὰρ,
1601 3345 1676 3407 ὼς
1720 3344 1836 3397 ἔστι

246 3440 588 3510 συμϐαλεῖν,
628 3440 880 3507 ἐξορμῶν
937 3435 1030 3487 τοῦ
1064 3436 1423 3505 παραδείσου,
1476 3439 1605 3505 πρὶν
1654 3440 1745 3489 ἐπὶ
1777 3438 1837 3489 τὸ

244 3530 580 3597 οἰκούμενον
613 3528 825 3596 φθάσαι
854 3528 1285 3596 καταδυόμενος,
1322 3527 1515 3581 ἔπειτα
1547 3529 1645 3596 τὴν
1690 3530 1837 3581 Ἰνδι-

244 3626 357 3690 κῆν
392 3622 677 3674 θάλασσαν
729 3620 979 3673 ὑπελθὼν
1024 3620 1126 3683 ἐτι,
1178 3624 1273 3672 καὶ
1320 3620 1507 3688 κύκλῳ
1562 3638 1624 3688 γε
1668 3622 1836 3691 αὐτὴν

247 3712 633 3782 περιελιχθεὶς
664 3713 740 3773 ὡς
779 3712 1036 3764 εἰκάσαι·
1073 3712 1156 3773 τίς
1188 3713 1295 3783 γὰρ
1346 3713 1652 3780 ἀνθρώπων
1679 3718 1837 3783 ἀκρι-

244 3807 456 3858 ϐώσειε
499 3804 703 3867 τοῦτος
748 3804 844 3856 καὶ
890 3804 994 3854 ὑπὸ
1051 3804 1232 3855 πᾶσαν
1285 3804 1384 3873 τὴν
1418 3806 1477 3855 ἐν
1527 3807 1681 3875 μέσῳ
1732 3807 1835 3872 γῆν

245 3897 497 3966 ἐνεχθεὶς
533 3896 695 3965 μέχρι
729 3895 827 3963 τῆς
869 3894 1140 3963 Ἐρυθρᾶς
1168 3894 1446 3963 θαλάσσης
1468 3913 1483 3927 ο
1511 3899 1604 3950 καὶ
1632 3900 1835 3965 ταύτην

245 3988 616 4058 ὑποδραμὼν,
646 3987 741 4038 ἐπὶ
770 3987 1001 4056 θάτερον
1033 3988 1205 4055 αὐτῆς
1233 3987 1505 4041 ἐκδίδοται
1536 3992 1701 4058 μέρος
1729 3992 1833 4042 ὑπὸ

242 4084 304 4133 τὸ
336 4081 441 4148 τῆς
477 4082 714 4149 σελήνης
772 4079 1111 4146 καλούμενον
1151 4078 1271 4147 ὅρος
1319 4081 1397 4147 (ὲν
1427 4073 1471 4148 ᾧ
1506 4080 1599 4132 δύο
1648 4083 1832 4151 πηγὰς

240 4174 475 4240 λέγεται
513 4175 715 4233 ποιεῖν,
783 4171 1035 4241 ἀλλήλων
1079 4173 1180 4225 οὐκ
1227 4171 1407 4239 ὀλίγον
1457 4173 1829 4243 διεστηκυίας,

242 4266 501 4318 κάτωθεν
540 4264 734 4335 βιαίως
788 4264 1388 4333 άναῤῥοιϐδουμένας)’
1448 4267 1541 4317 καὶ
1593 4265 1681 4318 διὰ
1729 4266 1829 4334 τῆς

235 4356 545 4417 Αἰθιοπίας
593 4354 862 4423 ἐνεχθεὶς,
913 4356 1007 4406 ἐπὶ
1056 4355 1154 4423 τὴν
1206 4356 1484 4422 Αἴγυπτον
1524 4358 1710 4426 χωρεῖ,
1741 4356 1829 4409 διὰ

238 4448 470 4518 πετρῶν
523 4447 883 4515 ὑψηλοτάτων
934 4447 1436 4515 διαταραττόμενος.
1474 4448 1597 4499 Ἐτι
1636 4447 1692 4499 δὲ
1733 4448 1826 4499 καὶ

234 4542 407 4594 τοῦτο
466 4541 829 4609 προστίθησιν
888 4538 963 4600 ὡς
1020 4540 1166 4591 ἅπαν
1229 4540 1288 4591 τὸ
1336 4539 1472 4609 πρὸς
1529 4541 1821 4609 ἀνίσχοντα

230 4634 419 4701 ἣλιον,
456 4633 552 4684 καὶ
585 4631 715 4698 περὶ
737 4630 834 4701 τὴν
862 4629 1216 4700 μεσημϐρίαν
1248 4630 1446 4699 κλίμα,
1478 4632 1654 4684 καίτοι
1680 4633 1823 4700 πέρα

229 4724 338 4777 τοῦ
398 4725 604 4792 μέτρου
664 4722 1024 4792 θαλπόμενον,
1068 4724 1218 4791 ὅμως
1283 4731 1353 4777 τά
1404 4728 1675 4793 κράτιστα
1728 4729 1823 4781 καὶ

230 4817 491 4886 μέγιστα
525 4815 681 4882 φέρει
710 4814 837 4875 τῶν,
871 4816 971 4868 ὅσα
1022 4816 1089 4885 γῆ
1122 4832 1181 4867 τε
1220 4816 1314 4866 καὶ
1346 4815 1587 4869 θάλαττα
1621 4818 1821 4888 δυνατὴ

226 4909 488 4978 τρέφειν.
518 4908 602 4959 Τά
628 4923 687 4959 τε
724 4907 831 4976 γάρ
857 4908 998 4977 κήτη
1025 4908 1094 4962 τὰ
1126 4908 1481 4977 ὑπερμεγέθη
1516 4912 1653 4979 αὐτῇ
1688 4913 1823 4962 ὲνεῖ-

227 5019 325 5054 ναι
362 5002 432 5069 τῇ
466 5000 704 5070 θαλάττῃ
726 5015 740 5030 ·
783 5001 879 5051 κοιλ⁵
916 5000 1019 5069 ἥδη
1054 4998 1210 5069 ὤφθη
1249 5001 1509 5063 πολλάκις
1552 5002 1818 5054 ἐπιπολά-

228 5108 414 5144 σαντα
454 5092 570 5153 τοῖς
624 5092 717 5143 τὸν
777 5091 1034 5145 Ὠκεανὸν
1088 5095 1298 5147 ἐκεῖνον
1353 5092 1816 5163 ναυτιλλομινοις.

226 5183 312 5235 Ἢ
348 5198 414 5233 τε
446 5184 558 5250 γὰρ
608 5182 681 5249 γῆ
720 5184 848 5243 τοὺς
880 5183 1181 5249 ἐλέφαντας
1227 5182 1340 5252 ἔχει
1370 5184 1494 5244 τοὺς
1528 5185 1818 5251 μεγίστους

226 5278 334 5327 καὶ
368 5275 858 5342 ὑπερφυεστάτους
877 5290 892 5305 ο
928 5277 1023 5325 καὶ
1044 5274 1109 5342 δὴ
1131 5276 1225 5327 καὶ
1250 5275 1373 5334 τοὺς
1403 5276 1817 5345 παρελέφαντας

222 5367 602 5434 λεγομένους,
636 5358 713 5417 ὧν
759 5364 819 5416 τὸ
855 5365 1017 5431 γένος
1054 5364 1123 5416 τά
1158 5366 1256 5433 μὲν
1303 5366 1436 5419 ἄλλα
1479 5367 1658 5418 πάντα
1689 5366 1815 5435 βοῦς

223 5461 358 5510 ἐστι
402 5456 689 5526 μέγιστος,
718 5456 818 5526 τὴν
840 5457 897 5509 δὲ
926 5456 1131 5525 βύρσαν
1158 5459 1252 5510 καὶ
1286 5458 1347 5509 τὸ
1377 5459 1574 5528 χρῶμα
1592 5460 1811 5528 ἐλέφας,

219 5597 471 5659 (novum
517 5592 709 5646 orbem
754 5596 978 5663 vocant)
1043 5592 1345 5657 abundare,
1378 5610 1513 5664 quas
1560 5595 1811 5650 homines

217 5665 442 5724 colant,
476 5664 887 5733 etuniversum
922 5666 1114 5718 orbem
1158 5667 1251 5731 qui
1296 5666 1498 5733 ubique
1530 5667 1603 5717 sit
1634 5668 1810 5719 vitalis

216 5748 377 5787 annr
421 5732 713 5805 particeps.
745 5749 852 5786 non
899 5749 1020 5805 esse
1068 5732 1482 5805 inhabitabilom
1518 5752 1529 5788 :
1564 5735 1615 5787 id
1661 5738 1805 5805 quod

216 5803 547 5870 antiquitus
615 5804 778 5854 etiam
845 5803 1078 5871 primum
1143 5803 1491 5857 Posidonium
1564 5803 1807 5874 philoso-

1853 4505 1904 4565 D

1936 3263 2083 3315 enim
2141 3263 2423 3318 hominum
2466 3266 2579 3321 haec
2633 3277 2787 3323 certo
2849 3280 3125 3325 assereret
3179 3282 3231 3326 et
3273 3273 3503 3327 demon-

1934 3355 2137 3417 stret?)
2190 3364 2245 3408 et
2294 3366 2555 3423 praeterea
2603 3362 2704 3413 sub
2743 3360 2889 3413 omni
2929 3376 2991 3414 ea
3032 3378 3153 3432 qua:
3206 3364 3259 3417 in
3318 3366 3501 3420 medio

1939 3448 2281 3515 protenditur
2340 3458 2504 3509 terra,
2553 3451 2621 3503 ad
2678 3468 2824 3505 mare
2862 3452 3106 3508 Rubrum
3143 3471 3497 3525 procurrens,

1936 3555 2001 3593 ac
2028 3541 2130 3594 sub
2161 3556 2227 3594 eo
2255 3557 2473 3610 quoque
2525 3544 2831 3611 prolapsus,
2864 3546 2915 3598 in
2951 3549 3185 3601 alterum
3220 3552 3342 3617 ejus
3401 3553 3499 3605 de-

1937 3632 2113 3686 fertur
2141 3632 2316 3692 littus.
2355 3635 2458 3687 sub
2486 3636 2538 3687 id
2572 3637 2718 3703 quod
2752 3638 2961 3691 dicitur
2998 3641 3141 3695 lunae
3182 3654 3501 3709 promontoa

1938 3724 2081 3777 rium
2118 3726 2234 3793 (ubi
2270 3727 2412 3780 duos
2454 3731 2628 3781 fertur
2660 3730 2877 3784 eﬂicere
2908 3732 3112 3793 fontes.
3157 3751 3266 3789 non
3304 3751 3495 3804 parum

1938 3819 2080 3871 inter
2108 3834 2166 3871 se
2200 3819 2496 3883 distantes,
2527 3831 2583 3874 et
2616 3837 2836 3875 sursum
2869 3840 3085 3879 versum
3125 3844 3315 3897 magna
3346 3831 3395 3883 vi
3443 3842 3498 3882 et

1936 3910 2150 3976 fragore
2200 3922 2670 3981 prorumpentes).
2721 3925 2779 3968 et
2827 3916 2952 3969 inde
3006 3934 3103 3986 per
3161 3920 3495 3989 Aithiopiam

1937 3999 2295 4066 provolutus,
2321 4002 2375 4054 in
2407 4002 2701 4071 Aigyptum
2736 4009 3032 4072 procurrit,
3068 4023 3163 4075 per
3203 4009 3498 4064 altissimas

1935 4108 2102 4160 rupes
2136 4095 2369 4162 strepitu
2406 4097 2674 4151 itntuenso
2728 4099 3098 4165 praecipitans.
3141 4101 3308 4154 Addit
3344 4105 3496 4156 insu-

1932 4199 2028 4253 per
2061 4194 2117 4237 et
2147 4185 2304 4249 illud,
2339 4196 2573 4241 tractum
2623 4189 2778 4243 illum
2813 4192 2964 4244 orbis
3012 4193 3079 4244 ad
3121 4192 3403 4247 Orientem
3439 4206 3495 4249 et

1932 4274 2221 4328 meridiem
2258 4290 2496 4339 omnem,
2522 4280 2879 4346 quantumvis
2907 4281 2960 4334 in
2987 4282 3255 4337 immenso
3271 4287 3488 4347 ardore.

1931 4367 2166 4421 maxima
2217 4377 2399 4420 tamen
2433 4380 2487 4423 et
2524 4372 2905 4425 robustissima
2946 4372 3088 4428 ferre
3131 4382 3336 4440 omnia,
3373 4394 3492 4448 qua:

1933 4456 2018 4507 vel
2052 4464 2201 4509 terra
2233 4458 2317 4509 vel
2350 4473 2488 4525 aqua
2518 4459 2841 4529 gignuntur.
2872 4461 2930 4515 In
2960 4478 3027 4516 co
3052 4466 3196 4518 enim
3237 4470 3371 4520 mari
3400 4470 3493 4522 ad-

1934 4548 2197 4601 mirandze
2229 4550 2627 4618 magnitudinis
2662 4552 2922 4607 immania
2962 4565 3081 4609 cete
3115 4559 3490 4625 reperiuntur,

1930 4653 2053 4707 qua:
2084 4655 2464 4707 saepenumero
2508 4643 2784 4697 Oceanum
2818 4660 2945 4699 eum
2977 4648 3366 4717 navigantibus
3401 4667 3491 4719 pe-

1930 4731 2053 4799 lago
2082 4732 2387 4787 innatantia
2411 4743 2468 4787 et
2486 4737 2822 4803 emergentia
2844 4750 3241 4805 apparuerunt,
3261 4751 3316 4794 et
3349 4754 3491 4795 terra

1930 4822 2047 4891 ipsa
2081 4823 2407 4891 elephantos
2441 4825 2604 4879 habet
2634 4826 2792 4895 longe
2835 4832 3101 4883 tnaxnnos
3149 4840 3205 4884 ct
3239 4834 3489 4887 vastissi-

1930 4928 2049 4967 mos
2082 4931 2096 4967 :
2130 4925 2396 4980 praeterea
2428 4930 2522 4970 eos
2555 4918 2649 4985 qui
2683 4910 2862 4986 spurii
2889 4920 3165 4988 elephanti
3204 4922 3486 4986 dicuntur,

1930 5018 2166 5071 quorum
2197 5020 2372 5074 genus
2395 5016 2593 5060 caetera
2628 5009 2850 5077 quidem
2882 5010 3050 5064 boves
3085 5025 3213 5066 sunt
3243 5018 3487 5080 maximi,

1928 5096 2070 5163 pelle
2101 5105 2286 5150 autem
2335 5107 2391 5150 et
2422 5098 2629 5164 colore,
2667 5102 2894 5169 ipsaque
2925 5102 3064 5154 adeo
3113 5107 3487 5171 nmgnitudine

1926 5183 2227 5252 elephanti.
2266 5184 2405 5239 Sunt
2445 5187 2518 5239 ibi
2564 5204 2783 5258 quoque
2818 5190 3089 5246 dracones
3113 5194 3228 5247 sive
3261 5210 3487 5263 serpen-

1928 5287 2034 5343 tes,
2053 5278 2422 5332 crassitudine
2453 5280 2699 5335 trabibus
2718 5297 2824 5335 non
2856 5283 3120 5350 minores,
3147 5286 3486 5356 langitudino

1924 5372 1989 5421 ad
2026 5370 2340 5434 quindecim
2375 5374 2619 5438 protensi
2651 5387 2846 5441 orgyas
2874 5389 2970 5427 seu
3004 5391 3215 5443 passus,
3248 5393 3479 5445 quarum

1924 5462 2131 5516 exuviae
2158 5463 2321 5516 etiam
2360 5464 2587 5517 Romam
2624 5465 2751 5519 visa:
2800 5476 2929 5520 sunt
2962 5466 3211 5534 perferri.
3240 5468 3305 5522 Et
3335 5476 3477 5537 apud

1923 5598 2113 5667 phum.
2164 5597 2389 5671 Panaétii
2442 5598 2791 5667 discipulum,
2849 5600 3046 5655 deinde
3089 5616 3306 5671 quoque
3354 5605 3483 5657 Avi-

1921 5682 2149 5747 cenuam
2174 5670 2411 5749 'Arabem
2450 5674 2719 5723 medicum
2755 5673 3075 5726 Obseh'aSSc
3116 5670 3478 5739 querumdam

1922 5747 2002 5789 est
2032 5747 2240 5805 opinio.

1992 5808 2065 5875 (ί)
2097 5808 2249 5875 Apud
2290 5811 2405 5865 Plin
2458 5811 2681 5881 Ilgpasis
2709 5822 2814 5881 cst,
2852 5813 2949 5867 lib.
2990 5829 3046 5873 ιι,
3088 5827 3206 5880 cap.
3252 5812 3338 5867 73.
