4280 6436
248 390 354 453 ΒΜ

1178 391 1788 454 ECCLESIASTICJZ
1830 390 2215 450 HISTORIE
2261 390 2406 450 LIB.
2457 390 2551 449 [Χ.

3388 389 3496 453 302

251 518 318 559 τα
351 504 756 576 χθαμαλώτερα
789 504 953 558 τόπον
977 507 1042 575 τῇ
1083 508 1221 575 ῥοπῇ
1261 507 1353 559 τοῦ
1393 505 1673 576 βρίθοντος
1706 503 1829 555 ῦδα-
1862 510 1897 562 Α
1933 502 1941 554 i

1808 532 1829 541 -
1862 510 1897 562 Α
1933 502 1982 554 id
2017 502 2295 556 emittcus.
2344 503 2467 557 llaec
2504 500 2703 570 quippe
2750 510 2832 553 est
2882 499 2971 553 illa
3005 513 3119 567 qua:
3161 502 3336 557 inedia
3360 514 3495 558 zona

250 615 343 659 τος
385 597 707 666 παρασχών.
760 595 823 651 ’0
850 596 895 649 δ’
930 595 1091 657 αὐτὸς
1119 597 1338 668 εἰκασία
1380 596 1681 670 χρώμενος,
1714 595 1827 646 κεῖ-

254 688 386 742 σθαι
412 704 546 756 φησι
582 688 677 741 καὶ
728 688 821 741 τὸν
856 689 1187 759 παράδεισον
1221 690 1359 741 κατὰ
1390 691 1489 752 τὰς
1538 686 1827 758 ἰσημερίας

249 781 352 847 τῆς
381 779 549 847 ἠοῦς·
600 780 821 848 πρῶτον
849 781 973 849 μὲν,
1006 781 1063 844 ἐξ
1096 776 1170 835 ὧν
1199 782 1265 835 τά
1297 781 1434 851 πρὸς
1478 779 1827 851 μεσημϐρίαν

246 872 388 940 δῆλά
420 875 538 925 ἐστι
579 873 759 925 πάντα
810 874 1111 940 οἰκούμενα
1147 874 1335 943 σχεδὸν
1386 875 1547 942 μέχρι
1576 874 1673 940 τῆς
1726 871 1828 935 ἔξη)

249 964 551 1033 θαλάττης,
608 965 678 1034 ἣν
730 965 1003 1017 θάλατταν
1052 966 1079 1016 δ
1139 965 1293 1033 ἥλιος
1345 965 1446 1035 ἤδη
1503 965 1825 1034 ξυμφλέγει,

250 1058 380 1110 κατ’
402 1059 524 1119 ἔτος
560 1058 649 1111 ἐπ’
676 1059 813 1126 αὐτῇ
848 1059 944 1120 τάς
981 1059 1203 1122 ἀκτῖνας
1247 1060 1471 1130 ἐρείδων
1500 1077 1514 1092 ο
1548 1062 1642 1112 καὶ
1673 1061 1705 1129 ἡ
1742 1060 1828 1113 διά

250 1150 426 1215 μέσου
461 1151 734 1219 λεγομένη
767 1150 911 1219 ζώνη
941 1151 1102 1205 τοῦτό
1146 1152 1293 1203 ὲστιν
1323 1166 1337 1181 ⁸
1365 1150 1444 1203 ἔτι
1484 1151 1539 1203 δὲ
1571 1152 1665 1204 καὶ
1692 1150 1829 1203 διότι

245 1242 276 1293 ὀ
319 1241 417 1292 νῦν
458 1240 701 1309 ’Ὕφασις
749 1242 1085 1311 καλούμενος
1137 1244 1403 1310 ποταμὸς,
1450 1241 1510 1295 ὅν
1551 1244 1584 1312 ἡ
1636 1242 1829 1312 Γραφὴ

244 1327 463 1380 Φεισὼν
492 1327 777 1396 ὀνομάζει,
805 1332 900 1383 καὶ
930 1330 1094 1392 αὐτὸς
1120 1330 1212 1383 τοῦ
1236 1330 1567 1400 παραδείσου
1600 1330 1832 1382 ἀναϐλύ-

245 1420 384 1484 ζων,
408 1422 473 1472 ὲκ
511 1420 622 1473 τῶν
654 1420 924 1491 ἀρκτῴων
960 1422 1165 1491 μᾶλλον
1213 1422 1314 1491 τῆς
1337 1422 1610 1489 ’ἀνατολῆς
1646 1423 1831 1491 μερῶν

243 1512 347 1563 ἐπὶ
402 1512 501 1581 τὴν
539 1513 888 1583 μεσημϐρίαν
942 1514 1197 1582 φαίνεται
1251 1515 1411 1583 ῥέων,
1470 1516 1563 1567 καὶ
1615 1516 1693 1577 είς
1741 1514 1832 1567 τδν

241 1603 424 1673 ’ταύτῃ
467 1603 721 1656 Ὠκεανὸν
751 1604 813 1657 τὸ
842 1604 1057 1675 ῥεῖθρον
1096 1605 1567 1673 είσερευγόμενος,
1600 1605 1829 1674 ἀντικρὺ

242 1698 349 1764 τῆς
390 1697 559 1767 νήσου
608 1696 1020 1767 Ταπροδάνηςο
1068 1691 1129 1750 οῦ
1171 1697 1322 1768 ’παρὰ
1370 1697 1468 1761 τὰς
1518 1696 1687 1767 ὄχθας
1736 1694 1829 1749 τοῦ

241 1791 499 1859 ποταμοῦ
533 1791 848 1861 εὑρίσκεται
873 1793 934 1845 τδ
962 1791 1263 1860 λεγόμενον
1288 1791 1691 1862 καρυόφυλλον,
1719 1789 1830 1844 είτε

240 1885 484 1955 καρπὸς,
522 1886 635 1937 εἴτε
670 1885 728 1937 δὲ
760 1886 853 1938 καὶ
883 1884 1047 1947 ἄνθος
1080 1887 1360 1954 τυγχάνει.
1391 1885 1503 1937 Καὶ
1534 1884 1827 1937 πεπιστεύ-

240 1995 411 2029 κασιν
460 1980 511 2030 οἱ
543 1979 727 2047 ἐκείνῃ
775 1978 1054 2043 οἰκοῦντες
1104 1979 1213 2030 τῶν
1248 1980 1311 2031 ὲκ
1348 1977 1442 2030 τοῦ
1493 1978 1825 2045 παραδείσου

239 2066 410 2119 τοῦτο
442 2066 664 2134 δένδρον
690 2062 853 2121 εἶναι.
901 2069 1012 2119 Καὶ
1038 2067 1146 2137 γὰρ
1175 2068 1268 2119 καὶ
1302 2069 1333 2137 ἡ
1365 2068 1505 2136 ὑπὲρ
1531 2068 1727 2128 αὐτοὺς
1756 2067 1825 2134 γῆ

239 2158 458 2226 ἔρημός
486 2158 546 2210 τέ
584 2161 701 2210 ἐστι
738 2158 929 2220 δεινῶς
972 2157 1162 2212 ἅπασα
1192 2158 1285 2210 καὶ
1314 2158 1696 2227 άκαρποτάτη.
1735 2159 1828 2209 Ἐκ

240 2245 299 2297 δὲ
334 2243 434 2296 τοῦ
470 2246 659 2313 φέρειν
685 2245 777 2297 τδν
814 2247 1059 2312 ποταμὸν
1086 2246 1148 2298 τὸ
1177 2246 1334 2307 ἄνθος
1369 2246 1619 2313 ἐπίδηλον
1646 2246 1711 2298 ἂν
1738 2245 1823 2316 εἴη

238 2339 317 2399 ὡς
353 2332 513 2399 οὗτος
539 2341 568 2390 ὁ
606 2338 853 2405 ποταμὸς
882 2340 1021 2406 ὑπὲρ
1053 2337 1156 2406 γῆς
1200 2341 1344 2399 ἄπας
1380 2339 1514 2406 ρἐι,
1552 2340 1825 2408 μηδαμόθι

240 2431 659 2497 καταδυόμενος
686 2448 698 2461 ο
728 2432 790 2482 ού
831 2431 940 2499 γὰρ
972 2432 1037 2483 ἂν
1076 2433 1133 2482 τὸ
1160 2430 1373 2482 ἐκεῖθεν
1405 2432 1676 2498 φυόμενον
1701 2431 1828 2497 ἡδύο

250 2540 379 2573 ιατο
444 2523 656 2591 φέρειν.
705 2523 859 2591 Ἔχει
899 2524 955 2574 δέ
1008 2539 1060 2573 τι
1106 2523 1199 2573 καὶ
1232 2522 1358 2575 ἄλλο
1414 2522 1682 2589 σύμδολον
1726 2522 1826 2589 τῆς

242 2618 384 2686 περὶ
428 2618 519 2669 τὸν
566 2616 901 2685 παράδεισον
932 2616 1141 2684 γεηρᾶς
1187 2616 1494 2684 ἐπιμιξίας.
1552 2615 1689 2667 Φασὶ
1716 2616 1824 2681 γὰρ

237 2709 319 2769 ὠς
352 2710 449 2760 ὲάν
480 2725 565 2770 τις
590 2708 745 2775 τύχοι
776 2706 997 2775 πυρετῷ
1027 2707 1214 2776 λάὸρῳ
1244 2706 1596 2775 φλεγόμενος,
1625 2709 1704 2768 εἰς
1736 2708 1825 2761 τὸν

240 2800 499 2869 ποταμὸν
550 2799 980 2868 βαπτισάμενος,
1015 2798 1336 2868 παραυτίκα
1378 2798 1471 2849 τοῦ
1520 2801 1827 2868 νοσήματος

238 2891 682 2943 ἀπαλλάττεται.
737 2888 796 2940 'O
834 2889 890 2940 δὲ
938 2887 1129 2955 Τίγρις
1185 2887 1278 2939 καὶ
1322 2886 1644 2955 Εὐφράτης,
1688 2886 1824 2940 διότι

239 2981 589 3034 καταδύουσι
625 2981 718 3030 καὶ
750 2977 915 3031 πάλιν
940 2976 1276 3045 ἀνίσχουσιν,
1312 2976 1465 3028 οὐδὲν
1501 2975 1708 3027 ἐκεῖθεν
1734 2976 1825 3027 δύ-

238 3094 440 3130 νανται
472 3072 745 3140 κομίζειν,
760 3072 947 3142 ὥσπερ
972 3072 1000 3122 ὁ
1032 3071 1287 3137 Ὕφασις.
1315 3070 1449 3123 esse
1475 3087 1537 3136 γε
1563 3074 1589 3122 ὁ
1613 3071 1822 3133 Νεῖλος·

1928 592 2149 647 dicitur.
2189 593 2392 647 Deinde
2436 591 2582 663 quod
2615 592 2661 647 is
2694 591 2785 661 qui
2813 608 2956 645 nunc
2989 590 3254 661 Hyphasis
3290 593 3498 647 dicitur

1929 682 2146 747 ﬂuvlus,
2184 685 2236 738 in
2280 685 2579 754 Scripturis
2610 684 2778 737 sacris
2818 684 3021 738 Phison
3073 685 3404 749 nominatus,
3442 693 3498 739 et

1930 774 2043 843 ipse
2085 791 2113 829 e
2154 774 2406 845 paradiso
2451 783 2632 827 ortum
2678 775 2922 841 ducens,
2976 791 3034 827 ex
3079 774 3279 828 arctois
3327 774 3499 844 magis

1929 865 2168 921 Orientis
2219 867 2467 935 partibus
2511 868 2793 921 meridiem
2830 881 3020 920 versus
3050 868 3320 934 proﬂuere
3350 868 3501 920 vide-

1932 972 2040 1021 tur,
2074 969 2128 1011 et
2156 961 2207 1014 iu
2232 961 2350 1029 ejus
2373 960 2545 1029 ipsius
2573 975 2681 1013 orre
2713 958 2988 1014 Oceanum
3016 975 3185 1027 aquas
3219 975 3345 1013 suas
3368 976 3500 1012 con-

1927 1052 2100 1121 jirere
2144 1066 2211 1105 ex
2270 1051 2504 1105 adverso
2540 1049 2897 1119 J'l‘aprobanae
2943 1050 3157 1105 insube.
3210 1051 3292 1104 Ad
3340 1052 3498 1121 cujus

1932 1141 2177 1197 ﬂuminis
2212 1142 2357 1211 ripas
2386 1142 2668 1196 invenitur
2700 1144 2846 1210 quod
2894 1142 3305 1212 caryopliylliim
3337 1158 3501 1196 voca-

1934 1246 2042 1295 tur,
2077 1235 2192 1288 sive
2244 1235 2296 1287 id
2344 1237 2578 1297 fructus,
2609 1249 2702 1287 seu
2758 1231 2857 1287 ﬂos
2907 1243 3012 1288 est.
3061 1235 3129 1288 Et
3175 1250 3499 1301 persuasum

1935 1326 2139 1379 habent
2186 1324 2281 1393 qui
2317 1324 2387 1377 ibi
2438 1324 2694 1378 habitam
2739 1323 3015 1386 homines,
3049 1325 3303 1377 arborem
3354 1325 3496 1392 ejus,

1933 1433 1998 1471 ex
2047 1419 2127 1472 eis
2181 1433 2303 1486 quae
2356 1416 2410 1470 in
2458 1418 2712 1487 paradiso
2758 1428 2911 1480 sunt,
2946 1433 3108 1471 unam
3157 1433 3299 1471 esse.
3338 1416 3499 1486 725,

1934 1509 2148 1563 Etenim
2205 1524 2269 1562 ea
2316 1524 2438 1577 qua:
2492 1523 2659 1577 supra
2711 1524 2808 1564 eos
2854 1520 2940 1564 est
2994 1518 3163 1573 terra,
3198 1509 3497 1563 admodum

1934 1601 2151 1656 deserta
2186 1610 2270 1655 est
2312 1610 2421 1655 tota
2455 1611 2511 1655 et
2557 1601 2788 1655 sterilis.
2818 1600 2973 1667 Quod
3006 1614 3189 1655 autem
3229 1602 3273 1656 is
3304 1601 3501 1655 ﬂuvius

1934 1693 2123 1747 ﬂorem
2158 1708 2282 1747 eum
2309 1693 2484 1755 aﬂ'ert.
2514 1693 2646 1747 satis
2677 1702 2894 1748 constat
2923 1694 3077 1747 illum
3104 1709 3270 1763 super
3297 1703 3497 1747 terrain

1934 1792 2111 1837 totum
2155 1783 2311 1846 ferri,
2349 1799 2527 1852 neque
2567 1784 2781 1853 uspiam
2837 1786 2941 1839 sub
2989 1796 3193 1838 terram
3243 1786 3298 1839 in
3340 1787 3497 1839 cuni-

1932 1877 2087 1932 culos
2118 1878 2332 1933 demitti
2371 1896 2384 1931 :
2424 1880 2585 1933 aliter
2615 1878 2786 1941 enim,
2820 1880 2964 1948 quod
2998 1881 3072 1933 ibi
3108 1890 3294 1935 natum
3327 1891 3497 1945 esset,

1931 1970 2176 2040 perferre
2218 1986 2324 2024 non
2358 1982 2561 2041 posset.
2602 1973 2779 2028 Habet
2816 1982 2870 2027 et
2916 1974 3077 2027 aliam
3130 1973 3335 2029 ﬂumen
3393 1976 3498 2030 hoc

1931 2048 2115 2114 notaui
2158 2070 2390 2115 terrena:
2433 2079 2557 2116 cum
2588 2064 2848 2133 paradiso
2901 2066 3327 2120 conimistionis.
3369 2066 3499 2121 Fer-

1933 2160 2021 2204 tur
2052 2154 2221 2214 enim,
2275 2156 2318 2207 si
2361 2156 2488 2223 quis
2524 2155 2662 2208 febri
2699 2156 2917 2210 laboret
2944 2158 3186 2219 ardenti,
3221 2169 3277 2211 et
3312 2158 3363 2211 in
3395 2158 3499 2211 ﬂii—

1933 2245 2080 2299 miiie
2111 2260 2178 2299 eo
2201 2255 2500 2314 mergatur,
2531 2248 2832 2317 derepente
2864 2264 2990 2301 eum
3028 2250 3218 2304 morbo
3244 2250 3492 2305 liberari.

1930 2336 2110 2405 Tigris
2159 2353 2289 2391 vero
2338 2350 2395 2392 et
2433 2339 2761 2409 Euphrates,
2812 2342 2958 2409 quod
2994 2352 3196 2397 terram
3232 2345 3492 2410 subeant,

1928 2434 1984 2479 et
2017 2442 2210 2480 rursus
2242 2438 2546 2496 emergant,
2582 2445 2690 2482 non
2725 2431 2935 2498 aliquid
2985 2432 3133 2494 inde.
3170 2443 3231 2487 ut
3278 2432 3497 2502 llyplia-

1929 2520 2005 2573 sis
2036 2520 2141 2588 (l),
2201 2518 2397 2574 eﬂ‘erre
2455 2530 2704 2589 possunt.
2758 2522 2865 2576 Sed
2920 2539 2989 2579 ne
3036 2525 3190 2579 Nilus
3222 2526 3492 2595 quidem:

1928 2627 2055 2667 nam
2079 2624 2135 2668 et
2163 2613 2310 2667 hunc
2339 2614 2514 2683 ipsum
2545 2614 2669 2670 inde
2691 2615 2987 2684 proﬂuere,
3024 2618 3305 2686 inspirata:
3332 2619 3495 2673 Mosa:

1930 2704 2128 2758 littera:
2162 2713 2457 2761 testantur.
2490 2708 2655 2760 Creon
2708 2709 2777 2760 ab
2829 2709 2969 2777 ipso,
3005 2726 3031 2760 a
3066 2710 3268 2765 Gemis
3307 2721 3491 2764 autem

1928 2798 2218 2867 [Egyptius
2251 2801 2577 2869 appellatur.
2632 2800 2730 2854 llic
2773 2816 3028 2870 namque,
3060 2813 3328 2871 quantum
3357 2820 3490 2857 cou-

1925 2890 2098 2957 jieere
2138 2891 2284 2954 licet,
2326 2906 2355 2944 e
2411 2892 2667 2960 paradiso
2701 2908 2990 2961 proruens,
3032 2895 3355 2963 priusquam
3400 2897 3495 2949 lia-

1929 2980 2212 3034 bitabilem
2248 2981 2400 3034 orbis
2436 2992 2645 3049 partem
2697 2984 2901 3051 attigit,
2948 2987 3052 3037 sub
3102 2995 3302 3038 terram
3334 2989 3493 3040 cuui-

1928 3073 2067 3126 culis
2099 3074 2401 3147 immissus.
2438 3074 2566 3127 inde
2595 3074 2845 3129 Indicum
2874 3092 3024 3131 mare
3053 3078 3223 3140 subit,
3251 3080 3354 3132 sub
3380 3096 3490 3148 quo

238 3169 345 3221 καὶ
378 3166 488 3235 γάρ
542 3164 637 3216 καὶ
692 3162 882 3213 τοῦτον
918 3160 1129 3213 ἐκεῖθεν
1180 3162 1318 3228 ῥεῖν,
1351 3161 1383 3227 ἡ
1428 3158 1674 3221 Μωσέως
1708 3160 1823 3210 ὲπί·
1849 3167 1895 3231 C

1804 3188 1823 3197 -
1849 3167 1895 3231 ο
1929 3165 1983 3217 in
2016 3166 2205 3219 orbem
2260 3166 2698 3223 circumvolutus
2733 3168 2814 3235 (ut
2862 3171 3184 3239 conjectura
3232 3182 3339 3236 est,
3368 3174 3494 3241 quis

236 3276 413 3310 πνοια
447 3257 621 3324 λέγει,
657 3254 834 3307 Γαιὼν
883 3254 1045 3304 αὐτὸν
1095 3251 1473 3320 ὀνομάζουσαυ
1507 3252 1567 3303 ὂν
1596 3254 1646 3303 οἱ
1696 3249 1832 3319 παρ’

238 3350 513 3418 Ἕλλησιν
561 3346 865 3413 Αἰγύπτιον
907 3344 1161 3396 ἐκάλουν.
1193 3336 1361 3404 Οὗτος
1413 3343 1542 3410 γάρ,
1593 3344 1667 3406 ὼς
1711 3343 1827 3395 ἐστι

238 3441 580 3511 συμὸαλεῖν,
620 3440 872 3507 ἐξορμῶν
929 3434 1022 3487 τοῦ
1056 3436 1415 3504 παραδείσου,
1468 3438 1597 3504 πρὶν
1646 3439 1736 3487 ἐπὶ
1768 3436 1829 3487 τὸ

237 3531 573 3597 οἰκούμενον
606 3529 817 3596 φθάσαι
846 3527 1277 3596 καταδυόμενος,
1314 3526 1507 3579 ἔπειτα
1539 3528 1637 3594 τὴν
1682 3528 1829 3579 Ἰνδι-

237 3626 349 3691 κῆν
384 3623 669 3675 Θάλασσαν
721 3620 971 3673 ὑπελθὼν
1017 3620 1118 3683 ἔτι,
1170 3623 1265 3671 καὶ
1312 3620 1499 3687 κύκλῳ
1554 3637 1616 3687 γε
1660 3620 1827 3689 αὐτὴν

239 3712 626 3783 περιελιχθεὶς
656 3714 733 3773 ὡς
772 3712 992 3764 εἰκάσαι
1015 3726 1029 3739 ⁸
1066 3712 1148 3773 τίς
1180 3712 1287 3782 γὰρ
1338 3712 1644 3779 ἀνθρώπων
1672 3716 1829 3781 ἀκρι-

237 3808 449 3859 ϐώσειε
492 3804 696 3868 τοῦτο;
741 3804 836 3856 καὶ
882 3804 987 3854 ὑπὸ
1044 3804 1224 3855 πᾶσαν
1277 3803 1376 3872 τὴν
1411 3805 1470 3853 ἐν
1520 3806 1673 3873 μέσῳ
1724 3805 1827 3870 γῆν

238 3898 491 3968 ἐνεχθεὶς
526 3896 689 3965 μέχρι
722 3895 820 3963 τῆς
862 3893 1133 3963 Ἐρυθρᾶς
1161 3893 1439 3962 θαλάσσης
1461 3912 1475 3926 ·
1503 3898 1596 3948 καὶ
1624 3898 1827 3963 ταύτην

238 3974 608 4059 ῦποδραμὼν,
639 3987 735 4038 ἐπὶ
763 3987 994 4055 θάτερον
1026 3988 1197 4054 αὐτῆς
1226 3986 1497 4039 ἐκδίδοται
1528 3990 1693 4056 μέρος
1722 3989 1825 4040 ὑπὸ

236 4086 297 4134 τὸ
330 4081 434 4148 τῆς
471 4082 707 4149 σελήνης
765 4079 1104 4146 καλούμενον
1144 4078 1264 4146 ὖρος
1312 4080 1390 4145 (ὲν
1420 4072 1464 4146 ᾧ
1498 4078 1592 4131 δύο
1640 4080 1824 4149 πηγὰς

235 4176 470 4241 λέγεται
507 4175 709 4233 ποιεῖν,
777 4171 1029 4240 ἀλλήλων
1072 4172 1173 4224 οὐκ
1220 4170 1400 4237 ὀλίγον
1450 4172 1823 4241 διεστηκυίας,

236 4267 494 4319 κάτωθεν
534 4264 727 4335 βιαίως
781 4262 1380 4332 άναρῤοιδδουμένας)·
1441 4264 1535 4315 καὶ⁵
1586 4263 1674 4316 διά
1722 4264 1822 4331 τῆς

231 4356 539 4418 Αἰθιοπίας
586 4354 856 4423 ἐνεχθεὶς,
907 4355 1001 4405 ἐπὶ
1050 4354 1147 4422 τὴν
1199 4354 1477 4421 Αἴγυπτον
1517 4356 1703 4423 χωρεῖ,
1734 4354 1822 4407 διά

234 4448 464 4518 πετρῶν
517 4446 876 4515 ὑψηλοτάτων
928 4446 1430 4514 καταραττόμενος.
1468 4446 1590 4497 Ἔτι
1629 4444 1685 4497 δὲ
1726 4446 1820 4496 καὶ

230 4542 400 4594 τοῦτο
459 4541 823 4609 προστίθησιν
883 4537 958 4599 ὠς
1014 4539 1160 4589 ἅπαν
1223 4538 1281 4589 τὸ
1330 4538 1466 4607 πρὸς
1522 4538 1814 4607 ἀνίσχοντα

227 4634 412 4701 ἥλιον,
449 4632 546 4684 καὶ
579 4630 709 4698 περὶ
732 4630 829 4700 τὴν
857 4627 1210 4699 μεσημόρίαν
1242 4628 1440 4698 κλίμα,
1472 4630 1647 4682 καίτοι
1674 4631 1817 4697 πέρα

226 4724 332 4777 τοῦ
392 4724 598 4792 μέτρου
658 4722 1019 4792 θαλπόμενον,
1062 4722 1213 4790 ὅμως
1276 4729 1347 4775 τὰ
1398 4726 1669 4791 κράτιστα
1722 4726 1818 4779 καὶ

228 4817 485 4886 μέγιστα
519 4815 676 4882 φέρει
704 4814 832 4874 τῶν,
865 4815 965 4867 ὅσα
1016 4815 1084 4883 γῆ
1116 4831 1175 4866 τε
1215 4815 1308 4865 καὶ
1340 4814 1581 4868 θάλαττα
1615 4816 1816 4886 δυνατὴ

224 4909 482 4979 τρέφειν.
512 4908 596 4960 Τά
622 4923 681 4959 τε
718 4906 826 4976 γάρ
852 4907 993 4977 κήτη
1019 4907 1089 4960 τὰ
1121 4907 1475 4976 ὑπερμεγέθη
1510 4910 1647 4977 αὐτῇ
1683 4910 1818 4960 ἐνεῖ-

226 5019 321 5055 ναι
357 5002 426 5069 τῇ
460 5000 698 5069 θαλάττῃ
720 5014 735 5029 ·
778 5000 874 5051 καὶ
910 4999 1014 5067 ήδη
1049 4997 1205 5068 ὤφθη
1244 5000 1503 5061 πολλάκις
1546 5001 1813 5052 ἐπιπολά-

227 5109 408 5145 σαντα
448 5093 565 5153 τοῖς
618 5092 711 5144 τὸν
772 5090 1029 5144 Ὠκεανὸν
1083 5094 1294 5145 ἐκεῖνον
1347 5091 1810 5161 ναυτιλλομένοις.

224 5184 309 5236 Ἥ
344 5198 408 5235 τε
441 5184 553 5250 γὰρ
603 5182 675 5249 γῆ
714 5184 843 5243 τοὺς
875 5182 1177 5247 ἐλέφαντας
1222 5180 1334 5251 ἔχει
1365 5183 1489 5243 τοὺς
1523 5184 1812 5250 μεγίστους

225 5279 330 5329 καὶ⁵
363 5275 853 5342 ὐπερφυεστάτους
872 5289 887 5305 ο
924 5276 1019 5325 καὶ
1039 5273 1104 5341 δὴ
1126 5275 1221 5326 καὶ
1246 5274 1368 5332 τοὺς
1399 5275 1812 5343 παρελέφαντας

222 5367 598 5433 λεγομένους,
631 5358 707 5417 ὧν
755 5363 814 5416 τὸ
850 5364 1013 5431 γένος
1050 5363 1119 5415 τὰ
1154 5364 1252 5432 μὲν
1298 5364 1431 5418 ἄλλα
1475 5365 1653 5417 πάντα
1684 5364 1810 5433 βοῦς

222 5461 354 5511 ἔστι
398 5457 685 5526 μέγιστος,
714 5456 813 5525 τὴν
835 5457 893 5508 δὲ
922 5455 1127 5525 βύρσαν
1154 5458 1247 5509 καὶ
1281 5456 1342 5508 τὺ
1372 5457 1569 5526 χρῶμα
1588 5458 1806 5526 ἐλέφας,

219 5597 467 5660 (novum
513 5593 705 5646 orbem
751 5595 973 5661 vocant)
1039 5591 1341 5657 abundare,
1373 5609 1509 5662 quas
1555 5593 1806 5648 homines

216 5665 439 5725 colant,
473 5672 533 5716 et
566 5664 884 5716 universum
917 5665 1110 5717 orbem
1154 5665 1246 5730 qui
1292 5665 1494 5731 ubique
1525 5666 1598 5715 sit
1630 5665 1806 5717 vitalis

215 5749 373 5786 aui-.r
417 5732 709 5799 particeps.
742 5748 848 5785 nou
895 5748 1017 5786 esse
1064 5733 1478 5803 inhabitabileiu
1514 5751 1525 5786 :
1560 5734 1610 5785 id
1657 5735 1801 5803 qttnd

216 5803 544 5870 antiquitus
611 5804 774 5854 etiam
842 5802 1074 5870 primum
1138 5802 1487 5856 Posidonium
1560 5802 1802 5873 philoso-

1846 4503 1897 4563 D

1927 3260 2074 3313 enim
2132 3261 2414 3315 hominum
2456 3262 2571 3318 haec
2625 3274 2778 3319 certo
2840 3276 3116 3321 asseveret
3170 3278 3222 3321 et
3264 3268 3493 3323 demon-

1926 3352 2128 3415 stret?)
2181 3362 2236 3405 et
2286 3363 2547 3420 praeterea
2594 3359 2695 3409 sub
2735 3357 2880 3409 omni
2921 3373 2983 3409 ea
3023 3374 3145 3427 qua:
3197 3360 3249 3413 in
3309 3362 3492 3416 medio

1930 3445 2273 3512 protenditur
2331 3455 2496 3507 terra,
2544 3447 2613 3499 ad
2669 3465 2815 3501 mare
2854 3448 3096 3503 Rubrum
3134 3466 3489 3520 procurrens,

1927 3553 1993 3591 ac
2019 3539 2122 3592 sub
2153 3553 2218 3591 eo
2247 3554 2465 3608 quoque
2516 3541 2822 3608 prolapsus,
2856 3542 2907 3594 iu
2943 3545 3176 3597 alterum
3211 3547 3333 3613 ejus
3392 3548 3490 3600 de-

1929 3630 2105 3684 fertur
2132 3630 2308 3690 littus,
2346 3632 2450 3684 sub
2478 3632 2530 3684 id
2564 3634 2710 3700 quod
2744 3634 2953 3687 dicitur
2990 3637 3132 3691 litua:
3173 3649 3492 3705 promonto-

1930 3722 2073 3775 rium
2110 3724 2225 3791 (iihi
2262 3725 2403 3777 duos
2445 3728 2620 3779 fertur
2652 3726 2869 3781 eﬂicere
2900 3728 3104 3789 fontes.
3150 3747 3257 3784 non
3295 3747 3486 3799 parum

1929 3817 2072 3869 inter
2100 3832 2158 3869 se
2193 3817 2488 3880 distantes,
2520 3827 2575 3871 et
2608 3834 2828 3872 sursum
2861 3837 3078 3875 versum
3116 3840 3307 3893 magna
3338 3827 3387 3879 vi
3434 3837 3491 3878 et

1928 3908 2143 3973 fragore
2192 3918 2662 3977 prorumpentes).
2713 3922 2771 3965 et
2819 3913 2944 3966 inde
2998 3930 3096 3982 per
3154 3915 3487 3984 .ditliiopiani

1929 3997 2289 4064 provolutus,
2314 3998 2368 4051 in
2400 3999 2694 4068 Aigyptum
2728 4005 3024 4068 procurrit,
3060 4019 3156 4071 per
3195 4004 3490 4059 altissimas

1928 4106 2095 4158 rupes
2129 4091 2362 4159 strepitu
2399 4094 2667 4147 immenso
2721 4096 3090 4162 praecipitans.
3133 4097 3299 4150 Addit
3336 4100 3488 4152 insu-

1924 4197 2021 4251 per
2054 4192 2110 4235 et
2140 4182 2297 4245 illud,
2332 4193 2565 4237 tractum
2616 4186 2771 4239 illum
2806 4188 2957 4241 orbis
3005 4189 3071 4240 ad
3113 4188 3396 4243 Orientem
3431 4201 3487 4244 et

1926 4271 2215 4325 meridiem
2250 4287 2489 4336 onmem,
2516 4277 2872 4343 quantumvis
2900 4277 2953 4330 iii
2980 4278 3247 4333 immenso
3264 4282 3480 4343 ardore,

1924 4364 2160 4418 maxima
2210 4374 2392 4418 tamen
2426 4377 2480 4419 et
2518 4369 2897 4421 robustissima
2939 4367 3081 4423 ferre
3124 4377 3329 4436 omnia,
3366 4389 3485 4443 qua:

1926 4453 2011 4505 vel
2046 4462 2194 4506 terra
2226 4454 2310 4507 vel
2343 4470 2481 4522 aqua
2511 4456 2834 4525 gignuntur.
2865 4457 2924 4511 In
2954 4474 3020 4511 eo
3045 4462 3189 4513 enim
3229 4465 3364 4515 mari
3393 4465 3486 4517 ad-

1928 4545 2191 4598 miranda:
2222 4547 2620 4615 magnitudinis
2655 4548 2915 4603 immania
2956 4560 3074 4605 cete
3108 4554 3483 4621 reperiuntur,

1924 4651 2047 4705 quae
2078 4652 2458 4705 saepenumero
2502 4640 2778 4694 Oceanum
2812 4656 2938 4695 eum
2970 4644 3359 4713 navigantibus
3395 4662 3484 4715 pe-

1924 4728 2047 4797 lago
2076 4730 2381 4783 innatantia
2405 4740 2462 4784 et
2480 4734 2816 4800 emergentia
2838 4745 3234 4801 apparuerunt,
3255 4746 3309 4790 et
3343 4750 3484 4791 terra

1925 4819 2041 4888 ipsa
2076 4821 2402 4888 elephantos
2435 4822 2599 4876 habet
2628 4823 2786 4891 longe
2829 4828 3095 4879 maximos
3142 4836 3199 4879 et
3233 4828 3483 4883 vastissi-

1924 4925 2043 4964 mos
2076 4928 2090 4965 :
2125 4923 2390 4977 praeterea
2423 4927 2516 4967 eos
2550 4914 2644 4981 qui
2678 4906 2856 4982 Spurii
2884 4916 3159 4984 elephanti
3198 4918 3480 4981 dicuntur,

1924 5016 2161 5069 quorum
2192 5018 2366 5072 genus
2391 5013 2588 5057 caetera
2622 5005 2845 5073 quidem
2876 5006 3044 5060 boves
3079 5021 3207 5062 sunt
3238 5013 3481 5075 maximi,

1923 5094 2065 5161 pelle
2096 5103 2281 5147 autem
2330 5104 2386 5147 et
2417 5096 2624 5161 colore,
2661 5098 2888 5165 ipsaque
2920 5098 3059 5150 adeo
3107 5103 3481 5167 magnitudine

1920 5180 2222 5250 elephanti.
2261 5182 2399 5236 Sunt
2440 5184 2513 5236 ibi
2559 5201 2778 5255 quoque
2813 5186 3084 5242 dracones
3107 5190 3223 5243 sive
3256 5206 3482 5259 serpen-

1923 5284 2029 5341 tes,
2049 5275 2417 5329 crassitudine
2448 5278 2694 5333 trabibus
2713 5294 2819 5332 non
2851 5279 3115 5346 minores,
3142 5282 3481 5351 longitudine

1919 5370 1984 5419 ad
2021 5368 2335 5432 quindecim
2371 5370 2614 5435 protensi
2646 5384 2841 5438 orgyas
2869 5386 2966 5424 seu
2999 5387 3210 5439 passus,
3244 5389 3474 5441 quarum

1920 5459 2127 5514 exuviae
2154 5460 2316 5514 etiam
2356 5462 2583 5514 Romani
2619 5462 2747 5515 visa:
2795 5473 2924 5516 sunt
2957 5462 3207 5531 perferri.
3236 5464 3300 5518 Et
3330 5472 3472 5532 apud

1918 5597 2108 5665 phum,
2160 5595 2385 5649 Panaetii
2438 5595 2786 5664 discipulum,
2844 5596 3042 5651 deinde
3084 5612 3302 5666 quoque
3350 5600 3478 5652 Avi-

1917 5680 2144 5744 eemiam
2169 5668 2407 5745 .Arabem
2446 5670 2715 5720 medicum
2751 5669 3070 5722 observaSSe
3111 5670 3473 5735 quorumdam

1918 5745 1998 5787 est
2028 5749 2236 5802 Opinio.

1987 5805 2061 5872 (l)
2093 5806 2245 5873 Apud
2286 5808 2401 5861 Plin
2455 5808 2677 5878 ngasis
2704 5818 2810 5877 est,
2847 5809 2945 5863 Ιῖι).
2986 5825 3043 5869 lt,
3084 5822 3202 5876 cap.
3248 5808 3334 5863 75.
