4280 6436
258 426 369 489 305

1190 432 1787 492 ΕΩΟΕΕΒΙΑΞΤΙΟᾸΞ
1829 430 2219 491 ΙΙΙΞΤΟῘΗΛΞ
2263 430 2404 488 LIB.
2447 430 2541 489 IX.

3395 416 3497 482 306

259 541 614 609 ερῤυηκότων
664 541 1035 611 έφαλλομένηε
1094 548 1183 594 καὶ
1225 548 1335 604 τοῖς
1386 544 1698 614 προσώποις
1748 545 1835 600 λυ·
1869 546 1904 603 Α

1819 574 1835 585 ·
1869 546 1904 603 Α
1949 547 2159 613 (Eilipo
2180 525 2522 598 fortitudinis
2554 542 2766 598 Iaudem
2794 542 3143 614 adornamus,
3171 534 3287 591 alas
3305 532 3500 587 bellum

264 629 610 700 μηναμένης.
643 631 817 683 δεινὸν
849 634 1223 703 ποιησάμενος
1245 637 1272 686 ὁ
1304 634 1558 698 Οἰδίπους
1594 638 1693 698 τὰς
1726 636 1835 689 τῶν

192 722 195 723 ⁷
258 719 555 786 ὁμοφύλων
593 720 793 785 λώϐας,
824 722 1224 787 καταφονεῦσαι
1268 724 1327 776 rb
1361 724 1499 788 ζῶον
1543 727 1632 777 καὶ
1666 726 1835 796 ὄνομα

259 806 521 872 λαμπρὸν
556 809 767 861 ἐκεῖθεν
797 810 1009 863 λαϐεῖν.
1042 813 1148 863 Καὶ
1182 813 1346 865 αὑτὸν
1374 816 1400 866 ὁ
1427 813 1599 883 μῦθος
1638 817 1714 876 τίς
1744 816 1835 868 ἀν-

258 898 449 965 δρείαν
489 900 737 969 κοσμῶν,
766 900 1077 970 ὑπόπτερον
1109 906 1209 972 μὲν
1239 905 1297 957 rb
1326 904 1515 976 θηρίον
1559 908 1834 961 ἀναπλάτ-

258 1003 366 1059 τει,
410 991 498 1041 διὰ
527 991 589 1042 rb
636 993 805 1055 ὀξέως
840 995 1149 1065 ὲπιπηδᾷψ
1206 998 1426 1067 στέρνον
1470 999 1527 1054 δὲ
1579 1002 1837 1068 γυναικὸς

256 1079 620 1146 ἑφαρμόττει,
666 1084 763 1134 καὶ
814 1085 875 1137 rb
922 1084 1082 1155 σῶμα
1124 1088 1371 1151 λέοντοςο
1413 1091 1672 1157 γυναικὸς
1713 1093 1835 1161 μὲν,

256 1169 351 1221 διὰ
398 1172 459 1222 rb
508 1174 804 1244 πρόχειρον
834 1177 931 1246 τῆς
964 1180 1300 1248 γυμνώσεως
1350 1185 1445 1235 καὶ
1476 1184 1610 1253 πρὸς
1645 1186 1704 1236 rb
1742 1202 1839 1252 γυ-

257 1263 505 1315 ναικεῖον
536 1260 679 1327 εἶδος
707 1267 1045 1336 ὁμοιώσεως,
1070 1271 1285 1336 λέοντος
1312 1274 1387 1336 δὲ,
1425 1275 1511 1328 διὰ
1546 1275 1608 1327 rb
1634 1276 1837 1344 θηριῶ-

255 1350 347 1411 δες
372 1389 391 1415 ,
425 1352 526 1405 καὶ
548 1354 631 1407 ὅτι
674 1358 817 1409 κατά
846 1359 908 1410 rb
956 1361 1213 1415 πλεῖστον
1247 1367 1358 1427 τοῖς
1408 1366 1670 1437 τέσσαρσι
1707 1384 1840 1434 τυγ-

161 1482 164 1485 τ
259 1441 420 1505 χάνει
455 1443 615 1496 ποσὶν
647 1446 1015 1516 ἐρειδόμενον.
1052 1452 1227 1518 Λόγου
1260 1452 1315 1505 δὲ
1365 1454 1441 1521 τῷ
1469 1455 1643 1525 θηρίῳ
1677 1456 1837 1526 μετέ-

258 1527 408 1580 δωκε
434 1530 495 1582 rb
526 1531 778 1602 πλάσμα,
826 1536 914 1589 διά
940 1537 1003 1591 rb
1033 1539 1133 1607 τῆς
1174 1541 1359 1611 φωνῆς
1393 1543 1800 1612 ἀνθρωποειδές
1820 1560 1835 1575 ·

259 1620 670 1688 αίνιγματῶδες
722 1626 798 1690 δὲ,
846 1626 934 1680 διὰ
965 1628 1026 1680 rb
1070 1631 1258 1700 ἄσημα
1314 1634 1673 1701 φθέγγεσθαι.
1733 1636 1839 1687 Καὶ

262 1713 588 1778 θαυμαστὸν
623 1715 776 1767 οὐδέν
798 1735 813 1749 ’
846 1718 1018 1771 πολλά
1047 1720 1156 1790 γὰρ
1182 1723 1275 1772 καὶ
1305 1721 1440 1775 ἄλλα
1472 1722 1702 1789 σύνηθες
1726 1725 1835 1786 τοῖς

262 1800 495 1872 Ἕλλησι
540 1806 676 1876 πρὸς
706 1811 768 1861 rb
802 1811 1051 1877 μυθῶδες
1084 1812 1469 1867 ἀναπλάττειν.
1522 1814 1584 1866 'll
1625 1815 1759 1886 αὑτὴ
1781 1816 1838 1869 δὲ

260 1892 424 1962 χώρα
454 1898 545 1947 καὶ
580 1898 735 1963 ὅνους
780 1901 1006 1969 ἀγρίους
1047 1906 1341 1970 μεγίστους
1385 1923 1442 1957 τε
1489 1906 1569 1974 τῷ
1622 1884 1839 1974 μεγέθει
1870 1884 1913 1938 Β

262 1985 450 2053 φέρει,
484 1989 579 2039 καὶ
614 1992 712 2059 τὴν
762 1992 927 2061 δοράν
960 1998 1100 2047 κατὰ
1138 1998 1200 2049 rb
1228 1998 1435 2062 ξενίζον
1480 2000 1844 2068 πεποικιλμέ-

261 2092 417 2141 νους,
452 2079 652 2133 λευκοῦ
678 2083 831 2149 σφίσι
874 2088 971 2137 καὶ
1007 2086 1241 2153 μέλανος
1272 2088 1564 2157 χρώματος
1609 2091 1668 2142 οὐ
1704 2092 1842 2144 κατά

263 2166 473 2237 μικρὸν
526 2173 1059 2243 συμποικιλλομὲνου
1084 2190 1097 2204 ’
1139 2175 1277 2229 ἀλλὰ
1312 2177 1481 2241 ζῶναί
1529 2179 1673 2242 τινές
1706 2182 1844 2233 εἰσιν

261 2258 377 2311 ἀπὸ
408 2260 511 2328 τῆς
538 2262 749 2332 ῥάχεως
779 2265 875 2317 ἐπὶ
914 2265 1015 2327 τὰς
1063 2266 1304 2336 πλευρὰς
1357 2270 1453 2321 καὶ
1480 2271 1593 2340 ,τὴν
1635 2272 1843 2324 κοιλίαν

263 2350 640 2421 καθήκουσαι,
674 2356 766 2407 καὶ
816 2358 1050 2412 ἐνταῦθα
1092 2359 1157 2429 δὴ
1210 2361 1530 2431 σχιζόμεναι
1566 2366 1657 2417 καλ.
1703 2366 1846 2419 κατά

258 2461 424 2507 τινας
476 2448 834 2516 περιφερείας
872 2449 1132 2520 ἀλλήλαις
1176 2453 1600 2524 ἑνελιττόμεναι,
1627 2457 1845 2527 θαυμαο

260 2538 404 2607 στήν
434 2554 559 2590 τινα
608 2542 702 2592 καὶ
726 2542 887 2611 ξένην
925 2543 1335 2614 ἀπεργάζονται
1368 2548 1574 2615 πλοκὴν
1603 2552 1701 2602 καὶ
1726 2567 1849 2604 ποι-

259 2629 473 2685 κιλίαν.
519 2630 661 2687 Ἀλλ’
685 2633 786 2701 ἄγε
812 2634 876 2706 δὴ
913 2637 1008 2689 καὶ
1033 2638 1061 2689 ὁ
1091 2638 1289 2712 φοίνιξ.
1315 2639 1382 2717 τὸ
1409 2642 1846 2711 πολυθρύλλητον

260 2717 500 2786 πτηνὸν,
534 2718 666 2789 παρ’
713 2723 897 2787 αὐτοῖς
935 2727 1197 2795 τυγχάνει
1237 2731 1544 2797 γινόμενος.
1598 2732 1708 2783 Καὶ
1745 2733 1847 2802 μὲν

255 2808 329 2879 δὴ
364 2816 465 2862 καὶ
510 2812 611 2881 τὴν
637 2812 910 2885 ψιττάκην
947 2819 1158 2871 ἐκεῖθεν
1192 2820 1353 2888 ίσμεν
1386 2823 1791 2892 κομιζομένην·
1818 2825 1846 2876 ὃ

257 2902 374 2953 τῶν
405 2903 618 2972 ὀρνέων
671 2906 791 2959 ἐστὶ
829 2907 1175 2976 λαλίστατον,
1221 2913 1317 2967 καὶ
1360 2914 1460 2983 τῆς
1497 2914 1846 2985 ἀνθρωπίνης

257 2994 519 3063 γλώττης
557 2998 1007 3067 μιμητικὼτατον
1034 3019 1048 3034 ο
1083 3004 1325 3066 καὶτοὺς
1350 3005 1629 3067 ποικίλους
1660 3005 1719 3057 δὲ
1752 3006 1847 3057 καὶ¹

257 3092 625 3154 καταστιγείς
676 3090 850 3158 ὅρνις,
884 3091 976 3155 οὒς
1017 3097 1379 3163 γαρὰμαντας
1416 3096 1738 3149 ὲπικαλοῦσί
1768 3115 1848 3151 τι-

1947 638 2036 693 isti
2085 612 2365 705 aﬁingunt,
2400 633 2545 703 quod
2581 631 2836 687 celeriter
2870 630 2924 682 in
2972 612 3163 710 obvios
3208 624 3495 676 involaret.

1945 729 2162 784 Eaedem
2198 730 2273 782 illi
2300 736 2493 796 pectus
2517 723 2769 778 mulieris
2791 730 2846 774 et
2869 732 3071 788 corpus
3094 715 3266 770 leonis
3289 729 3502 768 accom-

1942 818 2167 874 modant
2202 834 2215 871 :
2252 816 2387 870 illud
2426 822 2653 884 propter
2684 811 2950 866 nuditatis
2979 805 3419 862 commoditatem
3445 813 3503 853 et

1944 908 2236 963 muliebris
2272 907 2462 960 forma:
2484 902 2926 966 similitudinem,
2963 902 3067 954 hoc
3102 906 3326 965 propter
3352 895 3499 947 fero-

1942 1000 2189 1063 citatem,
2217 1007 2272 1052 et
2304 996 2449 1065 quod
2492 994 2791 1065 plurimmu
2823 1002 3060 1061 quatuor
3090 990 3307 1045 insistat
3344 985 3500 1055 pedi-

1940 1091 2063 1145 bus.
2122 1090 2442 1142 Sermouem
2497 1100 2717 1154 quoque
2776 1083 2825 1136 ci
2892 1083 3207 1150 ﬁgmentum
3274 1077 3500 1135 tribuit,

1946 1182 2090 1251 quod
2120 1194 2219 1231 vox
2251 1179 2368 1248 ejus
2402 1179 2654 1231 humana:
2679 1173 2982 1230 conformis
3007 1180 3153 1227 esset
3181 1187 3195 1223 :
3229 1170 3423 1223 tribuit
3449 1176 3503 1222 et

1941 1271 2255 1341 aenigmata,
2301 1270 2446 1339 quod
2484 1270 2721 1323 obscura
2755 1275 2812 1321 et
2848 1281 2955 1320 non
3000 1265 3277 1319 intellecta
3301 1260 3505 1314 vocife-

1944 1375 2179 1417 raretur.
2210 1362 2397 1431 Neque
2425 1361 2527 1415 hoc
2567 1362 2766 1414 mirum
2803 1373 2924 1424 est;
2958 1372 3083 1411 nam
3116 1363 3173 1409 et
3205 1352 3371 1406 multa
3402 1350 3505 1404 alia

1945 1455 2117 1509 Graeci
2145 1454 2347 1508 fabulis
2382 1452 2650 1523 ﬁngendis
2674 1462 2886 1505 mutare
2920 1454 3356 1504 consueverunt.
3384 1442 3508 1496 llzec

1944 1548 2134 1602 eadem
2177 1546 2329 1617 regio
2350 1555 2405 1599 et
2440 1548 2626 1600 asinos
2671 1544 2820 1599 feros
2852 1540 3227 1611 magnitudine
3257 1539 3509 1603 ingemas

1947 1639 2071 1701 fert,
2114 1639 2255 1707 pelle
2309 1636 2540 1691 miriﬁce
2587 1645 2787 1705 prmter
2830 1648 3037 1687 morem
3089 1631 3505 1685 versicolores:

1946 1730 2071 1784 albo
2120 1729 2333 1783 scilicet
2387 1737 2444 1781 et
2492 1728 2648 1796 nigro
2691 1725 2873 1779 colore
2926 1723 3220 1776 admodum
3271 1721 3414 1773 inter
3448 1734 3509 1771 se

1949 1820 2199 1883 variatis,
2233 1829 2290 1873 et
2319 1834 2469 1872 zona:
2494 1816 2747 1885 qumdam
2778 1831 2806 1869 a
2838 1830 3052 1868 summa
3080 1814 3229 1865 dorsi
3262 1810 3415 1878 spina
3442 1810 3507 1862 atl

1948 1913 2121 1966 latera
2153 1920 2208 1964 et
2256 1920 2505 1964 ventrem
2540 1909 2819 1971 demissas,
2871 1917 3035 1973 atque
3078 1906 3147 1957 ibi
3206 1903 3420 1966 divisae,
3458 1912 3513 1952 et

1946 2001 2405 2071 conversionibus
2429 1997 2759 2068 quibusdam
2794 1996 2939 2049 inter
2968 2010 3025 2047 se
3061 1994 3373 2062 implicatm,
3408 1990 3510 2042 mi—

1950 2093 2159 2145 rilicam
2198 2099 2255 2144 et
2286 2106 2483 2144 novam
2517 2090 2765 2144 efficiunt
2801 2089 3127 2157 plicaturam
3181 2094 3236 2137 et
3276 2084 3511 2137 varieta-

1949 2190 2078 2236 tem.
2108 2181 2365 2236 Sedenim
2400 2190 2455 2234 et
2504 2180 2747 2250 phoenix,
2795 2177 3244 2233 decantatissima
3291 2176 3381 2229 illa
3422 2190 3513 2228 voc

1949 2273 2135 2333 lucris.
2171 2274 2313 2341 apud
2362 2288 2458 2326 eos
2512 2280 2592 2325 est
2622 2289 2633 2322 :
2663 2280 2719 2324 et
2752 2272 3045 2341 psittacum
3120 2269 3245 2322 inde
3306 2268 3371 2321 ad
3412 2281 3515 2320 nos

1950 2368 2228 2435 apportari
2279 2367 2504 2427 scimus,
2560 2364 2743 2415 avium
2796 2363 3278 2431 loqnacissimam,
3334 2371 3389 2414 et
3445 2360 3510 2413 ad

1949 2461 2360 2514 aemulationem
2397 2459 2648 2511 humanm
2672 2456 2823 2509 vocis
2850 2455 3508 2508 acconnuodatissiomni.

1951 2551 2016 2605 Et
2063 2552 2191 2604 item
2244 2550 2427 2604 varias
2473 2550 2808 2618 punctisque
2855 2548 3148 2602 distinctas
3194 2562 3340 2609 aves,
3377 2562 3515 2613 quas

1951 2640 2172 2709 quidam
2226 2650 2574 2711 garamantas
2630 2650 2831 2692 vocant
2881 2657 2894 2691 :
2958 2638 3182 2691 nomine
3243 2654 3271 2690 ιι
3332 2646 3514 2705 gente,

1952 2731 2098 2785 unde
2132 2730 2381 2800 plurimae
2425 2729 2758 2791 afferuntur,
2801 2728 2884 2782 eis
2936 2727 3215 2796 imposito.
3274 2726 3513 2778 l'lurima

1948 2837 2117 2891 porro
2149 2823 2252 2875 alia
2286 2831 2477 2890 aperte
2501 2821 2701 2875 eximia
2734 2832 2790 2874 et
2823 2820 3141 2888 pra-stantia
3171 2818 3245 2873 ibi
3277 2820 3517 2887 gignun-

1951 2924 2060 2979 tur,
2082 2929 2318 2983 quorum
2346 2915 2757 2969 multitudinem
2791 2929 3034 2983 praesens
3062 2912 3517 2967 commemoratio

1952 3005 2299 3061 reformidat.
2354 3005 2486 3060 Nam
2538 3016 2594 3059 et
2629 3022 2826 3059 aurum
2867 3005 2960 3059 hic
2993 3004 3237 3058 nascitur
3280 3003 3516 3073 purissi-

1950 3113 2126 3160 mum,
2158 3099 2314 3167 quasi
2338 3099 2667 3166 quibusdam
2695 3097 2876 3151 aureis
2897 3097 3298 3164 capillamentis
3321 3108 3515 3165 sponte

259 3193 380 3238 τες,
408 3177 520 3229 ἀπὸ
547 3180 639 3231 τοῦ
665 3180 850 3243 ἔθνους
875 3178 935 3234 οὗ
967 3185 1204 3252 μάλιστα
1231 3187 1479 3239 πλεῖστοι
1506 3188 1844 3255 κομίζονται,
1871 3205 1916 3267 C

1829 3229 1844 3255 ,
1871 3205 1916 3267 ρ
1950 3205 2048 3244 sua
2079 3206 2110 3245 ο
2148 3200 2290 3245 terra
2326 3192 2726 3245 cxsisteutihus
2757 3206 2879 3259 qua:
2914 3190 3018 3243 sibi
3065 3190 3299 3242 invicem
3338 3193 3515 3257 impo-

256 3269 365 3334 τὴν
418 3271 741 3339 ἐπωνυμίαν
777 3273 1016 3342 θέμενοι.
1056 3278 1162 3329 Καὶ
1213 3277 1348 3331 ἄλλα
1396 3279 1452 3331 δὲ
1486 3280 1711 3332 πλεῖστα
1736 3280 1850 3333 δια-

259 3362 459 3427 φανῶς
490 3364 917 3431 ὑπερφυέστατα
945 3367 1161 3433 φύεται,
1194 3362 1269 3422 ὧν
1296 3372 1356 3421 rb
1382 3371 1585 3439 πλῆθος
1607 3375 1638 3440 ἡ
1662 3373 1850 3442 διήγημ-

262 3466 349 3510 οις
382 3448 795 3505 ὑποότέλλεται.
830 3453 995 3507 Ἀλλά
1028 3456 1126 3507 καὶ
1157 3457 1185 3508 ό
1217 3457 1419 3525 χρυσὸς
1452 3452 1688 3509 ἐνταῦθα
1724 3476 1850 3526 γεν-

258 3539 426 3589 νᾶται
490 3539 519 3588 ὁ
561 3538 973 3609 καθαρώτατος,
1027 3544 1354 3612 χρυσιτίδων
1415 3545 1580 3599 οἱονεὶ
1644 3549 1849 3617 τριχῶν

260 3628 564 3694 αὐτοφυῶν
612 3631 711 3698 τῆς
769 3633 954 3703 ἐκείνῃ
989 3634 1094 3702 γῆς
1144 3635 1568 3706 ἀναδιδομένων,
1614 3641 1709 3692 καὶ
1764 3642 1849 3692 ἐπ’

259 3720 505 3788 ἀλλήλας
540 3723 834 3791 κειμένων,
865 3728 962 3777 καὶ
1022 3727 1275 3797 ἐπίδηλον
1314 3729 1465 3799 αὐτῷ
1506 3731 1607 3799 τὴν
1637 3732 1851 3797 γένεσιν

1952 3280 2056 3333 sita
2106 3281 2315 3349 jacent.
2365 3290 2423 3333 et
2474 3281 2826 3333 manifestum
2863 3288 3194 3349 proventum
3244 3279 3512 3348 praebent.

1954 3372 2115 3441 727
2171 3372 2311 3427 Sunt
2363 3373 2530 3427 etiam
2582 3372 2656 3425 ibi
2713 3372 2923 3424 fructus
2970 3380 3082 3425 tum
3135 3372 3516 3440 pulcherrimi,

1956 3474 2070 3515 tum
2103 3464 2327 3517 maximi
2363 3482 2375 3516 :
2409 3479 2476 3517 ex
2514 3462 2716 3532 quibus
2746 3471 2873 3515 nota
2928 3473 3058 3514 sunt
3101 3478 3280 3531 rarya.
3318 3460 3515 3516 Verum

1952 3557 2238 3607 enimvero
2285 3564 2341 3607 et
2398 3562 2606 3607 tractus
2648 3567 2840 3606 earum
2884 3553 3154 3621 gentium,
3197 3567 3316 3617 quze
3350 3566 3517 3620 supra

1954 3644 2265 3698 Homeritas
2327 3653 2485 3706 sunt,
2547 3657 2722 3712 usque
2774 3644 2840 3696 ad
2901 3658 3049 3696 mare
3104 3640 3378 3707 Rubrum,
3438 3643 3521 3695 bis

1954 3747 2101 3787 anno
2133 3732 2345 3787 fructus
2362 3733 2479 3788 edit
2506 3749 2520 3786 :
2550 3733 2698 3786 unde
2727 3742 2781 3786 et
2807 3732 3087 3801 regionem
3114 3748 3233 3784 eam
3263 3732 3515 3785 Arabiam

260 3814 686 3882 παρεχομένων.
734 3817 847 3869 Καὶ
876 3819 1084 3885 καρποὶ
1118 3819 1174 3873 δὲ
1206 3820 1482 3874 κάλλιστοί
1532 3838 1591 3874 τε
1626 3824 1721 3875 καὶ
1754 3822 1852 3890 μέ-

204 3904 211 3911 ’
260 3920 486 3969 γιστοι·
518 3898 595 3958 ὧν
624 3906 883 3977 γνώριμα
928 3910 1117 3965 καὶτὰ
1161 3912 1364 3982 κάρυα.
1410 3914 1569 3968 ’Δλλὰ
1619 3916 1724 3984 μὴν
1758 3917 1852 3969 καὶ

259 3996 325 4046 τὸ
361 3999 461 4049 ἐπὶ
503 4000 617 4062 τοῖς
659 3998 984 4072 ὐμηρίταις
1014 4002 1185 4071 κλίμα
1228 4006 1335 4057 πᾶν
1366 4007 1529 4077 μέχρι
1556 4008 1656 4074 τῆς
1695 4008 1853 4078 Ἐρυ-

260 4091 407 4159 Opi;
429 4089 716 4162 θαλάσσης
738 4092 818 4155 δἰς
842 4095 936 4146 τοῦ
961 4097 1216 4149 ἐνιαυτοῦ
1243 4098 1532 4151 ἀναδίδωσι
1558 4101 1685 4163 τοὺς
1716 4118 1853 4171 καρ-

264 4181 446 4244 πούςο
485 4182 545 4248 ἐξ
597 4182 658 4235 οὗ
707 4186 805 4237 καὶ
855 4187 954 4255 τὴν
1009 4188 1195 4258 χώραν
1239 4190 1500 4258 ’Δραὸίαν
1561 4193 1853 4262 εὐδαίμονα

263 4264 759 4343 ς-ρδσηγόρευσαν.
793 4276 900 4329 Καὶ
929 4277 1065 4340 ὅλως
1112 4280 1145 4349 ὴ
1187 4281 1324 4348 πρὸς
1365 4281 1655 4351 ἀνίσχοντα
1699 4286 1853 4353 ἣλιον

262 4370 464 4422 ἅπασα
496 4372 567 4438 γῆ
602 4369 809 4439 μακρῷ
859 4370 960 4439 τῆς
992 4372 1158 4439 ἄλλης
1190 4373 1247 4423 ἐν
1302 4375 1433 4426 πᾶσι
1480 4374 1752 4445 διαφέρει.
1792 4377 1851 4427 '0

1822 4378 1851 4427 ί)
1960 4373 2204 4427 dissimis
2290 4373 2524 4441 rigetur,
2592 4373 2725 4425 satis
2798 4380 3016 4423 conistat
3097 4370 3512 4436 iueomparalal:

259 4464 322 4515 δὲ
356 4465 696 4533 παράδεισος
728 4464 948 4534 ἀπάσης
975 4464 1070 4533 τῆς
1100 4462 1241 4534 ἑῴας
1265 4465 1326 4517 rb
1357 4466 1646 4529 κράτιστόν
1672 4484 1731 4519 τε
1757 4470 1850 4520 καὶ

1831 4470 1850 4519 ὶ
1960 4464 2298 4534 pra-stantia,
2323 4479 2483 4533 quam
2515 4475 2714 4517 terram
2752 4478 2872 4531 qua:
2895 4462 2997 4516 sub
3027 4462 3138 4513 sole
3165 4470 3250 4513 est
3272 4475 3515 4515 omnem.

263 4557 673 4626 καθαρώτατον
720 4556 1007 4626 ὑπάρχων,
1043 4559 1134 4608 καὶ
1173 4558 1299 4618 τοὺς
1344 4558 1513 4624 ἀέρας
1546 4560 1849 4627 ἀκραιφνε-
1881 4543 1923 4599 D

1822 4589 1849 4599 -
1881 4543 1923 4599 υ
1955 4559 2137 4611 omuia
2171 4559 2394 4627 gignere
2424 4563 2480 4609 et
2529 4555 2671 4607 ferre
2706 4554 2953 4607 meliora.
2991 4554 3168 4619 Atque
3213 4554 3328 4604 haec
3375 4559 3510 4602 tum-

264 4651 507 4712 στάτους
541 4656 639 4709 καὶ
672 4654 997 4719 καλλίστους
1030 4655 1192 4724 ἔχων,
1226 4658 1318 4710 καὶ
1344 4658 1454 4718 τοῖς
1485 4653 1847 4720 διαφανεστάι

1829 4684 1847 4697 ι
1956 4649 2080 4702 οιεί-
2112 4662 2208 4717 per
2274 4645 2841 4716 digressionem‘suut
2900 4652 3050 4696 extra
3090 4644 3400 4694 institutum
3435 4658 3519 4693 ar-

258 4767 384 4812 τοις
430 4749 592 4803 ὕδασι
646 4749 1077 4817 καταρδόμενος,
1134 4748 1298 4818 δῆλον
1347 4751 1423 4812 ὠς
1476 4752 1848 4823 ἀπαραδλήτῳ

1829 4772 1848 4821 ρ
1962 4749 2288 4811 gumentum
2319 4738 2489 4801 dicta,
2526 4747 2709 4790 tamen
2739 4735 3071 4797 necessaria,
3110 4746 3169 4786 ut
3217 4742 3368 4801 puto.
3400 4749 3519 4786 esse

261 4844 517 4911 ὑπεροχῇ
559 4841 661 4908 τῆς
717 4839 809 4907 ὑφ’
842 4840 978 4910 ἡλίῳ
1008 4841 1193 4911 πάσης
1243 4845 1299 4895 ἐν
1332 4846 1466 4895 πᾶσι
1494 4843 1554 4895 τὸ
1601 4846 1849 4914 κρεῖττον

1825 4864 1849 4897 ν
1965 4831 2300 4885 videbuntur
2352 4829 2615 4883 doctrinae
2670 4828 2771 4895 pia:
2818 4838 2874 4880 et
2929 4826 3175 4879 liberniis
3226 4824 3515 4877 studiosis.

260 4937 469 5005 φέρει,
524 4934 624 5001 τῆς
658 4934 862 4997 ἔξωθεν
910 4934 1186 5003 θαλάσσης
1243 4936 1362 4985 κατ’
1409 4934 1697 5005 ἀνίσχοντα
1756 4937 1847 4988 τὸν

1827 4955 1847 4987 ι)
1966 4927 2172 4980 Praeter
2204 4926 2369 4978 hosce
2392 4938 2523 4978 vero
2550 4934 2603 4975 et
2627 4921 2720 4973 alii
2755 4921 2936 4989 plures
2966 4920 3236 4974 exstitere
3268 4917 3395 4979 viri,
3423 4933 3517 4983 qui

255 5026 423 5093 ἥλιον
456 5021 608 5090 αὖτῷ
636 5019 1128 5090 περικλυζομένης.
1143 5020 1327 5073 Ταῦτα
1365 5022 1465 5090 μὲν
1499 5026 1547 5074 εἰ
1578 5027 1672 5075 καὶ
1701 5039 1845 5091 παρ-

1829 5053 1845 5064 -
1957 5032 2144 5073 sacras
2169 5018 2405 5071 Litteras
2437 5016 2605 5085 probe
2650 5012 3056 5075 intellexerunt,
3090 5019 3145 5064 et
3192 5010 3259 5062 de
3307 5013 3390 5062 eis
3432 5027 3519 5061 co-

256 5113 685 5183 εκόατικώτερα
752 5112 989 5181 εἴρηται.
1016 5112 1135 5164 ἀλλ’
1165 5114 1438 5179 ἀναγκαῖα
1458 5154 1474 5177 ,
1502 5110 1675 5178 οἶμαι,
1706 5113 1847 5179 δόξει

1830 5131 1847 5166 ι
1961 5113 2119 5181 piose
2150 5111 2559 5164 disseruerunt.
2597 5105 2703 5159 Eos
2744 5113 2923 5157 autem
2973 5116 3164 5156 euntes
3204 5114 3515 5166 recensere,

254 5212 380 5272 τοῖς
433 5205 766 5275 φιλομαθεῖν
828 5205 1150 5274 ᾑρημένοις.
1210 5202 1407 5255 Πολλοὶ
1463 5202 1651 5256 δὲκαὶ
1695 5203 1845 5256 ἄλλοι

1829 5221 1845 5255 ι
1957 5212 2325 5271 praeterquam
2359 5196 2503 5266 quod
2545 5195 2827 5265 praesentis
2871 5206 3052 5261 operae
3100 5205 3208 5244 nun
3237 5201 3343 5249 est,
3379 5189 3517 5243 diﬁi-

256 5304 424 5375 παρά
464 5300 692 5362 τούτους
722 5296 993 5364 ἐγένοντο.
1030 5296 1207 5348 ἱκανοὶ
1240 5297 1337 5348 καὶ
1370 5298 1510 5347 νοεῖν
1543 5298 1635 5348 καὶ
1665 5296 1845 5363 λέγειν

1825 5315 1845 5349 ν
1955 5294 2059 5347 cile
2083 5290 2270 5346 fuerit.
2315 5288 2577 5344 Sedenim
2607 5301 2770 5340 nemo
2794 5299 2881 5338 me
2909 5292 3055 5337 recte
3076 5282 3515 5350 reprehenderit.

255 5403 321 5454 ὲν
365 5398 540 5469 legal;
568 5392 929 5463 γράμμασιν*
960 5387 1053 5451 οὓς
1091 5386 1339 5447 ἅπαντας
1379 5386 1638 5455 ἀριθμεῖν
1666 5388 1845 5456 ἐργῶ-

1827 5414 1845 5428 -
1960 5384 2110 5455 quod
2172 5381 2468 5437 nonnullos
2512 5379 2891 5432 haareticarum
2939 5385 3211 5429 sectarum
3262 5381 3517 5426 auctores

253 5498 374 5557 δες,
409 5466 512 5545 καί
548 5492 647 5558 τῆς
690 5484 1068 5557 προκειμένης
1114 5484 1500 5552 πραγματείας
1545 5483 1720 5545 ἐκτός.
1751 5483 1841 5554 Μή

1828 5483 1841 5554 '1
1955 5488 2056 5534 aut
2094 5487 2416 5540 sectatores,
2466 5475 2609 5528 inter
2644 5487 2741 5526 eos
2774 5471 2921 5525 viros
2949 5469 3040 5537 qui
3087 5468 3291 5537 Optime
3320 5466 3391 5519 de
3433 5480 3518 5518 sa—

253 5604 342 5653 τῳ
374 5584 432 5636 δὲ
459 5579 727 5648 γενοίμην
754 5579 812 5628 ἐν
844 5575 1163 5645 σκώμματι,
1199 5567 1281 5633 οἷς
1318 5588 1468 5634 τινας
1507 5574 1784 5642 ἀρχηγοὺς
1810 5573 1844 5643 ἢ

1828 5573 1844 5643 l
1957 5568 2067 5627 eris
2126 5570 2415 5640 religionis
2460 5564 2925 5637 professionisque
2973 5570 3172 5615 nostra:
3222 5567 3518 5611 senserunt

254 5679 363 5731 καὶ
394 5671 744 5733 σπουδαστὰς
763 5672 1029 5738 αἱρέσεων
1049 5668 1399 5735 γενομένους,
1419 5668 1530 5728 τοῖς
1553 5666 1676 5717 καθ’
1700 5667 1845 5733 ἡμᾶς

1826 5682 1845 5727 ;
1957 5674 2120 5732 atque
2182 5662 2566 5729 scripserunt,
2629 5655 3131 5712 commemorarim.
3194 5652 3315 5706 Non
3371 5650 3516 5704 enim

252 5771 515 5845 ἀρίστως
544 5764 969 5831 φιλοσοξήεασι,
1007 5759 1323 5829 διεξῆλθον
1354 5760 1414 5810 οὺ
1462 5758 1570 5825 γὰρ
1605 5759 1735 5827 περὶ
1761 5758 1846 5808 πί-

1826 5787 1846 5795 -
1957 5771 2102 5810 nunc
2142 5756 2208 5807 de
2252 5754 2357 5807 ﬁde
2425 5752 2584 5805 nobis
2648 5759 2703 5804 et
2755 5748 3104 5817 opinionibus
3145 5759 3336 5799 eorum
3368 5742 3516 5811 judi-

250 5878 440 5924 σιεως
469 5860 562 5912 καὶ
594 5855 750 5932 δόξης
776 5858 808 5923 ἡ
842 5854 1019 5933 κρίσις
1053 5856 1182 5922 ἡμῖν
1209 5854 1418 5920 ἀρτίως
1443 5867 1455 5882 ·
1488 5851 1607 5903 ἀλλ’
1631 5853 1711 5905 ὅτι
1736 5851 1843 5904 53'.-

1826 5882 1843 5893 -
1958 5850 2104 5904 cium
2140 5848 2517 5914 sumpsimus:
2558 5845 2651 5899 sed
2700 5853 2989 5913 propterea
3028 5850 3237 5895 tantum
3288 5837 3516 5892 mentiu-

1957 3820 2194 3877 Felicem
2223 3824 2706 3893 cognominarunt.
2736 3824 2799 3877 Et
2823 3824 3050 3877 omnino
3073 3834 3269 3877 cuneta
3303 3838 3424 3891 quae
3450 3824 3516 3875 ad

1955 3917 2224 3970 orientem
2280 3916 2452 3970 solem
2504 3925 2591 3969 est
2636 3931 2750 3978 ora,
2786 3915 2946 3985 Iunge
2996 3915 3264 3983 reliquam
3316 3923 3516 3967 terram

1956 4009 2123 4062 rebus
2150 4009 2408 4063 omnibus
2456 4010 2694 4063 excellit.
2748 4009 3065 4062 l’aradisum
3112 4017 3319 4071 autem,
3353 4023 3516 4075 quem

1953 4109 2260 4153 extremum
2292 4115 2435 4153 mare
2458 4099 2737 4154 Orientale
2755 4100 2934 4159 alluit.
2969 4113 3095 4151 cum
3129 4096 3300 4150 totius
3327 4097 3522 4149 Orien-

1958 4190 2029 4243 tis
2063 4189 2470 4259 pulcberrimus
2501 4200 2554 4243 ct
2580 4188 2911 4256 purissimus
2942 4188 3033 4249 sit,
3072 4188 3272 4240 etelum
3303 4186 3515 4240 laetissi-

1962 4297 2110 4335 mum
2144 4281 2687 4348 alumnissimumque
2727 4280 2957 4342 habens,
3003 4289 3059 4332 et
3099 4280 3255 4346 aquis
3291 4278 3520 4345 pelluci-
