4280 6436
719 445 820 508 301

1942 450 2367 525 NICEPHORI
2405 453 2488 510 C.\
2507 454 2746 513 Ll.iSTI

3861 455 3968 517 308

722 576 842 611 nent
874 557 1065 612 talium
1102 557 1368 616 virorum.
1406 561 1551 628 quod
1587 558 1656 612 ab
1687 559 2006 626 eloquentia
2045 561 2194 630 gravi
2234 568 2288 614 et
2323 568 2362 622 Α
2391 578 2412 614 ν

2251 568 2288 614 ξι
2323 568 2362 622 Α
2391 563 2472 614 νοὶ
2498 562 2678 627 λέγειν
2707 563 2800 616 καὶ
2825 563 2952 633 περὶ
2983 563 3229 630 γλῶτταν
3256 565 3459 618 ἀστεῖοι
3480 565 3745 633 ἐγένοντο,
3771 565 3941 639 δίειμι

723 649 918 702 ίιιςιίνιι
995 651 1228 703 multum
1297 650 1610 712 valuerint,
1681 651 1991 706 intulimus.
2063 650 2290 706 Minime

726 758 985 810 namque,
1022 743 1184 796 sicuti
1215 741 1478 805 diximus,
1506 743 1866 797 constitutum
1901 745 2058 798 nobis
2085 755 2191 807 εει,
2222 743 2291 799 de

725 835 1081 904 dogmatibus
1108 834 1443 888 sententiam
1475 835 1621 888 ferre
1649 852 1662 887 :
1696 835 1788 889 sed
1842 835 2167 905 simpliciter
2191 836 2291 902 ita,

726 935 788 980 ut
838 941 1072 994 quicque
1129 942 1215 980 res
1250 941 1352 978 suo
1391 935 1637 994 tempore
1689 941 1812 980 sese
1845 926 2071 990 dedere,
2124 942 2295 996 expo-

727 1030 860 1070 nere
893 1015 1266 1076 deerevimus,
1299 1015 1438 1068 nihil
1470 1031 1536 1068 ex
1583 1015 1817 1070 arbitrio
1867 1024 2055 1071 nostro
2086 1025 2294 1072 temere

725 1107 1074 1177 adjicientes.
1113 1109 1188 1161 De
1237 1107 1596 1176 opinionibus
1644 1123 1774 1162 sane
1805 1108 2027 1178 quidem
2062 1110 2298 1179 aliisque

726 1200 996 1272 ejusmodi
1026 1201 1193 1254 rebus
1242 1199 1530 1254 manifesta
1557 1201 1836 1270 propalam
1869 1211 2050 1257 exstat
2073 1203 2295 1256 veritas.

731 1297 908 1364 Atque
942 1295 1010 1348 de
1040 1295 1144 1358 eis,
1175 1294 1376 1362 quibus
1405 1295 1509 1350 hoc
1535 1312 1632 1364 per
1657 1299 1804 1366 leges
1835 1312 2164 1352 concessum
2191 1307 2298 1360 est,

725 1387 999 1457 judicium
1037 1384 1236 1440 ferant.
1287 1386 1458 1438 Porro
1507 1388 1600 1456 qui
1637 1397 1966 1457 tempestate
2001 1403 2064 1441 ea
2095 1387 2301 1442 virtute

2395 653 2515 706 οὐδὲ
2547 654 2654 724 γὰρ
2679 654 2740 706 τὸ
2801 654 3161 725 προκείμενον
3205 658 3340 725 ἡμῖν
3395 656 3731 728 φιλοκρινεῖν
3770 659 3931 722 δόξας
3960 697 3974 722 ,

2398 744 2513 797 ἀλλ’
2541 745 2727 808 ἁπλῶς
2755 746 2898 798 οὕτω
2924 747 2984 799 τὸ
3006 747 3184 817 χρόνῳ
3215 748 3574 817 παρεμπεσὸν
3604 749 3971 820 ἀφηγεῖσθαι,

2398 837 2586 907 ὥσπερ
2614 837 2676 910 δὴ
2719 839 2815 890 καὶ
2847 839 3082 905 ἐγένετο,
3129 840 3296 909 μηδὲν
3328 839 3541 894 οἴκοθεν
3576 842 3972 906 ἐπεισάγοντα.

2401 931 2537 999 Περί
2561 946 2624 998 γε
2663 930 2770 1000 μὴν
2797 930 2958 1000 δόξης
2989 932 3079 984 καὶ
3116 931 3222 985 τῶν
3251 933 3452 985 λοιπῶν
3476 932 3744 1004 πρόδηλος
3770 934 3801 1002 ή
3837 933 3974 1000 ἁλή-

2403 1011 2563 1076 θεια.’
2583 1024 2690 1076 Καὶ
2717 1017 2796 1088 οἷς
2831 1023 2990 1094 θέμις
3021 1029 3150 1096 περὶ
3188 1025 3394 1078 τούτων
3421 1025 3786 1092 κρινέτωσαν.
3818 1024 3978 1077 Ὅσοι

2404 1115 2503 1184 μὲν
2534 1113 2627 1169 οὖν
2665 1116 2757 1169 ἐπί
2786 1133 2846 1169 τε
2891 1117 3057 1186 ἀρετῇ
3090 1117 3182 1170 καὶ
3215 1116 3391 1184 λόγων
3438 1116 3658 1186 παιδείᾳ
3703 1119 3816 1178 τοῖς
3847 1118 3977 1186 χρό-

2403 1222 2517 1270 νοις
2571 1206 2833 1276 ἐπεσημοί
2888 1225 2950 1260 τε
2979 1210 3074 1261 καὶ
3129 1208 3450 1279 περιϐόητοι
3496 1208 3768 1275 ἐγένοντο,
3828 1204 3978 1261 οὗτοι

2403 1295 2543 1368 ἦσαν
2573 1317 2588 1330 ο
2630 1300 2760 1370 ἑξῆς
2783 1302 2840 1354 δὲ
2869 1301 3011 1355 κατὰ
3041 1301 3224 1372 χώραν
3256 1303 3350 1356 καὶ
3386 1304 3514 1366 τοὺς
3546 1303 3982 1371 ἐπιγινομένους

2406 1388 2730 1461 ἐκθήσομαι.

731 1479 937 1549 insigni
984 1489 1039 1534 et
1073 1479 1388 1533 eruditione
1420 1480 1676 1549 praeclara
1708 1482 2044 1546 excelluere,
2075 1479 2113 1535 ii
2149 1489 2296 1534 sunt.
2339 1479 2609 1552 Deinceps
2679 1499 2812 1549 vero
2847 1493 3104 1554 posteros
3135 1501 3356 1558 quoque
3393 1487 3516 1543 loco
3581 1500 3684 1542 suo
3723 1500 3984 1540 recense-

739 1573 942 1627 bitnns.

1323 1691 1548 1748 CAPUT
1591 1691 1707 1745 XX.

741 1785 813 1838 De
842 1788 1046 1856 egregio
1088 1787 1140 1838 in
1177 1785 1539 1839 Christianam
1566 1786 1872 1854 religionem
1895 1784 2128 1856 ﬁliorum
2169 1784 2308 1839 Con-

807 1855 1026 1909 stantini
1051 1859 1225 1924 mm/ni
1253 1857 1444 1919 studio,
1484 1865 1530 1909 et
1567 1856 1626 1908 de
1657 1855 1984 1924 Opinionibns
2011 1871 2190 1908 eorum
2219 1872 2236 1908 :
2260 1865 2309 1907 et

807 1937 860 1978 ut
908 1927 1303 1996 aliquantulum
1365 1925 1709 1979 Constantius
1764 1927 2103 1977 transversim
2163 1936 2311 1977 actus

811 1997 984 2064 fuerit,
1014 1998 1141 2050 etde
1180 1996 1392 2049 dissidio
1425 2013 1514 2048 seu
1548 1997 1877 2048 contentione
1911 2011 2070 2063 super
2091 1999 2310 2048 consub-

805 2068 1049 2120 stantiali
1105 2077 1151 2119 et
1202 2065 1701 2120 sinultsubstmttiali
1747 2081 1764 2118 :
1837 2075 1884 2117 et
1943 2066 2005 2118 de
2064 2065 2312 2135 ﬁgmento

808 2137 1148 2191 Arianorum.

812 2253 979 2322 728
1019 2251 1174 2306 Nunc
1215 2265 1398 2307 autem
1436 2267 1631 2306 rursus
1665 2251 1956 2306 historiam
2000 2250 2310 2305 institutam

741 2359 1170 2413 prosequamur.
1203 2343 1321 2397 Non
1356 2343 1534 2396 solum
1570 2341 1736 2411 igitur
1759 2356 1900 2410 quos
1943 2339 2182 2394 diximus
2219 2340 2310 2393 Dei

745 2447 996 2490 antantes
1042 2435 1168 2498 viri,
1217 2436 1326 2489 vita
1371 2443 1427 2488 et
1476 2434 1764 2502 sapientiae
1798 2431 1981 2486 studio
2016 2433 2310 2501 pollentes,

748 2530 1074 2599 religionem
1111 2527 1271 2582 novis
1304 2527 1589 2582 exercitiis
1621 2527 1963 2595 adaugentes
1986 2526 2314 2580 cohonesta-

748 2631 877 2675 runt
907 2638 922 2674 :
956 2621 1050 2674 sed
1100 2621 1267 2675 etiam
1302 2622 1667 2689 imperatores
1698 2619 1798 2688 ipsi
1828 2617 2181 2672 annulatione
2217 2630 2314 2684 pa—

750 2725 939 2768 ternas
994 2729 1081 2767 res
1121 2713 1530 2768 ecclesiasticas
1576 2721 1632 2765 et
1680 2711 1928 2764 divinum
1986 2710 2200 2764 cultum
2257 2709 2310 2762 in

748 2806 964 2860 deliciis
995 2806 1256 2859 habuere.
1293 2806 1516 2860 Clarum
1546 2806 1692 2859 enim
1730 2805 1826 2858 Dei
1852 2803 2081 2871 ejusque
2109 2802 2315 2856 liberos

750 2907 806 2953 et
842 2900 1179 2968 propinquos
1216 2899 1530 2968 insignibus
1573 2897 1882 2953 honoribus
1909 2907 1967 2950 et
1993 2894 2318 2949 immunita-

755 2991 904 3046 tibus
947 2993 1303 3052 deeorarunt,
1332 2990 1602 3059 bonisque
1640 3000 1697 3043 et
1729 2989 1976 3042 honestis
2010 2987 2205 3056 patriis
2242 2987 2322 3037 le-

755 3085 917 3152 gibus
963 3085 1104 3139 alios
1160 3095 1216 3137 et
1253 3082 1358 3151 ipsi
1405 3097 1501 3150 pro
1538 3098 1639 3136 suo
1687 3083 1738 3134 in
1786 3081 1956 3134 Deum
2011 3092 2216 3139 amore,
2251 3075 2318 3128 ad

759 3179 1084 3246 religionem
1119 3177 1492 3230 adduxerunt.
1527 3174 1628 3239 Qui
1666 3189 1796 3227 sane
1825 3187 2019 3225 omnes
2052 3169 2324 3222 idolorum

759 3275 968 3326 editum
1017 3271 1554 3337 simulacrorumque
1601 3282 1787 3320 curam
1836 3265 2182 3318 susmlerunt
2225 3283 2235 3314 :
2273 3269 2329 3314 et

765 3367 972 3435 ubique
1007 3365 1255 3418 locorum
1288 3363 1529 3416 claustra
1554 3361 1872 3414 Grtecorum
1903 3354 2121 3424 templis
2155 3355 2328 3422 impo-

763 3457 870 3512 sita
911 3465 1058 3518 sunt,
1094 3453 1341 3524 quaedam
1393 3455 1558 3506 etiam
1592 3451 1646 3504 in
1699 3449 1942 3504 materia:
1977 3447 2248 3500 rationem
2299 3458 2329 3495 a

771 3551 976 3606 nostris
1020 3550 1298 3612 revocata,
1333 3556 1387 3601 et
1439 3545 1688 3599 funditus
1733 3543 1917 3596 statim
1951 3541 2158 3594 diruta.
2219 3537 2331 3591 Nec

768 3659 938 3712 parvo
973 3643 1081 3695 illis
1125 3642 1310 3694 studio
1343 3639 1467 3698 luit,
1510 3651 1664 3691 sacra
1696 3634 2057 3689 ecclesiarum
2101 3629 2331 3684 delubra

768 3735 1036 3804 temporis
1095 3731 1464 3785 diuturnitate
1522 3743 1661 3798 pene
1711 3725 1953 3793 collapsa
2011 3723 2330 3785 restituere,

769 3829 1018 3898 qmedam
1065 3826 1230 3884 etiam
1277 3839 1344 3880 ex
1391 3824 1524 3892 ipsis
1564 3819 1943 3873 fundamentis
1983 3823 2330 3870 construere.

772 3922 1016 3988 Quorum
1043 3932 1210 3972 unum
1241 3923 1326 3970 est
1353 3925 1408 3968 et
1437 3910 1853 3983 pulchritudine
1881 3915 1938 3961 et
1959 3904 2336 3975 magnitudine

775 4015 899 4068 aliis
931 4012 1117 4066 multis
1152 4009 1524 4079 praastantius.
1558 4003 1704 4072 quod
1739 4000 1882 4070 apud
1913 3998 2165 4052 Emesam
2193 3995 2336 4050 Cott-

772 4105 1008 4159 stantius
1052 4100 1320 4156 condidit.
1356 4098 1436 4152 Ad
1477 4097 1594 4150 haec
1642 4095 1760 4160 lege
1791 4101 2096 4145 sanxerunt
2131 4087 2231 4156 (l),
2269 4099 2337 4139 ne

774 4197 897 4266 quis
929 4195 1152 4250 Jutlteus
1199 4189 1534 4260 mancipiqu
1583 4184 1984 4248 Christianum,
2041 4181 2338 4250 cujuscun-

775 4306 883 4359 que
919 4289 1140 4341 tandem
1182 4293 1366 4346 sectae,
1393 4297 1500 4336 tere
1537 4287 1594 4333 et
1637 4278 1778 4332 libra
1815 4285 2059 4344 emptum
2090 4274 2336 4327 haberet.

775 4384 831 4436 Si
864 4381 957 4451 qui
995 4379 1155 4432 aliter
1184 4376 1378 4430 fecisse
1416 4380 1732 4441 compertus
1761 4379 1924 4432 esset,
1961 4379 2180 4420 servum
2213 4378 2336 4416 eum

779 4475 1057 4544 publicum
1088 4471 1225 4524 fore.
1268 4465 1422 4533 Quod
1452 4467 1494 4517 si
1536 4479 1662 4517 eum
1699 4459 2113 4516 circumcidisse
2140 4459 2338 4524 depre-

779 4573 986 4622 hensus
1020 4573 1189 4625 esset,
1224 4560 1420 4628 capitis
1453 4558 1790 4626 supplicium
1825 4568 1951 4608 eum
2002 4553 2341 4611 subiturum,

780 4663 943 4717 bonis
989 4660 1108 4728 ejus
1136 4653 1506 4724 publicandis.
1547 4651 1683 4705 Cum
1716 4649 1861 4702 enim
1894 4646 2252 4700 constitutum
2287 4642 2342 4694 in

780 4753 982 4808 animis
1011 4750 1126 4802 suis
1158 4748 1451 4808 haberent,
1495 4743 1875 4799 Christianum
1904 4739 2111 4793 cultum
2147 4749 2346 4802 prepa.

781 4863 932 4918 gare,
969 4846 1072 4898 hoc
1098 4843 1262 4895 etiam
1293 4839 1526 4892 maxime
1551 4835 1933 4906 providerunt,
1968 4838 2111 4884 utne
2142 4838 2345 4882 temere

785 4958 812 4993 a
849 4937 1050 4993 ludar-is
1084 4933 1252 4999 aliqui
1309 4931 1362 4983 in
1411 4927 1730 4994 religionem
1760 4939 1912 4978 suam
1959 4920 2348 4990 pertraheren-

783 5045 876 5085 tur
906 5070 917 5085 .
954 5027 1047 5081 sed
1081 5025 1265 5094 potius
1298 5038 1438 5073 verae
1481 5017 1738 5072 Ecclesiae
1774 5029 1986 5075 omnes,
2032 5011 2099 5065 de
2144 5009 2348 5078 quibus

785 5123 968 5188 aliqua
1017 5134 1141 5184 spes
1191 5122 1357 5176 esset,
1400 5118 1880 5167 conservarentur,
1937 5113 1993 5157 et
2042 5099 2344 5156 Christiani

786 5218 1003 5269 licrt‘ntt.
1037 5207 1351 5263 Christiana
1400 5205 1548 5256 enim
1586 5201 1762 5270 pietas
1794 5214 1861 5252 ex
1897 5195 2104 5250 Grtecis
2130 5202 2186 5247 et
2217 5207 2347 5258 gen-

788 5305 982 5359 tilibus
1042 5299 1214 5368 magis
1271 5298 1613 5349 incrementa
1681 5307 1781 5344 sua
1837 5287 2110 5357 capiebat.
2151 5285 2348 5338 Verum

787 5398 1069 5450 enimvero
1116 5392 1350 5460 pritnttm
1388 5384 1735 5442 Constantini
1789 5381 1881 5434 lilii
1915 5387 2196 5450 paternam
2230 5376 2353 5440 epi-

793 5501 1010 5540 ntonent
1039 5484 1306 5550 integrann
1336 5489 1653 5542 certamque
1683 5482 2010 5528 servarunt:
2038 5481 2093 5523 et
2123 5473 2351 5535 uterque

793 5594 922 5630 acer
978 5575 1208 5630 Nion-nte
1249 5572 1373 5626 ﬁdei
1407 5569 1660 5624 laudator
1689 5567 1808 5620 l'uit.
1837 5565 2109 5618 Con3tans
2131 5560 2351 5630 quidem

790 5669 857 5722 ad
892 5668 1054 5720 linem
1089 5679 1262 5734 usque
1291 5665 1344 5718 in
1384 5679 1447 5717 ea
1485 5662 1746 5732 perstitit.
1790 5655 1954 5728 729
1997 5651 2353 5710 Constantius

3005 1691 3250 1748 ΚΕΦΑΛ.
3294 1693 3374 1747 ις’.

2413 1785 2551 1853 Περὶ
2585 1784 2695 1852 τῆς
2723 1787 2809 1848 εις
2838 1785 2953 1849 τὴν
2984 1783 3206 1851 εὐσεϐῆ
3249 1786 3580 1852 θρησκείαν
3607 1782 3725 1837 τῶν
3757 1783 3988 1836 παίδων

2484 1855 2590 1924 τοῦ
2614 1854 2880 1924 μεγάλου
2908 1855 3370 1924 Κωγσταντίνου
3400 1853 3702 1920 σπουδῆς,
3725 1855 3825 1905 καὶ
3855 1854 3992 1920 περὶ

2484 1923 2593 1990 τῆς
2631 1924 2818 1989 δόξης
2872 1923 3072 1977 αὐτῶν
3095 1963 3110 1987 ,
3144 1925 3242 1976 καὶ
3280 1926 3360 1989 ὠς
3397 1926 3614 1992 μικρὸν
3671 1927 3990 1990 παρεσύρη

2484 1995 2933 2058 Κωνστάντιος·
2967 1995 3061 2046 καὶ
3093 1995 3224 2060 περὶ
3251 1994 3358 2059 τῆς
3385 1993 3676 2061 διαφορᾶς
3707 1995 3814 2046 τοῦ
3847 1996 3992 2062 ὁμο-

2483 2067 2704 2119 ουσίου
2730 2064 2827 2134 καὶ
2853 2064 3206 2133 όμοιουσίυυ
3233 2067 3330 2119 καὶ
3356 2065 3463 2119 τοῦ
3491 2065 3851 2134 πλάσματος
3874 2062 3995 2117 τῶν

2487 2133 2828 2204 Ἀρειανῶν.

2496 2253 2688 2320 Ἡμεῖς
2717 2250 2776 2306 δὲ
2811 2246 2969 2313 αὖθις
3005 2251 3107 2316 τῆς
3154 2255 3526 2322 προκειμένης
3578 2253 3822 2323 ιστορέας
3859 2251 3997 2320 ἐχώ-

2419 2350 2585 2419 μεθα.
2614 2349 2688 2402 Οὐ
2743 2351 2904 2418 μόνον
2932 2345 3025 2403 οὖν
3061 2351 3108 2402 oi
3141 2349 3534 2418 προειρημένοι
3586 2345 3856 2416 θεοφιλεῖς
3904 2347 4000 2400 ἄν·

2416 2445 2540 2512 δρες
2573 2443 2672 2513 βίῳ
2702 2444 2798 2496 καὶ
2833 2443 3008 2506 ἄλλως
3043 2443 3236 2507 σοφίας
3265 2441 3408 2510 λόγῳ
3435 2439 3616 2508 πολλῷ
3640 2439 4001 2509 διαφέροντες

2417 2537 2517 2608 τὴν
2544 2536 2842 2604 θρησκείαν
2874 2536 3186 2604 ἐγέραιρον,
3218 2535 3329 2596 τοῖς
3358 2532 3529 2598 ξένοις
3561 2531 4002 2601 ἐπιτηδεύμασιν

2419 2628 2718 2694 αθξοντεςο
2782 2627 2897 2682 ἀλλ’
2946 2629 3030 2681 ὅτι
3083 2627 3180 2681 καὶ
3231 2626 3281 2678 οἱ
3319 2624 3588 2695 ’τηνικάδε
3639 2622 4003 2693 κρατοῦντες,

2422 2721 2564 2774 κατὰ
2587 2718 2750 2787 ζῆλον
2775 2719 3029 2788 πατρῷον
3060 2719 3120 2771 ὲν
3154 2717 3326 2788 πολλῇ
3360 2721 3426 2787 τῇ
3457 2717 3709 2787 ῥᾳστώνῃ
3741 2716 3873 2782 περὶ
3901 2715 4005 2774 τὰς

2423 2812 2716 2884 ἐκκλησίας
2739 2813 2834 2866 καὶ
2861 2813 2920 2864 τὸ
2941 2812 3106 2874 σέϐας
3136 2809 3297 2880 εἶχον.
3320 2811 3459 2873 Tati;
3483 2828 3543 2862 τε
3565 2814 3672 2880 γὰρ
3692 2813 3748 2862 ἐν
3775 2810 4006 2878 κλήροις

2424 2905 2584 2966 Θεοῦ,
2611 2907 2704 2958 καὶ
2750 2906 2876 2966 τοὺς
2935 2904 2996 2969 ἐξ
3025 2904 3272 2965 ἐκείνων,
3299 2905 3392 2957 καὶ
3415 2903 3530 2957 ὅσοι
3579 2901 4006 2971 ἀγχιστεύοντες

2375 3051 2393 3071 η
2426 2998 2652 3061 ἐκείνοις
2681 2993 2841 3068 ἦσαν,
2862 2999 3048 3066 τιμαῖς
3075 2997 3339 3061 ἐξαισίαις
3355 2995 3451 3049 καὶ
3473 2995 3748 3056 ἀτελείαις
3777 2994 4012 3061 ἐσέμνυιρ

2428 3105 2540 3150 νον,
2563 3089 2674 3148 τοῖς
2691 3087 2878 3146 καλοῖς
2905 3103 2961 3138 τε
2983 3085 3077 3138 καὶ
3099 3084 3320 3152 ἀγαθοῖς
3351 3083 3636 3153 πατρικοῖς
3663 3083 3848 3148 νόμοις
3880 3081 4005 3130 ἐτέ-

2435 3197 2559 3248 ρους
2584 3177 2676 3232 καὶ
2703 3177 2851 3229 αὺτοῖ
2885 3175 3148 3243 θεοφιλῶς
3187 3173 3593 3244 προστιθέντες.
3620 3172 3685 3224 Οἳ
3708 3170 3769 3239 δὴ
3801 3170 4006 3231 πάντες

2431 3271 2667 3341 ἀνῄρουν
2697 3270 2796 3338 τήν
2829 3285 2886 3321 τε
2929 3268 3040 3320 τῶν
3070 3265 3302 3319 εἰδώλων
3347 3265 3628 3334 λατρείαν,
3661 3263 3755 3315 καὶ
3801 3262 3864 3314 τὸ
3894 3261 4008 3312 τῶν

2433 3358 2638 3426 ξοάνων
2665 3357 2946 3426 ἐπιμελές.
2978 3355 3203 3418 Κλεῖδες
3238 3356 3348 3423 γὰρ
3382 3352 3694 3422 ἁπανταχοῦ
3725 3354 3838 3413 τοῖς
3887 3349 4010 3404 Ἐξ-

2431 3449 2610 3518 λήνων
2637 3450 2782 3510 ναοῖς
2814 3447 3147 3501 ἐπετίθεντο.
3179 3443 3364 3500 Ἦσαν
3395 3447 3450 3500 δὲ
3484 3448 3533 3499 οἳ
3566 3447 3659 3498 καὶ
3692 3444 3824 3513 ὕλης
3847 3445 4009 3511 λόγον

2435 3543 2654 3610 ἐπεῖχον
2689 3542 2803 3600 τοῖς
2836 3540 3146 3610 ἡμετέροις,
3184 3539 3345 3602 εὐθὺς
3373 3541 3437 3592 ἐκ
3477 3535 3695 3608 βάθρων
3724 3537 4008 3605 λυόμενςι.

2436 3633 2510 3685 Οὐ
2533 3631 2622 3684 διὰ
2658 3633 2857 3700 μικρᾶς
2887 3632 2932 3684 δ’
2955 3627 3022 3700 ἦν
3047 3631 3278 3692 ἐκείνοις
3308 3631 3542 3700 σπουδῆς
3563 3630 3658 3682 καὶ
3682 3629 3809 3688 τοὺς
3827 3629 4011 3696 χρὸνῳ

2434 3725 2784 3793 κεκμηκότας
2815 3723 2924 3775 τῶν
2959 3723 3120 3774 θείων
3148 3721 3330 3788 σηκῶν
3365 3719 3809 3790 παρασκευάζειν
3838 3718 4007 3786 ήδᾷν,

2436 3815 2562 3876 τοὺς
2607 3813 2652 3866 δ’
2688 3816 2750 3867 ἐκ
2797 3813 3078 3882 κρηπίδων
3120 3813 3301 3865 αὐτῶν
3347 3812 3605 3882 ἁνιστᾷν⁸
3641 3804 3716 3864 ὧν
3760 3803 3838 3870 εἷς
3888 3811 4009 3861 ἐστι

2438 3905 2623 3958 κάλλει
2669 3907 2763 3956 καὶ
2801 3903 3023 3974 μεγέθει
3055 3904 3166 3956 τῶν
3213 3902 3425 3956 πολλῶν
3479 3904 3807 3974 ὑπερφέρων
3852 3901 3949 3953 καὶ
3983 3904 4012 3954 ὁ

2438 3998 2581 4050 κατὰ
2613 3997 2710 4066 τὴν
2742 3997 3024 4066 Ἐμεσσαν
3069 3996 3438 4064 Κωνσταντέῳ
3488 3995 3824 4062 ἀνεγερυείς.
3864 3993 4014 4060 Πρὸς

2437 4091 2650 4154 τούτοις
2705 4089 3082 4156 ἐνομοθέτουν,
3135 4088 3206 4157 μή
3251 4106 3371 4140 τινα
3419 4087 3683 4154 Ἰουδαῖκῇ
3739 4085 4017 4154 θρησκείᾳ

2441 4182 2690 4246 συζῶντα
2722 4180 2910 4233 δοῦλον
2935 4179 3191 4232 ὠνεῖσθαι
3223 4179 3282 4242 ἐξ
3313 4179 3430 4240 οἵας
3476 4177 3540 4247 δή
3581 4177 3698 4229 ποτ’
3731 4173 3825 4230 οὖν
3857 4175 4015 4242 αἱρέο

2442 4287 2581 4333 σεως
2616 4270 2767 4322 ὄντα.
2799 4269 2860 4322 Ei
2889 4268 2934 4322 δ’
2963 4265 3056 4321 οὖν
3085 4268 3430 4336 φωραθέντα,
3477 4265 3642 4318 αὐτὸν
3673 4266 3881 4318 ἐκεῖνον
3913 4264 4014 4333 δη-

2447 4365 2636 4434 μόσιον
2675 4362 2862 4416 δοῦλον
2893 4359 3274 4415 καθίστασθαι.
3312 4361 3374 4413 Εἰ
3401 4359 3458 4413 δὲ
3488 4359 3640 4412 λάθοι
3674 4357 4020 4427 περιτεμὼν,

2447 4457 2654 4525 ζημίαν
2679 4455 2871 4522 ἐκείνῳ
2906 4448 3046 4507 εἶναι
3085 4452 3183 4522 τὴν
3211 4452 3306 4521 τῆς
3350 4450 3592 4519 κεφαλῆς
3623 4448 3883 4518 ἐκτομὴν,
3919 4450 4020 4499 καὶ

2445 4551 2505 4602 τὸ
2530 4549 2599 4603 τὰ
2623 4548 2751 4602 ὄντα
2785 4548 2862 4616 τῷ
2893 4547 3051 4617 δήμῳ
3082 4544 3328 4598 ἀνεῖσθαι
3353 4561 3368 4576 ο
3401 4543 3667 4614 ᾑρημένοι
3697 4543 3805 4610 γὰρ
3828 4541 3891 4593 τὸ
3924 4541 4020 4591 σέ-

2447 4641 2546 4702 ϐας
2577 4639 2894 4704 ἐπιδιδόναι,
2945 4637 3037 4690 καὶ
3064 4636 3256 4690 τούτου
3305 4635 3369 4704 δὴ
3413 4634 3653 4702 μάλιστα
3691 4630 4017 4701 προύνόουν,

2447 4733 2585 4786 ὥστε
2618 4733 2693 4802 μὴ
2723 4732 2798 4793 ὡς
2834 4730 2993 4798 ἔτυχέ
3026 4745 3173 4791 τινας
3208 4726 3312 4780 ὑπὸ
3355 4726 3626 4780 Ἰουδαίων
3665 4722 4018 4793 ἐφέλκεσθαι,

2447 4827 2513 4892 τῇ
2548 4823 2591 4874 δ’
2615 4823 2807 4891 ἀληθεῖ
2846 4821 3145 4888 Ἐκκλησία
3184 4815 3565 4886 ταμιεύεσθαι,
3607 4815 3699 4866 καὶ
3731 4814 3846 4864 ὅσοι
3879 4813 4018 4869 τέως

2449 4917 2505 4965 ἐν
2537 4913 2748 4966 ἐλπίσιν
2778 4913 2916 4982 ἦσαν
2947 4908 3363 4979 χριστιανξζειν.
3405 4907 3465 4958 'ii
3493 4906 3601 4973 γὰρ
3625 4903 3733 4955 τῶν
3759 4904 4026 4968 Χριστια-

2450 5007 2555 5060 νῶν
2592 5005 2855 5075 θρησκεία
2893 5005 2950 5069 ἐξ
2999 5002 3268 5069 Ἐλλήνων
3303 4997 3502 5066 μᾶλλον
3535 4997 3634 5065 τὴν
3671 4994 3911 5047 ἐπίδοσιν
3941 4990 4025 5043 εἷ-

2450 5116 2564 5168 χεν.
2597 5100 2669 5149 Οὐ
2710 5097 2815 5166 μὴν
2845 5096 2897 5148 δὲ
2929 5095 3065 5147 ἀλλὰ
3097 5094 3164 5146 τὰ
3196 5092 3389 5158 πρῶτα
3431 5090 3597 5155 ἀθιγῆ
3633 5089 3730 5156 τὴν
3759 5083 4026 5154 πατρῴαν

2449 5191 2607 5255 δὸξαν
2641 5192 2686 5243 οἱ
2720 5188 2913 5250 παῖδες
2938 5186 3350 5240 Κωνσταντίνου
3385 5179 3645 5250 ἀσφαλῶς
3677 5178 3987 5245 ἐφρούρουν
4008 5188 4026 5203 °

2452 5285 2545 5334 καὶ
2581 5281 2748 5349 ἄμφω
2777 5277 2886 5347 γὰρ
2938 5277 3189 5344 διάπυροι
3239 5274 3522 5324 ἐπαινέται
3577 5269 3674 5336 τῆς
3707 5270 3765 5318 ἐν
3813 5267 4029 5336 Noui;

2454 5375 2690 5433 πίστεως
2744 5371 2894 5430 ὅντες
2931 5369 3248 5436 ἐτύγχανον.
3289 5365 3398 5416 Καὶ
3452 5364 3712 5421 Κώνστας
3759 5359 3863 5428 μὲν
3893 5359 4027 5426 ἄχρι

2454 5465 2640 5526 τέλους
2675 5465 2731 5514 ἐν
2760 5461 2932 5530 ταύτῃ
2970 5462 3306 5526 παρέμεινεν
3331 5470 3347 5485 ⁸
3381 5458 3407 5506 ὁ
3451 5453 3504 5505 δέ
3543 5469 3604 5520 γε
3641 5450 4027 5510 Κωνστάντιος

2458 5558 2620 5624 μέχρι
2659 5557 2756 5624 μέν
2787 5571 2928 5614 τινος
2968 5552 3201 5612 ἐκείνοις
3247 5550 3452 5611 εἵπετο,
3509 5544 3790 5598 εἰσέπειτα
3817 5541 3878 5593 δὲ
3925 5542 4029 5610 τῆς

2459 5647 2547 5700 τοῦ
2585 5644 2866 5717 ὁμοουσίου
2921 5643 3288 5713 σαλευομένης
3337 5641 3558 5705 λέξεως,
3592 5634 3792 5706 μικρὸν
3841 5649 3896 5684 τι
3927 5632 4032 5700 τῆς

862 5833 938 5900 (Η
971 5830 1316 5887 Constantini
1382 5831 1416 5886 1.
1449 5829 1606 5884 unica
1643 5833 1748 5882 est.
1794 5821 1858 5878 C.
1888 5821 1964 5876 Ne
2034 5819 2322 5875 Christian.
2363 5811 2614 5880 ntanrin,
2683 5809 2719 5862 1.
2765 5808 2865 5862 Deo
2924 5808 3089 5865 nonis,
3233 5797 3323 5858 11ἑέ
3375 5804 3445 5855 ita
3492 5796 3779 5866 dispositis.
3829 5791 3896 5848 C.
3955 5790 4032 5844 De

792 5908 957 5975 epist.
1017 5915 1071 5959 et
1104 5903 1236 5958 eler.
