4280 6436
270 422 387 489 309
608 470 613 475 ς
814 430 826 463 κ

1206 425 1815 491 ECCLESIASTICIE
1856 431 2254 494 ΗιδΤοΒΙΑι
2296 435 2439 500 LIB.
2492 436 2589 499 IX.

3394 468 3401 479 ς
3424 389 3527 500 sto

268 535 503 603 γνώμης
530 534 699 606 έσύρη
723 552 735 567 ·
766 535 826 588 οὗ
864 535 971 605 μὴν
998 534 1072 599 ὡς
1102 537 1308 593 έπίπαν
1331 538 1625 609 ἀπέσχετο,
1658 542 1735 610 μὴ
1754 543 1850 595 καὶ

1959 557 2084 598 vero
2112 544 2429 613 aliquandiu
2457 559 2584 600 eam
2604 553 2846 607 secutus,
2879 548 3065 612 postea
3084 539 3177 595 τοῦ
3206 539 3521 610 ὁμοουσεουο

268 624 363 675 τὶν
397 624 529 676 Υίδν
570 626 759 693 ἒμοιον
784 626 929 679 κατὰ
969 626 1068 695 τὴν
1102 628 1289 681 οὐσίαν
1318 630 1398 698 τῷ¹
1425 632 1598 700 "arpi.
1627 632 1853 701 διαρρή-

212 720 215 721 ⁷
271 713 376 782 δην
412 715 837 786 ἀνακηρύττειν.
878 717 940 770 Ol
988 718 1086 788 μὲν
1117 719 1224 789 γὰρ
1263 720 1407 790 ἀμφὶ
1454 722 1544 774 τὸν
1593 721 1853 778 Εὑσέδιον

269 805 672 877 Νικοῖληδείας,
702 809 800 862 καὶ
830 809 977 863 ἄλλοι
1026 810 1134 863 τῶν
1175 813 1276 865 ἀνὰ
1306 814 1406 883 τὴν
1451 814 1525 866 ἕω
1559 815 1855 884 τηνικαῦτα

269 902 614 967 ἐπισκόπων,
664 905 756 956 tu!
788 922 847 958 τε
904 909 1072 978 ἀρετῇ
1109 908 1204 961 καὶ
1254 908 1437 975 λόγοις
1474 908 1533 963 τδ
1584 912 1854 981 έπίσημον

272 999 714 1069 κεκληρωμένοι,
761 1003 1027 1074 διαφορὰν
1074 1006 1219 1075 ἔχειν
1281 1007 1601 1078 είσηγοῦντο
1632 1011 1692 1063 τὸ
1722 1012 1855 1079 ὀμο-

275 1089 461 1143 ούσιον
516 1092 718 1158 λέγειν,
756 1095 853 1148 καὶ
907 1098 1030 1148 κατ’
1060 1098 1251 1154 οὐσίαν
1306 1100 1511 1166 ὅμοιον,
1566 1101 1595 1154 ὃ
1647 1102 1709 1174 δὴ
1759 1104 1855 1157 καὶ

272 1184 620 1250 δμοιοούσιον
665 1184 879 1253 ἔλεγον.
920 1187 1044 1242 Ἐπὶ
1086 1190 1195 1261 γὰρ
1246 1191 1515 1261 σωμάτων
1552 1193 1730 1262 μόνων
1759 1209 1855 1248 κυ-

280 1274 414 1344 ρίως
447 1277 740 1331 ὑπετίθουν
774 1280 836 1333 τὸ
862 1280 1148 1350 ὁμοούσιον
1174 1299 1189 1315 ο
1226 1284 1302 1347 ὡς
1355 1286 1487 1354 φέρε
1535 1288 1729 1352 εἰπεῖν,
1766 1289 1855 1341 έπ*

273 1366 587 1436 ἀνθρώπων
618 1371 714 1423 καὶ
739 1370 946 1427 λοιπῶν
980 1373 1157 1440 ζώων,
1184 1376 1268 1428 ἔτι
1291 1376 1349 1429 δὲ
1378 1379 1471 1429 καὶ
1496 1376 1728 1447 δένδρων
1760 1379 1857 1432 καὶ

274 1459 486 1525 φυτῶν,
541 1457 622 1523 οἷς
671 1464 874 1515 ἅπασιν
914 1466 944 1532 ἡ
998 1466 1260 1534 μετουσία
1312 1469 1405 1521 καὶ
1452 1470 1484 1537 η
1546 1472 1761 1537 γένεσι;
1797 1470 1855 1536 ἐξ

270 1549 468 1618 ὁμοίου
500 1552 637 1606 tori.
675 1553 749 1606 Τὸ
777 1553 824 1607 δ’
867 1558 1209 1624 ὁμοιοούσιον
1261 1559 1354 1612 επὶ
1383 1559 1491 1612 τῶν
1522 1562 1677 1625 ἐκτὸς
1722 1562 1856 1633 ὕλης

272 1640 479 1709 χρῆναι
524 1644 743 1711 ἔλεγον·
797 1640 909 1699 οἷον
945 1648 1038 1700 ἐπὶ
1086 1648 1224 1703 Θεοῦ
1265 1650 1362 1703 καὶ
1399 1652 1682 1720 ἀγγέλων·
1723 1654 1854 1707 tua-

273 1748 407 1785 στον
437 1735 543 1802 γὰρ
574 1736 779 1790 τούτων
813 1739 950 1809 πρὸς
998 1741 1191 1795 ἑαυτὸν
1227 1743 1522 1814 νοούμενον
1565 1746 1688 1800 κατ’
1720 1746 1855 1801 ίδίαν

274 1820 591 1892 ὑφέστηκεν
619 1840 632 1854 ο
663 1823 724 1889 ιε
769 1819 846 1879 ὧν
875 1829 970 1880 καὶ
1028 1828 1411 1892 Κωνστάντιος
1451 1834 1852 1902 παραγόμενος,

270 1913 352 1975 ὡς
380 1914 549 1981 ἔοικε,
583 1916 872 1989 παρεσύρη
908 1922 1319 1988 μεταπεισθείς.
1352 1924 1461 1977 Καί
1489 1942 1575 1991 γε,
1603 1928 1677 1987 ὼς
1708 1927 1860 1979 εἰκά-

271 2004 397 2067 ζειν
432 2023 521 2074 μοι
554 2008 758 2074 ἔπεισι,
791 2012 936 2065 κατά
960 2012 1205 2067 διάθεσίν
1232 2032 1291 2068 τε
1324 2017 1420 2071 καὶ
1446 2019 1673 2088 γνώμην
1699 2021 1859 2090 ὅμοια

272 2096 373 2148 καὶ
405 2090 560 2161 οὗτος
588 2097 666 2169 τῷ
700 2101 870 2170 πατρὶ
897 2106 992 2157 καὶ
1028 2103 1280 2175 τάδε).φῷ
1309 2107 1552 2176 ἐφρόνει.
1595 2108 1860 2179 Ἀμείψας

270 2185 333 2238 δέ
361 2188 425 2239 τ’»
456 2188 647 2257 ῥητὸν,
685 2190 836 2244 οὐδὲν
868 2194 1209 2263 ἁμαρτάνειν
1244 2200 1370 2267 περὶ
1400 2197 1458 2251 τὸ
1507 2197 1669 2260 σέσας
1699 2197 1857 2270 ᾤετο,

270 2277 401 2330 ἀντὶ
430 2280 723 2348 δμοουσίου
762 2282 1103 2351 ὁμοιοούσιον
1136 2287 1332 2354 λέγων.
1370 2290 1435 2340 Ὀ
1464 2288 1527 2359 δὴ
1579 2293 1691 2352 τοῖς
1736 2292 1859 2344 τότε

272 2369 700 2437 είσπουμένως
732 2373 958 2443 ἄμεινον
1006 2376 1098 2429 καὶ
1132 2378 1531 2449 ἀκριϐέστερον
1572 2376 1713 2435 εἶναι
1744 2382 1858 2436 ἐδό-

273 2476 362 2511 κει
389 2474 405 2489 ·
437 2461 781 2531 ίσχυρὶζοντο
808 2465 939 2536 γὰρ,
962 2468 1038 2530 ὡς
1068 2466 1120 2519 εί
1150 2484 1237 2532 τις
1269 2469 1345 2538 μὴ
1375 2470 1519 2525 οὕτω
1541 2471 1712 2541 λέγοι,
1744 2490 1863 2526 κιν-

268 2548 525 2602 δυνεύειν
562 2550 748 2605 λοιπὸν
800 2556 962 2623 σῶμα
998 2557 1060 2607 τὸ
1098 2555 1392 2626 ἀσώματον
1439 2560 1535 2612 καὶ
1585 2560 1766 2627 λέγειν
1798 2577 1856 2614 τε

269 2640 374 2693 καὶ
405 2646 571 2697 νοεῖν.
610 2645 790 2716 Ὅπερ
821 2646 1081 2716 εὐηθείας
1128 2650 1440 2717 ἀνάμεστον
1472 2652 1551 2715 ὃν,
1586 2655 1699 2717 τοῖς
1731 2654 1860 2706 πολ-

270 2728 391 2790 λοῖς
426 2731 837 2799 καταγέλαστον
870 2731 1013 2791 εἶναι
1048 2738 1246 2791 ἐδόκει.
1275 2738 1523 2794 Συνιέναι
1556 2741 1662 2812 γὰρ
1691 2743 1858 2814 ἐχρῆν

268 2822 354 2885 ὡς
386 2826 455 2877 τα
486 2832 598 2880 τῶν
627 2829 841 2899 νοητῶν
871 2829 1114 2899 ὀνόματα
1145 2833 1209 2885 ἑκ
1235 2833 1344 2886 τῶν
1386 2836 1729 2903 φαινομένων
1757 2836 1857 2907 τὴν

273 2918 590 2989 μετάληψιν
638 2920 848 2991 έχουσι.
909 2923 1065 2986 Ποίος
1103 2923 1150 2977 δ’
1181 2924 1248 2979 ἂν
1298 2926 1543 2991 κίνδυνος
1586 2930 1644 2982 έν
1682 2929 1856 2993 λέξεσι

270 3010 517 3075 γένοιτο,
549 3010 822 3082 μηδεμιᾶς
850 3014 1128 3083 ἁμαρτίας
1175 3018 1305 3086 περὶ
1333 3017 1434 3085 τὴν
1472 3018 1679 3072 ἔννοιαν
1717 3036 1859 3087 γινο·

274 3096 498 3165 μένηςς
544 3099 825 3153 Ἐντεῦθεν
876 3104 1366 3173 τεκμηριώσασθαι
1398 3105 1576 3160 ἔπεισί
1627 3124 1719 3174 μοι
1760 3108 1859 3160 καὶ

1959 636 2471 701 consubstantialis,
2508 636 2676 691 verbo
2700 636 2901 706 passim
2945 636 3174 704 jactato,
3206 630 3527 699 aliquantu-
3606 641 3613 649 '

1957 725 2071 778 lum
2117 725 2187 779 de
2227 726 2502 781 sententia
2540 741 2641 780 sna
2672 725 2880 781 cessit:
2918 722 3028 779 non
3065 722 3157 777 ille
3188 719 3415 790 quidem
3450 718 3525 773 ita

1958 832 2187 885 prorsus
2230 820 2299 872 ab
2334 834 2399 872 ea
2437 817 2770 881 desciscens,
2815 826 2876 871 ut
2906 831 3019 871 non
3052 814 3252 870 Filium
3284 811 3525 867 similem

1956 909 2263 961 secundum
2315 908 2681 963 substantiam
2724 907 2870 962 Patri
2920 915 3108 977 aperte
3147 904 3523 973 proﬁteretur.

1959 999 2065 1055 Sed
2108 999 2382 1055 Eusebius
2412 999 2867 1061 Nicomediensis,
2893 1009 2950 1053 et
2977 997 3068 1053 alii
3100 999 3222 1067 ejus
3254 993 3521 1065 temporis

1957 1091 2262 1149 Orientales
2309 1094 2591 1164 episc0pi,
2622 1092 2829 1147 virtute
2867 1102 2922 1146 et
2962 1092 3214 1147 doctrina
3275 1103 3538 1159 magnam

1963 1182 2192 1250 gloriam
2226 1184 2531 1246 consecuti,
2564 1181 2790 1237 diﬂ‘erre
2827 1181 3136 1237 locutiones
3165 1180 3264 1234 bas
3308 1192 3529 1234 assere-

1958 1271 2173 1338 rabant,
2232 1273 2292 1325 τδ
2348 1272 2639 1343 ὀμοούσιον
2666 1313 2682 1339 ,
2710 1271 3204 1337 consubstantiale,
3252 1279 3308 1325 et
3349 1268 3529 1323 simile

1956 1364 2257 1419 secundum
2295 1363 2744 1424 substantiam,id
2781 1361 2926 1434 quod
2958 1361 3123 1416 etiam
3156 1360 3523 1430 δμοιοούσιον,

1958 1456 2134 1513 simile
2165 1456 2507 1520 substantia,
2544 1456 2828 1511 dicebant.
2861 1454 3245 1525 Subjiciebant
3268 1466 3526 1521 namque,

1955 1549 2266 1619 ὀμοούσιον,
2288 1548 2782 1613 consubstantiale,
2816 1547 3039 1618 proprie
3070 1546 3138 1601 de
3163 1546 3301 1601 solis
3329 1557 3531 1614 corpo-

1957 1640 2117 1695 ribus
2148 1640 2283 1703 dici,
2320 1648 2516 1709 utputa
2548 1639 2617 1694 de
2648 1638 2971 1694 hominibus
2995 1646 3054 1693 et
3081 1637 3206 1692 aliis
3238 1633 3529 1690 animanti-

1957 1726 2084 1794 bus,
2113 1730 2247 1784 item
2282 1727 2349 1784 de
2379 1727 2674 1783 arboribus
2703 1736 2758 1783 et
2782 1727 3003 1798 plantis,
3036 1726 3240 1795 quibus
3270 1723 3529 1779 omnibus

1957 1819 2381 1875 communicatio
2392 1829 2448 1875 et
2462 1819 2743 1890 generatio
2759 1834 2827 1873 ex
2844 1819 3010 1874 simili
3028 1826 3115 1872 est
3131 1833 3148 1872 :
3165 1814 3528 1886 ὀμοιοούσιον,

1961 1911 2139 1966 simile
2161 1911 2498 1980 substantia,
2532 1921 2739 1975 autem,
2774 1912 2843 1967 de
2874 1911 3044 1967 rebus
3073 1909 3302 1964 materia
3337 1922 3532 1980 caren—

1965 2002 2110 2056 tibus
2148 2002 2397 2072 usurpari
2442 2002 2649 2057 debere
2694 2001 2973 2068 dicebant,
3010 2000 3178 2055 veluti
3226 1998 3296 2054 de
3329 1998 3443 2053 Deo
3472 2006 3530 2052 et

1960 2093 2216 2163 angelis:
2250 2094 2445 2149 borum
2497 2094 2645 2149 enim
2685 2094 2997 2165 quodlibet,
3046 2093 3090 2147 si
3139 2107 3238 2161 per
3287 2090 3527 2161 seipsum

1960 2192 2145 2240 mente
2176 2194 2232 2240 et
2272 2185 2631 2255 intelligentia
2666 2185 2794 2255 quis
2839 2182 3269 2253 contempletur,
3318 2195 3420 2251 pro
3469 2194 3530 2235 se

1960 2276 2189 2331 seorsim
2255 2275 2540 2331 subsistat.
2604 2275 2817 2344 Quibus
2878 2274 3097 2340 verbis,
3158 2284 3219 2327 ut
3285 2270 3526 2333 videtur.

1960 2365 2319 2423 Constantius
2370 2367 2657 2431 seductus,
2689 2375 2748 2422 et
2787 2366 2949 2421 aliter
2983 2379 3147 2435 quam
3199 2371 3360 2417 antea
3404 2374 3530 2429 per-

1961 2474 2180 2526 suasus,
2216 2460 2558 2529 aliquantum
2590 2458 2955 2514 transversim
3000 2467 3084 2511 est
3132 2464 3311 2510 actus.
3349 2452 3530 2519 Atque

1960 2554 2240 2623 equidem,
2292 2561 2556 2622 quantum
2603 2552 2863 2622 coniicio,
2909 2548 3095 2605 animo
3142 2556 3197 2602 et
3248 2544 3528 2600 sententia

1960 2646 2105 2701 idem
2139 2646 2184 2699 is
2215 2660 2339 2701 cum
2372 2654 2527 2715 patre
2568 2652 2625 2701 et
2662 2644 2832 2699 fratre
2872 2642 3081 2705 sensit;
3122 2641 3292 2693 verbo
3337 2645 3523 2690 autem

1960 2746 2171 2793 mutato
2206 2738 2433 2793 minime
2478 2751 2537 2791 se
2585 2736 2640 2790 in
2680 2736 2905 2805 pietatis
2944 2721 3096 2787 cultu
3131 2729 3243 2785 labi
3289 2726 3529 2797 putavit,

1958 2828 2212 2883 videlicet
2245 2828 2289 2882 si
2320 2842 2416 2897 pro
2443 2827 2754 2897 ὁμοουσίου,
2788 2820 3263 2883 consubstantiali,
3284 2816 3533 2887 δμοιοούο

1933 2922 2095 2988 ’σιον,
2119 2921 2296 2976 simile
2326 2919 2655 2985 substantia,
2703 2919 2933 2974 diceret.
2965 2914 3119 2983 Quod
3149 2926 3280 2968 sane
3313 2911 3394 2966 eis
3434 2909 3528 2979 qui

1961 3014 2015 3068 id
2060 3012 2388 3078 aﬂ‘ereliant,
2431 3010 2637 3066 rectius
2678 3010 2999 3077 certiusque
3042 3019 3168 3060 esse
3199 3002 3387 3056 visum
3419 3007 3525 3053 est.

1962 3104 2317 3159 Allirmabant
2362 3116 2621 3171 namque,
2675 3100 2780 3155 nisi
2832 3099 2956 3168 quis
3002 3097 3106 3150 hoc
3154 3095 3237 3150 sic
3284 3092 3519 3156 diceret,

272 3189 370 3241 τὸν
401 3189 575 3243 πολὺν
606 3191 664 3243 ὲν
690 3192 942 3264 θεολογία
971 3194 1274 3266 Γρηγόριον
1304 3200 1361 3251 έν
1405 3200 1516 3263 τοῖς
1547 3202 1687 3253 κατὰ
1724 3201 1855 3255 ἰον-

1961 3193 2267 3264 periculum
2300 3192 2499 3247 deinde
2539 3206 2683 3255 esse,
2721 3206 2789 3245 ne
2838 3202 3040 3258 corpus
3069 3199 3199 3241 esse
3246 3184 3394 3254 quod
3436 3182 3523 3236 in-

269 3278 468 3331 ).tavoii
499 3280 953 3349 στηλιτευτικοῖς,
985 3284 1110 3338 ὅλον
1140 3286 1248 3339 τῶν
1285 3288 1524 3343 ἐπαίνων
1558 3292 1857 3344 Κωνσταν-

273 3368 395 3420 τίου
435 3365 753 3440 γενόμενον,
786 3374 1123 3443 ὑπερφυέσιν
1156 3377 1454 3448 ἐγκωμίοις
1488 3381 1730 3449 στέφειν,
1762 3381 1859 3434 καὶ

272 3462 339 3511 το
372 3451 603 3525 εὐσεδὲς
635 3464 1032 3535 ἀνακηρύττειν
1067 3467 1233 3522 αὐτοῦ
1256 3485 1270 3500 ο
1298 3470 1375 3534 ὼς
1426 3472 1521 3524 καὶ
1560 3473 1858 3540 ἁγγελικὰς

273 3552 549 3621 δυνάμεις
580 3557 961 3626 προαγόμενον
998 3561 1348 3631 προπέμπειν
1383 3564 1571 3630 αὑτὸν,
1600 3568 1693 3619 καὶ
1724 3566 1859 3631 ξενι-

273 3641 509 3706 ζούσαις
540 3647 820 3716 γεραίρειν
851 3648 1040 3719 ᾠδαῖς,
1063 3651 1137 3713 ὡς
1172 3653 1230 3705 έν
1255 3652 1333 3723 τῷ
1364 3654 1560 3724 πέρατι
1592 3655 1683 3709 τοῦ
1717 3674 1859 3729 παρ·

274 3737 434 3797 ὁντος
500 3738 672 3807 τόμον
716 3740 1117 3812 διαληψόμεθα.
1151 3747 1476 3816 Θαυμαστὸν
1528 3748 1584 3801 δὲ
1617 3750 1767 3803 οὐδὲν
1809 3752 1858 3804 εί

227 3867 234 3873 .
278 3825 545 3894 βασιλεὺς
590 3831 723 3899 περὶ
755 3834 1061 3904 πράγματα
1096 3837 1195 3907 τὴν
1232 3838 1434 3910 σχολὴν
1474 3838 1632 3909 ἔχων,
1677 3857 1857 3910 παραυ

276 3918 539 3983 πεισθεὶς
596 3923 697 3991 τὴν
725 3923 873 3989 λέξιν
923 3930 1281 3998 προσήκατο·
1326 3934 1459 3983 ὅπου
1504 3948 1564 3999 γε
1606 3936 1697 3986 καὶ
1752 3935 1860 3986 τῶν

274 4015 541 4085 τηνικάδε
599 4017 793 4085 ίερέων
848 4019 1056 4085 πολλοὶ,
1106 4020 1247 4074 κατὰ
1297 4022 1534 4076 διάνοιαν
1576 4026 1860 4093 σύμφωνοι

274 4108 441 4169 ὄντες
476 4106 555 4175 τῷ
602 4109 746 4161 κατὰ
780 4108 1017 4163 Νίκαιαν
1043 4110 1296 4179 δόγματι,
1341 4112 1462 4181 δίχα
1507 4114 1647 4177 τινὸς
1685 4116 1859 4185 ἔριδος

274 4196 380 4267 τὴν
411 4196 564 4264 λέξιν
596 4197 787 4263 ἁπλῶς
834 4200 1162 4271 ἐξεδέχοντο.
1204 4203 1385 4257 Ἀλλοι
1430 4205 1598 4275 μηδέν
1632 4223 1683 4258 τι
1731 4210 1858 4276 περὶ

274 4287 612 4357 ἀμφοτέρας
642 4289 949 4354 έννοοῦντες
982 4291 1207 4361 φαῦλον,
1241 4296 1334 4349 ἐπὶ
1358 4294 1457 4363 μιᾷ
1491 4296 1736 4365 σημασίᾳ
1762 4296 1859 4365 τῆς

276 4377 547 4442 εὐσεϐοῦς
578 4380 815 4444 διανοίας
877 4382 1137 4452 ἐχρῶντο.
1194 4382 1279 4445 Ὠς
1336 4384 1587 4439 ἐντεῦθεν
1632 4388 1860 4455 συνάγε-

278 4468 409 4523 σθαι
472 4471 674 4533 έκεῖνο,
716 4472 1060 4544 κομψότητος
1118 4476 1218 4545 μὲν
1249 4475 1504 4544 ἔμπλεων
1546 4473 1705 4539 εἶναι,
1738 4479 1766 4531 ὃ
1807 4480 1857 4532 oi

1962 3300 2291 3356 corporeum
2342 3294 2427 3340 est
2466 3296 2522 3339 et
2553 3286 2762 3339 diceret
2804 3293 2858 3339 et
2893 3282 3146 3336 sentiret.
3188 3277 3246 3333 ld
3289 3290 3421 3331 sane
3465 3283 3527 3329 ut

1962 3372 2306 3442 stupiditatis
2359 3374 2603 3442 plenum,
2636 3373 2825 3427 multis
2874 3370 3167 3426 ridiculum
3205 3368 3384 3422 visum
3415 3372 3522 3420 est.

1961 3463 2230 3520 Caeterum
2288 3464 2420 3519 illud
2470 3480 2565 3519 eos
2606 3465 2751 3519 scire
2787 3462 3099 3533 oportebat,
3127 3459 3274 3530 quod
3311 3471 3517 3527 rerum.

1961 3574 2096 3628 quas
2125 3569 2306 3612 mente
2356 3567 2410 3612 et
2461 3557 2818 3626 intelligentia
2850 3553 3311 3623 contemplamur,
3345 3548 3526 3604 nomi-

1962 3667 2030 3706 na
2062 3666 2090 3703 a
2121 3653 2285 3705 rebus
2343 3650 2739 3718 apparentibus
2768 3663 2864 3717 per
2900 3643 3391 3714 transumptionem
3432 3655 3530 3696 ne-

1961 3745 2206 3798 cessario
2246 3743 2618 3812 accipiuntur.
2674 3739 2831 3805 Quod
2882 3754 3017 3793 vero
3065 3746 3247 3808 potest
3295 3749 3418 3790 esse
3469 3735 3524 3787 in

1965 3835 2287 3890 nominibus
2320 3834 2647 3904 perieulum,
2678 3848 2806 3887 cum
2839 3832 2893 3884 in
2929 3831 3047 3900 ipsa
3075 3829 3434 3897 intelligentia
3470 3837 3527 3879 et

1963 3938 2149 3982 mente
2197 3927 2381 3980 nullus
2408 3926 2480 3979 sit
2509 3926 2696 3994 lapsus
2719 3934 2773 3978 et
2811 3922 3007 3977 error?
3032 3921 3159 3981 inde
3192 3921 3360 3974 etiam
3388 3932 3524 3973 con-

1959 4018 2134 4088 jicere
2161 4028 2266 4080 est,
2297 4032 2552 4085 magnum
2602 4015 2756 4071 illum
2790 4014 2842 4068 in
2874 4012 3143 4081 theologia
3165 3995 3524 4080 Gregorium,

1963 4111 2016 4163 in
2049 4109 2163 4163 suis
2194 4108 2248 4162 in
2277 4107 2554 4162 lulianum
2581 4106 2870 4160 invectivis
2902 4104 3273 4163 orationibus,
3309 4102 3440 4156 dum
3468 4103 3523 4155 in

1965 4201 2242 4255 laudando
2282 4198 2607 4254 Constantio
2643 4208 2792 4252 totus
2824 4205 2929 4260 est,
2960 4212 3069 4250 non
3104 4193 3300 4259 injuria
3332 4193 3527 4248 miriti-

1963 4295 2046 4349 cis
2088 4294 2214 4347 enni
2262 4306 2460 4347 ornare
2506 4290 2820 4358 praeconiis,
2866 4286 3237 4358 pietatemque
3287 4286 3406 4355 ejus
3448 4284 3525 4339 ita

1961 4385 2357 4457 deprtcdicare,
2409 4393 2471 4438 ut
2526 4384 2700 4445 illum,
2757 4397 2789 4437 a
2837 4390 3013 4436 morte
3061 4379 3270 4435 scilicet
3317 4377 3522 4448 produ-

1961 4490 2134 4545 ctum,
2172 4478 2429 4547 angelica:
2481 4477 2645 4530 etiam
2686 4476 2916 4528 virtutes
2949 4473 3232 4542 stipantes,
3260 4474 3522 4539 novisque

278 4558 413 4626 περὶ
446 4556 673 4626 Ἀρειον
703 4560 797 4612 ἰπὶ
832 4562 911 4629 τῷ
958 4562 1207 4632 σφετέρῳ
1235 4563 1398 4631 δῆθεν
1443 4564 1592 4634 καλῴ
1625 4566 1855 4620 ἀνεπλά-

1961 4581 2016 4625 ct
2057 4569 2397 4625 admirandis
2425 4568 2761 4622 honorantes
2794 4564 3157 4628 carminibus,
3190 4566 3300 4618 sint
3331 4578 3519 4632 prose-

279 4665 451 4702 σαντο
477 4663 491 4677 ⁶
524 4649 623 4703 καὶ
650 4651 760 4719 γάρ
808 4668 937 4721 φασι
979 4653 1120 4723 μετὰ
1158 4654 1257 4725 τὴν
1284 4656 1393 4707 τῶν
1435 4654 1541 4725 τιη¹
1582 4656 1855 4727 θεοφόρων

278 4740 552 4809 Πατέρων
611 4743 929 4797 συνέλευσιν
976 4745 1160 4797 πολλοὶ
1230 4748 1338 4799 τῶν
1392 4749 1729 4811 ἐπισκόπων,
1783 4742 1858 4802 ὧν

278 4831 376 4885 καὶ
406 4830 673 4893 Εὑσέῦιος
702 4826 844 4902 ἦσαν
873 4835 966 4887 καὶ
1012 4834 1292 4903 Θεογδνιος
1326 4838 1376 4889 οἱ
1413 4837 1647 4901 Βιθυνοὶ.
1682 4839 1859 4892 οὐκέτ’

275 4923 476 4994 ἤθελον
507 4923 691 4993 λέγειν
740 4926 1045 4994 ὁμοούσιον
1074 4924 1218 4981 εἶναι
1252 4928 1330 5000 τῷ
1362 4931 1536 4999 Ilotth
1565 4932 1656 4985 τὸν
1705 4931 1857 4999 Υίὸν,

275 5016 374 5067 καὶ
408 5013 587 5068 ταῦτα
615 5016 1147 5088 καθυπογράψαντες
1173 5034 1187 5049 ·
1209 5015 1292 5082 οἷς
1318 5020 1628 5092 χαλεπήνας
1645 5023 1672 5074 ὁ
1700 5023 1856 5088 Κων-

274 5108 589 5170 σταντῐνος,
630 5108 959 5177 ὑπερορίους
987 5110 1182 5165 εποίει.
1213 5111 1387 5182 Ὀναρ
1412 5113 1469 5164 δὲ
1501 5114 1566 5182 τῇ
1598 5111 1692 5165 τοῦ
1725 5128 1859 5180 κρα-

272 5196 504 5259 τοῦντος
545 5197 750 5267 ἀδελφῇ
788 5199 972 5252 θεόθεν
1004 5201 1225 5271 χρῆσαι,
1272 5201 1346 5264 ὡς
1378 5202 1577 5264 ἀδίκως
1608 5204 1856 5271 ἐγένοντο

275 5289 587 5358 ὑπερόριοι,
618 5290 796 5360 ὀρθῶς
824 5290 1141 5357 δοξάζοντες
1169 5293 1298 5364 περὶ
1326 5293 1420 5347 τοῦ
1446 5294 1602 5352 Θεοῦ.
1643 5295 1851 5349 Ἐντεῦ·

269 5379 368 5431 θεν
398 5380 444 5431 δ’
501 5380 730 5432 ἐκείνων
784 5383 1263 5451 μετακληθέντων,
1316 5383 1536 5455 ἔρεσθαι
1576 5386 1666 5437 τὸν
1717 5402 1853 5454 κρα-

266 5462 660 5533 τοῦντα,’ὅτου
711 5472 871 5542 χάριν
903 5476 1055 5542 παρὰ
1108 5474 1174 5527 τὰ
1217 5475 1513 5544 δεδογμένα
1539 5478 1605 5547 τῇ
1650 5477 1853 5547 συνόδῳ

263 5560 567 5629 φρονοῦσι,
612 5562 915 5616 καὶταῦτα
975 5564 1261 5635 σύμψηφοι
1311 5569 1405 5619 καὶ
1450 5569 1694 5621 κοινωνοὶ
1726 5585 1855 5640 γρε-

264 5653 381 5720 φῆς
416 5651 516 5703 καὶ
559 5649 671 5704 τῶν
703 5652 906 5707 λοιπῶν
937 5656 1076 5726 αὐτῇ
1117 5656 1422 5725 γεγονότες.
1454 5658 1594 5721 Ἱ“ο’.ς
1647 5660 1690 5711 δ’
1720 5661 1854 5713 ἀπο-

264 5743 601 5808 κρίνασθαι,
639 5746 714 5814 μὴ
750 5746 890 5799 κατὰ
931 5737 1162 5817 ’γνώμην
1199 5751 1309 5813 τοῖς
1356 5748 1696 5820 δεδογμένοις
1730 5769 1855 5805 συν-

270 5832 498 5887 θέσθαι.
534 5833 720 5900 Εξσήει
747 5838 859 5920 γὰρ
899 5840 1009 5905 δέος
1057 5843 1191 5923 ἡμῖν
1239 5845 1337 5896 οὐκ
1374 5842 1616 5909 ἔλαττον,
1647 5846 1847 5913 ἔλεγον,

1945 4671 2103 4715 .cuta:
2129 4678 2143 4714 :
2184 4660 2350 4715 sicuti
2377 4658 2431 4712 in
2457 4658 2564 4712 [ine
2592 4657 2722 4711 tomi
2750 4656 2915 4726 hujus
2942 4662 3302 4724 exponemus.
3329 4653 3519 4721 Neque

1960 4753 2162 4807 mirum
2210 4750 2382 4805 videri
2434 4749 2625 4813 debet,
2658 4749 3049 4816 imperatorem
3100 4760 3284 4799 rerum
3339 4745 3520 4798 admi-
3568 4788 3569 4791 η

1958 4841 2288 4895 nislratione
2309 4848 2660 4909 occupatum,
2690 4851 3011 4907 magnorum
3042 4836 3325 4890 hominum
3352 4849 3519 4888 suasu

1956 4934 2190 4988 verbum
2223 4933 2327 4988 hoc
2354 4931 2684 5001 approbasse
2712 4946 2728 4985 :
2778 4927 2941 4998 730
2966 4926 3185 4996 quando
3215 4925 3371 4980 multi
3406 4935 3520 4978 tum

1958 5041 2027 5081 ex
2051 5025 2223 5080 sacris
2249 5024 2385 5079 viris
2415 5025 2597 5077 animo
2624 5036 2678 5076 et
2721 5019 3000 5076 sententia
3028 5018 3251 5073 Nieaeno
3276 5017 3518 5086 dogmati

1959 5117 2348 5180 assentientes,
2374 5116 2509 5169 citra
2530 5113 2943 5169 contentionem
2957 5125 3176 5165 onmem
3194 5109 3519 5173 simpliciter

1961 5209 2013 5263 id
2041 5224 2263 5279 quoque
2290 5204 2770 5275 recepere.Aliqui
2807 5213 2990 5258 autem
3023 5202 3160 5256 nihil
3196 5216 3423 5271 prorsus
3451 5202 3518 5254 dc

1958 5312 2194 5371 utraque
2236 5300 2478 5355 dictione
2510 5302 2854 5368 suspicantes
2884 5296 3119 5358 sinistri,
3156 5309 3267 5349 uno
3298 5293 3510 5347 eodem-

1958 5408 2066 5461 que
2105 5406 2269 5446 sensu
2306 5391 2406 5459 pia:
2459 5390 2742 5443 sententia:
2792 5388 3118 5442 alterutrum
3152 5395 3510 5452 usurparunt.

1954 5482 2108 5539 Unde
2138 5481 2271 5541 illud
2297 5482 2430 5535 satis
2452 5488 2686 5543 constat,
2707 5488 2976 5532 tumorem
3006 5492 3213 5532 merum
3243 5476 3509 5531 etfastnm

1955 5588 2096 5638 esse,
2147 5572 2293 5642 quod
2324 5572 2514 5626 Ariani
2566 5585 2667 5625 suo
2694 5571 2952 5625 videlicet
2980 5568 3269 5624 commodo
3301 5567 3512 5621 contin-

1955 5678 2103 5718 xere.
2142 5663 2310 5717 Aiunt
2339 5664 2507 5725 enim,
2537 5671 2656 5732 pust
2686 5674 3058 5719 trecentorum
3095 5663 3283 5718 decent
3309 5669 3363 5715 et
3388 5668 3513 5713 octo
3535 5702 3547 5712 .

1956 5764 2271 5809 sanctorum
2308 5754 2528 5809 Patrum
2567 5769 2918 5819 conventum,
2949 5757 3239 5825 episc0pos
3289 5751 3512 5817 multos,

1955 5850 2009 5905 in
2044 5847 2243 5915 quibus
2270 5848 2436 5903 etiam
2470 5846 2736 5905 Eusebius
2766 5858 2822 5904 ct
2846 5848 3125 5919 Theognis
3147 5845 3366 5918 Bithyni
3395 5843 3512 5901 iue-
