4280 6436
777 344 880 411 315

1961 369 2385 432 ΝΙΩΕΡΙΙΟΒΙ
2429 374 2770 439 CALLISTI

3876 378 4012 459 ’ωδ

771 462 823 507 te
874 453 1153 514 referret:
1195 476 1258 516 ex
1285 478 1391 532 quo
1426 467 1591 522 animi
1639 473 1811 528 nostri
1874 477 2232 543 νοιυηιαιεητ,
2283 490 2324 535 ιε

771 542 974 574 cntum.-
1002 549 1143 574 -..,..|
1375 571 1442 574 ,-,
1548 573 1552 574 ,
1611 570 1622 574 -

2446 484 2634 553 θῆναι,
2670 488 2763 542 καὶ
2794 490 2891 558 τῆς
2924 492 3084 563 εὐχῆς
3119 495 3419 566 ἐπιτυχεῖν.
3453 500 3594 572 Πρὸς
3623 503 3678 556 δὲ
3713 504 4016 574 πληρεστά-

769 542 977 597 sciliCct
1001 549 1143 616 quod
1175 563 1330 618 optas
1367 570 1790 617 consecuturum
1821 581 1964 628 esse,
2003 584 2329 635 cognoscere

769 638 992 701 poteris.
1042 657 1060 689 ι
1101 641 1429 701 Athanasius
1473 652 1718 718 epistolis
1740 658 1998 726 Aquileiaa
2029 661 2128 729 (ibi
2183 664 2328 716 enim

767 727 1017 797 degebat)
1050 736 1306 799 acceptis,
1348 738 1572 794 Romam
1609 745 1674 798 ad
1703 745 1908 802 Julium
1938 791 1950 813 ,
1979 727 2044 804 ut
2065 753 2133 807 de
2167 754 2330 808 rebus

767 817 881 870 suis
927 833 1049 871 cum
1085 838 1151 875 eo
1191 829 1569 898 constitueret,
1620 836 1898 899 profectus
1924 853 2028 896 est.
2055 843 2153 899 Cui
2208 847 2329 916 qui-

763 906 885 961 dem
913 910 1059 965 Julio
1092 924 1146 969 et
1200 919 1455 978 Romanae
1501 927 1753 985 Ecclesia:
1787 933 1873 987 ille
1914 937 2208 1004 plurimum
2251 949 2332 996 at-

764 1001 885 1054 tulit
904 1001 1128 1070 laetitiae,
1149 1024 1272 1063 cum
1306 1015 1518 1072 litteras
1535 1021 1616 1074 eis
1642 1024 2002 1081 exhibuisset.
2020 1029 2329 1086 Credebant

759 1092 904 1144 enim
950 1094 1191 1153 Orientis
1233 1118 1452 1175 quoque
1508 1112 1890 1180 imperatorem
1935 1135 2058 1173 cum
2090 1123 2170 1176 eis
2202 1140 2328 1194 pro-

759 1180 981 1241 fessioni
1033 1190 1156 1246 fidei
1211 1203 1620 1270 ass«ntire,qui
1657 1215 1759 1258 tam
1805 1208 2119 1267 humaniter
2154 1216 2219 1268 ad
2268 1233 2327 1272 se

756 1275 1117 1335 Athanasium
1196 1287 1470 1348 invitaret.
1531 1295 1597 1350 Et
1668 1299 1845 1354 Julius
1908 1305 2075 1358 rebus
2125 1308 2326 1376 quibus

757 1374 1000 1436 oportuit
1056 1376 1207 1431 illum
1256 1381 1545 1448 instruxit,
1605 1392 1912 1462 viaticoque
1942 1374 2167 1452 donavit
2210 1418 2224 1454 :
2271 1412 2328 1456 et

757 1459 968 1518 litteras
1013 1465 1238 1537 insuper
1275 1476 1324 1555 ei
1359 1477 1422 1528 ad
1459 1479 1665 1534 clerum
1708 1494 1764 1538 et
1795 1488 2055 1555 populum
2097 1490 2328 1546 Alexan-

756 1551 974 1609 drinum
1031 1559 1201 1628 dedit,
1260 1546 1462 1632 quibus
1519 1586 1576 1625 se
1637 1546 1807 1629 Letari
1847 1546 1902 1632 e-t
1945 1581 2210 1650 gratulari
2243 1585 2334 1643 eis.

759 1641 962 1700 indicat
997 1648 1064 1702 de
1103 1654 1234 1706 tanti
1287 1661 1534 1724 prmsulis
1571 1641 2056 1724 restittitiotte.vAd
2091 1680 2322 1730 verbum

755 1737 983 1804 epistola
1018 1743 1119 1796 hoc
1152 1748 1314 1800 modo
1340 1751 1541 1819 scripta
1575 1766 1692 1809 erat
1719 1776 1732 1810 :

1318 1865 1548 1922 CAPUT
1598 1869 1763 1926 XXII.

756 1943 992 2011 Epistola
1033 1950 1164 2006 Julii
1210 1955 1456 2019 Romani,
1494 1978 1587 2028 pro
1637 1976 1819 2019 sancto
1868 1969 2161 2024 Athanasio
2211 1970 2332 2024 Ale-

1279 2029 1558 2085 xandrinis
1608 2037 1787 2090 missa.

831 2146 848 2178 ι
889 2120 1068 2184 Julius
1096 2135 1374 2206 episcopis
1403 2151 1459 2196 et
1505 2146 1844 2218 presbyteris
1873 2162 1926 2208 et
1973 2148 2220 2215 diaconi‘s
2272 2171 2334 2217 et‘

707 2297 710 2299 γ
756 2221 959 2287 populo
991 2223 1373 2283 Alexandriam
1417 2233 1700 2301 incolenti,
1765 2240 1981 2300 dilectis
2039 2248 2324 2316 fratribus,

755 2309 810 2363 in
877 2311 1105 2369 Domino
1151 2319 1404 2380 salutem.
1445 2322 1810 2398 Co‘ngratulor
1868 2344 1924 2390 et
1995 2353 2095 2407 ego
2146 2342 2324 2407 vobis,

754 2399 954 2458 fratres
1005 2405 1224 2473 dilecti.
1282 2429 1379 2470 vos
1439 2417 1564 2473 fidei
1615 2433 1813 2479 vestrae
1856 2426 2093 2484 fructum
2151 2436 2326 2490 oculis

756 2499 953 2549 vestris
972 2502 1276 2571 percipere.
1295 2507 1350 2560 ld
1382 2511 1526 2564 enim
1557 2530 1685 2570 vere
1711 2519 1980 2589 quispiam
2009 2524 2122 2579 fieri
2153 2528 2321 2593 dicat,

754 2586 809 2638 in
836 2586 1002 2645 fratre
1027 2603 1081 2646 et
1107 2599 1433 2670 coepiscopo
1465 2614 1654 2662 nostro
1702 2586 2000 2667 Athanasio
2027 2635 2038 2669 :
2068 2633 2229 2686 quem
2269 2631 2325 2676 et

751 2687 975 2746 propter
1027 2683 1150 2738 vitze
1193 2689 1312 2759 ejus
1358 2694 1672 2762 puritatem,
1731 2709 1787 2754 et
1832 2716 2055 2773 propter
2085 2683 2313 2765 ivestras

751 2783 962 2836 preces,
1000 2774 1138 2830 Deus
1174 2781 1329 2836 vobis
1357 2786 1616 2842 restituit.
1653 2791 1731 2846 Ex
1782 2793 1886 2849 hoc
1927 2812 2057 2852 sane
2109 2805 2324 2873 perspi-

752 2875 877 2918 cere
903 2872 1006 2927 est,
1036 2883 1199 2936 puras
1226 2882 1438 2928 vestras
1476 2878 1870 2954 charitatisque
1905 2889 2091 2955 plenas
2120 2872 2324 2947 oratio-

754 2964 854 3002 nes
880 2966 1096 3023 semper
1117 2959 1183 3012 ad
1215 2960 1385 3018 Deum
1413 2981 1535 3022 esse
1567 2970 1792 3028 delatas.
1830 2975 2147 3033 leeslittm
2175 2985 2322 3038 enim

753 3043 1181 3109 promissionum
1246 3056 1638 3132 charitatisque
1707 3066 1761 3120 in
1809 3068 1974 3124 Deum
2030 3089 2321 3142 memores,

2441 594 2537 645 την
2577 578 2833 649 διήγησιν
2872 583 3108 652 Ἀχήταν
3151 587 3239 639 τὸν
3281 589 3527 644 διάκονον
3567 594 3972 666 ἀπεστείλαμεν
3996 615 4011 629 ⁸

2439 667 2568 736 παρ’
2595 667 2654 720 οὗ
2691 670 2894 743 δυνήσῃ
2933 675 3124 742 μαθεῖν
3158 677 3259 746 τῆς
3293 696 3349 732 τε
3391 681 3669 752 ἡμετέρας
3703 684 3880 756 ψυχῆς
3914 689 4014 758 τὴν

2439 761 2779 830 προαίρεσιν,
2803 765 2894 816 καὶ
2916 765 2997 818 ὅτι
3019 768 3221 820 τούτων
3243 762 3322 840 ὧν,
3339 769 3472 842 εὔχῃ
3525 778 3707 843 τυχεῖν
3729 774 3856 846 δυνή
3868 794 3953 847 σῃ.
3988 797 4007 829 ι

2450 850 2793 908 ἘνἈκυλία
2816 855 2991 909 τοίνυν
3016 857 3309 928 δεξάμενος
3341 862 3656 928 Ἀθανάσιος
3682 869 3778 927 τὰς
3805 869 4018 920 tanto-

2436 939 2564 1006 λὰς,
2595 944 2773 998 ἐκεῖσε
2805 947 2913 1018 γὰρ
2943 951 3178 1004 ἐποιεῖτο
3206 953 3304 1013 τὰς
3334 953 3616 1023 διατριϐὰς
3641 994 3656 1020 ,
3692 959 4018 1025 συνταξόμε-

2436 1050 2524 1096 νος
2559 1035 2782 1106 Ἰουλίῳ,
2815 1039 2894 1103 είς
2926 1039 3146 1112 Ῥώμην
3172 1045 3417 1123 ἀφίκετο.
3447 1048 3555 1100 Καὶ
3590 1050 3791 1120 πολλὴν
3820 1051 4017 1118 ἐκείνῳ

2437 1126 2528 1176 καὶ
2565 1126 2858 1196 Ῥωμαίοις
2901 1132 3067 1200 ἐνῆκε
3113 1136 3313 1204 χαρὰν,
3345 1136 3534 1203 ’δείξας
3575 1139 3645 1191 τὰ
3687 1142 4011 1209 γράμματα.

2439 1216 2630 1286 ’ῼοντο
2656 1219 2760 1290 γὰρ
2787 1222 2878 1274 καὶ
2903 1222 2996 1276 τὸν
3022 1226 3118 1292 τῆς
3147 1225 3221 1278 ἕω
3247 1219 3554 1297 κρατοῦντα
3581 1233 3646 1300 τῇ
3679 1233 3859 1283 πίστει
3888 1233 4017 1301 ὀμο-

2434 1313 2671 1378 φρονεῖν,
2714 1313 3054 1385 φιλοφρόνως
3087 1315 3231 1370 οὖτω
3266 1321 3750 1389 μετακαλούμενον
3785 1324 4014 1381 Ἀθανὰ-

2437 1416 2570 1453 σιον.
2610 1401 2929 1468 Ἐφοδιὰσας
2975 1405 3029 1458 δὲ
3069 1407 3258 1460 τοῦτον
3294 1409 3512 1473 Ἰούλιος
3553 1407 3634 1475 οἷς
3675 1414 3871 1482 ἐχρῆν,
3916 1419 4013 1469 καὶ

2434 1480 2741 1562 γράμματα
2783 1495 2851 1548 δι’
2878 1495 3043 1550 αὐτοῦ
3093 1499 3171 1569 τῷ
3210 1501 3310 1570 τῆς
3346 1480 3753 1576 ’Δλεξανδρείας
3795 1480 4011 1574 ἔπεμπε

2434 1585 2625 1655 κλήρῳ
2656 1603 2715 1638 τε
2756 1589 2849 1640 καὶ
2890 1587 3024 1658 λαῷ,
3058 1590 3124 1643 δι’
3173 1585 3248 1645 ὦν
3283 1595 3879 1673 συνήδεσθαιδείκνυσι
3918 1599 4012 1648 καὶ

2434 1678 2646 1748 χαίρειν
2671 1681 2736 1749 τῇ
2765 1681 3009 1751 ἑπανόδῳ
3034 1683 3129 1736 τοῦ
3160 1687 3419 1740 τοσούτου
3449 1689 3776 1758 ἀρχιερέως.
3813 1689 3924 1740 Ὠδὶ
3954 1689 4011 1742 δὲ

2434 1771 2568 1839 πρὸς
2598 1768 2742 1834 λέξιν
2775 1771 3039 1842 ἠγόρευον
3065 1790 3080 1807 ·

3005 1888 3260 1943 ΚΕΦᾹΛ.
3299 1889 3426 1945 KB’.

2443 1974 2785 2052 Ἐπιστολὴ,
2847 1976 3143 2052 Ἰουείιου-
3186 1981 3415 2052 Ῥώμης
3471 1981 3620 2050 ὑπὲρ
3669 1982 3776 2036 τοῦ
3831 1984 4011 2052 ἁγίου

2505 2043 2862 2101 Ἀθανασίου
2892 2047 3017 2114 τοῖς
3041 2050 3111 2103 ἐν
3132 2043 3547 2120 Ἀλεξὶιιίδρείᾳ
3571 2043 3934 2122 πεμφθεῖσα.
3980 2112 3996 2148 1

2505 2175 2524 2209 ι
2561 2157 2847 2229 Συγχαίρω
2873 2161 3029 2230 κάγὼ
3057 2163 3208 2232 ὑμῖν,
3237 2165 3777 2235 ἀδελφοὶ-ἀγαπητοὶ,
3807 2169 3890 2220 ὅτι
3918 2168 4010 2221 τὸ)

2428 2249 2639 2318 καρπὸν
2680 2254 2779 2319 τῆς
2823 2254 3033 2307 ἑαυτῶν
3083 2257 3316 2317 πίστεως
3361 2257 3448 2308 ἐπ’
3473 2259 3773 2327 ὀφθαλμοῖς
3816 2260 4010 2312 λοιπὶν

2425 2341 2590 2409 ὁρᾶτε
2615 2357 2630 2373 °
2661 2341 2958 2414 τοῦτοιγάρ
2994 2346 3211 2418 ἀληθῶς
3243 2347 3307 2401 ἄν
3335 2365 3418 2412 τις
3455 2351 3553 2404 ίδοι
3587 2352 3881 2418 γενόμενον
3913 2354 4008 2403 ἐπὶ

2425 2432 2520 2486 τοῦ
2555 2434 2786 2505 ἀδελφοῦ
2824 2438 2916 2490 καὶ
2953 2441 3364 2494 συνεπισκόπου
3403 2459 3510 2511 μου
3546 2443 3870 2497 Ἀθανασίου
3897 2463 3913 2478 ο
3947 2446 4007 2498 ὃν

2426 2526 2514 2579 διὰ
2541 2526 2639 2596 τὴν
2668 2530 3018 2599 καθαρότητα
3048 2532 3142 2584 τοῦ
3177 2532 3292 2597 βίου
3314 2575 3328 2596 ,
3360 2529 3570 2588 “tota
3598 2537 3696 2598 τὰς
3727 2538 4008 2605 ὑμετέρας

2427 2617 2607 2685 εὐχὰς,
2640 2619 2668 2670 ὁ
2696 2618 2828 2681 Θεὸς
2859 2620 2988 2689 ὑμῖν
3017 2622 3361 2680 ἀποδίδωσιν.
3401 2627 3496 2678 Ἐκ
3527 2625 3590 2695 δὴ
3621 2627 3816 2681 τούτου
3851 2645 4010 2681 συνο-

2429 2711 2529 2778 ρᾷν
2562 2709 2676 2763 ἔστι
2709 2711 2958 2781 καθαρὰς
2989 2714 3143 2783 ὑμῶν
3172 2716 3267 2766 καὶ
3302 2718 3509 2784 μεστὰς
3535 2718 3761 2789 ἀγάπης
3793 2721 3877 2771 ἀεὶ
3907 2720 4008 2782 τὰς

2427 2799 2608 2868 εὐχὰς·
2633 2800 3012 2871 ἀνενηνοχεναι
3056 2803 3191 2872 πρὸς
3231 2805 3322 2857 τὸν
3364 2806 3516 2859 Θεόν.
3565 2808 3855 2878 Μνήμονις
3897 2811 4008 2880 γὰρ

2426 2891 2576 2953 ὄντες
2603 2893 2711 2945 τῶν
2741 2894 3008 2964 οὐρανίων
3040 2897 3416 2963 ἐπαγγελλιῶν
3439 2938 3453 2960 ,
3487 2899 3577 2952 καὶ
3608 2901 3703 2969 τῆς
3739 2902 3876 2971 πρὸς
3906 2905 4008 2956 αὺ-

2426 2984 2516 3036 τὸν
2547 2986 2764 3054 ἀγάπης
2787 3026 2798 3048 ,
2831 2989 2897 3056 ἣν
2930 2989 2993 3038 ἐκ
3024 2990 3120 3055 τῆς
3154 2989 3504 3050 διδασκαλίας
3534 2990 3625 3042 τοῦ
3664 3000 4008 3062 προειρημέ-

2427 3092 2520 3129 νου
2551 3075 2783 3143 ἀδελφοῦ
2819 3094 2922 3146 μου
2955 3079 3316 3146 ἐπαιδεύθη-τε
3340 3119 3354 3142 ,
3389 3080 3592 3147 ἔγνωτε
3623 3081 3841 3150 ἀληθιῖλς
3862 3125 3876 3145 ,
3914 3085 4012 3136 καὶ

754 3145 915 3198 quam
941 3151 1004 3190 ex
1029 3138 1278 3198 doctrina
1322 3148 1569 3216 ejusdem
1624 3156 1807 3211 fratris
1865 3177 2028 3228 quem
2083 3164 2324 3220 diximus

2436 3165 2568 3217 κατὰ
2599 3167 2697 3234 τὴν
2730 3166 3040 3238 προσοῦσαν
3073 3171 3201 3237 ὑμῖν
3228 3169 3605 3239 ὀρ¹)ὴν·πίστιν
3640 3174 4010 3241 κατειλήφατε

758 3227 926 3280 uoSIri
981 3230 1352 3302 addidicistis,
1391 3240 1521 3295 illud
1549 3257 1700 3300 certo
1729 3227 2085 3320 cognovistis,
2119 3266 2174 3309 et
2225 3275 2326 3329 pro

757 3313 915 3371 insita
967 3323 1118 3376 vobis
1175 3337 1319 3382 recta
1363 3330 1467 3386 fide
1524 3341 1866 3406 percepistis,
1916 3360 2024 3398 non
2059 3347 2124 3400 ad
2163 3348 2324 3404 tinent

760 3421 932 3476 usque
957 3416 1186 3481 avehis
1218 3435 1562 3493 segregatum
1597 3445 1724 3483 eum
1780 3434 1867 3500 iri,
1915 3453 2076 3506 quem
2111 3440 2165 3495 in
2222 3443 2329 3511 piis

759 3507 958 3559 vestris
985 3509 1182 3567 animis
1221 3518 1384 3573 veluti
1425 3536 1746 3590 praesentem
1777 3544 1992 3601 semper
2035 3535 2326 3594 habuistis.

762 3592 946 3664 Itaque
982 3617 1087 3655 non
1121 3607 1306 3663 multis
1367 3613 1500 3668 mihi
1551 3633 1688 3686 opus
1717 3632 1796 3674 est
1843 3626 2065 3690 verbis,
2123 3631 2189 3684 ad
2233 3648 2330 3688 vos

759 3688 1043 3744 scribenti.
1074 3693 1424 3771 Quaacunque
1447 3707 1592 3761 enim
1638 3724 1666 3762 a
1717 3727 1801 3767 me
1847 3715 1954 3770 dici
1995 3718 2149 3774 vobis
2203 3737 2328 3791 pos-

759 3787 905 3839 sunt,
936 3793 998 3834 ea
1029 3781 1162 3838 tldes
1199 3789 1352 3855 prius
1387 3803 1566 3849 vestra
1598 3799 1938 3870 anticipavit.
1987 3806 2050 3860 Et
2081 3810 2330 3878 profecto

760 3865 996 3935 impleta:
1034 3885 1163 3928 sunt
1194 3893 1293 3946 per
1322 3886 1553 3951 gratiam
1595 3888 1796 3946 Christi
1839 3910 2159 3954 communes
2212 3917 2332 3956 om-

759 3958 911 4013 nium
948 3974 1189 4020 vestrum
1251 3976 1608 4039 precationes.
1653 3981 1909 4041 Gratulor
1941 3989 2104 4058 igitur
2150 3994 2326 4060 vobis,

760 4047 961 4104 iterum
990 4055 1136 4108 enim
1177 4059 1227 4113 id
1256 4058 1380 4117 dico
1405 4103 1420 4128 ,
1469 4065 1706 4124 invictas
1745 4088 1842 4128 vos
1877 4076 1930 4129 in
1967 4077 2070 4132 tlde
2115 4082 2329 4140 animas

759 4151 968 4198 vestras
999 4162 1376 4210 conservasse.
1432 4157 1545 4213 Nec
1581 4162 1760 4219 minus
1809 4165 1966 4224 fratri
2000 4186 2121 4227 meo
2161 4174 2331 4230 Alba-

759 4235 915 4289 nasio
935 4241 1202 4307 gratulor,
1260 4249 1428 4316 quod,
1473 4257 1689 4308 tametsi
1732 4258 1982 4316 luctuosa
2032 4265 2199 4320 multa
2248 4277 2333 4323 est

759 4339 1071 4396 perpessus,
1118 4337 1261 4390 nulla
1310 4349 1490 4397 tamen
1539 4345 1673 4401 hora
1723 4350 2006 4407 charitatis
2033 4367 2227 4412 vestrae
2266 4371 2331 4416 .et

759 4414 1013 4474 desiderii
1035 4423 1089 4477 in
1108 4425 1435 4484 oblivionem
1464 4436 1628 4490 venit.
1647 4438 1807 4512 734
1822 4442 2082 4507 Quamvis
2099 4463 2332 4516 namque

2431 3256 2608 3321 τοῦτο,
2641 3257 2714 3320 ὡς
2744 3259 2843 3310 οὐκ
2875 3260 2940 3312 ἂν
2971 3261 3050 3322 εἰς
3079 3261 3234 3322 τέλος
3268 3257 3420 3322 οὗτος
3453 3264 3544 3328 ἀφ’
3570 3263 3722 3330 ὑμῶν
3751 3267 4013 3333 ἀποτχοι-

2431 3350 2766 3419 νισθήσεται,
2793 3351 2852 3403 ὃν
2876 3353 2931 3403 ἐν
2955 3357 3072 3414 ταῖς
3102 3351 3412 3406 θεοτεόέσιν
3441 3354 3594 3423 ὑμῶν
3618 3355 3816 3424 ψυχαῖς
3846 3359 4013 3426 ἐσχή-

2433 3459 2565 3494 κατε
2602 3441 2677 3504 ὡς
2713 3443 2960 3512 παρόντα
2993 3445 3100 3497 ἀεί.
3139 3442 3350 3496 Οὔκουν
3381 3447 3440 3497 οὐ
3478 3446 3688 3497 πολλῶν
3727 3465 3815 3512 μοι
3851 3450 4013 3516 χρεία

2431 3531 2605 3599 λόγων
2634 3534 2767 3602 πρὸς
2803 3533 2945 3602 ὑμᾶς
2981 3534 3349 3588 ὲπιστὲλλοντι
3380 3551 3393 3565 ·
3427 3536 3526 3588 ὅσα
3557 3537 3665 3604 γὰρ
3700 3539 3826 3604 ὑμῖν
3858 3536 4011 3589 λέλε·

2431 3639 2558 3676 κται
2590 3626 2717 3692 παρ’
2742 3625 2898 3692 ἐμοῦ,
2928 3625 3097 3677 ταῦτα
3129 3627 3160 3692 ἠ
3195 3626 3436 3696 ὑμετέρα
3469 3628 3652 3689 πίστις
3688 3627 3968 3695 προῧλαεε
3994 3645 4009 3661 ⁸

2432 3715 2525 3766 καὶ
2556 3715 2913 3783 πεπλήρωται
2949 3717 3087 3768 κατὰ
3125 3716 3363 3786 Χριστοῦ
3400 3720 3558 3787 χάριν
3589 3721 3656 3772 τὰ
3688 3721 3785 3788 τῆς
3822 3723 4012 3788 κοινῆς

2431 3806 2584 3875 ὑμῶν
2620 3789 2836 3860 πάντων
2872 3807 3056 3876 εὐχῆς.
3097 3808 3387 3878 Συγχαίρω
3420 3810 3601 3862 τοίνυν
3637 3811 3764 3877 ὑμῖν
3788 3847 3806 3874 ,
3848 3811 4011 3863 πάλιν

2431 3901 2542 3968 γὰρ
2568 3900 2698 3968 ὲρῶ.
2725 3901 2803 3951 ὅτι
2830 3901 2927 3962 τὰς
2953 3901 3131 3969 ψυχὰς
3157 3901 3621 3970 ἁκαταμαχήτους
3650 3904 3705 3953 ἐν
3731 3904 3797 3970 τῇ
3829 3904 4011 3955 πίστει

2431 3991 2791 4059 τετηρήκατε.
2821 3991 2929 4042 Καὶ
2960 3987 3106 4059 αὑτῷ
3134 3989 3191 4043 δε
3219 3990 3295 4060 τῷ
3322 3991 3533 4061 ἀδελφῷ
3564 4008 3666 4062 μου
3705 3991 4011 4050 Ἀθανασζν

2432 4083 2530 4134 οὐκ
2573 4081 2790 4134 ἔλαττον
2832 4081 3149 4151 συγχαίρωο
3191 4083 3272 4134 ὅτι
3321 4082 3522 4152 καίπερ
3569 4082 3794 4151 πάσχων
3839 4083 4012 4136 πολλά

2433 4172 2678 4243 λυπηρὰ,
2706 4173 2826 4226 οὐδὲ
2856 4174 2986 4242 μίαν
3013 4173 3162 4242 ὥραν
3186 4173 3502 4242 ἐπιλήσμων
3525 4173 3717 4241 γέγονε
3742 4173 3841 4240 τῆς
3873 4175 4011 4242 ὑμε-

2431 4265 2592 4334 τέρας
2628 4266 2846 4333 ἁγάπης
2880 4266 2976 4317 καὶ
3007 4265 3100 4318 τοῦ
3133 4265 3401 4334 ὑμετέρου
3438 4264 3626 4316 πόθου.
3666 4265 3729 4317 El
3765 4266 3875 4334 γὰρ
3913 4266 4014 4318 καὶ

2432 4359 2510 4428 τῷ
2541 4358 2754 4427 σώματι
2783 4359 2918 4428 πρὸς
2946 4359 3137 4428 καιρὸν
3164 4358 3344 4422 ἔδοξεν
3369 4359 3462 4426 ἀφ’
3489 4359 3642 4427 ὑμῶν
3669 4359 4015 4427 ἀφελκυσθῆ·

2435 4466 2556 4514 ναι,
2591 4449 2727 4500 ἀλλὰ
2758 4448 2836 4518 τῷ
2877 4449 3148 4518 πνεύματι
3188 4448 3276 4500 διὰ
3311 4447 3510 4510 παντὸς
3549 4447 3625 4511 ὡς
3668 4447 3845 4500 συνὼν
3883 4451 4016 4518 ὑμῖν

759 4527 986 4583 corpore
1036 4520 1101 4573 ad
1152 4531 1362 4591 tempus
1391 4542 1419 4580 a
1463 4531 1619 4584 vobis
1669 4534 1965 4592 distractus
1998 4554 2118 4594 esse
2170 4541 2321 4596 visus

2436 4544 2579 4612 5ιῆγε
2603 4558 2617 4573 ·
2647 4546 2743 4597 καὶ
2769 4543 2966 4610 ἔγωγε,
3000 4543 3295 4612 ἀγαπητοὶ,
3324 4541 3412 4593 τὸν
3442 4541 3738 4610 γενόμενον
3769 4543 3891 4592 κατ’
3918 4541 4018 4592 αὑ·

756 4615 860 4670 est,
907 4611 1102 4678 spiritu
1139 4625 1314 4672 tamen
1349 4624 1612 4678 continue
1660 4629 1825 4683 veluti
1867 4646 2106 4699 praesens
2138 4635 2325 4690 vobis-

756 4714 880 4754 cum
918 4702 1038 4759 fuit.
1090 4709 1265 4778 Atque
1296 4714 1574 4782 equidem,
1617 4719 1824 4787 dilecti,
1880 4726 2235 4781 teutationem
2270 4738 2327 4784 et

756 4806 1054 4851 aerumnam
1101 4801 1222 4868 ejus
1246 4819 1463 4859 omnetn
1501 4825 1606 4863 non
1633 4822 1763 4880 puto
1787 4814 1960 4883 gloria
1991 4833 2085 4872 sua
2116 4834 2322 4875 carere.

756 4885 892 4940 Nam
934 4891 1094 4946 simul
1124 4903 1177 4948 et
1212 4908 1389 4952 vestra
1420 4909 1475 4953 et
1505 4901 1653 4958 illius
1688 4904 1822 4960 fides
1853 4908 2038 4963 multis
2086 4920 2168 4966 est
2203 4928 2326 4980 pcr-

759 4990 946 5050 specta
984 4992 1039 5038 et
1067 4987 1366 5054 explorata.
1396 4990 1508 5046 Nisi
1538 4995 1684 5048 enim
1716 4997 1828 5050 haec
1864 4998 2327 5068 intercessissent,

760 5072 887 5139 quis
938 5077 1156 5132 tandem
1186 5081 1529 5149 credidisset,
1554 5097 1650 5141 aut
1677 5103 1770 5141 vos
1795 5097 2004 5144 tantum
2033 5092 2326 5160 judicium,

760 5170 1084 5234 tantumque
1137 5184 1263 5239 erga
1323 5174 1482 5232 talem
1520 5176 1834 5245 episcopum
1874 5182 2123 5236 obtinere
2177 5199 2331 5238 amo-

763 5271 874 5309 rem
899 5255 921 5308 ?
942 5269 1036 5311 aut
1059 5259 1210 5314 illum
1237 5265 1399 5318 tantis
1422 5280 1541 5321 esse
1567 5271 1971 5325 aceumulalum
1992 5273 2334 5330 virituibus?

762 5367 860 5423 per
905 5370 1040 5423 quas
1079 5359 1284 5412 cmlesti
1323 5363 1486 5417 etiam
1514 5380 1609 5434 spe
1656 5381 1765 5421 non
1800 5369 2034 5421 excidet.
2058 5368 2336 5425 Consecu-

764 5453 855 5500 tus
879 5463 1111 5517 namque
1134 5460 1216 5505 est
1248 5455 1415 5508 variis
1441 5457 1634 5521 modis,
1677 5466 1732 5512 et
1762 5459 1815 5512 iu
1847 5462 2154 5529 praesentia,
2201 5473 2254 5517 et
2281 5464 2334 5518 in

768 5538 952 5594 futuro
988 5545 1281 5606 gloriosum
1312 5549 1675 5605 confessionis
1718 5555 2039 5623 martyrium
2085 5557 2335 5611 testimo-

768 5633 1030 5704 niutnque
1065 5653 1079 5691 :
1120 5640 1263 5707 quod
1298 5642 1486 5697 muliis
1520 5653 1660 5698 terra
1709 5645 1872 5731 simttl
1902 5655 1957 5701 et
2010 5649 2147 5702 mari
2185 5649 2337 5704 varie

769 5729 1026 5798 procellis
1055 5731 1307 5802 iactatus,
1341 5737 1564 5794 insidias
1609 5751 1664 5795 ct
1699 5729 1920 5796 frandes
1959 5741 2172 5797 Arianm
2223 5743 2335 5797 hac

773 5825 910 5879 resis
939 5838 1130 5884 omnes
1162 5830 1528 5898 conculcavit,
1559 5846 1612 5888 et
1642 5835 1840 5900 sepius
1875 5850 1970 5901 per
1993 5833 2254 5890 invidiam
2283 5836 2335 5890 in

2426 4635 2522 4689 τοῦ
2565 4635 2741 4688 πάντα
2784 4635 3091 4704 πειρασμὸν
3130 4635 3229 4686 οὐκ
3273 4633 3458 4697 ἄδοξον
3499 4633 3746 4703 ἠγοῦμαι
3786 4635 4019 4703 γεγενῆ-

2434 4728 2580 4782 σθαι.
2620 4729 2731 4781 Καὶ
2773 4729 2882 4797 γὰρ
2919 4728 3012 4778 καὶ
3045 4728 3077 4794 ἡ
3114 4726 3356 4796 ὑμετέρα
3394 4727 3488 4776 καὶ
3523 4728 3555 4794 ὴ
3591 4725 3782 4777 τούτου
3830 4726 4017 4785 πίστις

2433 4819 2681 4889 ἐγνώσθη
2714 4820 2845 4872 πᾶσι
2873 4819 2967 4871 καὶ
2995 4817 3378 4886 δεδοκίμασται
3401 4834 3415 4850 ο
3447 4819 3496 4869 εἰ
3526 4819 3634 4885 γὰρ
3669 4815 3744 4886 μὴ
3773 4815 4017 4869 τοσαῦτα

2437 4912 2800 4982 συμὸεσήκει,
2842 4914 2925 4975 τίς
2971 4910 3036 4964 ἂν
3084 4913 3429 4973 ιπίστευσεν,
3556 4910 3699 5010 ὑμᾶς
3741 4911 4018 5010 τρσαύτην

2434 5005 2618 5072 κρίσιν
2667 5003 2761 5054 καὶ
2805 5000 3079 5062 τοσαύτην
3123 5001 3344 5069 ἀγάπην
3391 4999 3520 5070 περὶ
3560 5000 3648 5052 τὸν
3691 5000 4018 5069 τηλικοῦτον

2435 5095 2731 5148 ἐπίσκοπον
2765 5095 2928 5162 ἔχειν,
2960 5094 2992 5164 ἢ
3033 5095 3240 5146 ἐκεῖνον
3275 5092 3563 5156 τοσαύταις
3596 5095 3816 5164 ἀρεταῖς
3852 5111 4019 5163 περι-

2437 5188 2766 5259 ϐεϐλῆσθαι;
2803 5187 2868 5240 δι’
2891 5187 2955 5250 ἀς
3001 5188 3095 5240 καὶ
3135 5187 3232 5257 τῆς
3272 5189 3327 5240 ὲν
3367 5188 3617 5256 οὐρανοῖς
3657 5186 3872 5248 ἐλπίδος
3915 5188 4020 5241 οὐκ

2436 5281 2719 5350 ἀλλότριος
2744 5281 2973 5348 γένοιτο.
3003 5279 3264 5348 Ἐπὲτυχε
3289 5279 3466 5331 τοίνυν
3486 5279 3585 5349 οἵῳ
3608 5279 3806 5348 δήποτε
3831 5282 4020 5350 τρύπῳ

2436 5373 2532 5424 καὶ
2573 5374 2630 5424 ἐν
2661 5355 2739 5443 τῷ
2780 5371 2875 5424 νῦν
2918 5374 3014 5424 καὶ
3053 5374 3110 5423 ὲν
3144 5373 3220 5440 τῷ
3267 5371 3513 5440 μέλλοντι
3564 5372 3658 5422 καὶ¹
3717 5370 4049 5438 ὁμολογίας-

2439 5461 2647 5526 ἔνδοξον
2685 5462 3006 5530 μαρτύριον.
3042 5458 3322 5528 Διαφόρως
3361 5459 3468 5525 γὰρ
3509 5459 3650 5511 κατά
3682 5475 3739 5510 τε
3781 5459 3884 5527 γῆν
3924 5463 4021 5512 καὶ

2441 5554 2582 5606 κατά
2628 5553 2900 5607 Θάλασσαν
2943 5553 3117 5606 πολλὰ
3168 5552 3509 5624 χειμασθεὶς,
3561 5551 3658 5622 τὴν
3705 5553 4023 5622 σκευωρίαν

2443 5650 2624 5702 πᾶσαν
2651 5650 2746 5718 τῆς
2778 5648 3063 5717 Ἀρειανῆς
3093 5647 3355 5716 αἱρέσεως
3387 5647 3733 5714 κατεπάτησε-
3766 5648 3859 5697 καὶ
3889 5646 4028 5696 πολ-

2443 5742 2603 5804 λάκις
2650 5741 2738 5793 διὰ
2783 5740 2977 5809 φθόνον
3024 5740 3117 5792 καὶ
3165 5740 3245 5802 είς
3293 5737 3537 5791 κίνδυνον
3579 5735 4022 5800 ὲπιόουλευθεὶς,

2448 5834 2819 5903 κατεφρόνησε
2849 5834 3105 5900 θανάτου,
3136 5833 3539 5901 φρουρούμενος
3570 5832 3675 5884 ὑπὸ
3701 5829 3793 5885 τοῦ
3824 5846 4026 5882 παντο-
