4280 6436
246 432 355 495 317

1167 430 1769 494 ECCLESIASTICE
1822 426 2208 489 HISTORIF.
2250 424 2375 485 LIB
2442 424 2545 482 IX.

3374 414 3480 477 318

245 544 516 615 κράτορος
558 546 719 611 Θεοῦ,
763 548 855 599 καὶ
895 546 987 598 τοῦ
1031 548 1235 616 Κυρίου
1279 547 1435 615 ἡμῶν
1467 544 1641 609 Ἰησοῦ
1686 545 1819 613 Χρι·
1851 548 1893 602 Α
1928 558 1935 607 |

1798 570 1819 581 -
1851 548 1893 602 Α
1928 542 2228 609 periculum
2259 537 2524 593 insidiose
2545 536 2842 606 conjectus,
2860 540 3086 587 mortem
3113 533 3480 601 contempsit:

246 635 402 699 στοῦ,
430 636 662 699 ἐλπίζων
690 638 806 703 ἅμα
834 638 927 689 καὶ
952 640 1050 700 τὰς
1078 638 1368 699 ἐπιϐουλὰς
1400 638 1687 692 ἐκκλινείν,
1722 638 1816 687 καὶ

241 726 869 792 ἀποκατασταθίτσεσθαι
921 728 1056 795 πρὸς
1110 728 1383 796 ὑμετέραν
1433 727 1813 796 παράκλησιν,

243 815 429 885 φέρων
462 817 590 884 ὑμῖν
622 817 739 885 άμα
772 820 836 869 ἐκ
865 820 963 887 τῆς
1000 820 1270 889 ὑμετέρας
1303 820 1661 889 συνειδήσεως
1696 820 1815 882 μεί-

243 905 377 968 ζονα
409 905 473 958 τά
509 908 748 974 τρόπαια
774 923 788 937 ’
823 910 881 960 ἐν
913 903 993 971 οἷς
1027 910 1122 962 καὶ
1156 910 1283 979 ἄχρι
1316 912 1601 981 τερμάτων
1634 912 1815 979 πάσης

240 995 346 1064 τῆς
383 996 486 1067 γῆς
524 998 734 1062 ἔνδοξος
766 1000 1013 1070 ἐγνώσθη
1049 1001 1401 1069 δοκιμασθεὶς
1434 1005 1497 1056 ἐκ
1527 1003 1621 1055 τοῦ
1656 1003 1812 1072 βίου,

242 1090 762 1159 παρρησιαζόμενος
808 1093 904 1161 μὲν
935 1097 1000 1164 τῇ
1048 1094 1304 1165 προθέσει
1345 1098 1439 1149 καὶ
1471 1100 1535 1166 τῇ
1579 1098 1815 1166 οὐρανίῳ

238 1177 600 1248 διδασκαλίᾳ,
652 1183 997 1252 ἀποδειχθεὶς
1044 1185 1101 1238 δὲ
1150 1186 1403 1256 ἀθανάτῳ
1454 1187 1632 1255 κρίσει
1682 1190 1811 1257 παρ’

240 1268 399 1336 ὑμῶν
424 1269 806 1339 ἀγαπώμενος.
840 1275 1229 1345 Ἐπανέρχεται
1253 1279 1545 1347 τοιγαροῦν
1572 1279 1635 1329 λα
1643 1280 1816 1348 μπρό-

236 1373 399 1426 τερος
431 1361 565 1427 πρὸς
596 1364 739 1430 ὑμᾶς
770 1364 887 1425 νῦν,
918 1365 951 1435 ἢ
982 1367 1070 1418 ὅτε
1101 1367 1231 1437 παρ’
1255 1367 1409 1436 ὑμῶν
1439 1370 1809 1437 ἀπεδήμησεν.

236 1446 302 1497 El
335 1450 446 1515 γὰρ
476 1449 573 1501 καὶ
601 1452 694 1513 τὰς
720 1455 903 1521 τιμίας
937 1454 1093 1519 ὔλας,
1120 1455 1319 1525 χρυσὸν
1350 1457 1492 1523 λέγω
1521 1456 1614 1509 καὶ
1643 1460 1816 1526 άργυε

238 1555 356 1607 ρον.
387 1543 468 1602 είς
497 1542 844 1614 καθαρότητα
872 1546 933 1597 τὸ
964 1545 1075 1617 πῦρ
1103 1546 1386 1616 δοκιμάζει
1408 1565 1423 1578 ·
1455 1550 1507 1600 τί
1537 1549 1602 1600 ἄν
1627 1566 1711 1611 τις
1740 1550 1815 1602 εῖ-

233 1644 333 1710 στοι
382 1632 504 1682 κατ’
526 1632 680 1695 άξίαν
720 1636 977 1689 τοσούτου
1022 1637 1244 1707 άνδρός;
1284 1639 1342 1701 ὃς
1385 1638 1655 1692 τοσούτων
1702 1640 1813 1692 θλίο

230 1719 389 1787 ψεων
422 1724 603 1792 πυράν
633 1728 727 1779 καὶ
759 1728 1042 1790 κινδύνους
1072 1734 1300 1799 νικήσας
1323 1733 1682 1794 ,’άποδίδοται
1715 1735 1810 1789 νῦν

232 1810 373 1879 ὑμῖν
417 1813 614 1877 ἀθῶος,
654 1817 714 1869 οὐ
763 1820 891 1887 παρ’
920 1819 1076 1887 ὑμῶν
1119 1820 1301 1889 μόνον,
1345 1822 1479 1875 ἀλλὰ
1519 1824 1612 1875 καὶ
1655 1826 1809 1891 παρα

230 1904 423 1972 πάσης
450 1904 552 1974 τῆς
584 1909 803 1961 συνόδου
831 1910 1173 1979 άποδεχ¹ῖείς.
1208 1912 1575 1978 ’Υποδέξασθε
1608 1916 1806 1979 τοίνυν,

228 1996 517 2067 ἀγαπητοὶ
545 2000 785 2067 ἀδελφοὶ,
816 2003 955 2070 μετὰ
986 2005 1167 2073 πάσης
1191 2005 1291 2073 τῆς
1322 2005 1462 2059 κατὰ
1493 2007 1627 2059 Θεὸν
1652 2008 1811 2079 δόξης

228 2105 293 2140 τε
334 2092 429 2142 καὶ
466 2094 641 2162 χαρᾶς
670 2095 762 2145 τὸν
793 2096 1097 2147 ἐπίσκοπον
1128 2097 1282 2162 ὑμῶν
1317 2098 1638 2152 Ἀθανάσιον
1675 2102 1812 2170 μετὰ

226 2182 446 2235 τούτων
475 2184 673 2247 οἵτινες
700 2184 849 2254 αὐτῷ
880 2188 1125 2239 κοινωνοὶ
1154 2187 1427 2255 γεγόνασι.
1459 2188 1562 2241 Καὶ
1594 2190 1812 2258 χαίρετε

227 2273 342 2322 τῶν
372 2274 551 2341 εὐχῶν
581 2276 949 2339 ἀπολαύοντες
973 2294 986 2307 ·
1021 2278 1103 2329 ὅτι
1138 2280 1376 2347 ποιμένα
1406 2280 1496 2331 τὸν
1525 2282 1808 2349 ὑμέτερον,

229 2362 302 2415 ἶν’
326 2364 504 2428 οὕτως
535 2368 694 2432 εἴπω,
722 2370 994 2423 ποθοῦντα
1024 2379 1116 2425 καὶ
1142 2374 1381 2442 διψῶντα
1408 2375 1507 2445 τὴν
1536 2376 1812 2445 ὑμετέραν

228 2455 586 2522 θεοσέϐειαν,
622 2462 915 2531 σωτηρίοις
945 2469 1182 2533 γραφαῖς
1212 2466 1476 2536 ἐθρέψατε
1507 2469 1598 2520 καὶ
1627 2468 1810 2521 ἐποτί-

228 2559 387 2597 σατε.
428 2546 540 2598 Καὶ
578 2548 687 2618 γὰρ
728 2552 819 2600 καὶ
850 2552 949 2617 τῆς
990 2552 1081 2604 ἐπὶ
1125 2552 1283 2623 ξένης
1322 2554 1486 2606 αὐτοῦ
1525 2554 1811 2625 διατριϐῆς

227 2635 398 2702 ὑμεῖς
451 2641 776 2707 παραμυθία
820 2644 1125 2711 γεγόνατεο
1174 2646 1269 2698 καὶ
1318 2646 1671 2715 διωκόμενον,
1717 2649 1812 2701 καὶ

226 2727 748 2796 ἐπιϐουλευόμενον,
778 2732 1046 2802 ἐθάλψατε
1073 2738 1193 2799 ταῖς
1220 2738 1573 2801 πιστοτάταις
1601 2740 1811 2794 ἐαυτῶν

225 2816 440 2885 ψυχαῖς
474 2827 566 2872 καὶ
596 2822 885 2887 διανοίαις.
923 2826 1053 2893 Ἐμέ
1077 2828 1133 2880 δὲ
1164 2830 1261 2897 ἤδη
1293 2830 1575 2898 εὐφραίνει
1606 2832 1812 2886 ἐννοού-

231 2924 404 2971 μενον
423 2950 438 2972 ,
470 2914 564 2962 καὶ
599 2916 927 2982 προνοοῦντα
957 2918 1055 2985 την
1084 2920 1175 2971 ἐπὶ
1203 2922 1266 2989 τῇ
1301 2921 1545 2986 ἐπανόδῳ
1574 2924 1807 2976 ἑκάστου

226 2998 392 3063 ὑμῶν
411 3002 586 3070 χαρὰν
603 3042 617 3063 ,
638 3006 731 3055 καὶ
747 3004 843 3055 τοῦ
862 3007 1100 3074 πλήθους
1116 3008 1211 3069 τὰς
1230 3009 1625 3073 σεδαστοτατας
1643 3014 1811 3067 ἀπαν-

224 3093 444 3155 τήσεις,
484 3093 581 3144 καὶ
618 3094 716 3163 τὴν
754 3095 964 3161 ἔνδοξον
1001 3099 1110 3152 τῶν
1148 3102 1554 3169 συντρεχόντων
1592 3104 1805 3173 ἑορτήν.

1918 634 2172 702 ρταξςίᾱίο
2198 633 2407 686 scilicet
2432 629 2828 696 omnipotentis
2864 627 2955 680 Dei
2980 635 3035 680 et
3062 625 3272 677 Domini
3304 624 3476 677 nostri

1914 725 2042 781 Jesu
2091 724 2294 778 Christi
2343 731 2537 783 tectus,
2568 722 2659 774 ille
2695 719 2935 789 speravit
2963 717 3122 771 simul
3158 724 3214 769 et
3249 714 3479 768 insidias

1916 814 2354 869 adversariorum
2394 830 2453 868 se
2481 826 2771 867 evasurum
2797 849 2812 871 ,
2847 820 2902 863 et
2928 808 2994 861 ad
3032 823 3126 861 vos
3155 803 3483 860 consolatio-

1916 910 1997 963 nis
2046 919 2239 962 vestra:
2287 909 2456 977 gratia
2511 906 2840 961 rediturum.
2897 904 2958 954 Et
3016 901 3180 954 simul
3232 899 3386 953 vobis
3416 913 3483 951 ex

1915 1000 2251 1055 conscientia
2296 1011 2474 1053 vestra
2506 999 2761 1067 praeclara
2808 995 2930 1049 tulit
2966 1003 3193 1063 tropaea,
3228 1007 3327 1060 per
3360 1005 3481 1057 quae

1916 1093 1981 1146 ad
2018 1094 2167 1147 orbis
2206 1106 2380 1161 usque
2432 1092 2691 1144 terminos
2718 1088 2997 1155 explorata
3039 1086 3164 1138 vita;
3196 1082 3482 1144 sanctitate

1914 1184 2210 1253 praeclarus
2230 1184 2478 1251 cognitus
2508 1192 2623 1234 est:
2649 1180 2815 1233 multa
2852 1178 2941 1230 ille
2976 1174 3197 1244 quidem
3229 1174 3481 1227 libertate

1915 1272 2190 1341 propalam
2218 1270 2385 1325 animi
2444 1270 2692 1323 instituto
2722 1277 2774 1321 et
2807 1267 3014 1321 caelesti
3046 1263 3292 1319 doctrina
3328 1277 3480 1322 usus,

1914 1362 2134 1415 aliunde
2191 1371 2373 1416 autem
2422 1371 2685 1429 perpetuo
2728 1367 2783 1411 et
2816 1357 3086 1412 constanti
3142 1370 3199 1409 se
3254 1370 3283 1407 a
3322 1353 3479 1405 vobis

1911 1453 2117 1521 judicio
2157 1467 2275 1506 esse
2304 1460 2543 1505 amatum
2598 1460 2848 1505 testatus.
2884 1448 3046 1501 “edit
3079 1446 3244 1515 igitur
3282 1444 3348 1497 ad
3380 1459 3479 1497 vos

1915 1544 2087 1597 mtilto
2122 1545 2283 1597 etiam
2305 1542 2665 1612 splendidior,
2693 1555 2854 1609 quam
2887 1554 2917 1593 a
2952 1537 3105 1593 vobis
3126 1536 3401 1591 discessit.
3423 1533 3478 1587 Si

1914 1634 2113 1689 etenim
2150 1633 2530 1702 pretiosiorem
2563 1632 2845 1685 materiam
2875 1670 2890 1692 .
2932 1644 3125 1683 aurum
3154 1628 3277 1683 dico
3305 1635 3361 1680 et
3389 1641 3478 1678 ar-

1914 1734 2155 1795 gentum,
2187 1726 2253 1777 ad
2304 1725 2600 1793 puritatem
2663 1724 2801 1793 ignis
2857 1722 3102 1790 explorat
3146 1738 3161 1773 :
3216 1720 3477 1789 quidnam

1915 1818 2201 1886 quisquam
2237 1833 2332 1885 pro
2356 1818 2432 1871 rei
2464 1817 2729 1887 dignitate
2760 1816 2827 1869 de
2862 1816 2979 1867 viro
3004 1816 3108 1868 isto
3134 1812 3366 1866 dixerit?
3386 1812 3480 1880 qui

1918 1920 1996 1963 tot
2026 1920 2081 1963 et
2112 1912 2277 1965 tantis
2306 1925 2675 1965 aerumnarum
2706 1908 2974 1962 incendiis
3003 1916 3059 1960 et
3088 1906 3347 1975 periculis
3385 1904 3484 1958 dc-

1913 2003 2090 2067 victis,
2122 2004 2277 2058 vobis
2314 2003 2558 2057 redditur
2589 2016 2765 2072 purus
2794 2012 2847 2054 et
2890 2000 3097 2062 insons,
3137 2013 3244 2052 non
3271 2013 3301 2050 a
3330 1997 3481 2049 vobis

1914 2104 2146 2158 tantum,
2197 2097 2291 2150 sed
2343 2112 2374 2149 a
2435 2104 2626 2149 cuncta
2679 2096 2842 2147 etiam
2899 2092 3105 2162 synodo
3178 2088 3482 2158 receptus?

1914 2185 2182 2254 Suscipite
2204 2202 2355 2255 ergo,
2394 2186 2577 2240 dilecti
2620 2185 2841 2246 fratres,
2876 2198 3001 2237 cum
3041 2183 3189 2236 omni
3217 2197 3338 2251 quae
3373 2181 3482 2233 Deo

1912 2289 2133 2347 accepta
2188 2286 2273 2331 est
2302 2279 2473 2347 gloria
2528 2286 2582 2331 et
2621 2276 2829 2337 laetitia,
2870 2276 3189 2344 episc0pum
3235 2282 3479 2326 vestrum

1912 2370 2295 2433 Athanasium,
2331 2384 2437 2423 una
2494 2384 2617 2422 cum
2669 2370 2751 2422 eis
2777 2368 2870 2436 qui
2902 2368 3257 2420 adversarum
3299 2378 3481 2417 rerum

1911 2459 2032 2527 ejus
2086 2462 2380 2529 participes
2430 2460 2605 2514 fuere.
2639 2460 2704 2513 Et
2758 2459 3012 2529 gaudete.
3071 2458 3216 2526 quod
3282 2458 3483 2522 optatis

1911 2553 2108 2606 vestris
2137 2552 2382 2607 fruimini
2420 2568 2435 2603 :
2468 2550 2687 2620 etquod
2720 2560 2993 2619 pastorem
3022 2558 3285 2611 vestrum,
3319 2557 3380 2601 ut
3408 2549 3480 2601 ita

1912 2644 2111 2707 dicam,
2143 2644 2543 2699 desiderantem
2568 2650 2625 2695 et
2648 2642 2926 2695 sitientem
2949 2641 3202 2710 pietatem
3221 2647 3481 2703 vestram,

1912 2736 2242 2789 salutaribus
2267 2736 2482 2804 scriptis
2505 2733 2719 2788 aluistis
2763 2742 2817 2787 et
2840 2735 3084 2801 putastis.
3118 2732 3398 2800 Siquidem
3431 2732 3483 2783 ei

1912 2841 2135 2897 peregre
2158 2842 2378 2895 quoque
2403 2826 2669 2889 versanti,
2706 2839 2802 2879 vos
2846 2824 3040 2877 solatio
3072 2822 3272 2885 fuistis,
3322 2838 3482 2877 cum-

1909 2936 2016 2989 que
2064 2922 2118 2975 in
2152 2922 2346 2975 mediis
2405 2919 2905 2989 persecutionibus,
2971 2918 3267 2986 procellis,
3315 2926 3483 2985 atque

1912 3012 2255 3067 inimicorum
2289 3011 2523 3075 insidiis,
2561 3011 2894 3064 fidelissimis
2934 3010 3135 3063 animis
3175 3018 3230 3062 et
3277 3010 3478 3063 menti-

1910 3101 2013 3156 bus
2044 3102 2240 3155 vestris
2285 3102 2515 3155 fovistis.
2558 3099 2716 3170 735
2764 3100 2845 3154 Me
2880 3114 3012 3154 vero
3035 3101 3144 3169 jam
3185 3100 3475 3165 exhilarat,

227 3185 347 3236 Καὶ
375 3186 460 3247 τίς
492 3188 674 3257 ἐκείνη
705 3190 736 3257 ή
769 3189 951 3258 ἡμέρα
983 3191 1132 3258 ὑμῖν,
1181 3194 1272 3244 καὶ
1333 3195 1459 3245 ποία
1492 3197 1673 3260 ἕσταις
1707 3198 1807 3249 ἐπ·
1837 3188 1878 3245 C
1910 3213 1917 3243 ι

1785 3188 1878 3245 -C
1910 3193 2055 3261 quod
2123 3208 2337 3246 mecum
2393 3193 2448 3246 in
2502 3193 2685 3246 animo
2741 3190 3031 3245 considero
3087 3200 3142 3244 et
3202 3192 3474 3258 praevideo

226 3278 605 3345 ανερχομένου
650 3279 752 3346 μὲν
789 3278 884 3331 τοῦ
928 3279 1157 3347 ἀδελφοῦ
1205 3297 1328 3349 μου,
1353 3283 1718 3350 παυσαμένων
1756 3284 1812 3335 δὲ

226 3369 340 3419 τῶν
373 3369 816 3437 προγενομένων,
846 3373 936 3423 καὶ
965 3373 1061 3440 τῆς
1094 3374 1466 3443 πολυτιμήτου
1500 3374 1621 3425 κατ’
1648 3374 1810 3444 εὐχὴν

228 3461 502 3514 ἐπανόδου
549 3465 627 3526 εἰς
673 3464 1013 3534 εὐφροσύνην
1051 3465 1173 3517 τινὰ
1217 3465 1595 3535 πληρεστάτην
1636 3470 1813 3536 χαρᾶς

229 3556 622 3626 συναπτούσης
650 3558 775 3617 τοὺς
808 3557 1037 3618 πάντας.
1067 3558 1130 3609 Ἠ
1158 3556 1383 3628 τοιαύτη
1416 3560 1556 3627 χαρὰ
1587 3561 1727 3610 κατὰ
1752 3560 1812 3610 τὸ

232 3646 503 3715 μέγιστον
535 3649 726 3717 μέχρις
758 3650 915 3717 ἡμῶν
948 3650 1137 3715 φθάνει
1166 3666 1179 3679 ·
1210 3643 1290 3711 οἷς
1320 3650 1504 3701 θεόθεν
1532 3651 1624 3702 καὶ
1653 3650 1812 3703 τοῦτο

230 3739 647 3808 συγχωρεῖσθαι
680 3742 1043 3808 συνέστηκεν,
1075 3743 1222 3803 ὅπως
1255 3743 1332 3804 είς
1362 3742 1562 3808 γνῶσιν
1592 3741 1686 3794 τοῦ
1717 3758 1811 3811 τη-

231 3832 495 3886 λικούτου
540 3834 732 3903 ἀνδρὸς
777 3835 953 3887 ἐλθεῖν
992 3835 1337 3906 δυνηθῶμεν.
1374 3836 1468 3898 El;
1511 3834 1677 3906 εὐχὴν
1716 3833 1810 3889 οὖν

227 3927 335 3994 τὴν
371 3925 665 3995 ἐπιστολὴν
695 3927 982 3980 τελειῶσαι
1026 3928 1209 3981 καλόν.
1248 3928 1307 3981 '0
1346 3927 1506 3990 Θεὸς,
1543 3928 1571 3979 6
1612 3942 1810 3981 παντο-

230 4016 501 4087 κράτωρ,
548 4020 644 4071 καὶ
684 4017 713 4067 6
752 4018 944 4070 τούτου
990 4018 1120 4080 Υίὺς
1163 4021 1191 4071 6
1234 4018 1437 4087 Κύριος
1482 4019 1575 4071 καὶ
1618 4019 1810 4088 Σωτὴρ

231 4109 402 4177 ἡμῶν
437 4109 650 4175 Ἰησοῦς
699 4109 933 4179 Χριστὸς
980 4110 1201 4179 διηνεκῆ
1247 4111 1347 4177 τὴν
1393 4108 1559 4180 χάριν
1604 4110 1809 4179 ταύτην

231 4202 369 4271 ὑμῖν
406 4203 713 4271 παράσχοι,
748 4202 924 4265 διδοὺς
958 4201 1191 4254 ἔπαθλον
1225 4205 1291 4272 τῇ
1330 4203 1617 4272 θαυμαστῇ
1656 4202 1809 4272 ὑμῶν

234 4294 535 4364 πίστει,ἢν
566 4294 696 4364 περὶ
724 4295 817 4347 τὸν
876 4295 1176 4348 ἐπίσκοπον
1206 4295 1360 4364 ὑμῶν
1376 4294 1575 4364 ἐνδόξῳ
1606 4310 1809 4363 μαρτυ-

236 4383 334 4453 ρία
364 4381 730 4445 ἐνεδείξασθε,
764 4382 852 4434 ἵνα
882 4383 1012 4451 ὑμῖν
1040 4399 1100 4435 τε
1131 4383 1227 4435 καὶ
1256 4386 1368 4445 τοῖς
1399 4382 1519 4452 μεθ’
1545 4384 1688 4452 ὑμᾶς
1720 4386 1809 4435 ἐν·

1913 3285 2345 3353 uniuscujusque
2382 3295 2621 3336 vestrum
2663 3284 2715 3335 in
2754 3282 2931 3336 reditu
2968 3284 3113 3336 illius
3135 3282 3391 3351 gaudium
3422 3292 3480 3336 et

1914 3377 2279 3430 multitudinis
2322 3376 2681 3429 sanctissima:
2727 3375 3169 3437 occursationes,
3213 3391 3311 3429 nec
3369 3392 3477 3429 non

1912 3468 2202 3537 praeclaros
2229 3477 2283 3520 et
2323 3466 2491 3520 festos
2542 3471 2993 3521 concurrentium
3028 3465 3309 3519 hominum
3344 3482 3479 3519 con-

1910 3572 2127 3612 ventus.
2182 3558 2247 3611 Et
2297 3573 2416 3625 qua:
2461 3559 2680 3611 tandem
2728 3567 2784 3613 et
2837 3559 3011 3626 qualis
3049 3575 3109 3611 ea
3171 3559 3353 3612 futura
3395 3569 3480 3613 est

1911 3651 2068 3703 dies?
2097 3666 2218 3703 cum
2278 3651 2445 3705 frater
2489 3651 2707 3720 quidem
2760 3666 2917 3703 meus
2955 3651 3283 3704 restituetur
3320 3668 3334 3704 :
3382 3652 3477 3720 qui

1910 3757 2042 3796 vero
2063 3752 2189 3796 ante
2209 3758 2335 3797 eum
2373 3743 2546 3803 fuere.
2576 3743 2945 3797 destituentur
2980 3760 2994 3795 :
3029 3752 3085 3796 et
3118 3743 3479 3797 honoratissi-

1912 3850 2033 3890 mus
2088 3835 2570 3903 optatissimusque
2627 3835 2837 3888 reditus
2889 3836 2942 3887 in
2995 3834 3237 3887 laetitiam
3278 3838 3480 3904 gaudio

1910 3928 2280 3999 plenissimam
2305 3942 2399 3981 vos
2427 3926 2617 3980 etferet
2644 3940 2835 3979 omnes
2852 3925 3040 3991 ?Quod
3068 3942 3198 3980 sane
3219 3928 3477 3997 gaudium

1913 4021 2145 4074 maxima
2180 4035 2245 4072 ex
2276 4029 2430 4088 parte
2461 4017 2528 4070 ad
2568 4032 2670 4069 nos
2699 4017 2863 4070 etiam
2900 4019 3178 4085 pertingit,
3210 4018 3407 4086 quibus
3446 4035 3473 4071 a

1911 4113 2022 4168 Deo
2051 4123 2107 4166 et
2143 4112 2246 4165 hoc
2273 4126 2596 4164 concessum
2623 4120 2728 4169 est,
2751 4119 2808 4161 ut
2844 4111 2895 4162 in
2927 4110 3060 4162 tanti
3100 4110 3199 4161 viri
3227 4111 3476 4163 notitiam

1911 4205 2198 4273 pervenire
2248 4204 2608 4271 potuerimus.
2667 4202 2922 4256 Scdenim
2970 4202 3258 4270 pulchrum
3292 4202 3477 4267 fuerit,

1909 4295 2191 4364 epistolam
2222 4294 2537 4363 precatione
2584 4293 2867 4346 claudere.
2903 4291 3264 4358 Omnipotens
3313 4293 3475 4357 Deus,

1910 4400 2070 4459 atque
2090 4390 2253 4459 hujus
2277 4388 2471 4447 Filius.
2498 4388 2757 4441 Dominus
2783 4397 2835 4440 et
2861 4388 3104 4440 Salvator
3125 4388 3481 4443 nosterJesns

229 4473 415 4527 ταῦθα
449 4475 543 4526 καὶ
576 4475 633 4525 ἐν
690 4472 768 4542 τῷ
804 4474 1053 4541 μέλλοντι
1114 4474 1181 4526 τὰ
1245 4474 1494 4544 βελτίονα
1565 4476 1739 4547 μένῃ,
1774 4474 1810 4528 ἃ
1842 4494 1919 4572 Di

1784 4474 1810 4528 ὶ
1842 4515 1889 4572 D
1914 4482 2188 4541 Christus.
2222 4482 2450 4549 gratiam
2484 4481 2623 4533 lianc
2643 4480 2797 4533 vobis
2830 4490 3147 4549 perpetuam
3178 4495 3297 4534 esse
3324 4482 3474 4545 velit,

228 4564 516 4633 ὀφθαλμὸς
552 4563 653 4616 οὐκ
672 4560 780 4617 οἶδε
804 4607 818 4627 ,
846 4566 937 4618 καὶ
959 4562 1050 4626 οὖς
1075 4565 1175 4617 οὐκ
1205 4566 1424 4635 ἤκουσε,
1446 4567 1539 4618 καὶ
1562 4566 1654 4618 ἐπὶ
1680 4584 1814 4634 καρ-

227 4654 355 4707 δίαν
391 4652 683 4719 ἀνθρώπου
736 4657 835 4707 οὐκ
864 4655 1029 4725 ἀνέϐη
1052 4694 1067 4717 ,
1097 4654 1133 4708 ἃ
1158 4655 1455 4724 ἡτοίμασεν
1486 4658 1513 4708 6
1543 4657 1674 4719 θεὸς
1700 4660 1811 4720 τοῖς

227 4748 529 4814 ἀγαπῶσιν
547 4746 710 4798 αὐτὸν
727 4746 816 4799 διὰ
836 4747 929 4798 τοῦ
956 4747 1159 4817 Κυρίου
1178 4747 1333 4817 ἡμῶν
1351 4748 1525 4817 Ἰησοῦ
1548 4748 1809 4817 Χριστοῦ,

224 4842 300 4893 δι’
325 4838 389 4893 οὗ
417 4839 497 4907 τῷ
531 4840 935 4908 παντοκράτορι
966 4839 1086 4908 Θεῷ
1117 4841 1150 4907 ἡ
1181 4838 1308 4903 δόξα
1338 4840 1417 4902 είς
1446 4839 1572 4900 τοὺς
1604 4840 1809 4903 αἰῶνας

224 4934 342 4984 τῶν
379 4933 616 4987 αἰώνων.
649 4934 842 5002 Ἅμήν.
879 4932 1167 5003 Ερρὦθαι
1203 4932 1343 5000 ὑμᾶς
1379 4932 1633 5002 εὔχομαι,
1668 4936 1807 4998 ἀγα-

223 5026 399 5094 πητοὶ
429 5023 672 5090 ἀδελφοί.
709 5044 727 5075 ι

1919 4576 2009 4643 qui
2040 4575 2321 4644 prtemium
2356 4572 2692 4626 admirandae
2721 4572 2842 4626 fidei
2875 4582 3071 4625 vestrae
3102 4572 3275 4631 dedit.
3309 4588 3471 4641 quam

1919 4668 1971 4719 in
2003 4667 2255 4735 episcopo
2284 4674 2461 4717 vestro
2483 4664 2744 4731 praeclaro
2776 4663 3089 4715 testimonio
3110 4665 3437 4717 exliibuistis
3463 4684 3475 4718 :

1917 4766 1970 4810 et
2003 4766 2059 4809 nt
2088 4756 2243 4809 vobis
2272 4766 2325 4809 et
2353 4755 2589 4823 posteris
2614 4754 2810 4807 vestris
2833 4794 2847 4815 ,
2878 4762 2931 4805 et
2973 4754 3057 4807 hic
3098 4763 3151 4807 et
3185 4756 3235 4807 in
3271 4757 3473 4820 futuro,

1917 4847 2057 4901 bona
2083 4862 2144 4900 ea
2181 4855 2456 4910 maneant,
2484 4861 2605 4914 quae
2648 4860 2747 4898 nec
2782 4845 2973 4898 oculus
3006 4846 3161 4910 vidit,
3197 4863 3294 4901 nec
3326 4850 3478 4901 auris

1917 4924 2143 5001 audivit,
2180 4955 2279 4993 nec
2312 4939 2362 4990 in
2401 4953 2494 4991 cor
2517 4938 2752 4991 hominis
2786 4937 3177 5000 conscendere,
3214 4955 3333 5005 quae
3371 4940 3479 4992 sci-

1920 5030 2047 5084 licet
2077 5030 2400 5098 przeparavit
2433 5028 2575 5081 Deus
2602 5007 2955 5095 diligentibus
2975 5042 3168 5096 se,per
3190 5029 3479 5081 Dominum

224 5133 486 5174 nostrum
517 5120 703 5175 Jesum
736 5122 1050 5187 Christum,
1096 5137 1192 5191 per
1245 5139 1408 5193 quem
1458 5126 1822 5195 omnipotenti
1872 5129 1977 5181 Deo
2026 5128 2199 5196 gloria
2234 5129 2307 5183 sit
2366 5129 2419 5180 in
2455 5128 2649 5180 saecula
2693 5128 3257 5180 sasculorum.Amcn.
3289 5121 3480 5175 Valere

222 5232 329 5269 vos
360 5226 498 5282 opto
518 5254 533 5278 ,
565 5215 763 5268 fratres
788 5214 1002 5268 dilecti.

815 5355 1067 5409 ΚΕΦΑΛ.
1106 5357 1232 5411 Kl".

221 5468 372 5537 Περὶ
432 5484 555 5519 των
593 5466 701 5532 τῆς
757 5468 1129 5532 Ἀντιοχείας
1181 5467 1537 5534 ἀρχιερέων
1566 5470 1661 5522 καὶ
1698 5470 1807 5537 τῆς

300 5536 668 5603 κακοηθείας
700 5537 1033 5604 Στεφάνου,
1063 5536 1134 5589 ὃν
1171 5543 1451 5603 Λεόντιος
1480 5536 1805 5601 διεδέξατο.

299 5650 530 5709 Τούτοις
560 5648 715 5717 ὠχυρ
738 5647 929 5716 υμὲνος
956 5650 1067 5709 τοῖς
1100 5650 1427 5716 γράμμασιν
1465 5648 1805 5715 Ἀθανάσιος,

218 5744 307 5802 είς
330 5742 430 5810 τὴν
462 5740 538 5791 ἕω
568 5739 805 5791 διέϐαινε
831 5740 965 5806 πρὸς
995 5740 1093 5807 τὴν
1114 5739 1213 5806 τῆς
1236 5739 1433 5806 Συρίας
1452 5740 1805 5809 Ἀντιόχειαν,

216 5838 362 5891 ὅπου
420 5833 729 5902 τηνικαῦτα
787 5834 1060 5903 διέτριϐεν
1112 5835 1138 5885 6
1173 5834 1573 5896 Κωνστὰντιος.
1606 5836 1713 5907 Ἰἧς
1760 5839 1806 5892 δ’

2469 5351 2691 5406 CAPUT
2733 5351 2920 5405 XXIII.

2025 5466 2099 5519 De
2148 5466 2483 5518 Antiochcnis
2510 5468 2760 5534 episcopis
2792 5483 2809 5518 .'
2834 5476 2879 5517 et
2908 5468 2969 5518 de
3012 5466 3374 5519 malevolentia

2226 5536 2497 5605 Stephani,
2534 5539 2613 5588 cui
2644 5536 2883 5589 Leontius
2911 5540 3175 5589 successit.

1989 5649 2144 5703 llisce
2186 5651 2487 5702 instructus
2512 5649 2708 5703 litteris
2744 5649 3165 5713 Atlianasius,in
3197 5648 3477 5701 Orientem

1920 5743 2261 5798 Antiochiam
2318 5740 2505 5813 Syrize,
2539 5742 2629 5795 ubi
2687 5752 2797 5795 tum
2851 5740 3207 5795 Constantius
3260 5739 3477 5810 agebat,

1921 5836 2193 5905 profectus
2222 5844 2325 5888 cst.
2366 5834 2662 5889 Ecclesium
2696 5843 2874 5889 autem
2906 5833 2978 5889 ibi
3010 5833 3231 5904 regebat
3255 5845 3325 5888 eo
3345 5841 3474 5889 tem-
