4280 6436
727 441 832 504 319

1934 453 2350 512 Νἰιζῖζίίίῧῐῖῐ
2395 453 2738 512 (ἸᾹΙᾸᾸΞΤῙ

3849 449 3960 514 320

725 570 859 626 pore
906 556 1190 611 Leontius.
1232 560 1302 613 Ex
1346 577 1453 630 quo
1487 564 1631 616 enim
1680 565 1996 619 Eustathius
2033 567 2285 619 exsulare
2318 570 2355 622 Α
2390 564 2412 615 ἐ

2267 580 2285 619 3
2318 570 2355 622 Α
2390 564 2565 615 ἐκεῖσε
2591 562 2887 630 ἐκκλησίας
2912 565 3008 624 τάς
3062 563 3212 631 ἰεράς
3245 562 3395 632 ἡνίας
3427 562 3545 615 τότε
3571 563 3747 615 διεῖπε
3789 563 3957 616 Λεόνν

720 648 908 716 jussus
939 649 1136 713 fuerat.
1178 652 1336 704 siculi
1383 671 1544 723 supra
1581 656 1838 714 diximus.
1869 658 2078 723 prituus
2100 658 2286 711 sedem

724 754 844 793 eam
889 741 1126 794 obtinuit
1162 743 1532 811 Euphronius.
1570 748 1655 799 cui
1711 749 1974 802 successit
2002 749 2239 802 Placitus
2271 788 2285 809 .

728 844 893 899 atque
949 834 1075 886 huic
1129 851 1345 889 rursum
1394 837 1720 906 Stephanus.
1768 839 1863 892 llic
1892 857 2017 892 veru
2067 850 2290 909 propter

728 923 914 975 dolum
945 933 1000 977 et
1039 926 1283 993 insidias,
1315 944 1449 996 quas
1485 947 1579 996 per
1605 932 1968 999 propinquum
1998 933 2286 1002 quemdam

727 1031 886 1069 suum
918 1018 1101 1072 animo
1135 1021 1294 1074 simul
1325 1034 1380 1075 ct
1412 1025 1653 1078 moribus
1688 1025 2083 1079 ferocissimum
2105 1068 2118 1088 ,
2149 1029 2290 1080 Ona-

721 1124 878 1172 grum
946 1111 1186 1172 nomine.
1251 1114 1420 1167 Roma
1504 1116 1853 1169 venientibus
1907 1132 1935 1170 a
1988 1117 2288 1171 Constante

720 1199 910 1266 legalis
961 1203 1051 1269 qui
1111 1203 1416 1259 Constantii
1469 1215 1588 1260 erat
1649 1208 1840 1271 frater,
1902 1209 2178 1277 Euphrate
2232 1221 2290 1264 et

719 1289 1008 1344 Vincentio
1034 1294 1306 1363 episcopis
1338 1311 1438 1366 pro
1463 1298 1761 1352 Athanasio
1805 1301 2008 1360 missis,
2045 1302 2291 1354 tetenth-

721 1393 838 1436 rat:
872 1399 899 1436 a
937 1383 1260 1438 Constantio
1283 1388 1466 1454 judice
1491 1430 1504 1452 .
1539 1401 1595 1444 ut
1620 1407 1683 1444 ea
1715 1392 1978 1460 dignitate
2009 1392 2286 1462 indignus.

721 1473 955 1530 reiectus
1007 1482 1110 1526 cst.
1149 1474 1310 1546 736
1348 1477 1575 1532 Vcritati
1603 1479 1748 1532 enim
1783 1479 2045 1534 adversus
2069 1521 2083 1544 ,
2107 1482 2288 1536 omnis

719 1565 936 1629 generis
963 1567 1220 1620 atrumuis
1250 1583 1315 1621 eo
1338 1569 1428 1636 qui
1462 1583 1560 1636 pro
1592 1585 1718 1623 vera
1750 1568 2000 1624 doctrina
2048 1572 2284 1634 stabant.

721 1653 933 1708 afﬂixit.
970 1657 1033 1709 Et
1079 1660 1254 1711 forum
1306 1659 1712 1727 perambulans.
1769 1661 2068 1730 domosque
2109 1662 2290 1732 ingre-

720 1747 898 1808 diens,
943 1764 1047 1800 non
1085 1749 1231 1803 viros
1263 1757 1473 1803 tantum
1499 1790 1514 1815 ,
1551 1751 1647 1806 sed
1696 1761 1750 1807 et
1792 1752 2049 1807 mulieres
2078 1755 2288 1822 pudore

719 1847 776 1890 et
809 1839 1097 1892 sanctitate
1128 1839 1250 1893 vitae
1281 1851 1556 1910 spectatas
1597 1843 1834 1911 pulsavit
1859 1881 1872 1905 ,
1913 1845 2287 1914 conviciisque

719 1929 1003 1995 proscidit.
1029 1930 1122 1983 Vel
1155 1946 1218 1983 ex
1253 1946 1320 1984 eo
1375 1934 1492 1987 solo
1529 1936 1674 2003 quod
1729 1935 1782 1989 in
1819 1936 2010 2003 legatis
2043 1937 2286 1999 admisit.

720 2018 897 2082 qualis
955 2021 1036 2071 vir
1091 2019 1292 2084 fuerit.
1335 2023 1466 2075 satis
1508 2025 1782 2092 conjicere
1839 2026 1990 2081 licet.
2043 2027 2288 2082 Metuens

721 2124 959 2176 namque
989 2112 1062 2178 (ll
1111 2127 1180 2164 ne
1218 2113 1548 2168 Athanasius
1573 2159 1586 2180 ,
1625 2118 1781 2186 cujus
1837 2118 2008 2187 gratia
2053 2121 2286 2174 maxime

716 2196 916 2265 legatio
965 2199 1071 2254 ista
1145 2201 1308 2255 missa
1373 2202 1594 2266 fuerat.
1664 2207 1926 2259 ecclesias
1983 2209 2280 2276 reciperet.

719 2289 956 2356 puellam
985 2307 1081 2360 per
1103 2291 1377 2361 Onagrum
1427 2311 1584 2348 suum
1637 2312 1667 2348 e
1699 2297 2005 2365 prostibulo
2031 2300 2283 2352 mercede

717 2380 1042 2431 conductam
1075 2421 1090 2445 ,
1157 2382 1210 2434 in
1273 2384 1658 2453 episcoporum
1724 2387 1962 2457 hospitio
2007 2389 2280 2442 collocat:

716 2468 916 2521 deinde
951 2485 1059 2523 non
1088 2474 1245 2540 longe
1285 2473 1353 2528 ab
1379 2489 1446 2528 eo
1475 2476 1594 2530 loco
1627 2477 2032 2544 improbissime
2061 2480 2286 2534 insidias

713 2573 815 2627 per
865 2561 1112 2615 homines
1161 2565 1450 2621 seditiosos
1503 2567 1776 2636 disponit.
1811 2579 1870 2624 ιιι
1897 2585 2026 2624 cum
2076 2572 2280 2638 impetu

714 2644 769 2701 in
819 2661 1128 2705 sanctorum
1169 2655 1410 2709 virorum
1469 2657 1749 2713 irruerent
1805 2661 1970 2716 a-des.
2034 2661 2280 2727 Quorum

715 2739 854 2793 alter
883 2755 1008 2795 cum
1068 2745 1354 2813 impudica:
1404 2747 1553 2802 illius
1595 2749 1940 2804 advenientis
1993 2753 2280 2820 strepitum

713 2835 907 2893 sensit,
953 2831 1255 2888 daemonem
1281 2851 1404 2890 esse
1451 2847 1621 2901 ratus.
1681 2842 1949 2909 psalmum
1982 2844 2277 2902 snecinuit.

711 2920 887 2991 llnjus
938 2924 1136 2980 fabulae
1183 2939 1240 2982 et
1291 2931 1696 2999 sycophantiae,
1729 2935 1872 2988 umle
1905 2945 1958 2990 et
2005 2937 2282 3006 quomodo

717 3011 965 3068 instituta
996 3026 1175 3079 esset.
1209 3024 1502 3088 qu:esitore
1548 3023 1664 3090 ipso
1694 3025 2053 3092 immutare.
2085 3039 2281 3080 auctor

717 3114 966 3171 repertus
1027 3107 1378 3176 Stephanus,
1435 3124 1492 3166 ut
1545 3115 1740 3167 nefarii
1798 3115 2028 3171 sceleris
2081 3118 2282 3173 artifex

2389 672 2521 714 τιος.
2562 655 2697 706 Μεθ’
2723 655 2752 706 ὃ
2777 656 2880 721 γὰρ
2909 655 3206 714 Εὐστάοιος
3232 657 3313 715 εἰς
3344 654 3646 722 φυγαδείαν
3671 654 3959 726 ἠλαύνετο,

2389 749 2464 811 ὡς
2488 749 2816 819 διείληπται,
2842 749 3059 817 πρῶτος
3087 747 3256 813 ἐπέϐη
3292 748 3385 799 τοῦ
3414 747 3606 816 θρόνου
3635 747 3851 816 Εὐφρόν
3877 765 3957 810 ος.

2387 837 2446 890 ὃν
2478 837 2759 906 Πλάκητος
2792 837 3062 900 διεδέξατο
3085 854 3098 866 ο
3122 836 3210 888 τὸν
3238 836 3292 889 at
3341 835 3610 902 Στέφανος
3629 853 3642 865 ·
3677 835 3733 898 ὃς
3786 853 3957 902 πονη-

2393 929 2491 996 ράν
2533 930 2806 997 συσκευὴν
2864 930 2954 982 διὰ
3013 946 3155 990 τινος
3203 929 3313 980 τῶν
3365 927 3519 997 αὖτῷ
3573 929 3961 997 προσηκόντων

2389 1021 2675 1088 ὡμοτάτου
2707 1021 2804 1072 καὶ
2834 1021 3036 1089 τρόπον
3081 1021 3178 1071 καὶ
3206 1019 3305 1089 τὴν
3353 1019 3553 1088 ψυχὴν,
3584 1020 3852 1086 Ὄναγρος
3887 1014 3960 1088 ἦν

2389 1112 2539 1180 αὑτῷ
2589 1111 2789 1181 ὄνομα,
2840 1111 3148 1179 ἐξαρτύσαξ
3203 1113 3315 1173 τοῖς
3372 1112 3436 1162 ἐκ
3488 1109 3711 1178 Ῥώμης
3763 1111 3961 1179 ἥκουσι

2389 1203 2650 1269 πρέσϐεσι
2680 1205 2829 1272 παρὰ
2869 1203 3123 1268 Κώνστα,
3161 1203 3219 1265 ὃς
3255 1203 3552 1269 τάςαύτὰς
3583 1203 3779 1265 ὠδίνας
3808 1204 3963 1256 Κίω-

2390 1293 2626 1361 σταντίῳ
2666 1293 2947 1356 διέλυσεν,
3007 1295 3144 1364 ὑπὲρ
3205 1293 3524 1346 Ἀθανασίου
3586 1295 3957 1362 πεμφθεῖσιν,

2389 1382 2685 1451 Εὐφρατᾶς
2722 1383 2778 1435 δὲ
2819 1383 2911 1436 καὶ
2945 1384 3222 1445 Πικέντιος
3265 1385 3631 1452 ὠνομάζοντο,
3671 1385 3961 1437 ἐπίσκοποι

2386 1472 2431 1524 δ’
2457 1468 2618 1541 ἦσαν,
2652 1474 2758 1526 ὑπὸ
2794 1475 3153 1545 Κωνσταντίῳ
3184 1477 3485 1540 δικάζοντι,
3513 1476 3587 1537 ὡς
3622 1475 3840 1539 ἀνάξιος
3862 1475 3962 1526 τοῦ

2389 1563 2578 1629 θρόνου
2633 1565 2876 1632 κριθεὶς,
2933 1568 3656 1638 ἀπερῤίφη.Δυσμεναίνων
3707 1567 3832 1634 γὰρ
3890 1569 3961 1634 τῇ

2389 1646 2650 1722 ἀληθεία,
2717 1655 3093 1719 παντοδαπαῖς
3151 1658 3449 1726 περιέϐαλε
3512 1660 3844 1727 συμφοραῖἷ.
3911 1658 3964 1708 οἳ

2388 1743 2498 1794 τῶν
2534 1743 2713 1810 ὀρθῶν
2753 1745 3041 1812 δογμάτων
3089 1742 3404 1817 ἀντείχοντο
3431 1765 3442 1778 ·
3481 1748 3713 1811 αἰκίζων
3750 1765 3810 1798 τε
3865 1748 3962 1800 καὶ

2389 1833 2814 1902 προπηλακίζων
2847 1823 2947 1904 ἦγε
2983 1835 3072 1886 διὰ
3105 1835 3202 1904 τῆς
3239 1836 3468 1903 ἀγορᾶς,
3505 1834 3683 1887 ἐπιὼν
3711 1836 3832 1896 ταῖς
3877 1836 3960 1885 οἱ·

2391 1924 2560 1985 κίαις,
2588 1927 2689 1976 οὐκ
2718 1926 2920 1995 ἄνδρας
2954 1926 3133 1996 μόνον.
3175 1927 3313 1979 ἀλλά
3365 1929 3458 1981 καὶ
3495 1929 3783 1994 γυναῖκας,
3820 1925 3966 1978 αἰδοῖ

2389 2015 2484 2066 καὶ
2513 2017 2802 2084 σεμνότητι
2854 2015 2973 2084 βίου
3005 2017 3452 2085 κεκοσμημένας.
3503 2018 3742 2085 Ἀπόχρη
3795 2016 3850 2068 δὲ
3897 2018 3962 2067 τὸ

2392 2107 2532 2158 κατά
2558 2106 2666 2158 τῶν
2700 2107 2986 2176 πρέσϐεων
3034 2109 3194 2176 μόνον
3232 2109 3618 2178 τεκμηριῶσαι
3663 2111 3754 2162 τὸν
3791 2109 3965 2176 ἄνδρα

2396 2195 2597 2254 ὁποῖος.
2637 2193 2830 2253 Δείσας
2884 2198 2989 2268 γάρ
3046 2197 3119 2265 μὴ
3152 2198 3260 2250 τῶν
3287 2198 3594 2266 ἐκκλησιῶν
3636 2199 3965 2268 ἐπιλήψαιτο

2406 2284 2748 2346 Ἀθανάσιος,
2786 2287 2930 2356 ὑπὲρ
2961 2280 3022 2340 οὗ
3068 2288 3163 2340 καί⁵
3211 2289 3244 2358 ή
3292 2289 3559 2358 πρεσϐεία
3601 2287 3838 2357 μάλιστα
3871 2284 3963 2356 ἦν.

2393 2376 2687 2443 παιδίσκην
2719 2379 2808 2430 διὰ
2857 2379 2953 2432 τοῦ
2985 2381 3389 2450 προειρημένου
3437 2382 3706 2448 Ὀνάγρου
3747 2381 3810 2431 ἐκ
3865 2399 3963 2447 xa-

2398 2467 2728 2535 μαιτυπείου
2791 2470 2967 2538 μισθῷ
2998 2472 3344 2542 διαφθείρας,
3385 2473 3675 2526 ὑποϐάλλει
3715 2476 3779 2544 τῇ
3813 2474 3968 2542 οἰκίᾳ

2388 2559 2498 2610 τῶν
2529 2561 2844 2613 ἐπισκόπων
2866 2579 2881 2594 ο
2921 2564 3112 2616 ἔπειτα
3145 2565 3300 2634 λόχον
3344 2566 3404 2617 οὐ
3443 2566 3732 2635 πόρρωθεν
3756 2567 3965 2632 στήσας

2393 2653 2726 2720 κακουργίας
2778 2655 3000 2721 μεστὴν.
3033 2654 3230 2724 ἀθρόον
3261 2656 3554 2725 ἐπιστῆναι
3591 2658 3966 2724 παρασκευά-

2393 2741 2476 2804 Cet
2500 2743 2566 2810 τῇ
2599 2747 2896 2811 καταγωγῇ
2925 2745 3033 2798 τῶν
3069 2746 3229 2798 θείων
3252 2746 3484 2816 ἀνδρῶν.
3512 2742 3612 2798 ’Ὧν
3645 2747 3840 2816 ἅτερος
3879 2749 3968 2800 al-

2389 2833 2647 2901 σθόμενος
2669 2837 2767 2902 τῆς
2787 2835 3084 2889 ἀκολάστου
3114 2845 3204 2888 τὸν
3226 2839 3396 2905 ψόφον
3428 2839 3589 2904 ἡνίκα
3610 2839 3803 2908 εἰσῄει,
3837 2839 3964 2892 δαί·-

2393 2943 2530 2996 μονα
2584 2930 2816 2998 οἰηθεὶς,
2845 2929 3059 2999 ψαλμὸν
3088 2932 3280 3002 ὐπῇδε.
3316 2932 3420 2984 Τοῦ
3447 2935 3503 2985 δὲ
3527 2933 3803 3002 δράματος
3836 2935 3966 2986 ὅθεν

2387 3023 2482 3075 καὶ
2512 3023 2658 3084 ὅπως
2704 3023 2922 3089 γέγονε,
2954 3024 3135 3092 κρίσει
3162 3023 3256 3076 τοῦ
3285 3024 3612 3093 κρατοῦντος
3642 3025 3968 3094 ἀνευρεθέν-

2386 3130 2500 3175 τος,
2528 3114 2604 3176 ὡς
2629 3115 2927 3182 αὐτουργὸς
2953 3117 3050 3183 τῆς
3073 3115 3332 3184 ἀθεμίτου
3357 3117 3610 3186 πράξεως
3641 3117 3963 3187 καθῄρηται

715 3208 1097 3253 exauctoratus
1124 3211 1228 3264 est,
1262 3214 1314 3256 et
1351 3204 1614 3260 Leontius
1643 3209 1946 3263 Antiochiae
1987 3210 2281 3278 episcopus
2309 3243 2352 3302 α
2389 3205 2405 3256 Ῑ

2273 3228 2281 3265 ι
2309 3243 2352 3302 C
2389 3205 2679 3302 ξτέφανος.
2713 3206 2962 3302 Λεδντιος
2990 3207 3047 3260 δὲ
3078 3210 3160 3302 εἰς
3189 3208 3493 3302 ἐπιτροπὴν
3516 3209 3614 3302 τῆς
3631 3208 3963 3302 Ἀντιοχέων

713 3287 975 3342 delectus.
1000 3290 1170 3355 Quem
1196 3295 1526 3349 Athanasius
1549 3310 1774 3366 propter
1800 3299 1996 3368 dogma
2017 3302 2279 3370 deprava-

715 3391 830 3434 tum
872 3381 1140 3446 devitans.
1196 3401 1319 3439 cum
1371 3388 1763 3451 Eustathianis.
1797 3392 1891 3458 qui
1947 3392 2002 3445 in
2056 3394 2282 3462 privatis

711 3471 920 3526 :rdibus
947 3475 1206 3530 ecclesias
1233 3489 1289 3530 et
1325 3488 1628 3531 conventus
1675 3478 1928 3548 agebant,
1961 3481 2278 3536 communi-

714 3563 880 3616 cavit.

1275 3680 1359 3735 (ΞΑ
1368 3681 1497 3738 PUT
1547 3681 1736 3738 XXIV.

717 3767 782 3822 Ut
822 3769 1144 3824 Athanasius
1193 3773 1258 3847 sit
1308 3783 1578 3841 receptus.
1629 3786 1788 3845 atque
1840 3785 2120 3831 sectatores
2169 3777 2283 3847 ejus

1167 3842 1311 3896 sedes
1343 3859 1469 3898 suas
1512 3842 1820 3915 receperint.

784 3955 848 4010 Et
893 3954 1245 4011 Constantius
1295 3960 1514 4027 quidem
1549 3976 1657 4015 non
1697 3961 1974 4018 illibenter
2023 3979 2148 4018 eum
2190 3980 2283 4018 su-

710 4048 905 4114 scepit.
933 4049 1288 4105 nihilominus
1309 4062 1487 4107 tamen
1513 4054 1952 4108 benevolentiam
1973 4057 2281 4110 immanita-

715 4151 933 4208 temqne
973 4143 1092 4210 ejus
1118 4147 1363 4199 tentavit.
1388 4145 1646 4214 Captioso
1671 4147 1814 4200 enim
1849 4163 2098 4202 sermone
2131 4163 2279 4212 eum,

711 4231 1148 4290 adversariorum
1191 4229 1536 4304 suggestione
1561 4277 1575 4299 .
1611 4237 1799 4292 fallere
1849 4239 2070 4300 volens.
2106 4240 2186 4293 sic
2214 4241 2281 4294 ad

710 4338 834 4377 eum
871 4326 1087 4380 locutus
1129 4336 1206 4379 est
1231 4345 1242 4380 ε
1266 4328 1378 4397 Ego
1406 4329 1626 4398 quidem
1662 4329 1729 4382 de
1761 4332 2033 4384 communi
2085 4332 2275 4400 synodi

713 4417 1004 4480 sententia.
1024 4413 1314 4484 fratrisque
1330 4427 1384 4472 et
1405 4434 1540 4482 mea,
1563 4419 1656 4474 tibi
1688 4420 1829 4489 quod
1851 4431 2005 4490 optas
2033 4421 2274 4490 pci‘ficio,

713 4518 766 4561 et
805 4509 1060 4562 thronum
1092 4509 1189 4561 tibi
1236 4519 1386 4562 tuttm
1434 4510 1611 4564 trado.
1643 4509 1884 4578 ίΕιιιιιιιιι
1921 4527 2051 4566 vero
2089 4525 2191 4573 est.
2231 4523 2279 4566 te

2396 3292 2725 3364 Ἐκκλησίας
2791 3295 3024 3364 ἐκρίθηο
3080 3296 3140 3350 δν
3196 3297 3518 3360 Ἀθανάσιος
3567 3297 3643 3362 ὡς
3712 3300 3846 3366 περὶ
3901 3300 3968 3350 τὸ

2383 3381 2562 3450 δόγμα
2616 3383 2872 3451 κίϐδηλον
2927 3386 3289 3454 ἐξετρὲπετοο
3341 3389 3454 3448 τοῖς
3487 3387 3533 3438 δ’
3563 3386 3674 3439 ἀπὸ
3724 3385 3822 3439 τοῦ
3859 3388 3968 3439 Εὑ-

2386 3473 2602 3526 σταθίου
2635 3476 2694 3528 ὲν
2730 3477 2959 3530 ἰδιωτῶν
2997 3478 3199 3540 οἰκίαις
3239 3477 3694 3548 ἐκκλησιάζουσιν
3734 3479 3966 3533 ἐκοινώ-

2386 3582 2490 3622 νει.

2966 3684 3216 3739 ΚΕΦΑΛ.
3253 3685 3378 3738 KA'.

2400 3769 2496 3838 Ὠς
2527 3773 2841 3841 εἰσεδέχθη
2895 3775 3278 3839 Ἀθανάσιος,
3340 3775 3438 3827 καί
3471 3776 3526 3828 οὶ
3585 3774 3718 3843 περὶ
3771 3776 3968 3829 αὐτὸν

2631 3845 2772 3907 τοὺς
2800 3846 3058 3910 οἰκείους
3081 3843 3390 3898 ἀπέλαϐον
3421 3846 3698 3914 θρόνους.

2455 3958 2835 4020 Κωνστάντιος
2867 3958 2967 4020 μὲν
2999 3959 3098 4010 οὐκ
3133 3957 3388 4026 ἀπεχθῶς
3421 3959 3585 4010 αὐτὸν
3620 3958 3917 4023 ἀνεδέξατο
3943 3979 3958 3994 ·

2383 4052 2532 4118 ὅμως
2560 4049 2605 4102 δ’
2635 4049 2790 4102 εὔνου
2821 4051 2915 4103 καὶ
2963 4049 3242 4111 ἐπιεικοῦς
3277 4049 3440 4102 αὑτοῦ
3469 4051 3755 4121 ἐπειρᾶτο.
3791 4053 3967 4120 Σοφί-

2384 4143 2573 4206 ζεσθαι
2619 4143 2675 4195 δὲ
2722 4141 2893 4195 θέλων
2943 4143 3054 4194 τῶν
3089 4142 3158 4194 δι’
3205 4143 3453 4203 ἐναντίας
3514 4145 3963 4201 ὑποϐαλλόντων.

2382 4234 2508 4286 τάδε
2544 4235 2676 4301 πρὸς
2710 4233 2871 4284 αὑτὸν
2909 4233 3096 4300 ἔλεγεν
3127 4249 3139 4262 ·
3169 4233 3312 4300 Ἐγὼ
3342 4233 3442 4300 μὲν
3476 4235 3578 4302 ἤδη
3607 4235 3778 4304 ψήφῳ
3801 4239 3961 4304 κοινῇ

2384 4323 2443 4375 τδ
2475 4325 2556 4375 σοὶ
2589 4325 2723 4392 προς
2761 4322 2956 4392 βουλῆς
2982 4324 3318 4393 ἐκπεραίνιιι,
3361 4325 3454 4375 καὶ
3492 4324 3583 4376 τὸν
3617 4324 3808 4393 Opis/ev
3834 4326 3964 4393 ἄρτι

2386 4433 2467 4469 σοι
2499 4415 2811 4485 ἐγχειρίζω.
2847 4416 3066 4477 Δίκαιος
3115 4415 3160 4466 δ’
3191 4415 3255 4466 ἂν
3305 4417 3426 4483 εἴης
3465 4417 3559 4467 καὶ
3593 4417 3680 4474 σὺ.
3718 4416 3849 4484 μίαν
3881 4420 3969 4470 αξ-

2384 4507 2569 4561 τοῠντι
2611 4509 2770 4578 χάριν
2816 4506 3135 4570 ἀντιδιδούς.
3177 4509 3240 4558 Ἢ
3274 4507 3329 4559 δέ
3383 4509 3498 4560 ἐστι
3551 4509 3682 4575 μίαν
3712 4509 3876 4560 ἐᾶσαί
3904 4527 3962 4561 σε

711 4615 930 4667 quoque
992 4599 1127 4654 mihi
1187 4601 1323 4652 hanc
1371 4599 1598 4655 reddere
1658 4601 1938 4671 gratiam.
1995 4613 2057 4656 ut
2114 4618 2272 4657 unam
2311 4613 2401 4666 οι

2311 4613 2354 4666 ι)
2383 4602 2491 4654 τῶν
2534 4601 2621 4654 ἐπ’
2659 4601 3070 4669 Ἀλεξανδρείας
3107 4599 3415 4668 ἐκκλησιῶν
3457 4599 3511 4652 οἵ
3544 4617 3638 4652 σου
3682 4600 3963 4669 διακρινέε-

709 4692 1049 4745 Alexandrize
1076 4691 1360 4746 ecclesiam
1383 4693 1464 4746 eis
1497 4695 1800 4760 permittas,
1841 4694 1936 4764 qui
1969 4709 1999 4749 a
2033 4703 2084 4749 te
2111 4695 2271 4749 dissi-

711 4785 922 4846 dentes,
953 4798 980 4835 a
1007 4786 1390 4838 communione
1423 4796 1513 4839 tua
1546 4785 1864 4839 abhorrent.
1890 4785 2068 4854 Atque
2103 4785 2272 4838 Alba.

711 4876 932 4928 nasius:
963 4873 1351 4942 AEquissimum
1386 4893 1518 4931 sane
1541 4886 1646 4941 est,
1669 4892 1702 4930 ο
1728 4878 2047 4944 imperator.
2075 4877 2272 4945 inquit,

713 4977 774 5021 ut
795 4983 910 5021 mos
937 4967 1029 5022 tibi
1057 4980 1293 5038 geratur.
1326 4970 1429 5024 Sed
1457 4971 1704 5025 eamdem
1751 4987 1968 5024 rursum
2006 4985 2037 5024 a
2065 4965 2274 5038 te'gra-

714 5053 843 5107 tiam
902 5065 1046 5123 peto,
1101 5057 1551 5126 quandoquidem
1603 5059 1996 5114 etAntiocbire
2050 5059 2272 5129 quidam

713 5155 865 5200 sunt.
898 5151 989 5218 qui
1038 5164 1228 5204 eorum
1270 5153 1732 5216 communionem,
1774 5154 1867 5221 qui
1914 5154 2075 5207 aliter
2113 5168 2275 5222 quam

715 5254 814 5292 nos
837 5243 1077 5295 sentiunt
1101 5242 1189 5296 hic
1221 5253 1544 5298 aversantur
1567 5284 1582 5308 .
1613 5245 1744 5312 jubc
1779 5261 1875 5299 eos
1905 5261 2127 5316 quoque
2183 5261 2279 5300 ec-

712 5329 932 5381 clesiam
967 5345 1116 5384 suam
1151 5332 1369 5391 habere.
1399 5333 1452 5385 in
1488 5349 1592 5400 qua
1619 5333 1792 5388 libere
1827 5334 2056 5402 placitas
2084 5334 2187 5388 sibi
2224 5345 2281 5389 ct

717 5426 946 5474 statutas
993 5431 1248 5490 peragant
1279 5424 1638 5476 ceretnonias.
1669 5425 1744 5476 Ad
1791 5425 1906 5476 h:ec
1937 5440 2060 5478 cum
2109 5426 2280 5490 impe-

718 5523 865 5564 rator
892 5513 1035 5581 quod
1063 5514 1269 5568 diceret
1299 5532 1404 5570 non
1452 5515 1679 5570 haberet
1702 5556 1716 5581 ,
1753 5518 1925 5571 satius
1960 5533 2081 5572 esse
2106 5519 2281 5580 duxit.

721 5604 1064 5659 adversarios
1111 5609 1326 5676 quietos
1375 5624 1494 5662 esu:
1520 5649 1534 5672 ,
1565 5609 1937 5679 petitioueque
1965 5627 2062 5664 sua
2103 5621 2161 5662 ut
2189 5628 2284 5678 pa-

721 5711 840 5748 rum
873 5699 1152 5751 commoda
1205 5701 1565 5768 supersedere
1598 5718 1611 5754 :
1664 5701 1846 5771 itaque
1883 5702 2016 5755 nihil
2049 5703 2285 5768 amplius

721 5803 965 5843 movere.
1003 5790 1163 5861 737
1215 5793 1386 5861 Atque
1431 5793 1506 5848 illi
1550 5802 1696 5849 recte
1728 5793 1973 5864 profecto
1999 5809 2116 5850 eam
2172 5811 2284 5849 rem

800 5903 875 5970 (ἰ)
908 5902 1179 5960 leeodor.
1215 5907 1310 5960 lib.
1347 5924 1404 5970 ιι,
1447 5920 1543 5976 cap
1600 5905 1651 5964 9.

2373 4709 2524 4762 μενοι
2581 4691 2978 4761 παραιτοῦνται
3031 4692 3130 4758 τὴν
3163 4693 3486 4744 κοινωνίαν.’
3523 4693 3841 4755 Ἀθανάσιος
3877 4695 3957 4754 ΕΞ,

2371 4783 2481 4835 Καὶ
2511 4781 2653 4851 μάλα
2679 4798 2742 4848 γε
2767 4781 2973 4834 δίκαιον
2997 4799 3079 4836 σοι
3098 4782 3440 4852 πειθαρχεῖν,
3465 4783 3591 4849 ἔφη,
3617 4777 3662 4834 ὦ
3683 4783 3908 4848 βασιλεῦ
3939 4790 3956 4803 ⁹

2372 4877 2467 4927 καὶ
2497 4875 2596 4945 τὴν
2629 4875 2801 4944 αὐτὴν
2839 4875 3237 4945 παραπλησίως
3271 4871 3423 4937 αὖθις
3455 4878 3617 4944 χάριν
3656 4878 3746 4928 καὶ
3781 4876 3952 4936 αὐτὸς

2375 4967 2608 5019 ἀνταιτῶ
2632 4984 2648 4998 ο
2685 4965 2875 5036 ἐπειδὴ
2927 4966 3020 5018 καὶ
3048 4969 3105 5018 ἐν
3131 4969 3196 5035 τῇ
3235 4967 3512 5035 Ἀντιόχου
3553 4967 3660 5018 εἰσί
3693 4983 3865 5028 τινες,
3906 4966 3960 5017 εἰ

2374 5059 2473 5129 τὴν
2503 5057 2735 5111 ἐνταῦθα
2785 5058 3087 5126 ἱερωσύνην
3127 5058 3514 5126 ἐκτρέπονται,
3570 5057 3761 5110 κέλευε
3817 5059 3956 5124 μίαν

2377 5152 2474 5204 καὶ
2529 5151 2727 5209 αὐτοὺς
2781 5150 3080 5219 ἐκκλησίαν
3111 5150 3401 5217 ἒχειν,καὶ
3462 5148 3630 5210 ἀδεῶς
3689 5148 3832 5216 αὖτῇ
3889 5152 3963 5200 τὰ.

2381 5245 2605 5314 θυμὴρη
2647 5242 2741 5295 καὶ
2771 5242 3002 5295 εἰωθότα
3048 5243 3244 5295 ποιεῖν.
3284 5239 3427 5309 Πρὸς
3456 5240 3612 5293 ταῦτ’
3644 5240 3970 5308 ἀντιλέγειν

2385 5334 2459 5403 μὴ
2508 5335 2650 5404 ἔχων
2704 5337 2732 5388 ὁ
2789 5334 3062 5403 βασιλεὺς.
3115 5331 3340 5398 ἄμεινον
3388 5329 3677 5398 ἐδοκίμαζε
3704 5331 3835 5392 τοὺς
3865 5331 3936 5383 δι’

2381 5426 2630 5488 ἐναντίας
2665 5425 2896 5494 ἡσυχίαν
2921 5425 3093 5491 ἄγειν,
3125 5424 3218 5474 κλὶ
3245 5423 3318 5479 ὡς
3351 5420 3641 5488 ἀλυσιτελῆ
3669 5422 3768 5489 τὴν
3790 5423 3969 5490 αττη-

2385 5533 2471 5569 σιν
2498 5515 2922 5587 ὑπερτίθεσθαι·
2960 5516 3054 5566 καὶ
3101 5514 3254 5566 οὐδὲν
3290 5513 3452 5565 πλέον
3485 5513 3701 5564 ἐκίνουν
3729 5514 3966 5567 ἐκεῖνοι.

2389 5608 2497 5659 Καὶ
2533 5606 2641 5676 γάρ
2664 5622 2779 5667 πως
2813 5603 2992 5666 καλῶς
3019 5601 3325 5669 ἐλογίζοντο
3355 5603 3429 5665 ὡς
3465 5602 3617 5654 οὐδὲν
3647 5602 3857 5670 μᾶλλον
3891 5604 3972 5656 τὰ

2387 5697 2567 5749 αὐτῶν
2602 5697 2844 5750 ἐπίδοσιν
2877 5696 2936 5746 ἐν
2979 5693 3355 5762 Ἀλεξανδρεία
3386 5693 3521 5756 ἕξει,
3555 5693 3754 5754 ἱκανῶς
3799 5693 3976 5763 ἔχον-

2387 5809 2476 5856 τος
2517 5791 2831 5845 Ἀθανασεου
2866 5789 2923 5841 τό
2955 5805 3012 5842 τε
3063 5789 3260 5841 οἰκεῖον
3304 5786 3564 5856 ἀσφαλῶς
3612 5789 3825 5856 τηρεῖν,
3865 5793 3978 5842 καὶ
