4280 6436
749 461 846 521 39.3

752 571 995 643 quamvis
1036 567 1100 622 ad
1158 567 1324 619 breve
1353 570 1568 629 tempus

753 662 1140 732 explorationi,
1203 669 1383 711 tamen
1421 652 1664 706 debitum
1735 647 1804 697 ab
1859 661 1918 698 ea
1972 659 2092 711 qua:
2139 639 2319 692 omnia

755 731 980 824 respicit
1042 747 1394 806 Providentia
1458 743 1583 796 tulit
1650 738 1945 794 calculum,
2041 731 2323 783 voluntate

757 850 849 902 Dei
894 849 970 914 (l)
1005 856 1060 897 et
1086 841 1290 912 judicio
1322 847 1512 892 nostro
1545 832 1717 902 patria
1757 829 1916 883 simul
1954 834 2010 877 et
2045 822 2278 877 ecclesia
2309 859 2322 881 .

762 944 920 1008 cujus
961 937 1286 1005 prwfcctura
1319 932 1504 983 divino
1535 928 1582 979 ei
1622 933 1758 977 nutu
1795 920 2046 984 contigit,
2080 922 2322 981 recepta.

762 1035 932 1099 Quem
955 1043 1169 1096 a‘qttum
1196 1027 1319 1086 fuit,
1361 1032 1420 1075 ut
1450 1017 1718 1073 sententia
1747 1024 2115 1068 consentanea
2142 1016 2329 1060 nostra

766 1138 987 1194 quoque
1023 1119 1337 1173 imitaretur
1393 1108 1758 1164 mansuetudo
1788 1123 1800 1157 ε
1839 1105 2094 1157 videlicet
2126 1109 2182 1152 ut
2215 1112 2333 1150 om-

768 1219 855 1270 nia
891 1231 1012 1283 qum
1039 1212 1273 1264 antehac
1305 1214 1494 1260 contra
1525 1219 1619 1256 eos
1645 1202 1736 1269 qui
1773 1213 1896 1252 cum
1937 1196 2053 1261 ipso
2081 1205 2331 1245 commu-

771 1311 936 1362 nione
993 1306 1073 1357 usi
1110 1311 1310 1356 essent.
1377 1299 1593 1351 decreta
1642 1303 1788 1353 sunt,
1845 1303 1992 1342 nunc
2062 1285 2338 1339 oblivione

773 1404 1188 1458 oblitterentur,
1251 1394 1605 1460 suspicioqtte
1657 1386 1923 1440 adversus
1976 1396 2098 1434 ettm
2162 1377 2340 1430 omnis

776 1498 1037 1560 deinceps
1072 1488 1404 1542 intercidat:
1440 1494 1493 1536 et
1542 1479 1876 1541 immunitas,
1912 1489 2072 1542 qtzam
2137 1470 2342 1524 dudum

774 1591 1022 1658 quicum
1076 1599 1141 1636 eo
1169 1583 1320 1635 fuere
1351 1575 1539 1631 clerici
1598 1574 1858 1634 habuere,
1915 1582 2014 1636 pro
2067 1580 2134 1619 eo
2184 1569 2346 1629 atque

779 1682 959 1740 decet,
991 1675 1188 1728 litteris
1219 1672 1369 1724 hisce
1395 1668 1774 1722 conﬁrmetur.
1807 1660 1949 1726 Quin
1978 1669 2034 1710 et
2068 1655 2200 1707 illud
2249 1667 2350 1705 no-

785 1783 913 1827 stra:
973 1784 1098 1834 erga
1161 1780 1285 1816 eum
1349 1757 1677 1827 benignitati
1735 1754 1929 1806 merito
1988 1745 2349 1811 adiiciendum

785 1880 906 1919 esse
932 1859 1322 1930 judicavimus,
1354 1861 1413 1905 ut
1441 1849 1711 1908 universi,
1754 1847 1849 1914 qui
1875 1844 1927 1896 in
1969 1839 2104 1893 sacri
2141 1835 2356 1888 ordinis
2385 1855 2432 1914 Β

783 1957 905 2008 albo
928 1960 1075 2013 sunt,
1109 1951 1443 2016 cognoscant
1473 1937 1824 1993 securitatem
1887 1932 2170 1985 adauctam
2223 1939 2345 1978 esse

783 2044 1063 2104 omnibus,
1098 2043 1189 2110 qtti
1227 2041 1276 2092 ei
1336 2038 1489 2090 fuere
1531 2029 1835 2099 conjuncti.
1886 2023 2158 2094 episcopis
2188 2017 2348 2072 simul

784 2149 840 2193 et
867 2136 1103 2191 clericis.
1140 2133 1364 2185 Certum
1406 2141 1538 2180 vero
1569 2121 1999 2188 uniuscujusque
2033 2123 2195 2166 rectae
2223 2126 2346 2163 sen-

788 2233 974 2286 teutite
1020 2227 1283 2281 indicium
1317 2222 1442 2282 erit,
1469 2219 1513 2271 si
1546 2230 1668 2270 cum
1720 2215 1826 2266 hoc
1883 2210 2067 2262 unitus
2125 2204 2356 2273 conjun-

796 2336 1032 2390 clusque
1074 2318 1260 2372 fuerit.
1297 2315 1623 2378 Quicunque
1657 2307 1798 2360 enim
1827 2302 2034 2356 meliori
2062 2298 2270 2367 judicio
2306 2303 2359 2345 et

795 2413 1043 2486 Opinioni
1075 2408 1280 2464 addicti
1330 2402 1772 2458 communionem
1815 2395 1985 2462 ipsius
2022 2387 2356 2457 sequendam

796 2511 899 2565 sibi
934 2505 1255 2573 delegerint.
1288 2516 1384 2553 eos
1423 2510 1614 2550 omnes
1645 2493 1710 2546 ad
1748 2487 2191 2546 similitudinem,
2241 2497 2359 2547 qua-

800 2613 902 2651 nos
939 2592 1225 2662 prmvcnit,
1257 2584 1637 2657 providentite,
1673 2582 1772 2633 hac
1801 2587 2009 2630 nostra.
2036 2574 2132 2625 Dei
2169 2572 2362 2623 volun-

803 2697 913 2739 tate
940 2682 1184 2736 cxhibita
1219 2678 1389 2748 gratia
1422 2684 1472 2724 et
1523 2669 1865 2736 benignitate
1928 2663 2137 2733 perfrui
2195 2657 2361 2726 jussi-

801 2792 944 2830 tuus.
969 2773 1154 2828 Victor
1189 2762 1583 2820 Constantinus
1610 2757 1878 2810 Maximus
1939 2749 2142 2820 populo
2174 2745 2365 2798 catho-

805 2871 925 2924 lica:
963 2862 1220 2919 Ecclesia:
1255 2854 1658 2911 Alexandrinae.
1691 2847 1866 2912 Quum
1893 2845 1946 2895 in
1991 2842 2155 2893 rebus
2191 2835 2366 2888 omni—

804 2965 910 3018 bus
936 2954 1218 3029 proposita
1256 2949 1416 3003 nobis
1457 2947 1528 2998 sit.
1553 2951 1755 2998 vestra,
1797 2951 1915 3004 quae
1959 2949 2021 2985 ex
2054 2942 2198 2982 recta
2230 2925 2370 2996 juris

741 3069 746 3075 ‘
808 3025 1103 3121 lvgttmquc
1133 3041 1533 3099 constitutione
1567 3031 1837 3100 provenit,
1881 3025 2110 3078 felicitas
2136 3062 2148 3082 ,
2174 3030 2227 3072 et
2262 3033 2370 3070 non

813 3149 1153 3214 ignoremus,
1188 3136 1321 3189 satis
1353 3132 1442 3184 ditt
1505 3123 1745 3194 episcopi
1780 3134 1877 3172 vos
1901 3114 2142 3170 caruisse
2195 3110 2377 3180 provi-

816 3238 1042 3292 tlentia:
1107 3225 1467 3284 Athanasium
1520 3216 1846 3275 antistitem,
1924 3209 2103 3260 virum
2165 3210 2385 3271 propter

819 3329 1036 3384 insitam
1076 3321 1177 3376 sibi
1209 3316 1333 3371 ﬁdei
1369 3311 1740 3367 sinceritatem
1783 3313 2107 3366 morumque
2144 3295 2379 3348 nativam

822 3417 1152 3489 probitatem
1172 3404 1494 3462 hominibus
1525 3397 1781 3451 omnibus
1813 3398 2140 3460 Spectatum,
2167 3398 2382 3450 mquum

822 3524 944 3563 esse
979 3507 1253 3562 duximus,
1283 3507 1340 3552 ut
1364 3495 1429 3549 ad
1450 3508 1548 3545 vos
1594 3490 2022 3543 remitteremus.
2062 3477 2222 3547 739
2251 3477 2385 3527 Eum

828 3597 904 3656 ita
937 3612 996 3653 ut
1030 3591 1377 3650 consuetudo
1410 3589 1517 3641 fert
1549 3599 1604 3639 et
1631 3582 1810 3641 decet,
1841 3573 2228 3642 suscipientes,
2269 3582 2392 3635 prc-

831 3687 1151 3760 eamquead
1186 3687 1355 3738 Deum
1379 3688 1685 3734 vestrarum
1719 3672 2023 3742 adjutorem
2054 3663 2396 3718 conStituen-

832 3795 936 3846 tes,
972 3797 1095 3851 quae
1133 3789 1186 3833 et
1220 3777 1374 3830 vobis
1399 3769 1675 3838 congruit,
1735 3775 1791 3817 et
1818 3761 1975 3815 nobis
2034 3763 2255 3820 accepta
2293 3761 2395 3816 cst,
2455 3764 2486 3792 .’

837 3873 1190 3928 concordiam
1227 3877 1282 3921 et
1321 3877 1534 3935 pacem,
1559 3861 1711 3930 juxta
1752 3851 2012 3908 Ecclesia:
2038 3847 2396 3901 sanctionem,

837 3968 1052 4037 prolixe
1085 3974 1305 4016 servare
1372 3955 1609 4009 studete.
1674 3947 1895 4002 Minime
1955 3943 2099 3996 enim
2152 3938 2397 3992 omnium

839 4056 1117 4115 convenit,
1144 4048 1472 4104 discordiam
1505 4045 1741 4107 aliquam
1776 4043 1870 4088 aut
1901 4033 2228 4087 seditionem
2259 4027 2402 4078 inter

841 4165 941 4203 vos
971 4143 1261 4204 concitari,
1291 4142 1344 4192 in
1379 4139 1484 4191 ista
1537 4142 1846 4199 temporum
1890 4134 2202 4178 nostrorum
2261 4127 2407 4168 tran-

842 4239 1136 4310 quillitate.
1194 4234 1369 4299 Atque
1427 4241 1546 4280 eam
1598 4221 1819 4291 quidem
1895 4210 2405 4268 incommoditatem

849 4335 1044 4386 abesse
1083 4344 1111 4381 a
1149 4325 1306 4378 vobis
1338 4320 1567 4376 omnino
1602 4315 1876 4367 volumus.
1913 4308 1968 4361 ln
2001 4302 2412 4375 precationibus

843 4439 1002 4487 vero,
1035 4431 1095 4474 ut
1130 4434 1196 4473 eo
1219 4431 1383 4486 quem
1416 4412 1656 4466 diximus
1686 4416 1910 4459 auctore
1952 4408 2007 4452 et
2035 4397 2290 4466 adjutorc
2323 4409 2413 4444 se-

848 4517 981 4570 dulo
1012 4520 1250 4572 utentes,
1276 4506 1477 4561 divinis
1501 4501 1667 4554 rebus
1698 4511 1850 4551 more
1878 4500 2099 4558 recepto
2125 4485 2412 4545 insistatis,

848 4623 949 4660 vos
1002 4604 1405 4656 admonemus:
1474 4604 1533 4646 ut
1576 4592 1669 4644 tali
1742 4587 2052 4640 animorum
2096 4588 2413 4632 vestrorum

851 4695 1135 4767 proposito
1158 4691 1223 4744 ad
1256 4689 1638 4742 universorum
1696 4691 1823 4734 vota
1858 4681 2176 4729 transeunte
2205 4686 2268 4722 ex
2294 4683 2422 4737 gen-

854 4788 1004 4840 tibus
1036 4785 1204 4837 etiam
1240 4779 1330 4848 qui
1368 4777 1549 4831 adhuc
1594 4772 1863 4826 idolorum
1922 4765 2099 4820 errori
2160 4771 2289 4815 sunt
2327 4759 2425 4810 int-

856 4878 1070 4948 plicati,
1105 4874 1171 4928 ad
1223 4868 1557 4925 sacrosancti
1593 4861 1849 4920 sacriﬁcii
1889 4859 2263 4928 cognitionem
2301 4867 2424 4920 per-

859 4970 1070 5031 venire,
1106 4962 1460 5020 Alexandrini
1494 4956 1831 5016 charissimi,
1892 4958 2190 5006 maturent.
2245 4944 2424 5009 Quare

860 5078 958 5116 vos
1003 5063 1203 5114 iterum
1253 5056 1630 5116 admonemus,
1662 5061 1717 5103 ut
1771 5050 1823 5099 in
1889 5044 1955 5097 iis
2007 5056 2128 5110 qua:
2189 5037 2426 5090 diximus

862 5151 1191 5224 persistatis,
1227 5149 1542 5216 episc0pum
1576 5156 1706 5194 vero
1733 5178 1747 5201 ,
1784 5135 1878 5191 Dei
1938 5135 2111 5202 ipsius
2170 5139 2306 5182 nuttt
2371 5134 2427 5178 et

863 5243 1134 5300 sententia
1173 5250 1359 5294 nostra
1387 5236 1452 5290 ad
1477 5249 1574 5286 vos
1612 5232 1862 5285 missum.
1922 5226 2158 5276 libenter
2195 5216 2426 5286 recipia-

866 5344 957 5399 tis,
1010 5348 1174 5401 atque
1209 5346 1335 5384 eum
1377 5345 1442 5381 ex
1502 5325 1684 5379 animo
1737 5315 2212 5387 complectendutn
2275 5309 2428 5362 vobis

867 5442 989 5480 esse
1017 5423 1370 5478 existimetis.
1407 5419 1461 5472 ld
1493 5415 1637 5486 quod
1672 5423 1729 5467 et
1751 5427 1848 5464 vos
1877 5410 2057 5466 decet,
2084 5415 2138 5457 et
2170 5417 2430 5454 mansuc-

873 5519 1049 5574 tttdini
1085 5528 1288 5570 nostra:
1317 5507 1677 5568 convenit,Ut
1708 5505 1854 5558 enim
1891 5502 2160 5554 tumultus
2193 5503 2248 5548 et
2287 5492 2435 5545 sedi-

873 5609 1041 5662 tionis
1075 5607 1413 5659 occasionem
1441 5612 1659 5652 omnem
1691 5607 1881 5646 eorum
1939 5590 2029 5657 qui
2062 5585 2312 5639 consulto
2342 5582 2436 5634 de-

876 5700 1081 5754 teriora
1112 5703 1289 5764 empta
1318 5698 1725 5751 consectantur,
1758 5681 2202 5760 pt'aacideremus,
2225 5675 2426 5746 judici-

951 5880 1025 5948 ιι)
1054 5875 1254 5933 Christi
1292 5872 1476 5941 gratia.
1515 5870 1665 5922 Socr.

1916 431 2334 500 NiCEi‘HORl
2379 429 2721 490 CALLlSTI

1622 557 1874 610 humanae
1925 553 2170 621 objectus
2227 557 2312 600 est
2343 551 2429 606 At

2435 543 2532 596 iD.‘
2567 544 2613 593 εί
2645 555 2740 592 και
2774 535 2966 605 βραχεῖ
2991 532 3167 602 χρόνῳ
3213 528 3276 597 τῇ
3311 526 3430 578 κατ’
3485 522 3803 592 ἀνθρώπους
3851 520 3997 570 δοκι-

3888 407 3994 473 3⁵ὶὶ

2432 635 2603 704 μασίᾳ
2632 627 2934 696 ύπεῦλήθη,
2976 626 3126 692 ὅμως
3172 619 3272 689 τὴν
3313 616 3676 684 ὀφειλομένην
3721 613 3870 679 παρὰ
3902 610 4002 675 τῆς

2431 722 2772 790 παντεςόρου
2808 717 3070 787 Προνοίας
3105 711 3455 780 ἀπηνέγκατο
3477 706 3679 774 ψῆφον,
3711 703 3839 753 ἀπο)
3855 699 4003 750 αεὼν

2432 818 2685 886 βουλήσει
2742 810 2836 864 τοῦ
2900 809 3209 876 κρείττονος
3241 804 3334 853 καὶ
3386 799 3567 870 κρίσει
3622 795 3869 864 ἡμετέρᾳ.
3903 794 4005 856 τὴν

2434 906 2670 974 πατρίδα
2700 901 2834 970 ὁμοῦ
2870 901 2962 952 καὶ
2997 897 3094 964 τὴν
3128 891 3476 960 Ἐκκλησίαν,
3523 883 3588 959 ἧς
3618 886 3747 953 θείῳ
3774 884 4006 947 νεύματι

2439 998 2752 1068 προστάτης
2787 992 3075 1059 ἐτύγχανε.
3109 985 3296 1051 Τούτῳ
3321 984 3387 1034 τὰ
3422 979 3690 1032 ἀκόλουθα
3726 976 3832 1026 ἔδει
3857 976 4010 1040 παρὰ

2437 1092 2534 1157 τῆς
2567 1088 2841 1157 ἡμετέρας
2882 1082 3124 1150 ὑπάρξαι
3178 1076 3514 1145 πραότητος*
3553 1070 3694 1122 ὥστε
3731 1067 3911 1119 πάντα
3947 1064 4015 1115 τὰ

2445 1181 2554 1245 πρὸ
2579 1175 2770 1228 τούτου
2806 1170 2947 1224 κατὰ
2985 1170 3094 1220 τῶν
3145 1163 3294 1230 αὑτῷ
3339 1157 3821 1226 κεκοινωνηκότων
3885 1151 4019 1220 ὼρι-

2446 1271 2618 1340 σμένα
2657 1266 2750 1318 νῦν
2779 1262 3053 1332 ἀμνηστίᾳ
3071 1251 3579 1325 παραδοθήσεσθαι·
3605 1247 3783 1301 πᾶσάν
3804 1262 3862 1297 τε
3891 1245 4021 1296 ὑπο-

2443 1363 2576 1432 ψίαν
2608 1359 2705 1428 τὴν
2741 1356 2863 1409 κατ’
2919 1350 3082 1405 αὑτοῦ
3143 1347 3405 1416 σχολάσαι
3457 1343 3550 1394 τοῦ
3584 1341 3800 1392 λοιποῦο
3830 1340 3930 1405 τήν
3960 1353 4022 1387 τε

2450 1452 2699 1505 ἀτέλειαν
2727 1444 2813 1519 ,ἧς
2845 1445 3040 1513 ἔτυχον
3088 1441 3258 1493 πάλαι
3316 1439 3366 1489 οι
3414 1437 3530 1505 ἅμα
3568 1433 3714 1500 αὐτῷ
3766 1429 4025 1497 κληρικοὶ

2452 1543 2663 1603 τούτοις
2696 1535 3062 1609 βεὸαιωθῆναι
3098 1530 3507 1600 προσηκόντως.
3549 1525 3712 1577 Ἀλλὰ
3772 1521 3878 1591 μὴν
3929 1523 4024 1571 καὶ

2451 1635 2612 1688 τοῦτο
2645 1637 2711 1702 τῇ
2739 1633 2815 1692 εἰς
2857 1629 3020 1682 αὑτὸν
3049 1626 3234 1695 χάριτι
3275 1617 3645 1692 προστεθῆναι
3700 1612 4030 1667 ὲδικαιώσα-

2462 1736 2600 1790 μενο
2631 1718 2771 1770 ὥστε
2818 1717 3025 1776 πάντας
3075 1713 3199 1773 τοὺς
3235 1710 3329 1762 τοῦ
3387 1706 3535 1777 ῐεροῦ
3586 1703 3891 1768 καταλόγου
3942 1715 4030 1765 γι-

2460 1815 2730 1868 νώσκειν.
2789 1807 3092 1862 ἐνδεδύσθαι
3141 1805 3201 1856 τδ
3253 1802 3456 1871 ἄφοδον
3511 1800 3646 1852 πᾶσι
3703 1779 3840 1855 τοῖς’
3875 1792 4030 1858 αὺτῷ

2467 1902 2987 1977 προστεθειμένοις,
3044 1896 3154 1948 εἴτε
3205 1895 3527 1952 ἐπισκόποις
3568 1890 3679 1941 εἴτε
3724 1888 4031 1955 κληρικοῖς.

2473 1998 2680 2052 Ἶκανὺν
2704 1996 2759 2048 δὲ
2785 1994 3071 2061 γνώρισμα
3095 1991 3189 2056 τῆς
3212 1989 3442 2039 ἑκάστου
3467 1983 3633 2052 ὀρθῆς
3660 1980 4035 2051 προαιρέσεως

2467 2091 2677 2158 ἔσταιή
2705 2087 2840 2157 πρὸς
2873 2086 3063 2136 τοῦτον
3089 2077 3466 2140 ἓνωσις.⁶’οσοι
3491 2074 3599 2142 γὰρ
3617 2075 3681 2126 ἂν
3701 2074 3797 2141 τῆς
3821 2070 4040 2123 καλλίο-

2473 2200 2563 2243 νος
2582 2178 2717 2247 ὁμοῦ
2747 2175 2979 2246 κρίσεώς
3003 2191 3061 2225 τε
3086 2173 3177 2223 καὶ
3203 2171 3393 2239 μοίρας
3413 2167 3695 2234 γενόμενοι
3723 2165 3822 2231 τὴν
3847 2161 4040 2213 τούτου

2469 2275 2699 2325 ἕλωνται
2725 2267 3028 2326 κοινωνίαν,
3046 2262 3267 2321 τούτους
3291 2259 3494 2318 πάντας
3519 2256 3887 2321 ἐκελεύσαμεν
3917 2250 4045 2304 καθ’

2475 2363 2774 2433 ὁμοιότητα
2805 2362 2904 2427 τῆς
2940 2357 3225 2425 φθασάσης
3261 2352 3541 2423 προνοίας,
3568 2349 3661 2402 καὶ
3693 2348 3791 2414 τῆς
3828 2345 3922 2396 νῦν
3955 2343 4047 2408 ὑφ’

2476 2455 2635 2524 ἡμῶν
2656 2452 2906 2521 βουλήσει
2926 2448 3017 2500 τοῦ
3036 2446 3341 2517 κρείττονος
3364 2441 3806 2511 παρασχεθείσης
3824 2438 4050 2506 χάριτος

2478 2545 2791 2598 ἀπολαύειν.
2808 2541 3058 2609 ηΝικητὴς
3084 2538 3458 2594 Κωνστάντιος
3482 2534 3751 2599 Μέγιστος
3775 2530 4048 2586 Σεϐαστῖυς

2479 2637 2553 2704 τῷ
2579 2635 2694 2704 λαῷ
2733 2634 2828 2702 τῆς
2868 2631 2988 2683 κατ’
3025 2628 3437 2695 Ἀλεξάνδρειαν
3475 2623 3772 2690 καθολικῆς
3812 2619 4053 2683 Ἐκκλη-

2483 2728 2624 2788 σίας.
2656 2726 2863 2777 Σκοπὸν
2914 2721 3223 2789 ποιούμενοι
3264 2720 3363 2786 τὴν
3416 2715 3688 2785 ὑμετέραν
3745 2713 3803 2762 ὲν
3840 2712 4056 2762 ἅπασιν

2483 2820 2763 2887 εὐνομίαν,
2797 2815 2995 2876 εἰδότες
3031 2829 3109 2884 τε.
3139 2811 3213 2872 ὡς
3259 2811 3352 2861 ἐπὶ
3402 2809 3535 2859 πολὺ
3572 2806 3668 2869 τῆς
3699 2804 3794 2855 τοῦ
3832 2806 4058 2854 ἐπισκο-

2493 2911 2714 2971 ποῦντος
2765 2907 3020 2975 προνοίας
3073 2901 3390 2969 ὲστέρησθε,
3433 2897 3748 2951 Ἀθανάσιον
3809 2895 3899 2946 τὸν
3936 2893 4061 2944 ἐπί-

2489 3019 2712 3063 σκοπον,
2741 2999 2906 3067 ἄνδρα
2933 2998 3045 3057 τοῖς
3070 2995 3203 3046 πᾶσι
3229 2993 3322 3045 διά
3353 3007 3411 3042 τε
3444 2989 3538 3053 τὴν
3559 2985 3870 3055 προσοῦσαν
3902 2985 4056 3054 ὀρθό-

2488 3112 2628 3164 τητα
2653 3093 2747 3144 καὶ
2770 3091 2858 3141 διὰ
2888 3091 2986 3158 τὴν
3016 3086 3221 3139 οίκείαν
3251 3084 3540 3152 εὐτροπίαν
3565 3080 3864 3147 γνώριμον,
3899 3077 4066 3127 πάλιν

2416 3208 2460 3263 c
2496 3186 2630 3251 πρὸς
2667 3184 2808 3250 ὑμᾶς
2862 3178 3182 3232 ἀποστεῖλαι
3217 3166 3635 3239 ὲδικαιὼσαμιν.
3663 3169 3866 3220 Τοῦτον
3901 3171 4066 3232 συνή-

2493 3277 2600 3336 θως
2638 3275 2734 3327 καὶ
2759 3271 3150 3338 προσηκόντως
3184 3263 3596 3331 ὑποδεξάμενοι,
3643 3261 3734 3311 καὶ
3767 3262 3889 3320 ταῖς
3931 3261 4070 3325 τρὶς

2494 3369 2586 3420 τὸν
2618 3366 2749 3418 Θεὸν
2783 3364 2966 3432 εὐχαῖς
3005 3359 3198 3428 βοηθὸν
3230 3356 3699 3427 προστησάμενοι,
3725 3353 3821 3420 τὴν
3849 3352 3979 3418 ὑμῖν
4012 3368 4070 3401 τε

2498 3459 2810 3526 πρέπουσαν
2861 3454 2952 3506 καὶ
3002 3453 3134 3521 ἡμῖν
3165 3451 3392 3519 ἀρετὴν,
3425 3449 3677 3515 ὁμόνοιαν
3711 3447 3804 3494 καὶ
3843 3443 4074 3510 εἰρήνην

2499 3551 2642 3603 κατὰ
2671 3550 2762 3600 τὸν
2797 3547 2895 3614 τῆς
2933 3545 3267 3611 Ἐκκλησίας
3305 3538 3504 3608 θεσμὸν
3540 3536 3740 3605 διαρκῆ
3778 3535 4077 3602 φυλάττειν

2504 3642 2878 3697 σπουδάσατεο
2905 3637 3025 3690 οὐδὲ
3059 3638 3166 3705 γὰρ
3214 3632 3437 3698 εὔλογόν
3486 3633 3604 3682 ἐστι
3653 3627 3924 3696 διχόνοιάν
3960 3643 4078 3676 τινα

2569 3736 2757 3789 στάσιν
2793 3735 2848 3784 ὲν
2901 3732 3027 3798 ὑμῖν
3063 3727 3374 3796 κινηθῆναι,
3437 3724 3771 3776 ὑπεναντίαν
3821 3720 3924 3784 τῆς
3970 3719 4081 3769 τᾷιν

2504 3830 2788 3900 ἡμετέρων
2817 3823 3026 3893 καιρῶν
3059 3819 3369 3887 εὐμοιρίας.
3397 3819 3505 3869 Καὶ
3541 3814 3698 3866 τοῦτο
3733 3812 3832 3881 μὲν
3863 3814 4082 3866 animi

2506 3923 2598 3990 ἀφ’
2635 3920 2789 3988 ὑμῶν
2822 3914 3100 3975 παντελῶς
3125 3908 3431 3980 βουλόμεθα
3455 3924 3468 3938 ο
3498 3908 3559 3958 τὸ
3581 3907 3635 3959 δέ
3658 3922 3719 3972 γε
3748 3907 3867 3965 ταῖς
3893 3905 4084 3971 εὖχαῖς

2510 4014 2654 4082 ὑμᾶς
2696 4009 2930 4080 διαρκῶς
2974 4006 3141 4075 αὐτῷ,
3173 4004 3246 4066 ὡς
3287 4001 3634 4070 προείρηται,
3673 3999 3960 4065 προστάτῃ
3993 4001 4085 4046 καλ

2513 4103 2790 4173 έπικούρῳ
2814 4099 3155 4171 χρωμένους,
3173 4093 3306 4164 πρὸς
3327 4093 3385 4144 τὸ
3402 4092 3543 4144 θεῖον
3563 4089 3821 4158 ἐμμένειν
3841 4087 4092 4156 συνήθως

2519 4192 2904 4267 παραινοῦμεν
2927 4208 2942 4223 ·
2975 4190 3048 4250 ὼς
3084 4189 3150 4240 ἂν
3174 4187 3271 4255 τῆς
3304 4183 3558 4250 τοιαύτης
3588 4181 3742 4249 ὑμῶν
3775 4179 4095 4249 προθέσεως

2517 4293 2594 4352 είς
2630 4290 2729 4350 τὰς
2787 4287 3040 4339 ἁπάντων
3081 4281 3242 4349 εὐχὰς
3277 4275 3687 4345 διαϐαινούσης,
3731 4277 3827 4326 καὶ
3874 4276 3941 4324 ἐκ
3984 4274 4096 4325 τῶν

2519 4381 2690 4435 ὲθνῶν
2719 4379 2766 4431 οἱ
2807 4381 2874 4447 τῇ
2899 4376 3010 4428 τῶν
3059 4372 3293 4426 εἰδώλων
3348 4370 3524 4440 πλάνῃ
3557 4369 3636 4419 ἔτι
3665 4369 3761 4420 καὶ
3797 4367 3890 4417 νῖν
3924 4382 4096 4433 προσ-

2524 4476 2848 4541 ανέχοντες,
2885 4468 2979 4518 ἐπὶ
3025 4465 3124 4534 τὴν
3180 4464 3275 4531 τῆς
3332 4462 3482 4530 ἱερᾶς
3539 4459 3728 4520 θυσίας
3793 4459 4101 4523 ἐπίγνωσιν

2455 4547 2492 4596 D
2526 4565 2828 4623 σπεύδοιεν,
2877 4554 3248 4623 Ἀλεξανδρεῖς
3274 4549 3756 4622 προσφιλέστατοι.
3800 4549 3913 4598 Καὶ
3947 4543 4104 4607 αὖθις

2521 4658 2614 4710 οὖν
2667 4647 3042 4722 παραινοῦμεν
3075 4649 3187 4707 τοῖς
3221 4643 3638 4713 προειρημένοις
3683 4640 3975 4708 ἐμμένειν.
4003 4640 4106 4688 Ti»..-

2523 4749 2578 4800 δὲ
2603 4748 2902 4799 ἐπίσκοπον
2931 4740 3096 4809 ψήφῳ
3129 4737 3222 4788 τοῦ
3270 4734 3581 4802 κρείττονος
3614 4733 3706 4784 καὶ
3753 4733 3819 4800 τῇ
3855 4730 4108 4798 ἡμετέρᾳ

2525 4837 2721 4908 γνώμῃ
2766 4830 3204 4900 ἀπεσταλμένον,
3261 4826 3431 4896 ἡδέως
3484 4821 3744 4888 δέξασθε·
3800 4824 3897 4873 καὶ
3956 4823 4111 4891 πάσῃ

2526 4929 2732 4997 ψυχικῇ
2757 4924 2952 4992 γνώμῃ
2988 4918 3270 4975 ἀσπαστὸν
3321 4916 3623 4987 ἡγήσασθε.
3661 4913 3836 4966 Τοῦτο
3869 4916 3986 4982 γὰρ
4019 4918 4110 4966 καὶ

2535 5023 2662 5090 ὑμῖν
2705 5019 2928 5089 πρέπει,
2971 5017 3067 5066 καὶ
3105 5016 3170 5083 τῇ
3223 5010 3472 5081 ἡμετέρᾳ
3507 5008 3773 5079 πραότητι
3807 5009 4114 5076 προσήκειν

2539 5115 2900 5182 συνέστηκεν.
2942 5108 3113 5175 ’Υπὲρ
3166 5106 3275 5174 γὰρ
3321 5103 3415 5156 τοῦ
3468 5104 3652 5156 πᾶσαν
3687 5100 3968 5168 ἁνασοόὴν
4022 5102 4112 5151 καλ

2541 5206 2783 5265 στάσεως
2819 5201 3094 5272 πρόφασιν
3151 5194 3578 5265 περιαιρεθῆναι
3634 5193 3743 5245 τῶν
3781 5191 4116 5258 ὲθελοκακὲξ

2541 5300 2841 5370 χρωμένων
2877 5296 2987 5356 τοῖς
3015 5289 3144 5360 παρ’
3182 5291 3310 5358 ὑμῖν
3335 5289 3615 5350 δικασταῖς
3638 5286 3726 5337 διὰ
3763 5285 4119 5354 γραμμάτων

2544 5392 2984 5464 προσετάξαμεν,
3015 5389 3262 5446 ἅπαντας
3289 5381 3381 5444 οὓς
3419 5382 3484 5434 ἂν
3517 5377 3837 5439 στασιώδεις
3860 5379 4120 5444 καταμα-

2544 5489 2709 5551 θοιεν,
2735 5487 2799 5554 τῇ
2829 5483 2935 5534 τῶν
2962 5481 3142 5548 νόμων
3166 5474 3495 5528 ὑποϐάλλειν
3525 5471 3760 5541 ἐκδικίᾳ.
3802 5469 4120 5538 Ἀμφότίρτ

2547 5579 2726 5630 τοίνυν
2787 5573 3143 5642 συνορῶντες,
3210 5569 3304 5620 καὶ
3356 5568 3457 5634 τὴν
3523 5565 3802 5634 ἡμετέραν
3841 5565 3988 5632 μετα
4028 5559 4126 5611 sub

2553 5672 2864 5742 κρείττονος
2904 5665 3157 5736 γνώμην,
3192 5666 3285 5717 καὶ
3334 5663 3425 5714 τὸν
3471 5661 3609 5730 ὑπὲρ
3665 5657 3819 5728 ὑμῶν
3877 5657 3982 5709 καὶ
4031 5651 4126 5719 τῇς
