4280 6436
368 462 469 524 341

941 588 1193 643 ΚΕΦΑΛ.
1235 591 1360 646 AA'.

360 669 502 752 Περὶ
529 672 638 754 ἰοῦ
688 675 1085 754 ,αἱρεςιιίρχςυ
1130 684 1476 754 -Φωτλεινοῦ’
1526 686 1778 754 καὶπερὶ
1822 686 1930 751 τῆς

427 744 747 824 ἑννξιρμίῳ
772 744 1097 824 τώγ’-τριῶν
1139 752 1438 824 ἐκθέσεων
1490 744 1783 820 πι’στε‹οξ”
1831 744 1929 809 καὶ

420 815 695 876 μάλιστα
726 815 835 882 τῆς
856 815 1100 885 Μάρκου
1125 822 1231 876 τοῦ
1265 822 1665 891 Ἀρεθουσίων
1692 815 1934 879 sinam.

429 896 575 936 που.

416 995 806 1063 Κωνστάντιος
835 1001 892 1055 δὲ
934 1003 993 1067 ἐξ
1031 1004 1205 1073 Ἐᾠας
1250 1007 1331 1068 είς
1373 1008 1475 1076 τὴν
1515 1007 1776 1076 Ἰλλυρίδα
1823 1009 1932 1062 τῶν

353 1089 844 1168 τυράννωνιχάριν
898 1094 997 1161 τὴν
1042 1097 1303 1164 στρατιὰν
1336 1098 1572 1166 ἥλαυνε’
1599 1100 1696 1152 καὶ
1744 1100 1785 1154 ἃ,
1835 1103 1931 1168 μὲν

352 1176 510 1247 αὐτῷ
539 1163 682 1232 κατά
713 1181 823 1234 τῶν
843 1163 1129 1252 τυράννων
1155 1163 1428 1255 ἐπράχθη,
1457 1187 1592 1257 μεεα
1621 1190 1793 1259 βραχὺ
1819 1163 1933 1242 δια-

351 1266 607 1337 λήψομαι
630 1288 644 1301 °
677 1276 981 1341 τηνικαῦτα
1009 1275 1055 1329 δ’
1082 1279 1141 1328 tv
1174 1279 1386 1348 Σιρμίῳ
1430 1282 1654 1348 διάγων,
1686 1283 1752 1334 τά
1793 1281 1934 1334 κατὰ

347 1357 445 1409 τὸν
481 1360 752 1415 dicuntva
780 1366 862 1426 είς
892 1366 1144 1430 ἐξέτασιν
1164 1364 1321 1437 ἦγεν.
1355 1367 1466 1424 Ἦν
1487 1373 1542 1425 δὲ
1582 1365 1736 1434 οὗτος
1761 1373 1932 1432 δεινὸς

351 1450 459 1515 μὲν
494 1451 695 1519 λέγειν,
730 1457 828 1509 καὶ
863 1458 1074 1512 πείθειν
1107 1460 1348 1527 μάλιστα
1382 1464 1561 1524 ἱκανός
1588 1480 1601 1494 ο
1627 1463 1729 1530 τῆς
1754 1465 1930 1516 ὲκεῖσε

348 1541 397 1591 δ’
435 1542 739 1607 ἐκκλησίας
767 1548 1087 1616 προῖστατο.
1121 1551 1332 1619 Καινῆς
1357 1551 1403 1604 δ’
1441 1552 1710 1619 αἱρέσεως
1744 1553 1931 1620 φανεὶς

348 1633 624 1701 ἀρχηγὸς,
658 1637 890 1700 πολλοὺς
923 1641 1060 1710 πρὸς
1091 1641 1190 1711 τὴν
1220 1644 1427 1696 οίκείαν
1457 1644 1617 1709 δόξαν
1653 1645 1887 1714 ἐπήγετο
1913 1660 1928 1674 ο

352 1721 597 1786 μάλιστα
646 1725 702 1777 δὲ
750 1728 922 1797 αὐτην
952 1731 1392 1801 ἐπαρρησιάζετο
1437 1737 1502 1801 τῇ
1536 1733 1639 1807 τοῦ¹
1668 1733 1931 1803 βασιλέως

347 1812 646 1885 ἐπιδημίᾳ.
700 1816 950 1883 Ἒὸόξαζε
984 1823 1086 1889 μὲν
1116 1823 1226 1892 γὰρ
1261 1821 1401 1877 εἶναι
1445 1824 1539 1876 ἕνα
1573 1824 1706 1876 Θεὸν
1735 1841 1933 1876 παντο-

1292 476 1895 539 ECCLESIASTJCA!
1943 482 2329 546 lllS'l‘UliMS
2372 490 2520 548 LlB-
2563 492 2666 550 1X.

3494 491 3614 553 342‘

2580 604 2809 661 CAPUT
2848 603 3039 658 XXXI.

2033 691 2109 743 De
2151 694 2496 747 Ita'rest'urclm
2530 691 2771 758 Pltotino,
2812 705 2861 748 et
2904 707 2964 749 ac
2995 695 3157 747 tribus
3195 694 3319 761 ﬁdei
3357 695 3594 761 formulis

2106 763 2159 812 in
2211 762 2405 816 Sirmio
2453 766 2625 827 editis,
2674 766 2980 817 ctmaxime
3015 766 3076 817 de
3122 764 3292 818 Marci
3331 766 3595 820 Arethtmt'

2101 832 2329 899 episcopi
2352 832 2473 899 ﬁdei
2499 836 2838 903 expositione.

2101 1008 2455 1065 Constantinus
2501 1019 2681 1065 autem
2722 1026 2787 1065 ex
2825 1010 3047 1065 Oriente
3086 1013 3139 1065 in
3181 1011 3455 1080 Illyricum
3495 1008 3596 1061 ad-

2031 1115 2225 1155 versus
2261 1110 2526 1170 tyrannos
2555 1103 2858 1157 exercitum
2898 1101 3158 1156 ducebat.
3204 1101 3272 1155 Et
3304 1115 3426 1169 quae
3461 1094 3596 1155 con-

2032 1200 2113 1244 tra
2145 1206 2244 1246 eos
2275 1193 2527 1261 gesserit.
2565 1194 2728 1263 paulo
2776 1203 2903 1265 post
2950 1195 3209 1249 referam.
3240 1191 3376 1247 Cum
3413 1201 3594 1247 autem

2032 1281 2216 1337 Sirmii
2268 1294 2446 1349 esset,
2500 1283 2716 1340 Pbotini
2777 1285 2975 1354 dogma
3034 1284 3088 1337 in
3149 1282 3616 1353 disquisitionem-

2031 1370 2281 1425 adduxit.
2324 1371 2429 1438 Qui
2478 1372 2746 1442 eloquens
2787 1373 3032 1443 quidem.
3064 1382 3121 1429 et
3152 1372 3217 1427 ad
3260 1372 3598 1442 persuaden-

2032 1462 2159 1513 dum
2193 1462 2445 1529 idoneus,
2469 1464 2822 1532 ecclesiaeque
2849 1463 3172 1519 Sirmiensis
3197 1464 3428 1519 antistes
3452 1461 3558 1516 fuit
3582 1484 3597 1515 :

2032 1568 2173 1606 nova
2201 1564 2382 1608 autem
2413 1555 2608 1610 haeresi
2638 1555 2909 1620 instituta,
2940 1556 3143 1609 multos
3174 1554 3228 1609 in
3260 1555 3591 1608 sententiam

2034 1658 2190 1697 suam
2250 1652 2629 1713 pertraxerat;
2689 1659 2852 1714 quam
2912 1643 3075 1697 etiam
3138 1644 3192 1696 in
3250 1643 3599 1708 imperatoris

2031 1735 2325 1804 praesentia
2358 1735 2637 1804 prepalam
2667 1744 2725 1789 et
2754 1736 2929 1789 libere
2961 1734 3361 1805 promulgabat.
3394 1734 3598 1802 Dogma

2029 1828 2153 1894 ejus
2201 1832 2346 1891 erat,
2384 1841 2553 1881 unum
2606 1842 2727 1883 esse
2781 1827 2952 1881 Deum
3010 1826 3467 1895 omnipotentem,
3501 1824 3594 1893 qui

346 1904 623 1972 κράτορα,
658 1908 734 1977 τῷ
782 1911 973 1981 οἰκείῳ
1028 1913 1173 1984 λόγῳ
1212 1915 1275 1966 τὸ
1319 1917 1427 1968 πᾶν
1480 1917 1888 1985 συστησάμενον
1912 1932 1926 1946 ·
1961 1930 2036 1982 [3‘

1912 1932 1926 1946 ·
1961 1930 2002 1982 Β
2031 1917 2202 1971 verbo
2241 1932 2341 1971 suo
2376 1918 2791 1973 universitatem
2838 1917 2981 1971 hanc
3025 1916 3395 1972 constituerit.
3428 1917 3597 1971 Ante—

345 1996 435 2047 ὅτι
452 1996 512 2049 δὲ
539 2000 871 2066 προσιώνιος
894 2005 927 2072 ἡ
952 2004 1047 2057 τοῦ
1075 2006 1253 2073 Λόγου
1275 2008 1529 2075 γέννησίς
1550 2024 1609 2060 τε
1633 2010 1726 2060 καὶ
1752 2008 1927 2077 ὓπαρ-

347 2089 459 2153 ξις,
514 2091 868 2146 παντάπασιν
920 2098 1307 2165 ἀπηγόρευεν·
1341 2100 1401 2150 ὲκ
1452 2100 1671 2168 Μαρίας
1715 2100 1773 2151 δὲ
1831 2100 1928 2169 τὴν

345 2179 531 2247 ἀρχὴν
573 2181 743 2251 ἔχειν.
773 2184 979 2237 Τούτου
1027 2186 1085 2239 δὲ
1120 2190 1391 2258 πανταχοῦ
1422 2190 1925 2260 διαθρυλληθέντος,

346 2269 553 2332 πάντες
583 2271 631 2322 οί
661 2272 766 2324 ἀνά
791 2273 890 2341 τὴν
907 2273 1023 2327 Ἕω
1044 2276 1135 2328 καὶ
1161 2274 1430 2345 Ἑσπέραν
1458 2277 1767 2343 ἐπίσκοποι,
1789 2278 1841 2330 οῖ
1866 2296 1924 2332 τι

345 2360 452 2429 τῆς
483 2363 541 2414 tv
563 2363 775 2435 Νικαία
797 2366 1144 2435 ἀντεχόμενοι
1170 2366 1433 2431 πίστεως,
1459 2370 1553 2421 καὶ⁵
1573 2370 1690 2422 ὅσοι
1730 2370 1926 2440 Ἀρείῳ

346 2458 672 2524 προσεῖχον,
707 2456 922 2527 βαρέως
957 2454 1121 2525 εῐχον.
1157 2460 1315 2511 Κατὰ
1345 2460 1563 2513 πάντων
1596 2461 1706 2530 γάρ
1734 2478 1926 2515 νεωτε-

347 2549 530 2617 ρίζειν
554 2553 618 2601 τὸ
648 2549 918 2601 Φωτεινοῦ
948 2549 1122 2619 δόγμα
1165 2552 1433 2620 ένόμιζον.
1467 2554 1580 2605 Οὐκ
1632 2556 1691 2607 tv
1722 2555 1926 2626 μετρίῳ

343 2639 403 2691 δὲ
440 2640 539 2691 καὶ
566 2642 595 2691 ό
643 2637 898 2709 βασιλεὺς
930 2641 1172 2694 ἐποιεῖτο
1210 2643 1313 2711 τὴν
1356 2644 1654 2710 διαφωνίαν
1679 2646 1883 2713 ταύτην
1904 2664 1920 2681 ·

342 2729 502 2781 ἔνθεν
526 2746 608 2781 τοι
641 2731 738 2782 καὶ
777 2731 994 2783 σύνοδον
1021 2735 1203 2785 ἐκεῖσε
1233 2734 1613 2798 Κωνστάντιος
1661 2739 1921 2808 συνεκρό-

340 2837 450 2873 τει.
489 2822 599 2874 Καὶ
625 2820 691 2890 δὴ
720 2821 985 2891 συνῆλθον
1021 2825 1084 2877 ὲκ
1113 2824 1214 2890 μὲν
1241 2828 1341 2895 τῆς
1372 2825 1488 2880 Ἕω
1503 2828 1731 2898 Μάρκος
1763 2832 1791 2883 ὁ
1816 2829 1925 2882 τῶν

353 2913 719 2980 Ἀρεθουσίων
747 2916 1068 2981 ἐπίσκοπος,
1095 2916 1368 2987 Γεώργιος
1392 2921 1420 2972 ό
1445 2918 1546 2987 τῆς
1575 2921 1634 2973 ὲν
1678 2920 1925 2985 ’Δλεξαν-

338 3004 500 3074 δρετᾳ
532 3005 818 3073 προεστὼς
852 3007 1207 3073 Ἐκκλησεας,
1231 3008 1293 3062 ὃν
1320 3010 1371 3062 οί
1397 3008 1460 3074 t5
1500 3012 1713 3079 ’Δρείου
1744 3014 1920 3082 επεμο

338 3114 451 3150 πον
472 3114 489 3130 ·
517 3101 615 3151 καὶ
662 3099 970 3165 Βασίλειος,
995 3101 1053 3162 ὃς
1081 3101 1409 3172 Μάρκελλον
1454 3102 1699 3158 ἐκϐαλὼν
1737 3101 1915 3173 αὖθις,

335 3194 443 3257 τῆς
487 3193 546 3244 tv
582 3192 827 3264 Ἀγκύρᾳ
856 3193 1129 3257 Γαλατίας
1178 3194 1465 3263 προεστὼς
1507 3193 1608 3267 ἦν·
1640 3199 1670 3251 ὅ
1700 3214 1761 3250 τε
1810 3200 1921 3268 [Ιη-

2031 2009 2349 2063 saecularem
2394 2024 2525 2063 vero
2568 2008 2724 2063 verbi
2756 2007 3166 2077 generationem
3219 2017 3278 2061 et
3325 2008 3597 2060 exsisten-

2030 2102 2161 2154 tiam
2199 2116 2426 2166 prorsus
2471 2101 2729 2169 negabat.
2771 2100 2849 2155 Ex
2884 2100 3052 2153 Maria
3095 2109 3277 2153 autem
3312 2097 3593 2153 Christum

2028 2193 2244 2246 initium
2301 2193 2603 2261 sumpsisse
2655 2192 2911 2245 docebat.
2960 2190 3035 2244 Eo
3084 2191 3338 2260 dogmate
3390 2187 3596 2257 ubique

2026 2283 2327 2352 divulgato,
2353 2282 2597 2336 universi
2628 2291 2736 2335 tam
2783 2282 2837 2335 in
2871 2280 3094 2336 Oriente
3133 2295 3296 2351 quam
3335 2280 3388 2333 in
3434 2278 3595 2346 Occi-

2026 2376 2191 2429 dente
2236 2375 2506 2444 episcopi,
2539 2374 2653 2428 sive
2688 2374 2964 2428 Nicsenam
3005 2386 3373 2441 sequerentur
3408 2370 3593 2429 ﬁdem.

2025 2482 2121 2521 seu
2158 2466 2413 2520 Arianam
2454 2465 2921 2534 complecteretur
2963 2466 3318 2529 sententiam,
3354 2464 3597 2532 graviter

2024 2558 2080 2614 id
2139 2556 2361 2611 tulere:
2400 2555 2563 2626 750
2613 2557 2759 2627 quod
2814 2573 2879 2611 ex
2949 2573 3107 2627 aequo
3170 2565 3361 2610 contra
3406 2570 3596 2609 omnes

2025 2663 2196 2702 novas
2221 2662 2322 2702 .res
2356 2648 2620 2701 inducere
2648 2648 3087 2701 existimaretur.
3123 2645 3202 2700 Ne
3228 2645 3345 2714 ipse
3373 2638 3593 2714 quidem

2024 2740 2328 2809 imperator
2378 2738 2733 2793 mediocriter
2775 2738 3004 2791 dissidio
3036 2753 3103 2791 eo
3140 2747 3223 2790 est
3262 2745 3608 2789 commottts..

2023 2833 2369 2901 Quapropter
2404 2832 2572 2886 etiam
2605 2830 2899 2886 concilium
2935 2830 3009 2884 ibi
3044 2830 3243 2897 coegit.
3274 2827 3595 2882 Convenere

2024 2939 2091 2978 eo
2124 2940 2189 2979 ex
2223 2923 2450 2979 Oriente
2480 2923 2751 2992 episcOpi,
2784 2922 2999 2976 Marcus
3044 2920 3392 2983 Arethusius,
3425 2918 3603 2973 Geor-7

2020 3016 2141 3086 gius
2173 3015 2602 3078 Alexandrinus,
2636 3030 2801 3083 quem
2849 3014 3037 3067 Ariani
3090 3013 3351 3066 miserant
3385 3026 3400 3064 :
3440 3011 3593 3065 Basi-

2018 3107 2129 3161 lius
2162 3106 2257 3175 qui
2299 3121 2423 3160 cum
2472 3105 2785 3161 Marcellum
2828 3119 3022 3160 rursus
3056 3104 3332 3174 ejecisset,
3364 3107 3589 3173 Ancyra:

2019 3197 2244 3254 Galatia:
2296 3207 2557 3266 praeerat,
2593 3196 2917 3252 Pancratins
2971 3196 3280 3257 l’elusiota.
3324 3203 3380 3249 et
3413 3194 3593 3264 Hypa-

336 3283 649 3353 λουσιὼτης
679 3286 1047 3355 ΙΙαγκράτιος,
1071 3288 1168 3340 καὶ
1200 3288 1533 3351 ’Υπατιανδς
1566 3290 1920 3358 Ἡρακλείας*
1949 3273 1992 3331 c
2023 3305 2026 3314 ‘

1908 3305 1920 3322 ’
1949 3273 1992 3331 (ἶ
2023 3290 2208 3344 tianus
2255 3289 2627 3344 Heracleotes.
2666 3290 2744 3342 Ex
2779 3286 3098 3353 Occidente,
3145 3287 3341 3342 Valens
3380 3285 3598 3340 Murso-,

334 3378 444 3445 τῆς
471 3377 520 3431 δ’
549 3379 812 3449 ἑσπέρας,
840 3380 1061 3447 Οὐάλης
1097 3397 1157 3433 τε
1184 3383 1214 3433 ό
1237 3382 1533 3451 Μουρσῶν,
1568 3385 1664 3435 καὶ
1692 3385 1721 3434 ὸ
1753 3385 1921 3449 πολὺς

335 3464 443 3537 τὴν
466 3470 671 3538 ἀρετὴν
694 3471 902 3537 Ὅσιος,
930 3471 1284 3541 Κουδρούσης
1307 3472 1410 3541 τῆς
1434 3475 1493 3526 tv
1534 3475 1780 3544 Ἰσπανίᾳ
1806 3475 1924 3528 επί-

337 3579 573 3623 σιοπος,
611 3563 959 3632 ὁμολογητὴς
984 3562 1082 3627 ὢν,
1112 3566 1208 3617 κα)⁵
1244 3565 1343 3632 τῆς
1373 3567 1432 3617 tv
1464 3566 1667 3636 Νικαίᾳ
1698 3566 1919 3619 συνόδου

335 3655 765 3722 κεκοινωνηκὼς
790 3671 805 3685 ·
833 3655 893 3718 ὃς
936 3658 1035 3726 οὐχ
1083 3656 1228 3709 ἑκὼν
1254 3656 1562 3725 τηνικαῦτα
1590 3660 1772 3730 παρῆν
1795 3676 1809 3692 σ
1838 3660 1923 3713 δό-

335 3746 458 3809 λνις
486 3745 601 3814 γὰρ
624 3746 735 3799 τῶν
776 3734 1084 3815 ’Δρειανῶν
1104 3746 1168 3799 ού
1204 3747 1384 3816 πολλῷ
1410 3748 1681 3819 πρότερον
1725 3749 1924 3819 ὑπερόο

340 3854 463 3906 ριος
490 3836 758 3903 γεγονὼς,
792 3838 1000 3907 σπουδῇ
1035 3838 1146 3891 τῶν
1179 3838 1308 3908 περὶ
1330 3840 1559 3909 Σίρμιον
1594 3840 1924 3910 συνδραμόν-

335 3944 454 3979 των
492 3926 765 3996 βασιλικῷ
820 3929 1098 3998 ἐπανῆλθε
1152 3930 1509 3999 κελεύσματι.
1549 3933 1656 3986 Καὶ
1704 3933 1811 4002 γὰρ
1866 3934 1923 3984 tv

335 4017 561 4071 ἐλπίσιν
584 4013 747 4088 ἦσαν,
768 4017 865 4085 ὡς,
883 4021 930 4071 εί
953 4019 1247 4089 σύμψηφος
1272 4022 1503 4083 ἐκείνοις
1525 4023 1736 4089 γένοιτο
1756 4023 1786 4090 ἢ
1811 4040 1927 4076 πει-

338 4108 480 4177 θοῖῆ
508 4107 622 4179 βίᾳ,
648 4108 836 4175 σφίσιν
856 4110 1082 4179 ἀρκέσει
1106 4109 1243 4179 πρὸς
1267 4112 1531 4164 σύστασιν
1549 4113 1643 4163 τοῦ
1660 4113 1923 4183 σφετέρου

336 4200 660 4267 δόγματος·
695 4198 793 4253 ἆτε
849 4199 914 4268 δὴ
960 4200 1263 4270 ἀξιόχρεως
1318 4202 1525 4273 μάρτυς
1573 4204 1668 4257 καὶ
1720 4201 1832 4258 οἷόν
1873 4223 1925 4258 τι

337 4286 684 4354 θαῦμα-τοῖς
709 4286 829 4337 τότε
857 4287 1167 4357 ἀνθρώποις
1216 4290 1565 4358 φαινόμενος.
1582 4292 1670 4355 Ὡς
1697 4294 1752 4345 δὲ
1778 4311 1925 4362 παρ-

336 4378 529 4445 ῃτεῖτο
550 4374 917 4435 συντίθεσθαι,
948 4377 1297 4447 παντοδαπὴν
1320 4378 1411 4431 καὶ
1457 4378 1611 4441 αὖθις
1656 4381 1926 4450 τιμωρίαν

339 4468 619 4533 ὑφίστατο
650 4467 768 4526 ταῖς
811 4465 891 4535 τῷ
948 4466 1131 4534 πολλῷ
1173 4469 1354 4539 χρόνῳ
1385 4472 1925 4540 κατερῤικνωμέναις

2022 3398 2167 3444 rum.
2200 3390 2257 3437 et
2299 3393 2526 3451 prapter
2563 3382 2825 3435 virtutem
2862 3396 3092 3451 magnus
3135 3379 3333 3434 ilosius
3373 3378 3589 3433 Cordu-

2021 3472 2103 3527 ba:
2134 3472 2208 3539 (l)
2244 3470 2521 3539 Hispania:
2553 3471 2706 3525 urbis
2738 3470 3053 3539 episcopus,
3098 3470 3380 3523 confessor
3407 3478 3461 3523 et
3489 3468 3588 3522 Ni-

2022 3576 2189 3615 caena:
2219 3561 2411 3631 synodi
2442 3561 2740 3630 particeps,
2764 3563 2858 3629 qui
2889 3559 3113 3629 quidem
3142 3560 3447 3628 perinvitus
3474 3571 3588 3612 tum

2022 3651 2210 3706 Sirmii
2260 3650 2439 3706 aﬂ‘uit.
2491 3636 2819 3706 Arianorum
2869 3651 3016 3706 enim
3058 3652 3184 3706 dolo
3228 3667 3337 3705 non
3380 3653 3588 3706 dudum

2022 3750 2182 3796 antea
2214 3740 2268 3795 in
2300 3742 2554 3796 exsilium
2582 3742 2797 3811 pulsus,
2830 3742 3210 3796 annitentibus
3241 3746 3323 3797 eis
3354 3744 3449 3811 qui
3478 3743 3592 3797 Sir-

2022 3833 2192 3885 mium
2238 3840 2608 3885 convenerant
2648 3832 2748 3901 (2),
2788 3833 3060 3901 imperiali
3108 3832 3292 3886 edicto
3332 3834 3597 3887 reductus

2024 3924 2227 3979 fuerat.
2256 3924 2623 3992 Speraverant
2652 3926 2801 3978 enim
2837 3925 2938 3990 illi,
2969 3925 3014 3979 si
3052 3926 3101 3979 is
3130 3924 3460 3994 συσπ-δικαιοῖ
3495 3942 3590 3980 eo-

2025 4032 2148 4070 rum
2185 4016 2302 4070 sive
2342 4018 2695 4085 persuasione
2732 4032 2829 4069 seu
2875 4017 2943 4069 vi
2976 4017 3151 4075 ﬁeret.
3188 4013 3417 4070 multum
3460 4033 3586 4072 eum

2021 4110 2090 4162 ad
2126 4109 2573 4161 constituendum
2620 4107 3123 4176 stabilienduntque
3164 4107 3355 4177 dogma
3397 4125 3587 4163 eorum

2024 4200 2290 4255 momenti
2349 4199 2647 4252 allaturum
2706 4214 2875 4253 esse:
2921 4207 2979 4252 ut
3032 4199 3125 4267 qui
3165 4210 3423 4267 spectata
3485 4202 3588 4255 ﬁde.

2026 4288 2203 4352 testis,
2246 4296 2302 4342 et
2338 4287 2505 4341 veluti
2556 4286 2878 4340 miraculum
2931 4288 3207 4356 quoddam
3250 4289 3369 4357 ejus
3410 4292 3589 4342 aetatis

2024 4378 2346 4433 hominibus
2372 4376 2694 4431 haberetur.
2724 4377 2926 4431 Verum
2960 4378 3052 4431 ubi
3083 4380 3336 4432 assentiri
3380 4381 3463 4433 eis
3495 4396 3585 4434 re-

2023 4468 2166 4530 nuit,
2202 4466 2384 4520 varios
2430 4480 2648 4519 rursum
2696 4475 2981 4520 contracto
3022 4467 3131 4537 jam
3180 4476 3588 4538 extenuatoque

336 4562 561 4613 ἐκείνου
599 4577 664 4612 σα
676 4560 814 4629 ρξῖν,
846 4559 923 4621 ὡς
969 4561 1067 4613 καὶ
1097 4560 1361 4626 στρέϐλας
1389 4566 1483 4615 καὶ
1521 4561 1733 4631 πληγὰς
1762 4563 1917 4630 ἐνεγ-
1941 4594 1995 4655 D
2024 4598 2026 4619 ε

1892 4592 1917 4603 -
1941 4594 1995 4655 D
2024 4558 2274 4629 graviore
2319 4567 2478 4612 aetate
2522 4572 2755 4626 corpore
2803 4559 3067 4612 sustinuit
3103 4561 3404 4623 cruciatus,
3444 4562 3582 4614 adeo

334 4655 481 4704 κεῖν.
512 4650 680 4702 Ὅθεν
708 4652 798 4701 καὶ
831 4648 1099 4717 βιασθεὶς,
1125 4651 1247 4712 ταῖς
1278 4651 1617 4715 ὲκδοθείσαις
1642 4652 1913 4716 ὲκθέσεσι,

326 4746 492 4812 τρεῖς
519 4742 577 4795 δὲ
604 4737 772 4811 ἦσαν,
809 4744 905 4793 καὶ
950 4742 1208 4794 συνέθετο
1248 4742 1345 4794 καὶ
1390 4743 1729 4811 ὑπέγραψεν.
1770 4742 1833 4796 'H
1859 4744 1916 4797 δὲ

332 4834 586 4895 σύνοδος,
621 4836 691 4885 τά
735 4832 1026 4886 Σαϐελλίου
1058 4830 1152 4884 τοῦ
1183 4831 1406 4895 Λίϐυος,
1453 4834 1547 4885 καὶ
1578 4835 1644 4886 τὰ
1680 4833 1774 4885 τοῦ
1809 4834 1916 4885 Σαο

331 4925 630 4990 μοσατέως
670 4924 911 4988 Παύλου,
971 4925 1066 4976 τὸν
1102 4924 1368 4977 Φωτεινδν
1408 4924 1501 4976 καὶ
1557 4925 1776 4992 φρονεῖν
1823 4923 1917 4977 καὶ

326 5015 618 5067 διδάσκειν
651 5017 976 5079 φωράσασα.
1014 5013 1180 5076 εὐθὺς
1212 5013 1310 5083 τῆς
1355 5013 1724 5082 ίπισκοπικῆς
1758 5013 1916 5076 ἀξίας

330 5107 672 5175 ἐγύμνωσαν
697 5121 713 5136 θ
745 5105 775 5158 δ
799 5104 884 5175 δὴ,
918 5106 991 5167 ὡς
1027 5104 1208 5168 καλῶς
1240 5104 1633 5173 γεγενημένον,
1676 5106 1770 5157 καί¹
1793 5105 1915 5157 τότε

329 5202 434 5250 καὶ
466 5199 610 5265 μετὰ
644 5198 816 5249 ταῦτα
841 5198 1042 5260 πάντες
1067 5195 1351 5265 ἔστερξαν,
1390 5197 1487 5249 καὶ
1519 5196 1791 5265 ἀποδοχῆς
1817 5197 1917 5265 τῆς

328 5290 699 5358 καθηκούσης
725 5290 986 5360 ἠξίωσαν.
1020 5290 1431 5359 Ἐπιμείναντες
1454 5290 1512 5343 δέ
1536 5306 1700 5355 τινες,
1726 5288 1917 5359 ὥσπερ

325 5384 450 5437 τῶν
474 5381 767 5452 προτέρων
796 5382 1071 5440 ἐκθέσεων
1095 5382 1524 5450 κατεγνωκότες,
1552 5384 1702 5451 τρεῖς
1726 5382 1918 5450 ἑτέρας

414 5516 496 5583 (l)
525 5517 748 5576 Hosius.
775 5516 1064 5569 tormentis
1095 5523 1338 5577 coactus,
1377 5512 1550 5583 tribus
1587 5514 1914 5568 Arianorum

328 5581 485 5644 ﬁdei
514 5586 772 5639 formulis
801 5583 1149 5653 subscripsit,
1180 5583 1465 5645 Photinus,
1490 5581 1789 5653 rSahellius,
1819 5583 1919 5637 Sa-

332 5669 687 5714 mosatenns.
713 5654 897 5708 Sirmii
924 5652 1193 5706 damnati.
1228 5654 1446 5708 Sozam.
1486 5652 1584 5706 lib.
1614 5669 1687 5714 tv.
1710 5667 1830 5722 cap.
1860 5653 1914 5708 6.

330 5732 556 5783 δραι-πί.
600 5726 695 5778 lib.
735 5741 795 5786 tt,
826 5739 945 5791 cap.
977 5724 1065 5777 50.

409 5798 490 5857 εἰ)
552 5796 911 5849 Strrniensem
991 5802 1323 5846 conventum
1389 5802 1637 5849 coactum
1695 5796 1918 5849 tradunt

333 5880 467 5937 poSt
517 5865 691 5934 Scrgii
746 5874 802 5919 et
857 5861 1099 5932 Nigriani
1151 5863 1541 5919 consulatum:
1603 5880 1716 5933 quo
1748 5880 1913 5933 anno,

2022 4659 2083 4704 ut
2111 4650 2178 4704 ad
2212 4649 2462 4703 ﬁdiculas
2495 4657 2553 4703 et
2587 4647 2817 4703 verbera
2854 4650 3188 4717 pervenerit.
3239 4650 3451 4715 Quibus
3493 4652 3587 4707 ille

2018 4749 2265 4805 coactus,
2302 4742 2478 4795 tribus
2519 4755 2713 4795 eorum
2749 4740 2915 4796 editis
2950 4741 3069 4795 ﬁdei
3108 4742 3355 4796 formulis
3389 4759 3580 4811 assen-

2019 4835 2095 4890 sit
2133 4841 2189 4887 et
2233 4833 2577 4901 subscripsit.
2613 4832 2717 4886 Sed
2752 4835 2896 4885 enim
2934 4837 3193 4903 synodus,
3220 4850 3343 4888 cum
3377 4834 3580 4890 Photi-

2017 4942 2151 4980 num
2195 4941 2319 4979 cum
2372 4924 2869 4990 SabelliO-Libyco
2916 4935 2970 4979 et
3022 4926 3188 4979 l’aulo
3224 4926 3582 4981 Samosateno

2019 5020 2231 5084 lacere,
2282 5018 2644 5087 eamdemque
2693 5017 2893 5071 docere
2944 5018 3229 5071 manifesto
3272 5018 3583 5086 deprehen-

2017 5108 2211 5171 disset,
2242 5107 2430 5162 statim
2462 5106 2513 5161 ei
2546 5106 2911 5175 episcopalem
2946 5105 3230 5174 abrogavit
3259 5108 3579 5175 dignitatem

2018 5198 2173 5266 Quod
2205 5214 2338 5253 sane
2385 5207 2443 5251 ut
2481 5199 2587 5251 rite
2614 5208 2781 5265 atque
2810 5198 3003 5251 ordine
3038 5196 3261 5260 factum,
3290 5206 3345 5251 et
3379 5207 3492 5250 tum
3524 5207 3582 5251 et

2019 5301 2209 5361 postea
2262 5304 2455 5344 omnes
2510 5288 2781 5357 complexi
2833 5297 2981 5351 sunt,
3026 5297 3099 5341 et'
3131 5288 3582 5356 comprobatione

2019 5382 2202 5438 debita
2261 5380 2487 5451 dignum
2535 5379 2879 5450 iudicarunt.
2930 5377 3204 5432 Caeterum
3245 5378 3323 5432 illi
3371 5378 3583 5432 diutius

2020 5532 2193 5585 neque
2240 5532 2305 5570 ex
2342 5514 2587 5577 Oriente,
2618 5529 2796 5581 neque
2849 5530 2909 5565 ex
2956 5512 3250 5567 Occidente
3288 5512 3577 5580 quisquam

2018 5586 2208 5642 consul
2254 5597 2472 5639 creatus
2506 5586 2689 5647 fuerit,
2735 5595 2952 5652 prapter
2985 5593 3578 5652 tyrannorum,motus,

2017 5669 2073 5711 (ιι
2144 5656 2455 5722 reipublic-2
2519 5651 3012 5721 pellul‘ltalitmcltt.
3077 5651 3446 5722 Socrat._lib.
3518 5666 3577 5713 ιι,

2017 5742 2138 5792 cap.
2172 5720 2262 5778 29.
2307 5720 2645 5779 Suzom.|ib.
2694 5739 2767 5784 tv,
2814 5739 2934 5790 cap.
2988 5720 3320 5774 (λείποιιίοἱ
3371 5731 3575 5792 tamen.

2019 5787 2418 5858 observatores,
2452 5807 2574 5845 coss
2627 5787 2892 5844 adnatant
2942 5791 3319 5845 Constantium
3355 5792 3488 5861 Aug.
3514 5787 3578 5856 Υ.

2018 5864 2432 5921 Constantinum
2466 5862 2672 5917 Uallqu
2722 5862 3008 5915 (Iit-sarem.
