4280 6436
729 395 835 456 343

1923 409 2344 469 ΝΙΕΕΡΠΟΙΗ
2384 415 2734 478 CALLISTI

3865 418 3967 482 344

727 505 797 558 ibi
827 516 1134 569 manentes,
1165 509 1395 575 perinde
1425 521 1588 578 atque
1619 511 1829 579 priores
1863 516 1986 568 fidei
2026 517 2291 570 formulas
2317 515 2365 572 Α
2396 523 2417 574 ιζ

2278 515 2365 572 ιΑ
2396 523 2734 592 ὑπηγόρευον
2796 525 3028 588 πίστεις.
3077 526 3188 595 Τὴν
3225 527 3327 593 μὲν
3373 524 3464 578 οῦν
3524 524 3653 596 μίαν
3699 524 3968 596 Ἑλλήνων

723 597 1074 664 damnarent,
1110 610 1222 654 tres
1265 602 1400 656 alias
1441 605 1885 674 promulgarunt.
1913 607 2092 676 Atque
2125 623 2286 660 unam

724 687 947 754 quidem
996 689 1183 743 Grzeca
1227 691 1414 760 lingua
1447 694 1658 750 Marcus
1689 698 2020 752 Arethusius
2063 714 2288 767 compo-

724 779 857 841 suit,
900 781 1121 848 reliqua:
1155 783 1350 837 Latino
1385 801 1639 841 sermone
1672 788 1888 842 fuerant
1919 792 2241 859 eonscriptm
2272 811 2284 843 :

724 886 846 938 quae
900 872 1060 929 simul
1105 883 1160 927 et
1211 876 1394 928 verbis
1447 886 1502 929 et
1551 893 1740 932 eorum
1789 889 2063 933 structura
2124 892 2288 948 atque

722 963 1124 1030 compositione
1190 968 1256 1018 ab
1310 969 1586 1022 Arethusii
1653 973 1996 1039 expositione
2063 987 2289 1040 pmrs-ts

723 1054 1086 1109 dissidebant.
1129 1055 1270 1121 Quin
1323 1076 1499 1128 neque
1544 1063 1734 1115 eadem
1772 1079 1893 1131 qum
1928 1064 2137 1131 priores
2178 1065 2290 1117 ior-

722 1145 882 1199 inuize
961 1150 1490 1217 complectebantur.
1550 1151 1733 1207 Gmca
1814 1171 2047 1223 namque
2112 1173 2288 1225 neque

717 1237 1027 1304 ὸμοούσιον,
1050 1242 1603 1308 consubstantialem,
1625 1260 1802 1312 neque
1833 1247 2195 1315 ὀμοιοούσιον.
2216 1249 2288 1300 si-

720 1327 903 1380 milem
940 1331 1265 1393 substantia,
1291 1333 1434 1386 Patri
1468 1334 1662 1387 Filium
1705 1336 1938 1391 dicebat.
1971 1337 2038 1390 Et
2071 1353 2166 1390 eos
2195 1338 2286 1404 qui

718 1419 986 1474 docerent
1025 1423 1220 1476 Filium
1262 1425 1521 1494 principii
1571 1439 1856 1496 expertem
1888 1445 2031 1489 esse,
2072 1441 2166 1482 aut
2195 1431 2285 1498 qui

719 1508 916 1563 Filium
945 1513 1222 1566 dilatatam
1255 1515 1347 1566 Dei
1383 1516 1745 1569 substantiam
1776 1517 2042 1577 facerent.
2074 1528 2168 1571 aut
2193 1520 2286 1588 qui

717 1603 886 1654 etiam
917 1605 1294 1671 conjunctum,
1331 1622 1436 1658 non
1469 1617 1649 1660 autem
1685 1607 1994 1676 subjectum
2027 1610 2170 1664 Patri
2206 1612 2291 1663 di-

717 1703 906 1746 ecrent
927 1733 941 1756 ,
992 1697 1526 1751 excommunicabat.
1554 1697 1709 1766 751
1744 1699 1936 1754 ltidem
1962 1717 2094 1754 vero
2125 1712 2181 1756 et
2211 1703 2290 1756 al-

718 1795 829 1836 tera
849 1783 1040 1837 Latina
1072 1786 1138 1838 de
1158 1790 1462 1841 substantia
1509 1804 1695 1858 agens,
1715 1792 2025 1858 ὁμοούσιον,
2054 1794 2284 1846 consub-

716 1876 1221 1947 stantialcm,juxta
1275 1889 1328 1930 ιιι
1373 1881 1715 1947 ὁμοιοούσιον
1750 1884 1983 1936 similem
2026 1884 2284 1938 substan-

718 1967 793 2018 tia
818 1969 1044 2020 omnino
1069 1969 1360 2022 dicendum
1389 1986 1508 2024 esse
1536 1971 1821 2026 inhibebat
1849 1993 1860 2025 :
1889 1983 1947 2026 ut
1970 1991 2091 2042 qua:
2118 1975 2284 2030 verba

717 2073 897 2126 neque
947 2062 998 2112 in
1052 2061 1352 2128 Scripturis
1402 2063 1573 2116 sacris
1622 2065 1833 2132 uspiam
1881 2065 2286 2130 invenirentur,

717 2167 899 2220 neque
939 2153 1364 2222 cogitationibus
1397 2156 1592 2222 primis
1634 2166 1728 2209 aut
1762 2159 2076 2226 cognitione
2113 2159 2286 2212 homi-

721 2259 852 2296 num
889 2246 1093 2313 percipi
1128 2258 1371 2314 possent.
1403 2246 1705 2300 Constituit
1735 2263 1885 2312 sane,
1916 2248 2132 2303 Patrem
2170 2266 2287 2304 ma-

715 2339 892 2406 jorem
928 2339 1219 2392 dicendum
1258 2354 1377 2391 esse
1416 2353 1540 2392 cum
1583 2341 1792 2392 honore
1834 2349 1890 2393 et
1928 2341 2191 2407 dignitate
2233 2349 2290 2395 et.

719 2429 1034 2494 divinitate,
1065 2439 1179 2483 tum
1223 2430 1340 2497 ipso
1378 2432 1726 2497 paternT-tatis
1749 2433 1995 2485 nomine.
2032 2433 2290 2488 Decernit

720 2521 888 2575 etiam
928 2537 1052 2575 cum
1098 2523 1355 2575 omnibus
1388 2524 1581 2576 Filium
1616 2526 1922 2593 subjectum
1956 2539 2076 2579 esse
2113 2527 2286 2580 Patri.

719 2613 792 2666 Et
818 2613 1077 2682 principii
1117 2616 1336 2682 quidem
1373 2626 1654 2683 expertem
1688 2632 1805 2670 esse
1839 2617 2070 2679 Patrem,
2105 2619 2288 2672 omni.

719 2703 824 2757 bus
856 2720 989 2758 vero
1027 2705 1208 2773 (Patre
1243 2710 1494 2774 excepto)
1531 2708 1653 2760 Filii
1701 2709 2108 2774 generationem
2164 2726 2288 2764 esse

721 2794 1081 2864 incognitam.
1116 2797 1286 2862 Quam
1322 2798 1611 2851 formulam
1648 2810 1708 2852 ut
1743 2799 1924 2854 minus
1956 2811 2102 2854 recte
2132 2817 2288 2854 COlll-

719 2884 980 2953 positam.
1019 2895 1376 2955 posteaquam
1430 2890 1618 2942 multis
1668 2891 2007 2960 promulgata
2064 2894 2290 2947 tradita-

720 2991 829 3044 que
878 2976 1080 3040 fuerat,
1117 2981 1357 3048 cpi-Copi
1410 2992 1707 3036 retractare
1755 2985 2180 3038 contenderunt.
2221 2987 2288 3040 Et

720 3066 1022 3136 imperator
1057 3071 1169 3136 ipse
1219 3071 1271 3122 id
1325 3071 1488 3132 serio,
1522 3072 1914 3126 coercitionem
1953 3076 2033 3128 eis
2075 3086 2130 3129 et
2175 3091 2289 3144 pte-

2395 614 2617 685 γλώσσῃ
2663 617 2888 684 Μάρκος
2915 619 2942 668 ὁ
2965 617 3295 687 Ἀρεθούσης
3345 617 3573 681 ὲξετίθει
3599 635 3612 649 °
3647 621 3700 670 ai
3736 619 3791 670 δὲ
3832 620 3967 672 Ῥω-

2397 705 2587 771 μαῖστὶ
2618 706 3010 776 ἀνεγράφοντο.
3044 707 3110 760 AZ
3135 707 3198 774 δὴ
3236 709 3328 759 καὶ
3375 708 3697 777 ἀσύμφωνοι
3739 711 3968 776 πάμπαν

2393 794 2536 845 κατά
2571 813 2628 846 τε
2659 795 2802 861 λέξιν
2829 799 2926 850 καὶ
2952 799 3206 850 σύνθεσιν
3236 795 3376 867 ἦσαν
3411 800 3549 868 πρὸς
3589 800 3689 866 τὴν
3714 800 3971 866 Ἀρεθου-

2395 885 2536 941 σίου.
2571 887 2706 940 Οὔτε
2739 890 2846 958 μὴν
2877 895 2997 953 ταῖς
3028 893 3326 960 προτέραις
3353 891 3418 944 τά
3449 895 3539 946 ἶσα
3575 893 3860 960 ἐφρόνουν.
3905 893 3967 943 Ἡ

2393 979 2502 1048 γάρ
2539 980 2841 1048 Ἑλληνιστὶ
2863 983 3117 1052 λεχθεῖσα
3145 983 3267 1036 οὔτε
3297 985 3608 1053 ὀμοούσιον,
3636 985 3761 1036 οὔτε
3790 989 3968 1053 όμοιοο

2395 1069 2574 1122 ούσιον
2600 1073 2677 1140 τῷ
2713 1073 2888 1141 Πατρὶ
2921 1074 3010 1126 τὸν
3040 1075 3167 1126 Υἰὸν
3202 1072 3347 1127 εἷπε.
3377 1076 3516 1138 Τούς
3544 1092 3606 1143 γε
3642 1079 3750 1144 μὴν
3783 1076 3968 1128 εἰπόν-

2392 1179 2490 1224 τας
2512 1163 2604 1214 τὸν
2638 1165 2763 1216 Υἰὸν
2783 1165 3022 1234 ἄναρχον
3057 1162 3274 1234 εἴναι,ἢ
3316 1167 3739 1236 πλατυνομένην
3761 1170 3858 1234 τὴν
3879 1169 3970 1220 οὖ-

2395 1253 2512 1303 σίαν
2533 1252 2624 1305 τοῦ
2639 1255 2772 1306 Θεοῦ
2798 1257 3072 1308 ποιεῖντὸν
3099 1257 3249 1318 Υίὸν,
3274 1258 3306 1326 ἦ
3329 1259 3712 1327 συντετάχθαι,
3740 1261 3873 1313 ἀλλά
3896 1262 3969 1331 μὴ

2392 1343 2760 1413 ὑποτετάχθαι
2772 1347 2848 1413 τῷ
2872 1347 3068 1416 Πατρὶ,
3089 1349 3462 1417 ὲκκηρύκτους
3477 1353 3642 1404 ποιεῖ.
3672 1351 3898 1419 Ἑπίσης
3915 1353 3970 1404 δὲ

2393 1434 2486 1482 καὶ
2505 1434 2672 1500 ἀτέρα
2688 1435 2794 1487 τῶν
2812 1436 3139 1502 Ῥωμαϊκῶν
3160 1458 3225 1491 πε
3235 1441 3287 1508 ρὶ
3303 1441 3487 1500 οὐσίας
3501 1442 3566 1510 ἢν
3586 1445 3970 1495 σοννσταντεαν

2405 1522 2668 1592 Ῥωμαῖοι
2693 1527 2972 1589 καλοῦσιν,
3001 1529 3110 1581 εἴτε
3136 1533 3446 1599 όμοούσιος,
3469 1531 3578 1584 εἴτε
3605 1533 3968 1600 ὁμοιοούσιος,

2394 1617 2710 1669 παντάπασι
2746 1618 2925 1684 λέγειν
2951 1621 3328 1690 ἀπαγορεύει·
3366 1624 3441 1684 ὡς
3472 1624 3597 1675 οὗτε
3633 1628 3751 1686 ταῖς
3786 1628 3967 1695 ἱεραῖς

2394 1708 2658 1775 εἰρημένα
2691 1709 2954 1778 Γραφαῖς,
2984 1710 3107 1762 οὔτε
3135 1713 3441 1782 ἀνθρώπιον
3499 1715 3732 1774 ἑννοίαις
3768 1716 3797 1778 ἢ
3828 1715 3971 1778 γνώ-

2395 1810 2479 1846 σει
2506 1795 2707 1863 ληπτά.
2739 1798 3106 1850 Διατάσσεταί
3137 1817 3195 1866 γε
3223 1800 3349 1868 μὴν,
3381 1799 3608 1869 μείζονα
3640 1802 3730 1852 τὸν
3757 1802 3972 1868 Πατέρα

2396 1884 2578 1950 λέγειν
2611 1885 2666 1936 ἕν
2705 1904 2762 1938 τε
2795 1891 2928 1956 τιμῇ
2972 1891 3066 1940 κα)⁸
3115 1890 3410 1959 ἀξιώματι,
3452 1894 3546 1943 καὶ
3583 1893 3728 1960 αὐτῷ
3758 1893 3821 1962 δὴ
3858 1895 3973 1945 όνό-

2404 1993 2534 2043 ματι
2569 1977 2666 2043 τῆς

2400 2085 2507 2118 των
2534 2069 2624 2117 καὶ
2660 2086 2686 2119 ο
2723 2068 2841 2128 Υἱὸς
2868 2071 3232 2124 ὑποτέτακται
3260 2073 3333 2140 τῷ
3369 2075 3542 2142 Πατρί
3571 2091 3582 2104 ⁸
3615 2080 3704 2126 καὶ
3739 2078 3974 2144 ἄναρχον

2402 2161 2500 2227 μὲν
2533 2157 2673 2212 εἶναι
2706 2163 2798 2212 τὸν
2827 2162 3044 2230 Πατέρα
3065 2179 3077 2190 ’
3110 2165 3243 2214 πάσι
3274 2164 3328 2215 δὲ
3361 2165 3453 2217 τοῦ
3490 2167 3696 2233 Πατρὶς
3724 2167 3845 2233 δίχα
3874 2171 3976 2232 τὴν

2399 2250 2494 2301 τοῦ
2531 2251 2664 2302 Υίοῦ
2693 2253 2947 2320 γέννησιν
2981 2254 3258 2319 ἄγνωστον
3289 2251 3449 2308 εἶναι.
3491 2257 3594 2308 Ἢν
3625 2256 3687 2325 δὴ
3731 2258 3972 2320 ἔκθεσιν,

2398 2343 2471 2404 ὼς
2504 2346 2577 2410 μὴ
2626 2343 2853 2405 δεόντως
2886 2346 3254 2410 συντεθεῖσαν,
3310 2348 3450 2414 μετά
3486 2348 3583 2416 τὴν
3612 2350 3691 2409 εἰς
3739 2349 3974 2407 πολλοὺς

2399 2430 2610 2482 ἔκδοσιν
2674 2432 2966 2484 ἀναλαϐεῖν
3019 2433 3174 2495 αὖθις
3225 2436 3522 2486 σπουδάσαι
3568 2438 3692 2499 τοὺς
3743 2439 3972 2489 ἐπισκό-

2708 1979 3072 2046 πατρότητος.
3110 1981 3409 2050 Νομοθετεί
3433 1982 3508 2041 δὲ,
3549 1984 3621 2046 ὡς
3667 1986 3804 2051 μετά
3837 1985 3974 2035 πάν-

2401 2540 2536 2584 πους
2558 2541 2572 2552 ·
2610 2523 2949 2576 ἐντείλασθαι
2978 2526 3032 2576 δὲ
3065 2525 3158 2578 καὶ
3202 2525 3412 2592 βασιλεῖ
3443 2527 3709 2595 σφοδρῶς,
3750 2528 3975 2578 κόλασιν

2397 2613 2728 2667 ἀπειλοῦντα
2760 2617 2851 2666 τὸν
2899 2617 2974 2684 μὴ
3011 2618 3370 2685 φανεροῦντα.
3411 2619 3469 2669 Ἠ
3524 2619 3579 2671 δὲ
3619 2622 3696 2678 είς
3743 2621 3974 2680 πολλοὺς

2398 2705 2651 2764 διαϐᾶσα,
2675 2706 2736 2757 ού
2766 2708 3114 2758 παντάπασιν
3139 2707 3436 2774 ἠφανίσθη.
3458 2709 3570 2777 Τὴν
3598 2709 3694 2774 μὲν
3722 2705 3816 2760 οὖν
3845 2708 3977 2776 μίαν

2399 2797 2506 2846 τῶν
2548 2795 2894 2864 Ῥωμαϊκῶν,
2925 2799 2991 2865 τῇ
3042 2797 3135 2848 τοῦ
3184 2798 3509 2866 Ἀρεθούσης
3541 2799 3767 2865 Μάρκου
3817 2797 3974 2850 ἐκδο-

2401 2885 2556 2956 θείσῃ
2609 2885 2879 2953 συνάψας,
2925 2885 3002 2954 τῷ
3036 2887 3271 2953 παρόντι
3317 2886 3551 2954 ἐκθήσω.
3589 2887 3839 2955 Θατέραν
3895 2887 3974 2950 δὲ,

2401 2978 2521 3046 ἣτις
2556 2977 2778 3046 ὕστερον
2829 2977 3169 3046 ἀνεγνώσθη,
3208 2981 3264 3029 ὲν
3313 2978 3486 3047 καιρῷ
3541 2978 3852 3042 κατατάξω,
3885 2980 3975 3030 ὅτε

2398 3068 2468 3119 τὰ
2507 3070 2563 3120 ὲν
2593 3067 2864 3136 Ἀριμίνῳ
2896 3070 3161 3135 γενόμενα
3193 3070 3503 3136 διηγεῖσθαι
3537 3087 3603 3138 με
3632 3071 3863 3136 γένοιτο.
3900 3070 3977 3123 Ἦ

721 3175 850 3214 nam
883 3161 974 3229 qui
1007 3177 1126 3214 cam
1160 3164 1211 3214 in
1237 3164 1412 3216 lucem
1463 3167 1725 3231 prolatam
1767 3183 1875 3220 non
1921 3168 2297 3224 reddidissent
2326 3181 2366 3234 (ζ
2401 3178 2411 3190 ·

2286 3180 2297 3224 ι
2326 3181 2366 3234 C
2401 3178 2462 3227 γε
2509 3161 2614 3228 μὴν
2643 3161 2872 3228 ρηυείσα
2906 3159 2984 3228 τῷ
3012 3159 3222 3229 Μάρκῳ
3249 3160 3444 3212 οὑτωσὶ
3465 3160 3750 3230 διηγόρενε
3772 3177 3786 3190 ο
3824 3179 3841 3210 ι
3883 3162 3976 3212 Πι-

719 3253 995 3315 minatus,
1053 3253 1352 3306 mandavit.
1411 3255 1609 3307 Verum
1664 3271 1726 3307 ea
1783 3257 1931 3324 quod
1990 3259 2288 3314 multorum

720 3357 920 3396 manus
963 3354 1315 3411 pervenerat,
1345 3360 1453 3397 non
1501 3361 1728 3412 prorsus
1771 3357 1853 3400 est
1895 3349 2115 3404 abolita.
2147 3352 2292 3407 Alte-

719 3449 841 3488 ram
867 3434 1089 3502 quidam
1117 3450 1180 3486 ex
1214 3434 1442 3498 Latinis,
1467 3436 1517 3489 ei
1547 3453 1668 3505 quae
1698 3438 1764 3491 ab
1788 3439 2082 3494 Arethusio
2108 3443 2290 3496 Marco

719 3524 870 3586 edita
905 3535 990 3580 est
1024 3541 1350 3589 connexam,
1390 3527 1442 3579 iii
1498 3531 1787 3595 praesentia
1842 3531 2094 3586 referam.
2137 3534 2288 3588 Alte-

718 3630 838 3669 ram
873 3626 1057 3670 autem
1098 3633 1221 3686 quae
1261 3629 1446 3684 postea
1491 3619 1629 3673 lecta
1674 3629 1779 3683 est,
1823 3621 1945 3674 loco
1991 3638 2092 3676 suo
2132 3641 2293 3692 repo-

720 3723 871 3772 nam,
902 3724 1026 3762 cum
1060 3725 1146 3763 res
1173 3711 1406 3762 Arimini
1442 3723 1593 3765 actas
1619 3715 2085 3768 commemorabo.
2116 3716 2288 3780 Quam

720 3799 935 3853 Marcus
961 3801 1206 3863 dictavit,
1237 3800 1317 3854 sic
1339 3817 1397 3854 se
1423 3802 1626 3855 habet:
1663 3820 1680 3852 ‹
1717 3804 2006 3858 Credimus
2035 3807 2088 3858 in
2119 3823 2288 3860 unum

719 3892 922 3956 Deum,
950 3893 1164 3946 Patrem
1201 3894 1657 3961 (minipotenteui,
1693 3907 1995 3949 creatorem
2041 3910 2094 3952 et
2117 3899 2291 3952 facto-

721 3999 840 4038 rem
877 3985 1262 4036 universorum
1301 4001 1312 4035 :
1348 4001 1412 4037 ex
1444 4001 1554 4053 quo
1596 3988 1775 4039 omnis
1815 3993 2114 4055 pateruitas
2151 4000 2206 4044 et
2238 3992 2289 4044 in

723 4074 865 4128 uelo
896 4083 952 4128 et
984 4075 1037 4128 in
1072 4086 1211 4128 terra
1246 4078 1584 4130 nominatur.
1619 4077 1684 4130 Et
1713 4080 1764 4131 in
1802 4080 2139 4144 unigenitum
2174 4085 2293 4152 ejus

722 4165 924 4220 Filium
967 4167 1257 4220 Dominum
1314 4179 1564 4222 nosti-unt
1604 4171 1789 4223 Jesuni
1825 4172 2128 4230 Christum.
2167 4187 2292 4228 ante

722 4261 907 4316 omnia
953 4262 1150 4313 saecula
1201 4277 1265 4313 ex
1319 4263 1474 4314 I'atre
1525 4265 1791 4331 genitum,
1828 4265 1998 4316 Deum
2045 4265 2110 4317 de
2159 4267 2289 4325 Deo,

722 4353 910 4407 lumen
943 4351 1010 4407 de
1045 4352 1258 4407 lumine
1293 4373 1305 4406 '.
1341 4370 1436 4422 per
1466 4370 1630 4423 quem
1664 4357 1801 4408 facta
1834 4369 1963 4410 sunt
1993 4359 2200 4418 omnia.
2239 4360 2290 4412 in

725 4445 882 4500 caalis
929 4455 986 4498 et
1028 4446 1082 4498 iu
1127 4454 1298 4507 terra,
1334 4447 1570 4499 visibilia
1619 4457 1674 4500 et
1710 4448 2031 4502 invisibilia.
2065 4451 2168 4515 Qui
2214 4461 2292 4501 est

723 4535 977 4595 verbum.
1015 4545 1072 4589 et
1117 4535 1301 4588 lumen
1345 4552 1560 4597 verum,
1606 4547 1662 4589 et
1695 4537 1830 4591 vita.
1879 4537 1982 4602 Qui
2029 4538 2293 4591 extremis

725 4627 951 4691 diebus,
982 4638 1211 4696 propter
1258 4643 1355 4679 nos
1405 4629 1570 4682 homo
1608 4632 1808 4690 laetus,
1839 4639 1893 4682 et
1926 4641 2088 4682 natus
2117 4646 2144 4683 ε
2179 4631 2292 4682 \‘ir-

726 4723 853 4791 gine
889 4728 1099 4783 sancta,
1130 4729 1186 4773 et
1229 4721 1527 4772 cruciﬁxus
1573 4730 1626 4772 et
1671 4729 1924 4774 mortuus
1959 4732 2013 4773 et
2046 4721 2296 4788 sepultus

727 4823 834 4867 est.
860 4811 922 4865 Et
957 4812 1263 4865 resurrexit
1292 4827 1320 4864 a
1353 4811 1588 4864 mortuis
1619 4812 1778 4865 tertia
1811 4811 1921 4874 die,
1953 4822 2009 4865 et
2039 4824 2295 4880 receptus

727 4913 813 4959 est
862 4904 915 4956 in
962 4903 1185 4966 emlum,
1223 4913 1279 4956 et
1330 4902 1584 4956 consedit
1629 4903 1694 4954 ad
1737 4902 2017 4957 dexteram
2067 4903 2293 4957 Patris:

727 5005 1002 5051 venturus
1036 4995 1089 5048 in
1123 4995 1597 5048 cousunnnatione
1629 4994 1836 5055 saeculi,
1861 4993 2113 5063 judicare
2146 4996 2296 5048 vivos

729 5097 785 5140 et
813 5097 1083 5150 mortuos,
1111 5095 1166 5139 et
1202 5085 1429 5138 reddere
1466 5083 1762 5151 unicuique
1793 5085 2095 5138 secundum
2125 5099 2293 5152 opera

729 5195 850 5234 sua.
874 5178 1046 5248 Cujus
1071 5193 1298 5249 regnum
1331 5178 1745 5231 interminatum
1775 5178 1828 5230 in
1860 5175 2073 5230 infinita
2098 5176 2294 5230 saecula

729 5281 1036 5340 permanet.
1071 5271 1236 5326 Sedet
1266 5285 1501 5339 namque
1547 5271 1599 5323 in
1639 5271 1829 5323 dextra
1860 5269 2036 5324 Patris
2065 5284 2172 5322 non
2207 5284 2297 5322 so-

730 5363 847 5416 lum
882 5364 933 5416 in
963 5364 1164 5418 saeculo
1197 5364 1321 5425 isto,
1356 5363 1451 5417 sed
1487 5370 1543 5415 et
1587 5363 1642 5415 in
1671 5362 1876 5416 futuro.
1912 5361 1978 5414 Et
2027 5362 2080 5415 in
2124 5360 2299 5428 Spiri-

730 5465 848 5507 tum
883 5465 1157 5520 sanctum,
1189 5455 1291 5508 hoc
1323 5465 1424 5518 est,
1457 5454 1822 5515 Paracletum,
1856 5468 2020 5522 quem
2069 5468 2192 5506 cum
2241 5466 2297 5503 se

732 5547 997 5614 apostolis
1052 5559 1174 5615 post
1237 5548 1612 5600 ascensionem
1664 5547 1717 5598 in
1774 5545 1944 5599 caelos
1998 5544 2294 5596 missurum

735 5639 1100 5704 promisisset,
1131 5648 1190 5692 ut
1217 5655 1312 5693 eos
1343 5638 1567 5692 doceret
1607 5649 1663 5692 et
1709 5646 2024 5706 suggereret
2059 5636 2140 5688 eis
2176 5649 2295 5686 om-

733 5729 850 5791 nia,
885 5729 1072 5783 misit:
1107 5730 1266 5800 752
1328 5745 1423 5798 per
1467 5745 1626 5798 quem
1675 5729 1838 5781 etiam
1880 5727 2295 5780 sanetiflcantur

733 5841 947 5888 eorum,
989 5827 1080 5890 qui
1131 5827 1184 5879 iu
1228 5842 1351 5880 eum
1405 5827 1616 5882 sincere
1657 5825 1910 5891 credunt,
1943 5824 2137 5878 anima:
2173 5823 2440 5877 omnium.

2398 3258 2663 3320 στεύομεν
2693 3255 2772 3313 εις
2819 3252 2914 3304 ἕνα
2947 3252 3100 3316 Θεὸν,
3139 3251 3352 3320 πατέρα
3403 3252 3847 3321 παντοκράτορα,
3882 3250 3978 3304 τὸν

2395 3345 2624 3410 κτίστην
2667 3345 2758 3394 καὶ
2789 3342 3021 3410 ποιητὴν
3056 3341 3164 3393 τῶν
3199 3342 3417 3394 πάντων
3444 3358 3456 3369 ·
3500 3343 3556 3406 ἐξ
3589 3336 3649 3392 οὗ
3686 3345 3838 3395 πᾶσα
3869 3361 3976 3396 πα·

2393 3437 2520 3503 τρια
2569 3439 2627 3488 ὲν
2665 3436 2918 3502 οὐρανοῖς
2951 3435 3044 3486 καὶ
3077 3435 3171 3486 ἐπὶ
3213 3436 3315 3504 γῆς
3356 3435 3684 3502 ὀνομάζεται
3708 3454 3719 3465 ·
3773 3436 3868 3488 καὶ
3897 3438 3978 3496 είς

2394 3529 2484 3579 τὸν
2517 3529 2782 3596 μονογενῆ
2817 3525 2983 3579 αὑτοῦ
3023 3527 3163 3587 ι’ἱὺν,
3209 3527 3298 3577 τὸν
3332 3528 3536 3595 Κύριον
3576 3528 3732 3596 ἡμῶν
3763 3527 3979 3595 Ἰησοῦν

2395 3621 2664 3688 Χριστὸν,
2719 3621 2810 3670 τὸν
2844 3619 2948 3686 πρὸ
2993 3620 3212 3672 πάντων
3240 3620 3351 3669 τῶν
3386 3620 3596 3671 αἰώνων
3630 3622 3692 3670 ὲκ
3741 3619 3833 3670 τοῦ
3869 3621 3979 3671 lla-

2394 3713 2518 3780 τρὺς
2548 3713 2879 3780 γεννηθέντα
2901 3727 2913 3738 ·
2951 3711 3083 3763 Θεὸν
3112 3713 3174 3762 ἐκ
3208 3711 3365 3776 Θεοῦ,
3403 3712 3513 3776 φῶς
3559 3713 3620 3763 ἐκ
3656 3715 3834 3776 φωτὸς
3860 3728 3872 3739 ”
3907 3712 3978 3764 δι’

2395 3799 2456 3855 οὗ
2488 3804 2704 3870 ἐγένετο
2755 3803 2821 3854 τὰ
2859 3803 3057 3863 πάντα,
3106 3804 3174 3854 τά
3239 3804 3293 3852 ἐν
3342 3806 3452 3862 τοῖς
3485 3803 3733 3870 οὐρανοῖς
3789 3804 3883 3854 καὶ
3909 3804 3978 3855 τὰ

2397 3900 2488 3950 ἐπὶ
2516 3899 2616 3966 τῆς
2658 3901 2782 3966 γῆξ,
2824 3899 2892 3950 τὰ
2924 3899 3095 3965 ⁴δρα.τὰ
3141 3897 3234 3950 καὶ
3266 3897 3334 3948 τά
3363 3899 3572 3964 ἀόρατα
3600 3913 3611 3924 ’
3643 3899 3820 3964 Λόγον
3849 3897 3979 3948 ὅντα

2397 3993 2490 4044 καὶ
2524 3992 2640 4058 φῶς
2690 3991 2946 4057 ἀληθινὸν
2979 3991 3071 4040 καὶ
3104 3990 3248 4055 ζωήν
3276 4006 3287 4018 ·
3327 3989 3416 4040 τὸν
3467 3989 3556 4040 ἐπὶ
3589 3991 3836 4056 ἐσχάτων
3868 3989 3979 4040 τῶν

2397 4082 2618 4148 ἡμερῶν
2658 4081 2723 4132 δι’
2756 4082 2901 4146 ἡμᾶς
2941 4078 3464 4148 ὲνανθρωπήσαντα,
3501 4081 3595 4132 καὶ
3647 4081 3979 4146 γεννηθέντα

2399 4176 2462 4224 ὲκ
2486 4172 2586 4238 τῆς
2611 4173 2769 4238 ἁγίας
2807 4170 3081 4236 Παρθένου
3110 4186 3123 4199 ⁸
3153 4172 3244 4221 καὶ
3280 4172 3688 4238 σταυρωθέντα,
3727 4174 3820 4222 καὶ
3843 4173 3981 4222 ἁποο

2399 4267 2652 4327 θανόντα,
2708 4265 2803 4316 καὶ
2835 4265 3076 4328 ταφέντα
3105 4280 3117 4292 ·
3168 4265 3262 4316 καὶ
3312 4265 3620 4316 ἀναστάντα
3655 4266 3718 4314 ὲκ
3763 4265 3980 4332 νεκρῶν

2398 4361 2462 4426 τῇ
2488 4357 2646 4426 τρίτῃ
2681 4357 2886 4426 ἡμέρᾳ,
2919 4357 3014 4407 καὶ
3064 4355 3447 4422 ἀναληφθέντα
3484 4357 3563 4416 εἰς
3597 4357 3846 4423 οὐρανὸν,
3881 4357 3982 4409 καὶ

2399 4448 2700 4500 καθίσαντα
2745 4452 2810 4498 ὲκ
2862 4447 3054 4510 δεξιῶν
3103 4446 3198 4499 τοῦ
3252 4447 3499 4513 Πατρός’
3535 4450 3627 4498 καὶ
3676 4449 3980 4517 ἐρχόμενον

2403 4543 2494 4592 ἐπὶ
2546 4540 2831 4609 συντελείᾳ
2878 4539 2972 4590 τοῦ
3023 4539 3220 4600 αἰῶνος
3253 4542 3434 4609 κρῖναι
3476 4540 3687 4601 ζῶντας
3741 4543 3836 4590 καὶ
3888 4558 3980 4590 νε-

2403 4630 2590 4698 κροὺς,
2623 4631 2718 4682 καὶ
2748 4629 3039 4682 ἀποδοῦναι
3084 4631 3302 4697 ἑκάστῳ
3330 4630 3471 4681 κατὰ
3495 4629 3563 4679 τά
3599 4629 3735 4694 ἔργα
3767 4628 3938 4680 αὑτοῦ
3963 4645 3976 4657 ·

2400 4714 2461 4772 οὗ
2491 4723 2524 4786 ὴ
2556 4720 2805 4786 βασιλεία
2835 4720 3259 4781 ἅκατάπαυστος
3289 4715 3445 4782 οὖσα,
3470 4720 3714 4786 διαμένει
3745 4722 3825 4778 εἰς
3850 4720 3984 4781 τοὺς

2402 4812 2663 4879 ἀπείρους
2694 4812 2916 4871 αἰῶνας.
2958 4811 3154 4863 Ἔσται
3185 4813 3295 4880 γάρ
3339 4811 3703 4879 καθεξόμενος
3737 4811 3790 4860 έν
3826 4809 3982 4878 δεξιᾷ

2403 4901 2495 4952 τοῦ
2531 4902 2766 4969 Πατρδς,
2798 4903 2859 4953 ού
2892 4902 3056 4969 μόνον
3095 4903 3152 4953 ὲν
3189 4901 3264 4968 τῷ
3301 4901 3461 4953 αἰῶνι
3494 4901 3686 4965 τούτῳ,
3715 4901 3853 4952 ἀλλά
3885 4901 3984 4952 καὶ

2405 4996 2461 5046 ἐν
2487 4993 2567 5062 τῷ
2590 4995 2835 5062 μέλλοντι
2856 5009 2871 5026 ο
2905 4995 2999 5046 καὶ
3029 4996 3107 5054 εἰς
3139 4995 3197 5044 τὸ
3236 4993 3458 5056 Πνεῦμα
3498 4994 3558 5044 τὸ
3608 4993 3785 5058 ἆγιον,
3818 5009 3986 5043 τουτο

2405 5087 2521 5138 ἐστι
2580 5086 2673 5137 τὸν
2729 5085 3128 5155 Παράκλητον·
3164 5087 3300 5153 ὅπερ
3341 5086 3809 5152 ἐπαγγειλάμενος
3865 5089 3983 5146 τοῖς

2407 5179 2746 5239 ἀποστόλοις,
2785 5178 2920 5246 μετά
2955 5177 3054 5246 τὴν
3082 5180 3161 5239 εἰς
3194 5179 3458 5246 οὐρανοὺς
3500 5177 3685 5229 ἄνοῖον
3721 5178 3985 5227 αποστείο

2404 5274 2490 5324 λαι
2510 5272 2603 5323 καὶ
2624 5271 2830 5335 διδάξαι
2848 5272 2940 5323 καὶ
2961 5271 3271 5339 ὑπομνῆσαι
3297 5271 3491 5329 αὐτοὺς
3517 5269 3714 5325 πάντα,
3739 5267 3979 5334 ἔπεμψε·

2403 5362 2469 5413 δι’
2497 5357 2558 5414 οῦ
2590 5363 2683 5414 καὶ
2731 5363 3050 5427 ἀγιάζονται
3085 5365 3139 5414 αἱ
3187 5362 3293 5413 τῶν
3335 5359 3650 5428 εἰλικρινῶς
3681 5362 3754 5420 εἰς
3809 5361 3983 5410 αὑτὸν

2406 5455 2854 5505 πεπιστευκότων
2881 5453 3070 5523 ψυχαί.
3108 5455 3246 5517 Τοὺς
3283 5455 3339 5506 δὲ
3371 5454 3634 5518 λέγοντας
3671 5453 3726 5516 ἐξ
3755 5455 3858 5502 οὐκ
3892 5453 3986 5502 δν-

2405 5563 2513 5597 των
2557 5546 2648 5597 τὸν
2679 5545 2825 5608 Υἱὺν,
2856 5546 2888 5614 ἢ
2926 5547 2983 5609 ἐξ
3011 5546 3204 5615 ἐτέρας
3253 5547 3628 5606 ὑποστάσεως,
3660 5543 3754 5594 καὶ
3806 5543 3883 5612 μὴ
3923 5547 3987 5594 ὲκ

2406 5635 2499 5686 τοῦ
2535 5635 2693 5699 Θεοῦ,
2727 5636 2822 5688 καὶ
2853 5637 2934 5688 ὅτι
2959 5631 3028 5704 ἦν
3057 5637 3250 5705 χρόνος
3282 5636 3313 5704 ἦ
3349 5635 3481 5688 αἰὼν
3512 5636 3598 5688 ὅτε
3631 5635 3730 5687 οῦκ
3762 5629 3852 5704 ἦν,
3889 5634 3986 5685 άλ-

2404 5725 2648 5793 λοτρίους
2680 5723 2820 5779 οἶδεν
2847 5729 2878 5795 ἡ
2909 5728 3040 5793 ἁγία
3078 5727 3342 5796 καθολικὴ
3368 5727 3692 5795 Ἐκκλησία.

2515 5821 2621 5878 Eos
2690 5839 2818 5877 vero
2866 5825 2959 5893 qui
3003 5824 3215 5886 dicunt,
3283 5840 3346 5877 ex
3413 5840 3519 5877 non
3563 5822 3972 5878 exsistentibus
