  <div class='ocr_page' id='page_1' title='image "/cluster/home/n/w/nwhite01/storage/ocr_20150623/146/nnc1.0046980610/182.png"; bbox 0 0 4280 6436; ppageno 0'>
   <div class='ocr_carea' id='block_1_1' title="bbox 249 401 364 465">
    <p class='ocr_par' dir='ltr' id='par_1_1' title="bbox 249 401 364 465">
     <span class='ocr_line' id='line_1_1' title="bbox 249 401 364 465; baseline 0.009 -1"><span class='ocrx_word' id='word_1_1' title='bbox 249 401 364 465; x_wconf 79' lang='grc'><strong>345</strong></span> 
     </span>
    </p>
   </div>
   <div class='ocr_carea' id='block_1_2' title="bbox 1184 400 2566 463">
    <p class='ocr_par' dir='ltr' id='par_1_2' title="bbox 1184 400 2566 463">
     <span class='ocr_line' id='line_1_2' title="bbox 1184 400 2566 463; baseline 0.004 -5"><span class='ocrx_word' id='word_1_2' title='bbox 1184 400 1791 459; x_wconf 67' lang='lat' dir='ltr'><strong>ECCLESIASTIL‘AE</strong></span> <span class='ocrx_word' id='word_1_3' title='bbox 1831 402 2225 462; x_wconf 68' lang='lat' dir='ltr'><strong>IIISTORIAE</strong></span> <span class='ocrx_word' id='word_1_4' title='bbox 2265 402 2414 463; x_wconf 84' lang='lat' dir='ltr'><strong>LIB.</strong></span> <span class='ocrx_word' id='word_1_5' title='bbox 2466 404 2566 463; x_wconf 77' lang='lat' dir='ltr'><strong>IX.</strong></span> 
     </span>
    </p>
   </div>
   <div class='ocr_carea' id='block_1_3' title="bbox 3406 400 3511 462">
    <p class='ocr_par' dir='ltr' id='par_1_3' title="bbox 3406 400 3511 462">
     <span class='ocr_line' id='line_1_3' title="bbox 3406 400 3511 462; baseline 0 -1"><span class='ocrx_word' id='word_1_6' title='bbox 3406 400 3511 462; x_wconf 62' lang='lat'><strong>316</strong></span> 
     </span>
    </p>
   </div>
   <div class='ocr_carea' id='block_1_4' title="bbox 242 511 3512 584">
    <p class='ocr_par' dir='ltr' id='par_1_4' title="bbox 242 511 3512 584">
     <span class='ocr_line' id='line_1_4' title="bbox 242 511 3512 584; baseline -0 -13"><span class='ocrx_word' id='word_1_7' title='bbox 242 532 371 572; x_wconf 82' lang='lat' dir='ltr'><strong>esse</strong></span> <span class='ocrx_word' id='word_1_8' title='bbox 402 514 628 581; x_wconf 62' lang='lat' dir='ltr'><strong>Filium,</strong></span> <span class='ocrx_word' id='word_1_9' title='bbox 660 525 840 568; x_wconf 82' lang='lat' dir='ltr'><strong>autex</strong></span> <span class='ocrx_word' id='word_1_10' title='bbox 872 513 978 566; x_wconf 87' lang='lat' dir='ltr'><strong>alia</strong></span> <span class='ocrx_word' id='word_1_11' title='bbox 1014 511 1326 566; x_wconf 89' lang='lat' dir='ltr'><strong>substantia</strong></span> <span class='ocrx_word' id='word_1_12' title='bbox 1357 530 1520 581; x_wconf 86' lang='lat' dir='ltr'><strong>quam</strong></span> <span class='ocrx_word' id='word_1_13' title='bbox 1551 530 1617 567; x_wconf 78' lang='lat' dir='ltr'><strong>ex</strong></span> <span class='ocrx_word' id='word_1_14' title='bbox 1670 516 1779 567; x_wconf 87' lang='lat' dir='ltr'><strong>Deo</strong></span> <span class='ocrx_word' id='word_1_15' title='bbox 1817 555 1832 578; x_wconf 95' lang='lat'><strong>,</strong></span> <span class='ocrx_word' id='word_1_16' title='bbox 1877 525 1933 569; x_wconf 92' lang='lat' dir='ltr'><strong>ct</strong></span> <span class='ocrx_word' id='word_1_17' title='bbox 1962 516 2106 584; x_wconf 88' lang='lat' dir='ltr'><strong>quod</strong></span> <span class='ocrx_word' id='word_1_18' title='bbox 2141 516 2305 570; x_wconf 78' lang='lat' dir='ltr'><strong>fuerit</strong></span> <span class='ocrx_word' id='word_1_19' title='bbox 2339 526 2552 584; x_wconf 76' lang='lat' dir='ltr'><strong>tempus</strong></span> <span class='ocrx_word' id='word_1_20' title='bbox 2588 526 2682 569; x_wconf 89' lang='lat' dir='ltr'><strong>aut</strong></span> <span class='ocrx_word' id='word_1_21' title='bbox 2712 515 2998 576; x_wconf 59' lang='lat' dir='ltr'><strong>saeculum,</strong></span> <span class='ocrx_word' id='word_1_22' title='bbox 3061 530 3184 569; x_wconf 88' lang='lat' dir='ltr'><strong>cum</strong></span> <span class='ocrx_word' id='word_1_23' title='bbox 3221 531 3325 567; x_wconf 89' lang='lat' dir='ltr'><strong>non</strong></span> <span class='ocrx_word' id='word_1_24' title='bbox 3396 518 3512 571; x_wconf 71' lang='lat' dir='ltr'><strong>l‘ue-</strong></span> 
     </span>
    </p>
   </div>
   <div class='ocr_carea' id='block_1_5' title="bbox 244 607 1692 669">
    <p class='ocr_par' dir='ltr' id='par_1_5' title="bbox 244 607 1692 669">
     <span class='ocr_line' id='line_1_5' title="bbox 244 607 1692 669; baseline -0.002 -8"><span class='ocrx_word' id='word_1_25' title='bbox 244 611 341 669; x_wconf 86' lang='lat' dir='ltr'><strong>rit,</strong></span> <span class='ocrx_word' id='word_1_26' title='bbox 373 610 585 664; x_wconf 84' lang='lat' dir='ltr'><strong>alienos</strong></span> <span class='ocrx_word' id='word_1_27' title='bbox 617 623 739 662; x_wconf 86' lang='lat' dir='ltr'><strong>esse</strong></span> <span class='ocrx_word' id='word_1_28' title='bbox 770 608 872 661; x_wconf 70' lang='lat' dir='ltr'><strong>scit</strong></span> <span class='ocrx_word' id='word_1_29' title='bbox 901 616 1088 660; x_wconf 85' lang='lat' dir='ltr'><strong>sancta</strong></span> <span class='ocrx_word' id='word_1_30' title='bbox 1115 607 1384 661; x_wconf 76' lang='lat' dir='ltr'><strong>Catholica</strong></span> <span class='ocrx_word' id='word_1_31' title='bbox 1427 608 1692 661; x_wconf 76' lang='lat' dir='ltr'><strong>Ecclesia.</strong></span> 
     </span>
    </p>
   </div>
   <div class='ocr_carea' id='block_1_6' title="bbox 329 696 1838 769">
    <p class='ocr_par' dir='ltr' id='par_1_6' title="bbox 329 697 1835 769">
     <span class='ocr_line' id='line_1_6' title="bbox 329 697 1835 769; baseline -0.005 -12"><span class='ocrx_word' id='word_1_32' title='bbox 329 706 498 757; x_wconf 73' lang='grc' dir='ltr'>Πάλιν</span> <span class='ocrx_word' id='word_1_33' title='bbox 544 697 638 754; x_wconf 70' lang='grc' dir='ltr'>οὖν</span> <span class='ocrx_word' id='word_1_34' title='bbox 680 700 934 769; x_wconf 66' lang='grc' dir='ltr'>ἐροῦμεν,</span> <span class='ocrx_word' id='word_1_35' title='bbox 982 700 1034 750; x_wconf 74' lang='grc' dir='ltr'>ετ</span> <span class='ocrx_word' id='word_1_36' title='bbox 1084 718 1166 761; x_wconf 78' lang='grc' dir='ltr'><strong>τις</strong></span> <span class='ocrx_word' id='word_1_37' title='bbox 1212 700 1304 751; x_wconf 86' lang='grc' dir='ltr'><strong>τὸν</strong></span> <span class='ocrx_word' id='word_1_38' title='bbox 1338 700 1556 769; x_wconf 78' lang='grc' dir='ltr'>Πατέρα</span> <span class='ocrx_word' id='word_1_39' title='bbox 1609 700 1702 751; x_wconf 72' lang='grc' dir='ltr'><strong>καὶ</strong></span> <span class='ocrx_word' id='word_1_40' title='bbox 1746 700 1835 750; x_wconf 78' lang='grc' dir='ltr'><strong>τὸν</strong></span> 
     </span>
    </p>
   </div>
   <div class='ocr_carea' id='block_1_7' title="bbox 1865 696 3510 769">
    <p class='ocr_par' dir='ltr' id='par_1_7' title="bbox 1867 696 3510 766">
     <span class='ocr_line' id='line_1_7' title="bbox 1867 696 3510 766; baseline -0.005 -7"><span class='ocrx_word' id='word_1_41' title='bbox 1867 710 1908 759; x_wconf 72' lang='grc' dir='ltr'><strong>Δ</strong></span> <span class='ocrx_word' id='word_1_42' title='bbox 2010 703 2085 756; x_wconf 81' lang='lat' dir='ltr'><strong>Ac</strong></span> <span class='ocrx_word' id='word_1_43' title='bbox 2144 718 2361 755; x_wconf 79' lang='lat' dir='ltr'><strong>rursum</strong></span> <span class='ocrx_word' id='word_1_44' title='bbox 2410 701 2666 759; x_wconf 88' lang='lat' dir='ltr'><strong>dicimus.</strong></span> <span class='ocrx_word' id='word_1_45' title='bbox 2706 700 2749 752; x_wconf 87' lang='lat' dir='ltr'><strong>si</strong></span> <span class='ocrx_word' id='word_1_46' title='bbox 2794 698 2917 766; x_wconf 91' lang='lat' dir='ltr'><strong>quis</strong></span> <span class='ocrx_word' id='word_1_47' title='bbox 2967 698 3183 752; x_wconf 85' lang='lat' dir='ltr'><strong>Patrem</strong></span> <span class='ocrx_word' id='word_1_48' title='bbox 3225 707 3279 749; x_wconf 93' lang='lat' dir='ltr'><strong>ct</strong></span> <span class='ocrx_word' id='word_1_49' title='bbox 3315 696 3510 751; x_wconf 80' lang='lat' dir='ltr'><strong>Filium</strong></span> 
     </span>
    </p>
   </div>
   <div class='ocr_carea' id='block_1_8' title="bbox 238 791 1831 861">
    <p class='ocr_par' dir='ltr' id='par_1_8' title="bbox 238 791 1831 861">
     <span class='ocr_line' id='line_1_8' title="bbox 238 791 1831 861; baseline -0.008 -6"><span class='ocrx_word' id='word_1_50' title='bbox 238 802 376 855; x_wconf 66' lang='grc' dir='ltr'>Υἰὸν</span> <span class='ocrx_word' id='word_1_51' title='bbox 417 798 511 851; x_wconf 83' lang='grc' dir='ltr'>δύο</span> <span class='ocrx_word' id='word_1_52' title='bbox 558 795 707 860; x_wconf 57' lang='grc' dir='ltr'>λέγει</span> <span class='ocrx_word' id='word_1_53' title='bbox 751 793 938 855; x_wconf 76' lang='grc' dir='ltr'>Θεοὺς,</span> <span class='ocrx_word' id='word_1_54' title='bbox 988 792 1238 861; x_wconf 88' lang='grc' dir='ltr'>ἀνάθεμα</span> <span class='ocrx_word' id='word_1_55' title='bbox 1282 793 1444 846; x_wconf 82' lang='grc' dir='ltr'>ἔστω.</span> <span class='ocrx_word' id='word_1_56' title='bbox 1490 792 1598 844; x_wconf 75' lang='grc' dir='ltr'>Καὶ</span> <span class='ocrx_word' id='word_1_57' title='bbox 1648 791 1700 843; x_wconf 77' lang='grc' dir='ltr'>εἴ</span> <span class='ocrx_word' id='word_1_58' title='bbox 1746 809 1831 851; x_wconf 73' lang='grc' dir='ltr'><strong>τις</strong></span> 
     </span>
    </p>
   </div>
   <div class='ocr_carea' id='block_1_9' title="bbox 238 884 1831 961">
    <p class='ocr_par' dir='ltr' id='par_1_9' title="bbox 238 884 1831 961">
     <span class='ocr_line' id='line_1_9' title="bbox 238 884 1831 961; baseline -0.003 -19"><span class='ocrx_word' id='word_1_59' title='bbox 238 896 423 961; x_wconf 71' lang='grc' dir='ltr'>λέγων</span> <span class='ocrx_word' id='word_1_60' title='bbox 456 891 591 943; x_wconf 81' lang='grc' dir='ltr'>Θεὸν</span> <span class='ocrx_word' id='word_1_61' title='bbox 643 889 734 941; x_wconf 87' lang='grc' dir='ltr'><strong>τὸν</strong></span> <span class='ocrx_word' id='word_1_62' title='bbox 766 886 1005 954; x_wconf 72' lang='grc' dir='ltr'>Χριστὸν</span> <span class='ocrx_word' id='word_1_63' title='bbox 1036 886 1368 955; x_wconf 78' lang='grc' dir='ltr'>προαιώνιον</span> <span class='ocrx_word' id='word_1_64' title='bbox 1400 884 1528 937; x_wconf 85' lang='grc' dir='ltr'>Υἰὸν</span> <span class='ocrx_word' id='word_1_65' title='bbox 1571 885 1663 937; x_wconf 76' lang='grc' dir='ltr'><strong>τοῦ</strong></span> <span class='ocrx_word' id='word_1_66' title='bbox 1696 884 1831 937; x_wconf 83' lang='grc' dir='ltr'>Θεοῦ</span> 
     </span>
    </p>
   </div>
   <div class='ocr_carea' id='block_1_10' title="bbox 240 979 1834 1056">
    <p class='ocr_par' dir='ltr' id='par_1_10' title="bbox 240 979 1834 1056">
     <span class='ocr_line' id='line_1_10' title="bbox 240 979 1834 1056; baseline -0.007 -15"><span class='ocrx_word' id='word_1_67' title='bbox 240 987 641 1056; x_wconf 76' lang='grc' dir='ltr'>ὑπουργηκότα</span> <span class='ocrx_word' id='word_1_68' title='bbox 673 982 751 1049; x_wconf 78' lang='grc' dir='ltr'>τῷ</span> <span class='ocrx_word' id='word_1_69' title='bbox 798 983 975 1051; x_wconf 58' lang='lat' dir='ltr'><strong>&quot;arpi.</strong></span> <span class='ocrx_word' id='word_1_70' title='bbox 1004 983 1081 1043; x_wconf 84' lang='grc' dir='ltr'><strong>εἰς</strong></span> <span class='ocrx_word' id='word_1_71' title='bbox 1124 980 1221 1049; x_wconf 81' lang='grc' dir='ltr'>τὴν</span> <span class='ocrx_word' id='word_1_72' title='bbox 1261 979 1371 1033; x_wconf 81' lang='grc' dir='ltr'>τῶν</span> <span class='ocrx_word' id='word_1_73' title='bbox 1407 981 1545 1032; x_wconf 85' lang='grc' dir='ltr'>ὅλων</span> <span class='ocrx_word' id='word_1_74' title='bbox 1572 980 1834 1049; x_wconf 83' lang='grc' dir='ltr'>δημιουρ-</span> 
     </span>
    </p>
   </div>
   <div class='ocr_carea' id='block_1_11' title="bbox 237 1072 1832 1148">
    <p class='ocr_par' dir='ltr' id='par_1_11' title="bbox 237 1072 1832 1148">
     <span class='ocr_line' id='line_1_11' title="bbox 237 1072 1832 1148; baseline -0.007 -16"><span class='ocrx_word' id='word_1_75' title='bbox 237 1083 369 1147; x_wconf 77' lang='grc' dir='ltr'>γίιν</span> <span class='ocrx_word' id='word_1_76' title='bbox 403 1080 478 1148; x_wconf 76' lang='grc' dir='ltr'>μὴ</span> <span class='ocrx_word' id='word_1_77' title='bbox 518 1077 834 1144; x_wconf 73' lang='grc' dir='ltr'><strong>ὁμολογοίη,</strong></span> <span class='ocrx_word' id='word_1_78' title='bbox 857 1074 1111 1139; x_wconf 78' lang='grc' dir='ltr'><strong>ἀνάθεμα</strong></span> <span class='ocrx_word' id='word_1_79' title='bbox 1153 1073 1316 1129; x_wconf 80' lang='grc' dir='ltr'>έστω.</span> <span class='ocrx_word' id='word_1_80' title='bbox 1350 1072 1417 1125; x_wconf 80' lang='grc' dir='ltr'>Εἰ</span> <span class='ocrx_word' id='word_1_81' title='bbox 1442 1090 1522 1134; x_wconf 87' lang='grc' dir='ltr'><strong>τις</strong></span> <span class='ocrx_word' id='word_1_82' title='bbox 1554 1072 1644 1124; x_wconf 87' lang='grc' dir='ltr'><strong>τὸν</strong></span> <span class='ocrx_word' id='word_1_83' title='bbox 1672 1073 1832 1137; x_wconf 82' lang='grc' dir='ltr'>ἀγέν-</span> 
     </span>
    </p>
   </div>
   <div class='ocr_carea' id='block_1_12' title="bbox 241 1161 1832 1239">
    <p class='ocr_par' dir='ltr' id='par_1_12' title="bbox 241 1161 1832 1239">
     <span class='ocr_line' id='line_1_12' title="bbox 241 1161 1832 1239; baseline -0.006 -17"><span class='ocrx_word' id='word_1_84' title='bbox 241 1189 410 1239; x_wconf 81' lang='grc' dir='ltr'>νητον</span> <span class='ocrx_word' id='word_1_85' title='bbox 443 1170 477 1239; x_wconf 75' lang='grc' dir='ltr'><strong>ἢ</strong></span> <span class='ocrx_word' id='word_1_86' title='bbox 517 1170 687 1237; x_wconf 82' lang='grc' dir='ltr'><strong>μέρος</strong></span> <span class='ocrx_word' id='word_1_87' title='bbox 715 1164 881 1219; x_wconf 81' lang='grc' dir='ltr'>αὑτοῦ</span> <span class='ocrx_word' id='word_1_88' title='bbox 929 1169 993 1217; x_wconf 81' lang='grc' dir='ltr'><strong>ὲκ</strong></span> <span class='ocrx_word' id='word_1_89' title='bbox 1024 1164 1245 1231; x_wconf 77' lang='grc' dir='ltr'><strong>Μαρίας</strong></span> <span class='ocrx_word' id='word_1_90' title='bbox 1263 1162 1443 1229; x_wconf 89' lang='grc' dir='ltr'>λέγειν</span> <span class='ocrx_word' id='word_1_91' title='bbox 1473 1161 1832 1230; x_wconf 80' lang='grc' dir='ltr'>γεγεννῆσθαι</span> 
     </span>
    </p>
   </div>
   <div class='ocr_carea' id='block_1_13' title="bbox 239 1255 1835 1331">
    <p class='ocr_par' dir='ltr' id='par_1_13' title="bbox 239 1255 1835 1331">
     <span class='ocr_line' id='line_1_13' title="bbox 239 1255 1835 1331; baseline -0.005 -16"><span class='ocrx_word' id='word_1_92' title='bbox 239 1265 446 1331; x_wconf 70' lang='grc' dir='ltr'>τολμᾷ.</span> <span class='ocrx_word' id='word_1_93' title='bbox 482 1261 733 1328; x_wconf 76' lang='grc' dir='ltr'><strong>ἀνάθεμα</strong></span> <span class='ocrx_word' id='word_1_94' title='bbox 769 1259 929 1309; x_wconf 75' lang='grc' dir='ltr'>ἔστω.</span> <span class='ocrx_word' id='word_1_95' title='bbox 972 1256 1040 1310; x_wconf 78' lang='grc' dir='ltr'><strong>Εἴ</strong></span> <span class='ocrx_word' id='word_1_96' title='bbox 1072 1274 1157 1318; x_wconf 85' lang='grc' dir='ltr'><strong>τις</strong></span> <span class='ocrx_word' id='word_1_97' title='bbox 1205 1256 1348 1308; x_wconf 85' lang='grc' dir='ltr'>κατά</span> <span class='ocrx_word' id='word_1_98' title='bbox 1384 1256 1697 1323; x_wconf 86' lang='grc' dir='ltr'>πρόγνωσιν</span> <span class='ocrx_word' id='word_1_99' title='bbox 1746 1255 1835 1307; x_wconf 72' lang='grc' dir='ltr'><strong>τὸν</strong></span> 
     </span>
    </p>
   </div>
   <div class='ocr_carea' id='block_1_14' title="bbox 239 1348 1833 1427">
    <p class='ocr_par' dir='ltr' id='par_1_14' title="bbox 239 1348 1833 1427">
     <span class='ocr_line' id='line_1_14' title="bbox 239 1348 1833 1427; baseline -0.006 -17"><span class='ocrx_word' id='word_1_100' title='bbox 239 1361 303 1410; x_wconf 80' lang='grc' dir='ltr'><strong>ἐκ</strong></span> <span class='ocrx_word' id='word_1_101' title='bbox 332 1358 558 1427; x_wconf 73' lang='grc' dir='ltr'>Μαρίας</span> <span class='ocrx_word' id='word_1_102' title='bbox 586 1356 735 1422; x_wconf 83' lang='grc' dir='ltr'>λέγει</span> <span class='ocrx_word' id='word_1_103' title='bbox 765 1356 881 1405; x_wconf 73' lang='grc' dir='ltr'>υἱὸν</span> <span class='ocrx_word' id='word_1_104' title='bbox 911 1348 1081 1412; x_wconf 77' lang='grc' dir='ltr'>εἶναι,</span> <span class='ocrx_word' id='word_1_105' title='bbox 1117 1351 1212 1404; x_wconf 78' lang='grc' dir='ltr'><strong>καὶ</strong></span> <span class='ocrx_word' id='word_1_106' title='bbox 1254 1350 1331 1421; x_wconf 83' lang='grc' dir='ltr'>μὴ</span> <span class='ocrx_word' id='word_1_107' title='bbox 1375 1349 1484 1418; x_wconf 84' lang='grc' dir='ltr'>πρὸ</span> <span class='ocrx_word' id='word_1_108' title='bbox 1517 1349 1730 1403; x_wconf 82' lang='grc' dir='ltr'><strong>αἰώνων</strong></span> <span class='ocrx_word' id='word_1_109' title='bbox 1770 1350 1833 1401; x_wconf 83' lang='grc' dir='ltr'>ἐκ</span> 
     </span>
    </p>
   </div>
   <div class='ocr_carea' id='block_1_15' title="bbox 235 1440 1834 1517">
    <p class='ocr_par' dir='ltr' id='par_1_15' title="bbox 235 1440 1834 1517">
     <span class='ocr_line' id='line_1_15' title="bbox 235 1440 1834 1517; baseline -0.004 -17"><span class='ocrx_word' id='word_1_110' title='bbox 235 1451 337 1501; x_wconf 79' lang='grc' dir='ltr'><strong>τοῦ</strong></span> <span class='ocrx_word' id='word_1_111' title='bbox 394 1447 607 1517; x_wconf 82' lang='grc' dir='ltr'>Πατρὸς</span> <span class='ocrx_word' id='word_1_112' title='bbox 642 1446 1048 1515; x_wconf 75' lang='grc' dir='ltr'><strong>γεγεννημένον</strong></span> <span class='ocrx_word' id='word_1_113' title='bbox 1088 1443 1225 1512; x_wconf 78' lang='grc' dir='ltr'>πρὸς</span> <span class='ocrx_word' id='word_1_114' title='bbox 1274 1442 1368 1495; x_wconf 82' lang='grc' dir='ltr'><strong>τὸν</strong></span> <span class='ocrx_word' id='word_1_115' title='bbox 1402 1442 1536 1493; x_wconf 87' lang='grc' dir='ltr'>Θεὸν</span> <span class='ocrx_word' id='word_1_116' title='bbox 1570 1440 1711 1494; x_wconf 74' lang='grc' dir='ltr'>εἰναι</span> <span class='ocrx_word' id='word_1_117' title='bbox 1739 1442 1834 1493; x_wconf 65' lang='lat' dir='ltr'><strong>aut</strong></span> 
     </span>
    </p>
   </div>
   <div class='ocr_carea' id='block_1_16' title="bbox 236 1532 1832 1607">
    <p class='ocr_par' dir='ltr' id='par_1_16' title="bbox 236 1532 1832 1607">
     <span class='ocr_line' id='line_1_16' title="bbox 236 1532 1832 1607; baseline -0.004 -14"><span class='ocrx_word' id='word_1_118' title='bbox 236 1542 305 1593; x_wconf 64' lang='grc' dir='ltr'><strong>δι’</strong></span> <span class='ocrx_word' id='word_1_119' title='bbox 352 1540 518 1593; x_wconf 81' lang='grc' dir='ltr'>αὑτοῦ</span> <span class='ocrx_word' id='word_1_120' title='bbox 571 1536 903 1607; x_wconf 85' lang='grc' dir='ltr'>γεγενῆσθαι</span> <span class='ocrx_word' id='word_1_121' title='bbox 963 1535 1032 1588; x_wconf 78' lang='grc' dir='ltr'><strong>τά</strong></span> <span class='ocrx_word' id='word_1_122' title='bbox 1090 1535 1288 1597; x_wconf 80' lang='grc' dir='ltr'>πάντα,</span> <span class='ocrx_word' id='word_1_123' title='bbox 1349 1532 1598 1601; x_wconf 81' lang='grc' dir='ltr'>ἀνάθεμα</span> <span class='ocrx_word' id='word_1_124' title='bbox 1671 1532 1832 1587; x_wconf 78' lang='grc' dir='ltr'>ἔστω.</span> 
     </span>
    </p>
   </div>
   <div class='ocr_carea' id='block_1_17' title="bbox 240 1624 1834 1696">
    <p class='ocr_par' dir='ltr' id='par_1_17' title="bbox 240 1624 1834 1696">
     <span class='ocr_line' id='line_1_17' title="bbox 240 1624 1834 1696; baseline -0.006 -12"><span class='ocrx_word' id='word_1_125' title='bbox 240 1633 311 1684; x_wconf 66' lang='lat' dir='ltr'><strong>Et</strong></span> <span class='ocrx_word' id='word_1_126' title='bbox 354 1648 438 1692; x_wconf 83' lang='grc' dir='ltr'><strong>τις</strong></span> <span class='ocrx_word' id='word_1_127' title='bbox 472 1630 891 1696; x_wconf 79' lang='grc' dir='ltr'>πλατυνομένην</span> <span class='ocrx_word' id='word_1_128' title='bbox 935 1630 1033 1695; x_wconf 73' lang='grc' dir='ltr'>τὴν</span> <span class='ocrx_word' id='word_1_129' title='bbox 1066 1626 1253 1678; x_wconf 84' lang='grc' dir='ltr'>οὐσίαν</span> <span class='ocrx_word' id='word_1_130' title='bbox 1286 1624 1380 1678; x_wconf 87' lang='grc' dir='ltr'><strong>τοῦ</strong></span> <span class='ocrx_word' id='word_1_131' title='bbox 1416 1626 1550 1678; x_wconf 81' lang='grc' dir='ltr'>Θεοῦ</span> <span class='ocrx_word' id='word_1_132' title='bbox 1580 1626 1672 1677; x_wconf 88' lang='grc' dir='ltr'><strong>τὸν</strong></span> <span class='ocrx_word' id='word_1_133' title='bbox 1704 1625 1834 1677; x_wconf 84' lang='grc' dir='ltr'>Υἰὸν</span> 
     </span>
    </p>
   </div>
   <div class='ocr_carea' id='block_1_18' title="bbox 238 1715 1830 1787">
    <p class='ocr_par' dir='ltr' id='par_1_18' title="bbox 238 1715 1830 1787">
     <span class='ocr_line' id='line_1_18' title="bbox 238 1715 1830 1787; baseline -0.001 -16"><span class='ocrx_word' id='word_1_134' title='bbox 238 1720 400 1787; x_wconf 69' lang='grc' dir='ltr'>λέγει</span> <span class='ocrx_word' id='word_1_135' title='bbox 456 1720 655 1780; x_wconf 80' lang='grc' dir='ltr'>ποιεῖν,</span> <span class='ocrx_word' id='word_1_136' title='bbox 705 1718 738 1787; x_wconf 84' lang='grc' dir='ltr'><strong>ἦ</strong></span> <span class='ocrx_word' id='word_1_137' title='bbox 786 1718 879 1769; x_wconf 75' lang='grc' dir='ltr'><strong>τὸν</strong></span> <span class='ocrx_word' id='word_1_138' title='bbox 919 1715 1239 1785; x_wconf 74' lang='grc' dir='ltr'>πλατυσμὸν</span> <span class='ocrx_word' id='word_1_139' title='bbox 1279 1718 1379 1783; x_wconf 87' lang='grc' dir='ltr'>τῆς</span> <span class='ocrx_word' id='word_1_140' title='bbox 1424 1716 1611 1777; x_wconf 71' lang='grc' dir='ltr'>οὐσίας</span> <span class='ocrx_word' id='word_1_141' title='bbox 1668 1717 1830 1769; x_wconf 83' lang='grc' dir='ltr'>αὑτοῦ</span> 
     </span>
    </p>
   </div>
   <div class='ocr_carea' id='block_1_19' title="bbox 240 1802 1832 1877">
    <p class='ocr_par' dir='ltr' id='par_1_19' title="bbox 240 1802 1832 1877">
     <span class='ocr_line' id='line_1_19' title="bbox 240 1802 1832 1877; baseline -0.002 -15"><span class='ocrx_word' id='word_1_142' title='bbox 240 1810 375 1862; x_wconf 59' lang='grc' dir='ltr'>Υἰιν</span> <span class='ocrx_word' id='word_1_143' title='bbox 401 1802 688 1873; x_wconf 74' lang='grc' dir='ltr'>ὀνομάζοι,</span> <span class='ocrx_word' id='word_1_144' title='bbox 722 1809 973 1875; x_wconf 78' lang='grc' dir='ltr'>ἀνάθεμα</span> <span class='ocrx_word' id='word_1_145' title='bbox 1001 1810 1157 1859; x_wconf 75' lang='grc' dir='ltr'>ἔστω.</span> <span class='ocrx_word' id='word_1_146' title='bbox 1192 1807 1257 1860; x_wconf 80' lang='grc' dir='ltr'><strong>Εἴ</strong></span> <span class='ocrx_word' id='word_1_147' title='bbox 1279 1824 1361 1870; x_wconf 86' lang='grc' dir='ltr'><strong>τις</strong></span> <span class='ocrx_word' id='word_1_148' title='bbox 1383 1807 1483 1877; x_wconf 79' lang='grc' dir='ltr'>τὴν</span> <span class='ocrx_word' id='word_1_149' title='bbox 1518 1808 1708 1861; x_wconf 80' lang='grc' dir='ltr'>οὐσίαν</span> <span class='ocrx_word' id='word_1_150' title='bbox 1737 1808 1832 1859; x_wconf 88' lang='grc' dir='ltr'><strong>τοῦ</strong></span> 
     </span>
    </p>
   </div>
   <div class='ocr_carea' id='block_1_20' title="bbox 236 1900 1833 1970">
    <p class='ocr_par' dir='ltr' id='par_1_20' title="bbox 236 1900 1833 1970">
     <span class='ocr_line' id='line_1_20' title="bbox 236 1900 1833 1970; baseline 0 -15"><span class='ocrx_word' id='word_1_151' title='bbox 236 1901 383 1956; x_wconf 74' lang='grc' dir='ltr'>θεοῦ</span> <span class='ocrx_word' id='word_1_152' title='bbox 419 1903 793 1955; x_wconf 69' lang='grc' dir='ltr'><strong>¹πλατύνεσθαι</strong></span> <span class='ocrx_word' id='word_1_153' title='bbox 824 1902 856 1970; x_wconf 79' lang='grc' dir='ltr'>ἢ</span> <span class='ocrx_word' id='word_1_154' title='bbox 900 1900 1289 1953; x_wconf 80' lang='grc' dir='ltr'>συστέλλεσθαι</span> <span class='ocrx_word' id='word_1_155' title='bbox 1321 1900 1544 1969; x_wconf 79' lang='grc' dir='ltr'>φάσκοι,</span> <span class='ocrx_word' id='word_1_156' title='bbox 1581 1903 1833 1970; x_wconf 77' lang='grc' dir='ltr'>ἀνάθεμα</span> 
     </span>
    </p>
   </div>
   <div class='ocr_carea' id='block_1_21' title="bbox 236 1993 1829 2062">
    <p class='ocr_par' dir='ltr' id='par_1_21' title="bbox 236 1993 1829 2062">
     <span class='ocr_line' id='line_1_21' title="bbox 236 1993 1829 2062; baseline -0.001 -15"><span class='ocrx_word' id='word_1_157' title='bbox 236 1994 407 2047; x_wconf 64' lang='lat' dir='ltr'><strong>larua.</strong></span> <span class='ocrx_word' id='word_1_158' title='bbox 450 1994 515 2046; x_wconf 77' lang='grc' dir='ltr'>Εἰ</span> <span class='ocrx_word' id='word_1_159' title='bbox 569 2011 651 2056; x_wconf 84' lang='grc' dir='ltr'><strong>τις</strong></span> <span class='ocrx_word' id='word_1_160' title='bbox 686 1993 992 2045; x_wconf 75' lang='grc' dir='ltr'>ἐνδιάθετον</span> <span class='ocrx_word' id='word_1_161' title='bbox 1042 1993 1075 2059; x_wconf 88' lang='grc' dir='ltr'>ἢ</span> <span class='ocrx_word' id='word_1_162' title='bbox 1108 1994 1447 2062; x_wconf 70' lang='grc' dir='ltr'>προφορικὸν</span> <span class='ocrx_word' id='word_1_163' title='bbox 1480 1993 1636 2059; x_wconf 79' lang='grc' dir='ltr'>λόγον</span> <span class='ocrx_word' id='word_1_164' title='bbox 1683 1994 1829 2059; x_wconf 85' lang='grc' dir='ltr'>λέγοι</span> 
     </span>
    </p>
   </div>
   <div class='ocr_carea' id='block_1_22' title="bbox 231 2084 1830 2154">
    <p class='ocr_par' dir='ltr' id='par_1_22' title="bbox 231 2084 1830 2154">
     <span class='ocr_line' id='line_1_22' title="bbox 231 2084 1830 2154; baseline 0 -16"><span class='ocrx_word' id='word_1_165' title='bbox 231 2087 330 2138; x_wconf 76' lang='grc' dir='ltr'><strong>τὸν</strong></span> <span class='ocrx_word' id='word_1_166' title='bbox 356 2086 489 2139; x_wconf 80' lang='grc' dir='ltr'>Υἱὸν</span> <span class='ocrx_word' id='word_1_167' title='bbox 522 2085 617 2138; x_wconf 83' lang='grc' dir='ltr'><strong>τοῦ</strong></span> <span class='ocrx_word' id='word_1_168' title='bbox 657 2085 813 2147; x_wconf 81' lang='grc' dir='ltr'>Θεοῦ,</span> <span class='ocrx_word' id='word_1_169' title='bbox 853 2085 1104 2152; x_wconf 75' lang='grc' dir='ltr'>ἀνάθεμα</span> <span class='ocrx_word' id='word_1_170' title='bbox 1138 2084 1299 2136; x_wconf 81' lang='grc' dir='ltr'>ἔστω.</span> <span class='ocrx_word' id='word_1_171' title='bbox 1338 2085 1404 2137; x_wconf 73' lang='lat' dir='ltr'><strong>Et</strong></span> <span class='ocrx_word' id='word_1_172' title='bbox 1436 2102 1519 2145; x_wconf 86' lang='grc' dir='ltr'><strong>τις</strong></span> <span class='ocrx_word' id='word_1_173' title='bbox 1547 2084 1830 2154; x_wconf 82' lang='grc' dir='ltr'>ἄνθρωπον</span> 
     </span>
    </p>
   </div>
   <div class='ocr_carea' id='block_1_23' title="bbox 239 2178 1830 2247">
    <p class='ocr_par' dir='ltr' id='par_1_23' title="bbox 239 2178 1830 2247">
     <span class='ocr_line' id='line_1_23' title="bbox 239 2178 1830 2247; baseline 0.003 -20"><span class='ocrx_word' id='word_1_174' title='bbox 239 2181 411 2246; x_wconf 74' lang='grc' dir='ltr'>μόνον</span> <span class='ocrx_word' id='word_1_175' title='bbox 446 2179 595 2247; x_wconf 84' lang='grc' dir='ltr'>λέγοι</span> <span class='ocrx_word' id='word_1_176' title='bbox 627 2180 719 2231; x_wconf 70' lang='grc' dir='ltr'><strong>τὸν</strong></span> <span class='ocrx_word' id='word_1_177' title='bbox 749 2178 878 2230; x_wconf 84' lang='grc' dir='ltr'>Υίὸν</span> <span class='ocrx_word' id='word_1_178' title='bbox 905 2180 996 2229; x_wconf 82' lang='grc' dir='ltr'><strong>τὸν</strong></span> <span class='ocrx_word' id='word_1_179' title='bbox 1027 2181 1089 2229; x_wconf 82' lang='grc' dir='ltr'>ἐκ</span> <span class='ocrx_word' id='word_1_180' title='bbox 1120 2179 1360 2247; x_wconf 78' lang='grc' dir='ltr'>Μαρίας,</span> <span class='ocrx_word' id='word_1_181' title='bbox 1392 2178 1641 2245; x_wconf 77' lang='grc' dir='ltr'>ἀνάθεμα</span> <span class='ocrx_word' id='word_1_182' title='bbox 1665 2180 1830 2232; x_wconf 80' lang='grc' dir='ltr'>ἔστω.</span> 
     </span>
    </p>
   </div>
   <div class='ocr_carea' id='block_1_24' title="bbox 234 2270 1832 2337">
    <p class='ocr_par' dir='ltr' id='par_1_24' title="bbox 234 2270 1832 2337">
     <span class='ocr_line' id='line_1_24' title="bbox 234 2270 1832 2337; baseline 0 -16"><span class='ocrx_word' id='word_1_183' title='bbox 234 2270 307 2322; x_wconf 78' lang='grc' dir='ltr'><strong>Εἴ</strong></span> <span class='ocrx_word' id='word_1_184' title='bbox 323 2287 407 2333; x_wconf 83' lang='grc' dir='ltr'><strong>τις</strong></span> <span class='ocrx_word' id='word_1_185' title='bbox 428 2271 561 2322; x_wconf 79' lang='grc' dir='ltr'>Θεὸν</span> <span class='ocrx_word' id='word_1_186' title='bbox 584 2272 677 2323; x_wconf 77' lang='grc' dir='ltr'>καὶ</span> <span class='ocrx_word' id='word_1_187' title='bbox 707 2270 996 2337; x_wconf 79' lang='grc' dir='ltr'>ἄνθρωπον</span> <span class='ocrx_word' id='word_1_188' title='bbox 1022 2270 1112 2321; x_wconf 88' lang='grc' dir='ltr'><strong>τὸν</strong></span> <span class='ocrx_word' id='word_1_189' title='bbox 1145 2272 1208 2321; x_wconf 79' lang='grc' dir='ltr'><strong>ὲκ</strong></span> <span class='ocrx_word' id='word_1_190' title='bbox 1238 2270 1459 2337; x_wconf 77' lang='grc' dir='ltr'>Μαρίας</span> <span class='ocrx_word' id='word_1_191' title='bbox 1485 2270 1678 2337; x_wconf 83' lang='grc' dir='ltr'>λέγων,</span> <span class='ocrx_word' id='word_1_192' title='bbox 1697 2271 1832 2323; x_wconf 83' lang='grc' dir='ltr'>Θεὸν</span> 
     </span>
    </p>
   </div>
   <div class='ocr_carea' id='block_1_25' title="bbox 230 2358 1829 2430">
    <p class='ocr_par' dir='ltr' id='par_1_25' title="bbox 230 2358 1829 2430">
     <span class='ocr_line' id='line_1_25' title="bbox 230 2358 1829 2430; baseline 0 -19"><span class='ocrx_word' id='word_1_193' title='bbox 230 2362 331 2412; x_wconf 77' lang='grc' dir='ltr'><strong>τὸν</strong></span> <span class='ocrx_word' id='word_1_194' title='bbox 370 2362 668 2430; x_wconf 79' lang='grc' dir='ltr'>ἀγέννητον</span> <span class='ocrx_word' id='word_1_195' title='bbox 700 2361 863 2413; x_wconf 74' lang='grc' dir='ltr'>αὑτὸν</span> <span class='ocrx_word' id='word_1_196' title='bbox 895 2362 1029 2423; x_wconf 84' lang='grc' dir='ltr'>νοεῖ,</span> <span class='ocrx_word' id='word_1_197' title='bbox 1065 2358 1315 2424; x_wconf 81' lang='grc' dir='ltr'>ἀνάθεμα</span> <span class='ocrx_word' id='word_1_198' title='bbox 1344 2360 1507 2413; x_wconf 71' lang='grc' dir='ltr'>ἔστω.</span> <span class='ocrx_word' id='word_1_199' title='bbox 1543 2360 1607 2411; x_wconf 76' lang='grc' dir='ltr'><strong>Εἴ</strong></span> <span class='ocrx_word' id='word_1_200' title='bbox 1633 2376 1713 2422; x_wconf 80' lang='grc' dir='ltr'><strong>τις</strong></span> <span class='ocrx_word' id='word_1_201' title='bbox 1746 2359 1829 2422; x_wconf 85' lang='grc' dir='ltr'><strong>τὸ,</strong></span> 
     </span>
    </p>
   </div>
   <div class='ocr_carea' id='block_1_26' title="bbox 232 2449 1832 2520">
    <p class='ocr_par' dir='ltr' id='par_1_26' title="bbox 232 2449 1832 2520">
     <span class='ocr_line' id='line_1_26' title="bbox 232 2449 1832 2520; baseline 0.001 -17"><span class='ocrx_word' id='word_1_202' title='bbox 232 2450 393 2520; x_wconf 76' lang='grc' dir='ltr'><strong>Ἐγὼ</strong></span> <span class='ocrx_word' id='word_1_203' title='bbox 444 2451 590 2516; x_wconf 80' lang='grc' dir='ltr'>Θεὸς</span> <span class='ocrx_word' id='word_1_204' title='bbox 639 2450 893 2519; x_wconf 80' lang='grc' dir='ltr'>πρῶτος,</span> <span class='ocrx_word' id='word_1_205' title='bbox 961 2452 1061 2503; x_wconf 83' lang='grc' dir='ltr'><strong>καί</strong></span> <span class='ocrx_word' id='word_1_206' title='bbox 1104 2449 1220 2518; x_wconf 69' lang='grc' dir='ltr'><strong>ἐγὼ</strong></span> <span class='ocrx_word' id='word_1_207' title='bbox 1257 2450 1411 2518; x_wconf 82' lang='grc' dir='ltr'>μετὰ</span> <span class='ocrx_word' id='word_1_208' title='bbox 1460 2451 1682 2515; x_wconf 83' lang='grc' dir='ltr'>ταῦτα,</span> <span class='ocrx_word' id='word_1_209' title='bbox 1731 2452 1832 2505; x_wconf 75' lang='grc' dir='ltr'><strong>καί</strong></span> 
     </span>
    </p>
   </div>
   <div class='ocr_carea' id='block_1_27' title="bbox 230 2541 1828 2611">
    <p class='ocr_par' dir='ltr' id='par_1_27' title="bbox 230 2541 1828 2611">
     <span class='ocr_line' id='line_1_27' title="bbox 230 2541 1828 2611; baseline 0.001 -18"><span class='ocrx_word' id='word_1_210' title='bbox 230 2541 418 2608; x_wconf 68' lang='grc' dir='ltr'><strong>πλὴν</strong></span> <span class='ocrx_word' id='word_1_211' title='bbox 447 2542 598 2611; x_wconf 83' lang='grc' dir='ltr'>ἐμοῦ</span> <span class='ocrx_word' id='word_1_212' title='bbox 628 2546 740 2596; x_wconf 80' lang='grc' dir='ltr'><strong>οὐκ</strong></span> <span class='ocrx_word' id='word_1_213' title='bbox 768 2543 901 2596; x_wconf 77' lang='grc' dir='ltr'>ἔστι</span> <span class='ocrx_word' id='word_1_214' title='bbox 932 2543 1098 2608; x_wconf 74' lang='grc' dir='ltr'>Θεὸς,</span> <span class='ocrx_word' id='word_1_215' title='bbox 1129 2542 1287 2594; x_wconf 85' lang='grc' dir='ltr'>τοῦτο</span> <span class='ocrx_word' id='word_1_216' title='bbox 1316 2543 1451 2595; x_wconf 81' lang='grc' dir='ltr'>αὐτὸ</span> <span class='ocrx_word' id='word_1_217' title='bbox 1480 2542 1540 2594; x_wconf 86' lang='grc' dir='ltr'><strong>τὸ</strong></span> <span class='ocrx_word' id='word_1_218' title='bbox 1564 2544 1652 2595; x_wconf 74' lang='grc' dir='ltr'><strong>ἐπ’</strong></span> <span class='ocrx_word' id='word_1_219' title='bbox 1674 2545 1828 2595; x_wconf 79' lang='grc' dir='ltr'>ἀναιο</span> 
     </span>
    </p>
   </div>
   <div class='ocr_carea' id='block_1_28' title="bbox 234 2636 1825 2707">
    <p class='ocr_par' dir='ltr' id='par_1_28' title="bbox 234 2636 1825 2707">
     <span class='ocr_line' id='line_1_28' title="bbox 234 2636 1825 2707; baseline -0.002 -18"><span class='ocrx_word' id='word_1_220' title='bbox 234 2640 398 2707; x_wconf 70' lang='grc' dir='ltr'>ρέσει</span> <span class='ocrx_word' id='word_1_221' title='bbox 447 2637 689 2691; x_wconf 82' lang='grc' dir='ltr'>εἰδώλων</span> <span class='ocrx_word' id='word_1_222' title='bbox 735 2636 970 2690; x_wconf 78' lang='grc' dir='ltr'>καὶτῶν</span> <span class='ocrx_word' id='word_1_223' title='bbox 1009 2638 1085 2705; x_wconf 79' lang='grc' dir='ltr'>μὴ</span> <span class='ocrx_word' id='word_1_224' title='bbox 1125 2637 1300 2689; x_wconf 72' lang='grc' dir='ltr'>ὄντων</span> <span class='ocrx_word' id='word_1_225' title='bbox 1345 2636 1482 2688; x_wconf 78' lang='grc' dir='ltr'>θεῶν</span> <span class='ocrx_word' id='word_1_226' title='bbox 1514 2637 1825 2704; x_wconf 74' lang='grc' dir='ltr'>εἰρημένον,</span> 
     </span>
    </p>
   </div>
   <div class='ocr_carea' id='block_1_29' title="bbox 236 2727 1828 2799">
    <p class='ocr_par' dir='ltr' id='par_1_29' title="bbox 236 2727 1828 2799">
     <span class='ocr_line' id='line_1_29' title="bbox 236 2727 1828 2799; baseline 0.001 -19"><span class='ocrx_word' id='word_1_227' title='bbox 236 2729 332 2781; x_wconf 69' lang='grc' dir='ltr'><strong>ἀπ’</strong></span> <span class='ocrx_word' id='word_1_228' title='bbox 357 2730 643 2797; x_wconf 82' lang='grc' dir='ltr'>ἀναιρέσει</span> <span class='ocrx_word' id='word_1_229' title='bbox 674 2727 770 2782; x_wconf 83' lang='grc' dir='ltr'><strong>τοῦ</strong></span> <span class='ocrx_word' id='word_1_230' title='bbox 800 2729 1139 2795; x_wconf 77' lang='grc' dir='ltr'>Μονογενοῦς</span> <span class='ocrx_word' id='word_1_231' title='bbox 1168 2730 1276 2799; x_wconf 85' lang='grc' dir='ltr'><strong>πρὸ</strong></span> <span class='ocrx_word' id='word_1_232' title='bbox 1308 2729 1417 2781; x_wconf 84' lang='grc' dir='ltr'>τῶν</span> <span class='ocrx_word' id='word_1_233' title='bbox 1442 2730 1656 2781; x_wconf 88' lang='grc' dir='ltr'>αἰώνων</span> <span class='ocrx_word' id='word_1_234' title='bbox 1693 2729 1828 2782; x_wconf 79' lang='grc' dir='ltr'>Θεοῦ</span> 
     </span>
    </p>
   </div>
   <div class='ocr_carea' id='block_1_30' title="bbox 231 2817 1830 2887">
    <p class='ocr_par' dir='ltr' id='par_1_30' title="bbox 231 2817 1830 2887">
     <span class='ocr_line' id='line_1_30' title="bbox 231 2817 1830 2887; baseline 0.001 -18"><span class='ocrx_word' id='word_1_235' title='bbox 231 2817 585 2886; x_wconf 73' lang='grc' dir='ltr'>ἐκλαμόἀνοι</span> <span class='ocrx_word' id='word_1_236' title='bbox 627 2818 960 2881; x_wconf 79' lang='grc' dir='ltr'>Ἰουδαῖκῶς,</span> <span class='ocrx_word' id='word_1_237' title='bbox 1015 2818 1267 2887; x_wconf 83' lang='grc' dir='ltr'>ἀνάθεμα</span> <span class='ocrx_word' id='word_1_238' title='bbox 1302 2818 1464 2873; x_wconf 80' lang='grc' dir='ltr'>ἔστω.</span> <span class='ocrx_word' id='word_1_239' title='bbox 1518 2818 1586 2870; x_wconf 69' lang='lat' dir='ltr'><strong>Et</strong></span> <span class='ocrx_word' id='word_1_240' title='bbox 1632 2836 1717 2881; x_wconf 90' lang='grc' dir='ltr'><strong>τις</strong></span> <span class='ocrx_word' id='word_1_241' title='bbox 1747 2819 1830 2878; x_wconf 85' lang='grc' dir='ltr'><strong>τὸ,</strong></span> 
     </span>
    </p>
   </div>
   <div class='ocr_carea' id='block_1_31' title="bbox 244 2906 1833 2976">
    <p class='ocr_par' dir='ltr' id='par_1_31' title="bbox 244 2906 1833 2976">
     <span class='ocr_line' id='line_1_31' title="bbox 244 2906 1833 2976; baseline -0.001 -17"><span class='ocrx_word' id='word_1_242' title='bbox 244 2906 315 2958; x_wconf 88' lang='lat'><strong>&#39;0</strong></span> <span class='ocrx_word' id='word_1_243' title='bbox 368 2907 562 2976; x_wconf 77' lang='grc' dir='ltr'>Λόγος</span> <span class='ocrx_word' id='word_1_244' title='bbox 611 2908 773 2975; x_wconf 80' lang='grc' dir='ltr'>σὰρξ</span> <span class='ocrx_word' id='word_1_245' title='bbox 812 2907 1075 2976; x_wconf 79' lang='grc' dir='ltr'>ἐγένετο,</span> <span class='ocrx_word' id='word_1_246' title='bbox 1129 2907 1377 2970; x_wconf 84' lang='grc' dir='ltr'>ἀκούων,</span> <span class='ocrx_word' id='word_1_247' title='bbox 1409 2908 1500 2959; x_wconf 88' lang='grc' dir='ltr'><strong>τὸν</strong></span> <span class='ocrx_word' id='word_1_248' title='bbox 1547 2908 1721 2975; x_wconf 82' lang='grc' dir='ltr'>Λόγον</span> <span class='ocrx_word' id='word_1_249' title='bbox 1751 2911 1833 2970; x_wconf 81' lang='grc' dir='ltr'><strong>είς</strong></span> 
     </span>
    </p>
   </div>
   <div class='ocr_carea' id='block_1_32' title="bbox 235 2997 1830 3069">
    <p class='ocr_par' dir='ltr' id='par_1_32' title="bbox 235 2997 1830 3069">
     <span class='ocr_line' id='line_1_32' title="bbox 235 2997 1830 3069; baseline 0.002 -21"><span class='ocrx_word' id='word_1_250' title='bbox 235 2997 426 3065; x_wconf 65' lang='grc' dir='ltr'>σάρκα</span> <span class='ocrx_word' id='word_1_251' title='bbox 477 2998 925 3068; x_wconf 74' lang='grc' dir='ltr'>μεταϐεϐλῆσθαι</span> <span class='ocrx_word' id='word_1_252' title='bbox 959 2999 1196 3068; x_wconf 77' lang='grc' dir='ltr'>νομίζοι,</span> <span class='ocrx_word' id='word_1_253' title='bbox 1235 2999 1269 3069; x_wconf 77' lang='grc' dir='ltr'><strong>ἢ</strong></span> <span class='ocrx_word' id='word_1_254' title='bbox 1302 2998 1513 3068; x_wconf 75' lang='grc' dir='ltr'>τροπὴν</span> <span class='ocrx_word' id='word_1_255' title='bbox 1544 2999 1830 3067; x_wconf 81' lang='grc' dir='ltr'>ὑπομεμε-</span> 
     </span>
    </p>
   </div>
   <div class='ocr_carea' id='block_1_33' title="bbox 229 3090 1838 3161">
    <p class='ocr_par' dir='ltr' id='par_1_33' title="bbox 229 3090 1838 3161">
     <span class='ocr_line' id='line_1_33' title="bbox 229 3090 1838 3161; baseline 0.002 -20"><span class='ocrx_word' id='word_1_256' title='bbox 229 3091 451 3161; x_wconf 80' lang='grc' dir='ltr'>νηκότα</span> <span class='ocrx_word' id='word_1_257' title='bbox 505 3091 861 3159; x_wconf 71' lang='grc' dir='ltr'>ἀνειληφέναι</span> <span class='ocrx_word' id='word_1_258' title='bbox 904 3092 1004 3161; x_wconf 84' lang='grc' dir='ltr'>τὴν</span> <span class='ocrx_word' id='word_1_259' title='bbox 1035 3092 1237 3161; x_wconf 84' lang='grc' dir='ltr'>σάρκα,</span> <span class='ocrx_word' id='word_1_260' title='bbox 1274 3091 1526 3159; x_wconf 82' lang='grc' dir='ltr'>ἀνάθεμα</span> <span class='ocrx_word' id='word_1_261' title='bbox 1572 3090 1732 3144; x_wconf 74' lang='grc' dir='ltr'>ἔστω.</span> <span class='ocrx_word' id='word_1_262' title='bbox 1769 3092 1838 3144; x_wconf 76' lang='grc' dir='ltr'>Εἰ</span> 
     </span>
    </p>
   </div>
   <div class='ocr_carea' id='block_1_34' title="bbox 228 3182 1832 3250">
    <p class='ocr_par' dir='ltr' id='par_1_34' title="bbox 228 3182 1832 3250">
     <span class='ocr_line' id='line_1_34' title="bbox 228 3182 1832 3250; baseline -0.001 -15"><span class='ocrx_word' id='word_1_263' title='bbox 228 3199 326 3243; x_wconf 85' lang='grc' dir='ltr'><strong>τις</strong></span> <span class='ocrx_word' id='word_1_264' title='bbox 396 3182 491 3234; x_wconf 83' lang='grc' dir='ltr'><strong>τὸν</strong></span> <span class='ocrx_word' id='word_1_265' title='bbox 552 3183 823 3250; x_wconf 81' lang='grc' dir='ltr'>μονογενῆ</span> <span class='ocrx_word' id='word_1_266' title='bbox 882 3183 1010 3234; x_wconf 79' lang='grc' dir='ltr'>Υἱὸν</span> <span class='ocrx_word' id='word_1_267' title='bbox 1070 3183 1167 3234; x_wconf 85' lang='grc' dir='ltr'><strong>τοῦ</strong></span> <span class='ocrx_word' id='word_1_268' title='bbox 1231 3182 1369 3234; x_wconf 84' lang='grc' dir='ltr'>Θεοῦ</span> <span class='ocrx_word' id='word_1_269' title='bbox 1421 3184 1832 3249; x_wconf 77' lang='grc' dir='ltr'>ἐσταυρωμένον</span> 
     </span>
    </p>
   </div>
   <div class='ocr_carea' id='block_1_35' title="bbox 234 3270 1829 3342">
    <p class='ocr_par' dir='ltr' id='par_1_35' title="bbox 234 3270 1829 3342">
     <span class='ocr_line' id='line_1_35' title="bbox 234 3270 1829 3342; baseline -0.001 -17"><span class='ocrx_word' id='word_1_270' title='bbox 234 3272 487 3336; x_wconf 75' lang='grc' dir='ltr'>ἀκούων,</span> <span class='ocrx_word' id='word_1_271' title='bbox 515 3273 727 3342; x_wconf 77' lang='grc' dir='ltr'>φθοράν</span> <span class='ocrx_word' id='word_1_272' title='bbox 753 3272 787 3342; x_wconf 87' lang='grc' dir='ltr'>ἢ</span> <span class='ocrx_word' id='word_1_273' title='bbox 811 3272 982 3335; x_wconf 84' lang='grc' dir='ltr'>πάθος</span> <span class='ocrx_word' id='word_1_274' title='bbox 1007 3272 1040 3342; x_wconf 82' lang='grc' dir='ltr'><strong>ἧ</strong></span> <span class='ocrx_word' id='word_1_275' title='bbox 1061 3273 1274 3342; x_wconf 70' lang='grc' dir='ltr'>τροπὴν</span> <span class='ocrx_word' id='word_1_276' title='bbox 1298 3272 1440 3325; x_wconf 84' lang='grc' dir='ltr'>κατά</span> <span class='ocrx_word' id='word_1_277' title='bbox 1463 3270 1559 3341; x_wconf 83' lang='grc' dir='ltr'>τὴν</span> <span class='ocrx_word' id='word_1_278' title='bbox 1581 3273 1829 3340; x_wconf 87' lang='grc' dir='ltr'>θεότητα,</span> 
     </span>
    </p>
   </div>
   <div class='ocr_carea' id='block_1_36' title="bbox 1946 787 3512 861">
    <p class='ocr_par' dir='ltr' id='par_1_36' title="bbox 1946 787 3512 861">
     <span class='ocr_line' id='line_1_36' title="bbox 1946 787 3512 861; baseline -0.003 -16"><span class='ocrx_word' id='word_1_279' title='bbox 1946 794 2082 851; x_wconf 73' lang='lat' dir='ltr'><strong>duos</strong></span> <span class='ocrx_word' id='word_1_280' title='bbox 2138 796 2463 861; x_wconf 81' lang='lat' dir='ltr'><strong>prolilcatur</strong></span> <span class='ocrx_word' id='word_1_281' title='bbox 2493 793 2651 853; x_wconf 83' lang='lat' dir='ltr'><strong>Deos,</strong></span> <span class='ocrx_word' id='word_1_282' title='bbox 2704 791 2994 843; x_wconf 86' lang='lat' dir='ltr'><strong>anathema</strong></span> <span class='ocrx_word' id='word_1_283' title='bbox 3044 787 3135 842; x_wconf 85' lang='lat' dir='ltr'><strong>sit.</strong></span> <span class='ocrx_word' id='word_1_284' title='bbox 3190 789 3255 840; x_wconf 78' lang='lat' dir='ltr'><strong>Et</strong></span> <span class='ocrx_word' id='word_1_285' title='bbox 3300 790 3343 840; x_wconf 92' lang='lat' dir='ltr'><strong>si</strong></span> <span class='ocrx_word' id='word_1_286' title='bbox 3388 789 3512 855; x_wconf 86' lang='lat' dir='ltr'><strong>quis</strong></span> 
     </span>
    </p>
   </div>
   <div class='ocr_carea' id='block_1_37' title="bbox 1939 879 3510 939">
    <p class='ocr_par' dir='ltr' id='par_1_37' title="bbox 1939 879 3510 939">
     <span class='ocr_line' id='line_1_37' title="bbox 1939 879 3510 939; baseline -0.004 0"><span class='ocrx_word' id='word_1_287' title='bbox 1939 886 2109 939; x_wconf 69' lang='lat' dir='ltr'><strong>Drum</strong></span> <span class='ocrx_word' id='word_1_288' title='bbox 2144 886 2334 938; x_wconf 82' lang='lat' dir='ltr'><strong>dicens</strong></span> <span class='ocrx_word' id='word_1_289' title='bbox 2362 886 2641 939; x_wconf 73' lang='lat' dir='ltr'><strong>Christum</strong></span> <span class='ocrx_word' id='word_1_290' title='bbox 2677 882 3119 936; x_wconf 72' lang='lat' dir='ltr'><strong>antesaecularem</strong></span> <span class='ocrx_word' id='word_1_291' title='bbox 3176 879 3372 933; x_wconf 86' lang='lat' dir='ltr'><strong>Filium</strong></span> <span class='ocrx_word' id='word_1_292' title='bbox 3415 880 3510 933; x_wconf 86' lang='lat' dir='ltr'><strong>Dei</strong></span> 
     </span>
    </p>
   </div>
   <div class='ocr_carea' id='block_1_38' title="bbox 1936 972 3510 1031">
    <p class='ocr_par' dir='ltr' id='par_1_38' title="bbox 1936 972 3510 1031">
     <span class='ocr_line' id='line_1_38' title="bbox 1936 972 3510 1031; baseline -0.003 -3"><span class='ocrx_word' id='word_1_293' title='bbox 1936 978 2346 1031; x_wconf 74' lang='lat' dir='ltr'><strong>administrasse</strong></span> <span class='ocrx_word' id='word_1_294' title='bbox 2397 977 2543 1030; x_wconf 89' lang='lat' dir='ltr'><strong>Patri</strong></span> <span class='ocrx_word' id='word_1_295' title='bbox 2594 976 2648 1027; x_wconf 90' lang='lat' dir='ltr'><strong>in</strong></span> <span class='ocrx_word' id='word_1_296' title='bbox 2697 988 2881 1027; x_wconf 88' lang='lat' dir='ltr'><strong>rerum</strong></span> <span class='ocrx_word' id='word_1_297' title='bbox 2930 972 3306 1025; x_wconf 70' lang='lat' dir='ltr'><strong>universarum</strong></span> <span class='ocrx_word' id='word_1_298' title='bbox 3356 986 3510 1023; x_wconf 82' lang='lat' dir='ltr'><strong>crea—</strong></span> 
     </span>
    </p>
   </div>
   <div class='ocr_carea' id='block_1_39' title="bbox 1939 1054 3509 1135">
    <p class='ocr_par' dir='ltr' id='par_1_39' title="bbox 1939 1054 3509 1135">
     <span class='ocr_line' id='line_1_39' title="bbox 1939 1054 3509 1135; baseline -0.002 -15"><span class='ocrx_word' id='word_1_299' title='bbox 1939 1066 2085 1120; x_wconf 87' lang='lat' dir='ltr'><strong>tione</strong></span> <span class='ocrx_word' id='word_1_300' title='bbox 2117 1082 2225 1121; x_wconf 89' lang='lat' dir='ltr'><strong>non</strong></span> <span class='ocrx_word' id='word_1_301' title='bbox 2264 1070 2613 1135; x_wconf 83' lang='lat' dir='ltr'><strong>proliteatur,</strong></span> <span class='ocrx_word' id='word_1_302' title='bbox 2644 1065 2937 1119; x_wconf 79' lang='lat' dir='ltr'><strong>anathema</strong></span> <span class='ocrx_word' id='word_1_303' title='bbox 2969 1064 3060 1117; x_wconf 88' lang='lat' dir='ltr'><strong>sit.</strong></span> <span class='ocrx_word' id='word_1_304' title='bbox 3105 1064 3160 1116; x_wconf 81' lang='lat' dir='ltr'><strong>Si</strong></span> <span class='ocrx_word' id='word_1_305' title='bbox 3194 1063 3318 1131; x_wconf 88' lang='lat' dir='ltr'><strong>quis</strong></span> <span class='ocrx_word' id='word_1_306' title='bbox 3354 1054 3509 1130; x_wconf 65' lang='lat' dir='ltr'><strong>inge-</strong></span> 
     </span>
    </p>
   </div>
   <div class='ocr_carea' id='block_1_40' title="bbox 1936 1154 3508 1228">
    <p class='ocr_par' dir='ltr' id='par_1_40' title="bbox 1936 1154 3508 1228">
     <span class='ocr_line' id='line_1_40' title="bbox 1936 1154 3508 1228; baseline -0.006 -15"><span class='ocrx_word' id='word_1_307' title='bbox 1936 1161 2136 1223; x_wconf 87' lang='lat' dir='ltr'><strong>nitum,</strong></span> <span class='ocrx_word' id='word_1_308' title='bbox 2195 1170 2289 1214; x_wconf 90' lang='lat' dir='ltr'><strong>aut</strong></span> <span class='ocrx_word' id='word_1_309' title='bbox 2358 1171 2564 1228; x_wconf 88' lang='lat' dir='ltr'><strong>partem</strong></span> <span class='ocrx_word' id='word_1_310' title='bbox 2631 1159 2751 1227; x_wconf 83' lang='lat' dir='ltr'><strong>ejus</strong></span> <span class='ocrx_word' id='word_1_311' title='bbox 2816 1172 2882 1210; x_wconf 63' lang='lat' dir='ltr'><strong>cr</strong></span> <span class='ocrx_word' id='word_1_312' title='bbox 2948 1154 3114 1208; x_wconf 75' lang='lat' dir='ltr'><strong>Maria</strong></span> <span class='ocrx_word' id='word_1_313' title='bbox 3174 1154 3508 1222; x_wconf 73' lang='lat' dir='ltr'><strong>progenitam</strong></span> 
     </span>
    </p>
   </div>
   <div class='ocr_carea' id='block_1_41' title="bbox 1936 1243 3509 1312">
    <p class='ocr_par' dir='ltr' id='par_1_41' title="bbox 1936 1243 3509 1312">
     <span class='ocr_line' id='line_1_41' title="bbox 1936 1243 3509 1312; baseline -0.007 -5"><span class='ocrx_word' id='word_1_314' title='bbox 1936 1267 2057 1307; x_wconf 86' lang='lat' dir='ltr'><strong>esse</strong></span> <span class='ocrx_word' id='word_1_315' title='bbox 2102 1256 2287 1307; x_wconf 85' lang='lat' dir='ltr'><strong>dicere</strong></span> <span class='ocrx_word' id='word_1_316' title='bbox 2341 1250 2556 1312; x_wconf 76' lang='lat' dir='ltr'><strong>audeat,</strong></span> <span class='ocrx_word' id='word_1_317' title='bbox 2593 1249 2886 1302; x_wconf 87' lang='lat' dir='ltr'><strong>anathema</strong></span> <span class='ocrx_word' id='word_1_318' title='bbox 2935 1246 3026 1299; x_wconf 89' lang='lat' dir='ltr'><strong>sit.</strong></span> <span class='ocrx_word' id='word_1_319' title='bbox 3076 1244 3131 1298; x_wconf 91' lang='lat' dir='ltr'><strong>Si</strong></span> <span class='ocrx_word' id='word_1_320' title='bbox 3190 1244 3315 1312; x_wconf 89' lang='lat' dir='ltr'><strong>quis</strong></span> <span class='ocrx_word' id='word_1_321' title='bbox 3354 1243 3509 1309; x_wconf 75' lang='lat' dir='ltr'><strong>juxta</strong></span> 
     </span>
    </p>
   </div>
   <div class='ocr_carea' id='block_1_42' title="bbox 1936 1332 3512 1413">
    <p class='ocr_par' dir='ltr' id='par_1_42' title="bbox 1936 1332 3512 1413">
     <span class='ocr_line' id='line_1_42' title="bbox 1936 1332 3512 1413; baseline -0.008 -15"><span class='ocrx_word' id='word_1_322' title='bbox 1936 1344 2361 1413; x_wconf 70' lang='lat' dir='ltr'><strong>praescienliam,</strong></span> <span class='ocrx_word' id='word_1_323' title='bbox 2395 1358 2517 1394; x_wconf 87' lang='lat' dir='ltr'><strong>eum</strong></span> <span class='ocrx_word' id='word_1_324' title='bbox 2550 1342 2642 1409; x_wconf 91' lang='lat' dir='ltr'><strong>qui</strong></span> <span class='ocrx_word' id='word_1_325' title='bbox 2693 1355 2761 1392; x_wconf 78' lang='lat' dir='ltr'><strong>ex</strong></span> <span class='ocrx_word' id='word_1_326' title='bbox 2804 1338 2972 1391; x_wconf 80' lang='lat' dir='ltr'><strong>Maria</strong></span> <span class='ocrx_word' id='word_1_327' title='bbox 3030 1338 3244 1406; x_wconf 69' lang='lat' dir='ltr'><strong>genitus</strong></span> <span class='ocrx_word' id='word_1_328' title='bbox 3270 1344 3375 1392; x_wconf 90' lang='lat' dir='ltr'><strong>cst,</strong></span> <span class='ocrx_word' id='word_1_329' title='bbox 3422 1332 3512 1387; x_wconf 59' lang='lat' dir='ltr'><strong>Fic</strong></span> 
     </span>
    </p>
   </div>
   <div class='ocr_carea' id='block_1_43' title="bbox 1937 1422 3513 1496">
    <p class='ocr_par' dir='ltr' id='par_1_43' title="bbox 1937 1422 3513 1496">
     <span class='ocr_line' id='line_1_43' title="bbox 1937 1422 3513 1496; baseline -0.01 -8"><span class='ocrx_word' id='word_1_330' title='bbox 1937 1435 2071 1488; x_wconf 81' lang='lat' dir='ltr'><strong>lium</strong></span> <span class='ocrx_word' id='word_1_331' title='bbox 2115 1449 2235 1487; x_wconf 91' lang='lat' dir='ltr'><strong>esse</strong></span> <span class='ocrx_word' id='word_1_332' title='bbox 2282 1432 2449 1496; x_wconf 89' lang='lat' dir='ltr'><strong>dicat,</strong></span> <span class='ocrx_word' id='word_1_333' title='bbox 2485 1440 2541 1484; x_wconf 87' lang='lat' dir='ltr'><strong>et</strong></span> <span class='ocrx_word' id='word_1_334' title='bbox 2582 1445 2691 1484; x_wconf 88' lang='lat' dir='ltr'><strong>non</strong></span> <span class='ocrx_word' id='word_1_335' title='bbox 2728 1438 2854 1481; x_wconf 85' lang='lat' dir='ltr'><strong>ante</strong></span> <span class='ocrx_word' id='word_1_336' title='bbox 2884 1426 3080 1481; x_wconf 80' lang='lat' dir='ltr'><strong>sa:cula</strong></span> <span class='ocrx_word' id='word_1_337' title='bbox 3123 1439 3188 1477; x_wconf 80' lang='lat' dir='ltr'><strong>ex</strong></span> <span class='ocrx_word' id='word_1_338' title='bbox 3228 1422 3387 1476; x_wconf 84' lang='lat' dir='ltr'><strong>Patre</strong></span> <span class='ocrx_word' id='word_1_339' title='bbox 3418 1439 3513 1474; x_wconf 90' lang='lat' dir='ltr'><strong>na-</strong></span> 
     </span>
    </p>
   </div>
   <div class='ocr_carea' id='block_1_44' title="bbox 1935 1514 3513 1595">
    <p class='ocr_par' dir='ltr' id='par_1_44' title="bbox 1935 1514 3513 1595">
     <span class='ocr_line' id='line_1_44' title="bbox 1935 1514 3513 1595; baseline -0.012 -14"><span class='ocrx_word' id='word_1_340' title='bbox 1935 1537 2051 1581; x_wconf 85' lang='lat' dir='ltr'><strong>tum</strong></span> <span class='ocrx_word' id='word_1_341' title='bbox 2100 1526 2242 1595; x_wconf 86' lang='lat' dir='ltr'><strong>apud</strong></span> <span class='ocrx_word' id='word_1_342' title='bbox 2288 1524 2462 1578; x_wconf 86' lang='lat' dir='ltr'><strong>Deum</strong></span> <span class='ocrx_word' id='word_1_343' title='bbox 2513 1537 2658 1585; x_wconf 89' lang='lat' dir='ltr'><strong>esse,</strong></span> <span class='ocrx_word' id='word_1_344' title='bbox 2692 1530 2747 1574; x_wconf 91' lang='lat' dir='ltr'><strong>et</strong></span> <span class='ocrx_word' id='word_1_345' title='bbox 2781 1532 2879 1587; x_wconf 87' lang='lat' dir='ltr'><strong>per</strong></span> <span class='ocrx_word' id='word_1_346' title='bbox 2909 1531 3033 1572; x_wconf 92' lang='lat' dir='ltr'><strong>eum</strong></span> <span class='ocrx_word' id='word_1_347' title='bbox 3077 1514 3217 1569; x_wconf 81' lang='lat' dir='ltr'><strong>facta</strong></span> <span class='ocrx_word' id='word_1_348' title='bbox 3250 1528 3367 1566; x_wconf 84' lang='lat' dir='ltr'><strong>esse</strong></span> <span class='ocrx_word' id='word_1_349' title='bbox 3396 1527 3513 1566; x_wconf 85' lang='lat' dir='ltr'><strong>om-</strong></span> 
     </span>
    </p>
   </div>
   <div class='ocr_carea' id='block_1_45' title="bbox 1936 1605 3510 1681">
    <p class='ocr_par' dir='ltr' id='par_1_45' title="bbox 1936 1605 3510 1681">
     <span class='ocr_line' id='line_1_45' title="bbox 1936 1605 3510 1681; baseline -0.012 -8"><span class='ocrx_word' id='word_1_350' title='bbox 1936 1622 2047 1679; x_wconf 90' lang='lat' dir='ltr'><strong>nia,</strong></span> <span class='ocrx_word' id='word_1_351' title='bbox 2095 1619 2387 1671; x_wconf 86' lang='lat' dir='ltr'><strong>anathema</strong></span> <span class='ocrx_word' id='word_1_352' title='bbox 2424 1615 2516 1667; x_wconf 85' lang='lat' dir='ltr'><strong>sit.</strong></span> <span class='ocrx_word' id='word_1_353' title='bbox 2554 1612 2611 1667; x_wconf 89' lang='lat' dir='ltr'><strong>Si</strong></span> <span class='ocrx_word' id='word_1_354' title='bbox 2660 1611 2785 1681; x_wconf 87' lang='lat' dir='ltr'><strong>quis</strong></span> <span class='ocrx_word' id='word_1_355' title='bbox 2823 1609 3102 1663; x_wconf 81' lang='lat' dir='ltr'><strong>dilatatam</strong></span> <span class='ocrx_word' id='word_1_356' title='bbox 3149 1605 3510 1658; x_wconf 78' lang='lat' dir='ltr'><strong>substantiam</strong></span> 
     </span>
    </p>
   </div>
   <div class='ocr_carea' id='block_1_46' title="bbox 1937 1696 3514 1763">
    <p class='ocr_par' dir='ltr' id='par_1_46' title="bbox 1937 1696 3514 1763">
     <span class='ocr_line' id='line_1_46' title="bbox 1937 1696 3514 1763; baseline -0.013 1"><span class='ocrx_word' id='word_1_357' title='bbox 1937 1710 2028 1763; x_wconf 89' lang='lat' dir='ltr'><strong>Dei</strong></span> <span class='ocrx_word' id='word_1_358' title='bbox 2075 1709 2270 1763; x_wconf 85' lang='lat' dir='ltr'><strong>Filium</strong></span> <span class='ocrx_word' id='word_1_359' title='bbox 2308 1706 2489 1760; x_wconf 83' lang='lat' dir='ltr'><strong>facere</strong></span> <span class='ocrx_word' id='word_1_360' title='bbox 2524 1703 2691 1759; x_wconf 85' lang='lat' dir='ltr'><strong>dicat.</strong></span> <span class='ocrx_word' id='word_1_361' title='bbox 2725 1709 2819 1755; x_wconf 88' lang='lat' dir='ltr'><strong>aut</strong></span> <span class='ocrx_word' id='word_1_362' title='bbox 2850 1699 3226 1753; x_wconf 87' lang='lat' dir='ltr'><strong>dilatatiouem</strong></span> <span class='ocrx_word' id='word_1_363' title='bbox 3259 1696 3514 1749; x_wconf 85' lang='lat' dir='ltr'><strong>substan-</strong></span> 
     </span>
    </p>
   </div>
   <div class='ocr_carea' id='block_1_47' title="bbox 1936 1786 3513 1869">
    <p class='ocr_par' dir='ltr' id='par_1_47' title="bbox 1936 1786 3513 1869">
     <span class='ocr_line' id='line_1_47' title="bbox 1936 1786 3513 1869; baseline -0.01 -17"><span class='ocrx_word' id='word_1_364' title='bbox 1936 1803 2023 1855; x_wconf 72' lang='lat' dir='ltr'><strong>tia:</strong></span> <span class='ocrx_word' id='word_1_365' title='bbox 2065 1802 2183 1869; x_wconf 86' lang='lat' dir='ltr'><strong>ejus</strong></span> <span class='ocrx_word' id='word_1_366' title='bbox 2234 1797 2433 1851; x_wconf 88' lang='lat' dir='ltr'><strong>Filium</strong></span> <span class='ocrx_word' id='word_1_367' title='bbox 2492 1793 2762 1855; x_wconf 83' lang='lat' dir='ltr'><strong>nominet,</strong></span> <span class='ocrx_word' id='word_1_368' title='bbox 2803 1791 3091 1845; x_wconf 87' lang='lat' dir='ltr'><strong>anathema</strong></span> <span class='ocrx_word' id='word_1_369' title='bbox 3146 1788 3238 1841; x_wconf 87' lang='lat' dir='ltr'><strong>sit.</strong></span> <span class='ocrx_word' id='word_1_370' title='bbox 3289 1786 3344 1839; x_wconf 87' lang='lat' dir='ltr'><strong>Si</strong></span> <span class='ocrx_word' id='word_1_371' title='bbox 3388 1786 3513 1854; x_wconf 83' lang='lat' dir='ltr'><strong>quis</strong></span> 
     </span>
    </p>
   </div>
   <div class='ocr_carea' id='block_1_48' title="bbox 1934 1876 3509 1945">
    <p class='ocr_par' dir='ltr' id='par_1_48' title="bbox 1934 1876 3509 1945">
     <span class='ocr_line' id='line_1_48' title="bbox 1934 1876 3509 1945; baseline -0.011 -1"><span class='ocrx_word' id='word_1_372' title='bbox 1934 1889 2297 1945; x_wconf 79' lang='lat' dir='ltr'><strong>substantiam</strong></span> <span class='ocrx_word' id='word_1_373' title='bbox 2356 1885 2451 1941; x_wconf 86' lang='lat' dir='ltr'><strong>Dei</strong></span> <span class='ocrx_word' id='word_1_374' title='bbox 2495 1885 2579 1937; x_wconf 88' lang='lat' dir='ltr'><strong>vel</strong></span> <span class='ocrx_word' id='word_1_375' title='bbox 2642 1880 2863 1936; x_wconf 81' lang='lat' dir='ltr'><strong>dilatari</strong></span> <span class='ocrx_word' id='word_1_376' title='bbox 2915 1880 2999 1932; x_wconf 85' lang='lat' dir='ltr'><strong>vel</strong></span> <span class='ocrx_word' id='word_1_377' title='bbox 3047 1876 3296 1931; x_wconf 84' lang='lat' dir='ltr'><strong>contrahi</strong></span> <span class='ocrx_word' id='word_1_378' title='bbox 3343 1876 3509 1933; x_wconf 85' lang='lat' dir='ltr'><strong>dicat,</strong></span> 
     </span>
    </p>
   </div>
   <div class='ocr_carea' id='block_1_49' title="bbox 1934 1965 3508 2046">
    <p class='ocr_par' dir='ltr' id='par_1_49' title="bbox 1934 1965 3508 2046">
     <span class='ocr_line' id='line_1_49' title="bbox 1934 1965 3508 2046; baseline -0.011 -11"><span class='ocrx_word' id='word_1_379' title='bbox 1934 1982 2221 2035; x_wconf 81' lang='lat' dir='ltr'><strong>anathema</strong></span> <span class='ocrx_word' id='word_1_380' title='bbox 2267 1980 2359 2033; x_wconf 87' lang='lat' dir='ltr'><strong>sit.</strong></span> <span class='ocrx_word' id='word_1_381' title='bbox 2411 1978 2467 2030; x_wconf 89' lang='lat' dir='ltr'><strong>Si</strong></span> <span class='ocrx_word' id='word_1_382' title='bbox 2505 1976 2629 2046; x_wconf 87' lang='lat' dir='ltr'><strong>quis</strong></span> <span class='ocrx_word' id='word_1_383' title='bbox 2676 1974 2757 2027; x_wconf 85' lang='lat' dir='ltr'><strong>vel</strong></span> <span class='ocrx_word' id='word_1_384' title='bbox 2815 1981 2995 2025; x_wconf 91' lang='lat' dir='ltr'><strong>mente</strong></span> <span class='ocrx_word' id='word_1_385' title='bbox 3042 1978 3391 2034; x_wconf 86' lang='lat' dir='ltr'><strong>conceptum,</strong></span> <span class='ocrx_word' id='word_1_386' title='bbox 3426 1965 3508 2017; x_wconf 83' lang='lat' dir='ltr'><strong>vel</strong></span> 
     </span>
    </p>
   </div>
   <div class='ocr_carea' id='block_1_50' title="bbox 1865 2050 3512 2140">
    <p class='ocr_par' dir='ltr' id='par_1_50' title="bbox 1865 2050 3512 2140">
     <span class='ocr_line' id='line_1_50' title="bbox 1865 2050 3512 2140; baseline -0.011 -15"><span class='ocrx_word' id='word_1_387' title='bbox 1865 2050 1904 2102; x_wconf 74' lang='grc' dir='ltr'><strong><em>Β</em></strong></span> <span class='ocrx_word' id='word_1_388' title='bbox 1936 2090 2030 2126; x_wconf 83' lang='lat' dir='ltr'><strong>ore</strong></span> <span class='ocrx_word' id='word_1_389' title='bbox 2066 2072 2334 2140; x_wconf 85' lang='lat' dir='ltr'><strong>prolatum</strong></span> <span class='ocrx_word' id='word_1_390' title='bbox 2367 2068 2592 2122; x_wconf 90' lang='lat' dir='ltr'><strong>verbum</strong></span> <span class='ocrx_word' id='word_1_391' title='bbox 2643 2064 2788 2118; x_wconf 80' lang='lat' dir='ltr'><strong>dicat</strong></span> <span class='ocrx_word' id='word_1_392' title='bbox 2826 2063 3021 2116; x_wconf 81' lang='lat' dir='ltr'><strong>Filium</strong></span> <span class='ocrx_word' id='word_1_393' title='bbox 3073 2060 3189 2121; x_wconf 78' lang='lat' dir='ltr'><strong>llei,</strong></span> <span class='ocrx_word' id='word_1_394' title='bbox 3222 2057 3512 2110; x_wconf 68' lang='lat' dir='ltr'><strong>anathema</strong></span> 
     </span>
    </p>
   </div>
   <div class='ocr_carea' id='block_1_51' title="bbox 1936 2147 3515 2231">
    <p class='ocr_par' dir='ltr' id='par_1_51' title="bbox 1936 2147 3515 2231">
     <span class='ocr_line' id='line_1_51' title="bbox 1936 2147 3515 2231; baseline -0.015 -12"><span class='ocrx_word' id='word_1_395' title='bbox 1936 2167 2025 2219; x_wconf 84' lang='lat' dir='ltr'><strong>sit.</strong></span> <span class='ocrx_word' id='word_1_396' title='bbox 2063 2163 2118 2216; x_wconf 89' lang='lat' dir='ltr'><strong>Si</strong></span> <span class='ocrx_word' id='word_1_397' title='bbox 2155 2166 2279 2231; x_wconf 87' lang='lat' dir='ltr'><strong>quis</strong></span> <span class='ocrx_word' id='word_1_398' title='bbox 2328 2159 2606 2213; x_wconf 89' lang='lat' dir='ltr'><strong>hominem</strong></span> <span class='ocrx_word' id='word_1_399' title='bbox 2652 2155 2829 2209; x_wconf 89' lang='lat' dir='ltr'><strong>solum</strong></span> <span class='ocrx_word' id='word_1_400' title='bbox 2868 2154 3011 2207; x_wconf 87' lang='lat' dir='ltr'><strong>dicat</strong></span> <span class='ocrx_word' id='word_1_401' title='bbox 3054 2151 3359 2209; x_wconf 50' lang='lat' dir='ltr'><strong>Filium,“</strong></span> <span class='ocrx_word' id='word_1_402' title='bbox 3407 2147 3515 2198; x_wconf 76' lang='lat' dir='ltr'><strong>Ma-</strong></span> 
     </span>
    </p>
   </div>
   <div class='ocr_carea' id='block_1_52' title="bbox 1936 2240 3515 2324">
    <p class='ocr_par' dir='ltr' id='par_1_52' title="bbox 1936 2240 3515 2324">
     <span class='ocr_line' id='line_1_52' title="bbox 1936 2240 3515 2324; baseline -0.014 -14"><span class='ocrx_word' id='word_1_403' title='bbox 1936 2258 2014 2310; x_wconf 90' lang='lat' dir='ltr'><strong>ria</strong></span> <span class='ocrx_word' id='word_1_404' title='bbox 2056 2263 2420 2324; x_wconf 81' lang='lat' dir='ltr'><strong>pregnatutn,</strong></span> <span class='ocrx_word' id='word_1_405' title='bbox 2475 2248 2763 2302; x_wconf 82' lang='lat' dir='ltr'><strong>anathema</strong></span> <span class='ocrx_word' id='word_1_406' title='bbox 2815 2244 2905 2297; x_wconf 86' lang='lat' dir='ltr'><strong>sit.</strong></span> <span class='ocrx_word' id='word_1_407' title='bbox 2962 2243 3018 2294; x_wconf 90' lang='lat' dir='ltr'><strong>Si</strong></span> <span class='ocrx_word' id='word_1_408' title='bbox 3070 2240 3196 2309; x_wconf 89' lang='lat' dir='ltr'><strong>quis</strong></span> <span class='ocrx_word' id='word_1_409' title='bbox 3243 2242 3411 2294; x_wconf 84' lang='lat' dir='ltr'><strong>Deum</strong></span> <span class='ocrx_word' id='word_1_410' title='bbox 3458 2248 3515 2292; x_wconf 87' lang='lat' dir='ltr'><strong>et.</strong></span> 
     </span>
    </p>
   </div>
   <div class='ocr_carea' id='block_1_53' title="bbox 1938 2331 3509 2407">
    <p class='ocr_par' dir='ltr' id='par_1_53' title="bbox 1938 2331 3509 2407">
     <span class='ocr_line' id='line_1_53' title="bbox 1938 2331 3509 2407; baseline -0.013 -6"><span class='ocrx_word' id='word_1_411' title='bbox 1938 2349 2214 2402; x_wconf 85' lang='lat' dir='ltr'><strong>hominem</strong></span> <span class='ocrx_word' id='word_1_412' title='bbox 2242 2359 2306 2397; x_wconf 82' lang='lat' dir='ltr'><strong>ex</strong></span> <span class='ocrx_word' id='word_1_413' title='bbox 2334 2342 2499 2396; x_wconf 83' lang='lat' dir='ltr'><strong>Maria</strong></span> <span class='ocrx_word' id='word_1_414' title='bbox 2536 2340 2785 2407; x_wconf 66' lang='lat' dir='ltr'><strong>genitum</strong></span> <span class='ocrx_word' id='word_1_415' title='bbox 2834 2335 3120 2404; x_wconf 83' lang='lat' dir='ltr'><strong>prolitens,</strong></span> <span class='ocrx_word' id='word_1_416' title='bbox 3160 2334 3327 2385; x_wconf 89' lang='lat' dir='ltr'><strong>Deum</strong></span> <span class='ocrx_word' id='word_1_417' title='bbox 3363 2331 3509 2397; x_wconf 80' lang='lat' dir='ltr'><strong>iugc-</strong></span> 
     </span>
    </p>
   </div>
   <div class='ocr_carea' id='block_1_54' title="bbox 1937 2422 3511 2505">
    <p class='ocr_par' dir='ltr' id='par_1_54' title="bbox 1937 2422 3511 2505">
     <span class='ocr_line' id='line_1_54' title="bbox 1937 2422 3511 2505; baseline -0.013 -14"><span class='ocrx_word' id='word_1_418' title='bbox 1937 2449 2110 2491; x_wconf 89' lang='lat' dir='ltr'><strong>mtnm</strong></span> <span class='ocrx_word' id='word_1_419' title='bbox 2143 2439 2319 2505; x_wconf 83' lang='lat' dir='ltr'><strong>ipsum</strong></span> <span class='ocrx_word' id='word_1_420' title='bbox 2353 2431 2641 2498; x_wconf 75' lang='lat' dir='ltr'><strong>intelligat,</strong></span> <span class='ocrx_word' id='word_1_421' title='bbox 2671 2428 2961 2481; x_wconf 86' lang='lat' dir='ltr'><strong>anathema</strong></span> <span class='ocrx_word' id='word_1_422' title='bbox 2994 2427 3083 2479; x_wconf 88' lang='lat' dir='ltr'><strong>sit.</strong></span> <span class='ocrx_word' id='word_1_423' title='bbox 3117 2423 3172 2478; x_wconf 89' lang='lat' dir='ltr'><strong>Si</strong></span> <span class='ocrx_word' id='word_1_424' title='bbox 3200 2422 3323 2491; x_wconf 89' lang='lat' dir='ltr'><strong>quis</strong></span> <span class='ocrx_word' id='word_1_425' title='bbox 3356 2422 3511 2477; x_wconf 81' lang='lat' dir='ltr'><strong>illud.</strong></span> 
     </span>
    </p>
   </div>
   <div class='ocr_carea' id='block_1_55' title="bbox 1938 2526 3513 2601">
    <p class='ocr_par' dir='ltr' id='par_1_55' title="bbox 1938 2526 3513 2601">
     <span class='ocr_line' id='line_1_55' title="bbox 1938 2526 3513 2601; baseline -0.014 -15"><span class='ocrx_word' id='word_1_426' title='bbox 1938 2533 2045 2601; x_wconf 74' lang='lat' dir='ltr'><strong>Ego</strong></span> <span class='ocrx_word' id='word_1_427' title='bbox 2089 2531 2221 2584; x_wconf 81' lang='lat' dir='ltr'><strong>Deus</strong></span> <span class='ocrx_word' id='word_1_428' title='bbox 2256 2530 2506 2590; x_wconf 82' lang='lat' dir='ltr'><strong>primum,</strong></span> <span class='ocrx_word' id='word_1_429' title='bbox 2540 2536 2588 2578; x_wconf 86' lang='lat' dir='ltr'><strong>et</strong></span> <span class='ocrx_word' id='word_1_430' title='bbox 2637 2541 2727 2592; x_wconf 77' lang='lat' dir='ltr'><strong>ego</strong></span> <span class='ocrx_word' id='word_1_431' title='bbox 2757 2531 2959 2587; x_wconf 78' lang='lat' dir='ltr'><strong>postea,</strong></span> <span class='ocrx_word' id='word_1_432' title='bbox 2994 2529 3043 2569; x_wconf 74' lang='lat' dir='ltr'><strong>et</strong></span> <span class='ocrx_word' id='word_1_433' title='bbox 3077 2526 3267 2582; x_wconf 74' lang='lat' dir='ltr'><strong>prmter</strong></span> <span class='ocrx_word' id='word_1_434' title='bbox 3299 2530 3378 2567; x_wconf 84' lang='lat' dir='ltr'><strong>me</strong></span> <span class='ocrx_word' id='word_1_435' title='bbox 3408 2528 3513 2564; x_wconf 61' lang='lat' dir='ltr'><strong>non</strong></span> 
     </span>
    </p>
   </div>
   <div class='ocr_carea' id='block_1_56' title="bbox 1935 2610 3505 2687">
    <p class='ocr_par' dir='ltr' id='par_1_56' title="bbox 1935 2610 3505 2687">
     <span class='ocr_line' id='line_1_56' title="bbox 1935 2610 3505 2687; baseline -0.015 -10"><span class='ocrx_word' id='word_1_436' title='bbox 1935 2634 2008 2677; x_wconf 78' lang='lat' dir='ltr'><strong>est</strong></span> <span class='ocrx_word' id='word_1_437' title='bbox 2053 2623 2188 2675; x_wconf 78' lang='lat' dir='ltr'><strong>Deus</strong></span> <span class='ocrx_word' id='word_1_438' title='bbox 2216 2622 2231 2652; x_wconf 85' lang='grc'>¹</span> <span class='ocrx_word' id='word_1_439' title='bbox 2259 2638 2274 2673; x_wconf 87' lang='lat'><strong>:</strong></span> <span class='ocrx_word' id='word_1_440' title='bbox 2311 2618 2457 2687; x_wconf 75' lang='lat' dir='ltr'><strong>quo]</strong></span> <span class='ocrx_word' id='word_1_441' title='bbox 2482 2618 2549 2671; x_wconf 87' lang='lat' dir='ltr'><strong>de</strong></span> <span class='ocrx_word' id='word_1_442' title='bbox 2574 2616 2873 2669; x_wconf 76' lang='lat' dir='ltr'><strong>abolitione</strong></span> <span class='ocrx_word' id='word_1_443' title='bbox 2899 2610 3197 2663; x_wconf 89' lang='lat' dir='ltr'><strong>idolorum.</strong></span> <span class='ocrx_word' id='word_1_444' title='bbox 3232 2614 3288 2657; x_wconf 90' lang='lat' dir='ltr'><strong>et</strong></span> <span class='ocrx_word' id='word_1_445' title='bbox 3317 2620 3505 2657; x_wconf 69' lang='lat' dir='ltr'><strong>eorum</strong></span> 
     </span>
    </p>
   </div>
   <div class='ocr_carea' id='block_1_57' title="bbox 1935 2694 3514 2783">
    <p class='ocr_par' dir='ltr' id='par_1_57' title="bbox 1935 2694 3514 2783">
     <span class='ocr_line' id='line_1_57' title="bbox 1935 2694 3514 2783; baseline -0.013 -18"><span class='ocrx_word' id='word_1_446' title='bbox 1935 2715 2028 2783; x_wconf 85' lang='lat' dir='ltr'><strong>qui</strong></span> <span class='ocrx_word' id='word_1_447' title='bbox 2098 2714 2171 2765; x_wconf 82' lang='lat' dir='ltr'><strong>dii</strong></span> <span class='ocrx_word' id='word_1_448' title='bbox 2242 2726 2350 2764; x_wconf 90' lang='lat' dir='ltr'><strong>non</strong></span> <span class='ocrx_word' id='word_1_449' title='bbox 2400 2719 2549 2772; x_wconf 88' lang='lat' dir='ltr'><strong>sunt,</strong></span> <span class='ocrx_word' id='word_1_450' title='bbox 2585 2706 2790 2759; x_wconf 76' lang='lat' dir='ltr'><strong>dictum</strong></span> <span class='ocrx_word' id='word_1_451' title='bbox 2828 2714 2943 2765; x_wconf 81' lang='lat' dir='ltr'><strong>est,</strong></span> <span class='ocrx_word' id='word_1_452' title='bbox 2976 2699 3041 2753; x_wconf 88' lang='lat' dir='ltr'><strong>ad</strong></span> <span class='ocrx_word' id='word_1_453' title='bbox 3104 2694 3514 2765; x_wconf 77' lang='lat' dir='ltr'><strong>abragationem</strong></span> 
     </span>
    </p>
   </div>
   <div class='ocr_carea' id='block_1_58' title="bbox 1936 2785 3512 2871">
    <p class='ocr_par' dir='ltr' id='par_1_58' title="bbox 1936 2785 3512 2871">
     <span class='ocr_line' id='line_1_58' title="bbox 1936 2785 3512 2871; baseline -0.015 -12"><span class='ocrx_word' id='word_1_454' title='bbox 1936 2804 2202 2871; x_wconf 67' lang='lat' dir='ltr'><strong>unigeniti</strong></span> <span class='ocrx_word' id='word_1_455' title='bbox 2247 2799 2658 2855; x_wconf 67' lang='lat' dir='ltr'><strong>antesmcularis</strong></span> <span class='ocrx_word' id='word_1_456' title='bbox 2686 2794 2822 2849; x_wconf 71' lang='lat' dir='ltr'><strong>Filii</strong></span> <span class='ocrx_word' id='word_1_457' title='bbox 2868 2794 2962 2844; x_wconf 87' lang='lat' dir='ltr'><strong>Dei</strong></span> <span class='ocrx_word' id='word_1_458' title='bbox 3004 2789 3231 2843; x_wconf 34' lang='lat' dir='ltr'><strong>Jud‘uicc</strong></span> <span class='ocrx_word' id='word_1_459' title='bbox 3258 2785 3512 2852; x_wconf 79' lang='lat' dir='ltr'><strong>accipiat,</strong></span> 
     </span>
    </p>
   </div>
   <div class='ocr_carea' id='block_1_59' title="bbox 1936 2878 3515 2956">
    <p class='ocr_par' dir='ltr' id='par_1_59' title="bbox 1936 2878 3515 2956">
     <span class='ocr_line' id='line_1_59' title="bbox 1936 2878 3515 2956; baseline -0.014 -7"><span class='ocrx_word' id='word_1_460' title='bbox 1936 2896 2226 2949; x_wconf 88' lang='lat' dir='ltr'><strong>anathema</strong></span> <span class='ocrx_word' id='word_1_461' title='bbox 2276 2894 2366 2946; x_wconf 87' lang='lat' dir='ltr'><strong>sit.</strong></span> <span class='ocrx_word' id='word_1_462' title='bbox 2409 2890 2463 2943; x_wconf 88' lang='lat' dir='ltr'><strong>Si</strong></span> <span class='ocrx_word' id='word_1_463' title='bbox 2505 2889 2628 2956; x_wconf 90' lang='lat' dir='ltr'><strong>quis</strong></span> <span class='ocrx_word' id='word_1_464' title='bbox 2670 2887 2822 2946; x_wconf 84' lang='lat' dir='ltr'><strong>illud,</strong></span> <span class='ocrx_word' id='word_1_465' title='bbox 2879 2882 3106 2935; x_wconf 84' lang='lat' dir='ltr'><strong>Verbum</strong></span> <span class='ocrx_word' id='word_1_466' title='bbox 3147 2895 3274 2932; x_wconf 88' lang='lat' dir='ltr'><strong>caro</strong></span> <span class='ocrx_word' id='word_1_467' title='bbox 3309 2878 3515 2947; x_wconf 73' lang='lat' dir='ltr'><strong>factum</strong></span> 
     </span>
    </p>
   </div>
   <div class='ocr_carea' id='block_1_60' title="bbox 1936 2980 3516 3051">
    <p class='ocr_par' dir='ltr' id='par_1_60' title="bbox 1936 2980 3516 3051">
     <span class='ocr_line' id='line_1_60' title="bbox 1936 2980 3516 3051; baseline -0.011 -12"><span class='ocrx_word' id='word_1_468' title='bbox 1936 2996 2033 3051; x_wconf 79' lang='lat' dir='ltr'><strong>est,</strong></span> <span class='ocrx_word' id='word_1_469' title='bbox 2082 2986 2334 3043; x_wconf 89' lang='lat' dir='ltr'><strong>audiens.</strong></span> <span class='ocrx_word' id='word_1_470' title='bbox 2390 2982 2625 3036; x_wconf 83' lang='lat' dir='ltr'><strong>Verbum</strong></span> <span class='ocrx_word' id='word_1_471' title='bbox 2679 2980 2732 3031; x_wconf 92' lang='lat' dir='ltr'><strong>in</strong></span> <span class='ocrx_word' id='word_1_472' title='bbox 2788 2990 3011 3029; x_wconf 89' lang='lat' dir='ltr'><strong>carnem</strong></span> <span class='ocrx_word' id='word_1_473' title='bbox 3070 2981 3363 3034; x_wconf 87' lang='lat' dir='ltr'><strong>mutatum,</strong></span> <span class='ocrx_word' id='word_1_474' title='bbox 3420 2980 3516 3022; x_wconf 90' lang='lat' dir='ltr'><strong>aut</strong></span> 
     </span>
    </p>
   </div>
   <div class='ocr_carea' id='block_1_61' title="bbox 1937 3062 3514 3132">
    <p class='ocr_par' dir='ltr' id='par_1_61' title="bbox 1937 3062 3514 3132">
     <span class='ocr_line' id='line_1_61' title="bbox 1937 3062 3514 3132; baseline -0.013 -2"><span class='ocrx_word' id='word_1_475' title='bbox 1937 3075 2351 3130; x_wconf 83' lang='lat' dir='ltr'><strong>conversionem</strong></span> <span class='ocrx_word' id='word_1_476' title='bbox 2399 3072 2656 3132; x_wconf 84' lang='lat' dir='ltr'><strong>subiisse,</strong></span> <span class='ocrx_word' id='word_1_477' title='bbox 2692 3084 2749 3121; x_wconf 88' lang='lat' dir='ltr'><strong>et</strong></span> <span class='ocrx_word' id='word_1_478' title='bbox 2781 3068 2860 3120; x_wconf 82' lang='lat' dir='ltr'><strong>sic</strong></span> <span class='ocrx_word' id='word_1_479' title='bbox 2894 3080 3113 3118; x_wconf 82' lang='lat' dir='ltr'><strong>carnem</strong></span> <span class='ocrx_word' id='word_1_480' title='bbox 3149 3062 3514 3128; x_wconf 67' lang='lat' dir='ltr'><strong>assumpsisse</strong></span> 
     </span>
    </p>
   </div>
   <div class='ocr_carea' id='block_1_62' title="bbox 1936 3152 3516 3227">
    <p class='ocr_par' dir='ltr' id='par_1_62' title="bbox 1936 3152 3516 3227">
     <span class='ocr_line' id='line_1_62' title="bbox 1936 3152 3516 3227; baseline -0.011 -7"><span class='ocrx_word' id='word_1_481' title='bbox 1936 3167 2234 3227; x_wconf 77' lang='lat' dir='ltr'><strong>existimet,</strong></span> <span class='ocrx_word' id='word_1_482' title='bbox 2272 3163 2563 3217; x_wconf 86' lang='lat' dir='ltr'><strong>anathema</strong></span> <span class='ocrx_word' id='word_1_483' title='bbox 2608 3163 2702 3213; x_wconf 90' lang='lat' dir='ltr'><strong>sit.</strong></span> <span class='ocrx_word' id='word_1_484' title='bbox 2751 3159 2807 3213; x_wconf 88' lang='lat' dir='ltr'><strong>Si</strong></span> <span class='ocrx_word' id='word_1_485' title='bbox 2859 3156 2985 3226; x_wconf 86' lang='lat' dir='ltr'><strong>quis</strong></span> <span class='ocrx_word' id='word_1_486' title='bbox 3032 3154 3376 3222; x_wconf 70' lang='lat' dir='ltr'><strong>unigenitum</strong></span> <span class='ocrx_word' id='word_1_487' title='bbox 3429 3152 3516 3204; x_wconf 73' lang='lat' dir='ltr'><strong>Fi-</strong></span> 
     </span>
    </p>
   </div>
   <div class='ocr_carea' id='block_1_63' title="bbox 1938 3242 3515 3313">
    <p class='ocr_par' dir='ltr' id='par_1_63' title="bbox 1938 3242 3515 3313">
     <span class='ocr_line' id='line_1_63' title="bbox 1938 3242 3515 3313; baseline -0.013 0"><span class='ocrx_word' id='word_1_488' title='bbox 1938 3260 2071 3313; x_wconf 90' lang='lat' dir='ltr'><strong>lium</strong></span> <span class='ocrx_word' id='word_1_489' title='bbox 2124 3257 2221 3310; x_wconf 89' lang='lat' dir='ltr'><strong>Dei</strong></span> <span class='ocrx_word' id='word_1_490' title='bbox 2277 3255 2602 3309; x_wconf 66' lang='lat' dir='ltr'><strong>cruciﬁxum</strong></span> <span class='ocrx_word' id='word_1_491' title='bbox 2657 3251 2909 3310; x_wconf 88' lang='lat' dir='ltr'><strong>audiens,</strong></span> <span class='ocrx_word' id='word_1_492' title='bbox 2952 3246 3386 3313; x_wconf 83' lang='lat' dir='ltr'><strong>corruptionem,</strong></span> <span class='ocrx_word' id='word_1_493' title='bbox 3429 3242 3515 3293; x_wconf 79' lang='lat' dir='ltr'><strong>vel</strong></span> 
     </span>
    </p>
   </div>
   <div class='ocr_carea' id='block_1_64' title="bbox 230 3335 1838 3433">
    <p class='ocr_par' dir='ltr' id='par_1_64' title="bbox 230 3335 1835 3433">
     <span class='ocr_line' id='line_1_64' title="bbox 230 3335 1835 3433; baseline 0.001 -19"><span class='ocrx_word' id='word_1_494' title='bbox 230 3364 268 3433; x_wconf 80' lang='grc' dir='ltr'><strong>ἦ</strong></span> <span class='ocrx_word' id='word_1_495' title='bbox 304 3335 562 3431; x_wconf 77' lang='grc' dir='ltr'>μείωσιν,</span> <span class='ocrx_word' id='word_1_496' title='bbox 595 3335 637 3432; x_wconf 41' lang='grc' dir='ltr'><strong>ἢ.</strong></span> <span class='ocrx_word' id='word_1_497' title='bbox 667 3335 953 3432; x_wconf 74' lang='grc' dir='ltr'>ἀναίρεσιν</span> <span class='ocrx_word' id='word_1_498' title='bbox 980 3335 1474 3431; x_wconf 62' lang='grc' dir='ltr'>ὐττομεμένηκέναι</span> <span class='ocrx_word' id='word_1_499' title='bbox 1498 3335 1667 3429; x_wconf 82' lang='grc' dir='ltr'>λέγοι,</span> <span class='ocrx_word' id='word_1_500' title='bbox 1705 3335 1835 3417; x_wconf 36' lang='grc' dir='ltr'>ἀνάζ-</span> 
     </span>
    </p>
   </div>
   <div class='ocr_carea' id='block_1_65' title="bbox 1865 3335 3511 3433">
    <p class='ocr_par' dir='ltr' id='par_1_65' title="bbox 1867 3335 3511 3425">
     <span class='ocr_line' id='line_1_65' title="bbox 1867 3335 3511 3425; baseline -0.015 -18"><span class='ocrx_word' id='word_1_501' title='bbox 1867 3370 1909 3425; x_wconf 75' lang='lat' dir='ltr'><strong>C</strong></span> <span class='ocrx_word' id='word_1_502' title='bbox 1944 3350 2374 3421; x_wconf 85' lang='lat' dir='ltr'><strong>perpessionem,</strong></span> <span class='ocrx_word' id='word_1_503' title='bbox 2411 3346 2493 3399; x_wconf 78' lang='lat' dir='ltr'><strong>vel</strong></span> <span class='ocrx_word' id='word_1_504' title='bbox 2529 3344 2912 3403; x_wconf 80' lang='lat' dir='ltr'><strong>mutationem,</strong></span> <span class='ocrx_word' id='word_1_505' title='bbox 2942 3340 3024 3392; x_wconf 87' lang='lat' dir='ltr'><strong>vel</strong></span> <span class='ocrx_word' id='word_1_506' title='bbox 3064 3335 3511 3392; x_wconf 60' lang='lat' dir='ltr'><strong>diminutionem.</strong></span> 
     </span>
    </p>
   </div>
   <div class='ocr_carea' id='block_1_66' title="bbox 231 3454 1835 3524">
    <p class='ocr_par' dir='ltr' id='par_1_66' title="bbox 231 3454 1835 3524">
     <span class='ocr_line' id='line_1_66' title="bbox 231 3454 1835 3524; baseline 0.002 -20"><span class='ocrx_word' id='word_1_507' title='bbox 231 3454 390 3524; x_wconf 83' lang='grc' dir='ltr'>θεμα</span> <span class='ocrx_word' id='word_1_508' title='bbox 442 3454 610 3508; x_wconf 72' lang='grc' dir='ltr'>ἔστω.</span> <span class='ocrx_word' id='word_1_509' title='bbox 644 3454 712 3507; x_wconf 76' lang='grc' dir='ltr'><strong>Εἰ</strong></span> <span class='ocrx_word' id='word_1_510' title='bbox 756 3472 843 3516; x_wconf 86' lang='grc' dir='ltr'><strong>τις</strong></span> <span class='ocrx_word' id='word_1_511' title='bbox 874 3456 935 3507; x_wconf 88' lang='grc' dir='ltr'><strong>τὸ</strong></span> <span class='ocrx_word' id='word_1_512' title='bbox 976 3454 1334 3522; x_wconf 80' lang='grc' dir='ltr'>Ποιήσωμεν</span> <span class='ocrx_word' id='word_1_513' title='bbox 1378 3455 1717 3521; x_wconf 63' lang='grc' dir='ltr'>ἄνθρωπον,</span> <span class='ocrx_word' id='word_1_514' title='bbox 1759 3455 1835 3524; x_wconf 82' lang='grc' dir='ltr'>μὴ</span> 
     </span>
    </p>
   </div>
   <div class='ocr_carea' id='block_1_67' title="bbox 226 3546 1836 3616">
    <p class='ocr_par' dir='ltr' id='par_1_67' title="bbox 226 3546 1836 3616">
     <span class='ocr_line' id='line_1_67' title="bbox 226 3546 1836 3616; baseline 0 -17"><span class='ocrx_word' id='word_1_515' title='bbox 226 3548 328 3601; x_wconf 85' lang='grc' dir='ltr'><strong>τὸν</strong></span> <span class='ocrx_word' id='word_1_516' title='bbox 358 3547 584 3615; x_wconf 78' lang='grc' dir='ltr'>Πατέρα</span> <span class='ocrx_word' id='word_1_517' title='bbox 620 3547 759 3616; x_wconf 84' lang='grc' dir='ltr'>πρὸς</span> <span class='ocrx_word' id='word_1_518' title='bbox 792 3548 886 3600; x_wconf 88' lang='grc' dir='ltr'><strong>τὸν</strong></span> <span class='ocrx_word' id='word_1_519' title='bbox 924 3546 1053 3600; x_wconf 86' lang='grc' dir='ltr'>Υίὸν</span> <span class='ocrx_word' id='word_1_520' title='bbox 1084 3547 1289 3613; x_wconf 79' lang='grc' dir='ltr'>λέγειν,</span> <span class='ocrx_word' id='word_1_521' title='bbox 1325 3546 1462 3599; x_wconf 85' lang='grc' dir='ltr'>ἀλλὰ</span> <span class='ocrx_word' id='word_1_522' title='bbox 1492 3547 1659 3599; x_wconf 85' lang='grc' dir='ltr'>αὐτὸν</span> <span class='ocrx_word' id='word_1_523' title='bbox 1696 3549 1836 3615; x_wconf 86' lang='grc' dir='ltr'>πρὸς</span> 
     </span>
    </p>
   </div>
   <div class='ocr_carea' id='block_1_68' title="bbox 230 3640 1840 3709">
    <p class='ocr_par' dir='ltr' id='par_1_68' title="bbox 230 3640 1840 3709">
     <span class='ocr_line' id='line_1_68' title="bbox 230 3640 1840 3709; baseline -0.001 -15"><span class='ocrx_word' id='word_1_524' title='bbox 230 3642 440 3694; x_wconf 79' lang='grc' dir='ltr'>ἑαυτὸν</span> <span class='ocrx_word' id='word_1_525' title='bbox 475 3642 630 3709; x_wconf 81' lang='grc' dir='ltr'>λέγοι</span> <span class='ocrx_word' id='word_1_526' title='bbox 657 3642 751 3694; x_wconf 89' lang='grc' dir='ltr'><strong>τὸν</strong></span> <span class='ocrx_word' id='word_1_527' title='bbox 785 3641 922 3692; x_wconf 85' lang='grc' dir='ltr'>Θεὸν</span> <span class='ocrx_word' id='word_1_528' title='bbox 952 3642 1257 3709; x_wconf 80' lang='grc' dir='ltr'>εἰρηκέναι,</span> <span class='ocrx_word' id='word_1_529' title='bbox 1291 3640 1545 3708; x_wconf 79' lang='grc' dir='ltr'>ἀνάθεμα</span> <span class='ocrx_word' id='word_1_530' title='bbox 1576 3640 1735 3695; x_wconf 76' lang='grc' dir='ltr'>ἔστω.</span> <span class='ocrx_word' id='word_1_531' title='bbox 1772 3640 1840 3693; x_wconf 76' lang='grc' dir='ltr'>Εἰ</span> 
     </span>
    </p>
   </div>
   <div class='ocr_carea' id='block_1_69' title="bbox 231 3732 1838 3802">
    <p class='ocr_par' dir='ltr' id='par_1_69' title="bbox 231 3732 1838 3802">
     <span class='ocr_line' id='line_1_69' title="bbox 231 3732 1838 3802; baseline -0.002 -15"><span class='ocrx_word' id='word_1_532' title='bbox 231 3753 327 3797; x_wconf 83' lang='grc' dir='ltr'><strong>τις</strong></span> <span class='ocrx_word' id='word_1_533' title='bbox 354 3732 437 3801; x_wconf 80' lang='grc' dir='ltr'>τῷ</span> <span class='ocrx_word' id='word_1_534' title='bbox 466 3732 668 3785; x_wconf 81' lang='grc' dir='ltr'><strong>Ἰακὼό</strong></span> <span class='ocrx_word' id='word_1_535' title='bbox 696 3733 772 3802; x_wconf 84' lang='grc' dir='ltr'>μὴ</span> <span class='ocrx_word' id='word_1_536' title='bbox 799 3734 891 3785; x_wconf 90' lang='grc' dir='ltr'><strong>τὸν</strong></span> <span class='ocrx_word' id='word_1_537' title='bbox 922 3732 1055 3785; x_wconf 85' lang='grc' dir='ltr'>Υἰὸν</span> <span class='ocrx_word' id='word_1_538' title='bbox 1077 3732 1153 3793; x_wconf 84' lang='grc' dir='ltr'>ὡς</span> <span class='ocrx_word' id='word_1_539' title='bbox 1179 3732 1472 3801; x_wconf 75' lang='grc' dir='ltr'>ἄνθρωπον</span> <span class='ocrx_word' id='word_1_540' title='bbox 1501 3732 1838 3784; x_wconf 76' lang='grc' dir='ltr'>πεπαλαικέ-</span> 
     </span>
    </p>
   </div>
   <div class='ocr_carea' id='block_1_70' title="bbox 228 3822 1832 3894">
    <p class='ocr_par' dir='ltr' id='par_1_70' title="bbox 228 3822 1832 3894">
     <span class='ocr_line' id='line_1_70' title="bbox 228 3822 1832 3894; baseline -0.001 -17"><span class='ocrx_word' id='word_1_541' title='bbox 228 3845 354 3887; x_wconf 82' lang='grc' dir='ltr'>ναι,</span> <span class='ocrx_word' id='word_1_542' title='bbox 386 3825 526 3878; x_wconf 85' lang='grc' dir='ltr'><strong>ἀλλά</strong></span> <span class='ocrx_word' id='word_1_543' title='bbox 555 3826 647 3879; x_wconf 81' lang='grc' dir='ltr'><strong>τὸν</strong></span> <span class='ocrx_word' id='word_1_544' title='bbox 675 3826 975 3894; x_wconf 76' lang='grc' dir='ltr'>ἀγέννητον</span> <span class='ocrx_word' id='word_1_545' title='bbox 1006 3823 1138 3876; x_wconf 64' lang='grc' dir='ltr'>Θεὸν</span> <span class='ocrx_word' id='word_1_546' title='bbox 1174 3823 1205 3891; x_wconf 76' lang='grc' dir='ltr'>ἢ</span> <span class='ocrx_word' id='word_1_547' title='bbox 1266 3823 1430 3891; x_wconf 79' lang='grc' dir='ltr'>μέρος</span> <span class='ocrx_word' id='word_1_548' title='bbox 1464 3822 1631 3875; x_wconf 80' lang='grc' dir='ltr'>αὑτοῦ</span> <span class='ocrx_word' id='word_1_549' title='bbox 1660 3823 1832 3889; x_wconf 80' lang='grc' dir='ltr'>λέγοι,</span> 
     </span>
    </p>
   </div>
   <div class='ocr_carea' id='block_1_71' title="bbox 229 3913 1835 3987">
    <p class='ocr_par' dir='ltr' id='par_1_71' title="bbox 229 3913 1835 3987">
     <span class='ocr_line' id='line_1_71' title="bbox 229 3913 1835 3987; baseline -0.002 -16"><span class='ocrx_word' id='word_1_550' title='bbox 229 3916 498 3987; x_wconf 84' lang='grc' dir='ltr'>ἀνάθεμα</span> <span class='ocrx_word' id='word_1_551' title='bbox 529 3918 690 3969; x_wconf 72' lang='grc' dir='ltr'>ἔστω.</span> <span class='ocrx_word' id='word_1_552' title='bbox 718 3916 783 3969; x_wconf 81' lang='grc' dir='ltr'><strong>Εἴ</strong></span> <span class='ocrx_word' id='word_1_553' title='bbox 809 3932 895 3978; x_wconf 86' lang='grc' dir='ltr'><strong>τις</strong></span> <span class='ocrx_word' id='word_1_554' title='bbox 924 3916 984 3967; x_wconf 91' lang='grc' dir='ltr'><strong>τὸ</strong></span> <span class='ocrx_word' id='word_1_555' title='bbox 1016 3914 1265 3981; x_wconf 76' lang='grc' dir='ltr'>Ἐὄρεεε</span> <span class='ocrx_word' id='word_1_556' title='bbox 1291 3915 1507 3981; x_wconf 84' lang='grc' dir='ltr'>Κύριος</span> <span class='ocrx_word' id='word_1_557' title='bbox 1537 3913 1695 3983; x_wconf 82' lang='grc' dir='ltr'>παρὰ</span> <span class='ocrx_word' id='word_1_558' title='bbox 1726 3915 1835 3968; x_wconf 85' lang='grc' dir='ltr'><strong>τοῦ</strong></span> 
     </span>
    </p>
   </div>
   <div class='ocr_carea' id='block_1_72' title="bbox 229 4004 1835 4079">
    <p class='ocr_par' dir='ltr' id='par_1_72' title="bbox 229 4004 1835 4079">
     <span class='ocr_line' id='line_1_72' title="bbox 229 4004 1835 4079; baseline -0.003 -14"><span class='ocrx_word' id='word_1_559' title='bbox 229 4013 493 4079; x_wconf 76' lang='grc' dir='ltr'>Κυρίου,</span> <span class='ocrx_word' id='word_1_560' title='bbox 527 4011 601 4079; x_wconf 84' lang='grc' dir='ltr'>μὴ</span> <span class='ocrx_word' id='word_1_561' title='bbox 654 4009 748 4062; x_wconf 70' lang='grc' dir='ltr'><strong>ἐπὶ</strong></span> <span class='ocrx_word' id='word_1_562' title='bbox 786 4007 883 4060; x_wconf 81' lang='grc' dir='ltr'><strong>τοῦ</strong></span> <span class='ocrx_word' id='word_1_563' title='bbox 916 4007 1126 4076; x_wconf 80' lang='grc' dir='ltr'>Πατρὸς</span> <span class='ocrx_word' id='word_1_564' title='bbox 1153 4007 1249 4058; x_wconf 74' lang='grc' dir='ltr'><strong>καὶ</strong></span> <span class='ocrx_word' id='word_1_565' title='bbox 1278 4004 1373 4058; x_wconf 84' lang='grc' dir='ltr'><strong>τοῦ</strong></span> <span class='ocrx_word' id='word_1_566' title='bbox 1404 4005 1534 4058; x_wconf 85' lang='grc' dir='ltr'>Υἱοῦ</span> <span class='ocrx_word' id='word_1_567' title='bbox 1557 4005 1835 4074; x_wconf 81' lang='grc' dir='ltr'>ὲκλαμὸἀ-</span> 
     </span>
    </p>
   </div>
   <div class='ocr_carea' id='block_1_73' title="bbox 232 4094 1838 4168">
    <p class='ocr_par' dir='ltr' id='par_1_73' title="bbox 232 4094 1838 4168">
     <span class='ocr_line' id='line_1_73' title="bbox 232 4094 1838 4168; baseline -0.004 -14"><span class='ocrx_word' id='word_1_568' title='bbox 232 4118 348 4168; x_wconf 84' lang='grc' dir='ltr'>νοι,</span> <span class='ocrx_word' id='word_1_569' title='bbox 386 4100 505 4154; x_wconf 82' lang='grc' dir='ltr'>ἀλλ’</span> <span class='ocrx_word' id='word_1_570' title='bbox 532 4101 725 4152; x_wconf 79' lang='grc' dir='ltr'>ἑαυτὸν</span> <span class='ocrx_word' id='word_1_571' title='bbox 758 4100 892 4167; x_wconf 81' lang='grc' dir='ltr'>παρ’</span> <span class='ocrx_word' id='word_1_572' title='bbox 933 4096 1130 4150; x_wconf 76' lang='grc' dir='ltr'>ἑαυτοῦ</span> <span class='ocrx_word' id='word_1_573' title='bbox 1160 4096 1309 4163; x_wconf 83' lang='grc' dir='ltr'>λέγει</span> <span class='ocrx_word' id='word_1_574' title='bbox 1342 4094 1684 4165; x_wconf 78' lang='grc' dir='ltr'>βεϐρεχέναι,</span> <span class='ocrx_word' id='word_1_575' title='bbox 1708 4095 1838 4148; x_wconf 88' lang='grc' dir='ltr'>ἀνά·</span> 
     </span>
    </p>
   </div>
   <div class='ocr_carea' id='block_1_74' title="bbox 229 4178 1834 4260">
    <p class='ocr_par' dir='ltr' id='par_1_74' title="bbox 229 4178 1834 4260">
     <span class='ocr_line' id='line_1_74' title="bbox 229 4178 1834 4260; baseline -0.006 -13"><span class='ocrx_word' id='word_1_576' title='bbox 229 4178 387 4260; x_wconf 68' lang='grc' dir='ltr'>θεμα</span> <span class='ocrx_word' id='word_1_577' title='bbox 444 4192 611 4245; x_wconf 81' lang='grc' dir='ltr'>εστω.</span> <span class='ocrx_word' id='word_1_578' title='bbox 650 4190 884 4259; x_wconf 79' lang='grc' dir='ltr'>Ἐὁρεξε</span> <span class='ocrx_word' id='word_1_579' title='bbox 928 4190 1039 4259; x_wconf 82' lang='grc' dir='ltr'>γὰρ</span> <span class='ocrx_word' id='word_1_580' title='bbox 1074 4188 1277 4258; x_wconf 80' lang='grc' dir='ltr'>Κύριος</span> <span class='ocrx_word' id='word_1_581' title='bbox 1316 4190 1344 4241; x_wconf 87' lang='grc' dir='ltr'>ὁ</span> <span class='ocrx_word' id='word_1_582' title='bbox 1370 4188 1498 4250; x_wconf 77' lang='grc' dir='ltr'>Υἱὸς</span> <span class='ocrx_word' id='word_1_583' title='bbox 1536 4187 1688 4257; x_wconf 86' lang='grc' dir='ltr'>παρά</span> <span class='ocrx_word' id='word_1_584' title='bbox 1718 4188 1834 4239; x_wconf 92' lang='grc' dir='ltr'>Κυ-</span> 
     </span>
    </p>
   </div>
   <div class='ocr_carea' id='block_1_75' title="bbox 232 4278 1837 4356">
    <p class='ocr_par' dir='ltr' id='par_1_75' title="bbox 232 4278 1837 4356">
     <span class='ocr_line' id='line_1_75' title="bbox 232 4278 1837 4356; baseline -0.002 -19"><span class='ocrx_word' id='word_1_585' title='bbox 232 4287 361 4356; x_wconf 76' lang='grc' dir='ltr'>ρίου</span> <span class='ocrx_word' id='word_1_586' title='bbox 392 4286 489 4338; x_wconf 89' lang='grc' dir='ltr'><strong>τοῦ</strong></span> <span class='ocrx_word' id='word_1_587' title='bbox 524 4285 762 4351; x_wconf 78' lang='grc' dir='ltr'>Πατρός.</span> <span class='ocrx_word' id='word_1_588' title='bbox 792 4284 859 4337; x_wconf 79' lang='grc' dir='ltr'>Εἰ</span> <span class='ocrx_word' id='word_1_589' title='bbox 876 4300 958 4344; x_wconf 86' lang='grc' dir='ltr'><strong>τις</strong></span> <span class='ocrx_word' id='word_1_590' title='bbox 985 4281 1203 4336; x_wconf 82' lang='grc' dir='ltr'>ἀκούων</span> <span class='ocrx_word' id='word_1_591' title='bbox 1234 4279 1445 4349; x_wconf 87' lang='grc' dir='ltr'>Κύριον</span> <span class='ocrx_word' id='word_1_592' title='bbox 1479 4278 1570 4332; x_wconf 87' lang='grc' dir='ltr'><strong>τὸν</strong></span> <span class='ocrx_word' id='word_1_593' title='bbox 1595 4280 1837 4348; x_wconf 83' lang='grc' dir='ltr'>Πατέρα,</span> 
     </span>
    </p>
   </div>
   <div class='ocr_carea' id='block_1_76' title="bbox 228 4370 1840 4448">
    <p class='ocr_par' dir='ltr' id='par_1_76' title="bbox 228 4370 1840 4448">
     <span class='ocr_line' id='line_1_76' title="bbox 228 4370 1840 4448; baseline -0.006 -16"><span class='ocrx_word' id='word_1_594' title='bbox 228 4379 453 4448; x_wconf 80' lang='grc' dir='ltr'>Κύριον</span> <span class='ocrx_word' id='word_1_595' title='bbox 494 4376 587 4430; x_wconf 78' lang='grc' dir='ltr'><strong>τὸν</strong></span> <span class='ocrx_word' id='word_1_596' title='bbox 626 4375 779 4437; x_wconf 81' lang='grc' dir='ltr'>Υἱὸν,</span> <span class='ocrx_word' id='word_1_597' title='bbox 820 4374 1027 4441; x_wconf 81' lang='grc' dir='ltr'>Κύριον</span> <span class='ocrx_word' id='word_1_598' title='bbox 1078 4372 1173 4426; x_wconf 76' lang='grc' dir='ltr'><strong>καὶ</strong></span> <span class='ocrx_word' id='word_1_599' title='bbox 1214 4370 1427 4439; x_wconf 83' lang='grc' dir='ltr'>Κύριον</span> <span class='ocrx_word' id='word_1_600' title='bbox 1476 4370 1568 4422; x_wconf 87' lang='grc' dir='ltr'><strong>τὸν</strong></span> <span class='ocrx_word' id='word_1_601' title='bbox 1624 4370 1840 4436; x_wconf 90' lang='grc' dir='ltr'>Πατέρα</span> 
     </span>
    </p>
   </div>
   <div class='ocr_carea' id='block_1_77' title="bbox 224 4458 1841 4529">
    <p class='ocr_par' dir='ltr' id='par_1_77' title="bbox 224 4458 1841 4529">
     <span class='ocr_line' id='line_1_77' title="bbox 224 4458 1841 4529; baseline -0.006 -10"><span class='ocrx_word' id='word_1_602' title='bbox 224 4466 463 4521; x_wconf 76' lang='grc' dir='ltr'>καὶτὸν</span> <span class='ocrx_word' id='word_1_603' title='bbox 508 4465 641 4517; x_wconf 78' lang='grc' dir='ltr'>Υῑὸν</span> <span class='ocrx_word' id='word_1_604' title='bbox 670 4464 839 4526; x_wconf 78' lang='grc' dir='ltr'>εἴποι,</span> <span class='ocrx_word' id='word_1_605' title='bbox 893 4460 991 4515; x_wconf 79' lang='grc' dir='ltr'><strong>καὶ</strong></span> <span class='ocrx_word' id='word_1_606' title='bbox 1040 4460 1248 4529; x_wconf 77' lang='grc' dir='ltr'>Κύριος</span> <span class='ocrx_word' id='word_1_607' title='bbox 1301 4461 1366 4511; x_wconf 76' lang='grc' dir='ltr'><strong>ἑκ</strong></span> <span class='ocrx_word' id='word_1_608' title='bbox 1412 4458 1623 4525; x_wconf 83' lang='grc' dir='ltr'>Κυρίου</span> <span class='ocrx_word' id='word_1_609' title='bbox 1665 4458 1841 4526; x_wconf 88' lang='grc' dir='ltr'>λέγων</span> 
     </span>
    </p>
   </div>
   <div class='ocr_carea' id='block_1_78' title="bbox 221 4547 1842 4623">
    <p class='ocr_par' dir='ltr' id='par_1_78' title="bbox 221 4547 1842 4623">
     <span class='ocr_line' id='line_1_78' title="bbox 221 4547 1842 4623; baseline -0.01 -10"><span class='ocrx_word' id='word_1_610' title='bbox 221 4559 328 4613; x_wconf 83' lang='grc' dir='ltr'>δύο</span> <span class='ocrx_word' id='word_1_611' title='bbox 377 4558 529 4623; x_wconf 82' lang='grc' dir='ltr'>λέγοι</span> <span class='ocrx_word' id='word_1_612' title='bbox 585 4554 780 4617; x_wconf 84' lang='grc' dir='ltr'>Θεοὺς,</span> <span class='ocrx_word' id='word_1_613' title='bbox 813 4552 1063 4620; x_wconf 86' lang='grc' dir='ltr'>ἀνάθεμα</span> <span class='ocrx_word' id='word_1_614' title='bbox 1126 4548 1291 4603; x_wconf 71' lang='grc' dir='ltr'>ἔστω.</span> <span class='ocrx_word' id='word_1_615' title='bbox 1324 4548 1399 4602; x_wconf 75' lang='grc' dir='ltr'><strong>Οὐ</strong></span> <span class='ocrx_word' id='word_1_616' title='bbox 1450 4550 1558 4615; x_wconf 81' lang='grc' dir='ltr'>γὰρ</span> <span class='ocrx_word' id='word_1_617' title='bbox 1610 4547 1842 4599; x_wconf 79' lang='grc' dir='ltr'>συντάσ-</span> 
     </span>
    </p>
   </div>
   <div class='ocr_carea' id='block_1_79' title="bbox 226 4636 1839 4719">
    <p class='ocr_par' dir='ltr' id='par_1_79' title="bbox 226 4636 1839 4719">
     <span class='ocr_line' id='line_1_79' title="bbox 226 4636 1839 4719; baseline -0.011 -15"><span class='ocrx_word' id='word_1_618' title='bbox 226 4667 411 4719; x_wconf 76' lang='grc' dir='ltr'>σομεν</span> <span class='ocrx_word' id='word_1_619' title='bbox 459 4649 555 4699; x_wconf 83' lang='grc' dir='ltr'><strong>τὸν</strong></span> <span class='ocrx_word' id='word_1_620' title='bbox 628 4646 757 4698; x_wconf 83' lang='grc' dir='ltr'>Υίὸν</span> <span class='ocrx_word' id='word_1_621' title='bbox 822 4643 902 4713; x_wconf 84' lang='grc' dir='ltr'>τῷ</span> <span class='ocrx_word' id='word_1_622' title='bbox 960 4641 1156 4710; x_wconf 78' lang='grc' dir='ltr'>Πατρί,</span> <span class='ocrx_word' id='word_1_623' title='bbox 1211 4639 1328 4692; x_wconf 82' lang='grc' dir='ltr'>ἀλλ’</span> <span class='ocrx_word' id='word_1_624' title='bbox 1394 4636 1839 4704; x_wconf 79' lang='grc' dir='ltr'>ὑποτεταγμένον</span> 
     </span>
    </p>
   </div>
   <div class='ocr_carea' id='block_1_80' title="bbox 222 4739 580 4812">
    <p class='ocr_par' dir='ltr' id='par_1_80' title="bbox 222 4739 580 4812">
     <span class='ocr_line' id='line_1_80' title="bbox 222 4739 580 4812; baseline -0.02 -16"><span class='ocrx_word' id='word_1_625' title='bbox 222 4743 315 4812; x_wconf 79' lang='grc' dir='ltr'>τῷ</span> <span class='ocrx_word' id='word_1_626' title='bbox 371 4739 549 4809; x_wconf 79' lang='grc' dir='ltr'>Πατρί</span> <span class='ocrx_word' id='word_1_627' title='bbox 566 4754 580 4767; x_wconf 68' lang='grc' dir='ltr'><strong>θ</strong></span> 
     </span>
    </p>
   </div>
   <div class='ocr_carea' id='block_1_81' title="bbox 221 4820 1841 4898">
    <p class='ocr_par' dir='ltr' id='par_1_81' title="bbox 221 4820 1841 4898">
     <span class='ocr_line' id='line_1_81' title="bbox 221 4820 1841 4898; baseline -0.009 -14"><span class='ocrx_word' id='word_1_628' title='bbox 221 4836 337 4898; x_wconf 77' lang='grc' dir='ltr'>λῆς</span> <span class='ocrx_word' id='word_1_629' title='bbox 383 4828 482 4883; x_wconf 89' lang='grc' dir='ltr'><strong>τοῦ</strong></span> <span class='ocrx_word' id='word_1_630' title='bbox 534 4829 791 4897; x_wconf 72' lang='grc' dir='ltr'>Πατρός*</span> <span class='ocrx_word' id='word_1_631' title='bbox 839 4827 962 4879; x_wconf 76' lang='grc' dir='ltr'><strong>οὐδὲ</strong></span> <span class='ocrx_word' id='word_1_632' title='bbox 1015 4824 1241 4892; x_wconf 77' lang='grc' dir='ltr'>ἔϐρεξεν</span> <span class='ocrx_word' id='word_1_633' title='bbox 1284 4822 1378 4891; x_wconf 82' lang='grc' dir='ltr'>ἀφ’</span> <span class='ocrx_word' id='word_1_634' title='bbox 1437 4820 1659 4882; x_wconf 80' lang='grc' dir='ltr'>ἑαυτοῦ,</span> <span class='ocrx_word' id='word_1_635' title='bbox 1705 4820 1841 4872; x_wconf 86' lang='grc' dir='ltr'><strong>ἀλλά</strong></span> 
     </span>
    </p>
   </div>
   <div class='ocr_carea' id='block_1_82' title="bbox 227 4911 1842 4991">
    <p class='ocr_par' dir='ltr' id='par_1_82' title="bbox 227 4911 1842 4991">
     <span class='ocr_line' id='line_1_82' title="bbox 227 4911 1842 4991; baseline -0.01 -12"><span class='ocrx_word' id='word_1_636' title='bbox 227 4925 398 4991; x_wconf 71' lang='grc' dir='ltr'>παρὰ</span> <span class='ocrx_word' id='word_1_637' title='bbox 426 4922 633 4991; x_wconf 78' lang='grc' dir='ltr'>Κυρίου</span> <span class='ocrx_word' id='word_1_638' title='bbox 662 4916 1053 4980; x_wconf 80' lang='grc' dir='ltr'>αὐθεντοῦντος</span> <span class='ocrx_word' id='word_1_639' title='bbox 1095 4916 1190 4970; x_wconf 85' lang='grc' dir='ltr'><strong>τοῦ</strong></span> <span class='ocrx_word' id='word_1_640' title='bbox 1228 4913 1443 4985; x_wconf 81' lang='grc' dir='ltr'>Πατρός</span> <span class='ocrx_word' id='word_1_641' title='bbox 1463 4930 1478 4945; x_wconf 73' lang='grc' dir='ltr'><strong>ο</strong></span> <span class='ocrx_word' id='word_1_642' title='bbox 1509 4911 1636 4966; x_wconf 74' lang='grc' dir='ltr'>οὔτε</span> <span class='ocrx_word' id='word_1_643' title='bbox 1669 4912 1842 4979; x_wconf 82' lang='grc' dir='ltr'>κάθη-</span> 
     </span>
    </p>
   </div>
   <div class='ocr_carea' id='block_1_83' title="bbox 222 5005 1841 5079">
    <p class='ocr_par' dir='ltr' id='par_1_83' title="bbox 222 5005 1841 5079">
     <span class='ocr_line' id='line_1_83' title="bbox 222 5005 1841 5079; baseline -0.008 -10"><span class='ocrx_word' id='word_1_644' title='bbox 222 5037 325 5071; x_wconf 83' lang='grc' dir='ltr'><strong>ται</strong></span> <span class='ocrx_word' id='word_1_645' title='bbox 370 5018 439 5067; x_wconf 82' lang='grc' dir='ltr'>ἐκ</span> <span class='ocrx_word' id='word_1_646' title='bbox 464 5013 658 5078; x_wconf 78' lang='grc' dir='ltr'>δεξιῶν</span> <span class='ocrx_word' id='word_1_647' title='bbox 688 5012 782 5079; x_wconf 80' lang='grc' dir='ltr'>ἀφ’</span> <span class='ocrx_word' id='word_1_648' title='bbox 818 5009 1020 5065; x_wconf 76' lang='grc' dir='ltr'>ἑαυτοῦ</span> <span class='ocrx_word' id='word_1_649' title='bbox 1044 5049 1063 5070; x_wconf 86' lang='grc'><strong>,</strong></span> <span class='ocrx_word' id='word_1_650' title='bbox 1099 5008 1215 5062; x_wconf 86' lang='grc' dir='ltr'>ἀλλ’</span> <span class='ocrx_word' id='word_1_651' title='bbox 1260 5006 1451 5061; x_wconf 85' lang='grc' dir='ltr'>ἀκούει</span> <span class='ocrx_word' id='word_1_652' title='bbox 1482 5005 1579 5059; x_wconf 85' lang='grc' dir='ltr'><strong>τοῦ</strong></span> <span class='ocrx_word' id='word_1_653' title='bbox 1628 5005 1841 5073; x_wconf 86' lang='grc' dir='ltr'>Πατρὸς</span> 
     </span>
    </p>
   </div>
   <div class='ocr_carea' id='block_1_84' title="bbox 224 5097 1841 5177">
    <p class='ocr_par' dir='ltr' id='par_1_84' title="bbox 224 5097 1841 5177">
     <span class='ocr_line' id='line_1_84' title="bbox 224 5097 1841 5177; baseline -0.009 -14"><span class='ocrx_word' id='word_1_654' title='bbox 224 5113 521 5177; x_wconf 75' lang='grc' dir='ltr'>λέγοντος,</span> <span class='ocrx_word' id='word_1_655' title='bbox 556 5107 757 5161; x_wconf 78' lang='grc' dir='ltr'>Κάθου</span> <span class='ocrx_word' id='word_1_656' title='bbox 780 5107 851 5159; x_wconf 80' lang='grc' dir='ltr'><strong>ἐκ</strong></span> <span class='ocrx_word' id='word_1_657' title='bbox 877 5103 1098 5168; x_wconf 76' lang='grc' dir='ltr'>δεξιῶν</span> <span class='ocrx_word' id='word_1_658' title='bbox 1122 5119 1264 5170; x_wconf 86' lang='grc' dir='ltr'>μου.</span> <span class='ocrx_word' id='word_1_659' title='bbox 1306 5100 1372 5153; x_wconf 80' lang='grc' dir='ltr'>Εἰ</span> <span class='ocrx_word' id='word_1_660' title='bbox 1390 5117 1475 5162; x_wconf 90' lang='grc' dir='ltr'><strong>τις</strong></span> <span class='ocrx_word' id='word_1_661' title='bbox 1497 5099 1591 5151; x_wconf 84' lang='grc' dir='ltr'><strong>τὸν</strong></span> <span class='ocrx_word' id='word_1_662' title='bbox 1620 5097 1841 5166; x_wconf 86' lang='grc' dir='ltr'>Πατέρα</span> 
     </span>
    </p>
   </div>
   <div class='ocr_carea' id='block_1_85' title="bbox 225 5188 1835 5264">
    <p class='ocr_par' dir='ltr' id='par_1_85' title="bbox 225 5188 1835 5264">
     <span class='ocr_line' id='line_1_85' title="bbox 225 5188 1835 5264; baseline -0.012 -5"><span class='ocrx_word' id='word_1_663' title='bbox 225 5206 333 5259; x_wconf 70' lang='grc' dir='ltr'><strong>καὶ</strong></span> <span class='ocrx_word' id='word_1_664' title='bbox 359 5206 456 5254; x_wconf 80' lang='grc' dir='ltr'><strong>τὸν</strong></span> <span class='ocrx_word' id='word_1_665' title='bbox 486 5202 619 5254; x_wconf 84' lang='grc' dir='ltr'>Υἱὸν</span> <span class='ocrx_word' id='word_1_666' title='bbox 659 5200 754 5253; x_wconf 76' lang='grc' dir='ltr'><strong>καὶ</strong></span> <span class='ocrx_word' id='word_1_667' title='bbox 782 5198 842 5252; x_wconf 85' lang='grc' dir='ltr'><strong>τὸ</strong></span> <span class='ocrx_word' id='word_1_668' title='bbox 870 5199 1029 5264; x_wconf 76' lang='grc' dir='ltr'>ἅγιον</span> <span class='ocrx_word' id='word_1_669' title='bbox 1074 5197 1300 5262; x_wconf 86' lang='grc' dir='ltr'>Πνεῦμα</span> <span class='ocrx_word' id='word_1_670' title='bbox 1330 5193 1389 5247; x_wconf 81' lang='grc' dir='ltr'>ἓν</span> <span class='ocrx_word' id='word_1_671' title='bbox 1424 5192 1716 5263; x_wconf 80' lang='grc' dir='ltr'>πρόσωπον</span> <span class='ocrx_word' id='word_1_672' title='bbox 1742 5188 1835 5240; x_wconf 87' lang='grc' dir='ltr'>λέ-</span> 
     </span>
    </p>
   </div>
   <div class='ocr_carea' id='block_1_86' title="bbox 226 5279 1835 5362">
    <p class='ocr_par' dir='ltr' id='par_1_86' title="bbox 226 5279 1835 5362">
     <span class='ocr_line' id='line_1_86' title="bbox 226 5279 1835 5362; baseline -0.009 -17"><span class='ocrx_word' id='word_1_673' title='bbox 226 5312 348 5362; x_wconf 77' lang='grc' dir='ltr'>γοι.</span> <span class='ocrx_word' id='word_1_674' title='bbox 386 5292 647 5360; x_wconf 73' lang='grc' dir='ltr'>ἀνάθεμα</span> <span class='ocrx_word' id='word_1_675' title='bbox 702 5289 865 5343; x_wconf 74' lang='grc' dir='ltr'>ἔστω.</span> <span class='ocrx_word' id='word_1_676' title='bbox 899 5289 967 5341; x_wconf 69' lang='lat' dir='ltr'><strong>Et</strong></span> <span class='ocrx_word' id='word_1_677' title='bbox 1014 5305 1100 5349; x_wconf 85' lang='grc' dir='ltr'><strong>τις</strong></span> <span class='ocrx_word' id='word_1_678' title='bbox 1149 5286 1210 5339; x_wconf 90' lang='grc' dir='ltr'><strong>τὸ</strong></span> <span class='ocrx_word' id='word_1_679' title='bbox 1251 5283 1476 5353; x_wconf 83' lang='grc' dir='ltr'>Πνεῦμα</span> <span class='ocrx_word' id='word_1_680' title='bbox 1534 5281 1627 5336; x_wconf 88' lang='grc' dir='ltr'><strong>τὸν</strong></span> <span class='ocrx_word' id='word_1_681' title='bbox 1680 5279 1835 5349; x_wconf 82' lang='grc' dir='ltr'>ἀγιον</span> 
     </span>
    </p>
   </div>
   <div class='ocr_carea' id='block_1_87' title="bbox 226 5374 1834 5455">
    <p class='ocr_par' dir='ltr' id='par_1_87' title="bbox 226 5374 1834 5455">
     <span class='ocr_line' id='line_1_87' title="bbox 226 5374 1834 5455; baseline -0.008 -17"><span class='ocrx_word' id='word_1_682' title='bbox 226 5385 611 5455; x_wconf 83' lang='grc' dir='ltr'>Παράκλητον</span> <span class='ocrx_word' id='word_1_683' title='bbox 651 5382 830 5449; x_wconf 89' lang='grc' dir='ltr'>λέγων</span> <span class='ocrx_word' id='word_1_684' title='bbox 856 5381 949 5434; x_wconf 87' lang='grc' dir='ltr'><strong>τὸν</strong></span> <span class='ocrx_word' id='word_1_685' title='bbox 979 5380 1279 5449; x_wconf 87' lang='grc' dir='ltr'>ἀγέννητον</span> <span class='ocrx_word' id='word_1_686' title='bbox 1311 5377 1460 5444; x_wconf 85' lang='grc' dir='ltr'>λέγοι</span> <span class='ocrx_word' id='word_1_687' title='bbox 1509 5374 1664 5435; x_wconf 83' lang='grc' dir='ltr'>Θεὸν,</span> <span class='ocrx_word' id='word_1_688' title='bbox 1696 5374 1834 5425; x_wconf 86' lang='grc' dir='ltr'>ἀνά-</span> 
     </span>
    </p>
   </div>
   <div class='ocr_carea' id='block_1_88' title="bbox 226 5466 1837 5543">
    <p class='ocr_par' dir='ltr' id='par_1_88' title="bbox 226 5466 1837 5543">
     <span class='ocr_line' id='line_1_88' title="bbox 226 5466 1837 5543; baseline -0.007 -15"><span class='ocrx_word' id='word_1_689' title='bbox 226 5477 384 5543; x_wconf 77' lang='grc' dir='ltr'>θεμα</span> <span class='ocrx_word' id='word_1_690' title='bbox 440 5475 605 5527; x_wconf 81' lang='grc' dir='ltr'>ἔστω.</span> <span class='ocrx_word' id='word_1_691' title='bbox 645 5474 711 5527; x_wconf 69' lang='lat' dir='ltr'><strong>Et</strong></span> <span class='ocrx_word' id='word_1_692' title='bbox 737 5489 841 5537; x_wconf 85' lang='grc' dir='ltr'>τις,</span> <span class='ocrx_word' id='word_1_693' title='bbox 872 5471 947 5534; x_wconf 84' lang='grc' dir='ltr'><strong>ὡς</strong></span> <span class='ocrx_word' id='word_1_694' title='bbox 985 5470 1225 5534; x_wconf 72' lang='grc' dir='ltr'>ἐδίδαξεν</span> <span class='ocrx_word' id='word_1_695' title='bbox 1249 5470 1396 5538; x_wconf 80' lang='grc' dir='ltr'>ἡμᾶς</span> <span class='ocrx_word' id='word_1_696' title='bbox 1430 5469 1463 5537; x_wconf 81' lang='grc' dir='ltr'>ἡ</span> <span class='ocrx_word' id='word_1_697' title='bbox 1498 5466 1715 5534; x_wconf 81' lang='grc' dir='ltr'>Γραφὴ,</span> <span class='ocrx_word' id='word_1_698' title='bbox 1762 5466 1837 5535; x_wconf 81' lang='grc' dir='ltr'>μὴ</span> 
     </span>
    </p>
   </div>
   <div class='ocr_carea' id='block_1_89' title="bbox 222 5559 1825 5634">
    <p class='ocr_par' dir='ltr' id='par_1_89' title="bbox 222 5559 1825 5634">
     <span class='ocr_line' id='line_1_89' title="bbox 222 5559 1825 5634; baseline -0.009 -13"><span class='ocrx_word' id='word_1_699' title='bbox 222 5567 397 5622; x_wconf 78' lang='grc' dir='ltr'>ἄλλον</span> <span class='ocrx_word' id='word_1_700' title='bbox 428 5567 580 5633; x_wconf 79' lang='grc' dir='ltr'>λέγοι</span> <span class='ocrx_word' id='word_1_701' title='bbox 606 5565 699 5618; x_wconf 89' lang='grc' dir='ltr'><strong>τὸν</strong></span> <span class='ocrx_word' id='word_1_702' title='bbox 748 5564 1104 5634; x_wconf 80' lang='grc' dir='ltr'>Παράκλητον</span> <span class='ocrx_word' id='word_1_703' title='bbox 1139 5561 1291 5631; x_wconf 67' lang='grc' dir='ltr'>ποιρά</span> <span class='ocrx_word' id='word_1_704' title='bbox 1322 5560 1412 5614; x_wconf 86' lang='grc' dir='ltr'><strong>τὸν</strong></span> <span class='ocrx_word' id='word_1_705' title='bbox 1452 5559 1598 5619; x_wconf 76' lang='grc' dir='ltr'>Υἰὸν,</span> <span class='ocrx_word' id='word_1_706' title='bbox 1624 5559 1825 5626; x_wconf 76' lang='grc' dir='ltr'>ἐἴρηκε</span> 
     </span>
    </p>
   </div>
   <div class='ocr_carea' id='block_1_90' title="bbox 302 5677 1296 5743">
    <p class='ocr_par' dir='ltr' id='par_1_90' title="bbox 302 5677 1296 5743">
     <span class='ocr_line' id='line_1_90' title="bbox 302 5677 1296 5743; baseline -0.003 -9"><span class='ocrx_word' id='word_1_707' title='bbox 302 5681 324 5715; x_wconf 85' lang='grc'>¹</span> <span class='ocrx_word' id='word_1_708' title='bbox 364 5683 476 5734; x_wconf 88' lang='lat' dir='ltr'><strong>lsa.</strong></span> <span class='ocrx_word' id='word_1_709' title='bbox 502 5695 659 5743; x_wconf 80' lang='lat' dir='ltr'><strong>xun,</strong></span> <span class='ocrx_word' id='word_1_710' title='bbox 696 5679 787 5733; x_wconf 72' lang='lat' dir='ltr'><strong>M.</strong></span> <span class='ocrx_word' id='word_1_711' title='bbox 874 5681 900 5723; x_wconf 68' lang='grc'>²</span> <span class='ocrx_word' id='word_1_712' title='bbox 928 5677 1077 5732; x_wconf 90' lang='lat' dir='ltr'><strong>Psal.</strong></span> <span class='ocrx_word' id='word_1_713' title='bbox 1103 5693 1189 5731; x_wconf 66' lang='lat' dir='ltr'><strong>cn;</strong></span> <span class='ocrx_word' id='word_1_714' title='bbox 1247 5678 1296 5731; x_wconf 87' lang='lat' dir='ltr'><strong>l.</strong></span> 
     </span>
    </p>
   </div>
   <div class='ocr_carea' id='block_1_91' title="bbox 1942 3426 3513 3497">
    <p class='ocr_par' dir='ltr' id='par_1_91' title="bbox 1942 3426 3513 3497">
     <span class='ocr_line' id='line_1_91' title="bbox 1942 3426 3513 3497; baseline -0.013 -2"><span class='ocrx_word' id='word_1_715' title='bbox 1942 3443 2023 3497; x_wconf 84' lang='lat' dir='ltr'><strong>vel</strong></span> <span class='ocrx_word' id='word_1_716' title='bbox 2059 3441 2421 3496; x_wconf 87' lang='lat' dir='ltr'><strong>abolitionem</strong></span> <span class='ocrx_word' id='word_1_717' title='bbox 2459 3435 2763 3490; x_wconf 79' lang='lat' dir='ltr'><strong>secundum</strong></span> <span class='ocrx_word' id='word_1_718' title='bbox 2807 3432 3144 3484; x_wconf 72' lang='lat' dir='ltr'><strong>divinitatem</strong></span> <span class='ocrx_word' id='word_1_719' title='bbox 3182 3426 3513 3480; x_wconf 84' lang='lat' dir='ltr'><strong>sustinuisse</strong></span> 
     </span>
    </p>
   </div>
   <div class='ocr_carea' id='block_1_92' title="bbox 1939 3514 3515 3594">
    <p class='ocr_par' dir='ltr' id='par_1_92' title="bbox 1939 3514 3515 3594">
     <span class='ocr_line' id='line_1_92' title="bbox 1939 3514 3515 3594; baseline -0.013 -9"><span class='ocrx_word' id='word_1_720' title='bbox 1939 3535 2106 3594; x_wconf 80' lang='lat' dir='ltr'><strong>dicat,</strong></span> <span class='ocrx_word' id='word_1_721' title='bbox 2140 3516 2559 3585; x_wconf 17' lang='lat' dir='ltr'><strong>anathema’sit.</strong></span> <span class='ocrx_word' id='word_1_722' title='bbox 2598 3526 2652 3576; x_wconf 79' lang='lat' dir='ltr'><strong>Si</strong></span> <span class='ocrx_word' id='word_1_723' title='bbox 2682 3522 2805 3589; x_wconf 81' lang='lat' dir='ltr'><strong>quis</strong></span> <span class='ocrx_word' id='word_1_724' title='bbox 2845 3519 3000 3580; x_wconf 88' lang='lat' dir='ltr'><strong>illud,</strong></span> <span class='ocrx_word' id='word_1_725' title='bbox 3037 3517 3316 3570; x_wconf 79' lang='lat' dir='ltr'><strong>Faciamus</strong></span> <span class='ocrx_word' id='word_1_726' title='bbox 3348 3514 3515 3567; x_wconf 80' lang='lat' dir='ltr'><strong>homi-</strong></span> 
     </span>
    </p>
   </div>
   <div class='ocr_carea' id='block_1_93' title="bbox 1940 3607 3517 3688">
    <p class='ocr_par' dir='ltr' id='par_1_93' title="bbox 1940 3607 3517 3688">
     <span class='ocr_line' id='line_1_93' title="bbox 1940 3607 3517 3688; baseline -0.013 -11"><span class='ocrx_word' id='word_1_727' title='bbox 1940 3641 2077 3688; x_wconf 84' lang='lat' dir='ltr'><strong>nem,</strong></span> <span class='ocrx_word' id='word_1_728' title='bbox 2122 3637 2232 3674; x_wconf 89' lang='lat' dir='ltr'><strong>non</strong></span> <span class='ocrx_word' id='word_1_729' title='bbox 2290 3621 2509 3674; x_wconf 83' lang='lat' dir='ltr'><strong>Patrem</strong></span> <span class='ocrx_word' id='word_1_730' title='bbox 2566 3616 2631 3668; x_wconf 92' lang='lat' dir='ltr'><strong>ad</strong></span> <span class='ocrx_word' id='word_1_731' title='bbox 2694 3615 2913 3669; x_wconf 89' lang='lat' dir='ltr'><strong>Filium.</strong></span> <span class='ocrx_word' id='word_1_732' title='bbox 2951 3610 3045 3664; x_wconf 85' lang='lat' dir='ltr'><strong>sed</strong></span> <span class='ocrx_word' id='word_1_733' title='bbox 3105 3610 3281 3677; x_wconf 72' lang='lat' dir='ltr'><strong>ipsum</strong></span> <span class='ocrx_word' id='word_1_734' title='bbox 3337 3607 3402 3658; x_wconf 89' lang='lat' dir='ltr'><strong>ad</strong></span> <span class='ocrx_word' id='word_1_735' title='bbox 3456 3620 3517 3683; x_wconf 73' lang='lat' dir='ltr'><strong>se</strong></span> 
     </span>
    </p>
   </div>
   <div class='ocr_carea' id='block_1_94' title="bbox 1938 3697 3515 3786">
    <p class='ocr_par' dir='ltr' id='par_1_94' title="bbox 1938 3697 3515 3786">
     <span class='ocr_line' id='line_1_94' title="bbox 1938 3697 3515 3786; baseline -0.013 -17"><span class='ocrx_word' id='word_1_736' title='bbox 1938 3717 2118 3786; x_wconf 87' lang='lat' dir='ltr'><strong>ipsum</strong></span> <span class='ocrx_word' id='word_1_737' title='bbox 2166 3715 2337 3766; x_wconf 88' lang='lat' dir='ltr'><strong>Deum</strong></span> <span class='ocrx_word' id='word_1_738' title='bbox 2374 3710 2579 3763; x_wconf 74' lang='lat' dir='ltr'><strong>dixisse</strong></span> <span class='ocrx_word' id='word_1_739' title='bbox 2612 3709 2957 3775; x_wconf 79' lang='lat' dir='ltr'><strong>proﬁteatur,</strong></span> <span class='ocrx_word' id='word_1_740' title='bbox 2994 3703 3283 3755; x_wconf 87' lang='lat' dir='ltr'><strong>anathema</strong></span> <span class='ocrx_word' id='word_1_741' title='bbox 3328 3699 3417 3751; x_wconf 77' lang='lat' dir='ltr'><strong>sit.</strong></span> <span class='ocrx_word' id='word_1_742' title='bbox 3458 3697 3515 3750; x_wconf 89' lang='lat' dir='ltr'><strong>Si</strong></span> 
     </span>
    </p>
   </div>
   <div class='ocr_carea' id='block_1_95' title="bbox 1938 3788 3518 3879">
    <p class='ocr_par' dir='ltr' id='par_1_95' title="bbox 1938 3788 3518 3879">
     <span class='ocr_line' id='line_1_95' title="bbox 1938 3788 3518 3879; baseline -0.015 -18"><span class='ocrx_word' id='word_1_743' title='bbox 1938 3810 2065 3879; x_wconf 89' lang='lat' dir='ltr'><strong>quis</strong></span> <span class='ocrx_word' id='word_1_744' title='bbox 2108 3820 2233 3860; x_wconf 91' lang='lat' dir='ltr'><strong>cum</strong></span> <span class='ocrx_word' id='word_1_745' title='bbox 2263 3802 2454 3865; x_wconf 84' lang='lat' dir='ltr'><strong>Jacob,</strong></span> <span class='ocrx_word' id='word_1_746' title='bbox 2491 3816 2598 3854; x_wconf 87' lang='lat' dir='ltr'><strong>non</strong></span> <span class='ocrx_word' id='word_1_747' title='bbox 2635 3798 2833 3854; x_wconf 83' lang='lat' dir='ltr'><strong>Filium</strong></span> <span class='ocrx_word' id='word_1_748' title='bbox 2869 3805 2927 3848; x_wconf 92' lang='lat' dir='ltr'><strong>ut</strong></span> <span class='ocrx_word' id='word_1_749' title='bbox 2964 3793 3265 3855; x_wconf 83' lang='lat' dir='ltr'><strong>hominem,</strong></span> <span class='ocrx_word' id='word_1_750' title='bbox 3297 3789 3391 3842; x_wconf 88' lang='lat' dir='ltr'><strong>sed</strong></span> <span class='ocrx_word' id='word_1_751' title='bbox 3436 3788 3518 3840; x_wconf 92' lang='lat' dir='ltr'><strong>in-</strong></span> 
     </span>
    </p>
   </div>
   <div class='ocr_carea' id='block_1_96' title="bbox 1940 3885 3516 3970">
    <p class='ocr_par' dir='ltr' id='par_1_96' title="bbox 1940 3885 3516 3970">
     <span class='ocr_line' id='line_1_96' title="bbox 1940 3885 3516 3970; baseline -0.013 -17"><span class='ocrx_word' id='word_1_752' title='bbox 1940 3899 2182 3970; x_wconf 79' lang='lat' dir='ltr'><strong>genitum</strong></span> <span class='ocrx_word' id='word_1_753' title='bbox 2218 3896 2389 3950; x_wconf 92' lang='lat' dir='ltr'><strong>Deum</strong></span> <span class='ocrx_word' id='word_1_754' title='bbox 2436 3902 2531 3946; x_wconf 89' lang='lat' dir='ltr'><strong>aut</strong></span> <span class='ocrx_word' id='word_1_755' title='bbox 2570 3900 2783 3961; x_wconf 85' lang='lat' dir='ltr'><strong>partem</strong></span> <span class='ocrx_word' id='word_1_756' title='bbox 2827 3888 2947 3957; x_wconf 84' lang='lat' dir='ltr'><strong>ejus</strong></span> <span class='ocrx_word' id='word_1_757' title='bbox 2985 3885 3338 3939; x_wconf 86' lang='lat' dir='ltr'><strong>colluctatam</strong></span> <span class='ocrx_word' id='word_1_758' title='bbox 3389 3894 3516 3934; x_wconf 83' lang='lat' dir='ltr'><strong>esse</strong></span> 
     </span>
    </p>
   </div>
   <div class='ocr_carea' id='block_1_97' title="bbox 1940 3974 3515 4054">
    <p class='ocr_par' dir='ltr' id='par_1_97' title="bbox 1940 3974 3515 4054">
     <span class='ocr_line' id='line_1_97' title="bbox 1940 3974 3515 4054; baseline -0.012 -10"><span class='ocrx_word' id='word_1_759' title='bbox 1940 3992 2110 4054; x_wconf 88' lang='lat' dir='ltr'><strong>dicat,</strong></span> <span class='ocrx_word' id='word_1_760' title='bbox 2147 3991 2439 4042; x_wconf 89' lang='lat' dir='ltr'><strong>anathema</strong></span> <span class='ocrx_word' id='word_1_761' title='bbox 2482 3987 2575 4039; x_wconf 85' lang='lat' dir='ltr'><strong>sit.</strong></span> <span class='ocrx_word' id='word_1_762' title='bbox 2627 3984 2685 4036; x_wconf 89' lang='lat' dir='ltr'><strong>Si</strong></span> <span class='ocrx_word' id='word_1_763' title='bbox 2729 3982 2855 4051; x_wconf 93' lang='lat' dir='ltr'><strong>quis</strong></span> <span class='ocrx_word' id='word_1_764' title='bbox 2895 3979 3051 4042; x_wconf 89' lang='lat' dir='ltr'><strong>illud,</strong></span> <span class='ocrx_word' id='word_1_765' title='bbox 3084 3976 3227 4030; x_wconf 74' lang='grc' dir='ltr'>Ριιιίι</span> <span class='ocrx_word' id='word_1_766' title='bbox 3260 3974 3515 4027; x_wconf 78' lang='lat' dir='ltr'><strong>Dominus</strong></span> 
     </span>
    </p>
   </div>
   <div class='ocr_carea' id='block_1_98' title="bbox 1941 4064 3514 4141">
    <p class='ocr_par' dir='ltr' id='par_1_98' title="bbox 1941 4064 3514 4141">
     <span class='ocr_line' id='line_1_98' title="bbox 1941 4064 3514 4141; baseline -0.013 -5"><span class='ocrx_word' id='word_1_767' title='bbox 1941 4102 1973 4135; x_wconf 78' lang='grc' dir='ltr'><strong>α</strong></span> <span class='ocrx_word' id='word_1_768' title='bbox 2012 4082 2276 4141; x_wconf 85' lang='lat' dir='ltr'><strong>Domino,</strong></span> <span class='ocrx_word' id='word_1_769' title='bbox 2331 4094 2438 4131; x_wconf 90' lang='lat' dir='ltr'><strong>non</strong></span> <span class='ocrx_word' id='word_1_770' title='bbox 2490 4078 2558 4130; x_wconf 92' lang='lat' dir='ltr'><strong>de</strong></span> <span class='ocrx_word' id='word_1_771' title='bbox 2610 4073 2770 4128; x_wconf 83' lang='lat' dir='ltr'><strong>Patre</strong></span> <span class='ocrx_word' id='word_1_772' title='bbox 2818 4081 2874 4125; x_wconf 91' lang='lat' dir='ltr'><strong>et</strong></span> <span class='ocrx_word' id='word_1_773' title='bbox 2922 4070 3060 4124; x_wconf 84' lang='lat' dir='ltr'><strong>Filio</strong></span> <span class='ocrx_word' id='word_1_774' title='bbox 3102 4067 3369 4135; x_wconf 90' lang='lat' dir='ltr'><strong>accipiat,</strong></span> <span class='ocrx_word' id='word_1_775' title='bbox 3419 4064 3514 4117; x_wconf 86' lang='lat' dir='ltr'><strong>sed</strong></span> 
     </span>
    </p>
   </div>
   <div class='ocr_carea' id='block_1_99' title="bbox 1939 4155 3519 4239">
    <p class='ocr_par' dir='ltr' id='par_1_99' title="bbox 1939 4155 3519 4239">
     <span class='ocr_line' id='line_1_99' title="bbox 1939 4155 3519 4239; baseline -0.011 -14"><span class='ocrx_word' id='word_1_776' title='bbox 1939 4172 2185 4239; x_wconf 91' lang='lat' dir='ltr'><strong>seipsum</strong></span> <span class='ocrx_word' id='word_1_777' title='bbox 2242 4183 2271 4221; x_wconf 90' lang='lat' dir='ltr'><strong>a</strong></span> <span class='ocrx_word' id='word_1_778' title='bbox 2330 4167 2513 4234; x_wconf 87' lang='lat' dir='ltr'><strong>seipso</strong></span> <span class='ocrx_word' id='word_1_779' title='bbox 2571 4166 2777 4231; x_wconf 85' lang='lat' dir='ltr'><strong>pluisse</strong></span> <span class='ocrx_word' id='word_1_780' title='bbox 2828 4161 3011 4223; x_wconf 89' lang='lat' dir='ltr'><strong>dicat,</strong></span> <span class='ocrx_word' id='word_1_781' title='bbox 3071 4157 3363 4211; x_wconf 86' lang='lat' dir='ltr'><strong>anathema</strong></span> <span class='ocrx_word' id='word_1_782' title='bbox 3398 4155 3464 4206; x_wconf 71' lang='lat' dir='ltr'><strong>sit</strong></span> <span class='ocrx_word' id='word_1_783' title='bbox 3498 4171 3519 4215; x_wconf 61' lang='grc' dir='ltr'>ξ</span> 
     </span>
    </p>
   </div>
   <div class='ocr_carea' id='block_1_100' title="bbox 1941 4244 3514 4333">
    <p class='ocr_par' dir='ltr' id='par_1_100' title="bbox 1941 4244 3514 4333">
     <span class='ocr_line' id='line_1_100' title="bbox 1941 4244 3514 4333; baseline -0.011 -19"><span class='ocrx_word' id='word_1_784' title='bbox 1941 4261 2101 4333; x_wconf 79' lang='lat'><strong>753</strong></span> <span class='ocrx_word' id='word_1_785' title='bbox 2127 4259 2425 4329; x_wconf 86' lang='lat' dir='ltr'><strong>pluitenim</strong></span> <span class='ocrx_word' id='word_1_786' title='bbox 2448 4255 2711 4309; x_wconf 89' lang='lat' dir='ltr'><strong>Dominus</strong></span> <span class='ocrx_word' id='word_1_787' title='bbox 2734 4252 2903 4307; x_wconf 83' lang='lat' dir='ltr'><strong>Filius</strong></span> <span class='ocrx_word' id='word_1_788' title='bbox 2920 4267 2949 4304; x_wconf 92' lang='lat' dir='ltr'><strong>a</strong></span> <span class='ocrx_word' id='word_1_789' title='bbox 2973 4248 3203 4302; x_wconf 90' lang='lat' dir='ltr'><strong>Domino</strong></span> <span class='ocrx_word' id='word_1_790' title='bbox 3222 4247 3384 4300; x_wconf 80' lang='lat' dir='ltr'><strong>Patre</strong></span> <span class='ocrx_word' id='word_1_791' title='bbox 3415 4244 3514 4309; x_wconf 79' lang='grc'>(1).</span> 
     </span>
    </p>
   </div>
   <div class='ocr_carea' id='block_1_101' title="bbox 1941 4335 3524 4421">
    <p class='ocr_par' dir='ltr' id='par_1_101' title="bbox 1941 4335 3524 4421">
     <span class='ocr_line' id='line_1_101' title="bbox 1941 4335 3524 4421; baseline -0.015 -15"><span class='ocrx_word' id='word_1_792' title='bbox 1941 4353 1996 4406; x_wconf 84' lang='lat' dir='ltr'><strong>Si</strong></span> <span class='ocrx_word' id='word_1_793' title='bbox 2042 4353 2165 4421; x_wconf 87' lang='lat' dir='ltr'><strong>quis</strong></span> <span class='ocrx_word' id='word_1_794' title='bbox 2210 4350 2442 4404; x_wconf 87' lang='lat' dir='ltr'><strong>audiens</strong></span> <span class='ocrx_word' id='word_1_795' title='bbox 2491 4346 2784 4401; x_wconf 89' lang='lat' dir='ltr'><strong>Dominum</strong></span> <span class='ocrx_word' id='word_1_796' title='bbox 2833 4344 3073 4401; x_wconf 86' lang='lat' dir='ltr'><strong>Patrem,</strong></span> <span class='ocrx_word' id='word_1_797' title='bbox 3106 4339 3395 4392; x_wconf 90' lang='lat' dir='ltr'><strong>Dominum</strong></span> <span class='ocrx_word' id='word_1_798' title='bbox 3433 4335 3524 4388; x_wconf 51' lang='lat' dir='ltr'><strong>Pi.</strong></span> 
     </span>
    </p>
   </div>
   <div class='ocr_carea' id='block_1_102' title="bbox 1944 4430 3516 4508">
    <p class='ocr_par' dir='ltr' id='par_1_102' title="bbox 1944 4430 3516 4508">
     <span class='ocr_line' id='line_1_102' title="bbox 1944 4430 3516 4508; baseline -0.011 -10"><span class='ocrx_word' id='word_1_799' title='bbox 1944 4446 2102 4508; x_wconf 87' lang='lat' dir='ltr'><strong>lium,</strong></span> <span class='ocrx_word' id='word_1_800' title='bbox 2147 4443 2442 4496; x_wconf 91' lang='lat' dir='ltr'><strong>Dominum</strong></span> <span class='ocrx_word' id='word_1_801' title='bbox 2490 4450 2544 4493; x_wconf 87' lang='lat' dir='ltr'><strong>et</strong></span> <span class='ocrx_word' id='word_1_802' title='bbox 2599 4439 2894 4491; x_wconf 91' lang='lat' dir='ltr'><strong>Dominum</strong></span> <span class='ocrx_word' id='word_1_803' title='bbox 2940 4435 3157 4488; x_wconf 86' lang='lat' dir='ltr'><strong>Patrem</strong></span> <span class='ocrx_word' id='word_1_804' title='bbox 3209 4442 3266 4485; x_wconf 90' lang='lat' dir='ltr'><strong>et</strong></span> <span class='ocrx_word' id='word_1_805' title='bbox 3313 4430 3516 4485; x_wconf 85' lang='lat' dir='ltr'><strong>Filium</strong></span> 
     </span>
    </p>
   </div>
   <div class='ocr_carea' id='block_1_103' title="bbox 1943 4520 3518 4601">
    <p class='ocr_par' dir='ltr' id='par_1_103' title="bbox 1943 4520 3518 4601">
     <span class='ocr_line' id='line_1_103' title="bbox 1943 4520 3518 4601; baseline -0.013 -9"><span class='ocrx_word' id='word_1_806' title='bbox 1943 4538 2112 4601; x_wconf 88' lang='lat' dir='ltr'><strong>dicat,</strong></span> <span class='ocrx_word' id='word_1_807' title='bbox 2142 4544 2197 4589; x_wconf 88' lang='lat' dir='ltr'><strong>et</strong></span> <span class='ocrx_word' id='word_1_808' title='bbox 2228 4534 2496 4588; x_wconf 75' lang='lat' dir='ltr'><strong>Dominus</strong></span> <span class='ocrx_word' id='word_1_809' title='bbox 2518 4520 2603 4585; x_wconf 78' lang='lat' dir='ltr'><strong>ex</strong></span> <span class='ocrx_word' id='word_1_810' title='bbox 2646 4530 2883 4584; x_wconf 91' lang='lat' dir='ltr'><strong>Domino</strong></span> <span class='ocrx_word' id='word_1_811' title='bbox 2909 4528 3101 4580; x_wconf 89' lang='lat' dir='ltr'><strong>dicens</strong></span> <span class='ocrx_word' id='word_1_812' title='bbox 3130 4523 3271 4577; x_wconf 89' lang='lat' dir='ltr'><strong>duos</strong></span> <span class='ocrx_word' id='word_1_813' title='bbox 3313 4528 3518 4574; x_wconf 75' lang='lat' dir='ltr'><strong>statuat</strong></span> 
     </span>
    </p>
   </div>
   <div class='ocr_carea' id='block_1_104' title="bbox 1948 4611 3515 4689">
    <p class='ocr_par' dir='ltr' id='par_1_104' title="bbox 1948 4611 3515 4689">
     <span class='ocr_line' id='line_1_104' title="bbox 1948 4611 3515 4689; baseline -0.013 -7"><span class='ocrx_word' id='word_1_814' title='bbox 1948 4628 2108 4689; x_wconf 89' lang='lat' dir='ltr'><strong>Deos,</strong></span> <span class='ocrx_word' id='word_1_815' title='bbox 2144 4624 2438 4678; x_wconf 81' lang='lat' dir='ltr'><strong>anathema</strong></span> <span class='ocrx_word' id='word_1_816' title='bbox 2496 4622 2569 4675; x_wconf 86' lang='lat' dir='ltr'><strong>sit</strong></span> <span class='ocrx_word' id='word_1_817' title='bbox 2605 4638 2618 4673; x_wconf 88' lang='lat'><strong>:</strong></span> <span class='ocrx_word' id='word_1_818' title='bbox 2658 4634 2770 4673; x_wconf 92' lang='lat' dir='ltr'><strong>non</strong></span> <span class='ocrx_word' id='word_1_819' title='bbox 2805 4616 2952 4671; x_wconf 87' lang='lat' dir='ltr'><strong>enim</strong></span> <span class='ocrx_word' id='word_1_820' title='bbox 3006 4615 3059 4669; x_wconf 92' lang='lat' dir='ltr'><strong>in</strong></span> <span class='ocrx_word' id='word_1_821' title='bbox 3107 4613 3298 4667; x_wconf 87' lang='lat' dir='ltr'><strong>eodem</strong></span> <span class='ocrx_word' id='word_1_822' title='bbox 3343 4611 3515 4677; x_wconf 67' lang='lat' dir='ltr'><strong>gradu</strong></span> 
     </span>
    </p>
   </div>
   <div class='ocr_carea' id='block_1_105' title="bbox 630 4699 1838 4802">
    <p class='ocr_par' dir='ltr' id='par_1_105' title="bbox 630 4699 1838 4802">
     <span class='ocr_line' id='line_1_105' title="bbox 630 4699 1838 4802; baseline -0.009 -13"><span class='ocrx_word' id='word_1_823' title='bbox 630 4736 755 4789; x_wconf 79' lang='grc' dir='ltr'>οὔτε</span> <span class='ocrx_word' id='word_1_824' title='bbox 818 4699 1093 4802; x_wconf 72' lang='grc' dir='ltr'>κατῆλθεν</span> <span class='ocrx_word' id='word_1_825' title='bbox 1144 4699 1245 4794; x_wconf 25' lang='lat' dir='ltr'><strong>vel;</strong></span> <span class='ocrx_word' id='word_1_826' title='bbox 1300 4734 1459 4797; x_wconf 84' lang='grc' dir='ltr'>σῶμα</span> <span class='ocrx_word' id='word_1_827' title='bbox 1512 4699 1838 4795; x_wconf 39' lang='grc' dir='ltr'>ἀνευ-βου-</span> 
     </span>
    </p>
   </div>
   <div class='ocr_carea' id='block_1_106' title="bbox 1865 4699 3517 4802">
    <p class='ocr_par' dir='ltr' id='par_1_106' title="bbox 1873 4699 3517 4773">
     <span class='ocr_line' id='line_1_106' title="bbox 1873 4699 3517 4773; baseline -0.013 0"><span class='ocrx_word' id='word_1_828' title='bbox 1873 4699 1915 4754; x_wconf 74' lang='lat' dir='ltr'><strong>D</strong></span> <span class='ocrx_word' id='word_1_829' title='bbox 1943 4734 2068 4773; x_wconf 90' lang='lat' dir='ltr'><strong>cum</strong></span> <span class='ocrx_word' id='word_1_830' title='bbox 2114 4717 2273 4770; x_wconf 86' lang='lat' dir='ltr'><strong>Patre</strong></span> <span class='ocrx_word' id='word_1_831' title='bbox 2325 4713 2520 4768; x_wconf 84' lang='lat' dir='ltr'><strong>Filium</strong></span> <span class='ocrx_word' id='word_1_832' title='bbox 2562 4712 2828 4773; x_wconf 81' lang='lat' dir='ltr'><strong>locamus,</strong></span> <span class='ocrx_word' id='word_1_833' title='bbox 2868 4708 2960 4761; x_wconf 83' lang='lat' dir='ltr'><strong>sed</strong></span> <span class='ocrx_word' id='word_1_834' title='bbox 3014 4704 3160 4760; x_wconf 84' lang='lat' dir='ltr'><strong>Patri</strong></span> <span class='ocrx_word' id='word_1_835' title='bbox 3203 4702 3517 4771; x_wconf 81' lang='lat' dir='ltr'><strong>subjectum</strong></span> 
     </span>
    </p>
   </div>
   <div class='ocr_carea' id='block_1_107' title="bbox 1939 4795 3518 4873">
    <p class='ocr_par' dir='ltr' id='par_1_107' title="bbox 1939 4795 3518 4873">
     <span class='ocr_line' id='line_1_107' title="bbox 1939 4795 3518 4873; baseline -0.012 -9"><span class='ocrx_word' id='word_1_836' title='bbox 1939 4826 2062 4864; x_wconf 85' lang='lat' dir='ltr'><strong>esse</strong></span> <span class='ocrx_word' id='word_1_837' title='bbox 2107 4809 2365 4870; x_wconf 89' lang='lat' dir='ltr'><strong>dicimus,</strong></span> <span class='ocrx_word' id='word_1_838' title='bbox 2418 4820 2593 4873; x_wconf 90' lang='lat' dir='ltr'><strong>neque</strong></span> <span class='ocrx_word' id='word_1_839' title='bbox 2633 4801 2921 4855; x_wconf 86' lang='lat' dir='ltr'><strong>descendit</strong></span> <span class='ocrx_word' id='word_1_840' title='bbox 2970 4814 3024 4850; x_wconf 90' lang='lat' dir='ltr'><strong>tn</strong></span> <span class='ocrx_word' id='word_1_841' title='bbox 3074 4810 3278 4864; x_wconf 91' lang='lat' dir='ltr'><strong>corpus</strong></span> <span class='ocrx_word' id='word_1_842' title='bbox 3309 4795 3518 4859; x_wconf 84' lang='lat' dir='ltr'><strong>absque</strong></span> 
     </span>
    </p>
   </div>
   <div class='ocr_carea' id='block_1_108' title="bbox 1940 4887 3519 4966">
    <p class='ocr_par' dir='ltr' id='par_1_108' title="bbox 1940 4887 3519 4966">
     <span class='ocr_line' id='line_1_108' title="bbox 1940 4887 3519 4966; baseline -0.013 -8"><span class='ocrx_word' id='word_1_843' title='bbox 1940 4903 2177 4957; x_wconf 87' lang='lat' dir='ltr'><strong>consilio</strong></span> <span class='ocrx_word' id='word_1_844' title='bbox 2228 4900 2451 4955; x_wconf 85' lang='lat' dir='ltr'><strong>Patris:</strong></span> <span class='ocrx_word' id='word_1_845' title='bbox 2498 4912 2678 4966; x_wconf 89' lang='lat' dir='ltr'><strong>neque</strong></span> <span class='ocrx_word' id='word_1_846' title='bbox 2714 4895 2851 4962; x_wconf 88' lang='lat' dir='ltr'><strong>pluit</strong></span> <span class='ocrx_word' id='word_1_847' title='bbox 2879 4908 2907 4944; x_wconf 93' lang='lat' dir='ltr'><strong>a</strong></span> <span class='ocrx_word' id='word_1_848' title='bbox 2951 4891 3158 4959; x_wconf 81' lang='lat' dir='ltr'><strong>seipse,</strong></span> <span class='ocrx_word' id='word_1_849' title='bbox 3206 4887 3300 4941; x_wconf 88' lang='lat' dir='ltr'><strong>sed</strong></span> <span class='ocrx_word' id='word_1_850' title='bbox 3344 4903 3374 4940; x_wconf 89' lang='lat' dir='ltr'><strong>a</strong></span> <span class='ocrx_word' id='word_1_851' title='bbox 3407 4888 3519 4940; x_wconf 63' lang='lat' dir='ltr'><strong>Dn—</strong></span> 
     </span>
    </p>
   </div>
   <div class='ocr_carea' id='block_1_109' title="bbox 1944 4978 3518 5059">
    <p class='ocr_par' dir='ltr' id='par_1_109' title="bbox 1944 4978 3518 5059">
     <span class='ocr_line' id='line_1_109' title="bbox 1944 4978 3518 5059; baseline -0.015 -9"><span class='ocrx_word' id='word_1_852' title='bbox 1944 5000 2116 5059; x_wconf 86' lang='lat' dir='ltr'><strong>mino,</strong></span> <span class='ocrx_word' id='word_1_853' title='bbox 2169 5003 2397 5047; x_wconf 89' lang='lat' dir='ltr'><strong>auctore</strong></span> <span class='ocrx_word' id='word_1_854' title='bbox 2446 4991 2609 5044; x_wconf 90' lang='lat' dir='ltr'><strong>Patre</strong></span> <span class='ocrx_word' id='word_1_855' title='bbox 2660 5005 2672 5039; x_wconf 93' lang='lat'>:</span> <span class='ocrx_word' id='word_1_856' title='bbox 2723 4999 2901 5052; x_wconf 91' lang='lat' dir='ltr'><strong>neque</strong></span> <span class='ocrx_word' id='word_1_857' title='bbox 2950 4979 3105 5035; x_wconf 85' lang='lat' dir='ltr'><strong>sedet</strong></span> <span class='ocrx_word' id='word_1_858' title='bbox 3154 4994 3183 5031; x_wconf 91' lang='lat' dir='ltr'><strong>a</strong></span> <span class='ocrx_word' id='word_1_859' title='bbox 3234 4978 3441 5031; x_wconf 82' lang='lat' dir='ltr'><strong>dextris</strong></span> <span class='ocrx_word' id='word_1_860' title='bbox 3484 4991 3518 5032; x_wconf 83' lang='lat' dir='ltr'><strong>a</strong></span> 
     </span>
    </p>
   </div>
   <div class='ocr_carea' id='block_1_110' title="bbox 1942 5070 3517 5158">
    <p class='ocr_par' dir='ltr' id='par_1_110' title="bbox 1942 5070 3517 5158">
     <span class='ocr_line' id='line_1_110' title="bbox 1942 5070 3517 5158; baseline -0.013 -15"><span class='ocrx_word' id='word_1_861' title='bbox 1942 5088 2125 5158; x_wconf 89' lang='lat' dir='ltr'><strong>scipso</strong></span> <span class='ocrx_word' id='word_1_862' title='bbox 2155 5127 2170 5150; x_wconf 94' lang='lat'><strong>,</strong></span> <span class='ocrx_word' id='word_1_863' title='bbox 2204 5086 2300 5140; x_wconf 88' lang='lat' dir='ltr'><strong>sed</strong></span> <span class='ocrx_word' id='word_1_864' title='bbox 2333 5083 2488 5139; x_wconf 89' lang='lat' dir='ltr'><strong>audit</strong></span> <span class='ocrx_word' id='word_1_865' title='bbox 2512 5081 2726 5134; x_wconf 84' lang='lat' dir='ltr'><strong>Patrem</strong></span> <span class='ocrx_word' id='word_1_866' title='bbox 2755 5076 3030 5129; x_wconf 80' lang='lat' dir='ltr'><strong>dicentem</strong></span> <span class='ocrx_word' id='word_1_867' title='bbox 3059 5091 3073 5124; x_wconf 91' lang='lat'>:</span> <span class='ocrx_word' id='word_1_868' title='bbox 3102 5070 3235 5125; x_wconf 77' lang='lat' dir='ltr'><strong>Sede</strong></span> <span class='ocrx_word' id='word_1_869' title='bbox 3260 5088 3292 5124; x_wconf 90' lang='lat' dir='ltr'><strong>a</strong></span> <span class='ocrx_word' id='word_1_870' title='bbox 3318 5071 3517 5123; x_wconf 67' lang='lat' dir='ltr'><strong>dea‘ltt’s</strong></span> 
     </span>
    </p>
   </div>
   <div class='ocr_carea' id='block_1_111' title="bbox 1942 5162 3519 5247">
    <p class='ocr_par' dir='ltr' id='par_1_111' title="bbox 1942 5162 3519 5247">
     <span class='ocr_line' id='line_1_111' title="bbox 1942 5162 3519 5247; baseline -0.015 -14"><span class='ocrx_word' id='word_1_871' title='bbox 1942 5181 2068 5233; x_wconf 74' lang='lat' dir='ltr'><strong>meis</strong></span> <span class='ocrx_word' id='word_1_872' title='bbox 2099 5180 2141 5232; x_wconf 81' lang='grc'>¹.</span> <span class='ocrx_word' id='word_1_873' title='bbox 2177 5177 2233 5232; x_wconf 91' lang='lat' dir='ltr'><strong>Si</strong></span> <span class='ocrx_word' id='word_1_874' title='bbox 2269 5176 2395 5247; x_wconf 89' lang='lat' dir='ltr'><strong>quis</strong></span> <span class='ocrx_word' id='word_1_875' title='bbox 2424 5174 2641 5228; x_wconf 87' lang='lat' dir='ltr'><strong>Patrem</strong></span> <span class='ocrx_word' id='word_1_876' title='bbox 2674 5179 2729 5223; x_wconf 90' lang='lat' dir='ltr'><strong>et</strong></span> <span class='ocrx_word' id='word_1_877' title='bbox 2766 5167 2961 5221; x_wconf 85' lang='lat' dir='ltr'><strong>Filium</strong></span> <span class='ocrx_word' id='word_1_878' title='bbox 2998 5175 3055 5219; x_wconf 91' lang='lat' dir='ltr'><strong>et</strong></span> <span class='ocrx_word' id='word_1_879' title='bbox 3084 5162 3350 5232; x_wconf 85' lang='lat' dir='ltr'><strong>Spiritum</strong></span> <span class='ocrx_word' id='word_1_880' title='bbox 3392 5176 3519 5211; x_wconf 63' lang='lat' dir='ltr'><strong>sam</strong></span> 
     </span>
    </p>
   </div>
   <div class='ocr_carea' id='block_1_112' title="bbox 1942 5252 3517 5339">
    <p class='ocr_par' dir='ltr' id='par_1_112' title="bbox 1942 5252 3517 5339">
     <span class='ocr_line' id='line_1_112' title="bbox 1942 5252 3517 5339; baseline -0.017 -12"><span class='ocrx_word' id='word_1_881' title='bbox 1942 5284 2091 5328; x_wconf 90' lang='lat' dir='ltr'><strong>ctum</strong></span> <span class='ocrx_word' id='word_1_882' title='bbox 2125 5286 2291 5325; x_wconf 87' lang='lat' dir='ltr'><strong>unam</strong></span> <span class='ocrx_word' id='word_1_883' title='bbox 2325 5261 2616 5339; x_wconf 83' lang='lat' dir='ltr'><strong>personam</strong></span> <span class='ocrx_word' id='word_1_884' title='bbox 2641 5263 2809 5322; x_wconf 88' lang='lat' dir='ltr'><strong>dicat.</strong></span> <span class='ocrx_word' id='word_1_885' title='bbox 2835 5259 3125 5313; x_wconf 90' lang='lat' dir='ltr'><strong>anathema</strong></span> <span class='ocrx_word' id='word_1_886' title='bbox 3157 5254 3248 5308; x_wconf 87' lang='lat' dir='ltr'><strong>sit.</strong></span> <span class='ocrx_word' id='word_1_887' title='bbox 3285 5252 3340 5304; x_wconf 81' lang='lat' dir='ltr'><strong>Si</strong></span> <span class='ocrx_word' id='word_1_888' title='bbox 3371 5252 3517 5319; x_wconf 88' lang='lat' dir='ltr'><strong>quis,</strong></span> 
     </span>
    </p>
   </div>
   <div class='ocr_carea' id='block_1_113' title="bbox 1944 5345 3519 5434">
    <p class='ocr_par' dir='ltr' id='par_1_113' title="bbox 1944 5345 3519 5434">
     <span class='ocr_line' id='line_1_113' title="bbox 1944 5345 3519 5434; baseline -0.016 -15"><span class='ocrx_word' id='word_1_889' title='bbox 1944 5365 2214 5434; x_wconf 90' lang='lat' dir='ltr'><strong>Spiritum</strong></span> <span class='ocrx_word' id='word_1_890' title='bbox 2237 5368 2484 5415; x_wconf 87' lang='lat' dir='ltr'><strong>sanctum</strong></span> <span class='ocrx_word' id='word_1_891' title='bbox 2518 5357 2864 5411; x_wconf 87' lang='lat' dir='ltr'><strong>Paraeletum</strong></span> <span class='ocrx_word' id='word_1_892' title='bbox 2897 5349 3180 5420; x_wconf 69' lang='lat' dir='ltr'><strong>proﬁteris,</strong></span> <span class='ocrx_word' id='word_1_893' title='bbox 3216 5345 3519 5413; x_wconf 79' lang='lat' dir='ltr'><strong>ingenitum</strong></span> 
     </span>
    </p>
   </div>
   <div class='ocr_carea' id='block_1_114' title="bbox 1946 5431 3519 5519">
    <p class='ocr_par' dir='ltr' id='par_1_114' title="bbox 1946 5431 3519 5519">
     <span class='ocr_line' id='line_1_114' title="bbox 1946 5431 3519 5519; baseline -0.016 -9"><span class='ocrx_word' id='word_1_894' title='bbox 1946 5431 2117 5510; x_wconf 83' lang='lat' dir='ltr'><strong>Deum</strong></span> <span class='ocrx_word' id='word_1_895' title='bbox 2175 5453 2487 5519; x_wconf 81' lang='lat' dir='ltr'><strong>intelligat,</strong></span> <span class='ocrx_word' id='word_1_896' title='bbox 2544 5450 2834 5502; x_wconf 84' lang='lat' dir='ltr'><strong>anathema</strong></span> <span class='ocrx_word' id='word_1_897' title='bbox 2881 5444 2975 5499; x_wconf 89' lang='lat' dir='ltr'><strong>sit.</strong></span> <span class='ocrx_word' id='word_1_898' title='bbox 3032 5441 3089 5494; x_wconf 90' lang='lat' dir='ltr'><strong>Si</strong></span> <span class='ocrx_word' id='word_1_899' title='bbox 3149 5438 3294 5507; x_wconf 89' lang='lat' dir='ltr'><strong>quis,</strong></span> <span class='ocrx_word' id='word_1_900' title='bbox 3354 5431 3519 5487; x_wconf 64' lang='grc' dir='ltr'>διεοιί</span> 
     </span>
    </p>
   </div>
   <div class='ocr_carea' id='block_1_115' title="bbox 1950 5530 3491 5617">
    <p class='ocr_par' dir='ltr' id='par_1_115' title="bbox 1950 5530 3491 5617">
     <span class='ocr_line' id='line_1_115' title="bbox 1950 5530 3491 5617; baseline -0.016 -12"><span class='ocrx_word' id='word_1_901' title='bbox 1950 5551 2235 5617; x_wconf 86' lang='lat' dir='ltr'><strong>Scriptura</strong></span> <span class='ocrx_word' id='word_1_902' title='bbox 2293 5561 2393 5598; x_wconf 88' lang='lat' dir='ltr'><strong>nos</strong></span> <span class='ocrx_word' id='word_1_903' title='bbox 2453 5543 2679 5605; x_wconf 89' lang='lat' dir='ltr'><strong>docuit,</strong></span> <span class='ocrx_word' id='word_1_904' title='bbox 2733 5556 2841 5595; x_wconf 91' lang='lat' dir='ltr'><strong>non</strong></span> <span class='ocrx_word' id='word_1_905' title='bbox 2890 5537 3057 5593; x_wconf 90' lang='lat' dir='ltr'><strong>alium</strong></span> <span class='ocrx_word' id='word_1_906' title='bbox 3108 5550 3137 5587; x_wconf 90' lang='lat' dir='ltr'><strong>a</strong></span> <span class='ocrx_word' id='word_1_907' title='bbox 3188 5530 3324 5586; x_wconf 78' lang='lat' dir='ltr'><strong>Filio</strong></span> <span class='ocrx_word' id='word_1_908' title='bbox 3369 5533 3491 5583; x_wconf 79' lang='lat' dir='ltr'><strong>dica</strong></span> 
     </span>
    </p>
   </div>
   <div class='ocr_carea' id='block_1_116' title="bbox 306 5819 1838 5911">
    <p class='ocr_par' dir='ltr' id='par_1_116' title="bbox 306 5829 1821 5911">
     <span class='ocr_line' id='line_1_116' title="bbox 306 5829 1821 5911; baseline -0.013 -17"><span class='ocrx_word' id='word_1_909' title='bbox 306 5840 395 5911; x_wconf 81' lang='grc' dir='ltr'><strong>(ι)</strong></span> <span class='ocrx_word' id='word_1_910' title='bbox 431 5839 561 5895; x_wconf 71' lang='grc' dir='ltr'>Ηαεο</span> <span class='ocrx_word' id='word_1_911' title='bbox 592 5838 757 5909; x_wconf 90' lang='lat' dir='ltr'><strong>paulo</strong></span> <span class='ocrx_word' id='word_1_912' title='bbox 799 5834 960 5891; x_wconf 85' lang='lat' dir='ltr'><strong>aliter</strong></span> <span class='ocrx_word' id='word_1_913' title='bbox 991 5834 1309 5889; x_wconf 72' lang='lat' dir='ltr'><strong>referuntur</strong></span> <span class='ocrx_word' id='word_1_914' title='bbox 1342 5829 1485 5900; x_wconf 81' lang='lat' dir='ltr'><strong>apud</strong></span> <span class='ocrx_word' id='word_1_915' title='bbox 1520 5830 1821 5889; x_wconf 85' lang='lat' dir='ltr'><strong>Socratem,</strong></span> 
     </span>
    </p>
   </div>
   <div class='ocr_carea' id='block_1_117' title="bbox 1865 5819 2325 5911">
    <p class='ocr_par' dir='ltr' id='par_1_117' title="bbox 1865 5819 2325 5898">
     <span class='ocr_line' id='line_1_117' title="bbox 1865 5819 2325 5898; baseline -0.002 -23"><span class='ocrx_word' id='word_1_916' title='bbox 1865 5822 1955 5878; x_wconf 87' lang='lat' dir='ltr'><strong>lib.</strong></span> <span class='ocrx_word' id='word_1_917' title='bbox 1988 5837 2045 5888; x_wconf 85' lang='lat' dir='ltr'><strong>tl,</strong></span> <span class='ocrx_word' id='word_1_918' title='bbox 2074 5819 2325 5898; x_wconf 31' lang='lat' dir='ltr'><strong>cap..50.</strong></span> 
     </span>
    </p>
   </div>
  </div>
