4280 6436
1953 415 2368 480 NICEPHOIU
2413 413 2755 472 CALLlS'l‘I
3885 411 4007 471 3‘3:

729 547 1111 607 Paracletunt;
1165 543 1300 595 di\it
1357 546 1500 594 cnim
1555 557 1568 592 :
1619 540 1681 592 Et
1739 539 1904 594 alium
1971 533 2419 592 ParaclelumA‘

2301 548 2307 580 ε
2338 533 2379 587 Α
2413 548 2540 614 γὰρ,
2579 547 2686 598 Καὶ
2723 547 2920 598 ἄλλοι·
2952 543 3354 610 Ιιαριὶιιλητον
3381 542 3601 610 πέμψει
3636 543 3764 609 ὑμῖν
3803 548 3836 597 ὁ
3871 549 3991 600 Πα-

730 641 897 689 millet
951 635 1087 688 vobis
1131 636 1314 697 Pater,
1359 649 1508 701 quem
1549 649 1640 700 ego
1689 633 1882 700 rogabo
1919 634 1958 693 ¹,
2010 629 2300 682 anathema
2405 652 2420 686 π

2405 635 2515 701 τὴρ
2535 634 2607 686 ὃν
2625 633 2741 700 ἐγὼ
2758 630 3230 699 ἑρωτήσω,ἀνάοε
3243 649 3318 698 μα
3337 631 3572 683 Eat-culi?
3588 650 3672 695 τις
3695 634 3755 685 τὸ
3771 634 3995 704 Πνεῦμα

728 729 820 782 sit.
856 729 913 782 Si
947 728 1070 794 quis
1105 726 1368 792 Spiritum
1416 737 1621 784 partem
1685 725 1831 778 dicat
1866 723 2043 776 Patris
2087 733 2180 774 aut
2209 718 2299 771 Fi-
2408 742 2418 792 ι

2297 748 2299 755 ·
2408 725 2570 792 μέρος
2595 725 2744 789 λέγοι
2765 723 2878 795 τοῦ.
2904 723 3113 791 [ἰατρὸς
3141 723 3172 790 ἢ
3206 723 3298 773 τοῦ
3333 722 3483 787 Υίοῦ,
3531 723 3785 792 ἀνάθεμα
3824 724 3987 777 ἔστω.

728 819 825 878 lii,
875 817 1164 870 anathema
1212 818 1305 870 sit.
1344 817 1397 871 Si
1451 819 1573 885 quis
1625 819 1839 870 Patrem
1891 825 1944 869 et
1997 814 2195 868 Filium
2246 819 2301 864 et
2405 816 2418 869 l

2299 849 2301 858 ι
2405 816 2473 869 Εἴ
2499 834 2580 879 τις
2603 819 2693 868 τὸν
2733 815 2950 884 Πατέρα
2971 816 3065 867 καὶ
3094 816 3184 866 τὸν
3211 814 3338 865 Υίὸν
3373 817 3466 866 καὶ
3491 815 3550 865 τὸ
3579 815 3737 882 ἅγιον
3762 816 3989 884 Πνεῦμα

730 911 1000 978 Spiritum
1040 919 1292 963 Sanctum
1343 921 1452 962 tres
1497 909 1642 963 dicat
1680 911 1839 972 Deos,
1879 909 2170 960 anathema
2207 906 2297 959 sit.
2408 927 2420 958 οι

2408 913 2560 980 τρεῖς
2612 909 2763 974 λέγοι
2793 909 2980 971 Θεοὺς,
3026 907 3277 977 ἀνάθεμα
3307 908 3465 960 ἔστω.
3498 909 3564 959 Ei
3591 927 3676 971 τις
3737 909 3995 978 βουλήσει

734 1003 787 1058 Si
822 1005 940 1070 quis
973 1005 1253 1070 proposito
1282 1003 1374 1054 Dei
1422 1001 1616 1054 Filium
1658 1002 1751 1053 Dei
1786 1011 1842 1053 ιιι
1887 1015 2051 1053 unam
2086 1007 2302 1051 creatu-
2401 1002 2424 1053 ε

2401 1001 2540 1053 Θεοῦ
2573 1002 2647 1062 ὠς
2678 1001 2734 1053 ἓν
2767 1002 2874 1054 τῶν
2895 1002 3212 1068 κτισμάτων
3235 1000 3521 1068 γεγονέναι
3547 1000 3696 1067 λέγοι
3730 1002 3822 1054 τὸν
3864 1003 3995 1055 Υἰὺν

730 1109 915 1146 rarum
974 1095 1173 1146 [ιιυιιιιιι
1222 1107 1340 1145 esse
1389 1091 1556 1157 dient,
1595 1093 1884 1143 anathema
1937 1090 2026 1144 sit.
2074 1090 2128 1142 Si
2177 1088 2301 1158 quis
2406 1111 2420 1143 σι

2300 1123 2301 1134 ι
2406 1092 2502 1145 τοῦ
2542 1094 2699 1158 Θεοῦ,
2734 1093 2981 1162 ἀνάθεμα
3012 1093 3171 1145 ἔστω.
3211 1093 3278 1144 Εἴ
3304 1109 3389 1153 τις
3425 1091 3501 1162 μὴ
3531 1091 3861 1159 θελήσαντος
3889 1092 3990 1145 τοῦ

728 1198 837 1234 non
872 1181 1090 1233 volente
1122 1181 1281 1233 l’atre
1312 1180 1555 1243 genitum
1584 1179 1780 1230 Filium
1807 1179 1976 1237 dicat.
2010 1179 2300 1232 anathema
2405 1187 2418 1238 ]

2405 1187 2620 1256 Πατρὺς
2647 1187 3013 1255 γεγεννῆσθαι
3043 1186 3136 1236 τὸν
3167 1183 3295 1236 Υίὺν
3325 1185 3496 1251 λέγοι,
3533 1184 3787 1252 ἀνάθεμα
3818 1184 3992 1238 ἔστω.

729 1275 844 1337 sit;
881 1290 987 1325 non
1024 1274 1229 1326 etenim
1261 1272 1433 1323 invito
1474 1271 1655 1330 Patre,
1693 1271 1923 1323 naturali
1970 1271 2300 1324 necessitate
2405 1282 2419 1330 ι

2405 1279 2479 1330 Οῦ
2496 1278 2605 1347 γὰρ
2628 1278 2700 1348 μὴ
2734 1278 3059 1346 βουλομένου
3077 1275 3174 1327 τοῦ
3202 1275 3438 1345 Πατρδς,
3483 1274 3727 1343 βιασθεὶς
3749 1278 3777 1327 ὁ
3807 1274 3998 1344 Πατήρ

728 1377 953 1419 coactus
986 1365 1096 1426 ille,
1134 1364 1320 1416 volens
1353 1364 1540 1430 genuit
1571 1363 1795 1425 Filium,
1823 1378 2010 1415 verum
2037 1379 2140 1415 una
2174 1379 2297 1416 cum
2405 1372 2418 1423 ί

2405 1372 2510 1423 ὑπὸ
2540 1371 2785 1440 ἀνάγκης
2810 1371 3070 1440 φυσικῆς,
3100 1365 3259 1430 αὖθις
3285 1368 3360 1430 ῶς
3388 1369 3489 1419 οὐκ
3519 1366 3710 1436 ἢθελεν
3735 1369 3995 1436 ἐγέννησε

730 1458 849 1524 ipsa
882 1457 1184 1516 voluntate,
1220 1464 1276 1508 et
1309 1455 1515 1522 absque
1549 1463 1817 1521 tempore,
1854 1464 1910 1507 et
1941 1454 2149 1522 absque
2178 1469 2302 1520 per-
2367 1509 2378 1522 γ
2403 1480 2420 1513 ιι

2367 1509 2378 1522 ,
2403 1463 2494 1514 τδν
2527 1463 2656 1515 Υἱόν
2681 1479 2692 1491 ·
2721 1462 2838 1514 ἀλλ’
2871 1461 2988 1530 ἅμα
3033 1477 3092 1512 τε
3126 1459 3396 1528 έῦουλήθη
3424 1500 3438 1523 ,
3478 1462 3574 1513 καὶ
3626 1460 3875 1527 ἀχρόνως
3905 1460 3999 1510 καὶ

727 1548 1004 1615 pessione,
1039 1563 1102 1599 ex
1139 1563 1196 1600 se
1232 1547 1478 1615 genitum
1522 1546 1700 1613 ipsum
1750 1545 2023 1600 exhibuit.
2078 1546 2132 1600 Si
2178 1546 2303 1613 quis
2404 1557 2417 1607 ι

2404 1553 2630 1616 ἀπαθῶς
2673 1554 2732 1618 ἐξ
2765 1552 2932 1605 αὑτοῦ
2969 1552 3133 1604 αὑτὸν
3179 1552 3454 1619 γεννήσας
3485 1549 3784 1612 ἐπέδειξεν.
3819 1551 3885 1602 Εἰ
3913 1567 3999 1611 τις

729 1639 1034 1707 ingenitum
1061 1647 1115 1691 et
1145 1639 1399 1707 principii
1433 1647 1716 1706 expertem
1747 1639 1895 1692 dicat
1926 1639 2148 1702 Filium,
2186 1648 2304 1692 tan-
2403 1645 2419 1695 ἐ

2403 1644 2699 1710 ἀγέννητον
2723 1643 2815 1695 καὶ
2833 1641 3072 1712 ἄναρχον
3092 1640 3243 1707 λέγοι
3265 1640 3354 1692 τὸν
3381 1639 3532 1701 Υἰὸν,
3559 1637 3636 1702 ὡς
3655 1639 3750 1691 δύο
3782 1640 3997 1709 ἄναρχα

731 1744 894 1798 quam
939 1729 1049 1782 duo
1083 1730 1324 1798 ingenita
1371 1741 1426 1783 et
1460 1731 1569 1783 duo
1606 1731 1878 1799 principio
1925 1730 2166 1783 carentia
2214 1729 2300 1783 di-
2403 1755 2421 1790 π

2403 1739 2500 1790 καὶ
2528 1734 2622 1788 δύο
2661 1736 2934 1808 ἀγέννητα
2972 1735 3170 1801 λέγων,
3212 1734 3308 1785 καὶ
3334 1732 3428 1785 δύο
3454 1732 3623 1784 ποιῶν
3661 1731 3840 1796 θεοὺς,
3872 1734 4003 1784 ἀνά-

731 1838 884 1885 cens,
914 1834 970 1874 et
1006 1821 1145 1873 duos
1186 1823 1318 1874 deos
1345 1830 1617 1884 statuens,
1652 1821 1949 1874 anathema
1991 1821 2064 1874 sit
2094 1839 2107 1875 :
2136 1829 2304 1890 caput
2337 1856 2380 1915 Β
2408 1829 2421 1880 t

2337 1856 2380 1915 Β
2408 1829 2552 1894 θεμα
2597 1828 2759 1879 ἔστω.
2808 1827 3033 1896 Κεφαλὴ
3077 1826 3187 1895 γάρ
3238 1827 3357 1876 ἐστι
3389 1826 3482 1876 καὶ
3512 1824 3657 1894 ἀρχὴ
3709 1823 3933 1874 πάντων
3974 1826 4004 1876 6

731 1927 970 1980 namque
1001 1923 1084 1965 est
1137 1927 1189 1964 et
1246 1914 1572 1980 principium
1619 1913 1864 1966 omnium
1902 1912 2092 1976 Filius,
2139 1923 2306 1982 caput
2338 1912 2370 1915 —
2407 1921 2421 1970 t

2338 1912 2370 1915 —
2407 1919 2575 1981 Θιός·
2611 1919 2820 1986 κεφαλὴ
2861 1919 2916 1971 δέ
2954 1921 3074 1971 ἐστι
3107 1918 3203 1970 τοῦ
3257 1916 3498 1986 Χριστοῦ
3542 1919 3570 1969 ὁ
3619 1916 3772 1976 Θεός.
3807 1916 4003 1978 Οὕτως

726 433 828 491 347

732 2013 917 2054 autem
950 2001 1153 2055 Christi
1197 2001 1354 2052 Deus.
1394 2002 1468 2054 Ita
1506 2002 1651 2054 enim
1691 2003 1756 2054 ad
1803 2017 1972 2054 unum
2023 2001 2182 2055 initio
2212 2015 2306 2056 ca-

735 2107 864 2144 rens
916 2107 1100 2144 rertnn
1152 2093 1398 2144 omnium
1438 2093 1794 2160 principium,
1827 2108 1925 2159 per
1968 2091 2168 2145 Filium
2217 2091 2306 2160 pie

735 2184 918 2235 omnia
961 2181 1274 2235 referimus.
1311 2186 1388 2234 Ac
1423 2184 1606 2238 denuo
1651 2182 2062 2238 Christianismi
2094 2183 2308 2237 certius

735 2273 1155 2340 accuratiusque
1205 2275 1534 2328 sententiam
1587 2277 1967 2344 inquirentes,
2021 2275 2303 2329 dicimus:

739 2364 794 2419 Si
821 2366 944 2434 quis
975 2367 1250 2420 Christum
1276 2367 1460 2421 Jesum
1498 2367 1694 2420 Filium
1735 2369 1830 2421 Dei
1861 2369 2308 2421 anteszecularetu

740 2455 1062 2510 inserviisse
1109 2458 1254 2510 Patri
1295 2459 1346 2510 in
1382 2473 1567 2511 rerum
1601 2458 1985 2512 universarum
2031 2458 2310 2512 creatione

738 2561 850 2599 non
883 2549 1049 2608 dicat,
1087 2549 1181 2602 sed
1225 2565 1288 2601 cx
1334 2565 1444 2618 quo
1489 2549 1655 2601 Maria
1688 2549 1908 2617 genitus
1935 2559 2040 2610 est,
2081 2559 2191 2602 tum
2227 2547 2314 2601 Fi-

740 2637 876 2690 lium
917 2649 969 2692 et
999 2639 1281 2694 Christum
1325 2651 1578 2694 vocatum
1626 2661 1767 2708 esse,
1800 2651 1855 2693 et
1886 2640 2218 2709 principium
2252 2648 2313 2693 ut

741 2730 888 2785 Deus
933 2743 1080 2785 esset
1137 2734 1239 2801 (1),
1293 2737 1526 2802 cmpiSse
1573 2747 1820 2800 asserat,
1875 2737 1964 2790 ille
2017 2735 2314 2788 anathema

743 2831 865 2876 esto
907 2841 920 2876 :
970 2825 1131 2879 sicuti
1190 2825 1581 2882 Samosatenus
1619 2830 1839 2884 Paulus.
1878 2830 2028 2884 Fidei
2081 2829 2313 2883 formula

2409 2012 2518 2082 γὰρ
2544 2015 2624 2074 εἰς
2660 2013 2788 2081 μίαν
2814 2011 3049 2080 ἄναρχον
3073 2009 3182 2063 τῶν
3210 2011 3348 2063 ὅλων
3380 2009 3559 2078 ἀρχὴν
3586 2010 3655 2061 δι’
3684 2009 3815 2060 Υίοῦ
3845 2009 4004 2059 εὐσε-

2409 2104 2519 2166 ϐῶς
2552 2103 2620 2155 τὰ
2651 2104 2826 2155 πάντα
2857 2104 3152 2170 ἀνάγομεν.
3182 2103 3292 2154 Καὶ
3323 2100 3487 2154 πάλιν
3523 2101 3617 2152 οῦν
3650 2100 3970 2168 διακριϐοῦν

2409 2208 2500 2252 τες
2531 2190 2624 2242 τοῦ
2657 2190 3086 2258 Χριστιανισμοῦ
3133 2191 3234 2259 τὴν
3275 2189 3486 2242 ἔννοιαν
3510 2230 3523 2254 ,
3552 2189 3805 2258 λέγομενὁ
3839 2192 3924 2241 ὅτι
3955 2188 4012 2240 εἴ

2410 2299 2494 2344 τις
2518 2282 2754 2351 Χριστὸν
2780 2281 2987 2348 Ἰησοῦν
3016 2281 3141 2332 Υἱὸν
3173 2281 3266 2332 τοῦ
3289 2281 3426 2333 Θεοῦ
3467 2281 3572 2349 πρὸ
3604 2281 3817 2332 αἰώνων
3849 2283 4008 2341 ὂντα,

2413 2373 2806 2443 ὑπυργηκότα
2845 2372 2921 2438 τῷ
2951 2374 3127 2440 Πατρὶ
3173 2373 3252 2433 είς
3287 2372 3387 2443 τὴν
3419 2373 3528 2424 τῶν
3561 2372 3702 2425 ὅλων
3734 2373 4010 2440 δημιουρ-

2412 2467 2539 2535 γίαν
2572 2467 2646 2536 μή
2681 2466 2849 2533 λέγοι,
2880 2463 2995 2517 ἀλλ’
3031 2465 3091 2528 ἐξ
3128 2458 3190 2516 οῦ
3231 2465 3497 2532 ἐγεννήθη
3529 2467 3592 2516 ἐκ
3626 2465 3869 2531 Μαρίας,
3906 2464 4004 2515 ἐκ-

2413 2574 2535 2611 τοτε
2567 2560 2659 2611 καὶ
2688 2557 2815 2609 Υἱὺν
2853 2557 2948 2609 καὶ
2973 2556 3211 2625 Χριστὸν
3243 2541 3568 2623 κεκλῆσθαι,
3596 2557 3690 2608 καὶ
3719 2555 3894 2624 ἀρχὴν
3929 2556 4010 2606 εί-

2414 2650 2645 2719 ληφέναι
2669 2649 2764 2701 τοῦ
2787 2648 2922 2699 Θεὸν
2949 2644 3111 2712 εἶναι,
3145 2648 3396 2717 ἀνάθεμα
3438 2647 3602 2711 ἔστω,
3639 2648 3712 2708 ὼς
3762 2649 3790 2699 ὁ
3827 2647 4010 2713 Σαμοο

2418 2741 2635 2799 σατεύς.
2682 2739 2903 2808 Ἐπειδὴ
2933 2741 3060 2806 περὶ
3111 2739 3348 2800 πίστεως
3386 2738 3536 2800 ἔδοξέ
3571 2755 3692 2789 τινα
3718 2737 4012 2804 διάσκεψιν

2416 2831 2770 2899 γεγενῆσθαι,
2801 2831 2895 2882 καὶ
2951 2831 3128 2884 πάντα
3161 2829 3424 2897 ἀσφαλῶς
3456 2827 3697 2897 ὲζητήθη
3726 2828 3821 2880 καὶ
3851 2828 4010 2896 διηρ-

744 2917 906 2970 aliter
938 2918 1080 2985 apud
1109 2917 1367 2971 Sirmium
1398 2919 1589 2974 Latine
1612 2921 1784 2983 edita,
1807 2933 1863 2974 et
1886 2921 2072 2976 Graece
2101 2935 2258 2974 versa
2298 2936 2312 2971 :
2423 2944 2434 2995 ι

2423 2923 2670 2995 μηνεύθη
2708 2925 2767 2976 ὲν
2818 2923 2896 2991 τῷ
2929 2923 3148 2992 Σιρμίῳ
3201 2924 3295 2974 ἐπὶ
3329 2921 3607 2991 παρουσίᾳ
3666 2920 4009 2985 Οὐάλεντος,

745 3008 1200 3077 Quandoquidem
1238 3011 1416 3064 visum
1453 3024 1558 3074 est,
1597 3021 1657 3065 ut
1690 3014 1757 3067 de
1789 3013 1894 3066 fide
1930 3013 2316 3067 considerare—
2421 3018 2435 3067 1

2421 3016 2754 3085 Οὐρσακίου,
2800 3015 2900 3066 καὶ
2931 3014 3262 3084 Γερμηνίου,
3294 3013 3390 3064 καὶ
3423 3011 3533 3063 τῶν
3576 3010 3805 3064 λοιπῶν.
3841 3011 4011 3062 Συνέ-

749 3110 858 3162 tur,
896 3103 1080 3154 omnia
1111 3113 1264 3155 certo
1293 3104 1565 3171 exquisita
1601 3115 1655 3158 et
1681 3105 1930 3173 exposita
1960 3115 2089 3158 sunt
2127 3104 2315 3158 Sirmii
2421 3124 2439 3158 ι

2421 3124 2621 3176 στηκεν
2643 3107 2736 3158 ἕνα
2763 3105 2900 3157 Θεὸν
2935 3102 3077 3156 εἶναι
3114 3105 3333 3173 Πατέρα
3354 3105 3799 3172 παντοκράτορα,
3823 3101 4011 3164 καθὼς

747 3190 913 3261 754
957 3193 1011 3244 in
1049 3193 1338 3261 przrsentia
1367 3195 1630 3256 Valentis,
1676 3195 1906 3255 Ursacii,
1937 3193 2203 3249 Germinii
2261 3202 2318 3247 et
2346 3185 2389 3241 C
2424 3215 2437 3248 ι

2346 3185 2389 3241 C
2424 3198 2518 3250 καὶ
2551 3198 2609 3248 ἐν
2645 3195 2792 3264 πάσῃ
2834 3196 2899 3262 τῇ
2927 3193 3220 3262 οἰκουμένῃ
3271 3192 3709 3258 καταγγέλλεται
3732 3208 3747 3223 ο
3784 3193 3878 3243 καὶ
3914 3193 4009 3244 ἕνα

751 3284 1093 3349 reliquorum
1146 3303 1160 3337 :
1214 3286 1463 3339 constitit
1514 3287 1698 3354 itaque
1757 3302 1925 3338 unum
1973 3301 2093 3340 esse
2148 3286 2317 3339 Deum
2426 3304 2441 3354 ι

2426 3285 2692 3354 μονογενῆ
2730 3282 2896 3334 αὑτοῦ
2949 3282 3077 3333 Υίδν
3125 3281 3332 3348 Ἰησοῦν
3360 3281 3622 3350 Χριστὸν,
3653 3281 3746 3333 τὸν
3796 3280 4010 3348 Κύριον

753 3371 969 3424 Patrem
1014 3374 1467 3441 omnipote‘ntem,
1499 3376 1964 3443 quemadmodum
2002 3386 2058 3429 et
2090 3377 2143 3431 in
2192 3377 2320 3430 uni-
2423 3394 2443 3427 δ

2423 3377 2520 3427 καὶ
2564 3374 2695 3426 Θεὸν
2736 3375 2834 3425 καὶ
2862 3373 3097 3440 Σωτῆρα
3126 3372 3309 3440 ήμῶν,
3341 3371 3405 3435 ἐξ
3449 3371 3619 3424 αὑτοῦ
3661 3372 3768 3442 πρὸ
3793 3372 4016 3423 αἰώνων

751 3480 913 3517 verso
943 3465 1078 3517 orbe
1108 3466 1490 3518 aununtiatur.
1528 3465 1598 3520 Et
1627 3481 1797 3518 unum
1831 3467 2175 3534 unigenitum
2203 3468 2323 3537 ejus
2424 3484 2441 3534 π

2424 3465 2774 3534 γεννηθέντα.
2798 3465 2902 3515 Δῦο
2923 3464 2978 3516 δὲ
3011 3463 3181 3524 Θεοὺς
3217 3463 3292 3532 μή
3324 3465 3524 3533 χρῆναι
3557 3464 3780 3530 λέγειν’
3814 3463 4013 3522 ἐπειδὴ

753 3555 951 3608 Filium
1006 3555 1191 3608 Jesum
1231 3557 1536 3616 Christum,
1593 3557 1887 3610 Dominum
1944 3565 2000 3610 et
2045 3558 2220 3611 Deum
2269 3563 2325 3609 et
2421 3577 2443 3612 3

2421 3558 2521 3612 καὶ
2553 3557 2720 3617 αὐτὸς
2763 3555 2991 3623 εἴρηκεν
3023 3554 3051 3605 ὁ
3081 3553 3294 3622 Σωτὴρ,
3334 3555 3668 3622 Πορεύομαι
3709 3554 3861 3620 πρὸς
3910 3555 4019 3607 τὸν

759 3646 1113 3698 Servatorem
1151 3655 1424 3708 nostrum,
1458 3663 1524 3699 ex
1568 3663 1634 3700 eo
1666 3657 1793 3700 ante
1825 3646 2022 3700 saecula
2055 3649 2322 3714 genitum.

759 3733 879 3786 Non
912 3745 1092 3786 autem
1137 3734 1278 3786 duos
1314 3744 1570 3803 oportere
1619 3725 1798 3790 dicere
1831 3737 1970 3789 Deos
2007 3754 2021 3789 :
2054 3737 2325 3805 siquidem

765 3837 813 3876 et
851 3826 967 3892 ipse
1001 3825 1258 3878 Servatur
1289 3827 1429 3879 dixit
1464 3844 1479 3880 :
1532 3827 1678 3880 Vada
1717 3827 1787 3880 ad
1813 3827 2032 3880 Patrem
2073 3843 2247 3880 meum
2280 3837 2329 3881 et

769 3917 986 3966 l’alrem
1011 3923 1259 3976 vestrum,
1287 3928 1334 3968 et
1353 3917 1520 3970 Deum
1545 3934 1720 3969 meum
1749 3927 1798 3970 et
1827 3919 1996 3971 Deum
2026 3929 2256 3973 vestrum
2282 3921 2326 3973 '.

765 4007 996 4073 Propter
1025 4009 1169 4074 quod
1210 4017 1265 4059 et
1305 4010 1549 4061 omnium
1583 4009 1726 4063 Deus
1753 4021 1863 4073 est,
1902 4012 2067 4064 sicuti
2095 4011 2331 4080 Aposto-

763 4097 850 4149 lus
890 4113 1109 4164 quoque
1166 4099 1396 4151 docuit:
1433 4100 1516 4151 An
1561 4099 1869 4152 Judworum
1904 4100 2041 4154 Deus
2078 4103 2333 4155 tantum?

766 4203 870 4238 non
913 4198 1090 4241 autent
1135 4197 1184 4240 et
1222 4191 1504 4256 gentium?
1554 4191 1788 4259 profecto
1823 4193 2059 4262 gentium
2107 4210 2331 4263 quoque.

766 4277 1032 4347 Siquidem
1062 4296 1196 4332 unus
1229 4280 1390 4346 Deus,
1416 4283 1506 4351 qui
1537 4281 1854 4351 justiﬁcabit
1881 4285 2334 4339 circumcisionem

768 4384 832 4420 ea:
858 4369 958 4434 [ide
987 4368 1027 4420 ³.
1063 4368 1128 4422 Ει
1160 4371 1369 4438 reliqua
1412 4372 1637 4439 quidem
1669 4373 1853 4427 omnia
1894 4390 2137 4428 consona
2181 4384 2333 4440 sunt,

2426 3649 2661 3714 Πατέρα
2703 3663 2844 3714 μου,
2892 3645 2989 3698 καὶ
3033 3646 3272 3712 Πατέρα
3315 3644 3504 3713 ὑμῶν,
3551 3646 3648 3700 καὶ
3685 3648 3836 3699 Θεόν
3869 3665 4018 3714 μου,

2428 3735 2526 3788 καὶ
2561 3736 2712 3786 Θεὸν
2754 3731 2941 3799 ὑμῶν.
2978 3733 3077 3784 Διὰ
3112 3733 3272 3784 τοῦτο
3306 3736 3402 3786 καὶ
3441 3734 3662 3786 πάντων
3694 3735 3829 3795 Θεὸς
3866 3737 4016 3794 ἐστι,

2430 3826 2615 3887 καθὼς
2652 3827 2797 3877 καὶὸ
2848 3825 3175 3887 Ἀπὸστολος
3229 3824 3505 3889 ἐδίδαξενο
3563 3828 3642 3879 Ἦ
3707 3827 4024 3880 Ἰουδαίων

2429 3919 2642 3987 μόνον,
2676 3915 2814 3982 οὐχί
2841 3915 2910 3966 δὲ
2939 3915 3038 3967 καὶ
3077 3913 3305 3979 sar-(iw;
3332 3917 3432 3968 ναὶ
3464 3916 3563 3968 καί
3604 3917 3826 3970 ἐθνῶνο
3850 3918 4025 3984 ειπερ

2432 4005 2521 4075 εἷς
2583 4007 2747 4073 Θεὸς,
2779 4006 2847 4072 ὃς
2889 4005 3190 4058 δικαιώσει
3241 4006 3569 4075 περιτομὴν
3613 4009 3682 4061 ἐκ
3728 4010 4016 4072 πίστεως.

2436 4102 2545 4154 Καὶ
2571 4100 2638 4152 τά
2672 4100 2770 4166 μὲν
2811 4098 2974 4148 λοιπά
3023 4098 3202 4150 πάντα
3264 4102 3571 4164 συμφωνεῖ,
3605 4102 3702 4151 καὶ⁵
3752 4101 4021 4167 οὐδεμίαν

2436 4190 2768 4261 ἀμφιϐολίαν
2799 4189 2912 4256 ἔχει
2941 4203 2956 4221 '
2987 4189 3111 4240 ἐπεὶ
3151 4187 3208 4239 δὲ
3243 4188 3475 4250 πολλούς
3505 4206 3658 4251 τινας
3690 4193 3833 4243 κινεῖ
3891 4193 4027 4258 περὶ

2436 4285 2534 4353 τῆς
2575 4282 2872 4350 λεγομένης
2927 4279 3228 4349 Ῥωμαϊστὶ
3274 4282 3688 4345 σουνσταντίας,
3743 4282 4029 4349 ἑλληνιστὶ

2435 4375 2494 4428 δὲ
2545 4373 2847 4443 λεγομένης
2901 4373 3107 4434 οὐσίας,
3152 4373 3437 4424 τουτέστιν
3487 4373 3576 4424 ἵνα
3626 4374 4030 4442 ἀκριϐέστερον

767 4468 823 4511 et
865 4460 997 4512 nihil
1045 4463 1247 4516 habent
1292 4463 1467 4515 dubii.
1517 4462 1788 4528 Quoniam
1838 4479 1970 4519 vero
2025 4467 2333 4534 permultos
2364 4483 2457 4562 οη

2364 4509 2408 4562 D
2439 4464 2656 4533 γνωσθῇ
2689 4464 2750 4516 τὸ
2770 4463 3132 4532 ὁμοιοούσιον,
3153 4462 3274 4530 ἤτοι
3300 4462 3361 4512 τὸ
3391 4463 3686 4530 λεγόμενον
3711 4463 4025 4529 ὁμοοῦσιον·

769 4562 951 4604 movet
983 4555 1304 4607 substantiaa
1332 4555 1587 4621 verbum,
1624 4557 1729 4610 hoc
1773 4566 1857 4611 est
1892 4562 1976 4627 (ut
2010 4559 2220 4613 certius
2250 4559 2332 4613 iu-

772 4644 1066 4715 telligatur)
1101 4647 1162 4697 τὸ
1196 4647 1556 4713 ὁμοιοούσιον,
1593 4648 1762 4702 simili
1797 4649 2184 4714 substantiale,
2219 4650 2335 4704 sive

769 4734 830 4784 τὸ
868 4735 1179 4800 ὁμοούσιον,
1236 4736 1729 4801 consubstantiale,
1780 4739 2054 4793 neminem
2108 4755 2336 4808 prorsus

773 4829 1110 4880 mentionem
1144 4829 1448 4882 dictionum
1481 4845 1672 4882 earum
1703 4829 1902 4893 facere,
1944 4845 2123 4899 neque
2151 4847 2246 4884 eas
2279 4831 2336 4883 in

777 4915 1015 4968 Ecclesia
1053 4917 1254 4970 docere
1295 4927 1539 4985 oportet,
1572 4927 1798 4987 propter
1845 4922 1982 4973 banc
2028 4935 2249 4974 causam
2283 4928 2339 4974 et

777 5007 1060 5072 rationem,
1095 5008 1241 5075 quod
1288 5009 1341 5061 in
1387 5009 1588 5063 divinis
1632 5008 1934 5079 Sc’ripturis
1973 5011 2043 5065 de
2091 5014 2159 5066 iis
2205 5012 2343 5066 scri-

766 5108 931 5164 ptum
985 5115 1091 5152 non
1133 5100 1222 5162 sit,
1256 5110 1313 5153 et
1354 5110 1573 5169 captum
1626 5101 1880 5155 humanae.
1930 5104 2128 5155 mentis
2156 5112 2213 5155 et
2253 5117 2345 5155 co-

779 5189 1043 5256 gnitionis
1075 5192 1345 5244 escedant
1386 5211 1398 5244 :
1443 5195 1702 5261 quodque
1738 5208 1899 5246 nemo
1925 5193 2336 5261 generationem

783 5277 907 5331 l-‘ilii
960 5281 1237 5347 explicare
1291 5283 1504 5349 possit,
1554 5283 2018 5351 quemadmodum
2073 5285 2341 5351 scriptum

782 5377 886 5428 cst,
911 5367 1316 5423 Cenerationem
1345 5373 1456 5441 ejus
1478 5374 1592 5441 quis
1625 5374 1896 5425 euarrabit
1921 5374 1984 5426 ‘?
2015 5373 2128 5427 Soli
2159 5385 2343 5428 autem

786 5457 931 5511 Patri
969 5461 1320 5516 manifestum
1349 5473 1452 5526 est,
1487 5464 1763 5531 quomodo
1797 5464 1992 5516 Filium
2024 5466 2211 5532 genuit
2246 5482 2258 5517 :
2291 5473 2347 5516 et

787 5548 914 5600 item
966 5550 1121 5617 FlliO,
1157 5555 1433 5621 quomodo
1474 5555 1587 5623 ipse
1618 5557 1835 5623 genitus
1866 5555 1935 5606 sit
1968 5572 1996 5607 a
2031 5555 2210 5608 l’atre.
2247 5554 2349 5608 Ne-

2439 4557 2500 4609 οὑ
2559 4555 2665 4646 χρζή
2713 4569 2836 4605 τινα
2882 4551 3164 4614 παντελῶς
3201 4552 3410 4604 τούτων
3466 4553 3690 4622 μνήμην
3742 4553 4026 4619 γενέσθαι,

2440 4648 2559 4701 οὐδὲ
2582 4643 2711 4716 πὲρι
2741 4645 2945 4698 τούτων
2972 4643 3292 4711 ἐξηγεῖσθαι
3322 4647 3390 4714 τῇ
3428 4644 3756 4716 Ἐκκλησίᾳο
3779 4644 3870 4697 δια
3889 4646 4029 4696 ταύ-

2440 4757 2540 4810 την
2571 4739 2688 4807 [τὴν
2731 4737 2914 4789 αἰτίαν
2953 4737 3048 4787 καὶ
3073 4735 3163 4788 διὰ
3201 4735 3392 4788 τοῦτον
3424 4738 3515 4788 τὸν
3545 4735 3927 4804 λογισμὸν,ὅτι
3968 4741 4032 4789 ὲν

2442 4833 2562 4892 ταῖς
2593 4829 2763 4890 θείαις
2795 4827 3034 4896 Γραφαῖς
3063 4827 3122 4878 οὑ
3152 4829 3463 4897 γέγραπται
3501 4828 3631 4898 περὶ
3654 4829 3860 4881 τούτων
3892 4845 3910 4862 ο
3934 4832 4032 4880 καὶ

2443 4925 2524 4975 ὃτι
2558 4921 2732 4974 ταῦτα
2760 4920 2901 4986 ὑπὲρ
2939 4919 3039 4987 τήν
3074 4918 3182 4969 τῶν
3216 4919 3522 4985 ἀνθρώπων
3550 4919 3755 4986 γνῶσιν
3802 4923 3900 4972 καὶ
3937 4921 4033 4972 τὸν

2451 5009 2792 5080 ἀνθρώπινον
2843 5005 2970 5059 νοῦν
3015 5007 3132 5058 ἐστι
3156 5021 3170 5037 ο
3209 5006 3307 5058 καὶ
3345 5009 3427 5058 ὅτι
3453 5007 3630 5067 οὐδεὶς
3671 5005 3897 5058 δύναται
3928 5007 4033 5076 τὴν

2433 5105 2644 5171 γενεάν
2675 5097 3060 5168 διηγήσασθαι,
3093 5098 3276 5160 καθὼς
3308 5098 3644 5167 γέγραπταιο
3674 5098 4038 5167 Τὴνγενεὰν

2444 5193 2630 5249 αὑτοῦ
2680 5193 2773 5254 τίς
2811 5188 3160 5256 διηγήσεται
3188 5207 3208 5252 ;
3237 5191 3415 5243 Μόνον
3452 5190 3509 5242 δὲ
3551 5191 3748 5242 εἰδέναι
3786 5191 3879 5241 τὸν
3915 5191 4035 5242 Πα-

2443 5289 2577 5356 τέρα
2607 5282 2838 5354 φανερόν
2872 5282 2985 5332 ἐστι
3013 5281 3133 5343 πῶς
3164 5283 3252 5334 τὸν
3292 5282 3412 5334 Υίὸν
3445 5282 3704 5351 ἐγέννησε
3731 5296 3744 5310 ·
3775 5283 3874 5334 καὶ
3915 5284 4034 5334 πά-

2446 5378 2530 5429 λιν
2560 5377 2652 5426 τὸν
2684 5375 2831 5434 Υἱὸν,
2862 5372 2977 5434 πῶς
3006 5373 3170 5435 αὐτὸς
3192 5373 3515 5442 γεγέννηται
3543 5373 3650 5424 ἀπὸ
3676 5371 4035 5442 τοῦιΠατρός.

2452 5466 2639 5520 Οὐδενὶ
2669 5465 2724 5516 δὲ
2752 5462 3055 5530 ἀμφίϐολόν
3081 5465 3199 5516 ἐστι
3232 5462 3463 5530 μείζονα
3515 5457 3655 5512 εἶναι
3684 5460 3774 5511 τὸν
3806 5461 4039 5527 Πατέρα.

2453 5561 2582 5625 τιμῇ
2633 5556 2729 5608 καὶ
2771 5555 2898 5622 ἀξίᾳ
2931 5556 3025 5605 καὶ
3067 5554 3280 5624 θεότητι
3308 5570 3321 5584 ⁸
3376 5555 3470 5607 καὶ
3511 5552 3660 5621 αὐτῷ
3689 5553 3767 5623 τῷ
3798 5555 4038 5623 ὀνόματι

861 5671 874 5698 ¹
905 5672 1190 5738 Joan.xiv,
1216 5672 1301 5728 16.
1379 5676 1397 5704 ⁸
1428 5671 1659 5726 ibid.?.8.
1741 5672 1761 5702 ³
1790 5672 1943 5746 item.
1988 5687 2067 5727 ut.
2102 5668 2191 5722 ‘29.
2269 5671 2288 5700 ⁸
2332 5670 2435 5724 lsa.
2473 5687 2588 5736 Llll,
2627 5672 2678 5723 8.

863 5834 938 5899 (ι)
976 5829 1079 5881 Τοῦ
1115 5829 1248 5882 Θεοῦ
1289 5825 1447 5893 εἶναι,
1475 5839 1529 5880 ut
1560 5827 1652 5880 Dei
1684 5838 1835 5880 esset.
1873 5826 2084 5881 Sperat.
