4286 6438
341 405 405 464 ’ῖῖ
1236 418 1841 480 EtICLESlASTlCAE
1883 422 2272 483 HISTORLE
2320 427 2460 487 ΗΒ.
2512 429 2612 491 IX.

3459 436 3569 504 378

304 522 484 589 ἔλεγε,
514 521 735 591 πρῶτον
769 524 869 594 μὲν
911 526 979 580 τὰ
1021 529 1279 599 περὶτῆς
1329 532 1568 596 πίστεως
1604 534 1887 606 ἀμφισὸηο
1917 543 1961 600 Α
1994 552 1996 587 i

1873 567 1887 577 -
1917 543 1961 600 Α
1994 537 2124 592 tiam
2182 558 2336 596 suam
2386 560 2444 597 se
2479 554 2859 613 pertracturos
2891 562 3012 603 esse
3062 549 3433 617 confidebant,
3474 553 3565 609 illo

301 615 546 681 τοὺμενα
572 615 837 668 διαλύεινο
871 618 926 681 ἐς
959 616 1186 685 ὕστερον
1210 622 1266 675 δὲ
1293 623 1600 692 σκέψασθαι
1634 627 1728 680 καὶ
1759 629 1890 697 περὶ

299 701 375 757 ἄν
400 707 580 760 ἁλὶων
614 713 755 763 κατᾶ
793 711 1029 775 θεσμοὺς
1072 714 1403 787 Ἐκκλησίας
1430 719 1530 771 Bal"
1562 720 1645 773 ἐτι
1679 721 1738 774 δέ
1786 722 1887 775 καὶ

306 800 438 869 περὶ
504 800 618 852 τῶν
671 801 877 865 ἀδίκως
925 807 1325 877 καθαιρεθῆναι
1381 811 1726 878 δοκούντων,
1791 815 1889 868 καὶ

303 889 630 958 ὑπερορίαις
688 895 1174 964 κατακριθέντων,
1210 895 1285 952 ὦν
1327 894 1409 965 είς
1463 903 1761 974 ἐτύγχανεν
1811 905 1888 959 ὣν

302 985 402 1031 καὶ
454 982 723 1053 Κύριλλος
778 988 807 1039 ὁ
861 987 1260 1059 Ἱεροσολύμων
1316 995 1651 1059 ἐπίσκοπος·
1709 998 1789 1051 ἔτι
1838 998 1885 1052 δ’

300 1073 602 1141 ἐρευνῆσαι
652 1077 748 1130 καὶ
800 1078 929 1141 τοὺς
965 1081 1061 1133 νῦν
1101 1083 1206 1135 ὑπὸ
1235 1084 1491 1156 ἔγκλημα
1523 1086 1883 1159 ποιουμένους

298 1164 661 1229 ἐπισκόπους.
716 1169 935 1225 Πολλῶν
975 1173 1084 1242 γὰρ
1133 1182 1463 1248 κατηγορίαι
1490 1180 1758 1248 ἐλέγοντο,
1793 1182 1886 1235 καὶ

294 1256 363 1322 δὴ
409 1262 504 1310 καὶ
532 1258 811 1327 Γεωργίου
854 1263 990 1331 παρ’
1023 1268 1363 1334 Αἰγυπτίων,
1387 1271 1463 1332 ὡς
1494 1274 1580 1344 είη
1607 1275 1887 1342 ἁρπαγαῖς

297 1352 513 1415 χαίρων
544 1352 654 1403 τῶν
684 1354 1011 1423 ἀλλοτρίων,
1037 1358 1133 1409 καί
1158 1375 1324 1410 τινων
1352 1360 1582 1431 ὓΰρεων.
1616 1366 1886 1434 ’Υστερον

292 1439 354 1490 δὲ
402 1442 537 1493 δέκα
576 1445 927 1514 ἑκατέρωθεν
965 1450 1357 1519 ἐπιλεγέντας,
1392 1452 1460 1505 τὰ
1519 1457 1885 1525 πεπραγμένα

296 1531 517 1598 βασιλεί
560 1537 830 1608 καθιστᾷν
867 1539 1027 1606 δῆλα.

1992 633 2242 703 proviso.
2301 644 2361 688 ιιι
2418 651 2487 689 ne
2526 637 2757 691 calculis
2802 641 3051 694 onmium
3089 641 3315 697 haeresis
3365 658 3561 699 eorum

1990 726 2378 782 damnaretur.
2432 729 2560 785 Haec
2613 733 2845 801 agebant
2880 750 2979 803 per
3021 737 3343 790 eunuchum
3392 738 3565 793 Euse-

1988 818 2170 883 bium,
2211 819 2583 888 imperatoria:
2613 831 2727 877 tum
2761 826 2900 879 aula:
2937 827 3280 895 pru'fectttm,
3313 829 3564 883 Eudoxio

1989 925 2155 980 quam
2186 912 2420 969 maxime
2445 918 2864 983 assentientem,
2911 929 2968 974 et
2987 921 3126 974 alios
3150 922 3443 989 quosdam,
3468 923 3561 991 qui

1990 1001 2345 1070 magistratus
2377 1013 2433 1058 et
2464 1006 2703 1061 honores
2737 1020 3017 1075 gerentes,
3050 1021 3105 1063 et
3139 1012 3314 1079 gratia
3352 1012 3565 1080 pollen-

1993 1102 2095 1157 tes,
2141 1111 2208 1149 ex
2264 1099 2541 1154 sententia
2592 1101 2778 1156 omnia
2827 1104 3212 1172 perficiebant.
3264 1106 3306 1159 Α
3359 1104 3563 1174 quibus

1990 1199 2290 1254 persuasus
2334 1188 2714 1257 Constantius,
2758 1196 2991 1264 perinde
3037 1208 3202 1264 atque
3252 1197 3563 1250 incommo-

1989 1278 2122 1333 dum
2155 1282 2320 1336 simul
2351 1292 2407 1339 et
2437 1286 2755 1353 reipublicae
2785 1296 3013 1357 prepter
3045 1304 3237 1358 graves
3262 1291 3561 1357 impensas,

1987 1379 2043 1424 et
2092 1373 2227 1441 ipsis
2264 1374 2542 1445 episcopis
2598 1390 2825 1447 propter
2860 1379 3074 1433 itineris
3126 1378 3562 1448 magnitudinem

1985 1471 2154 1526 esset,
2212 1465 2256 1516 si
2317 1467 2371 1518 in
2425 1469 2620 1523 eodem
2670 1471 2793 1525 loco
2846 1473 3232 1535 convenirent,
3290 1472 3560 1541 synodum

1983 1550 2197 1621 divisit,
2260 1571 2497 1625 eamque
2556 1560 2791 1616 Arimini
2847 1575 2904 1615 et
2960 1561 3227 1617 Seleuciae
3279 1564 3562 1617 celebrare

287 1628 481 1697 jussit.
518 1630 699 1702 Atque
731 1636 785 1687 in
817 1635 1025 1691 litteris
1050 1638 1166 1693 suis
1195 1640 1511 1704 constituit,
1575 1651 1636 1696 ut
1712 1642 1950 1712 primum
1994 1654 2373 1707 controversia
2436 1654 2503 1708 de
2579 1656 2704 1711 fidei
2774 1658 3114 1727 professione
3185 1658 3559 1723 decideretur,

291 1721 502 1777 deinde
553 1729 620 1781 de
668 1728 795 1782 aliis
824 1730 1223 1787 ecclesiasticis
1291 1736 1673 1791 sanctionibus
1739 1737 2065 1795 deliberatio
2136 1747 2311 1800 tieret.
2358 1746 2496 1801 Tum
2546 1762 2728 1803 autem
2798 1752 2865 1804 de
2917 1752 2999 1804 eis
3030 1752 3122 1821 qui
3168 1766 3265 1821 per
3301 1752 3559 1822 iniuriam

289 1822 644 1874 exauctorati
703 1831 760 1875 et
806 1824 860 1875 in
897 1824 1153 1879 exsilium
1194 1827 1303 1881 acti
1344 1828 1445 1881 visi
1492 1839 1699 1893 essent,
1737 1832 1898 1902 773
1940 1833 1996 1886 in
2040 1836 2242 1904 quibus
2309 1840 2476 1893 etiam
2508 1840 2747 1912 Cyrillus
2792 1842 3299 1914 Hierosolymorum
3345 1845 3562 1913 episeo-

287 1920 398 1974 pzis
455 1909 581 1977 fuit,
635 1914 1092 1971 consultaretur:
1155 1929 1345 1989 postea
1401 1919 1470 1974 de
1523 1922 1606 1979 eis
1653 1940 1874 1995 quoque
1915 1928 2231 1998 episcopis,
2303 1935 2398 2002 qui
2474 1909 2566 1989 rei
2606 1949 2925 2006 agerentur,
2980 1909 3380 2008 inquireretur.
3431 1939 3560 1993 Per-

286 2001 451 2055 muld
481 2004 630 2058 enim
663 2010 1106 2077 accusabantur,
1138 2023 1195 2067 et
1233 2012 1304 2067 ab
1368 2011 1641 2084 Aigyptiis
1710 2018 1947 2073 maxime
1987 2018 2257 2090 Georgius
2294 2001 2485 2094 :quod
2532 2001 2749 2084 scilicet
2794 2031 3099 2086 alienorum
3155 2032 3427 2087 bonorum
3474 2047 3561 2089 ra-

284 2095 458 2187 pittis.
522 2098 836 2164 gauderet,
905 2112 962 2156 et
1027 2104 1450 2161 contumeliosis
1515 2107 1855 2177 quibusdam
1901 2112 2223 2171 hominibus
2290 2118 2684 2180 delectaretur.
2732 2124 3039 2193 Postremo,
3095 2135 3154 2180 ut
3207 2142 3307 2197 per
3363 2127 3555 2184 decem

282 2180 537 2242 delectos
574 2190 785 2260 legatos
833 2208 892 2247 se
942 2195 1010 2249 de
1042 2197 1182 2251 actis
1223 2198 1340 2253 suis
1388 2199 1685 2255 certiorem
1717 2200 1989 2262 facerent.

864 2332 1119 2387 ΚΕΦΑΛ.
1176 2337 1306 2391 AB’.

282 2437 429 2506 Περὶ
456 2436 561 2506 τῆς
579 2440 977 2528 ένςΑριμιξιψ
1006 2450 1444 2528 ςυκ-ᾀδουηὲιςῇ
1477 2459 1532 2510 ot
1556 2458 1626 2511 ἐν
1644 2459 1877 2527 ἑσπέρᾳ

560 2510 917 2581 ἀσύμφώνοι
946 2510 1073 2584 τοῖς
1097 2519 1264 2588 ἑῴοις
1289 2510 1594 2594 ἓγέθῶντὸ.

363 2622 475 2675 Καὶ
522 2625 570 2675 οἱ
609 2626 711 2694 μὲν
745 2627 1039 2683 ἐπίσκοποι
1073 2634 1433 2704 συνελέγοντο
1470 2640 1617 2694 καθὰ
1665 2641 1732 2713 δὴ
1780 2644 1874 2698 καὶ

279 2714 548 2777 ἐθέσπιζε
570 2715 825 2782 βασιλεὺς
848 2731 864 2748 ⁶
899 2722 1286 2792 προῦλάμδανε
1309 2728 1366 2781 δὲ
1398 2732 1493 2783 καὶ
1519 2733 1812 2788 συνίστατο
1839 2736 1873 2805 ἡ

278 2806 341 2856 ἐν
385 2805 680 2874 Ἀριμίνῳο
711 2809 769 2859 τὸ
800 2811 857 2864 δέ
910 2814 1189 2884 πλήρωμα
1214 2818 1424 2871 τούτων
1476 2818 1624 2893 ἦσαν
1675 2842 1876 2895 τετρα-

282 2899 466 2951 κόσιοι
505 2902 599 2952 καὶ
632 2903 830 2971 μικρν
856 2920 908 2956 τι
954 2910 1113 2974 πρὸς.
1152 2910 1275 2962 Δεῖν
1315 2910 1361 2963 δ’
1407 2913 1581 2967 ἐδόκει
1625 2918 1737 2978 τοῖς
1779 2917 1874 2988 βα-

280 2993 427 3055 ρέως
470 2995 608 3064 πρὸς
643 2996 970 3053 Ἀθανάσιον
1012 3000 1201 3070 ἔχουσι
1236 3005 1404 3075 μηδέν
1430 3025 1483 3060 τι
1520 3012 1649 3079 περὶ
1677 3011 1869 3066 τούτου

274 3086 459 3135 κ.νεῖν
481 3100 497 3113 ·
527 3085 675 3139 οὕτω
700 3090 810 3159 γὰρ
843 3091 1071 3160 ἄμεινον
1104 3096 1451 3167 ἐδοκίμαζον.
1500 3101 1656 3155 Ἐπεὶ
1688 3102 1743 3157 δὲ
1778 3107 1870 3158 καὶ

277 3174 515 3243 ζήτησις
548 3178 801 3247 είσήγετο
829 3183 958 3255 περὶ
1021 3187 1262 3250 πίστεως
1320 3191 1380 3244 ὃν
1436 3193 1541 3263 χρὴ
1590 3196 1870 3251 πιστεύειν

274 3269 532 3334 τρόπον,
586 3271 803 3341 Οὐάλης
855 3276 1092 3331 ἐνταῦθα
1134 3282 1227 3332 καὶ
1278 3282 1607 3352 Οὐρσάκιος,
1646 3286 1695 3339 οἳ
1749 3290 1869 3342 κατ’

276 3360 461 3429 ἀρχᾶς
495 3361 597 3428 μέν
627 3363 974 3422 ὑπασπισταὶ
999 3370 1097 3439 τῆς
1140 3373 1354 3442 ’Δρείου
1388 3374 1546 3446 δόξης
1596 3379 1867 3447 ἐγένοντο,

276 3452 338 3503 ἐν
404 3455 561 3523 μέσῳ
619 3455 674 3508 δὲ
726 3456 803 3527 τῷ
847 3461 1122 3532 ὁμοουσίῳ
1163 3465 1474 3531 συνέθεντο,
1533 3469 1743 3538 βιϐλίον
1791 3473 1869 3542 τῷ

275 3547 573 3616 ἐπισκόπει)
632 3548 856 3620 Ῥώμης
920 3553 1124 3624 Ἰουλίῳ
1180 3557 1573 3624 ἐπιδεδωκότες
1609 3604 1623 3628 ,
1675 3561 1868 3635 ὥσπερ

274 3638 630 3706 εἰρήκαμεν,
673 3643 760 3694 ἀεὶ
824 3647 939 3704 τοῖς
988 3650 1201 3716 καιροῖς
1250 3651 1346 3703 καὶ
1394 3654 1508 3714 τοῖς
1571 3654 1867 3724 κρατοῦσιν

272 3728 721 3801 ὐποκλινόμενοι,
753 3733 900 3788 οὗτοι
932 3740 1042 3789 δεῖν
1088 3739 1274 3808 ελεγον
1304 3742 1479 3797 ἄλλων
1511 3745 1649 3799 ἄλλα
1679 3749 1862 3800 εἰπόν-

269 3837 408 3887 των,
441 3816 533 3875 οία
563 3823 743 3892 φιλεῖ,
780 3827 958 3895 ἀργὰς
992 3831 1239 3898 νομίζειν
1285 3834 1386 3897 τὰς
1441 3838 1570 3905 περὶ
1623 3837 1865 3901 πίστεως

271 3915 559 3982 προτέρας
596 3918 839 3986 γραφάςο
878 3920 1049 3989 μόνην
1083 3924 1129 3975 δ’
1164 3924 1385 3994 ἐκείνην
1414 3930 1657 3997 κρατεῖν,
1706 3930 1772 4000 ἣν
1796 3930 1857 3983 οὑ

269 4008 383 4074 τρὸ
408 4005 611 4058 πολλοῦ
645 4010 702 4061 ἐν
730 4010 950 4082 Σιρμίῳ
983 4014 1276 4084 Ῥωμαίων
1307 4018 1526 4091 γλώττῃ
1551 4022 1862 4089 συνέθεντο,

267 4098 339 4167 ἦν
384 4099 524 4167 δῆτα
572 4100 670 4152 καὶ
707 4099 966 4168 βασιλεὺς
1014 4105 1103 4158 διὰ
1168 4107 1341 4176 τιμῆς
1396 4108 1560 4177 ἆγειο
1598 4110 1773 4181 χρεὼν
1818 4113 1864 4166 δ’

268 4186 419 4243 εἶναι
452 4192 553 4243 καὶ
588 4193 732 4259 ὑμᾶς
764 4195 857 4246 νῦν
892 4197 1218 4263 προσίεσθαι
1251 4200 1342 4252 καὶ
1390 4206 1709 4272 παραιτέρω
1760 4223 1865 4276 μη-

269 4283 364 4335 δὲν
400 4282 917 4353 πολυπραγμονεῖ-ι’
945 4285 1012 4338 ἶν’
1039 4288 1293 4343 ἐντεῦθεν
1324 4293 1419 4344 καὶ
1450 4292 1685 4363 διχόνοια
1714 4298 1863 4350 πᾶσα

269 4379 692 4448 περιαιρεθείη,
724 4381 799 4450 μὴ
841 4381 952 4434 τῶν
1000 4381 1285 4451 ὀνομάτων
1319 4385 1639 4453 ἀμφιϐόλων
1668 4385 1859 4454 ὄντων,

266 4472 500 4542 ἀκριϐεῖ
562 4472 788 4544 βασάνῳ
862 4476 1335 4545 παραδιδομένων.
1395 4477 1504 4530 Καὶ
1569 4479 1678 4547 γάρ
1746 4497 1863 4543 πως

262 4567 533 4633 κρεῖττον
560 4561 702 4618 εἶναι
751 4565 1019 4633 ἐτίθεντο,
1055 4569 1195 4638 μετά
1230 4570 1330 4638 τῆς
1377 4572 1664 4642 ἀγροικίας
1695 4571 1863 4642 ὀρθὴν

263 4659 425 4725 ἔχειν
452 4656 619 4721 δόξαν
648 4659 783 4727 περὶ
809 4658 972 4725 Θεοῦ,
1002 4660 1035 4730 ἢ
1070 4661 1340 4725 ξενίζουσι
1370 4663 1550 4731 λόγοις
1576 4662 1635 4727 ἐξ
1674 4664 1863 4735 Ἐλλη-

262 4751 433 4819 νικῆς
484 4748 817 4819 τερθρείας,
868 4751 1265 4821 ἁνεπινοήτους
1318 4754 1630 4821 ἐπεισάγειν
1663 4753 1859 4817 λέξεις.

278 4844 604 4916 ᾙνίττοντο
665 4843 725 4896 δὲ
764 4842 854 4897 διὰ
902 4845 1134 4909 τούτων,
1173 4846 1378 4915 μᾶλλον
1416 4849 1510 4900 καὶ
1565 4846 1861 4916 προφανῶς

262 4936 563 4989 διὲξαλὶρν
609 4936 710 5006 τὴν
740 4935 836 4989 τοῦ
891 4939 1183 5007 ὁμοουσίου
1215 4938 1382 5004 λέξιν,
1411 4938 1508 4991 ἅτε
1542 4937 1607 5008 δὴ
1642 4937 1718 5009 μὴ
1743 4940 1860 5001 ταῖς

262 5032 453 5099 ἱεραῖς
508 5031 903 5101 ἐμφερομένην
962 5031 1229 5101 Γραφαῖς.

258 5124 485 5192 χάρτην
532 5122 781 5190 προῆγον
809 5124 905 5174 καὶ
935 5123 1419 5191 ἀναγινώσκεσθαι
1459 5124 1624 5195 ᾔτουν
1648 5139 1663 5154 ο
1713 5125 1771 5176 ἐν

254 5215 461 5281 ὅμοιον
518 5212 620 5279 μὲν
666 5211 747 5280 τῷ
790 5212 973 5279 Πατρὶ
1010 5214 1107 5266 τὸν
1152 5213 1284 5266 Υίὸν
1318 5214 1459 5267 κατὰ
1490 5213 1591 5276 τὰς
1640 5213 1861 5282 Γραφὰς

254 5306 622 5377 εἰσηγοῦντο,
659 5307 885 5377 μνήμην
908 5307 962 5359 δὲ
995 5306 1186 5370 οὐσίας
1217 5309 1308 5361 ἐπὶ
1341 5308 1477 5361 Θεοῦ
1509 5308 1861 5361 παντάπασιν

252 5401 642 5468 ἀπηγόρευον.
674 5399 823 5468 Δῦτη
856 5400 914 5453 δὲ
960 5395 1030 5470 ἦν
1057 5399 1264 5470 ἐκείνη,
1313 5401 1381 5473 ἢν
1415 5404 1535 5454 τότε
1586 5401 1687 5471 μὲν
1732 5403 1859 5454 ἐτα-

257 5494 463 5564 μίευον
490 5531 505 5555 ,
538 5491 636 5544 νῦν
669 5491 727 5545 δὲ
782 5492 863 5551 είς
914 5493 1030 5561 φῶς
1085 5494 1350 5561 προῆγον.
1385 5485 1463 5564 1ᾙ
1504 5493 1852 5560 συνελαμϐά-

254 5602 423 5640 νοντο
462 5584 709 5651 μάλιστα
744 5584 1053 5653 Γερμάνιος
1080 5586 1178 5637 καὶ
1214 5584 1525 5650 Λὺξέντιος,
1573 5586 1668 5638 καὶ
1694 5586 1853 5648 ratio;

252 5679 358 5732 καῖ
422 5676 782 5745 Δημόφιλος·
852 5677 948 5728 καὶ
1012 5678 1197 5730 τοίνυν
1252 5678 1744 5745 ἀναγνωσθείσης,
1804 5680 1854 5729 οἱ

252 5772 519 5825 πλεῖστοι
582 5768 719 5840 μηδὲ
756 5770 1031 5839 νεωτέρας
1080 5770 1288 5823 δεῖσθαι
1342 5772 1580 5831 πίστεως
1642 5772 1707 5823 τὰ
1758 5770 1854 5824 νῦν

253 5862 599 5920 διετ-ίνοντο
627 5880 640 5893 ·
712 5864 1011 5919 ἀρκεῖσθαι
1068 5863 1123 5917 δὲ
1172 5865 1235 5923 τῇ
1278 5866 1333 5920 ἐν
1378 5864 1583 5922 Nimia
1626 5881 1853 5922 γε-ίςνη-

2519 2351 2747 2408 CAPUT
2788 2353 3030 2410 XXXIX.

2053 2461 2131 2516 De
2164 2464 2484 2538 Ariminepsi
2527 2469 2746 2535 synodo,
2786 2471 2839 2522 in
2873 2485 2977 2538 qua
3010 2469 3367 2528 Occidentales
3417 2474 3481 2526 ab

2376 2533 2737 2591 Orientalibus
2780 2533 3161 2595 dissenserunt.

2053 2645 2331 2715 Episcopi.
2369 2648 2531 2703 sicuti
2570 2650 2873 2718 imperator
2902 2653 3168 2723 jusserat,
3200 2672 3552 2718 convenere:

1979 2746 2037 2792 et
2072 2738 2307 2806 primum
2341 2741 2564 2807 quidem
2597 2742 2831 2797 Arimini
2868 2745 3247 2803 Occidentales
3280 2750 3551 2818 quadrin-

1979 2829 2127 2899 genti
2185 2839 2240 2884 et
2270 2831 2481 2900 aliquot
2515 2843 2776 2903 praetcrea
2804 2851 3058 2891 numero.
3090 2837 3159 2893 Et
3187 2841 3279 2908 qui
3308 2843 3553 2911 graviter

1980 2920 2036 2974 in
2075 2920 2438 2978 Athanasium
2469 2926 2695 2978 animati
2732 2936 2909 2993 erant,
2944 2930 3170 2984 minime
3198 2933 3445 2986 omnium
3483 2933 3551 2988 de

1978 3026 2047 3066 eo
2072 3013 2372 3083 quidquam
2404 3019 2734 3071 movendum
2760 3033 2883 3073 esse
2910 3020 3141 3084 duxere,
3166 3022 3309 3091 quod
3340 3024 3444 3077 hoc
3471 3024 3552 3079 sic

1979 3103 2323 3159 commodius
2355 3120 2476 3160 esse
2521 3116 2801 3176 putarent.
2847 3109 3120 3166 Caeterum
3156 3122 3446 3183 postquam
3481 3115 3550 3169 de

1980 3194 2117 3259 fide,
2166 3196 2442 3263 quomodo
2486 3212 2606 3251 eam
2650 3198 2889 3267 proﬁteri
2934 3204 3280 3264 conveniret,
3318 3209 3550 3274 quaestio

1976 3286 2257 3354 propOsita
2285 3295 2391 3346 est,
2425 3288 2497 3341 ibi
2535 3286 2736 3343 Valens
2769 3299 2823 3344 et
2858 3289 3145 3355 Ursacius,
3172 3294 3547 3364 qui‘primum

1975 3376 2088 3429 Arii
2115 3377 2430 3445 opinionem
2449 3377 2832 3443 defenderant,
2853 3382 3032 3435 medio
3054 3392 3238 3437 autem
3270 3394 3543 3454 tempore,

1978 3466 2164 3520 libello
2215 3468 2448 3537 supplici
2494 3470 2639 3523 Julio
2691 3470 2935 3525 Romano
2984 3474 3221 3528 antistiti
3271 3480 3437 3537 dato,
3470 3477 3548 3545 τῷ

1974 3556 2271 3627 ὁμοουσίῳ,
2289 3558 2775 3624 consubstantiali,
2795 3573 3165 3627 assenserant,
3185 3564 3546 3633 quemadmo-

1975 3647 2106 3701 dum
2142 3648 2383 3704 diximus
2412 3690 2425 3712 .
2463 3653 2804 3722 temporibus
2835 3669 2955 3709 sese
2986 3664 3039 3709 et
3075 3658 3239 3710 rebus
3284 3658 3545 3712 obtinen-

1973 3739 2122 3795 tibus
2156 3755 2376 3811 semper
2410 3746 2890 3802 accommodantes
2932 3748 3053 3803 aliis
3086 3749 3191 3804 alia
3224 3749 3385 3805 sicuti
3424 3750 3545 3806 ﬁeri

1971 3831 2113 3886 solet
2152 3834 2510 3890 censentibus
2537 3877 2550 3897 ,
2590 3836 2779 3892 dixere
2805 3880 2819 3902 ,
2859 3841 3074 3908 priores
3114 3841 3240 3895 lidei
3279 3842 3546 3901 formulas

1972 3924 2271 3978 abolendas
2299 3939 2447 3985 esse.
2500 3942 2778 3996 unamque
2814 3945 2933 3983 eam
2972 3930 3237 3987 obtinere.
3261 3944 3543 4002 oportere,

1970 4031 2093 4083 quas
2123 4030 2232 4069 non
2269 4017 2341 4070 ita
2374 4018 2584 4086 pridem
2628 4020 2816 4074 Sirmii
2859 4020 3046 4091 lingua
3091 4025 3344 4079 Romana
3391 4040 3545 4081 com-

1969 4109 2189 4176 posita,
2234 4107 2304 4160 ab
2351 4109 2469 4177 ipso
2514 4112 2682 4164 etiam
2728 4113 3062 4183 imperatore
3102 4117 3327 4186 plurimi
3361 4117 3541 4173 flaret.

1974 4199 2183 4254 Debere
2208 4202 2411 4270 quippe
2443 4203 2713 4272 synodum
2741 4221 2961 4276 quoque
2991 4207 3057 4262 de
3086 4210 3361 4264 sententia
3396 4210 3542 4264 illius

1970 4292 2372 4361 professionem
2401 4310 2521 4348 eam
2547 4297 2873 4365 approbare,
2908 4315 3087 4370 neque
3122 4302 3355 4357 ulterius
3380 4304 3544 4374 quid-

1965 4401 2128 4454 quam
2163 4387 2433 4441 euriosius
2474 4389 2731 4457 indagare
2761 4408 2775 4446 :
2811 4402 2871 4446 ut
2895 4410 2961 4448 eo
2993 4395 3156 4449 modo
3188 4398 3370 4452 omnis
3417 4398 3539 4453 dis-

1966 4479 2168 4534 eordite
2202 4481 2440 4545 occasio,
2506 4483 2687 4536 verbis
2725 4484 2862 4539 nihil
2895 4487 3135 4556 ambigui
3180 4489 3538 4554 habentibus,

1966 4589 2088 4643 quae
2136 4574 2326 4629 subtili
2390 4583 2445 4629 et
2501 4586 2756 4631 accurata
2827 4580 3209 4648 exploratione
3264 4597 3537 4652 ierpensa

1966 4676 2189 4731 essent,
2233 4666 2289 4720 in
2326 4667 2559 4723 formula
2597 4670 2848 4738 insertis,
2894 4672 3310 4742 praecidere-tur,
3373 4679 3535 4747 longe

1964 4760 2317 4829 prwstantius
2357 4776 2476 4815 esse
2507 4772 2855 4827 asserentes,
2890 4779 3016 4819 cum
3051 4766 3363 4822 rusticante
3399 4784 3538 4838 qua-

1965 4851 2088 4903 dam
2138 4859 2339 4905 rectam
2388 4851 2457 4906 de
2504 4852 2615 4906 Deo
2650 4862 2840 4907 tenere
2876 4857 3195 4925 opinionem
3222 4896 3237 4919 .
3271 4874 3435 4926 quam
3469 4875 3537 4913 ex

1965 4939 2282 4994 Grrecorum
2334 4942 2679 5007 ungameutis
2722 4942 2879 4997 novis
2926 4944 3113 5012 petitis
3155 4944 3377 5010 ve;bis,
3418 4960 3537 5014 quae

1310 5032 1496 5085 Ταῦτα
1566 5031 1818 5099 λέγοντες
1840 5072 1855 5095 ,
1888 5042 1941 5103 D
1971 5049 2079 5088 non
2115 5034 2557 5102 intelligcrcntnr
2588 5034 2853 5090 inducere
2885 5050 3002 5090 voc;

1844 5072 1855 5095 ,
1888 5042 1941 5103 ι)
1971 5049 2079 5088 non
2115 5034 2557 5102 intelligcrcntur
2588 5034 2853 5090 inducere
2885 5035 3172 5091 voeabula.
3209 5036 3421 5102 Quibus
3459 5037 3536 5091 illi

1969 5127 2134 5181 dictis
2160 5127 2393 5182 obscure
2426 5126 2747 5191 innuebant,
2781 5144 2876 5183 seu
2910 5129 3092 5197 potius
3124 5128 3407 5197 prepnlam
3440 5131 3536 5180 τοπᾼ

1966 5222 2287 5291 ὁμοουσίου,
2308 5220 2812 5277 consubstantiaiis.
2836 5222 3060 5277 verbum
3088 5237 3182 5289 per
3200 5222 3401 5276 caluum
3427 5224 3533 5275 iam

1965 5314 2480 5382 reprehenderunt,
2524 5314 2695 5369 veluti
2745 5314 2795 5367 in
2831 5314 3003 5369 sacris
3034 5313 3253 5369 Litteris
3288 5331 3323 5368 ῐ.
3368 5330 3401 5369 n
3439 5328 3535 5368 ex-

1962 5420 2238 5475 pressum.
2275 5403 2389 5459 Sub
2426 5403 2541 5457 haec
2580 5403 2750 5459 verba
2780 5404 2970 5458 charta
3006 5403 3240 5473 prclata,
3269 5403 3373 5473 legi
3409 5417 3533 5458 eam

1964 5497 2350 5567 postularunt,
2400 5496 2453 5549 in
2502 5512 2607 5565 qua
2642 5497 2877 5550 similem
2918 5496 3063 5552 Patri
3098 5495 3295 5549 Filium
3334 5509 3533 5550 secun-

1962 5593 2093 5643 dum
2127 5589 2443 5657 Seripturas
2478 5588 2773 5642 dicebant:
2805 5586 2969 5658 ’774
3013 5587 3348 5641 mentionem
3390 5600 3526 5640 vero

1962 5680 2284 5735 substantia:
2324 5678 2378 5734 in
2414 5679 2526 5734 Deo
2565 5680 2792 5732 omnino
2831 5679 2947 5732 fieri
2993 5676 3431 5741 interdigebant,
3468 5684 3528 5730 et

1963 5786 2063 5841 pro
2110 5786 2177 5825 eo
2222 5770 2457 5825 similem
2509 5785 2608 5840 per
2652 5768 2836 5823 omnia
2886 5768 3085 5824 Filium
3138 5768 3286 5822 Patri
3338 5766 3530 5834 reponi

1961 5861 2237 5920 volebant.
2274 5859 2396 5916 Ila'e
2439 5874 2603 5921 porro
2631 5858 2861 5914 formula
2892 5859 2981 5915 illa
3013 5864 3152 5915 erat.
3183 5872 3344 5917 uuam
3370 5866 3535 5913 antea.
