4286 6438
286 410 385 473 38ί

1246 422 1851 487 ECCLESIASTICJE
1894 427 2281 489 IIISTORIE
2325 430 2476 492 LIB.
2522 431 2629 491 IX.

3447 435 3553 499 382

288 529 428 593 οδος,
464 531 641 585 εἴκοσι
685 533 793 585 τῶν
828 533 1152 590 ἐπισκόπων
1182 538 1660 612 διαπεμψάμενοι,
1689 544 1875 615 γράμ-
1903 554 1947 610 Α

1857 571 1875 585 -
1903 554 1947 610 Α
1980 561 2078 599 seu
2112 554 2380 600 aeternum
2417 547 2703 603 nominare
2727 589 2740 614 ,
2778 549 2973 603 Filium
3007 559 3191 607 autem
3224 551 3317 606 Dei
3349 552 3549 622 sempi-

288 635 461 685 μασιν
494 622 721 686 οίκείοις
744 628 814 678 τά
847 627 1135 696 συμὸάντα
1164 629 1242 701 τῷ
1263 630 1480 702 βασιλεῖ
1496 636 1866 704 κατεμήνυονο

284 708 321 761 ἃ
361 712 513 765 τόνδε
544 718 827 787 περιεῖχον
864 720 959 772 τὸν
990 722 1157 775 τόπον
1180 740 1193 753 ·

1980 648 2194 690 ternum
2229 652 2425 691 vocare
2456 639 2600 693 nolle
2628 656 2640 691 :
2676 649 3002 709 certumque
3034 652 3250 711 tempus
3280 643 3407 698 huic
3440 642 3551 695 lor-

1980 726 2142 780 mnla-
2187 728 2311 782 lidei
2352 730 2657 800 praeﬁgere.
2692 731 2979 786 manifesta
3015 750 3235 803 quoque
3276 734 3551 787 calumnia

282 817 348 855 ea
377 804 628 875 judicata
669 822 756 866 est
795 812 1066 869 adversus
1102 816 1370 886 majorum
1413 818 1599 874 ﬁdem.
1670 819 1903 876 Maxime
1943 835 2076 875 vero
2144 836 2265 873 eam
2302 820 2636 877 Athanasius
2658 825 2983 879 criminatus
3014 836 3118 887 est,
3159 835 3218 879 ut
3250 827 3450 879 alicubi
3483 825 3549 878 ad

289 913 423 955 suos
446 902 697 957 scribens
724 906 987 963 ostendit.
1018 909 1084 963 Et
1115 910 1468 967 inseruissem
1501 913 1591 968 hic
1616 912 2043 969 conlutatoriam
2109 914 2230 980 ejus
2295 914 2582 983 epistolam
2604 955 2619 977 .
2696 920 2800 974 nisi
2849 922 3116 975 orationis
3181 919 3547 989 prolixitatem

290 989 551 1062 fugiens,
581 998 843 1054 studiosis
872 1018 994 1055 eam
1069 1003 1493 1075 inquirendam,
1540 1016 1704 1077 atque
1747 1024 1813 1061 ex
1870 1022 1933 1063 ea
1974 1021 2089 1059 rem
2134 1021 2352 1060 omnem
2394 1010 2868 1075 cognoscendam,
2918 1014 3306 1083 relinquerem.
3368 1012 3545 1064 Exau-

282 1088 488 1140 ctorati
526 1088 638 1154 illi,
673 1092 831 1147 sicuti
868 1093 1014 1157 dixi,
1053 1095 1345 1149 formulam
1415 1113 1602 1153 secum
1655 1098 1916 1162 ferentes,
1959 1098 2026 1152 ad
2062 1098 2441 1163 imperatorem
2473 1102 2787 1171 confugere.
2824 1102 3129 1159 Conc'lium
3170 1121 3319 1167 vero,
3350 1104 3538 1158 decem

279 1179 351 1233 ad
420 1194 549 1232 eum
615 1180 806 1252 legatis
851 1187 1167 1257 episcopis,
1218 1190 1418 1247 litteris
1473 1205 1693 1261 quoque
1748 1206 1861 1247 rem
1904 1201 2082 1246 actam
2132 1192 2467 1258 declaravit,
2518 1210 2640 1261 quae
2726 1197 2778 1249 in
2826 1196 2967 1251 hanc
3052 1197 3280 1252 formam
3331 1200 3548 1268 scripta:

278 1268 508 1323 [iterant
543 1287 557 1301 ο

900 1398 1151 1452 ΚΕΦΔΛ.
1190 1401 1279 1455 Μ’.

295 1505 635 1574 Ἐπιστολὴ
664 1508 774 1576 τῆς
806 1511 878 1565 ἐν
904 1515 1202 1581 Ἀριμήνῳ
1255 1521 1528 1575 συνόδου
1558 1524 1873 1577 Κωνστανο

643 1582 747 1647 τίῳ
771 1586 1113 1653 πεμφθεῖσα
1136 1588 1217 1654 τῷ
1234 1591 1510 1654 βασιλεῖ.

362 1710 381 1742 ι
434 1692 539 1747 Ἐκ
571 1712 629 1748 τε
662 1697 759 1765 τῆς
816 1697 911 1752 τοῦ
946 1699 1097 1767 ,Θεοῦ
1146 1702 1447 1768 κελεύσεως
1506 1706 1601 1759 καὶ
1650 1706 1745 1759 τοῦ
1773 1706 1872 1775 τῆς

276 1784 573 1848 εὐσεϐείας
612 1789 1047 1857 προστάγματος
1105 1794 1173 1845 τά
1231 1794 1403 1849 πάλαι
1432 1796 1870 1864 δογματισθέντα

277 1878 623 1944 γεγενῆσθαι
664 1882 1023 1953 πιστεύομεν.
1091 1887 1183 1950 Είς
1214 1888 1321 1958 γὰρ
1358 1888 1642 1959 Ἀρίμινον
1668 1891 1731 1942 ὲκ
1761 1907 1868 1941 πα-

280 1971 397 2023 σῶν
425 1974 537 2025 τῶν
572 1975 710 2042 πρὸς
738 1975 894 2029 δύσιν
916 1978 1133 2031 πόλεων
1173 1982 1254 2043 είς
1304 1982 1473 2035 ταυτὸ
1518 1984 1717 2044 πάντες
1753 1981 1873 2033 ὲπί-

277 2075 487 2112 σκοποι
520 2062 890 2132 συνήλθομεν,
921 2066 1010 2119 ἴνα
1040 2069 1131 2120 καὶ
1163 2068 1195 2138 ἡ
1228 2070 1414 2133 πίστις
1450 2073 1547 2141 τῆς
1572 2071 1870 2139 καθολικῆς

291 2150 633 2219 Ἐκκλησέας
665 2156 973 2226 γνωρισθῇ,
1008 2158 1101 2211 καὶ
1133 2160 1182 2211 οί
1240 2161 1493 2215 τάναντία
1543 2163 1871 2231 φρονοῦντες

275 2242 508 2309 ἔκδηλοι
537 2246 831 2312 γένωνται.
880 2247 967 2310 Ὠς
997 2250 1105 2320 γὰρ
1134 2254 1485 2307 ὲπιττλεῖστον
1514 2254 1871 2307 διασκοποῦν-

274 2353 373 2399 τες
411 2337 756 2409 εὑρήκαμεν,
790 2342 1025 2411 ἀρεστὸν
1078 2345 1254 2414 ἐφάνη
1281 2345 1377 2415 τὴν
1416 2346 1599 2401 πίστιν
1633 2349 1734 2417 τὴν
1775 2349 1866 2401 ἔκ-

275 2429 457 2480 παλαι
517 2430 913 2497 διαμένουσαν,
971 2436 1037 2501 ἦν
1086 2437 1182 2488 καὶ
1226 2438 1276 2489 οί
1322 2439 1602 2507 προφῆται
1645 2441 1739 2492 καὶ
1802 2439 1871 2492 τὰ

274 2519 602 2588 Εὖαγγέλια
652 2524 748 2575 καὶ
803 2527 851 2578 ol
890 2525 1179 2580 ἀπόστολοι
1225 2527 1313 2581 διὰ
1345 2529 1439 2581 τοῦ
1470 2530 1679 2595 Κυρίου
1713 2530 1871 2601 ἡμῶν

288 2608 480 2675 Ἰησοῦ
508 2610 753 2680 Χριστοῦ
774 2614 1073 2685 ἐκήρυξαν,
1096 2617 1190 2670 τοῦ
1215 2618 1311 2671 καὶ
1340 2620 1437 2688 τῆς
1468 2620 1565 2682 σῆς
1590 2619 1872 2690 βασιλείας

276 2700 559 2767 φρουροῦ,
600 2703 696 2753 καὶ
724 2703 823 2767 τῆς
862 2705 962 2773 σῆς
998 2707 1224 2775 ῥώσεως
1265 2708 1599 2776 προστάτου,
1628 2710 1713 2761 ἵνα
1740 2708 1870 2762 ταύ-

273 2802 384 2855 την
410 2790 790 2857 κατασχόντες
822 2794 1177 2862 φυλάξωμεν,
1223 2798 1316 2849 καὶ
1362 2798 1747 2864 φυλάττοντες,
1780 2800 1873 2867 μέ-

275 2896 374 2945 χρι
414 2882 615 2943 τέλους
642 2883 1019 2954 διατηρῶμεν.
1058 2889 1295 2944 ’Ἄτοπον
1327 2891 1436 2961 γάρ
1483 2894 1577 2945 καὶ
1609 2892 1871 2962 ἀθέμιτον

274 2970 484 3039 ἐφάνη,
510 2971 622 3023 τῶν
650 2973 829 3042 ὀρθῶς
854 2977 949 3028 καὶ
978 2977 1203 3041 δικαίως
1225 2980 1549 3049 ὡρισμένων
1578 2998 1629 3033 τι
1669 2982 1871 3051 μεταλ-

273 3064 526 3131 λάττειν,
556 3067 653 3119 καὶ
684 3066 793 3118 τῶν
828 3068 888 3119 ὲν
912 3068 1122 3140 Νικαία
1165 3074 1323 3142 κοινῇ
1369 3074 1507 3141 μετὰ
1539 3071 1633 3125 τοῦ
1666 3072 1873 3138 ἐνδοξο-

272 3158 448 3209 τάτου
514 3173 612 3211 σου
681 3160 891 3226 πατρὺς
952 3164 1049 3212 καὶ
1109 3160 1380 3229 βασιλέως
1452 3165 1869 3217 Κωνσταντίνου

273 3251 677 3320 ὲσκεμμένωνς
710 3246 785 3303 ὧν
810 3253 843 3321 ἡ
868 3252 1189 3306 διδασκαλία
1208 3256 1303 3308 καὶ
1326 3255 1387 3308 τὸ
1412 3258 1669 3326 φρόνημα
1688 3257 1870 3326 διῆλθέ

271 3360 335 3395 τε
368 3343 470 3395 καὶ
498 3342 787 3414 ἐκηρύχθη
819 3346 899 3407 είς
924 3346 1105 3408 πάσας
1139 3346 1445 3417 ἀνθρώπων
1489 3350 1658 3412 ἀκοάς
1688 3366 1743 3401 τε
1776 3350 1870 3403 καὶ

272 3437 551 3501 διανοίας,
607 3437 733 3507 ἥτις
795 3439 1099 3497 ἀντίπαλος
1157 3441 1296 3511 μόνη
1368 3442 1463 3494 καὶ
1514 3442 1715 3513 ὀλετὴρ
1774 3445 1872 3512 τῆς

288 3532 515 3601 Ἀρείου
576 3532 849 3601 αἱρέσεως
904 3532 1118 3603 ὑπῆρξε
1147 3548 1161 3563 ο
1200 3534 1269 3587 δι’
1303 3530 1368 3607 ἦς
1402 3537 1464 3588 οὐ
1511 3536 1673 3605 μόνον
1708 3537 1869 3605 αὐτὴ,

273 3623 418 3676 ἀλλὰ
458 3623 557 3676 καὶ
618 3625 674 3675 αἱ
733 3625 925 3678 λοιπαὶ
983 3626 1230 3695 αἱρέσεις
1262 3627 1690 3698 καθῃρέθησαν·
1745 3621 1870 3700 ὲνῇ

268 3717 452 3778 ὅντως
482 3715 657 3769 καὶτὸ
689 3717 1010 3786 προσθεῖναί
1036 3735 1108 3781 τι,
1144 3718 1442 3787 σφαλερὸν,
1470 3721 1564 3772 καὶ
1587 3720 1646 3772 τὸ
1675 3720 1870 3787 ἀφελέ-

272 3808 431 3870 σθαι,
466 3806 819 3860 ἑπικίνδυνον
879 3808 1139 3878 ὑπάρχει.
1188 3808 1279 3871 Ὠς
1307 3808 1467 3879 εἴπερ
1492 3811 1586 3861 καὶ¹
1640 3809 1871 3877 θάτερον

266 3899 516 3963 γένοιτο,
555 3895 717 3948 ἔσται
744 3898 858 3957 τοῖς
890 3898 1106 3965 ἐχθροῖς
1139 3898 1295 3952 ἄδεια
1349 3904 1527 3952 ποιεῖν
1555 3902 1699 3969 ἅπερ
1753 3899 1870 3968 βού-

267 3990 479 4041 λοιντο.
520 3986 688 4043 Ὅθεν
726 3990 1037 4060 υύρσάκιός
1070 4008 1131 4043 τε
1173 3993 1263 4042 καὶ
1294 3992 1533 4059 Οὐάλης,
1560 3993 1746 4059 ἐπειδὴ
1775 3994 1872 4046 καὶ

266 4085 515 4137 ἔκπαλαι
550 4085 773 4156 μέτοχοι
802 4102 861 4137 τε
910 4089 1006 4138 καὶ
1062 4086 1376 4156 σύμφρονες
1410 4086 1507 4139 τοῦ
1533 4086 1866 4157 Ἀρειανείου

265 4179 551 4248 δόγματος
618 4174 765 4249 ἦσαν
825 4178 1259 4247 καθεστηκότες,
1290 4180 1385 4231 καὶ
1436 4179 1537 4247 τῆς
1592 4178 1868 4249 ἡμετέρας

267 4272 572 4333 κοινωνίας
603 4268 968 4340 χωρισθέντες
993 4270 1410 4339 άπεφάνθησαν.
1446 4264 1551 4330 Ἶίς
1575 4270 1663 4323 ἵνα
1698 4270 1862 4340 μετά-

274 4382 513 4436 σχωσιν,
542 4363 631 4432 ἐφ’
658 4356 743 4425 οἷς
769 4361 1002 4423 ἑαυτοὺς
1050 4361 1495 4431 συνεγνώκεισαν
1542 4362 1867 4433 πλημμελήο

268 4474 507 4521 σαντας,
537 4454 829 4525 μετανοίας
859 4470 920 4507 τε
946 4455 1041 4507 καὶ
1069 4452 1406 4522 συγγνώμης
1431 4455 1618 4521 ἠξίουν
1646 4458 1830 4525 τυχεῖν
1851 4472 1864 4486 ο

264 4549 349 4612 ὡς
411 4548 507 4599 καὶ
558 4545 629 4596 τὰ
666 4542 924 4614 ἐγγραφα
956 4541 1025 4594 τὰ
1075 4542 1215 4611 ὑπὲρ
1257 4543 1483 4595 ἐκείνων
1520 4544 1866 4612 γεγενημένα

266 4639 574 4712 μαρτυρεῖ.
619 4636 700 4689 Δι’
721 4629 797 4689 ὧν
828 4635 1087 4688 ἁπάντων
1112 4634 1282 4703 φειδὼ
1314 4637 1611 4706 γεγένηται
1642 4637 1865 4690 καὶτῶν

263 4731 647 4804 ἐγκλημάτων
673 4722 1117 4796 συγγνώμηοτΗν
1135 4727 1190 4781 δὲ
1211 4729 1240 4780 ὁ
1260 4728 1448 4798 καιρὸς
1475 4729 1597 4781 καθ’
1617 4728 1676 4782 ὃν
1693 4730 1867 4782 ταῦτα

264 4830 608 4899 ἐπράττετο,
632 4825 722 4878 ὅτε
755 4826 811 4876 ὲν
836 4820 1156 4891 Μεδιολάνῳ
1196 4822 1257 4874 τὸ
1286 4824 1566 4891 συνέδριον
1608 4823 1709 4893 τῆς
1745 4840 1868 4875 συν-

261 4920 397 4973 όδου
438 4916 825 4985 συνεκροτεῖτο
849 4930 863 4945 ⁸
904 4913 1314 4983 συμπαρόντων
1349 4913 1406 4967 δὲ
1443 4915 1536 4967 καὶ
1588 4914 1698 4967 τῶν
1732 4931 1866 4983 πρε-

264 5008 563 5078 σϐυτέρων
596 5005 699 5074 τῆς
729 5004 1020 5071 Ῥωμαίων
1040 5003 1401 5073 Ἐκκλησίας,
1424 5006 1723 5072 ἐγνωκότες
1749 5005 1867 5076 ἅμα

262 5104 362 5157 καὶ
398 5101 493 5155 τὸν
533 5100 673 5167 μετά
696 5097 962 5166 τελευτὴν
1010 5095 1159 5161 ἄξιον
1197 5097 1421 5165 μνήμης
1450 5098 1867 5152 Κωνσταντῖνον

268 5196 422 5269 μετὰ
454 5192 641 5261 πάσης
686 5188 983 5259 ἀκριϐείας
1012 5192 1109 5244 καὶ
1143 5187 1448 5254 ἐξετάσεως
1494 5189 1592 5260 τὴν
1625 5207 1866 5262 συγγρα-

264 5292 477 5361 φεῖσαν
506 5287 695 5339 πίστιν
724 5284 1102 5337 ἐκτεθιικότα.
1134 5280 1358 5352 Ἐπειδὴ
1388 5282 1445 5334 δὲ
1471 5282 1546 5345 ὡς
1568 5282 1627 5348 ἐξ
1656 5282 1867 5353 ἀνθρώ-

264 5400 395 5436 πων
436 5380 659 5447 ἐγένετο
690 5374 1038 5445 βαπτισθεὶς,
1070 5376 1165 5426 καὶ
1210 5373 1357 5443 ,πρὸς
1383 5374 1482 5443 τὴν
1505 5373 1866 5445 ὀφειλομένην

264 5472 509 5544 εἰρήνην
564 5466 958 5537 ἀνεχώρησεν·
986 5465 1188 5518 ἄτοπον
1226 5459 1365 5516 εἶναι
1405 5464 1523 5532 μετ’
1564 5465 1774 5521 ἐκεῖνόν
1812 5481 1864 5516 τι

264 5564 657 5633 καινοτομεῖν,
711 5561 810 5612 καὶ
836 5557 1132 5620 τοσούτους
1166 5557 1355 5625 ἁγίους
1400 5556 1742 5627 όμολογητὰς
1769 5557 1866 5608 καὶ

266 5660 599 5731 μάρτυρας,
656 5652 786 5715 τοὺς
839 5653 933 5705 καὶ
966 5650 1063 5703 τοῦ
1113 5650 1385 5721 δόγματος
1418 5651 1773 5719 συγγραφέας
1804 5668 1863 5703 τε

263 5753 372 5811 καὶ
411 5748 652 5820 εὑρετάς
677 5747 1000 5819 ὑπεριδεῖν·
1041 5746 1267 5808 οἵτινες
1323 5745 1465 5798 κατὰ
1504 5746 1593 5797 τὸν
1634 5746 1865 5799 παλαι²ν

262 5839 733 5918 τῆςνΕκκλησίσς
763 5837 971 5909 θεσμὸν
994 5835 1091 5908 τῆς
1123 5834 1418 5904 καθολικῆς
1451 5832 1692 5898 imam;
1734 5852 1863 5907 φρτ-

2573 1401 2799 1458 CAPUT
2851 1402 2963 1457 XL.

1981 1512 2219 1585 Epistola
2261 1516 2607 1571 Arintiuensis
2643 1517 2853 1594 concilii
2886 1516 3200 1569 Constantio
3241 1518 3555 1585 imperatori

2687 1600 2862 1637 ηιιδδα.

2056 1719 2075 1752 ι
2121 1698 2186 1754 Ει
2215 1700 2310 1756 Dei
2341 1701 2539 1771 jussu,
2585 1709 2641 1755 et
2687 1699 2911 1769 pietatis
2957 1710 3062 1754 tua:
3106 1700 3387 1765 mandato,
3428 1718 3555 1772 qua:

1979 1792 2289 1862 antiquitus
2344 1792 2648 1848 constituta
2697 1802 2856 1857 sunt,
2902 1793 3202 1848 credimus.
3240 1795 3552 1848 Ariminum

1903 1865 1944 1920 Β
1976 1898 2210 1952 namque
2252 1897 2318 1937 ex
2368 1882 2628 1938 omnibus
2672 1880 2992 1937 Occidentis
3040 1884 3272 1938 urbibus
3309 1884 3551 1953 episcopi

1974 1988 2170 2029 omnes
2208 1976 2263 2028 in
2295 1975 2476 2029 locum
2511 1974 2767 2029 eumdem
2799 1975 3184 2041 convenimus,
3218 1986 3278 2030 ut
3307 1977 3469 2031 simul
3498 1985 3555 2030 et

1975 2066 2111 2120 ﬁdes
2160 2067 2421 2122 Ecclesiae
2478 2067 2767 2122 catholica:
2824 2080 3288 2137 cognosceretur,
3348 2078 3403 2123 et
3457 2069 3550 2137 qui

1974 2157 2136 2211 aliter
2179 2159 2425 2212 sentiunt
2464 2156 2740 2211 manifesti
2790 2157 3007 2211 ﬁerent.
3057 2160 3236 2227 Atque
3288 2159 3382 2212 ubi
3433 2172 3550 2211 rem

1974 2266 2194 2304 omnem
2248 2250 2341 2304 diu
2392 2250 2737 2318 multumque
2786 2251 3290 2314 consideravimus,
3346 2250 3554 2305 facien-

1974 2342 2103 2395 dmn
2135 2356 2256 2395 esse
2284 2341 2679 2409 comperimus,
2709 2348 2770 2394 ut
2794 2355 2915 2408 quae
2947 2340 3081 2395 ﬁdes
3113 2342 3423 2410 antiquitus
3450 2340 3552 2395 ob-

1975 2430 2144 2493 tinet,
2185 2439 2239 2484 et
2274 2446 2437 2499 quam
2474 2430 2760 2499 prophetae
2788 2439 2839 2484 el
2873 2432 3171 2498 Evangelia
3217 2440 3274 2485 et
3318 2433 3551 2500 apostoli

1976 2539 2077 2594 per
2122 2523 2413 2577 Dominum
2462 2531 2710 2575 nostrum
2762 2522 2949 2577 Jcsum
3000 2522 3279 2579 Christum
3332 2525 3550 2594 imperii

1975 2616 2053 2668 tui
2085 2613 2407 2676 custodem,
2440 2613 2881 2682 valetudinisque
2912 2614 3077 2668 etiam
3118 2626 3380 2677 tutorem.
3414 2631 3540 2683 pro-

1978 2708 2329 2776 mulgarunt,
2360 2722 2479 2761 eam
2515 2722 2541 2759 a
2577 2706 2881 2777 majoribus
2913 2716 3194 2775 acceptam
3240 2721 3551 2767 servemus.

1974 2808 2030 2851 et
2076 2805 2347 2852 servatam
2394 2797 2461 2851 ad
2513 2796 2679 2851 linem
2733 2812 2909 2867 usque
2955 2798 3355 2852 custodiamus.
3389 2799 3555 2868 776

1977 2889 2045 2943 Et
2086 2889 2387 2943 absurdum
2435 2888 2822 2958 aerariumque
2865 2904 2987 2944 esse
3032 2890 3383 2959 putavimus,
3429 2905 3552 2959 quae

1978 2994 2127 3038 recte
2158 2992 2215 3038 et
2245 2984 2489 3052 legitime
2524 2983 2847 3046 constituta,
2877 2993 2932 3037 et
2959 2983 3152 3037 Nicaza:
3183 2984 3554 3037 communiter

1978 3091 2083 3129 una
2143 3090 2269 3130 cum
2322 3074 2724 3144 gloriosissimo
2781 3084 3010 3145 parente
3068 3084 3163 3130 tuo
3216 3074 3551 3145 imperatore

1895 3198 1943 3261 Ο
1974 3168 2342 3223 Constantino
2368 3169 2673 3223 deliberata
2718 3181 2882 3235 sunt,
2913 3184 2978 3222 ex
3027 3168 3109 3223 eis
3142 3176 3358 3222 mutare
3393 3168 3554 3235 quid-

1977 3276 2450 3331 quamzquorum
2504 3260 2756 3314 doctrina
2811 3268 2868 3314 et
2917 3260 3188 3314 sententia
3242 3259 3311 3313 ad
3359 3274 3553 3315 omnes

1976 3351 2222 3404 omnium
2257 3351 2544 3404 hominum
2579 3364 2745 3403 aures
2771 3358 2828 3402 et
2857 3350 3071 3403 animos
3106 3350 3323 3418 vulgata
3361 3364 3554 3418 pervc-

1975 3444 2092 3506 nit,
2146 3457 2269 3511 quae
2327 3442 2454 3495 uua'
2493 3440 2610 3493 Arii
2672 3440 2923 3494 lueresim
2995 3440 3326 3509 expugnavit
3386 3449 3549 3507 atque

1975 3535 2285 3588 exstinxit:
2336 3549 2436 3603 per
2482 3548 2647 3603 quam
2701 3547 2810 3586 non
2850 3532 3025 3586 solum
3066 3546 3130 3585 ea
3176 3531 3326 3599 ipsa.
3372 3529 3466 3585 sed
3496 3540 3552 3583 ct

1974 3628 2202 3696 reliqua:
2256 3626 2494 3680 haereses
2547 3636 2676 3680 sunt
2726 3640 2973 3679 eversze:
3028 3624 3114 3677 cui
3174 3625 3399 3677 omnino
3453 3622 3539 3674 vel

1975 3720 2177 3774 addere
2217 3719 2518 3788 quidquam
2555 3732 2665 3770 non
2710 3723 2888 3768 tutum
2917 3754 2930 3777 ,
2972 3714 3058 3767 vel
3104 3715 3345 3767 adimere
3385 3711 3551 3765 etiam

1974 3811 2342 3880 periculosum
2394 3817 2493 3863 est.
2549 3808 2730 3876 Atque
2771 3806 2815 3861 si
2865 3807 3195 3859 alterutrum
3232 3806 3285 3857 in
3316 3819 3379 3858 ea
3417 3803 3550 3855 fiat:

1973 3904 2195 3958 licentia
2241 3901 2574 3956 adversariis
2620 3900 2815 3963 detur,
2863 3909 2923 3951 ut
2953 3896 3099 3966 quod
3140 3898 3327 3957 libeat,
3369 3895 3553 3948 facere

1972 3994 2051 4048 eis
2097 3994 2282 4047 liccat.
2338 3992 2574 4045 Proinde
2611 3988 2874 4043 Ursacius
2922 3999 3089 4057 atque
3136 3988 3366 4052 Valens,
3404 3986 3551 4056 quod

1968 4083 2290 4156 jamdudum
2324 4083 2722 4153 sull‘ragatores
2764 4091 2821 4134 et
2868 4081 3171 4150 participes
3217 4081 3401 4135 Ariani
3448 4081 3552 4132 do-

1974 4178 2171 4246 gmatis
2191 4175 2413 4238 fuerint,
2450 4191 2480 4229 a
2511 4178 2901 4229 communione
2930 4184 3119 4228 nostra
3153 4174 3363 4227 exclusi
3395 4183 3548 4227 sunt.

1971 4269 2053 4323 Ad
2113 4284 2275 4338 quam
2331 4276 2512 4322 tamen
2565 4268 2793 4322 admissi
2858 4275 3019 4333 sunt,
3078 4275 3436 4336 posteaquam
3490 4282 3549 4321 se

1970 4376 2187 4417 errasse
2235 4369 2659 4429 cognoverunt,
2709 4370 2878 4430 atque
2929 4370 2988 4415 ut
3041 4360 3109 4414 ad
3164 4361 3547 4427 paenitentiam

1971 4453 2415 4516 admitterentur,
2464 4468 2520 4507 et
2569 4468 2725 4507 noxa
2774 4454 3011 4523 gratiam
3044 4463 3547 4522 consequerentur,

1899 4526 1941 4582 υ
1971 4553 2318 4598 oraverunt:
2370 4543 2422 4597 id
2466 4544 2617 4613 quod
2668 4545 2937 4614 scriptum
2989 4560 3184 4600 eorum
3230 4553 3544 4601 attestatur.

1974 4636 2322 4705 Quapropter
2356 4644 2416 4689 ut
2461 4637 2517 4690 in
2562 4638 2794 4705 gratiam
2842 4638 3246 4707 reciperentur,
3291 4646 3345 4692 et
3387 4637 3546 4691 venia

1971 4732 2054 4784 eis
2080 4728 2406 4784 delictorum
2441 4728 2687 4791 daretur,
2717 4727 3100 4783 obtinuerunt.
3138 4728 3364 4783 Factum
3402 4727 3455 4782 id
3484 4744 3548 4781 ut)

1973 4831 2243 4890 tempore,
2280 4835 2405 4875 cum
2440 4819 2733 4875 Mediolani
2770 4819 3012 4890 synodus
3048 4828 3133 4873 est
3165 4827 3379 4882 coacta,
3414 4834 3537 4887 pre-

1971 4913 2211 4985 sbyteris
2256 4927 2481 4982 quoque
2534 4912 2794 4966 Romana:
2840 4910 3102 4965 Ecclesia;
3156 4912 3545 4981 praesentibus.

1970 5005 2186 5059 Norunt
2216 5004 2318 5070 illi,
2352 5020 2479 5058 eum
2526 5004 2622 5074 qui
2652 5003 2819 5058 etiam
2863 5012 2986 5072 post
3020 5002 3233 5056 obitum
3279 5002 3546 5057 memoria

1972 5098 2171 5167 dignus
2206 5104 2330 5163 est,
2371 5095 2792 5151 Constantinum
2834 5096 2983 5150 omni
3017 5096 3263 5149 adhbita
3295 5095 3547 5163 exquisi-

1970 5193 2270 5246 tiore'cura
2308 5201 2365 5246 et
2394 5190 2745 5261 diligentiore
2788 5191 3236 5260 investigatione,
3266 5188 3391 5243 ﬁdei
3423 5205 3546 5257 pro-

1972 5286 2290 5349 fessionem,
2329 5299 2451 5353 qua
2480 5283 2627 5338 edita
2659 5292 2768 5346 est,
2812 5283 3146 5352 publicasse.
3180 5282 3543 5350 Posteaquam

1970 5388 2154 5432 autem
2195 5377 2507 5446 baptizatus
2554 5376 2666 5437 ille,
2706 5376 2853 5429 inter
2899 5377 3150 5431 homines
3190 5391 3313 5431 esse
3356 5377 3539 5439 desiit,

1967 5480 2022 5524 et
2050 5471 2116 5524 ad
2151 5470 2392 5524 debitam
2426 5468 2530 5523 sibi
2557 5469 2797 5538 quietem
2829 5469 3129 5521 translatus
3161 5479 3266 5532 est,
3296 5468 3541 5535 ineptum

1969 5577 2087 5617 esse
2136 5561 2347 5625 sciunt,
2386 5576 2538 5617 nova:
2572 5561 2873 5630 quidquam
2912 5562 2989 5614 rei
3030 5562 3332 5624 invehere,
3374 5568 3429 5613 et
3465 5567 3543 5610 tot

1969 5662 2187 5708 sanctos
2232 5652 2420 5707 Patres
2467 5653 2813 5707 confessores
2860 5661 2917 5707 et
2968 5662 3237 5722 martyres
3270 5649 3541 5719 dogmatis

1970 5747 2142 5816 ipsius
2177 5755 2430 5800 auctores
2467 5754 2631 5816 atque
2682 5745 3006 5799 inventores
3056 5743 3342 5812 despicere
3377 5758 3392 5794 :
3444 5740 3538 5809 qui

1968 5838 2187 5910 quidem
2231 5836 2445 5903 Patres,
2478 5840 2631 5910 juxta
2670 5847 2909 5894 veterem
2954 5836 3209 5892 Ecclesia:
3253 5834 3535 5890 catholicae
