4286 6438
715 420 820 484 399

1939 420 2358 510 NIICEPHORI
2400 421 2484 481 CA
2500 423 2736 482 LLISTl

3859 425 3886 487 4
3895 423 3966 488 00

717 531 1035 596 resurrexit,
1074 539 1129 586 et
1162 540 1415 602 receptus
1447 541 1532 587 est
1580 531 1632 584 in
1667 531 1832 586 caelos
1859 572 1871 592 ,
1909 541 1970 585 ut
2004 532 2189 585 sedeat
2234 531 2285 585 in
2322 547 2361 599 Α
2399 551 2409 582 -.

2275 549 2285 584 ι
2322 547 2361 599 Α
2399 535 2580 585 πίστιν
2617 532 2746 585 ἄλλο
2781 550 2832 584 τι
2887 531 3268 602 κηρύσσοντας
3317 534 3631 601 ἀλλοτρίους
3683 531 3818 587 εἶναι
3867 538 3967 606 τῆς

714 628 907 681 dextra
940 627 1143 688 Patris,
1170 635 1437 692 venturus
1473 642 1692 680 rursum
1723 625 1775 680 in
1809 627 1980 695 gloria
2025 627 2090 680 ad
2129 627 2279 695 judi-

711 718 946 771 eandum
985 719 1136 770 \ivos
1165 727 1219 771 et
1267 726 1530 771 mortuos.
1568 717 1857 772 Credimus
1902 728 2082 772 autem
2134 731 2189 773 et
2225 719 2278 772 in

712 810 973 879 Spiritum
1012 817 1286 872 sanctum,
1348 825 1507 878 quem
1558 809 1898 862 Paracletum
1955 811 2277 871 nominavit,

710 914 765 957 et
831 903 1126 955 missurum
1182 916 1240 955 se
1291 910 1414 970 post
1473 918 1633 955 suum
1668 902 1969 955 discessum
2018 903 2281 970 apostolis

713 997 984 1068 promisit,
1020 996 1180 1050 sicuti
1233 1005 1287 1048 et
1325 996 1472 1049 misit
1498 995 1747 1050 Salvator
1771 1006 1826 1050 et
1870 996 2138 1049 Dominus
2185 1011 2281 1049 no-

709 1104 823 1146 ster
864 1107 878 1142 :
909 1106 1006 1160 per
1042 1105 1200 1156 quem
1233 1098 1286 1141 et
1318 1089 1621 1142 sanctificat
1671 1089 1726 1141 in
1763 1089 2003 1143 Ecclesia
2039 1088 2276 1143 creden-

713 1193 830 1244 tes,
882 1191 936 1236 et
999 1179 1304 1250 baptizatos
1338 1179 1390 1232 in
1429 1181 1652 1232 nomine
1697 1180 1883 1232 Patris
1927 1188 1982 1232 et
2037 1179 2156 1233 Filii
2224 1187 2279 1232 et

712 1278 955 1346 Spiritus
979 1274 1174 1328 sancti.
1215 1273 1316 1339 Qui
1354 1289 1482 1326 vero
1520 1281 1719 1342 pra-ter
1763 1272 1904 1326 hanc
1935 1272 2096 1326 fidem
2126 1271 2276 1325 aliud

708 1369 1009 1439 quidquam
1071 1366 1390 1436 prmdicant,
1439 1380 1533 1419 eos
1583 1363 1652 1417 ab
1700 1365 1946 1419 Ecclesia
2009 1364 2277 1418 catholica

707 1479 827 1516 esse
859 1462 1122 1516 alienos.)
1165 1461 1288 1512 ilrec
1323 1466 1407 1511 est
1447 1457 1624 1511 Aeaeii
1672 1456 1927 1510 formula.
1968 1456 2066 1511 Cui
2112 1457 2276 1510 etiam

708 1552 964 1607 factionis
1009 1551 1128 1620 ejus
1176 1550 1419 1604 fautores
1477 1548 1699 1618 triginta
1741 1549 1850 1601 duo
1902 1548 1976 1602 illi
2029 1548 2279 1602 subscri-

707 1660 883 1713 psere.
911 1643 989 1697 Ad
1023 1659 1187 1711 quam
1216 1642 1560 1710 Sophronius
1601 1641 1880 1708 Paphlago
1911 1641 2277 1709 Pompeiopo-

706 1737 909 1790 litanus
943 1735 1237 1804 episc0pns
1261 1742 1450 1801 aperte
1482 1733 1594 1784 lucc
1621 1730 1787 1782 verba
1817 1731 2020 1781 dixisse
2049 1726 2227 1780 fertur
2259 1743 2274 1779 :

705 1829 757 1882 Si
795 1828 1040 1896 quotidie
1084 1826 1424 1878 voluntatem
1465 1836 1619 1875 suam
1661 1834 1940 1888 exponere
1969 1860 1982 1883 ,
2020 1818 2138 1874 fidei
2168 1818 2280 1872 for-

2389 627 2687 695 καθολικῆς
2731 626 3080 695 Ἐκκλησίας.
3143 648 3161 680 ι
3197 628 3260 682 Ἥ
3301 630 3399 699 μὲν
3445 625 3538 682 οὖν
3580 631 3843 681 Ἀιιακίου
3878 629 3970 680 ἑκ·-

2386 719 2528 782 δοσις
2560 719 2694 789 αὕτη
2723 736 2733 747 ·
2761 721 2826 788 ἣν
2861 721 2958 772 σὺν
2990 721 3139 791 αὐτῷ
3170 723 3262 774 καὶ
3289 723 3338 774 οί
3369 722 3499 792 περὶ
3531 722 3692 774 αὐτον
3717 721 3810 774 δύο
3833 720 3965 787 πρὸς

2385 813 2496 871 τοῖς
2537 811 2837 878 τριάκοντα
2873 811 3314 881 καθυπέγραψαν
3337 828 3348 839 ·
3385 813 3519 880 προς
3555 813 3619 880 ἣν
3656 813 3964 880 Σιγιφρονιος

2384 903 2412 954 ὁ
2446 901 2755 970 Παφλαγὼν
2786 904 2882 971 τὴν
2911 903 3198 973 Πομπηΐου
3228 904 3630 974 ἐπιτροπεύων,
3656 904 3962 974 διαρρήδην

2385 997 2570 1056 αὐταῖς
2618 995 2828 1058 λέξεσιν
2873 995 3045 1057 οὕτως
3101 997 3279 1049 εἰπεῖν
3328 997 3586 1064 λέγεται·
3620 997 3681 1047 Εἰ
3729 997 3787 1046 τι
3827 995 3964 1047 ἰδίαν

2386 1086 2621 1148 ἑκάστης
2653 1086 2865 1156 ἡμέρας
2899 1086 3213 1139 ἐκτίθεσθαι
3245 1087 3502 1156 βούλησιν
3544 1085 3779 1147 πίστεώς
3816 1089 3963 1136 ἐστιν

2385 1179 2620 1242 ἔκΟεσις,
2657 1179 2925 1247 ἐπιλείψει
2954 1181 3102 1249 ἡμᾶς
3147 1182 3178 1247 ἡ
3212 1182 3312 1246 τῆς
3360 1180 3622 1243 ἀληθείας
3676 1178 3960 1247 ἀκρίβεια.

2396 1267 2456 1322 Ὀ
2494 1268 2590 1336 μὲν
2636 1268 2727 1322 οὖν
2785 1268 3098 1337 Παφλαγὼν
3134 1269 3439 1337 Σιοιφρόνιος
3488 1266 3662 1319 ταῦτα
3702 1267 3959 1333 τηνικάδε

2383 1349 2613 1429 ἐϐόὴσεν
2632 1376 2647 1390 ·
2675 1360 2784 1428 ἐγὼ
2831 1361 2885 1412 ῗὲ
2940 1378 3084 1429 φημι
3115 1361 3190 1421 ὼς
3214 1359 3350 1427 εἴγε
3369 1361 3416 1411 οἱ
3451 1359 3555 1427 πρὸ
3580 1358 3761 1416 αὐτῶν
3792 1359 3885 1410 καὶ
3913 1358 3962 1408 οι

2386 1453 2504 1520 μετ’
2544 1450 2791 1512 ὲκείνους
2845 1453 3021 1504 τοιάδε
3076 1452 3207 1521 περὶ
3253 1454 3351 1520 τῆς
3391 1453 3449 1503 ὲν
3480 1451 3687 1519 Nimia
3721 1450 3960 1510 πίστεως

2384 1546 2476 1597 καὶ
2505 1543 2804 1597 διενοοῦντο
2850 1547 2943 1596 καὶ
2985 1545 3275 1612 ἔπραττον,
3319 1544 3611 1608 ἀκίϐδηλον
3664 1543 3728 1594 ἂν
3770 1543 3828 1594 τξ
3862 1543 3960 1608 τῆς

2395 1636 2721 1702 Ἰίῖκκλησίας
2774 1636 2954 1701 δόγμα
2989 1637 3370 1707 ὃιατετήρητο,
3411 1636 3506 1689 καὶ
3545 1638 3698 1687 πᾶσα
3732 1639 3960 1703 ὲρεσγε-

2383 1726 2471 1778 λία
2504 1721 2572 1793 ἦν
2608 1726 2672 1778 ἂν
2707 1727 2815 1777 τῶν
2856 1727 3017 1779 Οείων
3053 1730 3359 1797 περιϐόλων
3415 1729 3656 1795 μακράν.
3697 1725 3803 1776 Καὶ
3837 1727 3958 1777 τότε

2385 1817 2488 1886 μὲν
2536 1818 2628 1870 τὸν
2666 1817 2924 1885 σύλλογον
2980 1818 3154 1882 ἔλυον,
3218 1819 3441 1869 πλεῖστα
3499 1818 3632 1879 πυὸς
3693 1815 3958 1885 ἀλλήλους

705 1895 906 1976 mulam
958 1920 1126 1974 cdere
1184 1924 1288 1977 est,
1351 1913 1615 1968 destituet
1649 1927 1750 1966 nos
1794 1911 2047 1966 veritatis
2096 1911 2275 1981 ipsius
2310 1895 2397 1960 8-.

2267 1929 2275 1965 ι
2310 1895 2348 1948 Β
2382 1911 2509 1978 περὶ
2543 1909 2650 1962 τῶν
2673 1913 3171 1980 κατηγορουμένων
3204 1911 3447 1973 εἰπόντες
3482 1928 3538 1962 τε
3573 1912 3669 1963 καὶ
3692 1911 3959 1963 ἀκούσαν-

705 2007 1378 2078 certitmlo.Sophronius
1401 2004 1624 2074 quidem
1682 2003 1784 2058 hoc
1836 2012 1951 2056 tum
2011 2004 2090 2058 sic
2137 2018 2274 2057 voce

708 2121 897 2173 magna
928 2103 1102 2160 dixit:
1139 2101 1304 2170 788
1344 2112 1444 2168 ego
1476 2114 1602 2150 vero
1631 2094 1981 2161 censuerint,
2022 2095 2064 2148 si
2101 2103 2156 2148 et
2181 2097 2273 2164 qui

706 2208 831 2252 ante
871 2213 967 2252 eos
1022 2196 1196 2254 fuere,
1227 2205 1282 2247 et
1313 2193 1405 2262 qui
1437 2206 1533 2246 eos
1573 2199 1700 2244 sunt
1752 2188 1950 2249 secuti,
1983 2187 2172 2242 itidem
2208 2188 2274 2241 de

705 2293 921 2346 Nicaena
956 2287 1079 2341 fidei
1109 2285 1447 2356 professione
1466 2281 1790 2351 cogitassent
1821 2289 1983 2348 atque
2013 2279 2271 2348 egissent.

705 2389 980 2442 sincerum
1029 2380 1284 2436 Ecclesia:
1325 2379 1515 2446 dogma
1555 2382 2004 2434 conservatores,
2043 2382 2098 2426 et
2135 2372 2274 2425 deli-

705 2483 954 2530 ramenta
995 2472 1176 2526 omnia
1215 2470 1370 2537 longe
1402 2482 1430 2520 a
1474 2466 1645 2520 sacris
1680 2464 1940 2519 Ecclesiae
1977 2466 2145 2534 septis
2179 2463 2274 2516 ab-

706 2570 888 2620 futura
925 2563 1120 2618 fuisse.
1156 2560 1231 2614 Ac
1285 2569 1397 2612 tuin
1450 2557 1675 2627 quidem
1707 2571 1830 2610 cum
1867 2555 2024 2609 alteri
2069 2555 2274 2609 alteros

703 2663 1048 2716 accusantes,
1088 2651 1320 2721 plurima
1349 2658 1398 2703 et
1435 2649 1706 2702 divissent
1731 2656 1785 2702 et
1817 2647 2119 2710 audissent,
2143 2662 2274 2701 eon-

701 2763 889 2804 sessus
913 2756 999 2800 est
1028 2745 1260 2800 solutus.
1290 2741 1498 2807 Quarto
1533 2754 1827 2810 congressu
1860 2739 2025 2792 multa
2045 2739 2274 2792 futiliter

705 2843 890 2912 nugati
929 2849 1078 2894 sunt.
1133 2836 1193 2890 Ει
1225 2835 1459 2888 Aeacius
1507 2833 1642 2887 nihil
1686 2832 1928 2893 obstare,
1974 2834 2105 2901 quin
2170 2833 2271 2886 alia

709 2936 841 2989 fides
864 2933 1145 2993 ederetur,
1180 2925 1551 2982 contendebat
1579 2967 1592 2988 ,
1627 2924 2069 2993 quandoquidem
2103 2924 2268 2978 semel

703 3028 920 3081 Nierena
959 3022 1191 3076 formula
1241 3028 1449 3072 mutata
1520 3026 1703 3080 esset;
1756 3032 1865 3069 non
1911 3017 2102 3083 semel,
2164 3017 2273 3070 into

705 3133 894 3172 verum
927 3115 1146 3184 sa‘pius.
1183 3113 1259 3167 Ad
1297 3127 1416 3181 qum
1469 3109 1723 3164 Eleusius
1755 3107 2058 3178 Cyzicenus
2089 3127 2101 3163 :
2149 3108 2272 3163 llaec

705 3209 967 3280 synodus.
1002 3205 1164 3266 dixit,
1218 3211 1403 3256 eoat-ta
1453 3207 1556 3263 est,
1609 3215 1717 3253 non
1774 3208 1834 3252 ut
1869 3198 2112 3252 addiscat
2151 3215 2272 3268 quae

707 3303 860 3372 prius
893 3316 1002 3353 non
1031 3295 1313 3357 didicerit,
1337 3307 1514 3362 neque
1541 3301 1599 3345 nt
1630 3291 1997 3360 probatiorem
2031 3292 2273 3346 inveniat

712 3393 897 3456 fidem,
931 3406 1092 3459 quam
1143 3403 1204 3442 ea
1229 3396 1312 3441 est
1345 3401 1464 3454 qua:
1495 3401 1522 3436 a
1560 3383 1826 3438 Patribus
1852 3383 2157 3438 Antiochia:
2189 3392 2273 3439 est

709 3484 1069 3555 promulgata.
1129 3481 1262 3534 Nam
1313 3479 1365 3530 in
1418 3477 1538 3546 ejus
1589 3474 2002 3529 definitionibus
2046 3488 2268 3527 assensu

705 3576 1125 3646 conquieseeus,
1151 3570 1400 3640 ιιιιιιηιγὶε
1433 3567 1579 3620 aliud
1616 3566 1913 3635 quidquam
1946 3565 2014 3619 ab
2046 3581 2107 3619 ea
2139 3566 2272 3619 eda-

705 3681 815 3733 tur,
859 3686 964 3724 non
1005 3679 1186 3721 tamen
1237 3679 1480 3734 unquam
1519 3662 1666 3716 illam
1714 3661 2005 3728 relinquet.
2040 3659 2137 3713 Cui
2172 3675 2273 3730 ego

703 3765 936 3819 ohvians
986 3761 1217 3815 dixctim
1255 3757 1581 3824 :Quomodo
1626 3754 1869 3813 tandem,
1915 3753 2096 3807 Eleusi
2154 3769 2274 3823 pes-

702 3856 861 3913 sime.
890 3853 982 3922 qui
1037 3849 1338 3904 Antioehire
1387 3845 1698 3916 congregati
1750 3845 1926 3905 fuere,
1957 3843 2142 3897 Patres
2183 3861 2274 3899 vo-

705 3947 828 4000 cas?
849 3944 1017 3998 Multo
1047 3942 1194 3996 enim
1229 3941 1400 4009 magis
1425 3940 1616 3992 Patres
1637 3944 1687 3990 te
1725 3936 2009 3990 nominare
2032 3951 2127 3990 eos
2143 3951 2274 3990 con-

701 4037 976 4099 veniebat,
1030 4034 1122 4103 qui
1176 4033 1369 4087 Nicaea:
1421 4029 1813 4086 convenientes
1845 4066 1860 4092 ,
1901 4044 2005 4081 una
2039 4044 2172 4083 voce
2209 4029 2270 4081 τὸ

701 4127 1007 4197 ὸμοοὺστον,
1026 4123 1494 4189 consubstantiale,
1517 4121 1962 4192 promulgarunt:
1981 4137 2103 4176 cum
2126 4123 2270 4192 quod

705 4230 950 4289 tempore
980 4227 1107 4271 sunt
1142 4216 1492 4278 vetustiores,
1523 4222 1635 4266 tum
1665 4213 1812 4282 quod
1843 4214 1934 4282 qui
1965 4213 2272 4268 Antiochiae

702 4311 877 4366 coacti
911 4320 1058 4368 sunt,
1081 4310 1148 4361 ah
1176 4308 1283 4360 illis
1314 4321 1592 4359 sacrorum
1621 4319 1909 4367 munerum
1934 4304 2272 4360 functionezn

703 4412 1058 4470 acceperunt.
1089 4397 1245 4461 Quod
1267 4398 1309 4450 si
1352 4396 1438 4450 isti
1489 4406 1673 4464 patres
1719 4410 1851 4450 suos
1875 4396 2271 4465 reprobarunt,

702 4491 1009 4562 parricidas
1038 4489 1222 4559 potius
1243 4503 1406 4556 quam
1458 4485 1647 4540 Patres
1685 4501 1780 4540 eos
1811 4485 1982 4540 dicas.
2010 4486 2143 4552 Quis
2173 4487 2274 4540 ita-

2379 2018 2497 2063 τες·
2524 2004 2588 2070 τῇ
2625 2001 2680 2052 δὲ
2709 2003 2945 2072 τετάρτῃ
2999 2002 3313 2054 συνελεύσει
3369 2002 3538 2069 πολλὴ
3574 2003 3862 2069 ἀδολεσχία
3906 2005 3960 2055 ὖ-

2381 2095 2623 2162 φαίνετο.
2658 2095 2804 2146 Ὀ’δ’
2844 2095 3104 2157 Ἀκοὶκιος
3163 2097 3470 2165 ἰσχυρίζετο
3514 2097 3681 2163 μηδὲν
3717 2093 3860 2148 εἶναι
3897 2098 3956 2150 τὸ

2379 2187 2633 2255 ἐμποδὼν
2673 2187 2868 2258 ὲτὲραν
2922 2188 3104 2240 πίστιν
3142 2190 3407 2254 εἰσάγειν,
3455 2190 3574 2240 ἐπεὶ
3627 2190 3888 2254 καθάπαξ
3923 2194 3953 2257 ἡ

2379 2282 2434 2330 ἐν
2463 2279 2664 2350 Νικαίᾳ
2716 2281 2898 2343 πίστις
2944 2282 3311 2349 μετεποιήοη·
3351 2284 3442 2334 καὶ
3470 2283 3564 2352 οὐχ
3602 2285 3768 2349 ams,
3820 2287 3955 2338 ἀλλὰ

2377 2371 2440 2442 δὴ
2476 2373 2569 2424 καὶ
2602 2362 2902 2434 πολλάκις(
2927 2374 3066 2443 Πρὸς
3099 2375 3153 2426 δὲ
3194 2376 3366 2429 ταῦτα
3406 2378 3677 2439 Ἑλεῦσιος
3714 2379 3741 2428 ὀ
3789 2379 3956 2442 Κυζί-

2377 2481 2496 2525 κου,
2538 2465 2605 2515 Ἢ
2653 2463 2768 2527 νῦν,
2809 2465 2967 2533 φησὶ,
3004 2465 3218 2529 σύνοδος
3274 2469 3563 2538 ἠθροίσθη,
3597 2470 3692 2539 οὐχ
3727 2471 3812 2522 ἵνα
3840 2471 3955 2541 γνῷ

2375 2556 2410 2608 ἃ.
2437 2555 2511 2626 μὴ
2533 2553 2658 2624 ἔσχε
2695 2555 2943 2623 μαθοῦσα
2976 2559 3262 2627 πρότερον,
3302 2561 3411 2612 οὐδ’
3451 2560 3535 2614 ἵνα
3564 2563 3950 2634 δοκιμωτέραν

2379 2649 2562 2699 πίστιν
2618 2649 2842 2718 ἐξεύρῃ,
2885 2649 3018 2718 παρ’
3049 2653 3112 2720 ἢν
3170 2653 3228 2702 ὲν
3270 2653 3576 2724 Ἀντιοχείᾳ
3640 2659 3795 2723 παρὰ
3842 2657 3954 2708 τῶν

2379 2739 2638 2810 Πατέρων
2675 2739 2889 2810 εἰλήφει
2910 2759 2925 2773 ο
2947 2744 3058 2803 τοῖς
3087 2747 3193 2813 γὰρ
3213 2745 3435 2797 ἐκείνων
3465 2747 3612 2817 ὅροις
3635 2747 3950 2817 στοιχοῦσα,

2375 2831 2476 2883 οὒκ
2516 2832 2602 2897 ἂν,
2639 2831 2691 2884 εἴ
2713 2849 2765 2884 τι
2801 2833 2891 2885 καὶ
2923 2832 3170 2901 γένηται,
3219 2834 3423 2903 ταύτης
3477 2837 3749 2906 ἀποσταίη
3794 2840 3950 2893 ποτέ.

2377 2922 2519 2992 Πρὸς
2567 2923 2631 2992 ἢν
2663 2923 2772 2990 ἐγὼ
2815 2924 3094 2984 ἀπαντῶν,
3132 2926 3276 2989 Πῶς,
3322 2921 3366 2979 ὦ
3419 2927 3637 2980 κάκιστ’
3681 2930 3951 2995 Ἐλεύσιε,

2377 3015 2542 3082 φαίην
2595 3015 2684 3076 ἂν,
2745 3017 2996 3085 Ila-.591;
3049 3018 3177 3079 τοὺς
3225 3021 3283 3070 ἐν
3355 3020 3656 3089 Ἀντιοχείᾳ
3723 3022 3948 3088 καλεῖςς

2378 3104 2564 3172 Πολ.λῷ
2592 3107 2698 3176 γάρ
2725 3108 2970 3174 κρεῖττον
3012 3108 3253 3169 ἐκείνους
3299 3110 3501 3176 μᾶλλον
3541 3114 3724 3165 καλεῖν
3749 3130 3808 3164 σε
3843 3116 3954 3166 Πα-

2379 3197 2541 3264 τέρας
2565 3197 2635 3260 οἳ,
2659 3198 2717 3249 ὲν
2748 3199 2955 3269 Nimia
3001 3201 3422 3269 συνδραμόντες,
3457 3204 3754 3270 ὁμοφώνως
3792 3204 3850 3256 τὸ
3900 3208 3955 3258 ὁ·

2379 3289 2631 3358 μοούσιον
2662 3291 3003 3358 άνεκήρυξαν
3025 3307 3037 3321 ·
3066 3295 3148 3346 ὅτι
3183 3311 3244 3360 γε
3281 3297 3373 3346 καὶ
3403 3299 3513 3356 τοῖς
3546 3299 3757 3364 χρόνοις
3782 3300 3883 3350 {me
3897 3317 3955 3369 ρ-

2375 3384 2646 3450 τεροῦσιν,
2708 3388 2799 3436 καὶ
2847 3380 2928 3447 οἷς
2989 3385 3038 3437 οἱ
3096 3388 3152 3439 ἐν
3191 3387 3493 3455 Ἀντιοχείᾳ
3553 3389 3802 3451 ἐλθόντες
3861 3392 3955 3442 ὑπ’

2375 3475 2604 3527 ἐκείνων
2652 3476 2809 3546 ἔσχον
2870 3478 2929 3530 τὸ
2988 3479 3266 3547 ἱερᾶσθαι.
3338 3480 3401 3532 EE
3468 3480 3514 3533 δ’
3567 3483 3764 3534 ἐκεῖνοι
3825 3486 3955 3546 τοὺς

2376 3567 2585 3619 ἑαυτῶν
2633 3569 2882 3637 [last-ipa;
2914 3570 3208 3638 ἠθέτησαν,
3242 3572 3566 3640 πατραλοῖαι
3605 3575 3827 3640 μᾶλλον,
3861 3580 3956 3628 καὶ

2374 3657 2433 3708 οὖ
2462 3659 2723 3728 Πατέρες,
2745 3659 2997 3727 κληθεῖεν
3016 3661 3100 3714 ἄν.
3134 3662 3240 3714 Καὶ
3270 3662 3384 3724 πῶς
3415 3663 3479 3716 ἄν
3508 3681 3592 3725 τις
3622 3664 3807 3715 ἕποιτο
3840 3671 3954 3730 τοῖς

2375 3750 2676 3817 τοιούτοις;
2713 3755 2771 3805 Ei
2798 3753 2842 3804 δ’
2867 3753 3128 3821 ἀδόκιμος
3175 3755 3400 3807 ἐκείνων
3434 3757 3464 3826 ἡ
3497 3759 3704 3820 πίστις,
3738 3761 3862 3812 οὐδὲ
3921 3764 3951 3830 ἡ

2377 3845 2682 3912 χειροτονία
2745 3846 2967 3925 ἤπάντως
3027 3849 3493 3914 ὲνὰμφι).έκτοις.
3552 3849 3614 3902 El
3677 3851 3782 3918 γὰρ
3845 3855 3955 3922 πρὸ

2375 3937 2599 3989 ἐκείνων
2646 3937 2706 3989 τὸ
2747 3939 2901 4006 ἅγιον
2937 3940 3158 4008 Πνεῦμα
3204 3941 3302 3993 οὐκ
3335 3937 3507 4008 εἶχον,
3532 3943 3559 3995 ὃ
3611 3946 3851 4012 μάλιστα
3884 3951 3952 4016 τῇ

2377 4029 2620 4081 ὲπιθέσει
2652 4029 2870 4100 ἔρχεται
2919 4033 3028 4083 τῶν
3061 4035 3286 4102 χειρῶν,
3320 4035 3429 4086 οὐδ’
3465 4034 3610 4087 οὗτοι
3647 4039 3864 4102 πάντως
3895 4041 3954 4090 ἐν

2378 4122 2606 4191 ἱερεῦσι.
2647 4122 2768 4184 HG);
2798 4124 2906 4192 γάρ
2938 4123 3003 4176 ἂν
3030 4125 3126 4177 καὶ
3162 4125 3346 4177 λατείν
3377 4121 3525 4194 εἶχον
3556 4130 3704 4197 παρὰ
3733 4131 3845 4182 τῶν
3877 4132 3951 4200 μὴ

2374 4211 2631 4276 καθάπαξ
2665 4212 2973 4278 λαϐόντων;
3011 4213 3195 4266 Ταῦτα
3229 4216 3328 4282 μὲν
3359 4216 3422 4268 ἄν
3459 4235 3543 4278 τις
3591 4222 3726 4288 πρὶς
3763 4220 3954 4274 Ἐλεύ-

2377 4320 2490 4356 σιον
2519 4306 2778 4367 ἀντιστάς
2811 4306 2957 4359 είποι
2986 4321 3000 4336 ⁸
3054 4308 3155 4374 τῆς
3210 4308 3264 4359 δὲ
3298 4308 3590 4375 διαλέξεως
3629 4314 3948 4379 γινομένης,

2375 4397 2454 4455 εἰς
2488 4396 2714 4465 ζήτησιν
2739 4397 2932 4466 ἑτέραν
2969 4399 3332 4452 καθίσταντοο
3366 4401 3456 4452 καὶ
3485 4403 3605 4453 ἐπεὶ
3639 4407 3703 4473 τῇ
3742 4405 3954 4458 ἐκδόσει

2375 4487 2559 4556 ὅμοιον
2587 4486 2799 4556 ἔφησαν
2849 4490 2929 4557 τῷ
2971 4490 3144 4556 [lath
3194 4490 3286 4541 τὸν
3338 4494 3486 4554 Υίὺν,
3534 4495 3954 4550 διεπυνθάνοντο

701 4602 808 4654 que
839 4587 973 4638 tales
1010 4584 1155 4636 viros
1191 4579 1496 4649 sequatur?
1536 4579 1602 4633 Et
1645 4579 1862 4632 illorum
1909 4579 2043 4633 fides
2090 4581 2134 4633 si
2181 4594 2270 4633 re-
2299 4575 2393 4634 D1

2260 4608 2270 4619 -
2299 4575 2351 4634 D
2379 4577 2486 4629 τῶν
2517 4580 2646 4645 περὶ
2681 4577 2961 4640 Ἀκάκιον,
3021 4583 3162 4632 κατὰ
3196 4582 3245 4632 τί
3279 4583 3465 4650 ὅμοιον
3512 4585 3590 4651 τῷ
3626 4586 3800 4655 Πατρί
3857 4589 3952 4640 τὸν

702 4677 870 4746 proba
903 4686 1008 4739 est,
1049 4688 1150 4727 nec
1176 4672 1451 4725 ordinatio
1474 4685 1663 4724 eorum
1697 4685 1924 4739 prorsus
1946 4687 2050 4724 non
2091 4682 2269 4738 potest

705 4770 759 4823 in
800 4769 1027 4821 dubium
1067 4764 1269 4820 vocari.
1317 4763 1559 4832 Namque
1587 4762 1629 4816 si
1660 4771 1785 4816 ante
1820 4762 1955 4817 istos
1988 4763 2064 4817 illi
2098 4764 2272 4833 Spiri-

702 4872 815 4915 tum
848 4869 1099 4913 sanctum
1127 4872 1235 4909 non
1282 4855 1549 4915 habuere,
1585 4854 1675 4922 qui
1724 4870 1820 4922 per
1861 4855 2267 4924 impositionem

700 4969 960 5008 manuum
1016 4949 1249 5003 niaxime
1300 4949 1474 5009 venit,
1513 4961 1689 5014 neque
1742 4946 1829 4999 isti
1866 4948 2088 5001 omnino
2129 4950 2274 5002 inter

698 5046 986 5114 episcopos
1030 5051 1086 5095 et
1119 5040 1436 5095 sacerdotes
1470 5039 1759 5092 censendi.
1810 5038 2094 5104 Quomodo
2122 5042 2269 5095 enim

699 5136 1020 5208 dignitatem
1069 5135 1228 5187 talem
1281 5133 1350 5186 ab
1401 5132 1481 5185 eis
1531 5131 1783 5200 accipere
1817 5138 2138 5199 potuerunt,
2178 5135 2271 5201 qui

700 5231 847 5284 illam
877 5242 1156 5296 nunquam
1192 5224 1530 5278 habuerint?
1562 5223 1720 5276 llisee
1757 5223 1940 5276 verbis
1978 5224 2268 5293 quisquam

699 5331 892 5377 contra
946 5318 1224 5372 Eleusium
1255 5315 1440 5368 venire
1498 5313 1784 5381 potuisset.
1824 5313 1996 5366 Porro
2027 5314 2275 5383 disputa-

700 5413 848 5465 tione
867 5408 1276 5479 progrediente,
1294 5405 1362 5457 ad
1381 5405 1736 5474 quaestionem
1763 5404 1923 5456 aliam
1944 5419 2272 5472 pervenere.

701 5508 767 5560 l-Zt
825 5505 1085 5575 quoniam
1145 5503 1197 5554 in
1251 5498 1484 5555 formula
1544 5497 1777 5552 similem
1825 5497 2076 5552 dixerant
2125 5499 2270 5552 Patri

702 5600 926 5661 Filium,
981 5595 1164 5650 Aeacii
1221 5593 1387 5646 factio
1437 5591 1767 5660 interrogata
1798 5600 1905 5653 est,
1948 5606 2179 5659 quanam
2217 5608 2273 5642 re

703 5690 935 5744 similem
985 5686 1132 5741 Patri
1192 5683 1392 5738 Filium
1447 5681 1881 5751 profiterentur?
1919 5681 2096 5749 Atque
2157 5683 2268 5740 illa,

704 5781 986 5833 voluntate
1017 5777 1154 5841 sola,
1191 5791 1296 5830 non
1322 5783 1503 5828 autem
1550 5773 1878 5835 substantia,
1911 5773 2144 5826 similent
2198 5774 2277 5825 tli-

703 5882 860 5929 cente
887 5909 903 5938 ,
932 5871 1023 5925 alii
1050 5885 1258 5936 omnes,
1290 5868 1454 5923 etiam
1489 5867 1790 5924 substantia
1821 5865 2054 5920 similem
2087 5865 2273 5919 diecu-

2378 4671 2508 4724 Υίὸν
2539 4670 2888 4739 ὁμολογοῦσι.
2925 4671 3047 4723 Τῶν
3092 4672 3146 4724 δὲ
3181 4675 3320 4726 κατὰ
3358 4674 3616 4742 βούλησιν
3670 4678 3854 4743 μόνον,
3892 4681 3952 4730 οὖ

2381 4765 2488 4833 μὴν
2509 4763 2568 4815 δὲ
2599 4763 2695 4815 καὶ
2725 4763 2868 4814 κατὰ
2896 4763 2995 4832 τὴν
3023 4765 3211 4817 οὐσίαν
3243 4767 3383 4831 ἔχειν
3409 4766 3468 4817 τὸ
3494 4768 3700 4833 ὅμοιον,
3729 4771 3778 4820 οἱ
3801 4769 3955 4822 ἄλλοι

2374 4857 2578 4916 πάντες
2612 4856 2704 4908 καὶ
2736 4856 2880 4908 κατὰ
2907 4857 3008 4924 τὴν
3037 4856 3228 4910 οὐσίαν
3259 4860 3448 4926 ὅμοιον
3483 4861 3829 4928 ἰσχυρίζοντο
3863 4863 3955 4913 λέ-

2375 4963 2513 5013 γειν.
2547 4945 2657 4997 Καὶ
2685 4947 2811 5015 περὶ
2846 4947 3037 4998 τούτου
3066 4947 3180 5014 ἔρις
3219 4947 3446 5016 πλείστη
3478 4949 3544 5001 δι’
3577 4951 3704 5019 ὅλης
3733 4952 3954 5021 ἡμέρας

2375 5040 2607 5105 ἐγίνετο.
2654 5039 2985 5108 Ἐξήλεγχόν
3015 5056 3073 5090 τε
3109 5041 3198 5092 καὶ
3252 5042 3417 5094 αὐτ’ν
3471 5044 3727 5096 Ἀκάκιον
3756 5045 3832 5107 ὡς
3867 5048 3956 5116 εἴη

2373 5129 2646 5196 διαφῦρως
2679 5130 2895 5199 γράψας
2929 5132 2986 5182 ὲν
3036 5133 3146 5193 τοῖς
3177 5131 3343 5184 αὑτοῦ
3373 5131 3575 5199 λόγοις,
3609 5134 3703 5198 οὒς
3737 5138 3831 5188 καὶ
3862 5141 3956 5190 ὲκ·

2374 5223 2626 5287 δέδωκεν,
2675 5225 2861 5292 ὅμοιον
2910 5227 3049 5277 κατὰ
3113 5226 3288 5279 πάντα
3334 5227 3411 5295 τῷ
3461 5230 3632 5295 [Ιατρὶ
3680 5230 3774 5281 τὸν
3823 5230 3956 5283 Υίθιν

2377 5313 2569 5379 εἰπὼν,
2619 5317 2715 5369 καὶ
2748 5316 2948 5386 ὁμοίως
2989 5316 3234 5381 δοξάζειν
3293 5319 3501 5378 αὐτοῖς.
3556 5322 3665 5374 Καὶ
3700 5321 3796 5375 νῦν
3837 5326 3958 5386 πῶς

2378 5409 2540 5476 ἀρνῇ,
2577 5406 2784 5474 ἔλεγον,
2821 5409 2881 5459 τὸ
2931 5408 3051 5460 κατ’
3082 5409 3273 5460 οὐσίαν
3326 5411 3552 5476 ὃμοιον;
3598 5413 3655 5463 Ὀ
3685 5413 3764 5474 δὲ,
3813 5416 3956 5467 Οὖτε

2376 5501 2494 5561 νέος
2526 5517 2632 5561 τις,
2658 5501 2783 5550 οὔτε
2820 5517 2904 5561 τις
2942 5500 3047 5551 τῶν
3074 5501 3322 5568 ἀρχαίων
3357 5503 3463 5553 ἀπ’)
3496 5505 3961 5572 συγγραμμάτων

2379 5591 2606 5651 εὑοᾶνας
2660 5591 2803 5659 ἔσχε.
2841 5593 2946 5644 Ka‘.
3003 5591 3176 5660 ἔριδος
3219 5593 3484 5662 πλείστης
3538 5597 3960 5663 ἀναπτομένης,

2378 5683 2528 5744 τέλος
2557 5686 2584 5734 ὀ
2617 5685 2854 5746 Κυζίκου
2901 5683 3198 5746 Ἐλεύσιος,
3240 5685 3301 5735 Εἰ
3331 5685 3430 5752 μὲν
3488 5685 3795 5746 Βασίλειος,
3824 5687 3962 5755 ἔφη,

2379 5777 2410 5843 ἢ
2445 5776 2670 5846 Μάρκος
2731 5777 2852 5828 τινὰ
2889 5777 3010 5828 καθ’
3051 5779 3278 5840 ἑαυτοὺς
3332 5778 3676 5848 πεπραχότες
3728 5780 3897 5842 εἰσὶν,
3931 5782 3963 5850 ἢ

2381 5869 2470 5919 ἐπί
2504 5885 2646 5930 τισιν
2678 5870 2824 5931 ἰδίοις
2877 5870 3128 5939 ἀλλήλοις
3186 5871 3676 5938 ἀντεγκαλοῦντες,
3712 5871 3874 5922 οὐδὲν
3907 5875 3968 5926 τὸ
