4286 6438
275 385 379 447 40l

1217 393 1816 455 ECCLESIASTlCzE
1860 395 2253 458 IllSTOfll.E
2298 399 2444 460 LIB.
2493 401 2591 463 1X.

3424 395 3530 459 402

280 503 531 557 ἐντεῦ0;ν
584 510 647 576 τῇ
682 510 884 580 συνόδῳ
934 512 1104 569 ἐστίν.
1144 516 1285 570 Ἀλλ’
1316 516 1436 571 οὐδὲ
1476 520 1523 569 εἰ
1566 518 1849 588 μὴκαλῶς
1881 530 1926 585 Α

1905 521 2087 585 idum
2135 538 2257 579 esse
2305 521 2726 578 confirmabant.
2762 518 2880 585 Qua
2929 518 2997 575 de
3045 532 3105 573 re
3161 526 3277 591 toto
3328 532 3395 573 eo
3438 514 3528 570 die

276 596 307 665 ἧ
338 596 514 659 ἄλλως
544 600 679 667 ἔχει,
716 600 751 655 3.
775 604 930 655 αὐτοὶ
961 604 1145 660 ἕοεντο
1179 610 1582 679 περἰπίστεως,
1608 610 1849 677 ἐπάναγ-

275 705 368 742 κες
435 690 945 762 πολυπραγμονεῖν.
1005 697 1215 768 Χρῆναι
1272 700 1317 752 δ’
1373 699 1614 770 ἡγοῦμαι
1662 704 1724 771 τῇ
1792 703 1849 754 ἐν

287 780 593 853 Ἀντιοχείᾳ
626 786 861 839 ἕπεσθαι
897 788 1037 840 ἑπτὰ
1065 791 1158 843 καὶ
1209 792 1569 860 ἐννενήκοντα
1603 791 1849 861 Πατράσι

273 875 716 949 παραδεδομένῃ.
760 878 824 931 Ei
870 879 931 932 δέ
968 896 1050 943 τις
1088 881 1257 953 ἀλλην
1296 882 1640 953 εἰσηγεῖσθαι
1675 883 1851 936 ἐθέλοι

275 963 496 1018 ἔκθεσιν
523 969 784 1033 πίστεως,
826 971 1018 1025 τοῦτον
1063 972 1275 1027 δίκαιον
1308 976 1519 1037 πάντας
1571 975 1850 1046 ἀλλότριον

272 1056 374 1125 τῆς
402 1058 682 1124 εὐσεϐείας
721 1062 815 1115 καὶ
844 1065 942 1133 τῆς
987 1064 1319 1134 Ἐκκλησίας
1366 1068 1630 1135 νομίζειν.
1683 1065 1851 1119 Ταῦτ’

272 1149 542 1213 εἰπόντος,
577 1153 605 1204 δ
635 1154 892 1223 σύλλογος
911 1157 1151 1211 διελύετο
1181 1154 1364 1223 αὖθις.
1398 1159 1477 1231 Τῇ
1505 1161 1561 1213 δέ
1586 1159 1852 1229 ὑστεραίᾳ

270 1241 459 1292 οὐκέτι
490 1243 568 1312 τῷ
592 1246 839 1316 συλλόγῳ
866 1248 1207 1318 παρασαλιῖν
1229 1253 1279 1303 οἱ
1307 1252 1438 1321 περὶ
1475 1251 1734 1305 ’Λκάκιον
1762 1252 1855 1305 καὶ

272 1326 313 1379 Γ
315 1329 547 1399 εώργιον
566 1334 779 1402 ἡθελον.
808 1338 915 1390 Καὶ
934 1338 1097 1405 αὐτὸς
1120 1341 1177 1395 δέ
1203 1344 1425 1405 Λεωνᾶς
1451 1343 1671 1413 κληθεὶς
1704 1346 1856 1397 ἀπεῖ-

273 1438 343 1475 πε
373 1424 471 1495 τὴν
494 1425 710 1481 ἐλευσιν
731 1445 742 1456 ·
768 1430 837 1483 τὰ
868 1430 976 1503 γὰρ
1018 1434 1243 1488 ἐκείνων
1265 1437 1482 1506 ἐφρόνει
1506 1435 1820 1506 περιφανῶς
1838 1454 1852 1467 θ

268 1516 607 1572 ἀπεστάλθαι
638 1522 695 1575 δὲ
712 1524 845 1592 πρὸς
877 1526 1147 1595 βασιλέως
1178 1528 1458 1598 πρόφασιν
1492 1532 1732 1584 ἐποιεῖτο
1763 1529 1854 1582 ἐπὶ

268 1611 335 1678 τῇ
373 1612 627 1683 συναδικῇ
663 1617 976 1689 συμφωνίᾳ.
1016 1620 1170 1673 Ἐπεὶ
1200 1622 1243 1673 δ’
1276 1620 1447 1684 οὕτως
1478 1622 1731 1682 ἀτάκτως
1753 1622 1856 1673 διί-

270 1703 500 1767 στασοε,
527 1705 660 1772 ὑμῖν
686 1707 1050 1778 συνέρχεσθαι
1076 1711 1137 1765 οὐ
1164 1713 1362 1783 ῥαδίως
1385 1712 1513 1782 ἔχω.
1542 1713 1601 1765 Ei
1634 1712 1680 1765 δ’
1698 1713 1859 1782 ὑμεῖς

269 1794 549 1863 αἱρεῖσθε,
605 1798 892 1866 ἀπέλθετε,
933 1805 1024 1854 καὶ
1057 1804 1113 1854 ἐν
1137 1806 1201 1874 τῇ
1218 1805 1489 1875 ἐκκλησίᾳ
1521 1806 1859 1875 ἐρεσχελεῖτε

267 1885 599 1953 καθήμενοι.
642 1888 856 1958 Χρόνου
889 1888 944 1943 δέ
970 1891 1321 1963 τριϐομένου,
1355 1874 1657 1948 ἐκαλοῦντο
1679 1895 1780 1965 μὲν
1806 1894 1854 1947 οῖ
1892 1874 1935 1933 Β

268 1972 407 2040 περὶ
426 1975 680 2029 ’Λκάιιον
697 1994 710 2007 ο
737 1979 785 2030 οῖ
818 1978 872 2031 δὲ
902 1980 1102 2049 ρητοὺς
1123 1984 1204 2047 είς
1231 1983 1330 2055 τὴν
1352 1986 1545 2039 Λεωνᾶ
1565 1985 1744 2039 οἰκίαν
1766 2002 1859 2055 γε-

269 2063 462 2118 νέσθαι
489 2067 696 2136 ἠξίουν.
720 2073 1128 2142 Διισχυρίςοντο
1148 2075 1226 2141 δὲ,
1252 2078 1589 2149 πρόσταγμα
1612 2080 1676 2131 ἐκ
1698 2077 1856 2149 βασι-

268 2154 412 2220 λέως
439 2159 587 2230 ἔχειν
620 2164 828 2233 κρίνειν
861 2168 985 2228 τοὺς
1023 2169 1239 2234 ἄλλους.
1283 2171 1351 2226 Oi
1378 2172 1434 2226 δέ
1480 2172 1606 2225 οὕτε
1639 2172 1737 2244 τὴν
1762 2173 1859 2227 αὐ-

267 2251 372 2317 τὴν
404 2254 592 2306 πίστιν
624 2257 911 2327 ὁμολογεῖν
959 2258 1263 2332 ἠνείχοντο,
1293 2262 1408 2315 ἀλλ’
1433 2264 1555 2317 οὐδὲ
1589 2265 1718 2335 περὶ
1748 2263 1859 2317 τῶν

270 2340 651 2412 ἐγκλημάτων
701 2349 1122 2419 ἀπολογεῖσθαι.
1177 2355 1491 2426 κληθέντες
1544 2357 1729 2410 δὲκαὶ
1781 2359 1861 2421 εἰς

267 2432 372 2501 τὴν
412 2438 555 2491 κατὰ
615 2441 888 2510 Κύριλλον
928 2447 1021 2499 τὸν
1060 2447 1458 2521 Ἰεροσολύμων
1487 2450 1758 2515 ἐξέτασιν,
1796 2450 1860 2503 δν

271 2524 435 2576 αὐτοὶ
460 2527 737 2594 καθεῖλον,
759 2532 822 2585 οὐ
846 2535 1235 2604 παρεγένοντο.
1267 2539 1496 2592 Ἐκεῖνοι
1521 2540 1573 2593 δὲ
1605 2540 1775 2603 ἀδεῶς
1799 2540 1857 2592 οὐ

272 2614 443 2684 μόνον
471 2618 625 2672 ταῦτ’
656 2622 953 2692 ἔπραττον,
984 2627 1122 2682 ἀλλὰ
1178 2633 1272 2683 καὶ
1319 2632 1579 2686 ’Δκάκιον
1610 2636 1703 2686 καί
1733 2633 1860 2697 τοὺς

271 2714 777 2779 προσπεφευγὸτας
826 2722 938 2781 τοῖς
978 2723 1107 2790 περὶ
1163 2724 1396 2788 ἐκεῖνον,
1426 2724 1520 2779 ἅτε
1572 2727 1635 2796 δὴ
1668 2728 1736 2779 τὰ
1769 2729 1860 2794 ἐγ-

274 2800 544 2870 κλήματα
590 2806 920 2874 δεδοικότας,
986 2814 1279 2869 γαθεῖλον’
1344 2817 1619 2889 Γεώργιόν
1669 2838 1727 2872 τε
1772 2822 1862 2871 τὸν

283 2894 730 2968 ἰΏ-εξανδρείας,
764 2905 861 2957 καὶ
889 2906 1158 2975 Οὐράνιον
1180 2909 1270 2962 τὸν
1298 2910 1503 2979 Τύρου,
1536 2912 1633 2964 καὶ
1656 2913 1865 2983 Πατρόα

271 2988 459 3054 φιλον,
499 2993 594 3044 καὶ⁵
624 2994 878 3061 Εὑδόξιον
905 2998 996 3051 τὸν
1033 2999 1370 3071 Ἀντιοχείας
1396 3021 1409 3035 ·
1439 3006 1565 3068 τοὺς
1598 3004 1643 3059 δ’
1671 3006 1864 3065 ἄλλους

271 3078 686 3151 ἀκοινωνησῖας
745 3088 939 3141 κανόνι
988 3092 1246 3162 ἐπέσχον,
1295 3095 1457 3165 ἄχρις
1508 3089 1570 3148 οὗ
1612 3098 1748 3164 πρὸς
1794 3098 1864 3149 τά

1954 616 2193 670 maxima
2230 617 2332 669 fuit
2363 615 2667 671 contentio.
2702 612 2868 686 739
2910 611 3282 680 Conqicerunt
3311 625 3529 680 quoque

1955 707 2133 775 ipsum
2183 707 2465 772 Acacium,
2514 706 2662 778 quod
2710 706 2814 762 sibi
2871 704 2975 777 ipsi
3032 713 3261 774 pr0pte'r
3318 704 3522 756 variam

1955 800 2311 869 scriptioncm
2351 802 2404 854 in
2438 798 2591 855 libris
2616 800 2730 855 suis
2760 814 2897 870 quos
2926 796 3212 859 edidisset,
3248 810 3369 848 non)
3392 808 3523 845 ron-

1954 900 2144 953 staret.
2189 892 2242 948 in
2279 891 2480 961 quibus
2528 892 2681 961 prius
2732 890 2967 947 similem
3017 904 3116 958 per
3152 886 3336 941 omnia
3378 883 3531 937 Patri

1955 980 2153 1047 Filium
2189 983 2407 1048 dixerit,
2443 982 2698 1053 idemque
2722 996 2845 1037 cum
2879 980 3014 1051 ipsis
3050 976 3289 1034 senserit
3326 993 3340 1028 :
3382 988 3531 1027 nunc

1956 1089 2085 1128 vero
2109 1078 2323 1129 tandem
2370 1075 2676 1131 substantia
2726 1073 2962 1129 similem
3008 1086 3129 1127 esse
3161 1075 3410 1139 negaret.
3444 1066 3524 1120 Ad

1956 1180 2078 1234 qua:
2118 1166 2227 1231 ille,
2286 1180 2465 1236 neque
2502 1183 2567 1221 ex
2603 1165 3026 1228 recentioribus,
3078 1176 3255 1231 neque
3286 1176 3350 1213 ex
3389 1158 3533 1211 antio

1957 1257 2080 1327 quis
2108 1273 2438 1328 quemquam
2488 1258 2554 1313 ad
2607 1258 2936 1328 scriptorum
2988 1270 3215 1311 suorum
3258 1250 3535 1306 rationem

1959 1347 2291 1403 reddendam
2325 1349 2652 1403 obstrictum
2681 1363 2825 1415 esse,
2843 1345 3149 1417 respondit.
3166 1342 3530 1400 Contentione

1959 1438 2086 1495 inde
2124 1442 2357 1496 maxime
2384 1442 2671 1512 gliscente,
2714 1449 2993 1512 postremo
3022 1437 3277 1494 Eleusius
3308 1434 3533 1506 Cyzice-

1958 1548 2083 1599 nus,
2141 1533 2428 1604 Siquidem
2463 1535 2714 1600 Basilius,
2760 1532 2977 1604 inquit,
3012 1539 3102 1586 ant
3130 1530 3359 1585 Aeacius
3389 1569 3403 1594 ,
3434 1534 3535 1582 ant

1961 1622 2194 1685 Marcus,
2220 1640 2316 1690 per
2369 1640 2427 1679 se
2458 1625 2663 1695 aliquid
2694 1633 2891 1696 agant,
2925 1624 3012 1678 vel
3050 1621 3154 1693 ipsi
3186 1627 3379 1675 mutuo
3409 1628 3535 1673 sese

1960 1711 2029 1767 de
2055 1713 2311 1782 quopiam
2337 1713 2725 1779 criminentur,
2760 1715 2899 1768 nihil
2930 1715 2979 1767 id
3012 1715 3079 1769 ad
3110 1712 3379 1784 synodum
3412 1725 3534 1780 per-

1965 1804 2153 1860 tineat.
2184 1803 2290 1859 Sed
2333 1820 2509 1875 neque
2541 1820 2661 1873 quae
2693 1804 2793 1874 ipsi
2833 1804 2900 1859 de
2952 1803 3057 1858 fide
3105 1805 3221 1858 sive
3254 1810 3404 1856 recte
3432 1815 3533 1855 seu

1965 1910 2250 1966 perperam
2280 1896 2677 1966 perscripsere,
2706 1910 2928 1951 necesse
2953 1893 3223 1949 habemus
3254 1891 3533 1947 curiosius

1965 1987 2032 2043 de
2068 1987 2149 2042 eis
2192 1988 2490 2056 inquirere.
2528 1987 2770 2057 Peropns
2824 1995 3007 2040 autem
3054 1999 3176 2039 esse
3210 1982 3420 2055 judico,
3479 1981 3539 2035 in

1966 2080 2308 2151 professione
2342 2081 2680 2135 Antiochena
2703 2096 2735 2135 a
2771 2079 3069 2149 nonaginta
3094 2091 3149 2133 et
3171 2074 3385 2146 septem
3429 2073 3533 2130 Pa-

1968 2176 2145 2231 tribus
2199 2176 2410 2245 prodita
2452 2175 2826 2245 acquiescere.
2868 2176 2926 2231 Si
2958 2175 3084 2246 quis
3131 2184 3314 2230 autem
3371 2171 3532 2226 aliam

1966 2267 2239 2337 subjicere
2260 2268 2393 2322 velit
2422 2267 2545 2323 fidei
2572 2267 2884 2332 formulam,
2911 2283 3037 2323 eum
3070 2281 3287 2337 aequum
3321 2279 3443 2319 eSse
3476 2272 3540 2317 n'.

1966 2373 2156 2413 omnes
2181 2375 2210 2413 a
2243 2375 2367 2413 vera
2403 2360 2605 2430 pietate
2635 2369 2690 2415 et
2713 2360 2955 2415 Ecclesia
2988 2358 3229 2414 alienum
3252 2372 3375 2413 esse
3407 2370 3538 2410 cen-

1966 2463 2142 2507 seant.
2202 2444 2360 2508 llisce
2420 2453 2606 2509 verbis
2658 2460 2964 2509 conventus
3021 2465 3242 2507 rursum
3295 2449 3533 2505 solutus.

1967 2546 2197 2601 Postero
2226 2557 2409 2600 autem
2444 2546 2532 2601 die
2572 2547 2801 2602 Aeacius
2832 2556 2887 2600 et
2921 2544 3190 2616 Georgius
3207 2558 3329 2598 cum
3354 2551 3539 2597 secta-

1967 2638 2181 2692 toribus
2209 2639 2324 2693 suis
2356 2637 2408 2691 in
2441 2648 2770 2693 conventum
2801 2638 2988 2691 venire
3020 2636 3334 2691 noluerunt.
3356 2635 3536 2702 Atque

1969 2728 2085 2798 ipse
2109 2728 2341 2791 Leonas.
2372 2741 2598 2785 vocatus
2623 2744 2862 2799 quoque,
2889 2744 2948 2784 se
2965 2738 3258 2784 venturum
3290 2725 3532 2795 negavit.

1967 2821 2167 2893 Aperte
2199 2838 2434 2891 namque
2468 2837 2591 2877 cum
2631 2823 2737 2877 illis
2767 2821 3079 2885 sentiebat,
3116 2820 3261 2875 illam
3320 2835 3429 2883 pne
3477 2833 3539 2872 se

1970 2915 2155 2971 ferens
2182 2931 2425 2977 causam,
2464 2915 2533 2969 ab
2585 2915 2919 2984 imperatore
2963 2928 3021 2969 se
3064 2913 3131 2966 ad
3175 2912 3367 2981 synodi
3402 2925 3539 2966 con-

1970 3009 2212 3063 cordiam
2246 3006 2883 3062 conciliandammissum
2914 3020 3056 3060 esse.
3081 3002 3536 3072 Quandoquidem

1971 3114 2102 3153 vero
2135 3100 2208 3154 ita
2242 3099 2391 3153 nullo
2427 3110 2646 3154 servato
2678 3099 2871 3154 ordine
2910 3098 3055 3153 inter
3091 3112 3151 3153 se
3178 3098 3537 3158 dissiderent.

269 3174 592 3287 ἐπαχθέντα
624 3179 952 3250 ἐγκλήματα
996 3184 1139 3238 δοῖεν
1169 3186 1484 3255 ἀπόλογον,
1524 3189 1617 3242 καὶ
1648 3192 1716 3243 τά
1770 3189 1861 3243 ἐπ’
1896 3230 1927 3287 c

1905 3230 1937 3287 Β
1972 3207 2079 3245 non
2126 3190 2284 3246 facile
2332 3190 2383 3246 ei
2412 3206 2533 3247 esse
2586 3191 2654 3246 ad
2703 3206 2800 3246 eos
2839 3191 3127 3247 accedere.
3161 3189 3217 3245 Si
3262 3205 3392 3245 vero
3434 3189 3543 3259 ipsi

272 3270 471 3334 αὐτοῖς
502 3273 776 3342 γενόμενα
810 3278 876 3346 τῇ
906 3278 1139 3331 ἑκάστου
1172 3280 1437 3353 παροικίᾳ
1469 3282 1866 3354 διεμηνύοαντο

269 3364 636 3434 γράμμασιν.
676 3367 822 3421 ’Λντὶ
874 3370 977 3440 μὲν
1030 3371 1124 3426 οὖν
1194 3374 1447 3437 Εὑδοξίου
1488 3376 1736 3431 Ἀνιανδν
1798 3382 1867 3451 τῇ

283 3460 621 3530 Ἀντιοχέων
678 3466 1101 3534 χειροτονοῦσι,
1155 3469 1255 3537 τῆς
1320 3470 1505 3522 ἐκεῖσε
1568 3473 1868 3542 ἐκκλησίας

270 3557 683 3628 πρεσϐύτερον,
715 3558 775 3611 ὃν
804 3560 1005 3614 αὐτίκα
1034 3563 1083 3614 οἱ
1132 3565 1263 3633 περὶ
1308 3565 1564 3619 Ἀκάκιον
1586 3569 1866 3622 ’συλλαϐάς

275 3669 440 3722 μενοι
464 3656 658 3724 Λεωνᾷ
710 3657 802 3707 καὶ
848 3656 1137 3727 Λαυρικίῳ
1187 3658 1524 3729 παρέδοσαν,
1554 3659 1604 3711 οἳ
1650 3661 1869 3731 φρουρᾷ

271 3748 340 3800 ἐκ
375 3748 737 3816 στρατιωτῶν
759 3748 1136 3820 περιώρισαν·
1170 3752 1226 3815 ἐς
1260 3750 1495 3823 ὕστερον
1530 3752 1588 3806 δὲ
1641 3754 1732 3807 καὶ
1764 3771 1867 3823 φυο

273 3841 385 3912 τὴν
419 3842 717 3911 ὑπερόριον
753 3843 919 3895 αὑτοῦ
953 3844 1349 3900 κατεδίκασαν.
1385 3846 1465 3900 Τὰ
1504 3846 1604 3916 μὲν
1638 3842 1734 3900 οὖν
1765 3847 1869 3918 τῆς

271 3934 337 3985 ἐν
399 3928 706 4001 Σελευκείᾳ
766 3931 988 3984 συνόδου
1046 3932 1398 4003 πραχθέντα,
1456 3935 1529 3998 ὡς
1569 3937 1625 3988 ἐν
1679 3938 1870 3989 συντὸο

272 4040 366 4094 μῳ
419 4025 620 4086 εἰπεῖν,
655 4027 733 4085 εις
772 4027 929 4077 τοῦτο
986 4024 1147 4094 ἔληγε
1193 4027 1417 4090 τέλους·
1451 4023 1532 4092 οἷς
1579 4029 1625 4082 δ’
1670 4032 1868 4099 ἐπιμε-

270 4121 365 4180 λὲς
425 4119 523 4169 καὶ
567 4135 635 4168 τλ
685 4116 821 4186 πρὸς
855 4117 1053 4170 λεπτὸν
1082 4119 1190 4170 τῶν
1237 4122 1593 4189 πραχθέντων
1645 4122 1865 4185 ειδέναι,

272 4216 344 4268 ἐκ
392 4211 504 4264 τῶν
560 4212 776 4279 ἐκείνης
826 4211 1237 4281 ὑπομνημάτων
1280 4214 1552 4278 εἴσονται,
1606 4213 1643 4267 δι
1708 4232 1871 4285 ταχυ-

269 4308 489 4377 γράφοι
533 4305 656 4355 τότε
707 4302 972 4372 παρόντες
1002 4303 1341 4371 ὴκρίδωσαν.
1368 4304 1588 4358 Τούτων
1613 4305 1753 4358 οὕτω
1779 4323 1872 4373 γε·

266 4418 411 4471 γενη
422 4399 624 4468 μένων,
649 4398 697 4450 οἱ
731 4397 863 4464 περὶ
878 4397 1135 4447 Ἀκάκιον
1153 4396 1354 4464 σπουδῇ
1375 4398 1467 4448 ἐπὶ
1490 4398 1581 4449 τὸν
1607 4398 1870 4467 κρατοῦν·-

266 4513 344 4550 τα
386 4492 717 4561 ἀνέρχονται
742 4507 756 4521 ·
800 4488 851 4543 ὁὶ
890 4488 947 4541 δὲ
1003 4488 1154 4542 ἄλλοι
1193 4487 1424 4550 ἕκαστος
1455 4489 1546 4541 ἐπὶ
1579 4490 1649 4544 τά
1695 4491 1870 4543 οἰκεῖα

263 4588 383 4657 ἢθη
410 4585 681 4655 ἐχώρουν.

1971 3285 2198 3352 vellent,
2226 3286 2463 3350 abirent,
2489 3297 2654 3356 atque
2708 3286 2767 3342 in
2796 3285 3030 3341 ecclesia
3058 3284 3326 3341 sedentes
3365 3299 3539 3354 nugas

1969 3385 2214 3446 agerent.
2272 3377 2349 3431 ita
2406 3385 2623 3445 tempus
2666 3377 3082 3434 extrahebatur.
3118 3376 3183 3431 Et
3243 3376 3540 3431 vocabatur

1969 3468 2190 3538 quidem
2221 3485 2346 3523 cum
2374 3469 2494 3523 suis
2526 3469 2580 3523 in
2605 3478 2931 3524 conventum
2964 3470 3219 3525 Aeacius.
3254 3470 3333 3524 llli
3359 3479 3541 3523 autem

1969 3568 2150 3614 certos
2173 3560 2462 3631 episcopos
2490 3562 2545 3614 in
2580 3560 2778 3617 Leonte
2806 3561 3029 3616 domum
3056 3603 3071 3628 ,
3102 3561 3193 3617 ubi
3224 3563 3543 3631 frequentes

1970 3652 2075 3723 ipsi
2110 3668 2233 3709 esse
2265 3653 2535 3718 solebant,
2559 3654 2750 3709 venire
2780 3654 3289 3720 voluerunt:atque
3319 3656 3544 3723 insuper

1969 3756 2380 3809 asseverarunt,
2415 3745 2730 3800 mandatum
2760 3760 2819 3800 se
2848 3744 2916 3799 ab
2951 3744 3281 3816 imperatore
3314 3744 3545 3807 habere,

1973 3848 2032 3893 ut
2060 3838 2197 3894 alios
2228 3838 2561 3908 judicarent.
2614 3837 2721 3893 Sed
2769 3853 2944 3909 neque
2974 3838 3222 3893 eamdem
3262 3854 3388 3893 cum
3418 3839 3543 3893 aliis

1971 3932 2133 3986 fidem
2164 3931 2431 4001 proﬁteri,
2468 3947 2646 4000 neque
2697 3931 2764 3985 ad
2797 3933 3008 4004 objecta
3036 3933 3268 3987 crimina
3307 3948 3542 4001 respon-

1971 4024 2122 4088 dere,
2165 4023 2499 4077 sustinuere.
2533 4022 2675 4088 Quin
2708 4025 2873 4077 etiam
2911 4023 2980 4077 ad
3023 4023 3210 4094 Cyrilli
3246 4026 3320 4098 (ι)
3352 4026 3543 4080 lliero-

1972 4115 2278 4185 solymitani
2326 4129 2549 4169 causam
2594 4114 2922 4169 audiendam
2969 4113 3203 4181 invitati,
3238 4131 3402 4185 quem
3436 4117 3539 4185 ipsi

1972 4209 2293 4277 episeOpatu
2348 4206 2501 4259 abire
2559 4206 2869 4274 jusserant,
2922 4222 3033 4262 non
3079 4207 3307 4263 all‘uere.
3353 4206 3541 4276 Neque

1971 4298 2119 4351 enim
2151 4296 2244 4365 qui
2274 4309 2369 4350 eos
2398 4292 2617 4365 cogeret
2640 4337 2657 4363 ,
2688 4296 2880 4351 aderat
2917 4298 3232 4368 quisquam.
3279 4299 3351 4355 At
3385 4302 3546 4354 alteri

1973 4389 2051 4443 illi
2100 4403 2208 4441 non
2264 4388 2420 4441 modo
2452 4387 2623 4441 libere
2667 4387 2784 4443 haec
2826 4399 3079 4459 egerunt,
3128 4390 3223 4446 sed
3278 4392 3543 4447 Acacium

1972 4481 2161 4546 etiam,
2193 4489 2249 4533 et
2278 4480 2591 4550 quicunque
2616 4478 2683 4532 ad
2726 4495 2852 4534 eum
2880 4482 3255 4553 confugissent
3282 4524 3297 4549 ,
3340 4489 3545 4557 quippe

1905 4560 1954 4620 ι)
1983 4572 2077 4641 qui
2106 4572 2369 4625 intentata
2397 4569 2480 4625 eis
2502 4569 2733 4625 crimina
2753 4571 2964 4630 diluere
2993 4576 3324 4643 timuissent,
3356 4580 3542 4650 digni-

266 4693 387 4737 tate
412 4681 761 4750 ptivarunt:
836 4674 1132 4745 Georgium
1180 4676 1392 4731 scilicet
1442 4676 1899 4741 Alexandrinum,
1941 4672 2204 4731 Uranium
2262 4668 2509 4739 Tyrium,
2564 4666 2943 4740 Patrophilum
3009 4668 3543 4742 Scytbopolitanum,

262 4786 326 4831 et
361 4774 679 4830 Eudoxinm
725 4774 1181 4829 Antiochenum:
1239 4775 1378 4829 alios
1437 4783 1621 4829 autem
1675 4768 2262 4829 exeommunieationis
2332 4769 2533 4823 canoni
2598 4766 2916 4838 subjecere,
2953 4768 3129 4824 donec
3160 4753 3261 4824 'de
3302 4772 3546 4826 crimini-

266 4875 385 4927 bus
412 4873 499 4926 eis
530 4872 766 4942 objectis
801 4888 900 4941 per
928 4887 1108 4927 causa:
1141 4870 1441 4926 dictionem
1471 4870 1869 4926 satisfacerent.
1914 4868 2076 4939 790
2140 4868 2318 4935 Atque
2380 4864 2434 4919 id
2467 4863 2614 4934 quod
2642 4863 2711 4919 de
2746 4865 2828 4920 eis
2856 4873 3038 4919 actum
3066 4874 3247 4929 esset,
3292 4869 3541 4934 partimin.-

262 4968 508 5021 cuilibet
532 4965 928 5034 perscripsere.
978 4964 1046 5018 Et
1095 4967 1149 5020 in
1194 4962 1425 5017 Eudoxii
1494 4964 1673 5017 locum
1741 4961 2045 5016 Antiochia:
2104 4958 2381 5013 Attianum
2422 4971 2811 5026 surrogavere,
2870 4954 3130 5012 Ecclesia:
3186 4957 3541 5014 Antiocbcna:

263 5061 669 5131 presbyterum
703 5075 903 5130 :quem
932 5058 1219 5114 confestim
1240 5059 1472 5111 Aeacius
1491 5055 1972 5124 comprehensum,
2001 5053 2196 5108 Leonte
2221 5061 2277 5107 et
2308 5050 2559 5105 Lauricio
2585 5049 2827 5117 tradidit,
2853 5050 2945 5119 qui
2977 5050 3079 5104 sub
3103 5051 3322 5105 militari
3354 5061 3541 5106 custo—

265 5157 372 5208 dia
394 5169 527 5207 eum
564 5163 824 5216 tenuere,
851 5164 904 5207 et
941 5162 1128 5222 postea
1177 5150 1374 5205 exsilio
1407 5149 1871 5204 condenntavere.
1908 5148 1974 5201 Et
2030 5162 2119 5201 res
2150 5145 2376 5215 quidem
2400 5144 2665 5199 Seleucia:
2694 5143 2748 5197 in
2794 5143 3004 5213 synodo
3037 5153 3189 5207 actae,
3221 5144 3383 5199 sicuti
3446 5162 3540 5199 eas

264 5247 682 5317 compendiose
703 5260 983 5315 exponere
1012 5244 1192 5315 potui,
1227 5244 1376 5298 hunc
1414 5242 1661 5295 habuere
1720 5243 1901 5296 tinem.
1942 5238 2045 5305 Qui
2103 5254 2241 5293 vero
2280 5248 2535 5292 accurate
2597 5239 2780 5291 omnia
2830 5250 3162 5306 cognoscere
3219 5238 3408 5303 velint,
3471 5255 3536 5293 ev

266 5349 400 5415 ejus
430 5343 573 5397 actis
601 5357 665 5395 ea
694 5339 908 5411 petant,
928 5357 1050 5411 quae
1080 5339 1337 5405 dispositi
1398 5339 1595 5392 notarii
1658 5335 1935 5405 diligentia
1976 5350 2187 5388 stunma
2211 5332 2515 5388 confecere.
2553 5332 2738 5387 Rebus
2773 5331 2845 5384 ita
2882 5329 3266 5401 gestis,A.cacii
3297 5329 3539 5386 fautores

263 5436 546 5495 celeriter
600 5435 668 5489 nd
704 5439 1093 5504 imperatorem
1118 5442 1250 5488 sunt
1293 5432 1544 5503 profecti.
1575 5431 1678 5485 Alii
1730 5445 1860 5484 vero
1900 5429 2123 5484 domum
2157 5429 2387 5497 quisque
2434 5442 2588 5482 suam
2626 5434 2973 5497 receperunt.

1973 5610 2077 5668 hoc
2123 5622 2311 5667 contra
2358 5610 2729 5667 Ecelesiastici
2778 5609 3006 5665 canonis
3060 5608 3540 5665 consuetudinem.

350 5620 430 5689 (ι)
460 5616 703 5688 Cyr-illus
746 5633 775 5669 a
821 5588 1034 5686 synedo
1065 5611 1131 5666 ad
1177 5612 1569 5681 imperatorem
1600 5627 1862 5681 provoca-
1973 5610 2077 5668 hoc
2123 5622 2311 5667 contra
2358 5610 2729 5667 Ecelesiastici
2778 5609 3006 5665 canonis
3060 5608 3439 5665 consuetndim

350 5732 375 5751 η,
409 5702 467 5741 et
502 5697 808 5751 "inperator
839 5685 1284 5751 provocationem
1315 5684 1660 5751 approbavit.
1697 5681 1919 5736 Factum
3176 5679 3439 5751 (δυοῖσι.)

266 5681 375 5754 Vit,
409 5681 467 5741 et
502 5681 808 5756 t'tnperator
839 5681 1284 5755 provocationem
1315 5684 1660 5753 approbavit.
1697 5681 1919 5736 Factum
