4286 6438
737 425 842 488 399

1961 427 2380 516 NICEPIIORI
2421 427 2506 487 CA
2522 429 2758 488 LLISTX

3881 429 3989 493 400

738 536 1057 601 resurrexit,
1096 544 1151 591 et
1184 547 1437 607 recrptns
1470 546 1555 592 est
1602 537 1654 590 in
1689 537 1854 592 cmlos
1881 578 1894 598 ,
1931 547 1992 591 ut
2027 537 2212 590 sedeat
2256 537 2307 590 in
2344 553 2383 605 Α
2420 556 2430 589 τ

2297 555 2307 590 I
2344 553 2383 605 Α
2420 541 2602 590 πίστιν
2640 539 2768 591 ἄλλο
2802 555 2852 590 τι
2909 536 3290 608 κηρύτσοντας
3337 540 3653 606 ἀλλοτρίους
3704 537 3840 593 εἶναι
3889 543 3989 611 τῆς

736 633 929 686 dextra
963 632 1165 692 Patris,
1192 641 1460 697 venturus
1495 648 1714 685 rursum
1746 632 1797 685 in
1831 632 2002 701 gloria
2047 633 2112 685 ad
2151 633 2301 700 judi-

733 723 968 776 candum
1008 724 1158 776 \ivos
1188 732 1242 776 et
1290 732 1552 776 mortuos.
1590 723 1879 778 Credimus
1924 733 2104 778 autem
2157 736 2212 778 et
2247 725 2300 778 in

734 815 996 885 Spiritum
1035 823 1308 877 sanctum,
1370 830 1530 882 quem
1580 814 1920 867 Paracletum
1977 816 2300 876 nominavit,

732 919 787 962 et
852 908 1149 960 missurum
1205 921 1262 960 sc
1314 915 1436 976 post
1495 923 1656 960 sumn
1690 907 1991 961 discessum
2040 908 2303 976 apostolis

734 1002 1007 1073 promisit,
1043 1001 1203 1055 sicuti
1255 1011 1309 1053 et
1347 1001 1495 1054 misit
1520 1001 1768 1055 Salvator
1793 1011 1848 1055 et
1892 1002 2160 1054 Dominus
2207 1017 2303 1054 no-

732 1109 846 1150 ster
887 1113 900 1148 :
931 1112 1028 1165 per
1064 1110 1223 1162 quem
1256 1104 1309 1146 et
1341 1094 1643 1147 sanctificat
1694 1094 1748 1146 in
1785 1095 2025 1148 Ecclesia
2062 1093 2298 1148 creden-

735 1198 853 1249 tes,
904 1196 959 1241 et
1022 1185 1326 1255 baptizatos
1360 1185 1412 1237 in
1451 1186 1674 1238 nomine
1719 1185 1904 1238 Patris
1948 1193 2004 1238 et
2059 1184 2178 1238 Filii
2246 1192 2301 1238 et

734 1283 978 1351 Spiritus
1001 1279 1196 1333 sancti.
1237 1278 1338 1344 Qui
1377 1279 1504 1332 vero
1542 1287 1740 1347 prater
1785 1277 1926 1331 hanc
1957 1277 2118 1331 fidem
2148 1277 2297 1330 aliud

731 1374 1032 1444 quidquam
1093 1372 1412 1442 prmdicant,
1461 1386 1555 1424 eos
1606 1369 1674 1423 ab
1722 1370 1968 1424 Ecclesia
2031 1370 2299 1424 catholica

729 1483 849 1521 esse
882 1467 1145 1520 alienos.)
1188 1467 1311 1517 Haec
1346 1472 1429 1516 cst
1469 1463 1646 1517 Acaeii
1693 1461 1949 1516 formula.
1991 1462 2089 1516 Cui
2134 1463 2298 1516 etiam

730 1557 987 1612 factionis
1031 1557 1150 1625 ejus
1199 1555 1441 1609 fautores
1499 1553 1722 1623 triginta
1763 1554 1872 1607 duo
1924 1553 1998 1607 illi
2051 1553 2301 1608 subscri-

729 1665 906 1718 psere.
933 1648 1012 1702 Ad
1046 1664 1209 1717 quam
1239 1647 1581 1716 Sophronius
1623 1646 1901 1714 Paphlago
1933 1646 2300 1715 Pompeiopo-

729 1742 931 1795 litanus
966 1740 1259 1809 episcopus
1283 1747 1472 1806 aperte
1504 1739 1616 1789 hare
1643 1736 1809 1787 verba
1838 1736 2042 1786 dixisse
2070 1732 2250 1785 fertur
2281 1747 2295 1785 :

727 1834 780 1887 Si
817 1833 1063 1901 quotidie
1107 1831 1446 1883 voluntatem
1487 1842 1640 1880 suam
1683 1839 1962 1893 exponere
1990 1866 2004 1890 ,
2042 1823 2161 1878 fidei
2191 1823 2302 1878 for-

2411 633 2709 701 καθολικῆς
2753 632 3102 700 Ἐκκλησίας.
3165 654 3183 686 ι
3218 634 3281 687 Ἣ
3323 636 3421 704 μὲν
3467 631 3560 687 οὖν
3602 637 3865 687 Ἀκακίου
3901 635 3992 685 ἐκ·

2407 725 2550 787 δοσις
2582 724 2716 794 αὕτη
2745 741 2755 753 ·
2783 726 2847 793 ἢν
2882 726 2980 778 σὺν
3012 727 3161 796 αὐτῷ
3192 728 3284 779 καὶ
3311 728 3360 779 οί
3391 727 3520 796 περὶ
3553 727 3714 779 αὐτον
3740 727 3833 780 δύο
3855 726 3988 793 πρὸς

2406 819 2519 876 τοῖς
2559 816 2858 883 τριάκοντα
2894 817 3370 886 καθυπέγραψαψ
3407 818 3540 885 πρὸς
3577 819 3641 887 ἦν
3678 818 3987 885 Σωφρονιος

2406 909 2434 958 ὁ
2468 907 2776 975 Παφλαγὼν
2807 909 2903 976 τὴν
2933 909 3220 978 Πομπηΐου
3250 909 3652 980 ἐπιτροπεύων.
3678 909 3985 979 διαρρήδην

3123 1002 3301 1055 εἰπεῖν
3350 1003 3608 1070 λέγεται·
3642 1002 3703 1053 Εἰ
3751 1002 3809 1052 το
3850 1001 3986 1052 ἰδίαν

2408 1091 2643 1154 ἑκάστης
2674 1091 2887 1161 ἡμέρας
2920 1092 3235 1144 ἐκτίθεσθαι
3267 1093 3524 1162 βούλησιν
3565 1090 3802 1152 πίστεώς
3839 1094 3985 1142 ἐστιν

2407 1003 2592 1060 αὐταῖς
2639 1000 2752 1064 λέξε
2767 1018 2849 1052 σιν
2895 1000 3067 1062 οὕτως

2407 1185 2641 1248 ἓκΟεσις,
2679 1185 2947 1253 ἐπιλείψει
2974 1187 3123 1254 ἡμᾶς
3169 1187 3200 1253 ἡ
3234 1187 3333 1251 τῆς
3382 1186 3644 1249 ἀληθείας
3698 1184 3982 1253 ἀκρίβεια.

2417 1273 2477 1328 Ὀ
2515 1274 2611 1342 μὲν
2657 1273 2748 1327 οὖν
2807 1274 3119 1342 Παφλαγὼν
3155 1275 3461 1343 Σωφρόνιος
3510 1272 3684 1324 ταῦτα
3724 1273 3982 1339 τηνικάδε

2405 1354 2634 1435 ἐϐόησεν
2653 1382 2668 1396 ⁸
2695 1366 2806 1434 ἐγὼ
2853 1367 2907 1418 ΐέ
2962 1384 3105 1435 φημι
3137 1367 3211 1427 ὡς
3236 1365 3289 1416 εί
3311 1382 3372 1432 γε
3391 1366 3438 1416 οἱ
3473 1365 3577 1433 πρὸ
3602 1363 3783 1422 αὐτῶν
3814 1365 3907 1415 καὶ
3935 1363 3984 1415 οί

2407 1458 2525 1526 μετ’
2566 1456 2812 1519 ἐκείνους
2867 1458 3041 1510 τοιάδε
3097 1458 3228 1526 περὶ
3275 1459 3373 1526 τῆς
3413 1459 3470 1510 ἐν
3502 1457 3709 1525 Νικαία
3743 1456 3983 1516 πίστεως

2406 1551 2498 1602 καί
2525 1549 2825 1602 διενοοῦντο
2872 1553 2964 1602 καὶ
3006 1551 3296 1618 ἔπραττον,
3341 1549 3634 1614 ἀκίϐδηλον
3685 1549 3750 1600 ἂν
3791 1549 3851 1600 τε
3884 1549 3982 1614 τῆς

2417 1642 2742 1708 Ἰζκκλησίας
2795 1643 2976 1707 δόγμα
3009 1643 3392 1713 ἐιατετήρητο,
3432 1642 3528 1694 καὶ
3567 1644 3720 1693 πᾶσα
3754 1644 3983 1708 ἐρεσχε-

2405 1733 2493 1784 λία
2525 1727 2593 1799 ἦν
2629 1732 2694 1784 ἂν
2729 1732 2836 1783 τῶν
2877 1733 3038 1784 Οείων
3075 1735 3381 1803 περιϐόλων
3437 1734 3678 1801 μακράν.
3718 1731 3826 1782 Καὶ
3859 1733 3980 1782 τότε

2407 1822 2510 1892 μὲν
2558 1824 2650 1876 τὸν
2687 1822 2945 1891 σύλλογον
3001 1825 3175 1887 ἔλυον,
3239 1824 3462 1875 πλεῖστα
3521 1823 3654 1885 πυὸς
3715 1821 3980 1890 ἀλλήλους

727 1900 929 1981 mulam
981 1925 1148 1979 cdere
1206 1929 1310 1982 est,
1373 1919 1636 1973 destituet
1671 1932 1771 1970 nos
1815 1917 2069 1971 veritatis
2119 1917 2297 1986 ipsius
2333 1900 2419 1966 3-.

2289 1934 2297 1970 ι
2333 1900 2369 1953 Β
2404 1916 2531 1984 περὶ
2564 1915 2671 1968 τῶν
2694 1919 3192 1986 κατηγορουμένων
3225 1916 3469 1978 εἰπόντες
3504 1933 3559 1968 τε
3595 1918 3690 1968 καὶ
3713 1916 3981 1968 ἀκούσαν-

727 2017 1023 2073 eertitudo.
1055 2012 1400 2083 Sophronius
1423 2009 1645 2079 quidem
1703 2009 1806 2063 hoc
1858 2017 1972 2061 tum
2032 2009 2112 2063 sic
2159 2023 2296 2063 voce

731 2126 920 2178 magna
950 2108 1085 2162 dixit
1112 2131 1124 2165 ε
1161 2105 1326 2176 788
1366 2118 1465 2173 ego
1497 2119 1623 2155 vero
1652 2099 2002 2166 censuerim,
2045 2100 2086 2152 si
2123 2108 2178 2153 et
2204 2101 2294 2170 qui

728 2213 853 2257 ante
893 2218 990 2256 eos
1044 2201 1217 2258 fuere,
1249 2210 1304 2252 et
1335 2197 1427 2266 qui
1458 2211 1554 2250 eos
1594 2204 1721 2249 sunt
1774 2193 1971 2255 secuti.
2005 2193 2195 2247 itidem
2230 2193 2296 2246 de

727 2298 943 2351 Niezena
977 2292 1101 2346 fidei
1131 2290 1469 2361 professione
1488 2286 1810 2356 cogitassent
1843 2295 2005 2353 atque
2035 2284 2294 2354 egissent.

727 2393 1003 2446 sincerum
1051 2384 1306 2441 Ecclesia:
1347 2383 1537 2451 dogma
1577 2388 2025 2439 eonservatnros,
2065 2387 2121 2432 et
2157 2377 2296 2430 deli-

728 2487 976 2535 ramenta
1017 2477 1198 2531 omnia
1236 2475 1391 2542 longe
1424 2487 1451 2524 a
1496 2471 1666 2524 sacris
1701 2469 1961 2524 Ecclesiae
2000 2471 2168 2539 septis
2201 2469 2296 2521 ab-

728 2575 910 2625 futura
947 2568 1142 2623 fuisse.
1177 2565 1253 2619 Ae
1307 2574 1419 2617 tum
1471 2562 1697 2632 quidem
1729 2577 1852 2614 eum
1889 2560 2046 2614 alteri
2091 2560 2296 2614 alteros

726 2667 1070 2720 accusantes,
1109 2656 1341 2726 plurima
1371 2664 1420 2708 et
1457 2653 1727 2707 dixissent
1752 2661 1806 2707 et
1838 2652 2141 2714 audissent,
2165 2667 2296 2706 eon-

723 2768 911 2809 sessus
935 2761 1021 2805 est
1050 2750 1282 2804 solutus.
1312 2746 1519 2811 Quarto
1555 2759 1849 2814 congressu
1881 2744 2046 2798 multa
2067 2744 2296 2797 futiliter

727 2847 913 2916 nugati
951 2855 1099 2899 sunt.
1155 2842 1215 2895 Et
1247 2840 1480 2892 Aeacius
1528 2838 1664 2893 nihil
1707 2837 1950 2897 obstare,
1996 2839 2127 2905 quin
2191 2838 2293 2891 alia

731 2941 862 2994 fides
887 2937 1166 2998 ederetur,
1202 2931 1572 2986 contendebat
1600 2971 1613 2992 ,
1649 2929 2091 2998 quandoquidem
2125 2929 2290 2983 semel

725 3033 941 3086 Nierena
982 3026 1213 3080 formula
1263 3033 1470 3078 mutata
1541 3031 1724 3084 esset;
1778 3037 1886 3074 non
1933 3022 2124 3088 semel,
2185 3022 2295 3074 imo

726 3138 916 3178 verum
948 3119 1167 3188 sa‘pius.
1204 3117 1280 3172 Ad
1318 3132 1438 3185 qure
1491 3114 1744 3169 Eleusius
1776 3112 2080 3183 Cyzicenus
2111 3131 2123 3168 :
2171 3112 2294 3168 llmc

727 3213 988 3284 synodus.
1023 3209 1185 3271 dixit,
1220 3215 1424 3261 coacta
1474 3213 1577 3268 est,
1630 3220 1738 3258 non
1795 3213 1855 3257 ut
1891 3203 2134 3257 addiscat
2173 3219 2294 3272 qure

729 3307 882 3376 prius
913 3321 1022 3358 non
1052 3301 1334 3361 didicerit,
1359 3313 1535 3367 neque
1562 3305 1620 3350 ut
1652 3296 2019 3365 probatiorem
2053 3297 2294 3362 inveniat

734 3397 918 3461 tidem,
953 3411 1113 3463 quam
1164 3408 1225 3447 ea
1250 3401 1333 3446 est
1367 3406 1486 3459 qua:
1516 3405 1542 3441 a
1581 3389 1847 3443 Patribus
1875 3388 2179 3443 Antiochia:
2211 3396 2295 3444 est

732 3489 1090 3560 promulgata.
1151 3485 1284 3539 Nam
1334 3484 1386 3535 in
1439 3481 1559 3550 ejus
1610 3479 2023 3534 definitionibus
2067 3493 2291 3532 assensu

727 3581 1146 3651 conquiescens,
1172 3574 1421 3645 quamvis
1455 3572 1600 3625 aliud
1637 3571 1935 3640 quidquam
1968 3571 2035 3624 ab
2067 3586 2128 3625 ea
2161 3571 2294 3625 eda-

727 3685 837 3737 tur,
880 3690 985 3728 non
1027 3683 1207 3726 tamen
1258 3683 1500 3738 unquam
1540 3666 1687 3720 illam
1736 3665 2027 3734 relinquet.
2061 3664 2159 3718 Cui
2194 3680 2295 3735 ego

726 3769 957 3823 ohvians
1008 3766 1238 3819 dixerim
1276 3781 1286 3814 :
1318 3761 1602 3828 Quomodo
1647 3759 1890 3819 tandem,
1937 3758 2117 3812 Eleusi
2176 3774 2296 3828 pes-

725 3860 882 3918 sime.
912 3857 1003 3926 qui
1058 3853 1359 3908 Antiochia:
1407 3849 1720 3921 congregati
1772 3850 1947 3910 fuere,
1979 3848 2164 3902 Patres
2204 3866 2296 3904 vo-

727 3951 849 4005 eas?
871 3948 1038 4003 Multo
1068 3946 1215 4000 enim
1250 3945 1421 4013 magis
1447 3945 1638 3996 Patres
1659 3949 1709 3995 te
1746 3941 2030 3995 nominare
2054 3956 2148 3994 eos
2165 3957 2296 3995 con-

723 4041 996 4104 veniebat,
1051 4039 1143 4108 qui
1197 4038 1390 4091 Nicaeae
1443 4033 1835 4090 convenientes
1867 4072 1882 4096 ,
1922 4049 2027 4086 una
2060 4048 2193 4088 voce
2231 4033 2291 4085 τὺ

722 4131 1028 4202 ὁμοοῦστον,
1047 4127 1516 4195 consubstantiale,
1539 4127 1983 4197 promulgarunt:
2003 4142 2124 4181 cum
2148 4129 2292 4196 quod

727 4234 970 4294 tempore
1001 4231 1128 4275 sunt
1164 4221 1513 4284 vetustiores,
1544 4227 1656 4271 tum
1687 4218 1833 4287 quod
1865 4218 1956 4287 qui
1987 4217 2293 4272 Antiochiae

723 4316 898 4371 coacti
932 4325 1080 4373 sunt,
1103 4315 1170 4366 ah
1197 4313 1304 4365 illis
1335 4326 1613 4365 sacrorum
1642 4325 1930 4372 munerUm
1955 4310 2292 4364 functionem

723 4417 1079 4475 acceperunt.
1110 4403 1330 4467 Quodsi
1373 4401 1459 4455 isti
1510 4411 1694 4470 patres
1741 4415 1872 4454 suos
1897 4401 2292 4470 reprobarunt,

723 4496 1030 4567 parricidas
1058 4495 1242 4565 potius
1265 4508 1426 4562 quam
1479 4490 1668 4546 Patres
1706 4506 1801 4546 eos
1832 4490 2003 4544 dicas.
2031 4491 2164 4557 Quis
2194 4492 2295 4545 ita-

2402 2023 2519 2068 τεςο
2546 2009 2610 2076 τῇ
2647 2007 2701 2058 δὲ
2731 2008 2966 2078 τετάρτῃ
3019 2008 3334 2060 συνελεύσει
3391 2008 3559 2075 πολλὴ
3595 2008 3884 2074 ἀδολεσχία
3929 2010 3982 2060 ὐ-

2403 2100 2644 2167 φαίνετο.
2680 2100 2825 2152 Ὀ’δ“
2865 2101 3125 2163 Ἀκάκιος
3183 2102 3492 2170 ἰσχυρίζετο
3535 2102 3702 2168 μηδὲν
3739 2098 3883 2153 εἶναι
3920 2104 3979 2155 τὸ

2401 2192 2654 2261 ὲμτιοδὼν
2693 2192 2889 2263 ὲτὲραν
2943 2194 3126 2245 πίστιν
3163 2195 3428 2259 εἰσάγειν,
3476 2195 3596 2246 ἐπεὶ
3648 2195 3910 2260 καθάπαξ
3946 2200 3976 2262 ἠ

2402 2287 2456 2337 ἐν
2485 2285 2686 2355 Νικαίᾳ.
2737 2287 2919 2348 πίστις
2965 2287 3332 2354 μετεποιήοη·
3373 2289 3463 2339 καὶ
3491 2288 3586 2357 οὐχ
3624 2290 3790 2354 ἅπαξ,
3842 2291 3978 2343 ἀλλὰ

2399 2377 2462 2447 δὴ
2499 2378 2590 2428 καὶ
2623 2377 2907 2438 πολλάκις.
2948 2379 3088 2448 Πρὸς
3121 2380 3175 2431 δὲ
3216 2381 3388 2434 ταῦτα
3427 2383 3698 2444 Ἐλεῦσινις
3736 2383 3762 2433 ὀ
3810 2385 3978 2447 Κυζί-

2399 2486 2519 2530 κου,
2560 2469 2627 2520 Ἡ
2674 2468 2789 2531 νῦν,
2830 2470 2988 2538 φησι,
3025 2470 3240 2534 σύνοδος
3295 2474 3584 2543 ἡθροίσθη,
3619 2475 3714 2544 οὐχ
3748 2475 3833 2527 ἶνα
3863 2477 3977 2545 γνῷ

2397 2561 2432 2613 ἃ.
2459 2560 2532 2631 μὴ
2554 2558 2678 2629 ἔσχε
2717 2560 2964 2628 μαθοῦσα
2997 2564 3283 2632 πρότερον,
3324 2566 3432 2617 οὐδ’
3472 2565 3556 2618 ἵνα
3585 2567 3972 2638 δοκιμωτέραν

2401 2654 2584 2705 πίστιν
2639 2654 2863 2723 ἐξεύρῃ,
2905 2654 3038 2723 παρ’
3069 2659 3134 2726 ἢν
3192 2658 3249 2708 ὲν
3291 2658 3598 2729 Ἀντιοχείᾳ
3662 2665 3817 2728 παρὰ
3865 2662 3976 2714 τῶν

2401 2744 2660 2815 Πατέρων
2696 2745 2909 2815 εἰλήφει
2930 2763 2945 2778 ·
2967 2749 3079 2809 τοῖς
3107 2751 3214 2818 γὰρ
3235 2750 3456 2803 ἐκείνων
3486 2752 3633 2822 ὅροις
3657 2752 3972 2822 στοιχοῦσα,

2397 2836 2497 2888 οὒκ
2538 2837 2623 2902 ἂν,
2661 2837 2712 2890 εί
2735 2855 2786 2889 τι
2821 2838 2912 2890 καὶ
2944 2838 3192 2906 γένηται,
3240 2839 3444 2908 ταύτης
3497 2843 3770 2911 ἀποσταίη
3815 2845 3972 2899 ποτέ.

2399 2927 2540 2997 Πρὸς
2588 2929 2652 2997 ἢν
2684 2929 2793 2996 ἐγὼ
2836 2929 3115 2989 ἀπαντῶν,
3153 2931 3297 2995 Πῶς,
3343 2927 3388 2984 ὦ
3440 2933 3658 2986 κάκιστ’
3702 2935 3974 3001 Ἐλεύσιι,

2399 3019 2564 3087 φαίην
2616 3021 2705 3081 ἂν,
2766 3023 3016 3090 Πατέρας
3069 3023 3198 3084 τοὺς
3246 3026 3304 3075 ὲν
3376 3026 3678 3095 Ἀντιοχείᾳ.
3744 3027 3972 3094 καλεῖςς

2399 3109 2586 3177 Πολλῷ
2614 3111 2720 3181 γὰρ
2746 3113 2991 3180 κρεῖττον
3033 3113 3274 3174 ἐκείνους
3320 3115 3522 3181 μᾶλλον
3561 3119 3746 3170 καλεῖν
3770 3135 3830 3170 σε
3866 3121 3976 3171 Πα-

2401 3202 2563 3269 τέρας
2586 3202 2657 3266 οἳ,
2681 3203 2738 3254 ὲν
2769 3204 2976 3274 Νικαίᾳ
3022 3206 3443 3274 συνδραμόντες,
3477 3209 3775 3275 ὁμοφώνως
3813 3210 3872 3261 τὸ
3921 3213 3978 3263 ὁ·

2402 3294 2652 3363 μοούσιον
2683 3297 3024 3363 ἁνεκήρυξαν
3045 3313 3058 3326 ·
3087 3300 3168 3350 ὃτι
3204 3316 3265 3366 γε
3303 3302 3394 3351 καὶ
3424 3304 3534 3361 τοῖς
3567 3303 3778 3369 χρόνοις
3802 3305 3976 3374 {mep-

2397 3389 2668 3456 τεροῦσιν,
2729 3393 2820 3442 καὶ,
2867 3385 2948 3452 οἷς
3010 3391 3059 3442 οἱ
3118 3393 3174 3444 ἐν
3212 3392 3514 3460 Ἀντιοχείᾳ
3574 3394 3823 3456 agar;
3882 3397 3976 3448 ὑπ’

2397 3481 2625 3532 ἐκείνων
2674 3482 2830 3550 ἔσχον
2890 3483 2949 3535 τὸ
3009 3484 3288 3553 ἱερᾶσθαι.
3359 3485 3422 3537 El
3489 3485 3535 3538 δ’
3587 3488 3785 3539 ἐκεῖνοι
3847 3492 3977 3551 τοὺς

2398 3573 2607 3624 ἑαυτῶν
2655 3573 2902 3642 Πατέρας
2935 3575 3228 3644 ἠθέτησαν,
3263 3577 3587 3645 πατραλοῖαι
3626 3581 3849 3646 μᾶλλον,
3882 3585 3978 3634 καὶ

2396 3662 2454 3714 οὗ
2484 3663 2744 3733 Πατέρες,
2766 3664 3017 3732 κληθεῖεν
3037 3666 3120 3718 ἄν.
3155 3667 3260 3719 Kal
3290 3667 3404 3729 πῶς
3436 3669 3500 3721 ἄν
3529 3686 3612 3731 τις
3643 3670 3828 3721 ἕποιτο
3861 3677 3976 3736 ττίς

2397 3754 2656 3818 τοιούτοις
2685 3775 2697 3822 ;
2733 3759 2792 3809 Εἰ
2819 3757 2863 3809 δ’
2887 3759 3149 3826 ἀδόκιμος
3196 3760 3421 3812 ἐκείνων
3455 3762 3485 3831 ἡ
3518 3763 3725 3825 πίστις,
3760 3767 3882 3816 οὐδὲ
3940 3769 3972 3835 ή

2399 3850 2703 3917 χειροτονία
2771 3851 2988 3913 πάντως
3048 3854 3515 3920 ὲνὰμφιλέκτοις.
3573 3854 3635 3906 El
3697 3856 3802 3924 γὰρ
3866 3861 3976 3927 πρὸ

2397 3942 2620 3993 ἐκείνων
2667 3942 2727 3994 τὸ
2769 3944 2922 4010 ἅγιον
2958 3945 3180 4013 Πνεῦμα
3225 3946 3323 3998 οὐκ
3356 3943 3528 4012 εἶχον,
3553 3948 3580 4000 ὃ
3633 3951 3872 4017 μάλιστα
3903 3957 3972 4022 τῇ

2397 4034 2642 4086 ὲπιΘέσει
2673 4034 2892 4104 ἔρχεται
2940 4038 3049 4088 τῶν
3082 4040 3308 4106 χειρῶν,
3341 4040 3450 4091 οὐδ’
3486 4039 3632 4092 οὗτοι
3669 4044 3884 4106 πάντως
3913 4047 3974 4095 ἐν

2399 4126 2628 4195 ἱερεῦσι.
2667 4127 2790 4189 HG»;
2819 4129 2926 4197 γάρ
2960 4128 3024 4180 ἂν
3050 4130 3146 4182 καὶ
3183 4130 3367 4182 λατεῖν
3398 4126 3546 4199 εἶχον
3577 4135 3726 4202 παρὰ
3755 4136 3866 4188 τῶν
3895 4137 3972 4206 μὴ

2396 4215 2652 4280 καθάπαξ
2686 4217 2994 4281 λαϐόντωνς
3031 4218 3216 4271 Ταῦτα
3249 4221 3349 4288 μὲν
3380 4222 3443 4274 ἄν
3480 4241 3564 4282 τις
3611 4227 3749 4293 πρὶς
3783 4226 3974 4279 Ἐλεύ-

2398 4325 2511 4361 σιον
2541 4311 2799 4371 ἀντιστὰς
2833 4311 2978 4363 είποι
3007 4326 3021 4340 ·
3075 4313 3176 4378 τῆς
3231 4313 3285 4364 δὲ
3319 4313 3610 4380 διαλέξεως
3651 4318 3969 4385 γινομένης,

2396 4402 2475 4459 εἰς
2509 4401 2736 4470 ζήτησιν
2760 4403 2953 4471 ἑτέραν
2990 4403 3353 4456 καΟίσταντο·
3387 4407 3477 4458 καὶ
3507 4408 3626 4458 ἐπεὶ
3661 4412 3724 4478 τῇ
3763 4410 3976 4464 ἐκδόσει

2396 4491 2580 4560 ὅμοιον
2609 4490 2820 4561 ἔφησαν
2871 4495 2950 4562 τῷ
2992 4495 3166 4561 flava
3215 4495 3307 4545 τὸν
3358 4499 3507 4558 Υἱὸν,
3556 4500 3977 4555 διεπυνθάνοντο

722 4607 828 4658 que
860 4592 994 4642 tales
1031 4589 1176 4642 viros
1212 4585 1516 4654 sequatur?
1557 4584 1623 4638 Et
1666 4583 1882 4636 illorum
1930 4583 2064 4637 fides
2111 4585 2154 4637 si
2202 4600 2292 4637 re-
2319 4580 2414 4639 D1

2282 4580 2372 4639 -D
2400 4582 2507 4634 τῶν
2538 4585 2667 4649 περὶ
2702 4582 2982 4645 Ἀκάκιον,
3041 4587 3184 4636 κατὰ
3218 4587 3267 4636 τί
3300 4587 3486 4655 ὅμοιον
3533 4591 3610 4656 τῷ
3647 4591 3820 4660 Ila-cpi
3876 4595 3974 4646 τὸν

723 4682 890 4750 proba
924 4691 1030 4743 est,
1070 4693 1171 4732 nec
1197 4677 1472 4730 ordinatio
1495 4690 1684 4729 eorum
1719 4689 1945 4744 prorsus
1967 4691 2071 4729 non
2112 4687 2290 4743 potest

727 4775 780 4827 in
820 4773 1048 4826 dubium
1089 4769 1290 4825 vocari.
1337 4768 1580 4837 Namque
1608 4767 1650 4820 si
1682 4776 1806 4820 ante
1841 4767 1976 4821 istos
2009 4768 2084 4821 illi
2119 4768 2293 4838 Spiri-

723 4877 836 4919 tum
869 4874 1121 4917 sanctum
1148 4877 1256 4914 non
1303 4860 1570 4920 habuere,
1605 4859 1696 4927 qui
1746 4875 1841 4927 per
1881 4859 2288 4929 impositionem

721 4973 981 5012 manuum
1037 4954 1269 5008 maxime
1321 4953 1494 5013 venit,
1533 4966 1709 5019 neque
1763 4951 1851 5003 isti
1887 4953 2108 5006 omnino
2150 4955 2294 5007 inter

719 5052 1006 5120 episcopos
1051 5057 1107 5101 et
1140 5044 1456 5099 sacerdotes
1491 5043 1779 5096 censendi.
1832 5043 2115 5108 Quomodo
2143 5047 2290 5100 enim

720 5142 1041 5213 dignitatem
1089 5139 1249 5192 talem
1302 5137 1370 5190 ab
1421 5137 1502 5190 eis
1551 5135 1804 5204 accipere
1838 5143 2159 5203 potuerunt,
2200 5141 2292 5207 qui

721 5236 867 5288 illam
898 5246 1176 5301 nunquam
1213 5229 1550 5282 habuerint?
1582 5228 1741 5281 llisce
1779 5229 1962 5281 verbis
1999 5229 2288 5298 quisquam

720 5336 912 5382 contra
967 5323 1245 5377 Eleusium
1276 5320 1461 5372 venire
1519 5318 1806 5386 potuisset.
1846 5318 2017 5371 Porro
2049 5319 2296 5388 disputa-

721 5419 868 5470 tione
888 5413 1296 5484 progrediente,
1315 5409 1382 5462 ad
1401 5410 1758 5478 quastionem
1784 5409 1944 5461 aliam
1965 5423 2294 5478 pervenere.

722 5513 789 5565 Et
845 5510 1106 5580 quoniam
1166 5507 1218 5559 in
1272 5503 1504 5559 formula
1565 5502 1798 5557 similem
1847 5502 2098 5556 dixerant
2146 5503 2291 5557 Patri

725 5605 947 5666 Filium,
1002 5600 1185 5654 Aeaeii
1241 5597 1407 5651 factio
1457 5596 1788 5665 interrogata
1819 5605 1926 5658 est,
1970 5611 2200 5664 quanam
2237 5613 2294 5647 ru

724 5694 956 5749 similem
1006 5692 1152 5745 Patri
1213 5689 1412 5743 Filium
1467 5687 1902 5756 profiterentur?
1940 5687 2117 5754 Atque
2179 5688 2289 5747 illa,

725 5785 1006 5837 voluntate
1037 5781 1174 5846 sola,
1212 5795 1317 5834 non
1343 5787 1523 5833 autem
1571 5777 1900 5839 substantia,
1932 5779 2164 5832 similem
2219 5780 2298 5830 di-

724 5887 881 5933 cente
908 5914 924 5942 ,
952 5875 1042 5930 alii
1070 5889 1279 5940 omnes,
1311 5872 1475 5928 etiam
1509 5872 1810 5929 substantia
1843 5871 2075 5925 similem
2109 5870 2294 5924 dicen-

2400 4676 2529 4728 Υίὸν
2560 4675 2908 4744 ὁμολογοῦσι.
2946 4675 3068 4728 Τῶν
3113 4677 3167 4729 δὲ
3203 4680 3340 4731 κατὰ
3379 4679 3638 4747 βούλησιν
3691 4683 3874 4748 μόνον,
3910 4687 3974 4736 οὐ

2402 4769 2508 4838 μὴν
2531 4768 2588 4820 δὲ
2621 4768 2716 4820 καὶ
2747 4768 2888 4820 κατὰ
2917 4768 3016 4837 τὴν
3044 4769 3232 4821 οὐσίαν
3265 4771 3405 4837 ἔχειν
3430 4770 3488 4822 τὸ
3515 4773 3722 4839 ὅμοιον,
3751 4775 3797 4825 of
3822 4775 3977 4828 ἄλλοι

2395 4862 2599 4921 πάντες
2633 4861 2725 4913 καὶ
2758 4861 2901 4913 κατὰ
2927 4862 3030 4930 τὴν
3057 4862 3249 4915 οὐσίαν
3280 4865 3469 4931 ὅμοιον
3505 4867 3850 4933 ἰσχυρίζοντο
3880 4868 3978 4918 λέ-

2395 4968 2534 5019 γειν.
2568 4950 2678 5002 Καὶ
2706 4953 2832 5021 περὶ
2867 4951 3059 5003 τούτου
3087 4952 3202 5019 ἔρις
3241 4952 3467 5021 πλείστη
3499 4955 3566 5007 δι’
3597 4957 3724 5025 ὅλης
3755 4958 3980 5026 ἡμέρας

2396 5045 2628 5111 ἐγίνετο.
2675 5045 3006 5113 Ἐξήλεγχόν
3036 5062 3094 5095 τε
3129 5048 3220 5097 καὶ
3273 5047 3390 5098 αὐτ
3412 5068 3438 5099 ν
3491 5050 3748 5102 Ἀκάκιον
3777 5051 3853 5113 ὡς
3885 5054 3980 5123 εἴη

2395 5134 2667 5203 διαφίρως
2700 5136 2916 5205 γράψας
2949 5138 3006 5188 ὲν
3057 5139 3167 5199 τοῖς
3199 5137 3364 5190 αὑτοῦ
3394 5137 3596 5205 λόγοις,
3629 5140 3724 5204 οὓς
3758 5144 3851 5194 καὶ
3881 5145 3980 5195 ὲκ-

2395 5229 2647 5292 δὲδωκεν,
2697 5231 2882 5298 ὅμοιον
2931 5233 3070 5283 κατὰ
3134 5232 3310 5284 πάντα
3355 5233 3431 5301 τῷ
3482 5235 3653 5300 [latth
3700 5235 3794 5287 τὸν
3844 5236 3980 5288 Υίδν

2398 5319 2590 5384 εἰπὼν,
2640 5323 2735 5374 καὶ
2769 5322 2970 5391 ὁμοίως
3009 5322 3255 5388 δοξάζειν
3314 5325 3521 5382 αὐτοῖς.
3575 5327 3685 5378 Kal.
3720 5325 3816 5380 νῦν
3857 5331 3982 5392 πῶς

2400 5414 2561 5480 ἀρνῇ,
2598 5411 2805 5480 ἔλεγον,
2843 5415 2902 5464 τὸ
2952 5414 3072 5466 κατ’
3103 5415 3294 5466 οὐσίαν
3346 5417 3571 5482 ὅμοιον;
3617 5418 3675 5468 ’0
3705 5419 3784 5480 δὲ,
3834 5420 3980 5473 υῦτε

2398 5505 2516 5565 νέος
2547 5521 2653 5565 τις,
2679 5506 2804 5556 οὔτε
2842 5522 2925 5566 τις
2963 5506 3068 5556 τῶν
3096 5507 3343 5575 ἀρχαίων
3377 5509 3483 5558 ἀπ’)
3516 5511 3982 5577 συγγραμμάτων

2400 5596 2626 5656 εὐοᾶνας
2681 5596 2825 5664 ἔσχε.
2861 5599 2967 5648 Καὶ
3024 5597 3196 5664 ἔριδος
3240 5599 3503 5667 πλείστης
3557 5601 3980 5668 ἀναπτομένης,

2399 5688 2550 5748 τέλος
2578 5690 2605 5740 ὁ
2639 5690 2876 5750 Κυζίκου
2923 5689 3218 5752 ἘλεύσιΟς,
3261 5690 3322 5740 Εἰ
3352 5691 3450 5758 μὲν
3508 5690 3816 5753 Βασίλειος,
3846 5692 3982 5759 ἔφη,

2400 5782 2432 5848 ἢ
2466 5781 2691 5850 Μάρκος
2753 5782 2874 5834 τινὰ
2910 5782 3031 5833 καθ’
3072 5784 3298 5845 ἑαυτοὺς
3352 5784 3694 5853 πεπραχότες
3749 5788 3912 5848 εἰσὶν,
3951 5788 3984 5857 ἢ

2403 5873 2491 5924 ἐπί
2525 5889 2667 5936 τισιν
2699 5874 2845 5937 ἰδίοις
2898 5875 3150 5944 ἀλλήλοις
3207 5876 3694 5944 ἀντεγκαλοῦντες,
3733 5878 3892 5929 οἰδὲν
3925 5881 3991 5932 τὸ
