4286 6438
274 374 381 436 401

1218 382 1819 444 ECCLESIASTlC/E
1861 385 2255 448 ΙιίδΤΟΠιιΕ
2300 389 2446 450 LIB.
2496 391 2593 453 υς.

3426 386 3532 449 602

281 492 534 545 ἐντεῦθεν
586 499 648 565 τῇ
684 498 887 569 συνῦδῳ
936 501 1106 558 ἐστίν,
1146 504 1286 559 Ἀλλ’
1318 505 1438 559 οὐδὲ
1477 509 1525 559 εἰ
1568 507 1851 577 μὴκαλῶς
1883 520 1925 574 Α

1904 511 2089 574 tdum
2137 527 2259 568 esse
2307 511 2727 567 conﬁrmabant.
2763 509 2882 575 Qua
2931 508 2998 565 de
3048 522 3107 563 re
3163 517 3278 582 toto
3330 522 3397 563 eo
3440 505 3531 560 die

275 584 309 653 ἦ
341 586 517 647 ἄλλως
546 588 681 656 ἔχει,
719 590 752 643 ἃ
778 592 931 644 αὐτοὶ
963 593 1146 649 ἔθεντο
1180 598 1584 667 περἰπίστεως,
1610 599 1851 667 ἐπάναγ-

276 693 370 730 tce:
436 679 947 751 πολυπραγμονεῖν.
1008 686 1217 757 Χρῆναι
1274 689 1319 742 δ’
1374 688 1616 759 ἠγοῦμαι
1663 693 1726 761 τῇ
1794 692 1851 742 ἐν

288 769 595 842 Ἀντιοχείᾳ
628 776 862 827 ἕπεσθαι
898 777 1038 829 ἑπτὰ
1067 780 1160 831 καὶ
1211 781 1571 850 ἐννενήκοντα
1606 781 1851 851 Πατράσι

273 863 717 938 παραδεδομένῃ.
762 867 826 920 El.
872 868 933 921 es
970 884 1051 931 τις
1090 870 1258 942 ἄλλην
1298 871 1641 942 εἰσηγεῖσθαι
1677 873 1852 924 ἐθέλοι

276 952 498 1007 ἔκθεσιν
525 958 786 1022 πίστεως,
828 960 1019 1014 τοῦτον
1065 961 1276 1017 δίκαιον
1309 965 1520 1027 πάντας
1572 964 1852 1035 ἀλλότριον

273 1045 376 1114 τῆς
404 1046 684 1113 εὐσεϐείας
722 1051 944 1122 καὶτῆς
988 1053 1320 1124 Ἑκκλησίας
1367 1057 1631 1124 νομίζειν.
1684 1054 1852 1108 Ταῦτ’

273 1137 543 1201 είπόντος,
579 1142 607 1193 ό
637 1143 894 1211 σύλλογος
912 1146 1152 1200 διελύετο
1182 1144 1366 1212 αὖθις.
1399 1148 1478 1220 Τῇ
1506 1150 1562 1202 δὲ
1587 1149 1853 1218 ὑστεραίᾳ

271 1229 460 1280 οὐκέτι
491 1232 569 1300 τῷ
594 1234 839 1304 συλλόγῳ
868 1238 1207 1307 παραὸαλιῖν
1230 1242 1280 1292 οἱ
1308 1241 1439 1310 περὶ
1476 1241 1735 1294 Ἀκάκιον
1763 1241 1855 1294 καὶ

273 1314 314 1367 Γ
316 1317 547 1387 εώργιον
566 1323 781 1391 ἡθελον.
810 1327 916 1379 Καὶ
936 1327 1099 1394 αὐτὸς
1121 1330 1178 1384 δὲ
1204 1332 1426 1395 Λεωνᾶς
1452 1331 1672 1402 κληθεὶς
1704 1334 1857 1386 ἀπεῖ-

274 1427 344 1463 πε
373 1412 472 1483 τὴν
496 1413 710 1470 ἐλευσιν
732 1434 743 1445 ’
769 1418 839 1471 τὰ
869 1419 977 1492 γὰρ
1018 1423 1243 1477 ἐκείνων
1266 1425 1483 1495 ἐφρόνει
1506 1424 1821 1495 περιφανῶς
1839 1443 1852 1455 ·

269 1505 607 1560 ἀπεστάλθαι
639 1511 847 1581 δὲπρδς
879 1515 1148 1583 βασιλέως
1179 1518 1459 1587 πρόφασιν
1494 1521 1733 1573 ἐποιεῖτο
1763 1518 1855 1571 ἐπὶ

269 1599 337 1667 τῇ
374 1600 628 1671 συνοδικῇ
664 1606 976 1678 συμφωνίᾳ.
1018 1609 1171 1661 Ἐπεὶ
1200 1610 1244 1662 δ’
1277 1608 1448 1673 οὕτως
1478 1611 1731 1671 ἀτάκτως
1754 1611 1857 1662 διί-

272 1692 501 1756 στασθε,
528 1694 660 1761 ὑμῖν
688 1696 1051 1767 συνέρχεσθαι
1077 1700 1138 1754 οὐ
1164 1701 1363 1771 ῥᾳδίως
1386 1701 1514 1771 ἔχω.
1543 1703 1602 1753 El
1635 1700 1681 1754 δ’
1699 1702 1859 1771 ὑμεῖς

270 1783 549 1851 αἱρεῖσθε,
606 1787 892 1855 ἀπέλθετε,
933 1793 1025 1843 καὶ
1058 1792 1114 1843 ἐν
1138 1794 1201 1862 τῇ
1218 1794 1489 1864 ἐκκλησίᾳ
1522 1794 1859 1864 ἐρεσχελεῖτε

269 1873 600 1942 καθήμενοι.
643 1876 857 1947 Χρόνου
889 1877 945 1931 δὲ
971 1880 1321 1952 τριϐομένου,
1356 1863 1659 1937 ἐκαλοῦντο
1680 1884 1780 1954 μὲν
1806 1882 1855 1937 οἱ
1893 1863 1935 1922 Β

270 1961 407 2029 περὶ
428 1963 680 2017 Ἀκάκιον
697 1982 710 1996 ⁸
738 1968 785 2019 οί
819 1966 873 2020 δὲ
903 1969 1103 2038 ρητοὺς
1123 1972 1204 2036 εἰς
1232 1972 1330 2044 τὴν
1352 1975 1546 2028 Δεωνᾶ
1566 1974 1745 2027 οἰκίαν
1766 1992 1858 2043 γε·

270 2051 464 2106 νέαθαι
490 2055 696 2124 ἠξίουν.
720 2062 1129 2131 Διισχυριςοντο
1148 2064 1226 2130 δὲ,
1253 2068 1589 2137 πρόσταγμα
1612 2068 1676 2121 ἐκ
1698 2066 1856 2138 βασι-

268 2142 413 2208 λέως
441 2146 587 2218 ἔχειν
620 2152 829 2221 κρίνειν
861 2156 986 2217 τοὺς
1023 2157 1240 2223 ἄλλους.
1284 2160 1351 2214 οι
1378 2162 1434 2215 δὲ
1480 2162 1606 2215 οὔτε
1639 2161 1737 2234 τὴν
1763 2162 1859 2216 αὑ-

268 2239 374 2306 τὴν
406 2243 592 2294 πίστιν
625 2246 911 2315 ὁμολογεῖν
959 2246 1263 2321 ἠνείχοντο,
1292 2251 1409 2304 ἀλλ’
1433 2253 1556 2306 οὐδὲ
1590 2255 1719 2325 περὶ
1748 2252 1859 2306 τῶν

270 2328 651 2401 ἐγκλημάτων
701 2337 1122 2407 ἀπολογεῖσθαι.
1177 2344 1492 2415 κληθέντες
1544 2346 1600 2398 δὲ
1634 2346 1729 2399 καὶ
1781 2348 1860 2410 είς

268 2420 374 2490 τὴν
413 2427 555 2479 κατὰ
615 2429 888 2499 Κύριλλον
929 2436 1021 2487 τὸν
1060 2435 1458 2510 Ἰεροσολύμων
1487 2439 1758 2504 ἐξέτασιν,
1796 2439 1861 2492 ὃν

272 2512 436 2564 αὐτοὶ
461 2515 737 2582 καθεῖλον,
760 2520 822 2573 οὐ
846 2524 1234 2593 παρεγένοντο.
1267 2527 1496 2581 Ἐκεῖνοι
1521 2529 1573 2581 δὲ
1605 2529 1775 2592 ἀδεῶς
1799 2528 1857 2581 οὐ

272 2602 443 2671 μόνον
472 2606 625 2660 ταῦτ’
656 2611 954 2681 ἔπραττον,
984 2615 1121 2671 ἀλλὰ
1178 2621 1271 2672 καὶ
1319 2622 1579 2675 ’Λκάκιον
1610 2625 1702 2675 καὶ
1732 2623 1860 2686 τοὺς

271 2703 778 2768 προσπεφευγότας
826 2710 938 2770 τοῖς
978 2711 1108 2779 περὶ
1164 2712 1396 2777 ἐκεῖνον,
1426 2712 1520 2768 ἅτε
1571 2716 1635 2785 δὴ
1668 2718 1737 2768 τὰ
1769 2717 1861 2783 ἐγ·

275 2787 544 2859 κλήματα
590 2794 920 2862 δεδοικότας,
987 2803 1279 2857 καθεῖλον·
1345 2806 1618 2877 Γεώργιόν
1668 2827 1726 2861 τε
1771 2810 1862 2860 τὸν

284 2882 730 2957 Ἀλεξανδρείας,
764 2894 860 2945 καὶ
889 2894 1158 2963 Οὐράνιον
1180 2898 1270 2952 τὸν
1297 2899 1503 2968 Τύρου,
1535 2902 1632 2953 καὶ
1656 2901 1864 2972 Πατρό-

272 2976 460 3043 φιλον,
500 2982 594 3033 καὶ
624 2982 879 3050 Εὑδόξιον
905 2986 997 3039 τὸν
1034 2987 1369 3060 Ἀντιοχείας
1395 3010 1409 3024 ο
1439 2994 1565 3057 τοὺς
1597 2994 1642 3048 δ’
1671 2995 1864 3054 ἄλλους

272 3066 686 3139 ἀκοινωνησίας
745 3076 939 3129 κανόνι
988 3080 1246 3150 ἐπέσχον,
1295 3084 1457 3154 ἄχρις
1508 3078 1570 3137 οὗ
1612 3087 1747 3154 πρὸς
1793 3088 1864 3139 τὰ

1956 606 2195 659 maxima
2232 606 2334 659 fuit
2365 605 2668 660 contentio.
2704 602 2870 676 739
2911 601 3284 670 Conqicerunt
3312 616 3531 670 quoque

1957 697 2134 765 ipsum
2185 697 2466 762 Acacium,
2515 696 2664 767 quod
2712 697 2815 752 sibi
2873 694 2976 767 ipsi
3034 704 3262 764 prepter
3320 694 3523 746 variant

1957 789 2314 859 scriptionum
2353 791 2406 844 in
2440 788 2593 844 libris
2618 790 2732 845 suis
2762 804 2898 860 quos
2928 786 3213 849 edidisset,
3250 800 3369 838 non»
3393 799 3525 836 ron-

1956 889 2145 943 staret,
2190 881 2243 937 in
2280 880 2482 949 quibus
2530 881 2683 951 prius
2734 880 2968 937 similem
3019 894 3117 949 per
3153 876 3337 931 omnia
3379 873 3531 928 Patri

1957 970 2154 1035 Filium
2190 972 2409 1038 dixerit,
2445 972 2700 1042 idemque
2723 986 2847 1027 cum
2881 969 3015 1040 ipsis
3051 966 3291 1025 senserit
3329 983 3341 1018 :
3383 978 3533 1018 nunc

1956 1079 2087 1118 vero
2110 1068 2324 1119 tandem
2372 1064 2677 1120 substantia
2727 1063 2964 1119 similem
3010 1076 3130 1118 esse
3163 1065 3411 1130 negaret.
3446 1056 3525 1110 Ad

1957 1169 2079 1223 qua:
2118 1155 2228 1219 ille,
2287 1170 2466 1225 neque
2503 1172 2569 1211 ex
2605 1155 3027 1219 recentioribus,
3079 1166 3256 1221 neque
3287 1166 3351 1204 ex
3390 1148 3535 1201 anti-

1958 1246 2081 1316 quis
2110 1262 2439 1317 quemquam
2489 1248 2555 1303 ad
2608 1248 2937 1318 scriptorum
2989 1259 3216 1302 suorum
3260 1240 3537 1297 rationem

1960 1336 2291 1392 reddendam
2326 1338 2653 1393 obstrictum
2683 1353 2826 1405 esse,
2844 1335 3150 1407 respondit.
3168 1332 3532 1390 Contentione

1960 1426 2087 1485 inde
2125 1432 2358 1486 maxime
2384 1432 2672 1501 gliscente,
2716 1438 2994 1501 postremo
3024 1427 3279 1484 Eleusius
3310 1424 3534 1496 Cyzice-

1958 1538 2083 1587 nus,
2142 1522 2429 1593 Siquidem
2464 1524 2716 1589 Basilius,
2761 1522 2977 1593 inquit,
3013 1530 3103 1576 aut
3131 1520 3360 1575 Acacius
3391 1559 3404 1585 ,
3435 1524 3537 1572 aut

1961 1612 2194 1675 Marcus,
2222 1630 2316 1679 per
2370 1630 2429 1669 se
2459 1614 2663 1685 aliquid
2695 1624 2891 1685 agant,
2926 1614 3012 1668 vel
3050 1612 3155 1683 ipsi
3187 1618 3379 1665 mutuo
3411 1620 3537 1663 sese

1961 1700 2029 1757 de
2056 1703 2312 1771 quopiam
2337 1703 2725 1769 criminentur,
2760 1705 2899 1757 nihil
2930 1705 2980 1757 id
3014 1705 3080 1758 ad
3111 1702 3379 1775 synodum
3414 1715 3535 1771 per-

1965 1794 2153 1849 tineat.
2184 1792 2290 1848 Sed
2333 1809 2510 1864 neque
2541 1810 2663 1863 quae
2694 1794 2794 1863 ipsi
2834 1794 2901 1850 de
2952 1793 3057 1848 fide
3105 1795 3222 1848 sive
3255 1801 3405 1846 recte
3433 1806 3534 1846 seu

1965 1900 2250 1956 perperam
2281 1885 2678 1955 perscripsere,
2706 1901 2929 1941 necesse
2954 1884 3223 1939 habemus
3255 1881 3534 1937 curiosius

1965 1977 2033 2032 de
2068 1976 2150 2031 eis
2192 1978 2490 2045 inquirere.
2528 1977 2771 2046 Peropns
2825 1986 3008 2030 autem
3055 1989 3176 2029 esse
3211 1973 3420 2044 judico,
3480 1971 3539 2026 in

1966 2069 2309 2140 professione
2342 2071 2681 2125 Antiocltena
2704 2086 2735 2125 a
2771 2070 3070 2138 nonaginta
3094 2081 3149 2123 ct
3171 2064 3385 2137 septem
3429 2064 3533 2121 Pa-

1968 2165 2145 2220 tribus
2200 2165 2411 2235 prodita
2452 2165 2826 2235 acquiescere.
2869 2166 2927 2221 Si
2958 2166 3084 2236 quis
3132 2174 3315 2220 autem
3372 2161 3539 2217 aliain

1966 2256 2239 2326 subjicere
2261 2258 2393 2312 velit
2424 2257 2546 2312 fidei
2573 2257 2885 2322 formulam,
2912 2273 3038 2313 eum
3071 2271 3288 2327 aequum
3321 2269 3443 2310 eSse
3477 2262 3540 2307 ut

1966 2362 2156 2403 omnes
2181 2364 2210 2402 a
2244 2365 2367 2403 vera
2403 2349 2605 2419 pietate
2635 2360 2690 2405 et
2714 2350 2955 2405 Ecclesia
2988 2348 3229 2404 alienum
3253 2362 3376 2403 esse
3407 2361 3539 2401 cen-

1966 2452 2143 2496 seant.
2202 2443 2360 2497 llisce
2421 2443 2606 2498 verbis
2658 2450 2964 2499 conventus
3021 2456 3242 2497 rursum
3295 2440 3533 2495 solutus.

1967 2535 2196 2591 Postero
2226 2546 2410 2589 autem
2444 2536 2532 2591 die
2572 2536 2801 2592 Aeacius
2832 2546 2887 2591 et
2921 2534 3190 2606 Georgius
3207 2549 3329 2589 cum
3354 2542 3539 2587 secta-

1967 2627 2182 2681 toribus
2209 2628 2325 2682 suis
2356 2627 2408 2681 in
2441 2638 2771 2682 conventum
2802 2628 2988 2681 venire
3020 2626 3334 2681 noluerunt.
3356 2625 3539 2692 Atque

1969 2718 2085 2788 ipse
2108 2717 2341 2781 Leonas,
2372 2731 2598 2774 vocatus
2624 2734 2862 2789 quoque,
2889 2735 2948 2773 se
2966 2728 3258 2774 venturum
3290 2715 3533 2785 negavit.

1968 2810 2166 2882 Aperte
2200 2828 2434 2881 namque
2468 2827 2591 2866 cum
2630 2813 2737 2867 illis
2767 2811 3078 2876 sentiebat,
3116 2810 3261 2865 illam
3320 2826 3429 2873 pra:
3477 2823 3539 2863 se

1970 2904 2155 2960 ferens
2182 2920 2425 2966 causam.
2464 2904 2533 2959 ab
2586 2905 2919 2973 imperatore
2963 2918 3021 2959 se
3064 2903 3131 2956 ad
3175 2902 3367 2972 synodi
3402 2916 3539 2956 con-

1969 2998 2212 3052 cordiam
2246 2996 2640 3051 conciliandam
2658 2996 2883 3050 missum
2913 3010 3056 3050 esse.
3081 2993 3536 3063 Quandoquidem

1970 3104 2102 3142 vero
2135 3089 2208 3143 ita
2242 3089 2391 3143 nullo
2427 3100 2646 3143 servato
2678 3088 2871 3143 ordine
2910 3088 3055 3143 inter
3091 3102 3151 3143 se
3178 3088 3537 3148 dissiderent.

270 3161 591 3274 ἐπαχθέντα
624 3168 953 3238 ἐγκλήματα
996 3173 1139 3226 δοῖεν
1168 3175 1483 3243 ἀπόλογον,
1523 3178 1617 3231 καὶ
1647 3180 1716 3232 τὰ
1770 3178 1860 3232 ἐπ’
1896 3220 1925 3277 c

1904 3220 1936 3277 Β
1972 3196 2079 3235 non
2126 3180 2284 3236 facile
2332 3180 2383 3235 ei
2411 3195 2533 3236 esse
2586 3180 2653 3235 ad
2704 3196 2799 3236 eos
2839 3181 3126 3237 accedere.
3161 3180 3217 3235 Si
3262 3196 3391 3235 vero
3435 3180 3542 3250 ipsi

273 3257 472 3321 αὐτοῖς
502 3261 776 3330 γενόμενα
810 3266 876 3334 τῇ
907 3266 1139 3319 ἑκάστου
1172 3269 1436 3342 παροικίᾳ
1469 3271 1865 3343 διεμηνύσαντο

271 3352 636 3421 γράμμασιν.
676 3355 822 3410 Ἀντὶ
874 3357 978 3429 μὲν
1030 3359 1125 3414 οὖν
1193 3362 1447 3426 Ευδοξίου
1487 3365 1735 3420 Ἀνιανδν
1797 3371 1866 3441 τῇ

284 3447 621 3517 Ἀντιοχέων
679 3454 1101 3522 χειροτονοῦσι,
1155 3458 1255 3525 τῆς
1320 3459 1504 3511 ἐκεῖσε
1568 3462 1867 3532 ἐκκλησίας

272 3545 683 3615 πρεσϐύτερον,
715 3546 775 3599 ὃν
804 3548 1004 3602 αὐτίκα
1033 3551 1083 3602 οἱ
1132 3553 1263 3622 περὶ
1308 3553 1562 3608 Ἀκάκιον
1584 3558 1865 3611 ’συλλαϐό-

276 3657 441 3710 μενοι
465 3643 659 3712 Λεωνᾷ
710 3645 802 3695 καὶ
847 3644 1136 3715 Λαυρικίῳ
1186 3647 1523 3717 παρέδοσαν,
1553 3648 1603 3700 οἳ
1649 3650 1868 3721 φρουρᾷ

273 3736 342 3787 ἐκ
377 3736 737 3803 στρατιωτῶν
759 3736 1136 3808 περιώρισαν·
1170 3740 1225 3803 ἐς
1260 3738 1494 3811 ὕστερον
1529 3741 1587 3794 δὲ
1640 3743 1731 3795 καὶ
1763 3760 1866 3812 φυ-

276 3828 388 3899 γὴν
420 3830 717 3899 ὑπερόριον
753 3830 919 3883 αὑτοῦ
953 3833 1348 3889 κατεδίκασαν.
1385 3835 1465 3888 Τὰ
1503 3835 1603 3904 μὲν
1637 3831 1733 3889 οὖν
1764 3837 1868 3907 τῆς

274 3921 339 3972 ἐν
401 3916 706 3989 Σελευκείᾳ
766 3918 987 3972 συνόδου
1045 3920 1397 3991 πραχθέντα,
1455 3923 1528 3987 ὠς
1568 3925 1625 3977 ἐν
1678 3927 1869 3978 συντό-

276 4028 369 4081 μῳ
420 4013 619 4075 εἰπεῖν,
654 4015 733 4072 είς
772 4016 928 4065 τοῦτο
985 4012 1147 4083 ἔληγε
1192 4015 1417 4078 τέλους·
1450 4011 1531 4080 οἷς
1578 4018 1624 4071 δ’
1669 4021 1867 4088 ἐπιμε-

274 4108 369 4168 λὲς
427 4107 521 4157 καὶ
566 4123 634 4157 τλ
685 4105 820 4175 πρὸς
855 4106 1052 4159 λεπτὸν
1081 4107 1190 4159 τῶν
1236 4110 1592 4178 πραχθέντων
1644 4111 1864 4175 εἰδέναι,

277 4204 347 4255 ἐκ
395 4199 503 4252 τῶν
559 4200 775 4267 ἐκείνης
825 4200 1236 4269 ὑπομνημάτων
1279 4202 1551 4266 εἴσονται,
1606 4201 1641 4256 ἃ
1707 4221 1869 4274 ταχυ·

274 4296 489 4365 γράφοι
532 4293 655 4343 τότε
706 4292 971 4360 παρόντες
1000 4292 1340 4359 ὴκρίῦωσαν.
1367 4292 1586 4346 Τούτων
1611 4294 1752 4348 οὕτω
1778 4311 1870 4362 γε·

270 4406 413 4458 γενη
423 4387 623 4455 μένων,
648 4386 697 4438 oi
730 4385 862 4452 περὶ
877 4385 1134 4436 Ἀκάκιον
1152 4384 1353 4453 σπουδῇ
1374 4387 1467 4437 ἐπὶ
1488 4387 1580 4438 τὸν
1606 4387 1869 4455 κρατοῦν-

270 4500 346 4537 τα
388 4480 716 4549 ἀνέρχονται
741 4496 755 4509 ·
799 4477 850 4531 ὁὶ
888 4477 946 4529 δὲ
1002 4476 1153 4530 ἄλλοι
1192 4475 1423 4539 ἕκαστος
1453 4478 1544 4530 ἐπὶ
1577 4478 1648 4533 τὰ
1693 4480 1868 4531 οἰκεῖα

266 4576 385 4644 ἤθη
412 4573 679 4643 ἐχώρουν.

1971 3274 2197 3341 vellent,
2226 3275 2463 3339 abirent,
2488 3286 2654 3345 atque
2709 3275 2767 3331 in
2796 3275 3030 3331 ecclesia
3058 3274 3325 3331 sedentes
3365 3290 3539 3345 nugas

1969 3374 2214 3435 agerent.
2272 3366 2349 3421 lta
2405 3375 2623 3435 tempus
2665 3367 3082 3423 extrahebatur.
3118 3366 3182 3421 Et
3243 3367 3540 3421 vocabatur

1968 3458 2189 3527 quidem
2221 3474 2345 3513 eum
2374 3459 2501 3514 suis
2526 3458 2580 3513 in
2604 3467 2931 3515 conventum
2964 3460 3218 3515 Aeacius.
3254 3460 3333 3514 Illi
3359 3469 3541 3514 autem

1968 3558 2150 3604 certos
2172 3550 2461 3621 episcopos
2490 3551 2545 3604 in
2580 3549 2777 3606 Leonte
2806 3552 3028 3607 domum
3056 3593 3070 3617 ,
3102 3552 3193 3607 ubi
3224 3554 3543 3622 frequentes

1970 3640 2074 3712 ipsi
2109 3658 2232 3698 esse
2264 3643 2535 3708 solebant,
2559 3644 2750 3700 venire
2781 3645 3289 3711 voluerunt:atque
3318 3646 3543 3714 inaupct-

1968 3746 2380 3799 asseveraruut,
2414 3735 2729 3789 mandatum
2760 3750 2818 3791 se
2848 3735 2915 3789 ab
2951 3735 3280 3806 imperatore
3313 3735 3545 3798 habere,

1972 3837 2030 3883 ut
2059 3828 2195 3883 alios
2228 3828 2561 3897 iudicarent.
2614 3826 2721 3883 Sed
2769 3844 2944 3899 neque
2973 3829 3221 3884 eamdem
3262 3845 3387 3884 cum
3418 3830 3542 3883 aliis

1970 3922 2132 3975 fidem
2163 3921 2431 3991 proﬁteri,
2467 3937 2645 3990 neque
2696 3922 2764 3975 ad
2796 3923 3008 3994 objecta
3036 3924 3268 3977 crimina
3306 3940 3541 3991 respon-

1970 4013 2121 4078 dere,
2164 4013 2499 4067 sustinuere.
2533 4012 2675 4078 Quin
2708 4016 2873 4067 etiam
2911 4013 2979 4067 ad
3022 4014 3210 4085 Cyrilli
3245 4016 3320 4089 (I)
3352 4016 3543 4071 lticro-

1971 4105 2277 4175 solymitani
2326 4118 2548 4159 causam
2593 4104 2921 4159 audiendam
2968 4104 3202 4171 invitati,
3238 4122 3401 4175 quem
3435 4108 3538 4175 ipsi

1971 4199 2292 4266 episcOpatu
2348 4196 2501 4249 abire
2559 4198 2868 4264 jusserant,
2922 4212 3033 4252 non
3078 4197 3307 4253 all‘uere.
3352 4196 3541 4266 Neque

1970 4287 2117 4341 enim
2150 4286 2243 4355 qui
2274 4299 2369 4340 eos
2398 4283 2617 4355 cogeret
2640 4327 2657 4353 ,
2688 4286 2879 4341 aderat
2916 4288 3232 4359 quisquam.
3279 4290 3349 4345 At
3384 4293 3545 4345 alteri

1972 4378 2050 4433 illi
2099 4394 2207 4431 non
2263 4377 2420 4431 modo
2450 4377 2622 4431 libere
2666 4378 2783 4433 haec
2825 4389 3078 4450 egerunt,
3127 4381 3222 4436 sed
3277 4383 3543 4437 Acacium

1971 4470 2160 4536 etiam,
2191 4478 2248 4522 et
2277 4470 2591 4540 quicunque
2615 4468 2682 4523 ad
2726 4485 2851 4525 eum
2880 4472 3254 4543 confugissent
3281 4514 3295 4539 ,
3340 4478 3544 4547 quippe

1904 4550 1953 4610 ι)
1982 4561 2076 4631 qui
2104 4562 2369 4615 intentata
2396 4560 2479 4615 cis
2501 4560 2732 4615 crimina
2752 4562 2963 4619 diluere
2992 4566 3323 4633 timuissent,
3355 4570 3541 4640 digni-

269 4680 389 4724 tate
414 4670 760 4737 ptivarunt:
834 4662 1131 4734 Georgium
1179 4664 1391 4720 scilicet
1440 4665 1898 4731 Alexandrinum,
1939 4662 2203 4720 Uranium
2261 4658 2508 4729 Tyrium,
2563 4657 2942 4730 Patropliilum
3009 4658 3542 4733 Scythopolitanmu,

265 4775 329 4819 et
363 4763 678 4818 Eudoxinm
724 4763 1180 4818 Antiocltenum:
1237 4764 1377 4819 alios
1436 4773 1619 4817 autem
1673 4759 2261 4817 excommunicationis
2331 4758 2531 4813 canoni
2597 4757 2915 4828 subjecere,
2952 4758 3128 4814 donec
3159 4744 3260 4814 'dc
3301 4761 3545 4816 crimini-

268 4861 387 4914 bus
414 4862 498 4914 eis
530 4860 765 4930 objectis
800 4876 898 4930 per
927 4876 1107 4915 causa:
1139 4859 1440 4914 dictionem
1469 4859 1867 4915 satisfacerent.
1912 4857 2075 4928 790
2138 4858 2317 4925 Atque
2378 4854 2433 4910 id
2466 4853 2613 4925 quod
2641 4853 2709 4910 de
2745 4856 2827 4910 eis
2856 4863 3037 4909 actum
3065 4866 3246 4919 esset,
3290 4860 3539 4924 parmcim

264 4955 508 5008 cuilibet
532 4953 926 5022 perscripsere.
976 4953 1045 5007 Et
1092 4956 1148 5009 in
1192 4951 1423 5007 Eudoxii
1492 4953 1671 5007 locum
1739 4951 2044 5006 Antiochiae
2103 4948 2378 5003 Attianum
2421 4962 2810 5016 surrogavere,
2869 4945 3130 5003 Ecclesia:
3186 4948 3539 5004 Antiochense

266 5048 669 5119 presbyterum
702 5064 901 5118 :quem
931 5047 1218 5102 confestim
1239 5048 1470 5100 Aeacius
1489 5045 1971 5114 comprehensum,
1999 5043 2195 5098 Leonte
2219 5050 2276 5097 et
2307 5041 2557 5095 Lauricio
2584 5040 2827 5107 tradidit,
2852 5041 2943 5110 qui
2976 5040 3078 5095 sub
3101 5042 3321 5096 militari
3353 5051 3540 5097 custo-

266 5144 374 5195 dia
397 5157 527 5194 eum
564 5152 823 5204 tenuere,
850 5151 903 5195 et
940 5152 1126 5211 postea
1175 5139 1372 5194 exsilio
1406 5138 1869 5193 conde-nutavere.
1906 5137 1972 5191 Et
2029 5152 2121 5191 res
2148 5135 2375 5204 quidem
2400 5134 2663 5189 Seleuciae
2692 5134 2747 5188 in
2793 5134 3003 5204 synodo
3035 5144 3189 5199 actae,
3221 5135 3382 5190 sicuti
3445 5152 3538 5189 eas

263 5235 680 5304 Compendiusc
702 5248 982 5303 exponere
1011 5232 1190 5303 potui,
1225 5232 1374 5286 hunc
1413 5231 1659 5285 habuere
1718 5232 1898 5285 linem.
1940 5228 2043 5295 Qui
2102 5243 2238 5283 vero
2278 5238 2533 5281 accurate
2595 5229 2778 5281 omnia
2828 5239 3160 5297 cognoscere
3218 5229 3407 5294 velint,
3470 5245 3535 5283 ex

264 5335 402 5402 ejus
432 5331 573 5385 actis
600 5345 664 5384 ea
692 5327 1049 5400 petant,un
1079 5328 1335 5394 dispositi
1395 5328 1592 5381 notarii
1655 5324 1933 5395 diligentia
1974 5340 2185 5378 summa
2209 5322 2513 5378 confccere.
2551 5322 2737 5378 Rebus
2771 5322 2844 5375 ita
2881 5322 3063 5391 gestis,
3082 5320 3266 5376 Acacii
3296 5321 3538 5376 fautores

258 5426 546 5483 celeriter
598 5423 667 5477 ad
703 5426 1091 5492 imperatorem
1116 5431 1248 5476 sunt
1292 5420 1541 5491 profecti.
1572 5420 1676 5474 Alii
1727 5434 1858 5473 vero
1898 5419 2121 5473 domum
2155 5419 2386 5487 quisque
2433 5432 2586 5471 suam
2625 5424 2972 5487 receperunt.

1971 5600 2075 5658 hoc
2120 5612 2309 5657 contra
2358 5600 2728 5657 Ecclesiastici
2776 5600 3004 5656 canonis
3059 5600 3539 5656 consuetmlincm.

355 5607 432 5676 (ι)
461 5604 701 5676 Cyr-illus
744 5620 773 5657 a
820 5576 1033 5674 synodo
1062 5599 1130 5654 ad
1176 5600 1566 5670 imperatorem
1598 5616 1860 5670 provoca-
1971 5600 2075 5658 hoc
2120 5612 2309 5657 contra
2358 5600 2728 5657 Ecclesiastici
2776 5600 3004 5656 canonis
3059 5600 3437 5656 COIISIICIIItIinl

355 5718 379 5740 .,
412 5690 468 5729 ct
501 5685 806 5740 imperator
837 5673 1282 5740 provocationem
1313 5672 1658 5740 approbavit.
1695 5670 1916 5725 Factum
3174 5670 3437 5740 (Socr:tl.)

3174 5681 3407 5742 (δςιυτιιι.

259 5670 379 5741 vit,
412 5690 468 5729 ct
501 5670 806 5744 {inperator
837 5670 1282 5743 provocationem
1313 5672 1658 5741 approbavit.
1695 5670 1916 5725 Factum
