4286 6438
765 383 863 444 £27

765 499 926 567 longe
972 497 1240 567 superasti

769 594 1025 660 regiones
1064 608 1091 644 a
1147 591 1400 645 Barbaris
1443 593 1768 661 repnrgasti.
1806 603 1862 648 et
1894 595 2038 648 domi
2073 605 2334 666 tyrannos

766 683 1156 752 totitpescuisti
1192 700 1205 735 :
1243 692 1406 750 atque
1446 683 1582 735 alios
1618 684 1842 752 quidem
1892 686 2078 740 verbis
2108 687 2330 751 ﬂexisti,

767 778 905 827 alios
949 785 1131 826 autem
1184 773 1352 825 armis
1388 772 1569 826 vicisti
1609 791 1621 826 :
1667 783 1722 826 et
1761 789 1828 827 eo
1872 789 2004 829 sane
2037 787 2334 843 utrnntque

769 869 933 922 modo
988 867 1268 936 peregisti,
1325 879 1382 920 ιιι
1431 867 1670 920 alterum
1730 867 1782 920 in
1822 867 1999 922 altero
2043 869 2178 923 nihil
2237 870 2333 924 tibi

767 970 992 1020 ath-rret
1043 962 1424 1017 dtllieultatis?
1469 963 1535 1016 Et
1570 979 1690 1015 cunt
1729 962 1900 1016 multa
1934 963 2045 1016 sint
2089 963 2234 1017 bello
2280 971 2335 1017 et

765 1062 934 1114 armis
1000 1070 1178 1128 parta,
1230 1060 1435 1128 majora
1488 1071 1669 1112 tamen
1721 1067 1775 1110 et
1831 1058 2152 1124 illustriora,
2214 1072 2334 1127 qua

765 1155 919 1208 nullo
984 1152 1164 1205 etluso
1219 1149 1486 1218 sanguine
1552 1151 1890 1204 constituisti
1953 1150 2197 1221 tropaea?
2253 1148 2332 1202 Ad

763 1261 928 1312 quem
968 1245 1336 1313 undequaque
1367 1245 1526 1313 legati
1567 1255 1622 1296 et
1662 1244 1942 1312 supplices
1971 1260 2034 1298 ex
2077 1244 2336 1313 gentibus

767 1340 930 1390 vatiis
971 1337 1287 1397 veniebant,
1328 1352 1561 1405 quarunt
1601 1337 1882 1390 nonnullae
1910 1337 2020 1404 jam
2064 1335 2334 1402 imperata

765 1431 1062 1488 faciebant,
1112 1429 1392 1482 nonnulla:
1429 1440 1613 1482 autem
1659 1428 1886 1483 facturae
1922 1427 2131 1481 erant?
2168 1426 2334 1496 806

763 1521 869 1586 Qui
900 1519 1166 1589 quidquid
1191 1535 1498 1587 spcrasses,
1543 1519 1856 1573 conlectum
1891 1518 1989 1573 tibi
2020 1519 2130 1589 jam
2166 1531 2337 1587 prope

766 1616 886 1668 fuit.
922 1613 1072 1666 Adeo
1103 1630 1265 1666 tnattu
1302 1611 1395 1665 Dei
1428 1612 1492 1665 ad
1524 1612 1750 1666 consilia
1784 1620 1839 1667 et
1866 1613 2114 1666 actiones
2144 1625 2337 1664 omnes

764 1724 822 1761 es
859 1707 1180 1776 perductus.
1207 1705 1376 1776 Cujus
1400 1705 1686 1774 prudentia
1724 1704 1945 1772 quidem
1973 1703 2144 1771 magis
2173 1718 2337 1772 quam

768 1799 1056 1860 lortitudo,
1091 1799 1260 1866 magis
1300 1812 1428 1851 vero
1475 1798 1640 1849 etiam
1679 1795 1948 1849 fortitudo
1995 1810 2164 1862 quam
2201 1809 2336 1863 pru-

1991 390 2409 452 NlCEPllOllI
2455 393 2796 452 CALLISTI

1294 516 1305 552 :
1357 497 1450 566 qui
1483 495 1613 553 foris
1664 498 1927 553 ﬁnitimas
1971 501 2331 554 circumcirca
2366 509 2406 562 Α
2437 503 2530 554 καὶ
2571 502 2694 565 τοὺς
2728 502 2866 555 οἴκοι
2901 520 2986 573 tu;

2325 522 2331 554 ι
2366 509 2406 562 Α
2437 503 2530 554 καὶ
2571 502 2694 565 τοὺς
2728 502 2866 555 οἴκοι
2901 503 3196 573 τυράννους
3226 503 3606 574 χειρούμενος,
3642 506 3766 572 τοὺς
3801 508 3900 577 μὲν
3933 510 4017 561 λό-

3911 393 4016 455 428

2442 611 2583 662 γοις,
2619 595 2740 655 τοὺς
2779 594 2831 646 ἑὲ
2863 597 2972 656 τοῖς
3004 596 3188 657 ὅπλοις
3211 612 3224 625 °
3260 597 3352 648 καὶ
3381 596 3588 650 τούτων
3622 599 3906 661 ἑκάτερον.
3945 601 4020 663 ὡς

2441 687 2607 758 μηδὲν
2643 687 2746 738 ὑπὸ
2773 688 2869 738 τοῦ
2905 687 3092 754 ἐτέρου
3121 687 3527 756 διοχλούμενος.
3564 682 3638 740 Ob
3676 689 3890 757 μεγάλα
3921 690 4022 760 μὲν

2437 784 2675 848 τρόπαια
2703 781 2770 832 τὰ
2801 778 2920 848 μεθ’
2953 780 3132 832 ὃπλων
3163 786 3254 831 καὶ
3280 780 3482 849 μάχης,
3513 780 3684 846 μείζω
3710 782 3765 834 δὲ
3800 783 3895 834 καὶ
3930 799 4024 835 πε-

2443 872 2808 940 ριφανέστερα
2842 870 2909 923 τὰ
2955 873 3272 940 ἁναίμακτα
3300 886 3315 902 ο
3352 871 3490 941 πρὸς
3532 871 3590 923 ὃν
3622 874 3713 923 καὶ
3746 872 4022 941 πανταχό-

2441 963 2532 1015 θεν
2568 964 2856 1034 πρεσϐεῖαι
2898 967 2990 1017 καὶ
3025 965 3250 1026 ίκεσίαι,
3288 958 3361 1015 ὧν
3409 965 3476 1016 τὰ
3515 963 3616 1032 μὲν
3658 963 3924 1032 ὑπήκουε,
3958 961 4025 1014 τὰ

2439 1056 2494 1109 δὲ
2513 1056 2734 1126 ἔμελλες
2767 1058 2880 1110 Πᾶν
2909 1057 2964 1109 δὲ
2987 1051 3054 1127 ἦν
3079 1057 3138 1109 τι
3159 1055 3412 1109 ἐλπισθὲν
3445 1055 3560 1108 ί¹σον
3585 1055 3661 1124 τῷ
3685 1054 4019 1124 χειρωθέντι·

2438 1151 2466 1202 ὁ
2499 1152 2643 1220 χειρὶ⁸
2696 1150 2831 1203 Θεοῦ
2869 1149 3000 1221 πρὸς
3035 1150 3216 1202 πᾶσαν
3253 1148 3346 1200 καὶ
3382 1146 3577 1216 βουλὴν
3604 1147 3699 1199 καὶ
3732 1147 3931 1216 πρᾶξιν
3966 1147 4025 1197 ό-

2438 1242 2807 1310 δηγούμενοςο
2846 1235 2907 1294 οὗ
2964 1241 3166 1310 μᾶλλον
3213 1239 3311 1309 μὲν
3350 1243 3446 1309 τῆς
3487 1240 3670 1308 χειρὸς
3705 1239 3739 1309 ἠ
3791 1237 4026 1301 σύνεσις,

2444 1337 2645 1405 μᾶλλον
2676 1335 2730 1388 δὲ
2764 1336 2862 1403 τῆς
2915 1335 3183 1396 συνέσεως
3215 1335 3248 1402 ἡ
3289 1335 3412 1403 χεὶρ
3447 1333 3792 1402 ἐθαυμάζετο
3818 1347 3831 1361 '
3863 1332 4027 1384 πλέον

2439 1429 2494 1480 δὲ
2531 1429 2628 1498 τῆς
2679 1429 2746 1480 ὲν.
2779 1429 3112 1498 ἀμφοτέροις
3156 1427 3566 1495 εὐδοκιμήσεως
3602 1426 3634 1494 ἡ
3687 1424 3964 1477 εὐσέϐεια.
4002 1441 4020 1474 ι

2442 1522 2552 1574 Kal.
2584 1521 2703 1588 μετ’
2730 1519 2888 1589 ὀλίγα
2909 1535 2924 1551 ⁸
2964 1520 3092 1582 «Τίς
3118 1521 3226 1590 γὰρ
3258 1519 3356 1571 ούκ
3377 1515 3486 1571 οίδε
3517 1519 3612 1571 καὶ
3640 1518 3748 1570 τῶν
3784 1517 4028 1586 μετρίως

2441 1617 2648 1668 ἐκεῖνον
2689 1613 3092 1681 ἐπισταμένων,
3127 1615 3209 1665 ὅτι
3255 1613 3418 1664 ἕνεκα
3454 1611 3552 1679 μὲν
3596 1610 3882 1672 εὐσεϐείας
3931 1611 4028 1662 καὶ

2439 1705 2531 1759 τοῦ
2565 1707 2691 1774 περὶ
2725 1706 2870 1774 ἡμᾶς
2906 1704 3156 1773 φίλτρου,
3186 1705 3280 1757 καὶ
3312 1705 3403 1756 τοῦ
3435 1703 3726 1773 βούλεσθαι
3759 1704 3869 1754 πᾶν
3893 1704 4028 1772 ἡμῖν

2441 1797 2667 1865 ἀγαθὸν,
2704 1798 2778 1866 μὴ
2807 1799 2888 1850 ὅτι
2939 1799 3143 1850 ικεῖνον
3179 1797 3430 1864 παρεῖδεν
3474 1796 3561 1858 ἂν,
3601 1796 3632 1866 ἦ
3663 1797 3852 1862 γένους
3903 1797 4028 1849 ὅλου

767 1890 954 1943 dt-ntia
1006 1889 1360 1941 admirationi
1411 1886 1554 1940 fuit:
1604 1887 1842 1955 amplius
1896 1896 2106 1950 autem,
2170 1899 2335 1954 quam
2371 1869 2409 1924 Β
2440 1905 2459 1939 ·ι

2333 1910 2335 1935 .
2371 1869 2409 1924 Β
2440 1888 2629 1959 τιμὴν,
2662 1889 2693 1957 ἢ
2727 1887 3044 1958 προσθήκην
3072 1889 3170 1956 τῆς
3213 1887 3515 1956 βασιλείας,
3548 1887 3686 1940 ἀλλᾶ
3722 1887 3819 1940 καὶ
3853 1887 4025 1955 αὐτῆς

770 1993 1013 2050 utraeque
1046 1981 1421 2045 ἱειιε,1ιιιι‹ίιιῑιι
1447 1979 1635 2048 pictas.
1655 1997 1671 2029 ι
1702 1979 1768 2032 Et
1791 1978 1954 2046 paulo
1984 1986 2136 2046 post:
2165 1995 2182 2027 ι
2206 1978 2339 2042 Quis

767 2078 910 2128 enim
941 2090 1134 2128 eorum
1162 2073 1328 2127 etiam
1365 2073 1455 2140 qui
1491 2072 1672 2142 aliqua
1701 2071 1893 2126 saltem
1926 2085 1991 2123 ex
2025 2079 2180 2151 parte
2209 2085 2336 2122 eum

769 2184 995 2231 novere,
1050 2168 1248 2232 nescit,
1310 2166 1463 2220 illum
1530 2176 1754 2234 propter
1808 2179 1995 2219 veram
2050 2164 2335 2234 pietatem,

767 2277 1153 2330 summumque
1178 2261 1231 2313 in
1269 2275 1372 2314 nos
1402 2275 1672 2324 amorem,
1701 2268 1760 2314 et
1790 2257 1936 2328 quod
1965 2258 2123 2311 nobis
2151 2259 2335 2310 omnia

765 2356 1002 2409 voluerit
1035 2354 1332 2409 conciliare
1375 2354 1539 2414 bona.
1577 2369 1688 2406 ttott
1733 2361 1944 2405 tantum
1981 2361 2338 2420 contemptu-

767 2464 889 2502 t'um
925 2447 1009 2502 vel
1047 2462 1267 2500 omnem
1297 2445 1520 2515 generis
1555 2445 1638 2498 sui
1675 2445 1966 2508 honorem,
1995 2442 2080 2496 vel
2114 2440 2333 2510 imperii

766 2550 1002 2609 partem,
1057 2553 1246 2591 verum
1301 2536 1467 2590 etiam
1519 2535 1956 2589 incolumitatem
1991 2534 2336 2601 salutemque

770 2642 1014 2685 nostram
1081 2628 1311 2696 imperio
1376 2627 1494 2696 ipso
1553 2627 1826 2694 rebusque
1882 2626 1999 2680 suis
2054 2625 2336 2689 omnibus,

770 2733 932 2792 atque
959 2723 1096 2776 adeo
1138 2721 1320 2774 anima
1353 2720 1492 2789 ipsa.
1522 2735 1625 2787 qua
1663 2719 1801 2772 nihil
1835 2727 1918 2771 est
1953 2717 2213 2771 omnibus
2245 2717 2342 2769 lto-

769 2816 1013 2872 minibus
1065 2813 1288 2867 charius
1336 2820 1390 2867 et
1427 2810 1821 2881 prmstabilins,
1865 2818 2337 2864 commutaturum

771 2908 978 2963 fuisse?
1015 2905 1229 2960 Nemini
1267 2905 1540 2973 siquidem
1576 2918 1818 2972 unquam
1849 2911 2033 2956 tantus
2060 2902 2137 2955 rei
2165 2901 2338 2953 alicu-

767 3005 880 3071 jus,
911 3008 1154 3067 quantus
1183 2997 1291 3058 illi,
1319 2995 1485 3049 ardor
1515 3005 1570 3049 et
1596 3009 1751 3048 amor
1794 2992 2045 3055 incessit,
2093 3002 2152 3046 ut
2179 2990 2341 3046 Chri-

773 3093 935 3147 stiani
995 3089 1140 3144 aucti
1199 3088 1526 3156 honestique
1583 3095 1791 3151 essent,
1847 3094 1902 3139 et
1953 3085 2018 3136 ad
2067 3097 2338 3137 summam

773 3185 1000 3254 gloriam
1039 3191 1093 3236 et
1132 3181 1432 3251 potentiam
1465 3179 1842 3249 pervenirent.
1879 3177 1996 3231 Non
2033 3176 2178 3230 enim
2210 3191 2342 3245 gen-
2371 3202 2413 3260 ο

776 3287 857 3331 tes
891 3275 1120 3344 imperio
1154 3275 1276 3343 ejus
1319 3273 1581 3336 subactae,
1620 3285 1731 3324 non
1763 3269 2077 3338 respublica
2110 3269 2336 3346 praecla-

779 3369 859 3422 ris
906 3367 1123 3436 legibus
1177 3365 1505 3426 constituta,
1537 3378 1646 3417 non
1705 3363 1898 3431 ingens
1953 3361 2202 3430 pecuniae
2240 3363 2342 3425 vis,

777 3476 885 3513 non
936 3458 1122 3528 gloria:
1167 3455 1492 3525 atnplimdo,
1550 3471 1658 3508 non
1712 3453 1859 3522 quod
1911 3470 2006 3508 rex
2048 3468 2235 3523 regunt
2290 3462 2344 3507 et

774 3558 921 3603 esset
951 3557 1004 3600 et
1045 3547 1458 3610 nominaretur;
1499 3562 1606 3599 non
1639 3546 1756 3599 alize
1792 3547 2032 3614 denique
2079 3559 2190 3606 res,
2223 3542 2346 3613 qui-

777 3641 876 3690 bus
923 3636 1211 3688 hominum
1269 3634 1504 3689 lelicitas
1555 3634 1888 3698 declaratur,
1942 3647 2043 3687 nec
2103 3633 2347 3701 denique

777 3730 1075 3800 quidquam
1123 3745 1187 3783 ex
1230 3728 1490 3782 omnibus
1522 3728 1686 3781 rebus
1718 3736 1928 3780 tantum
1962 3740 2090 3780 eum
2135 3725 2348 3780 exhila-

778 3824 938 3884 t'avit,
973 3831 1240 3890 quantum
1274 3830 1331 3874 ut
1373 3835 1472 3872 ttos
1505 3819 1728 3888 quidem
1754 3834 1852 3888 per
1884 3820 2086 3887 ipsum,
2115 3832 2215 3886 per
2242 3831 2344 3870 nos

777 3926 962 3970 autem
997 3917 1139 3985 ipse,
1175 3925 1229 3968 et
1257 3911 1400 3982 apud
1435 3913 1629 3975 Deum,
1662 3921 1717 3966 et
1756 3911 1899 3980 apud
1940 3911 2194 3964 homines
2226 3909 2345 3962 lau-

776 4011 899 4063 dent
929 4017 1390 4076 consequeretur,
1420 4015 1476 4058 et
1496 4015 1759 4058 constans
1785 4003 1944 4058 nobis
1969 4013 2345 4073 perpetuaque

779 4107 1128 4170 permaneret
1161 4109 1425 4166 potestas.
1461 4096 1678 4150 Etenim
1716 4111 1840 4150 cunt
1874 4097 1980 4148 alia
2019 4097 2210 4159 multa,
2235 4105 2348 4147 tuttt

779 4193 914 4246 illttd
973 4191 1247 4259 praecipue
1299 4188 1619 4251 sublimius,
1666 4187 2138 4254 iutperatorieque
2176 4184 2349 4255 magis

778 4301 940 4354 quam
982 4284 1232 4352 plerique
1259 4281 1496 4343 soleant,
1526 4279 1908 4343 considerans,
1945 4280 2151 4347 optime
2187 4292 2353 4330 nove-

781 4386 889 4440 rat,
925 4391 1052 4429 cum
1085 4373 1531 4427 Christianorum
1566 4371 1735 4424 rebus
1772 4387 1876 4422 una
1914 4371 2219 4423 ltomanunt
2259 4383 2356 4420 au-

778 4479 928 4518 etum
966 4480 1088 4517 esSe
1130 4463 1466 4532 imperium:
1518 4471 1684 4530 atque
1737 4461 2067 4514 adveniente
2100 4458 2350 4520 Christo,

2443 1977 2720 2046 βασιλείας
2754 1977 2846 2029 καὶ
2888 1977 3107 2028 πάντων
3157 1976 3265 2028 τῶν
3310 1976 3502 2040 ὄντων,
3540 1977 3636 2027 καὶ
3689 1976 3790 2041 τῆς
3844 1973 4030 2044 ψυχῆς

2440 2071 2632 2139 αὐτῆς,
2673 2064 2737 2140 ἦς
2787 2069 2940 2121 ούδὲν
2974 2069 3330 2138 τιμιώτερον,
3370 2069 3470 2138 τὴν
3516 2069 3796 2137 ἡμετέραν
3846 2067 4030 2134 ἀσφά-

2440 2163 2590 2215 λειάν
2621 2179 2677 2214 τε
2713 2165 2807 2214 καὶ
2843 2161 3143 2230 σωτηρίαν,
3179 2162 3280 2212 οὐκ
3319 2161 3384 2213 ἂν
3425 2160 3678 2230 χαλεπῶς
3715 2158 4026 2224 ὴλλάξστος

2441 2255 2628 2308 Ούδενὶ
2669 2254 2776 2323 γὰρ
2811 2255 3026 2315 οὐδενὸς
3060 2253 3202 2306 οὕτω
3248 2254 3468 2306 πώποτε
3515 2254 3844 2323 πράγματος
3888 2254 4030 2322 ἔρως

2442 2347 2643 2417 θερμὸς
2685 2346 3007 2416 ἐνέσκηψεν,
3049 2347 3124 2410 ὡς
3155 2347 3350 2415 ἐκείνῳ
3391 2346 3752 2416 Χριστιανοὺς
3782 2343 4028 2414 αὐξηθῆ-

2442 2458 2552 2503 ναι,
2583 2440 2674 2491 καὶ
2714 2439 2804 2490 ἐπὶ
2837 2440 3091 2491 πλεῖστον
3115 2440 3207 2491 καὶ
3236 2439 3394 2506 δόξης
3431 2438 3718 2508 προελθεῖν
3751 2439 3844 2490 καὶ
3873 2438 4032 2489 δυνά-

2445 2549 2611 2600 μεως.
2638 2532 2746 2583 Καὶ
2778 2530 2900 2583 οὕτε
2923 2530 3052 2600 ἔθνη
3084 2531 3439 2601 χειρούμενα,
3469 2529 3595 2583 οὔτε
3635 2531 3697 2582 τὸ
3726 2530 3904 2582 κοινὸν
3941 2529 4034 2582 εύ-

2444 2621 2800 2692 νομούμενον,
2839 2623 2899 2674 οὑ
2933 2623 3134 2692 πλῆθος
3179 2625 3502 2692 χρημάτων,
3531 2623 3592 2674 ού
3619 2622 3776 2692 δόξης
3808 2638 4038 2690 περιου-

2446 2717 2555 2778 σία,
2593 2715 2651 2766 οὗ
2685 2717 2741 2766 τὸ
2773 2715 3000 2785 βασιλέα
3035 2716 3305 2786 βασιλέων
3339 2711 3480 2768 εἶναι
3515 2717 3608 2769 καὶ
3637 2714 4032 2785 ὀνομάζεσθαι,

2444 2808 2541 2876 οὺχ
2572 2807 2713 2870 ὅσοις
2756 2808 2935 2869 ἄλλοις
2969 2807 3276 2878 ἀνθρώπων
3321 2809 3636 2876 εὐδαιμονία
3668 2808 4031 2878 γνωρίζεταιθ

2444 2899 2595 2951 οὐδὲν
2623 2899 2763 2953 οὕτω
2797 2902 2906 2952 τῶν
2943 2901 3162 2953 πάντων
3191 2902 3397 2954 ἐκεῖνον
3422 2900 3739 2970 εὖφραινεν,
3772 2900 3847 2962 ὼς
3872 2900 3933 2952 τὸ
3961 2898 4033 2951 δι’

2445 2991 2608 3044 αὑτοῦ
2653 2993 2751 3060 μὲν
2779 2993 2948 3060 ἡμᾶς,
2974 2991 3059 3044 διὰ
3091 2991 3146 3044 δὲ
3182 2994 3337 3061 ἡμῶν
3369 2995 3576 3046 ἐκεῖνον
3601 2995 3693 3044 καὶ
3725 2993 3876 3062 παρὰ
3909 2991 4034 3060 Θεῷ

2447 3083 2539 3135 καὶ
2566 3083 2875 3150 ἀνθρώποις
2908 3083 3237 3148 εὐδοκιμεῖν,
3271 3087 3363 3136 καὶ
3398 3082 3740 3135 ἁκατάλυτον
3772 3084 3906 3150 ἡμῖν
3947 3085 4031 3146 είς

2445 3174 2536 3226 τὸν
2565 3174 2780 3227 ᾶπαντα
2813 3176 3001 3242 χρόνον
3032 3177 3370 3242 παραμεῖναι
3401 3178 3499 3245 τὴν
3527 3175 3878 3228 δυναστείιν.
3915 3177 4028 3228 Καὶ

2447 3262 2554 3333 γὰρ
2596 3264 2730 3332 πρὸς
2761 3265 2872 3321 τοῖς
2905 3262 3083 3324 ἄλλοις
3111 3265 3284 3315 ἐκεῖνο
3315 3263 3429 3332 ᾔδει
3464 3264 3674 3332 σαφῶς,
3697 3266 4036 3335 ὑψηλότερόν

2445 3371 2506 3408 τε
2534 3360 2629 3407 καὶ
2660 3354 3140 3425 βασιλικώτερονῆ
3169 3357 3308 3408 κατὰ
3336 3355 3458 3417 τοὺς
3489 3357 3718 3419 πολλοὺς
3752 3359 3880 3427 περὶ
3912 3358 4038 3411 τού-

2447 3467 2556 3502 των
2613 3447 3017 3516 διανοούμενος,
3070 3449 3154 3501 ὅτι
3186 3451 3297 3512 τοῖς
3343 3449 3693 3519 Χριστιανῶν
3737 3451 4038 3520 πράγμασι

2449 3546 2544 3594 καὶ
2577 3540 2892 3608 συνεισῆλθε
2925 3543 2991 3611 τῇ
3027 3542 3295 3611 ἐπιδημίᾳ
3326 3540 3566 3611 Χριστοῦ
3596 3542 3656 3594 τὸ
3685 3543 3912 3612 κράτος,
3946 3543 4044 3595 οὖ-

2450 3652 2537 3686 πω
2569 3634 2837 3702 πρότερον
2864 3633 3088 3696 τελείως
3119 3636 3195 3694 εἰς
3233 3635 3539 3703 μοναρχίαν
3565 3635 3878 3704 νενικηκός.
3922 3637 4040 3690 Καὶ

2449 3727 2536 3779 διὰ
2585 3725 2742 3778 τοῦτο
2776 3725 2938 3777 πλέον
2970 3725 3143 3777 ἐδίκει
3186 3741 3276 3793 μοι
3323 3727 3612 3795 περιέπειν
3651 3725 3713 3779 εὖ
3749 3729 3924 3780 ποιῶν
3967 3730 4038 3780 τὰ

2458 3817 2704 3887 ἡμέτερα
2730 3833 2743 3846 ο
2774 3816 2829 3878 ὃς
2858 3832 2918 3882 γε
2951 3819 3042 3868 καὶ
3081 3818 3129 3866 εἰ
3161 3815 3520 3886 παρελύπησέ
3552 3834 3604 3869 τι
3635 3819 3807 3887 ἡμᾶς,
3846 3819 3907 3870 ού
3943 3837 4042 3872 m-

2453 3909 2743 3981 ριιρρονῶν,
2775 3909 2896 3962 οὐδὲ
2920 3909 3178 3975 ὑόρίζων,
3219 3911 3338 3963 οὐδὲ
3377 3910 3557 3973 ἄλλοις
3593 3912 3702 3965 τισὶ
3735 3913 3842 3980 πρὸ
3875 3915 4044 3982 ἡμῶν

2452 4003 2810 4072 χαριζόμενος
2837 4017 2848 4029 ·
2907 4001 3020 4054 ἀλλ’
3057 4001 3199 4054 ὥστε
3243 4005 3453 4066 πάντας
3501 4003 3559 4056 ἓν
3592 4000 3734 4056 εἶναι
3767 4008 3861 4057 καὶ
3899 4021 4047 4073 συμ-

2454 4097 2672 4163 ινρονλν
2705 4094 3083 4163 παρελύπησε,
3115 4095 3206 4147 καὶ
3244 4095 3317 4165 μὴ
3351 4095 3712 4162 διακεκόφθαι
3750 4097 3887 4164 μηδὲ
3921 4098 4042 4150 διε-

2456 4187 2649 4238 στάναι
2684 4187 2798 4246 τοῖς
2836 4189 3154 4254 σχίσμασιν.
3198 4187 3431 4257 Ἐφεξῆς
3467 4187 3526 4240 δι
3559 4189 3698 4258 ὑπὲρ
3726 4190 3838 4241 τῶν
3868 4193 4047 4256 ὲγκαο

2455 4277 2694 4330 λούντων
2725 4278 3008 4344 εὐήθειαν,
3033 4280 3500 4346 ἀπολογούμενος,
3533 4283 3626 4333 καὶ
3659 4282 3834 4334 ταῦτα
3875 4302 4052 4353 προσ-

2453 4371 2662 4438 τίθησιο
2709 4389 2726 4421 ι
2771 4371 2882 4422 Καὶ
2915 4370 3022 4438 γὰρ
3053 4371 3119 4423 ἂν
3148 4374 3497 4442 αίχυνοίμην,
3531 4379 3580 4424 εἰ
3608 4376 3875 4444 τοιαύτης
3911 4376 4048 4446 παρ’

2456 4462 2621 4513 αὑτοῦ
2652 4462 2904 4529 τυχόντες
2942 4465 3126 4532 τιμῆς,
3165 4467 3259 4518 καὶ
3292 4464 3550 4516 τοσοῦτον
3589 4467 3752 4519 αύτ’.ν
3785 4470 4050 4541 εὐσεϐείᾳ

783 4574 967 4612 rerum
1001 4555 1539 4610 adminisuationent
1572 4555 1636 4606 ad
1673 4556 1842 4606 unius
1883 4553 2171 4622 principis,
2206 4553 2351 4620 quod
2390 4543 2430 4597 ί)
2460 4553 2475 4604 ί

2390 4543 2430 4597 ί)
2460 4553 2741 4620 διαφέρειν
2789 4555 3238 4619 πεπιστευκότες,
3275 4555 3352 4624 μὴ
3389 4555 3456 4608 τὰ
3505 4556 3690 4609 δίκαια
3733 4563 4053 4630 συνηγορή-

779 4661 941 4704 atttea
998 4665 1063 4702 ex
1131 4646 1281 4700 omni
1333 4656 1487 4714 parte
1543 4643 1748 4697 factum
1804 4659 2084 4712 nunquam
2149 4643 2350 4705 fuerat,

782 4757 1052 4796 sutnmant
1087 4748 1414 4810 potestatem
1449 4737 1795 4806 pervenisse.
1822 4735 1994 4801 Quam
2024 4736 2095 4789 ob
2127 4753 2349 4790 causam

785 4835 982 4888 merito
1016 4832 1105 4885 illc
1136 4831 1270 4885 mihi
1310 4830 1463 4883 visus
1495 4838 1580 4884 est
1632 4843 1720 4882 res
1749 4827 2195 4881 Christianorum
2232 4839 2356 4881 tan-

790 4938 980 4994 tottere
1017 4938 1219 4978 ornare
1251 4931 1304 4976 ct
1337 4921 1546 4975 fovere.
1580 4920 1682 4986 Qui
1713 4919 1930 4973 etiamsi
1979 4918 2229 4972 dolorem
2259 4921 2356 4973 ali-

785 5033 946 5086 qnem
987 5016 1146 5069 nobis
1186 5014 1395 5076 attulit,
1451 5029 1561 5065 ttott
1611 5011 1661 5063 id
1707 5021 1886 5063 tamen
1936 5013 2020 5063 vel
2067 5025 2169 5079 per
2220 5026 2355 5064 con-

788 5116 1079 5174 temptum,
1135 5106 1219 5159 Vel
1265 5121 1391 5160 eum
1434 5105 1794 5169 contumelia,
1841 5103 1924 5156 vel
1964 5112 2021 5156 ut
2067 5103 2193 5157 aliis
2245 5120 2359 5173 pra:

791 5201 952 5251 nobis
973 5197 1379 5267 gratiﬁcaretur
1403 5214 1417 5250 :
1444 5197 1536 5249 sed
1575 5207 1633 5248 ut.
1656 5211 1849 5249 omnes
1879 5211 2050 5248 unum
2086 5211 2356 5261 essemus,

786 5301 846 5345 et
927 5291 1069 5343 ident
1162 5290 1539 5350 sentiremus,
1626 5303 1729 5342 nec
1805 5288 1878 5341 ita
1954 5288 2118 5341 sectis
2195 5298 2361 5358 atque

787 5385 1032 5438 dissidiis
1088 5382 1312 5436 dissecti
1376 5393 1543 5450 atque
1615 5381 1875 5451 disiuncti
1930 5395 2218 5446 essemus,
2265 5381 2362 5433 'l'e-

788 5476 882 5527 cit.
928 5493 946 5526 ι
1015 5473 1222 5526 Deinde
1275 5487 1402 5525 eum
1445 5470 1710 5524 adversus
1774 5470 2219 5534 obtrectatores,
2264 5469 2359 5539 qui

789 5566 863 5620 illi
895 5565 1169 5634 ignaviam
1208 5577 1508 5630 rerumque
1550 5562 1908 5630 imperitiam,
1941 5560 2202 5615 defuncto
2248 5563 2362 5614 cri-

790 5661 1087 5724 minando,
1153 5655 1525 5726 objiciebant,
1589 5655 1914 5720 defendens,
1977 5655 2092 5710 haec
2152 5655 2356 5709 addit:

793 5777 809 5807 ι
852 5752 1174 5810 Pudendutn
1211 5750 1460 5820 proiecto
1494 5761 1661 5811 esset,
1697 5751 1741 5804 si
1784 5762 1933 5805 tanto
1963 5753 2030 5804 ab
2060 5768 2125 5806 eo
2153 5752 2362 5808 honore

789 5850 957 5914 aucti,
1023 5854 1076 5898 et
1139 5854 1352 5898 tantum
1412 5858 1542 5897 vera
1593 5845 1794 5910 pietate
1852 5844 2180 5898 cxcelluisse
2237 5861 2362 5899 cunt

2461 4659 2677 4710 σαιμε,
2708 4642 2734 4693 ὃ
2791 4644 2882 4693 καὶ
2919 4645 3030 4704 τοῖς
3083 4643 3254 4713 μηδὲν
3307 4647 3734 4718 εὐεργετηκόσιν
3764 4650 4052 4718 ὀφείλεται

2459 4736 2593 4802 παρ’
2646 4735 2821 4801 ἡμῶν,
2855 4735 2962 4785 τῶν
3004 4737 3161 4804 λόγου
3196 4740 3290 4790 καὶ
3329 4739 3587 4807 ἀληθείας
3638 4741 4006 4809 θεραπευτῶν
4034 4763 4050 4777 ο

2460 4826 2750 4879 καὶταῦτα
2787 4829 2925 4896 μετὰ
2968 4830 3070 4897 τὴν
3109 4829 3359 4882 ἐντεῦθεν
3385 4831 3733 4902 ἀπαλλαγὴν,
3767 4836 3935 4904 ἡνίκα
3955 4839 4050 4890 καὶ

2461 4925 2518 4971 τὸ
2565 4919 2884 4972 κολακεύειν
2933 4920 3113 4973 δοκεῖν
3159 4923 3608 4991 ἐκπεφεύγαμεν,
3650 4930 3741 4978 καὶ
3792 4931 4052 4998 πονηρᾶς

2462 5011 2744 5079 ἐλεύθερος
2778 5013 3035 5076 ὑπονοίας
3063 5017 3090 5066 6
3116 5015 3272 5082 λόγος
3290 5033 3303 5046 ·
3329 5017 3411 5079 τίς
3435 5020 3545 5085 γὰρ
3569 5020 3669 5070 ούκ
3696 5019 3762 5072 ἂν
3786 5021 4053 5090 ἧλπισεν,

2464 5106 2511 5156 εἰ
2549 5109 2678 5174 μέστι
2709 5105 2860 5172 ἄλλο,
2891 5109 3008 5168 ταῖς
3041 5111 3235 5176 τιμαῖς
3273 5115 3524 5178 ποιήσειν
3559 5113 3724 5165 αὑτὸν
3754 5117 4055 5184 ἡμερώτε-

2468 5213 2558 5266 ρον
2586 5213 2600 5262 ;
2649 5194 2754 5248 Καὶ
2788 5199 2895 5266 γὰρ
2925 5196 2987 5247 τὸ
3033 5199 3257 5268 θαρρεῖν
3289 5197 3437 5270 εἶχεν
3466 5203 3525 5253 ού
3560 5205 3818 5256 τοσοῦτον
3851 5210 3916 5258 ἐκ
3949 5209 4052 5276 τῆς

2467 5290 2679 5341 ἐκείνου
2715 5292 2974 5353 πίστεως,
3007 5291 3131 5344 ὅσον
3161 5293 3224 5343 ὲκ
3266 5292 3364 5358 τῆς
3399 5294 3535 5358 ίδξας
3569 5297 3876 5366 δυνάμεως.
3912 5302 4057 5355 Καί-

2465 5397 2548 5432 τοι
2597 5383 2648 5432 τί
2687 5380 2827 5434 τοῦτ’
2871 5383 3238 5450 ἀγωνίζομαι,
3272 5386 3392 5436 ἐνὸν
3431 5389 3706 5457 κρατῆσαι
3745 5393 3843 5444 καὶ
3877 5395 4055 5461 ἡττη-

2469 5478 2669 5544 μένονς
2707 5475 2768 5527 Et
2819 5477 2927 5544 γὰρ
2957 5478 2984 5528 ὁ
3019 5478 3318 5540 πιστεύσας
3369 5481 3556 5542 κακὸς,
3595 5484 3646 5534 τί
3691 5485 3812 5535 ποτ’
3837 5485 3907 5538 ἂν
3970 5489 4056 5557 εἴη

2471 5567 2601 5636 παρ’
2634 5569 2840 5619 ἐκεῖνον
2867 5571 2894 5618 ὁ
2919 5569 3276 5634 πιστευθείς;
3316 5573 3424 5624 Καὶ
3456 5574 3502 5623 εί
3524 5577 3582 5625 τὸ
3621 5578 3696 5644 μὴ
3732 5577 4065 5644 προϊδέσθαι

2471 5661 2560 5711 τὸν
2591 5663 2791 5731 τρόπον
2827 5661 3076 5712 ὑπαίτιον
3100 5701 3114 5725 ,
3149 5663 3322 5732 αὑτήν
3361 5681 3424 5731 γε
3465 5665 3560 5736 τὴν
3592 5670 3793 5720 κακίαν
3827 5670 3936 5723 ποῦ
3967 5672 4067 5743 θή-

2472 5768 2678 5821 σομεν;
2728 5751 2866 5802 Ἀλλ’
2897 5752 3064 5814 ὅντως
3100 5754 3489 5822 ἀσυλλόγιστόν
3517 5775 3568 5809 τι
3603 5762 3840 5831 πρᾶᾁμα
3876 5766 3912 5829 ὴ
3959 5782 4062 5815 πε·-

2473 5845 2658 5913 νηρέα,
2699 5847 2791 5897 καὶ
2815 5845 2912 5896 οὐκ
2939 5845 3085 5897 ἔστιν
3121 5838 3166 5912 ᾧ
3204 5847 3330 5910 τοὺς
3365 5848 3674 5920 μοχθηροὺς
3717 5857 3782 5907 ἄν
3816 5871 3900 5916 τις
3936 5856 4064 5922 βελ-
