4286 6438
186 435 294 494 4'29

1122 423 1726 489 ECCLESIASTICiE
1767 416 2157 482 HISTORle
2198 415 2338 475 LIB.
2392 413 2493 472 lX.

3355 404 3464 467 430

180 553 336 610 τίους
389 549 672 619 ποιήσειεν
703 561 713 576 ’
750 545 916 599 δπότε
954 543 1214 602 κακεῖνος
1244 539 1304 604 ὲξ
1330 531 1406 592 ὧν
1431 536 1783 603 εὐνούστερος

1898 538 2038 585 :erto
2088 525 2361 597 persuasi,
2401 519 2600 577 merito
2644 532 2748 574 suo
2796 531 2924 573 eum
2978 533 3087 570 non
3129 514 3463 572 defendere-

185 646 426 714 φανῆναι
455 644 666 703 δίκαιος
693 637 784 712 ἦν,
813 639 908 691 καὶ
940 636 994 689 εἴ
1018 654 1066 688 τι
1097 634 1299 695 κακίας
1328 628 1473 703 εῖχεν
1502 629 1779 698 δμπύρευ-

184 757 284 808 μα.
327 736 474 790 τοῦτ’
510 735 744 796 ἀνελεῖν,
781 733 840 784 lx
870 729 1079 782 τούτων
1111 728 1192 789 είς
1224 726 1413 794 μεῖζον
1444 721 1666 792 ἀνήφθη
1692 723 1780 788 μῖ·

183 847 312 894 σος’
348 832 445 883 καὶ
497 831 646 891 ὅπως
689 826 754 879 ἂν
809 822 1083 893 ἀμύναιτο
1120 819 1212 873 τὸν
1265 816 1583 886 εὐεργέτην,
1624 813 1780 869 ἐσκό-

183 941 301 977 πει.
351 942 370 974 ι
417 921 607 976 Ταῦτα
651 919 755 988 μὲν
794 921 849 970 ὲν
869 915 947 985 τῷ
973 913 1179 985 πρώτῳ
1201 912 1456 976 διέξεισιν
1478 926 1492 940 ο
1525 911 1583 963 ὲν
1611 908 1669 962 δὲ
1703 909 1781 978 τῷ

179 1016 428 1085 δευτέρῳ
485 1007 926 1080 Στηλιτευτικῷ
986 1007 1084 1060 καὶ
1143 1004 1322 1058 ταῦτα
1375 1001 1777 1073 προστίθησινο

187 1127 206 1160 ι
234 1109 394 1161 Ἐπεὶ
422 1107 481 1160 δὲ
504 1105 600 1160 καὶ
631 1105 762 1174 ὑμῖν
786 1105 903 1156 ἐστι
931 1099 1125 1169 νεκρὸς
1158 1100 1185 1151 ό
1215 1098 1322 1167 πρὸ
1349 1097 1516 1150 αὐτοῦ
1542 1093 1781 1150 καταλύ-

182 1217 286 1263 σας
311 1201 404 1253 τὸν
440 1199 574 1271 βίον,
599 1199 803 1266 ῖδωμεν
826 1194 1106 1248 κάνταῦθα
1130 1195 1246 1246 τοῖν
1283 1190 1556 1261 βασιλέοιν
1578 1191 1783 1259 ἀμφοῖν

179 1293 246 1344 τὸ
279 1294 575 1362 διὰςρορονο
599 1291 653 1343 εί
677 1308 730 1342 τι
751 1290 847 1342 καὶ
878 1288 1039 1340 τοῦτο
1065 1287 1221 1356 φέρει
1259 1284 1398 1354 πρὸς
1431 1282 1783 1351 εὐδαιμονίλν

181 1388 212 1456 ἢ
251 1384 692 1454 κακοδαιμονίαν
726 1384 838 1444 τοῖς
873 1379 1231 1435 ἀπελθοῦσιν.
1276 1375 1342 1432 ’0
1381 1375 1480 1446 μέν
1504 1391 1569 1443 γε
1601 1391 1783 1442 παρα-

182 1482 475 1548 πέμπεται
507 1473 819 1546 πανδημοις
853 1471 1158 1541 εὐφημίαις
1193 1484 1252 1522 τε
1277 1470 1373 1521 καὶ
1394 1467 1662 1534 πομπαῖς,
1685 1467 1784 1518 καὶ

179 1568 407 1628 τούτοις
467 1566 768 1635 ἡμετέροις
826 1560 1069 1630 σεμνοῖς,
1115 1556 1283 1628 ᾠδαῖς
1344 1553 1642 1623 παννύχοις
1688 1553 1786 1608 καὶ

181 1659 527 1730 δᾳδουχξαις,
556 1652 645 1720 αῖς
675 1654 1006 1728 Χριστιανὸν
1031 1652 1202 1721 τιμᾷν
1228 1648 1558 1718 μετάστασιν
1585 1644 1785 1714 εὐσεδῆ

181 1753 528 1822 νομίζομεν·
576 1752 673 1803 καὶ
724 1747 938 1816 γίνεται
976 1747 1285 1814 πανήγυρις
1328 1741 1466 1811 μετά
1513 1739 1782 1808 πάθουςή

180 1842 463 1913 ἐκκομιδὴ
492 1843 589 1894 τοῦ
623 1842 900 1910 σώματος.
926 1837 988 1890 Ei
1013 1837 1070 1889 δέ
1094 1853 1171 1906 τῳ
1198 1834 1391 1894 πιστὸς
1421 1833 1449 1885 ό
1480 1833 1658 1899 λόγος,
1690 1831 1787 1885 καὶ

1886 638 2010 677 mus
2044 639 2058 677 :
2100 620 2264 691 807
2316 616 2467 688 quod
2514 622 2776 685 prastare
2807 611 2974 666 etiam
3022 610 3091 666 de
3126 608 3289 663 nobis
3322 606 3462 665 nihil

1887 715 2103 772 meritis
2132 714 2426 776 debemus,
2475 705 2571 778 qui
2620 704 2780 761 verbi
2812 714 2868 760 et
2913 702 3170 762 veritatis
3218 699 3461 757 ministri

1887 821 2081 862 sumus
2111 822 2125 859 :
2168 815 2294 876 post
2323 802 2539 858 obitum
2582 797 2861 870 praecipue
2891 796 3040 866 ejus,
3065 807 3196 849 cum
3227 792 3338 863 jam
3377 806 3469 845 as-

1888 898 2217 956 sentationis
2259 895 2530 968 probrum
2587 889 2916 959 effugimus,
2964 897 3021 944 et
3073 887 3255 943 oratio
3309 884 3462 940 omni

1890 990 2212 1060 suspicione
2243 986 2500 1055 supetior
2529 993 2633 1039 est.
2689 983 2824 1049 Quis
2869 981 3020 1036 enim
3051 993 3162 1038 non
3197 977 3464 1047 speravit.

1889 1082 2194 1142 lulianum,
2240 1079 2284 1132 si
2333 1077 2483 1133 aliud
2539 1075 2700 1140 nihil,
2735 1075 2945 1128 honore
2979 1070 3176 1126 saltem
3209 1077 3469 1136 accepto,

1892 1170 2371 1228 niansuetiorem?
2399 1167 2535 1235 Quis
2566 1182 2698 1222 vero
2735 1180 2843 1218 non
2891 1179 2958 1220 el
2997 1161 3104 1221 fide
3141 1175 3333 1222 earum
3375 1175 3467 1213 re-

1893 1281 2015 1320 rum
2045 1280 2164 1332 quas
2193 1264 2240 1316 ei
2264 1262 2494 1318 credita
2517 1269 2667 1325 sunt,
2699 1258 2891 1324 etiam,
2926 1265 3295 1325 praeterquam
3321 1250 3468 1320 quod

1891 1366 2326 1412 consentaneum
2380 1363 2548 1419 esset,
2613 1353 2918 1420 aequiorem
2967 1346 3124 1403 fore?
3182 1345 3251 1402 Et
3301 1342 3469 1399 simul

1892 1450 2158 1520 majorem
2192 1446 2559 1505 Constantius
2595 1443 2800 1502 Juliani
2846 1439 3198 1511 arrogatione
3226 1437 3473 1493 obtinuit

1894 1544 2165 1604 animum,
2203 1557 2316 1596 non
2351 1550 2462 1594 tam
2497 1540 2644 1607 quod
2679 1535 2841 1590 lidem
2869 1534 3016 1589 illius
3045 1530 3222 1604 magni
3256 1529 3471 1591 fecerit,

1893 1650 2059 1704 quam
2089 1635 2236 1704 quod
2269 1634 2534 1703 potentiae
2564 1645 2677 1688 sua:
2710 1627 2953 1687 conlisus
2979 1627 3074 1684 sit.
3103 1624 3210 1682 Sed
3244 1638 3344 1678 cur
3368 1623 3473 1675 hoc

1895 1730 1976 1783 sic
2019 1743 2214 1797 urgeo.
2259 1741 2388 1781 cum
2439 1725 2646 1778 cedens
2682 1733 2847 1789 atque
2898 1721 3080 1773 victus
3126 1717 3373 1777 vincere,
3420 1725 3477 1768 et

1895 1820 2239 1891 argumentis
2268 1818 2523 1887 superior
2552 1831 2676 1870 esse
2711 1812 2958 1883 possint?
2995 1811 3052 1864 Si
3102 1823 3341 1881 namque
3378 1810 3473 1875 qui

182 1901 349 1989 mea;
394 1901 612 2005 διεδόθη
653 1901 774 1995 calt;
808 1933 918 1984 τῶν
952 1901 1162 1982 πιστῶν
1195 1929 1431 1990 ἀκοαῖς·
1477 1927 1558 1979 ὅτι
1596 1923 1787 1994 ἐπειδὴ

1898 1915 1983 1970 alii
2019 1913 2280 1975 credidit,
2310 1911 2489 1968 malus
2528 1917 2632 1972 est,
2676 1911 2803 1974 quis
2841 1908 3062 1961 tandem
3093 1906 3141 1962 is
3171 1901 3471 1962 fuerit.cui

180 2033 278 2084 τὸν
312 2028 532 2099 Ταῦρον
565 2026 902 2096 ὐπερδάλλοι
934 2025 996 2076 τὸ
1027 2023 1189 2087 σῶμα
1221 2022 1358 2090 πρὸς
1389 2021 1489 2088 τὴν
1519 2017 1788 2088 πατρῴαν

182 2118 340 2187 αὐτῷ
377 2119 536 2171 πόλιν
561 2115 992 2185 διασωζόμενον,
1019 2114 1227 2181 ταύτην
1252 2112 1318 2180 δὴ
1358 2111 1457 2171 τὴν
1494 2108 1790 2179 ὁμώνυμον

182 2209 428 2271 ἱκείνοις
455 2209 553 2260 καὶ⁵
589 2206 1017 2276 μεγαλώνυμον,
1043 2206 1198 2273 φωνή
1246 2220 1329 2266 τις
1363 2203 1428 2254 εκ
1462 2201 1572 2254 τῶν
1601 2202 1791 2270 ἄκρων

184 2302 342 2354 εστιν
390 2297 474 2363 οἷς
511 2299 830 2367 ὲξηκούετο,
865 2292 980 2351 οἷον
1029 2296 1348 2367 ψαλλόντων
1377 2310 1438 2346 τε
1480 2294 1578 2346 καὶ
1605 2309 1789 2362 παραυ

185 2389 551 2460 πεμπόντων,
588 2386 918 2456 ἀγγελικᾶνν,
952 2381 1131 2454 οἶμαι,
1157 2384 1468 2453 δυνάμεων,
1492 2381 1662 2452 γέρας
1693 2382 1791 2452 τῆς

186 2480 488 2542 εὐσεϐείας
524 2480 621 2532 καὶ
673 2476 950 2537 ἀντίδοσις
984 2475 1297 2542 ἐπιτάφιος.
1329 2473 1442 2526 Καὶ
1473 2473 1581 2543 γὰρ
1609 2474 1655 2526 εί
1694 2473 1792 2526 καλ⁵

187 2572 294 2636 τὴν
325 2570 500 2640 ὀρθὴν
530 2568 690 2634 δόξαν
725 2569 1056 2638 παρακινεῖν
1090 2552 1297 2630 ἔδοξεν,
1331 2564 1472 2618 ἀλλὰ
1504 2567 1597 2619 καὶ
1633 2564 1793 2618 τοῦτο

187 2666 296 2734 τῆς
329 2665 445 2715 τῶν
477 2661 1040 2717 ὐποδυναστευόντων
1073 2658 1397 2726 σκαιότητος
1431 2659 1526 2710 καὶ
1562 2657 1792 2710 κακοδο-

187 2759 309 2822 sla;
350 2757 413 2812 τδ
444 2756 726 2824 ἔγκλημα,
761 2754 811 2807 οῖ
840 2753 1020 2822 ἁπλῆν
1053 2754 1152 2805 καὶ
1181 2754 1372 2822 ἅπαγῆ
1397 2753 1478 2812 εἰς
1505 2752 1793 2805 εὖσέῦειαν

191 2851 621 2921 πτραλαόόντες
650 2847 853 2918 ψυχὴν,
886 2849 949 2898 οὺ
977 2846 1388 2917 προορωμένην
1417 2845 1486 2898 τὰ
1519 2843 1790 2915 βαράθρα,

187 2944 491 3012 ἀπήγαγον
546 2934 697 3013 ᾗπερ
736 2937 1026 2992 ἐϐούλοντο
1057 2954 1070 2968 ·
1109 2939 1205 2991 καὶ
1238 2935 1597 3006 προσχήματι
1631 2935 1795 2988 εὐσεο

187 3035 346 3095 δείας
379 3035 474 3086 τὸν
514 3033 680 3103 (ἧλον
725 3031 924 3083 κακίαν
954 3029 1308 3097 εἰργάσαντο.
1339 3023 1483 3079 Ἀλλ’
1513 3019 1608 3078 οὖν
1629 3025 1794 3094 ἡμεῖς

188 3130 250 3180 τὸ
283 3128 623 3197 κοινότερον,
657 3127 750 3178 τόν
783 3144 844 3179 τε
891 3125 1108 3194 πατέρα
1138 3118 1454 3183 ἐννοοῦντες
1503 3119 1595 3171 τὸν
1631 3116 1794 3186 βαλό-

193 3239 361 3290 μενον
388 3221 494 3290 τὴν
521 3221 770 3290 κρηπῖδα
800 3219 898 3288 τῆς
933 3214 1224 3289 βασιλικῆς
1258 3213 1340 3283 τῷ
1370 3209 1794 3283 Χριστιανισμῷ

190 3311 522 3364 δυναστείας
558 3313 656 3363 καὶ
699 3311 960 3371 πίστεως,
1003 3309 1098 3359 καὶ
1148 3306 1242 3359 τὸν
1294 3309 1371 3368 είς
1405 3305 1571 3359 αὐτὸν
1604 3305 1794 3357 κατελ-

191 3401 358 3451 ῦόντα
391 3398 600 3467 κλῆρον
630 3398 725 3450 τοῦ
753 3397 1050 3464 δόγματος,
1084 3391 1454 3463 ὲγεραίρομεν
1484 3393 1552 3444 τὰ
1603 3391 1795 3443 εἰκότα

188 3495 250 3548 τὸ
290 3494 496 3561 σκῆνος
527 3491 624 3545 τοῦ
670 3491 856 3562 δικαίᾳ
897 3488 1148 3560 βασιλείᾳ
1178 3489 1538 3557 τυζήσαντος,
1576 3486 1671 3539 καὶ
1704 3485 1793 3539 τὸν

194 3589 312 3657 βίον
369 3585 793 3648 καταλύσαντος
848 3585 980 3653 ὁσίῳ
1014 3583 1094 3652 τῷ
1141 3582 1310 3646 τέλει,
1356 3580 1545 3633 καὶτὸ
1594 3582 1794 3644 κράτος

190 3683 330 3751 ἡμῖν
381 3679 840 3747 καταλείψαντας.
888 3677 976 3738 Ὧς
1031 3677 1087 3730 δὲ
1134 3674 1428 3746 πλησιάζοι
1472 3677 1539 3743 τῇ
1576 3673 1788 3745 μεγάλῃ

192 3778 292 3828 καὶ
328 3773 568 3843 βασιλίδι
620 3773 800 3836 πόλει,
833 3771 886 3822 τί
918 3771 998 3823 δεῖ
1033 3771 1216 3836 λέγειν
1239 3770 1574 3838 δορυφορίας
1617 3785 1670 3820 τε
1697 3769 1792 3822 τοῦ

196 3867 446 3938 στρατοῦ
499 3866 729 3928 παντὸς,
764 3867 860 3920 καὶ
909 3864 1068 3930 τάξιν
1106 3863 1359 3921 ἐνόπλιον
1386 3863 1459 3924 ὼς
1504 3861 1667 3926 ζῶντι
1718 3861 1796 3930 τῷ

195 3960 419 4027 βασιλεῖ
443 3957 740 4025 γινομένην
768 3971 783 4019 ;
815 3955 848 4025 ἢ
887 3957 984 4025 τῆς
1027 3955 1287 4022 λαμπρᾶς
1324 3953 1529 4014 πόλεως
1570 3952 1795 4021 ἔκχυσιν

192 4050 655 4119 ὀνομαστοτάτην
686 4049 792 4100 τῶν
824 4047 1045 4100 πώποτε
1073 4047 1385 4115 γενομένων
1415 4047 1447 4116 ἢ
1484 4047 1794 4114 ἐσομένωνς

204 4146 352 4197 Ἀλλ’
413 4146 441 4196 δ
490 4144 696 4212 θρασὺς
749 4144 845 4194 καὶ
901 4142 1167 4208 γεννάδας
1201 4143 1432 4206 ἐκεῖνος,
1463 4142 1556 4195 καὶ
1586 4144 1683 4212 νέᾳ
1727 4144 1792 4209 τῇ

195 4235 502 4308 πορφυρίδι
561 4231 1073 4298 καλλωπιζόμενος,
1130 4233 1227 4284 καὶ
1259 4232 1348 4285 διὰ
1399 4230 1579 4293 τοῦτο,
1630 4232 1702 4289 ὡς
1736 4231 1796 4281 τὸ

195 4329 546 4398 τέκος,μέγα
577 4327 818 4393 φρονῶν,
854 4325 1021 4395 μέρος
1051 4323 1263 4391 γίνεται
1289 4327 1382 4376 καὶ
1410 4323 1570 4384 αὐτὸς
1602 4322 1796 4392 ἐκείνῳ

195 4421 300 4489 τῆς
341 4419 710 4489 προπομπίου
756 4417 948 4486 τιμῆς,
993 4416 1095 4486 τὴν
1149 4417 1324 4483 αὐτὴν
1355 4416 1448 4469 καὶ
1498 4414 1796 4477 ἀντιδιδοὺς

196 4517 293 4566 καὶ
330 4511 762 4580 ἀντιλαμϐάνων
807 4511 993 4580 χάριν,
1028 4509 1088 4563 τὸ
1119 4512 1219 4578 μέν
1249 4525 1300 4560 τι
1341 4507 1604 4577 βιασθεὶς,
1636 4509 1696 4560 τὸ
1739 4507 1796 4560 δὲ

1825 3257 1867 3313 C

1895 2005 2171 2062 creditum
2205 2003 2334 2059 est?
2363 2003 2426 2059 Et
2459 2002 2505 2060 si
2538 2015 2722 2057 mores
2754 2013 2958 2069 pravos
2984 2011 3093 2057 non
3125 1995 3475 2066 praevidisse,

1893 2100 2057 2168 culpa
2097 2113 2204 2154 non
2238 2105 2417 2158 vacat.
2467 2110 2579 2164 quo
2614 2093 2738 2154 loco
2785 2091 3116 2162 pravitatem
3156 2087 3333 2160 ipsam
3382 2102 3477 2159 po-

1893 2192 2130 2249 nemus?
2162 2190 2662 2247 Verumeuimvero
2697 2200 2787 2245 res
2817 2192 2904 2247 est
2932 2182 3186 2253 quaedam
3218 2180 3477 2236 conside—

1894 2286 2125 2340 rationis
2155 2298 2356 2352 expers
2388 2281 2635 2337 sialitia:
2668 2293 2845 2346 neque
2882 2275 3001 2330 fieri
3037 2284 3241 2343 potest,
3284 2283 3342 2330 ut
3371 2274 3474 2325 lio-

1895 2379 2072 2433 mines
2091 2375 2373 2445 improbos
2395 2373 2656 2431 meliores
2673 2369 2967 2439 quisquam
2993 2368 3215 2426 eﬂiciat.
3242 2367 3476 2434 Quando

1894 2479 1952 2527 et
1984 2469 2096 2534 ille.
2123 2483 2191 2522 ex
2225 2467 2433 2537 quibus
2459 2465 2627 2518 rebus
2657 2462 2857 2517 merito
2889 2461 3312 2517 benevolentior
3329 2475 3475 2525 esse,

1896 2571 1953 2616 et
1982 2561 2025 2616 si
2059 2575 2223 2628 quam
2279 2556 2642 2627 malignitatis
2683 2554 2973 2612 habuisset
3001 2554 3322 2615 scintillam,
3353 2571 3474 2608 eam

1896 2652 2251 2721 exstinguere
2280 2649 2588 2710 debuisset,
2617 2661 2683 2701 ex
2709 2647 2791 2702 eis
2817 2647 2984 2702 rebus
3014 2645 3081 2698 ad
3125 2647 3304 2716 majus
3331 2647 3478 2698 exci-

1901 2754 2048 2798 tatus
2099 2755 2185 2798 e;.t
2227 2743 2416 2796 odium
2469 2756 2481 2792 :
2525 2750 2583 2794 et
2637 2754 2749 2810 quo
2802 2747 2962 2808 pacto
2999 2738 3220 2809 egregia
3277 2739 3474 2793 merita

1898 2844 2063 2902 atque
2101 2833 2366 2886 beneficia
2413 2831 2469 2883 in
2509 2839 2740 2890 auctore
2791 2843 2892 2887 suo
2935 2827 3326 2895 ulcisceretur,
3363 2829 3476 2882 eir-

1897 2925 2230 2995 cumspcxit.
2272 2941 2288 2974 ι
2329 2921 2454 2976 Haec
2499 2919 2722 2991 quidem
2757 2921 2813 2974 in
2844 2919 3032 2990 priore
3066 2920 3347 2976 invectiva
3385 2922 3477 2976 ille

1899 3017 2091 3073 refert.
2120 3016 2179 3070 In
2216 3015 2528 3085 posteriore
2565 3022 2754 3072 autem
2791 3012 2909 3071 haec
2947 3014 3141 3069 scribit
3171 3029 3185 3067 :
3229 3032 3247 3068 ι
3286 3014 3479 3081 Quan-

1898 3107 2196 3180 doquidem
2251 3124 2382 3162 vero
2434 3107 2598 3166 etiam
2654 3105 2821 3163 nobis
2859 3106 3034 3162 funus
3064 3108 3186 3179 ejus
3222 3119 3329 3175 est,
3382 3109 3478 3180 qui
3562 3090 3572 3100 ’

1902 3213 2032 3261 ante
2074 3202 2360 3260 Julianum
2420 3217 2448 3255 e
2501 3205 2608 3256 \ita
2661 3201 2924 3265 excessit,
2979 3201 3339 3271 inspiciamus
3391 3202 3482 3257 hic

1903 3310 2175 3369 quantum
2230 3297 2343 3354 duo
2379 3298 2466 3354 isti
2518 3298 2882 3366 imperatores
2915 3297 3059 3352 inter
3103 3313 3163 3353 se
3196 3299 3479 3356 differant.

1904 3389 2188 3459 Siquidem
2228 3391 2333 3444 hnc
2366 3405 2588 3460 quoque
2620 3390 2831 3460 aliquid
2875 3391 2928 3446 in
2977 3391 3257 3447 defunctis
3293 3393 3376 3446 vel
3412 3395 3480 3450 ad

1903 3481 2256 3545 felicitatem,
2290 3481 2378 3537 vel
2412 3480 2480 3534 ad
2514 3481 2899 3536 infelicitatem
2926 3481 3167 3538 confert.
3199 3484 3277 3539 Ac
3302 3484 3477 3540 nostri

1904 3575 2128 3644 quidem
2149 3577 2316 3631 furios
2351 3575 2683 3644 producitur
2708 3575 2935 3645 publico
2969 3589 3260 3648 apparatu,
3294 3580 3484 3650 auspi-

1902 3670 2151 3738 catisque
2205 3670 2494 3724 ominibus
2542 3678 2599 3724 et
2651 3671 3149 3728 acclamationibus
3196 3689 3210 3728 :
3270 3675 3482 3731 nostris

1904 3763 2050 3828 dico,
2076 3775 2131 3817 et
2154 3765 2531 3820 sanctionhus
2559 3764 2681 3819 istis
2711 3766 3074 3836 carminibus,
3098 3767 3230 3823 item
3257 3777 3482 3824 noctur-

1905 3855 1992 3908 nis
2032 3856 2248 3925 hymnis
2282 3865 2338 3909 et
2393 3858 2744 3913 lucernarum
2782 3858 3027 3927 ignibus,
3077 3857 3282 3927 quibus
3316 3859 3479 3915 Citri-

1905 3948 2069 4002 stiani
2105 3949 2314 4002 obitum
2351 3950 2502 4019 pium
2545 3949 3025 4017 cohonestandum
3063 3966 3396 4006 censemus:
3428 3960 3483 4006 ct

1905 4057 2108 4110 corpus
2139 4042 2316 4111 ipsum
2349 4043 2552 4096 celebri
2579 4043 2888 4113 lugentium
2913 4057 3187 4100 conventu
3221 4045 3480 4103 ell'ertur.

1904 4134 2060 4202 Quod
2099 4133 2145 4187 si
2197 4133 2360 4186 verba
2397 4134 2498 4187 ista
2541 4135 2703 4189 fidem
2738 4145 3042 4200 merentur,
3075 4137 3142 4190 ad
3177 4138 3477 4193 multorum

1905 4236 2055 4277 certe
2087 4224 2191 4278 hoc
2221 4225 2555 4295 quibusdam
2590 4225 2964 4283 referentibus
2997 4228 3253 4297 pervenit
3273 4245 3478 4283 aures:

1907 4330 2029 4369 cum
2064 4315 2311 4370 defuncti
2344 4317 2577 4371 cadaver
2608 4317 2851 4373 Taurum
2889 4331 3133 4375 montem
3165 4331 3478 4392 superaret,

1908 4417 1968 4463 ut
2017 4407 2086 4461 ad
2135 4409 2368 4478 patriam
2416 4410 2634 4474 urbem,
2666 4412 3052 4484 cognominem
3105 4412 3188 4470 eis
3220 4414 3381 4471 istam
3427 4426 3482 4470 et

1905 4502 2222 4571 praeclaram
2270 4500 2418 4566 dico,
2465 4502 2790 4567 duceretur,
2822 4505 3066 4559 auditam
3110 4520 3232 4560 esse
3281 4521 3311 4560 a
3355 4507 3481 4577 qui-

195 4606 366 4667 ὲκὼν,
403 4607 479 4665 ὠς
517 4604 797 4671 λέγουσιν.
845 4604 903 4655 Ὀ
957 4603 1066 4672 γὰρ
1102 4603 1334 4670 στρατὸς
1386 4602 1553 4666 ἄπας,
1597 4602 1644 4652 εί
1700 4601 1790 4654 καὶ

1908 4594 2134 4648 busdam
2168 4610 2235 4650 ex
2270 4597 2652 4663 superioribus
2698 4598 2838 4653 locis
2873 4614 3062 4654 vocem
3114 4600 3283 4655 veluti
3329 4603 3478 4674 pSaI-

194 4700 290 4753 τοῦ
349 4698 625 4764 παρόντος
664 4696 869 4765 ἥττητο
904 4695 1165 4764 κράτους,
1213 4694 1329 4746 ἀλλ’
1359 4691 1450 4746 οὖν
1499 4693 1680 4747 πλεῖον
1718 4695 1796 4762 τῷ

198 4789 588 4858 κατοιχομένῳ
617 4789 801 4856 νέμων
856 4785 1038 4848 αἰδοῦς
1074 4785 1287 4855 (ἐπειδὴ
1339 4786 1434 4836 καὶ
1468 4785 1799 4853 πειρίκαμεν

198 4879 562 4948 εὐνούστεροί
597 4897 715 4939 πως
749 4875 890 4931 εἶναι
925 4882 1036 4942 τοῖς
1065 4879 1145 4931 ἐτι
1179 4881 1518 4949 προσφάτοις
1551 4880 1796 4949 πάθεσι),

199 4979 278 5049 τῷ
335 4978 552 5047 φίλτρῳ
614 4976 1093 5042 προσπασχοντες,
1132 4976 1228 5026 καὶ
1276 4974 1368 5026 τὸν
1425 4974 1574 5026 ἔλεον
1625 4974 1800 5043 τούτῳ

203 5072 651 5142 προσάπτοντες,
683 5068 781 5120 καὶ
818 5067 905 5119 διὰ.
932 5066 1094 5118 τοῦτο
1124 5067 1226 5119 οὐκ
1278 5067 1600 5135 ἀνεχόμενοι
1628 5067 1688 5118 τὸ
1724 5065 1800 5136 μὴ

200 5167 300 5233 οὐχ
332 5163 410 5225 ὡς
439 5161 678 5229 βασιλέα
708 5161 1014 5230 τιμηθῆναι
1040 5159 1229 5213 τοῦτον
1257 5160 1352 5213 καὶ
1373 5159 1798 5230 προσδεχθῆναι,

204 5256 466 5309 πείθουσι
506 5253 600 5306 τὸν
636 5254 957 5323 ἀποστάτην
1008 5255 1105 5305 καὶ
1143 5251 1652 5320 συναναγκάζουσιν
1695 5251 1801 5305 ὐπ-

206 5349 448 5415 αντῆσαι
476 5346 557 5414 τῷ
593 5346 773 5414 νεκρῷ
792 5347 933 5414 μετὰ
962 5344 1057 5397 τοῦ
1090 5345 1464 5415 προσήκοντος
1496 5347 1798 5414 σχήματος.

205 5443 279 5497 Τὸ
308 5443 366 5494 δὲ
406 5437 500 5511 ἦν,
537 5438 1014 5508 ἀποκοσμήσαντα
1044 5436 1143 5505 τὴν
1203 5435 1450 5505 κεφαλὴν
1487 5434 1582 5487 τοῦ
1614 5436 1801 5501 διαδή-

209 5553 409 5606 ματος,
438 5533 534 5584 καὶ
559 5528 922 5599 ὑποκύψαντα
947 5529 1024 5598 τῷ
1053 5528 1270 5597 βασιλεί
1294 5532 1361 5580 τὰ
1391 5528 1600 5591 εἰκότα,
1626 5528 1799 5590 οὕτως

205 5630 300 5681 ἐπὶ
336 5628 431 5678 τὸν
464 5625 642 5692 τάφον
677 5623 1167 5693 συμπαραπέμψαι
1200 5623 1313 5682 τοῖς
1340 5621 1676 5688 ἄγουσινὲπὶ
1709 5623 1800 5674 τὸν

207 5720 459 5786 ἀοίδιμον
489 5716 601 5768 τῶν
648 5715 995 5767 Ἀποστόλων
1028 5713 1230 5783 σηκόν·
1265 5713 1314 5765 οἳ
1347 5713 1410 5782 δὴ
1439 5713 1497 5765 τὸ
1533 5713 1677 5783 ἱερὸν
1713 5713 1801 5779 γὲ-

205 5830 295 5870 νος
337 5810 676 5873 ὑπεδέξαντο
704 5813 799 5860 καὶ
850 5807 1295 5874 διαφυλάττουσι,
1342 5806 1540 5874 μικροῦ
1589 5807 1654 5858 τὰ
1711 5807 1800 5857 ἴσα

206 5907 348 5976 γέρα
386 5903 802 5975 καρπούμενον.
858 5921 876 5951 ι
920 5903 1029 5954 Καὶ
1084 5903 1111 5952 ὀ
1149 5901 1244 5969 μὲν
1280 5901 1540 5966 Had/.670;
1578 5899 1797 5951 τοιαῦτα

1909 4686 2143 4741 lentium
2208 4703 2272 4741 ac
2324 4691 2805 4758 proquucntium,
2855 4693 3232 4762 angelicarum
3284 4695 3481 4763 opinor

1907 4789 2270 4848 potestatum,
2325 4791 2385 4835 ut
2435 4783 2613 4836 honor
2660 4783 2762 4837 iste
2809 4785 3000 4854 pietati
3035 4785 3184 4840 illius
3232 4797 3286 4842 et
3318 4790 3477 4858 quasi

1905 4874 2139 4928 funebre
2173 4890 2371 4928 munus
2404 4875 2590 4929 datum
2625 4877 2717 4929 sit.
2753 4877 2921 4948 808
2957 4875 3012 4931 Si
3037 4879 3241 4933 ctenim
3268 4891 3473 4936 rectam

1907 4966 2032 5020 fidei
2077 4967 2404 5036 Opinionem
2452 4968 2575 5022 loco
2608 4985 2708 5022 suo
2757 4984 2978 5022 movere
3025 4969 3177 5023 visus
3210 4980 3318 5038 est,
3381 4974 3481 5024 im-

1903 5060 2260 5128 portunitzitis
2312 5060 2636 5129 errorisque
2694 5076 2987 5130 procerum
3041 5063 3166 5132 ejus
3203 5063 3253 5116 id
3309 5063 3480 5120 fuerit

1903 5152 2140 5214 crimen.
2189 5154 2284 5222 qui
2322 5163 2610 5222 acceptum
2661 5153 2717 5208 in
2771 5164 3103 5224 potestatem
3135 5173 3316 5223 suam,
3347 5161 3479 5212 sim-

1905 5244 2104 5306 plicem
2137 5247 2280 5314 ejus,
2323 5244 2542 5300 facilem
2573 5256 2630 5301 et
2659 5249 2965 5317 proclivem
2998 5248 3066 5303 ad
3099 5251 3384 5318 pietatem,
3422 5262 3478 5307 et

1905 5346 2088 5393 minus
2119 5339 2445 5393 barathrum
2491 5350 2548 5393 et
2579 5341 2886 5410 perniciem
2937 5342 3320 5411 providentem
3359 5347 3480 5400 ani-

1905 5450 2076 5494 mum,
2104 5448 2213 5502 quo
2233 5434 2453 5497 vellent,
2477 5436 2712 5502 duxere,
2736 5445 2792 5490 et
2815 5435 3072 5492 certioris
3099 5438 3477 5508 inquisitionis

1904 5535 2196 5596 praetextu,
2232 5526 2412 5579 zelum
2465 5536 2520 5580 et
2561 5525 2818 5580 ardorem
2868 5525 2923 5580 in
2969 5527 3294 5596 pravitatem
3343 5543 3478 5582 con-

1906 5631 2141 5674 vertere.
2185 5619 2441 5674 Sedenim
2477 5635 2578 5672 nos
2609 5633 2960 5673 communem
2999 5621 3206 5691 magis,
3258 5620 3476 5690 pictatis

1901 5711 2118 5765 scilicet
2149 5723 2203 5764 et
2232 5711 2356 5765 ﬁdei
2388 5711 2732 5780 opinionem,
2764 5722 2820 5767 et
2850 5724 3064 5784 patrem
3095 5715 3165 5768 ob
3202 5715 3392 5769 oculos
3420 5724 3476 5768 et

1901 5804 2172 5864 animum,
2205 5803 2296 5872 qui
2328 5802 2687 5858 fundamenta
2723 5802 3126 5860 Christianitati
3174 5808 3474 5876 imperialis

1907 5896 2193 5965 potestatis
2240 5905 2294 5949 et
2339 5895 2463 5949 fidei
2507 5895 2660 5967 jecit,
2710 5906 3029 5964 sortemque
3060 5912 3178 5965 quzr
3216 5896 3268 5949 in
3319 5896 3472 5949 illum
