4286 6438
774 392 872 455 121
1596 452 1599 453 ,
2001 384 2421 448 NICEPHORI
2462 384 2811 445 CALLISTI

3932 368 4036 434 432

774 508 1046 580 dogmatis
1078 506 1251 561 nostri
1278 506 1652 563 constituendi
1689 506 1906 568 incidit,
1946 514 2236 575 ponentes,
2267 503 2339 556 ita
2372 504 2414 559 Α
2445 520 2466 554 ν

2372 504 2414 559 Α
2445 502 2535 555 καὶ
2565 500 2700 553 ἄλλα
2732 497 2954 551 πλείονα
2998 496 3053 549 ἐν
3104 514 3161 547 τε
3217 495 3327 557 τοῖς
3378 487 3864 559 Στηλιτευτικοῖς
3897 483 4037 553 ὑπὲρ

774 612 834 654 ut
861 600 1067 665 decuit,
1104 600 1519 653 tabernaculum
1553 613 1864 668 corpusque
1895 599 2037 667 ejus,
2072 597 2165 666 qui
2192 597 2339 666 juste

774 690 1122 757 imperasset,
1142 697 1196 741 et
1219 689 1384 743 vitam
1410 698 1597 743 sancta
1621 700 1796 744 morte
1821 686 2340 754 linissct,nobisque

777 796 1047 834 summam
1076 790 1400 850 potestatem
1426 782 1762 850 reliquisset,
1806 782 2019 834 honore
2041 781 2189 849 justo
2217 795 2340 847 pro-

775 876 949 928 secuti
1001 890 1212 929 sumus.
1278 874 1379 930 Ubi
1442 885 1625 929 autem
1674 874 1742 928 ad
1784 889 2032 945 magnam
2082 881 2136 926 et
2173 872 2343 939 impe-

776 969 1030 1022 ratricem
1100 968 1293 1021 urbem
1364 968 1876 1038 appropinquavit,
1946 965 2080 1036 quid
2156 966 2342 1019 dicere

774 1061 995 1126 attinet,
1031 1061 1276 1115 universi
1335 1062 1618 1116 exercitus
1660 1060 1983 1116 satellitium
2017 1070 2071 1114 et
2106 1067 2344 1112 armato-

776 1168 895 1204 rum
923 1152 1172 1217 ordines,
1198 1154 1291 1222 qui
1342 1164 1601 1221 tanquam
1636 1155 1761 1207 vivo
1797 1153 1978 1207 adhuc
2008 1152 2343 1219 imperatore

773 1244 1023 1297 aﬂuere:
1066 1253 1159 1297 aut
1197 1244 1499 1314 splendidae
1532 1245 1688 1299 urbis
1739 1244 2090 1308 emisionem,
2124 1253 2180 1297 et
2220 1258 2340 1296 om-

774 1339 923 1387 nium
957 1336 1051 1405 qui
1097 1337 1177 1391 vel
1215 1342 1366 1391 tuere
1404 1338 1485 1391 vel
1529 1336 1699 1391 futuri
1733 1344 1880 1401 sunt,
1914 1336 2338 1390 celeberrimum

771 1429 1107 1482 occursum?
1152 1434 1221 1483 At
1268 1439 1528 1484 strenuus
1590 1430 1681 1483 ille
1737 1439 1792 1484 et
1846 1444 2151 1500 generosus
2202 1444 2339 1481 n0va

772 1537 1013 1588 purpura
1068 1537 1191 1576 sese
1239 1523 1559 1585 venditans,
1617 1532 1782 1591 atque
1849 1538 1916 1576 eo
1976 1522 2225 1585 nomine,
2282 1532 2344 1575 ut

770 1624 1206 1670 consentaneum
1263 1625 1366 1679 cst,
1420 1615 1768 1683 superbiens,
1802 1613 1908 1668 fuit
1953 1622 2008 1668 et
2048 1614 2165 1681 ipse
2218 1628 2343 1677 pars

770 1707 950 1775 aliqua
989 1708 1308 1762 honoriticae
1342 1708 1501 1761 istius
1554 1723 1790 1777 pompas,
1834 1709 2087 1761 eamdem
2114 1716 2173 1761 et
2200 1707 2343 1761 dans

771 1808 825 1853 ct
859 1800 1137 1866 recipiens
1173 1800 1404 1869 gratiam
1451 1818 1464 1853 :
1514 1808 1570 1852 et
1626 1799 1772 1851 illam
1831 1800 2053 1868 quidem
2105 1800 2339 1861 invitus,

2454 590 2836 643 Κωνσταντίου
2867 588 3121 654 διέξεισιν
3146 626 3163 652 ,
3215 584 3336 636 οὐδὲ
3389 585 3446 634 ἐν
3480 582 3594 643 τοῖς
3625 580 3810 641 ἄλλοις
3852 580 4037 641 λόγοις

2450 688 2649 738 κακίαν
2705 682 2853 749 αὐτῷ
2911 680 3228 750 μαρτυρῶν,
3272 677 3390 731 ἀλλ’
3435 676 3718 744 ἁπλότητα
3769 671 3969 742 μᾶλλον
4002 673 4038 741 ἢ

2452 779 2763 848 κουφότητα
2791 793 2803 805 ·
2845 776 2893 829 οἱ
2932 776 2988 827 δὲ
3034 774 3214 826 λοιποὶ
3244 771 3352 825 τῶν
3406 769 3701 840 ἱστορικῶν
3755 768 3830 836 μὴ
3872 766 4041 817 καλὸν

2452 866 2595 925 εἶναι
2626 870 2686 922 ea
2737 868 2900 930 σέϐας
2931 866 3207 919 διδόασινο
3264 864 3322 915 ὲν
3364 857 3444 924 οἷς
3476 861 3571 913 καὶ
3605 862 3631 912 ὁ
3679 857 3869 927 Κύρου
3924 856 4042 907 ἐστὶ

2452 966 2824 1034 Θεοδώρητος.
2888 960 3031 1029 Ἐγὼ
3074 960 3129 1012 δὲ
3165 957 3242 1028 τῷ
3279 956 3553 1026 προμάχῳ
3603 954 3704 1018 τῆς
3755 948 4042 1010 εὐσεϐείας

2453 1057 2741 1130 Γρηγορίῳ
2770 1055 2847 1126 τῷ
2875 1054 3018 1108 πάνυ
3052 1052 3287 1105 ἕπεσθαι
3330 1050 3571 1120 μάλιστα
3611 1046 3898 1116 βούλομαι.
3934 1042 4043 1093 Καὶ

2452 1151 2557 1218 γάρ
2590 1149 2721 1218 φασί
2746 1164 2891 1210 τινες
2922 1145 2998 1216 μὴ
3025 1141 3341 1211 θαυμαστὸν
3360 1136 3525 1202 εἶναι,
3558 1140 3606 1190 εί
3632 1138 3690 1189 ὲν
3719 1140 3831 1195 τοις
3857 1133 4044 1194 ἄλλοις

2451 1240 2627 1307 λόγοις
2654 1238 2834 1309 ἠρέμα
2858 1236 3007 1307 αὐτῷ
3028 1232 3299 1303 ἐγκαλῶν,
3330 1232 3390 1285 ἐν
3418 1232 3528 1292 τοῖς
3554 1219 4042 1295 Στηλιτευτικεῖς

2453 1332 2630 1385 διόλου
2680 1331 3025 1398 ὑπερφυέσιν
3052 1326 3297 1386 ἐπαίνοις
3327 1323 3493 1376 αὐτὴν
3542 1317 3903 1385 καταστέφει.
3935 1314 4041 1364 Τὸν

2452 1425 2560 1493 γὰρ
2589 1424 2730 1477 κατὰ
2759 1422 2852 1477 τοῦ
2877 1421 3184 1474 ἀποστάτου
3217 1419 3378 1487 ζῆλον
3406 1413 3758 1468 διαλλάττειν
3785 1409 3918 1477 φασὶ
3945 1405 4041 1457 τὸν

2457 1519 2668 1588 μέγαν,
2714 1518 2809 1570 καὶ
2841 1517 2995 1584 φίλον
3022 1513 3234 1593 ἐκείνου
3267 1511 3494 1581 γνήσιον
3527 1506 3799 1577 γίνεσθαι,
3838 1502 3913 1571 μὴ
3950 1498 4043 1550 διὰ

2454 1607 2677 1672 κακίαν,
2731 1606 2866 1658 ἀλλὰ
2899 1604 2965 1657 δι’
3016 1603 3303 1670 ἁπλότητα
3368 1597 3611 1670 μετρίως
3671 1594 4037 1662 λυπήσαντος.

2467 1698 2619 1751 Ἐπεί
2654 1696 2733 1750 τοί
2764 1714 2828 1765 γε
2876 1696 2969 1750 καὶ
3003 1696 3065 1748 τὸ
3096 1694 3225 1746 ἄλλο
3259 1692 3352 1745 τοῦ
3388 1692 3594 1761 πατρὸς
3628 1685 3761 1760 ἦθος
3793 1682 4044 1738 τοιοῦτον

2456 1791 2805 1861 εὑρίσκεσθαι
2830 1790 3077 1857 λέγουσι,
3113 1788 3191 1858 τῷ
3220 1786 3617 1853 ὑπερὸαλλοντι
3657 1780 3814 1849 κακῷ
3848 1795 4044 1845 συγγι-

772 1892 913 1944 hanc
948 1901 1133 1945 autem
1179 1891 1380 1955 libens,
1420 1890 1581 1943 sicuti
1631 1890 1843 1943 dicunt.
1876 1887 2060 1957 Copize
2102 1904 2342 1957 namque
2384 1871 2464 1938 Br

2384 1871 2422 1926 Β
2452 1887 2685 1939 νώσκειν
2713 1888 2824 1947 τοῖς
2862 1884 3060 1954 μικρὸν
3110 1881 3468 1950 ἁγνοήσασιν.
3514 1876 3658 1941 Ἐγὼ
3682 1876 3736 1929 δέ
3769 1891 3915 1943 φημι
3957 1873 4044 1921 λιξ-

773 1982 1042 2036 militares
1074 1997 1291 2047 omnes,
1349 1982 1563 2035 tametsi
1602 1982 1891 2050 praesentis
1938 1984 2064 2050 ejus
2098 1984 2343 2050 potentia

773 2076 1156 2139 vincerentur,
1201 2075 1324 2144 plus
1361 2084 1545 2129 tamen
1576 2075 1803 2129 honoris
1841 2075 2104 2130 defuncto
2137 2076 2347 2129 haben-

775 2178 855 2220 tes
909 2167 1385 2237 (quandoquidem
1438 2178 1634 2220 natura
1695 2169 2095 2222 benevolentiae
2140 2168 2345 2222 aﬂectu

775 2274 1029 2313 recentes
1069 2275 1342 2313 aerumnas
1396 2260 1803 2329 prosequimur)
1836 2272 1891 2313 et
1920 2263 2128 2316 amoris
2176 2261 2348 2315 mise-

776 2352 1140 2420 iiCordiaeque
1170 2352 1527 2405 inclinatione
1554 2362 1770 2405 mortuo
1802 2353 2181 2418 condolentes,
2205 2371 2351 2409 cam-

774 2461 880 2513 que
911 2446 980 2497 ob
1011 2461 1233 2498 causam
1267 2446 1492 2499 minime
1533 2460 1591 2500 se
1620 2446 1993 2512 continentes,
2032 2448 2163 2517 quin
2193 2448 2347 2503 illum

776 2537 926 2590 \clut
994 2538 1384 2607 imperatorem
1444 2537 1751 2593 honoriﬁce
1811 2540 2158 2608 exciperent,
2213 2556 2353 2609 apo-

774 2638 929 2681 statue
988 2639 1041 2683 et
1092 2629 1362 2683 desertori
1408 2628 1772 2698 persuadent,
1806 2640 1969 2699 atque
2005 2647 2131 2685 eum
2181 2631 2348 2685 simul

774 2724 890 2776 lere
930 2732 1152 2791 cogunt,
1205 2732 1263 2774 ut
1309 2721 1593 2785 defuncto,
1628 2722 1818 2776 habitu
1854 2724 2207 2778 convenienti
2254 2727 2354 2780 ob-

776 2814 921 2867 viam
956 2812 1300 2881 procederet.
1344 2812 1475 2866 Erat
1503 2823 1687 2866 autem
1725 2812 1947 2867 habitus
1977 2814 2043 2879 is,
2076 2826 2133 2869 ut
2160 2816 2351 2870 diade-

777 2922 863 2960 ma
896 2904 963 2960 de
1000 2906 1178 2974 capite
1203 2906 1528 2974 deponeret,
1554 2914 1610 2958 et
1644 2904 1887 2959 demisso
1920 2908 2072 2960 vultu
2111 2910 2352 2977 impera-

778 2997 883 3050 tori
932 3006 1249 3050 cxtrcmum
1311 3004 1601 3064 praestaret
1655 2996 1929 3061 oﬂicium,
1982 3013 2222 3067 eumque
2283 2999 2349 3052 ad

774 3090 1114 3158 sepulcrum,
1166 3104 1290 3141 cum
1343 3088 1555 3157 reliquo
1607 3090 1874 3142 comitatu
1929 3090 1982 3142 in
2029 3091 2349 3159 praeclarum

2455 1997 2555 2048 γου
2600 1979 2699 2048 μὲν
2728 1978 2951 2048 ἔχεσθαι
2982 1976 3041 2028 τὸ
3074 1976 3383 2044 εἰρημένον.
3427 1972 3543 2023 Ἐπ’
3578 1968 3831 2037 εὐσεϐείᾳ
3855 1967 3937 2031 δὲ,
3968 1963 4047 2033 μὴ

2457 2072 2692 2125 τοιαῦτα
2728 2071 3000 2139 αἱρεῖσθαι
3030 2065 3502 2136 καταχαρίζεσθαι
3534 2064 3626 2117 τὸν
3656 2063 3915 2116 τοσοῦτον
3945 2059 4045 2125 τῆς

2476 2168 2789 2236 Εκκλησίας
2816 2164 3164 2220 διδάσκαλον.
3202 2162 3312 2215 Καὶ
3346 2160 3415 2214 τὰ
3459 2160 3557 2229 μὲν
3590 2160 3718 2222 περί
3750 2158 4047 2210 Κωνσταν-

2456 2262 2573 2313 τίου
2619 2259 2810 2313 τοῦτον
2849 2260 2975 2328 ἔσχε
3007 2257 3099 2309 τὸν
3131 2256 3373 2325 τρόπον·
3411 2253 3642 2321 τελευτᾷ
3683 2250 3726 2303 δ’
3762 2251 3818 2302 ὲν
3847 2248 4043 2316 Μόψου

2457 2357 2708 2426 κρήναις,
2739 2352 2813 2415 ὡς
2845 2353 3085 2421 εἴρηται,
3107 2351 3250 2404 κατὰ
3277 2349 3375 2419 τὴν
3391 2347 3587 2417 τρίτην
3616 2343 3711 2397 τοῦ
3733 2341 3832 2396 Noe
3846 2341 4045 2411 μερίου

2461 2448 2661 2519 μηνός*
2690 2447 2861 2515 ζήσας
2893 2447 2993 2514 μὲν
3011 2446 3079 2498 τὰ
3108 2445 3288 2497 πάντα
3322 2442 3419 2509 ἐτη
3454 2442 3615 2494 πέντε
3638 2442 3732 2491 καὶ
3765 2435 4046 2504 τεσσαραο

2456 2554 2641 2601 κοντα,
2693 2536 3023 2607 βασιλεύσας
3069 2534 3126 2587 δὲ
3172 2534 3379 2586 τούτων
3413 2530 3559 2584 ὀκτὼ
3594 2529 3732 2601 πρὸς
3775 2524 3844 2594 λ’,
3871 2522 3946 2579 ὧν
3978 2527 4048 2577 τὰ

2460 2630 2559 2699 μὲν
2588 2629 2944 2699 τρισκαίδεκα
2990 2627 3209 2697 σύναμα
3239 2625 3319 2695 τῷ
3353 2626 3523 2693 πατρλ⁵
3554 2620 3727 2694 ἦρχε’
3763 2622 3828 2673 τὰ
3866 2620 3910 2672 δ’
3950 2622 4050 2671 ἑπ-

2458 2723 2641 2775 έκεινα
2675 2722 2839 2773 πέντε
2872 2721 3001 2772 ὄντα
3032 2719 3127 2773 καὶ
3179 2720 3355 2772 εἰκοσι
3389 2719 3550 2785 μόνος
3576 2716 3873 2785 διῴκησεν.
3904 2714 4048 2765 Ὀσι

2458 2816 2521 2884 δὴ
2552 2817 2643 2867 καὶ
2677 2817 2707 2883 ἡ
2733 2815 2987 2883 παροῦσα
3014 2813 3181 2881 ἐνάτη
3219 2830 3311 2881 μοι
3345 2811 3453 2864 τῶν
3480 2810 3731 2879 ἱστοριῶν
3759 2807 4044 2877 περιέχει·

2459 2910 2696 2974 ὁπηνίκα
2732 2908 2936 2974 κόσμου
2975 2906 3074 2975 μὲν
3128 2905 3247 2965 ἔτος
3288 2902 3475 2970 ,εωοβ’,
3520 2902 3628 2954 ἀπὸ
3655 2900 3712 2953 δὲ
3750 2900 3850 2967 τῆς
3894 2898 4049 2957 Θείας

2462 3001 2555 3052 τοῦ
2622 3000 2825 3068 Κυρίου
2890 3000 3199 3065 γεννήσεως
3270 2994 3685 3061 τριακοσιοστὸν
3748 2991 4050 3059 ἑξηκοστὸν

2463 3092 2690 3159 ἓῦδομον
2726 3091 3075 3160 ἐπεραίνετο.

777 3182 1034 3236 divorum
1091 3182 1469 3251 apostolorum
1526 3182 1813 3250 templum,
1871 3184 1967 3251 qui
2013 3199 2229 3237 sacrum
2285 3186 2391 3239 hoc
2454 3202 2630 3253 genus
2676 3197 2729 3238 et
2763 3198 3081 3253 suscepere,
3128 3192 3184 3236 et
3220 3190 3578 3246 conservant,
3616 3179 3843 3235 eosdem
3880 3194 4053 3249 prope

777 3295 901 3332 cum
947 3279 1057 3332 illis
1099 3279 1339 3332 honores
1384 3278 1722 3346 percipiens,
1758 3278 2081 3333 deduceret.
2132 3299 2169 3339 η»
2242 3281 2556 3346 Theologns
2623 3280 2849 3348 quidem
2918 3280 3051 3338 haec.
3082 3289 3137 3333 et
3172 3278 3275 3331 alia
3319 3277 3498 3347 plura,
3525 3277 3579 3330 in
3618 3274 3915 3330 lnvectivis
3950 3292 4052 3344 pro

777 3372 1102 3426 Constantio
1133 3371 1268 3425 dicit
1305 3388 1316 3423 :
1363 3385 1432 3423 ne
1470 3371 1523 3423 in
1561 3371 1686 3423 aliis
1729 3370 1949 3438 quidem
2002 3374 2350 3427 orationibus
2393 3377 2509 3427 suis
2574 3374 2907 3441 pravitatem
2941 3371 3042 3436 illi,
3104 3373 3197 3425 sed
3235 3370 3645 3440 simplicitatem
3675 3368 3860 3437 potius
3882 3385 4049 3437 quam

780 3467 1062 3520 levitatem
1114 3467 1383 3521 tribuens.
1429 3467 1535 3520 Alii
1596 3482 1724 3520 vero
1774 3466 2020 3519 historici
2074 3482 2199 3519 eum
2243 3483 2351 3519 non
2396 3477 2544 3521 recta
2584 3468 2638 3519 in
2712 3469 2977 3535 religione
3008 3465 3286 3521 sententia
3358 3465 3529 3520 fuisse
3567 3462 3809 3534 produnt
3841 3504 3849 3512 .
3880 3461 4055 3531 809

781 3559 1072 3629 inquibus
1100 3570 1185 3613 est
1217 3570 1273 3613 ct
1302 3560 1687 3613 Theodorctus
1729 3559 1855 3629 Cyri
1889 3560 2205 3629 episcopus.
2252 3558 2359 3626 ligo
2395 3576 2527 3615 vero
2598 3563 2783 3631 potius
2820 3562 3253 3632 propugnatoris
3331 3575 3472 3614 verae
3522 3559 3743 3629 pictatis
3793 3558 4052 3629 Gregorii

785 3658 971 3727 magni
1003 3656 1391 3710 auctoritatem
1423 3670 1647 3724 sequor.
1686 3654 1820 3707 Nam
1854 3654 2077 3722 quidam
2147 3656 2393 3720 tradunt,
2440 3659 2665 3711 minime
2736 3659 3054 3711 mirandum
3088 3673 3233 3722 esse,
3267 3658 3310 3713 si
3355 3658 3405 3711 in
3434 3658 3660 3727 reliquis
3699 3658 4053 3712 orationibus

796 3753 952 3807 illum
978 3750 1177 3804 leviter
1201 3747 1598 3817 perstringens,
1633 3748 1689 3801 in
1740 3745 2049 3809 Invectivis,
2115 3748 2424 3817 magniﬁcis
2466 3767 2699 3819 prorsus
2756 3761 2985 3806 exornet
3042 3751 3319 3805 laudibus.
3379 3750 3648 3805 Ardurem
3696 3751 3873 3813 enim,
3940 3768 4054 3821 quo

782 3849 1049 3902 adversus
1084 3844 1370 3914 religionis
1408 3845 1752 3897 desertorem
1804 3844 2065 3897 incitatus
2157 3844 2280 3908 fuit,
2359 3847 2428 3898 ita
2476 3848 2795 3903 immutasse
2833 3848 3013 3901 virum
3061 3861 3316 3916 magnum
3355 3847 3567 3911 dicunt,
3620 3856 3679 3899 ut
3718 3850 3935 3899 amicus
3974 3846 4053 3899 illi

784 3940 1200 4009 benevolusque
1235 3954 1463 4007 prorsus
1498 3940 1676 3993 factus
1720 3940 1811 4003 sit,
1856 3941 1948 4009 qui
1978 3954 2089 3992 non
2122 3941 2353 4005 malitia,
2396 3943 2489 3997 sed
2534 3946 2890 4014 simplicitate
2954 3961 3044 4000 res
3112 3956 3336 4000 nostras
3361 3945 3707 4014 aliquantum
3751 3946 4057 4013 perturba-

784 4040 874 4091 rit.
918 4034 1024 4099 Qui
1079 4042 1133 4086 ct
1186 4033 1339 4085 illum
1377 4032 1552 4085 sancti
1584 4032 1702 4101 ejus
1735 4033 1907 4101 patris
1943 4047 2149 4085 morem
2183 4032 2351 4087 fuisse
2391 4037 2606 4101 volunt,
2633 4048 2694 4091 ut
2760 4037 3115 4105 gravissimas
3137 4040 3304 4090 etiam
3332 4038 3415 4091 eis
3440 4053 3613 4091 noxas
3674 4038 4050 4105 condonaret,

786 4130 881 4201 qui
932 4141 1025 4180 eas
1079 4125 1387 4194 ignorantia
1436 4136 1492 4178 et
1538 4125 1691 4193 lapsu
1743 4123 1927 4191 aliquo
1976 4124 2353 4179 admisissent.
2394 4125 2549 4192 Quod
2603 4142 2703 4197 ego
2736 4127 2961 4196 quidem
3034 4129 3234 4182 rationi
3267 4143 3573 4183 consonum
3606 4143 3729 4183 esse
3763 4130 4053 4185 dixerim:

782 4226 837 4277 in
875 4216 1041 4272 rebus
1074 4227 1256 4269 autem
1296 4217 1516 4284 pietatis
1564 4222 1767 4267 nostra:
1831 4212 2129 4282 gratiﬁcari
2197 4219 2451 4286 cuiquam
2491 4220 2734 4274 voluisse
2791 4229 3005 4274 tantum
3055 4220 3316 4275 Ecclesia:
3367 4222 3649 4274 (lectorem
3708 4225 4053 4291 negaverim.

782 4308 892 4364 lies
920 4308 1229 4363 Constantii
1260 4309 1340 4363 sic
1384 4324 1443 4363 se
1480 4306 1749 4361 habuere.
1789 4307 2039 4360 Mortuus
2069 4308 2216 4360 enim
2247 4320 2351 4374 cst,
2393 4312 2537 4365 sicut
2608 4314 2870 4377 diximus,
2910 4312 2979 4366 ad
3050 4311 3224 4381 Mopsi
3266 4314 3471 4375 fontes,
3511 4313 3676 4366 tertio
3722 4312 4059 4371 Novembris

782 4406 991 4459 mensis
1034 4406 1123 4457 die
1165 4423 1177 4456 :
1224 4406 1360 4458 vixit
1415 4418 1591 4457 annos
1636 4403 1998 4471 quadraginta
2055 4406 2299 4471 quinque
2336 4423 2348 4458 :
2393 4406 2686 4478 imperavit
2754 4419 2943 4463 autem
3014 4410 3238 4478 triginta
3279 4420 3335 4463 et
3375 4421 3523 4474 octo,
3576 4425 3701 4463 cum
3742 4419 3901 4477 patre
3931 4410 4060 4479 qui-

782 4501 906 4551 dem
937 4500 1226 4561 tredecim,
1261 4498 1503 4565 reliquos
1528 4495 1719 4565 viginti
1743 4496 1986 4564 quinque
2016 4499 2190 4551 solus.
2254 4500 2402 4563 Quos
2444 4504 2665 4571 quidem
2738 4519 2915 4557 annos
2956 4520 3136 4558 nonus
3185 4506 3289 4559 iste
3334 4505 3697 4557 historiarum
3731 4505 4066 4573 ροιῃριεειί-

783 4608 871 4647 tur
929 4592 1113 4645 liber:
1166 4608 1288 4644 cum
1332 4608 1359 4643 a
1415 4591 1621 4643 mundo
1683 4591 1907 4643 condito
1979 4592 2271 4660 quinquies
2336 4595 2661 4651 millesimus
2730 4606 3166 4669 scptuagesimus
3238 4598 3515 4653 secundus
3569 4599 3690 4667 (l),
3747 4612 3776 4650 a
3825 4598 4059 4653 Christo

780 4698 967 4743 autent
1011 4695 1145 4738 nato
1192 4688 1619 4739 trecentesimus
1661 4689 2036 4755 sexagesimus
2090 4688 2358 4756 septimus
2399 4706 2654 4761 ageretur
2690 4709 2889 4747 annus.

852 4854 930 4926 (ί)
972 4848 1289 4905 Secundqu
1328 4852 1638 4905 neotericos
1674 4851 1836 4905 4542.
