4286 6438
739 438 845 500 435

1973 433 2394 494 NICEPHORI
2433 431 2770 493 CALleTI

3889 422 3990 485 436

739 568 849 604 nuo
880 551 1100 621 quidem
1170 564 1354 605 secum
1409 560 1564 621 patre
1594 547 1916 614 Constante,
1960 551 2064 604 alia
2111 559 2292 603 autem
2324 551 2368 606 Δ
2399 547 2431 598 ἐ

2324 551 2368 606 Α
2399 546 2516 610 ἐνδς
2551 546 2651 614 μὲν
2682 544 2885 614 πατρὸ,
2919 543 3011 596 τοῦ
3047 544 3278 596 Κώνστα
3307 541 3766 610 γεγεννημένους
3802 541 3988 606 διαφο-

737 655 911 698 matre
943 645 1200 714 genitos:
1235 643 1587 708 Dalmatium,
1637 645 1726 714 qui
1771 644 1995 698 alterius
2056 645 2306 700 Dalmatii

738 748 895 804 pater
924 738 1067 789 fuit:
1121 747 1175 790 et
1202 736 1610 799 Constantium,
1645 737 1803 805 cujus
1841 736 1935 789 filii
1983 735 2135 790 fuere
2184 737 2311 790 Gal-

741 833 823 884 lns
855 839 908 882 et
936 828 1210 883 Julianus.
1246 829 1345 884 Ubi
1383 828 1782 883 Constantinus
1841 827 2100 891 decessit,
2144 837 2309 897 atque

743 923 1030 991 imperium
1062 923 1126 974 :nl
1171 923 1342 976 filium
1380 923 1764 976 Constantium
1795 922 2067 990 pervenit,
2119 932 2308 991 tyran-

742 1014 923 1066 nidem
990 1022 1267 1077 lllt'lllcnS,
1320 1023 1378 1067 et
1426 1029 1626 1080 genere
1674 1010 1777 1065 sibi
1813 1011 2151 1080 propinquos
2211 1028 2310 1065 su-

739 1117 958 1175 spectos
1008 1106 1237 1170 habens,
1279 1122 1387 1161 non
1446 1107 1585 1161 bene
1616 1120 1708 1160 eos
1761 1105 2035 1160 tractavit.
2075 1101 2311 1161 Proinde

735 1199 920 1267 junior
951 1198 1274 1263 Dalmatius,
1323 1213 1446 1253 cum
1480 1199 1590 1266 jam
1620 1197 1802 1252 Caesar
1836 1209 2003 1261 esset,
2041 1211 2068 1251 a
2123 1197 2312 1251 militi-

741 1291 842 1345 bus
881 1306 1054 1345 caesus
1086 1302 1192 1346 εει.
1247 1292 1313 1346 Et
1344 1307 1540 1360 parum
1578 1291 1776 1357 abluit,
1810 1293 1942 1360 quin
2001 1305 2054 1345 et
2082 1291 2191 1344 duo
2222 1290 2311 1344 isti

742 1385 1029 1453 perierint.
1092 1384 1199 1440 Sed
1233 1386 1444 1440 Gallum
1484 1386 1712 1440 consilio
1737 1386 1900 1439 credis
1937 1385 2160 1438 morbus
2217 1400 2314 1439 ex-

740 1477 892 1542 emit,
927 1494 992 1531 ex
1018 1493 1129 1548 quo
1162 1478 1482 1547 propediem
1534 1478 1839 1532 moriturus
1866 1493 1985 1531 esse
2032 1477 2313 1531 existima-

741 1575 828 1623 tus
854 1580 958 1624 est.
989 1569 1209 1625 Juliano
1243 1582 1424 1625 autem
1477 1580 1608 1625 aetas
1638 1572 1879 1625 tenerior
1904 1570 2130 1640 profuit,
2165 1568 2310 1639 quod

741 1663 962 1717 vixdum
999 1673 1256 1717 octavum
1298 1663 1572 1733 attigisset
1636 1679 1860 1716 annum.
1913 1662 2012 1716 Ubi
2050 1678 2184 1716 vero
2231 1663 2312 1716 ira

739 1753 1089 1822 imperatoris
1126 1755 1391 1809 adversus
1434 1770 1530 1809 eos
1588 1754 1885 1818 deferbuit,
1938 1753 2174 1821 primum
2232 1753 2314 1806 eis

740 1856 798 1898 ut
825 1845 876 1899 in
905 1845 1250 1916 Cappadocia
1278 1858 1528 1918 agerent,
1572 1848 1910 1916 permissum
1939 1855 2046 1909 cst,
2091 1845 2145 1898 in
2190 1845 2312 1898 loco

740 1939 976 2007 quodam
1003 1938 1401 2006 quiMacellum
1434 1939 1612 1992 dictus
1652 1948 1760 2000 est,
1797 1954 1906 1991 non
1937 1938 2094 2008 longe
2137 1952 2165 1990 a
2197 1935 2312 1990 Cae-

742 2044 921 2093 sarea,
948 2029 1013 2082 ad
1052 2030 1305 2100 Argaeum
1342 2039 1584 2084 montem
1637 2034 1766 2094 site,
1805 2030 2008 2099 regiam
2062 2030 2312 2091 domum,

744 2121 982 2183 lavacra,
1014 2122 1204 2176 hortos
1229 2133 1284 2177 et
1306 2122 1487 2178 fontes
1518 2138 1788 2193 perennes
1813 2122 2072 2176 habente.
2104 2119 2183 2173 lhi
2215 2133 2315 2188 pro

745 2234 811 2272 eo
848 2228 1012 2289 atque
1043 2217 1300 2284 decebat,
1358 2218 1534 2273 curati
1591 2226 1743 2278 sunt,
1784 2215 2205 2284 disciplinisque
2258 2221 2315 2266 et

744 2313 1022 2367 exercitiis
1067 2312 1214 2366 aetati
1244 2312 1291 2364 ei
1335 2310 1797 2365 convenientibus
1855 2307 2078 2369 exculti,
2146 2305 2316 2360 sacris

747 2420 966 2475 quoque
1018 2403 1240 2458 Litteris
1281 2419 1310 2458 a
1349 2403 1627 2471 magistris
1669 2411 1724 2456 et
1765 2400 2194 2470 praeceptoribus
2249 2411 2318 2452 eo

748 2513 920 2568 usque
950 2498 1118 2560 docti,
1160 2505 1218 2550 ut
1270 2495 1324 2550 in
1358 2496 1542 2549 album
1575 2503 1758 2565 postea
1803 2493 1932 2546 elcri
1998 2492 2151 2545 relati
2186 2491 2316 2555 sint,

745 2603 802 2646 et
850 2607 1038 2646 sacros
1069 2591 1241 2645 libros
1282 2590 1484 2660 popqu
1533 2589 1788 2659 legerint.
1842 2589 2020 2654 Atque
2075 2584 2151 2637 illi
2208 2598 2318 2636 non

750 2686 931 2739 verbis
963 2683 1148 2748 modo,
1184 2683 1280 2739 sed
1313 2694 1368 2736 ct
1399 2681 1558 2736 factis
1579 2681 1823 2736 studium
1872 2678 2236 2746 ardoremque
2265 2676 2320 2729 in

751 2778 1016 2848 religione
1045 2791 1206 2829 suum
1245 2773 1627 2830 ostenderunt.
1688 2772 1822 2826 Nam
1880 2771 1974 2841 qui
2012 2769 2184 2824 sacris
2236 2769 2320 2823 di-

754 2870 1052 2940 gnitatibus
1103 2871 1377 2933 exornati,
1411 2876 1576 2936 atque
1623 2865 1784 2918 aliter
1821 2865 1986 2918 etiam
2032 2864 2161 2917 boni
2194 2861 2319 2925 viri,

752 2977 805 3018 et
839 2974 1063 3034 propter
1091 2963 1350 3033 pietatem
1382 2961 1756 3026 virtutemque
1788 2955 1920 3009 clari
1973 2965 2151 3015 erant.
2221 2969 2319 3008 eos

753 3059 1011 3128 ampliter
1039 3058 1416 3111 honoraruut:
1467 3055 1522 3108 in
1567 3053 1740 3106 sacris
1780 3050 1860 3105 illi
1899 3051 2065 3105 etiam
2114 3047 2326 3102 aedibus

755 3153 1073 3221 frequentes
1101 3151 1342 3214 fuerunt,
1389 3162 1446 3204 et
1469 3161 1768 3220 martyrum
1799 3162 1964 3202 urnas
2019 3142 2326 3198 honoribus

2415 657 2496 708 ροι
2520 639 2637 692 δἀί
2663 640 2897 707 μητέρες
2921 632 3062 708 ἦσαν
3083 637 3265 698 αὐτοῖς
3289 652 3303 668 ο
3337 631 3411 687 ὦν
3434 633 3512 702 τῷ
3539 635 3637 702 μὲν
3661 634 3986 700 Δαλμὰτεος,

2412 731 2621 799 θατέρῳ
2653 732 2709 783 δὲ
2744 731 3118 791 Κωνστάντιος
3154 729 3325 796 ὄνομα
3373 723 3463 797 ἧν.
3511 725 3571 777 Ὀ
3603 726 3699 794 μὲν
3732 725 3825 776 οὖν
3851 724 3988 776 Λαὶ-

2415 823 2608 889 μάτιος
2641 822 2828 891 ἕτερον
2858 823 3051 887 ἐγέννα
3083 820 3408 889 Δαλμάτιον·
3442 815 3518 885 τῷ
3540 818 3595 869 δὲ
3626 818 3990 881 Κωνσταντίῳ

2412 914 2615 975 Γάλλος
2639 916 2732 965 καὶ
2779 913 3069 976 Ἰουλιανὸς
3125 914 3314 974 παῖδες
3345 911 3696 978 γεγέννηντο.
3745 909 3899 959 Ἐπεὶ
3945 907 3988 958 δ’

2412 1007 2630 1060 ἀπεϐίω
2665 1004 2766 1074 μὲν
2793 1006 3233 1067 Κωνσταντῖνος,
3267 1003 3358 1054 καὶ
3388 1005 3467 1062 είς
3501 1001 3590 1052 τὸν
3639 999 3804 1051 παῖδα
3835 1001 3988 1049 Κων-

2415 1095 2665 1150 στάντιον
2713 1095 2918 1166 ἡάρχὴ
2948 1093 3273 1165 μετεχώρει,
3306 1091 3600 1144 δειααίιων
3649 1091 3856 1150 ἐκεῖνος
3893 1089 3988 1147 τὰς

2412 1189 2778 1260 τυραννίδας,
2833 1191 2960 1245 τοὺς
3008 1188 3388 1256 προσήκοντας
3438 1184 3588 1252 γένει
3633 1182 3699 1236 δι’
3751 1180 3989 1248 ὑποψίας

2413 1283 2572 1353 ἔχων,
2601 1282 2661 1334 οὺ
2690 1281 2872 1345 καλῶς
2900 1283 3086 1343 αὐτοῖς
3119 1277 3416 1332 διετίθετοο
3455 1275 3648 1343 ἀμέλει
3681 1291 3767 1326 τοι
3795 1274 3888 1325 καὶ
3915 1271 3988 1339 τῷ

2412 1376 2518 1442 νέῳ
2570 1373 2865 1443 Δαλματίῳ
2915 1372 3158 1441 Καίσαρι
3204 1371 3318 1423 δντι
3376 1369 3423 1421 οί
3475 1365 3804 1438 στρατιῶται
3833 1364 3989 1431 (ρο-,ον

2414 1468 2668 1539 ἐκίρνων.
2707 1468 2866 1538 Παρὰ
2898 1465 3077 1537 βραχὺ
3113 1465 3158 1518 δ’
3187 1465 3252 1518 ἂν
3283 1463 3377 1517 καλ⁸
3402 1453 3552 1514 οὗτοι
3604 1457 3906 1518 ἀπώλοντο,
3944 1455 3990 1505 εἰ

2417 1561 2493 1632 μὴ
2515 1559 2719 1615 Γάλλον
2751 1559 2850 1630 μὲν
2884 1557 3124 1623 ἐξείλετο
3181 1557 3281 1626 τῆς
3336 1552 3653 1620 ἐπιϐουλῆς,
3707 1551 3787 1602 ὅτι
3821 1547 3991 1599 νοσῶν

2415 1655 2624 1724 ἔτυχεν,
2655 1654 2781 1706 ὅσον
2835 1653 2990 1704 οὗπω
3022 1651 3208 1703 θανεῖν
3268 1648 3325 1713 ἐξ
3355 1648 3576 1716 ἐκείνης
3629 1642 3993 1713 προσδόκιμος

2413 1746 2491 1800 ῶν
2517 1763 2531 1777 ο
2579 1745 2870 1799 Ἰουλιανὶν
2901 1743 2956 1796 δὲ
2986 1743 3047 1795 τὸ
3081 1741 3183 1812 τῆς
3213 1739 3434 1811 ἡλικίας
3491 1737 3751 1799 διέσωζεν
3783 1736 3994 1786 ἀτελέ.·.

2417 1840 2586 1894 Οὔπω
2612 1839 2722 1909 γάρ
2750 1839 2829 1890 ἔτι
2859 1835 3045 1904 ὄγδοον
3075 1835 3194 1896 ἔτος
3225 1835 3256 1902 ἡ
3288 1830 3475 1902 ἡλικία
3517 1826 3654 1900 ἦγεν
3689 1829 3861 1897 αὐτῷ.
3907 1829 3996 1888 Ὠς

2417 1933 2474 1985 δὲ
2505 1931 2684 2002 χρόνῳ
2718 1929 2893 1999 ήκατ’
2926 1927 3109 1980 αὐτῶν
3127 1925 3222 1978 τοῦ
3255 1922 3521 1995 βασιλέως
3555 1921 3700 1990 ὁρμὴ
3728 1919 3997 1987 ὑπεχάλα,

2419 2026 2634 2097 πρῶτον
2681 2026 2776 2093 μὲν
2832 2027 2888 2077 ἐν
2939 2022 3313 2090 Καππαδοκίᾳ
3371 2019 3673 2090 διατρίϐειν
3727 2018 3996 2084 εἰάθησαν

2419 2120 2477 2172 εν
2507 2133 2615 2170 τινι
2675 2115 2859 2188 χώρῳ,
2919 2115 3190 2182 Μακέλλῳ
3223 2113 3418 2182 ὄνομα,
3479 2111 3614 2181 πρὸς
3647 2108 3725 2177 τῷ
3783 2108 4002 2177 ’Δργέῳ

2418 2212 2558 2281 ὄρει,
2619 2210 2680 2262 οὑ
2719 2207 2940 2278 μακρὰν
2979 2209 3079 2275 τῆς
3136 2207 3465 2275 Καισαρέων
3495 2205 3728 2274 διέχοντι
3767 2203 3999 2266 πόλεως,

2422 2302 2675 2372 βασίλεια
2705 2301 2799 2352 καὶ
2845 2298 3066 2366 λοετρὰ,
3109 2299 3322 2367 κήπους
3348 2313 3406 2349 τε
3441 2297 3535 2349 καὶ
3585 2295 3770 2361 πηγὰς
3799 2293 4002 2345 ἁένναα

2421 2391 2753 2461 κεκτημένῳ
2777 2404 2795 2422 ο
2858 2387 2987 2442 ῐνθα
3019 2387 3084 2458 δὴ
3131 2387 3430 2455 θεραπείας
3481 2383 3583 2452 τῆς
3614 2382 4003 2452 προσηκούσης

2422 2483 2867 2551 καταξιούμενοι,
2925 2480 3216 2550 μαθήμασί
3245 2497 3306 2532 τε
3360 2477 3457 2532 καὶ
3507 2476 3835 2546 γυμνασίοις
3868 2477 4008 2528 ἀπο·-

2424 2571 2600 2642 χρῶσι
2630 2573 2694 2640 τῇ
2718 2569 2932 2641 ἡλικία,
2960 2569 3040 2622 ἔτι
3072 2569 3128 2622 δὲ
3182 2568 3534 2630 διδασκάλοις
3564 2565 3662 2619 καὶ
3695 2566 4007 2633 ὑφηγηταῖς

2422 2662 2533 2715 τῶν
2568 2661 2732 2731 ιερῶν
2793 2659 3142 2730 μαθημάτων
3175 2660 3422 2728 ἐχρῶντο
3447 2673 3462 2688 ο
3501 2658 3593 2710 καὶ
3619 2654 3900 2718 τοσοῦτον,
3930 2654 4007 2716 ὡς

2425 2755 2520 2807 καὶ
2548 2754 2736 2824 κλήρῳ
2770 2752 3164 2822 καταλεγῆναι,
3197 2752 3291 2804 καὶ
3329 2750 3432 2813 τὰς
3460 2749 3614 2812 θείας
3659 2747 3888 2809 Βίϐλους
3929 2747 4008 2814 τῷ

2425 2842 2542 2915 λαῷ
2571 2844 3070 2911 ὑπαναγινὼσκειν.
3108 2842 3183 2896 Οὐ
3215 2842 3400 2911 λόγοις
3447 2840 3506 2892 δὲ
3535 2839 3717 2908 μόνον,
3744 2838 3881 2891 ἀλλὰ
3911 2838 4006 2889 καὶ

2427 2940 2611 3011 ἔργοις
2638 2938 2698 2992 τὸ
2727 2939 2856 3007 περὶ
2903 2936 3005 3006 τὴν
3055 2935 3360 3005 θρησκείαν
3389 2933 3593 3002 θερμόν
3620 2948 3681 2984 τε
3712 2932 3809 2982 καὶ
3844 2946 4013 2982 σπου·

2426 3034 2574 3085 δαῖον
2599 3030 2926 3088 ἐδείκνυντο,
2955 3027 3082 3089 τοὺς
3111 3024 3384 3096 ἱερωσύνῃ
3407 3021 3889 3092 κεκοσμημένους,
3919 3023 4014 3073 καὶ

2427 3127 2602 3186 ἄλλως
2637 3123 2876 3188 ἀγαθοὺς
2902 3122 3129 3192 ἄνδρας,
3162 3120 3410 3188 καὶπερὶ
3458 3118 3558 3188 τὴν
3595 3116 3887 3170 εὐσέϐειαν
3917 3113 4014 3166 καὶ

755 3259 811 3300 et
863 3244 1112 3298 donariis
1150 3251 1419 3297 ornarnnt
1467 3252 1523 3296 et
1554 3245 1980 3294 consecrarunt.
2033 3237 2214 3303 Atque
2271 3241 2328 3286 ut
2354 3231 2396 3290 C
2430 3220 2447 3273 δ

2321 3231 2396 3290 ια
2430 3217 2630 3286 ἀρετὴν
2668 3215 3008 3283 διαϐοήτους,
3033 3211 3354 3282 περιφανῶς
3396 3210 3692 3276 τιμῶντες,
3726 3209 3916 3277 σηκοῖς
3955 3224 4013 3259 τε

756 3341 1098 3396 alacritatem
1138 3353 1292 3392 suam
1326 3335 1657 3405 martyribus
1692 3331 1940 3389 colendis
1965 3328 2328 3399 velutispec-

761 3437 940 3490 taculn
976 3434 1162 3503 aliquo
1196 3432 1550 3494 exhiberent,
1583 3429 1849 3482 honorem
1914 3424 2153 3495 sepulcri
2219 3421 2333 3474 Ma-

761 3545 861 3599 urae
892 3526 966 3598 (l)
996 3524 1251 3596 martyris
1280 3523 1422 3576 inter
1453 3537 1533 3581 se,
1555 3530 1613 3574 ut
1647 3519 1701 3573 id
1756 3517 2048 3587 magnifico
2095 3517 2333 3570 circum-

762 3623 958 3674 darent
986 3616 1210 3687 templo,
1244 3615 1571 3669 diviserunt.
1622 3612 1689 3666 Et
1721 3625 1848 3665 cum
1878 3610 2020 3663 inter
2051 3623 2108 3663 se
2141 3615 2200 3661 ut
2236 3621 2334 3676 par

764 3722 902 3773 erat,
927 3711 1297 3769 decertarent,
1321 3713 1376 3759 et
1405 3704 1693 3758 ambitiose
1717 3701 2008 3772 splendore
2033 3710 2090 3755 et
2124 3699 2336 3769 magni-

768 3803 983 3858 ficentia
1016 3809 1307 3856 structura:
1324 3800 1459 3852 alter
1483 3799 1715 3850 alterum
1742 3811 2005 3864 superare
2032 3795 2334 3856 niteretur,

768 3911 855 3951 res
910 3901 1108 3965 praeter
1167 3893 1483 3961 opinionem
1551 3887 1872 3941 admiranda
1916 3887 2148 3943 accidit:
2215 3902 2335 3954 quae

770 3990 1016 4059 profecto
1042 3984 1384 4042 incredibilis
1411 3996 1579 4052 prope
1605 3991 1776 4043 esset,
1819 3980 1922 4034 nisi
1958 3980 2050 4048 qui
2087 3980 2160 4033 ibi
2196 3995 2336 4049 prte-

770 4094 954 4139 sentes
976 4098 1096 4137 eam
1133 4083 1416 4143 viderunt,
1446 4095 1542 4149 per
1580 4076 1896 4130 traditionis
1926 4073 2336 4129 successionem

769 4195 888 4234 eam
914 4192 1084 4245 usque
1107 4174 1172 4228 ad
1205 4175 1320 4227 haec
1348 4181 1595 4240 tempora
1619 4177 2064 4223 conservassem.
2099 4166 2148 4236 7
2185 4164 2341 4218 Ε(ὶὶ-

772 4271 956 4325 ficium
1016 4282 1255 4337 namque
1284 4264 1424 4321 Galli
1463 4263 1692 4333 pulchre
1723 4271 1780 4315 et
1836 4265 1917 4314 er
1950 4258 2182 4313 arbitrio
2221 4259 2342 4327 ejus

770 4361 1062 4434 processit,
1094 4371 1149 4414 et
1177 4356 1428 4428 quotidie
1458 4372 1556 4411 sua
1589 4355 1926 4410 incrementa
1948 4351 2158 4404 habuit.
2193 4350 2250 4402 In
2278 4364 2338 4401 ea

771 4469 903 4510 vero
961 4463 1112 4524 parte
1167 4467 1332 4520 quam
1365 4450 1618 4506 Julianus
1687 4444 2069 4504 construebat,
2142 4437 2341 4510 partim

776 4549 1014 4618 parietes
1053 4547 1155 4615 ipsi
1199 4548 1309 4617 jam
1355 4543 1580 4598 excitati
1614 4541 1998 4599 conciderunt,
2050 4536 2248 4605 partim
2277 4548 2343 4587 ex
2381 4569 2423 4624 ι)

777 4640 909 4707 ipsis
940 4635 1314 4693 fundamentis
1349 4646 1566 4688 sursum
1597 4643 1839 4691 versum,
1880 4622 2049 4678 veluti
2081 4623 2163 4676 vis
2196 4635 2348 4690 qua:-

778 4732 922 4801 piam
947 4729 1174 4783 adversa
1203 4735 1392 4781 contra
1427 4724 1719 4785 niteretur,
1745 4729 2009 4772 caementa
2040 4726 2096 4770 et
2123 4712 2347 4767 materia

778 4825 882 4877 alia
913 4823 1110 4892 ejecta,
1144 4830 1307 4888 atque
1334 4821 1385 4872 in
1411 4826 1613 4870 terram
1643 4823 1900 4882 tanquam
1936 4817 2104 4862 vento
2166 4803 2349 4858 valido

780 4922 1054 4983 prostrata
1086 4917 1237 4965 sunt.
1290 4908 1526 4972 Quidam
1581 4905 1748 4958 etiam
1822 4899 2038 4970 lapides
2087 4893 2348 4965 conjungi

781 5005 1156 5074 gltttinarique
1223 5017 1333 5056 non
1419 5007 1742 5070 potuerunt.
1822 4989 2158 5049 Admiranda
2221 5001 2353 5039 sane

783 5097 1159 5168 spectantibus
1219 5109 1304 5148 tes
1347 5094 1484 5153 visa.
1538 5107 1660 5160 quae
1704 5086 1979 5160 posterius
2015 5083 2222 5137 certius
2270 5088 2356 5134 est

785 5191 1025 5260 Cttgltila.
1060 5188 1235 5243 Fuere
1257 5196 1459 5247 tamen,
1489 5183 1582 5252 qui
1612 5191 1726 5234 tmn
1751 5193 1971 5248 quoque
2006 5173 2352 5233 intellexere,

788 5299 894 5337 non
927 5299 992 5338 ex
1029 5282 1216 5335 animo
1248 5280 1400 5333 illum
1441 5275 1765 5346 religionem
1801 5270 2008 5330 colere,
2049 5265 2142 5321 sed
2203 5271 2352 5318 metu

790 5375 1140 5444 imperatoris
1159 5369 1639 5428 Christianismum
1673 5363 1936 5420 simulare
1970 5377 1984 5414 :
2044 5366 2099 5412 et
2128 5355 2358 5428 proinde

793 5471 974 5524 minus
1034 5476 1250 5537 gratum
1300 5472 1700 5532 acceptumque
1758 5454 2085 5524 martyribus
2143 5451 2354 5504 cultum

793 5572 1185 5626 accessumque
1209 5555 1274 5607 ad
1303 5570 1360 5607 se
1387 5554 1505 5620 ejus
1532 5565 1671 5606 esse.
1694 5549 1957 5604 Pietatem
1982 5541 2356 5600 Christianam

793 5657 1045 5712 J'ttiauus
1079 5649 1316 5721 primum
1373 5645 1671 5698 ariolorum
1701 5636 2106 5695 consuetudine
2162 5632 2363 5686 adduc-

798 5760 886 5803 tus
912 5746 1136 5815 abjeeit.
1172 5741 1420 5796 Remissa
1454 5747 1638 5790 autem
1699 5731 1934 5801 amplius
1964 5728 2127 5782 etiam
2158 5723 2226 5779 ab
2255 5723 2358 5779 im-

2434 3314 2595 3375 θείοις
2625 3311 2979 3382 θαμίζοντες,
3011 3309 3108 3363 καὶ
3134 3306 3232 3369 τὰς
3253 3305 3364 3358 τῶν
3397 3302 3692 3375 μαρτύρων
3715 3302 3893 3372 θήκας
3919 3303 4019 3354 καὶ

2434 3405 2623 3474 τιμαῖς
2649 3404 2742 3456 καὶ
2776 3403 3088 3472 ἀναθήμασι
3120 3396 3460 3467 κοσμοῦντές
3488 3413 3547 3449 τε
3575 3396 3671 3448 καὶ
3703 3394 4021 3456 ἐκθειάζον-

2435 3515 2547 3560 τες.
2606 3498 2712 3549 Καὶ
2763 3496 2827 3565 δὴ
2878 3494 2938 3548 τὸ
2988 3491 3194 3562 θερμὸν
3239 3490 3340 3560 τῆς
3394 3489 3524 3557 περὶ
3553 3490 3684 3550 τοὺς
3727 3489 4020 3557 μάρτυρας

2433 3590 2601 3660 τιμῆς
2664 3587 3065 3658 θεατρίζοντες,
3123 3583 3293 3654 ἄμφω
3344 3582 3435 3635 τὸν
3483 3582 3658 3648 τάφον
3689 3580 3870 3647 Μάμα
3922 3579 4019 3630 τοῦ

2441 3686 2717 3756 μάρτυρος
2744 3679 3070 3748 διελόμενοι,
3102 3677 3237 3746 οἴκῳ
3265 3674 3644 3744 λαμπροτάτῳ
3692 3673 4024 3743 περιϐαλεῖν

2442 3777 2680 3844 σπουδὴν
2715 3771 3020 3827 ἐποιοῦντο.
3062 3768 3478 3838 Ἀμιλλωμένον
3520 3766 3565 3819 δ’
3596 3765 3673 3825 ὼς
3706 3766 3856 3827 εἰκὸς
3888 3766 4023 3820 ἐκα-

2437 3871 2600 3939 τέρου
2632 3867 2728 3919 καὶ
2760 3864 3074 3934 φιλοτιμίας
3101 3862 3201 3914 ὑπε
3215 3861 3378 3932 ρϐολῇ
3421 3863 3645 3926 νικῆσαι
3669 3857 4025 3926 πειρωμένου

2440 3964 2501 4014 τὸ
2530 3959 2739 4028 ἕτερον,
2792 3955 3100 4026 παράδοξόν
3141 3971 3195 4008 τι
3245 3953 3483 4022 συνέϐη·
3538 3953 3614 4013 ὡς
3664 3951 3869 4020 μικροῦ
3912 3951 4028 4002 δεῖν

2441 4055 2670 4108 ἄπιστον
2702 4047 2867 4114 εἶναι,
2899 4051 2948 4101 εί
2978 4049 3052 4117 μὴ
3084 4048 3356 4117 παρόντες
3414 4046 3464 4097 oi
3517 4043 3849 4112 θεασάμενοι
3883 4043 4030 4094 κατὰ.

2441 4145 2697 4213 διαδοχὴν
2745 4141 2876 4212 ἄχρι
2906 4141 2999 4194 καὶ
3039 4143 3096 4201 ἐς
3129 4139 3291 4206 δεῦρο
3318 4139 3378 4189 τὸ
3405 4137 3633 4204 γεγονὸς
3663 4134 4030 4187 διεσώσαντο.

2445 4239 2614 4291 Ὅσον
2653 4236 2751 4303 μὲν
2773 4234 2882 4302 γὰρ
2909 4231 3230 4304 ᾠκοδόμητο
3281 4229 3492 4297 Γάλλῳ,
3546 4227 3725 4289 καλῶς
3753 4227 3850 4278 καὶ
3882 4227 4034 4279 κατὰ

2445 4329 2675 4397 γνώμην
2700 4324 2921 4395 ἐχώρει,
2976 4321 3098 4376 καθ’
3130 4321 3372 4390 ἑκάστην
3427 4319 3710 4388 λαμϐάνον
3743 4317 3992 4370 ἐπίδοσιν
4022 4333 4036 4345 °

2445 4415 2528 4482 οἷς
2566 4417 2612 4470 δ’
2645 4418 2896 4470 ἐπονεῖτο
2923 4411 3235 4477 Ἰουλιανὸς,
3269 4411 3338 4464 τὰ
3367 4411 3467 4478 μὲν
3495 4410 3603 4462 τῶν
3627 4408 3832 4478 τειχῶν
3870 4425 4044 4460 κατε-

2451 4510 2648 4572 σείετο,
2684 4509 2752 4561 τὰ
2779 4507 2837 4559 δὲ
2873 4506 2966 4558 καὶ
3006 4506 3070 4556 ἐκ
3103 4503 3347 4572 βάθρων,
3382 4500 3573 4570 ὥσπερ
3604 4499 3670 4552 ἐκ
3706 4515 3853 4561 τινος
3876 4499 4042 4552 δυνά-

2456 4619 2604 4673 μεως
2631 4598 2951 4662 ἀντιτύπου,
3005 4595 3258 4649 κάτωθεν
3296 4591 3718 4662 ἀντεκρούοντο,
3770 4592 3865 4642 καὶ
3897 4590 4040 4656 ὑπὲρ

2455 4699 2563 4768 γῆν
2599 4695 2922 4766 ἠνεμοῦντο.
2977 4691 3094 4743 Elui.
3147 4690 3191 4743 δ’
3241 4687 3276 4742 ἃ
3310 4686 3445 4757 μηδὲ
3485 4682 3856 4738 συνάπτεσθαι
3899 4682 4043 4751 πρὸς

2456 4789 2664 4860 ἄλληλα
2701 4789 2836 4848 ὃλως
2874 4783 3180 4852 ἠνείχοντο.
3213 4782 3321 4834 Καὶ
3352 4779 3505 4843 ξένον
3545 4779 3658 4838 τοῖς
3693 4775 3898 4844 ὁρῶσιν
3929 4773 4050 4824 ἐδό-

2459 4897 2545 4936 κει
2573 4883 2633 4932 τδ
2663 4880 2863 4948 θέαμα,
2911 4875 2940 4927 ὃ
2972 4876 3064 4928 καὶ
3102 4877 3166 4926 ἐκ
3200 4872 3308 4925 τῶν
3356 4873 3605 4939 ὑστέρων
3640 4868 3889 4935 ἀκριϐῶς
3935 4865 4049 4917 διε-

2457 4973 2704 5046 γνώσθη.
2736 4968 2912 5024 Ἦσαν
2941 4967 2998 5020 δέ
3026 4967 3075 5019 οἳ
3137 4966 3234 5017 καὶ
3264 4965 3386 5016 τότε
3443 4963 3724 5024 συνίεσαν,
3761 4957 3834 5027 μὴ
3868 4957 4048 5020 ὑγιῶς

2465 5071 2565 5141 μὲν
2593 5069 2724 5136 περὶ
2752 5067 2854 5135 τὴν
2879 5060 3180 5134 θρησκείαν
3201 5059 3346 5128 ἔχειν
3380 5056 3472 5107 τὸν
3505 5055 3694 5124 ἄνδρα,
3722 5051 3833 5104 δέει
3861 5049 3920 5102 δὲ
3950 5049 4050 5100 τοῦ

2465 5157 2796 5232 κρατοῦντος
2855 5156 2948 5207 τὸν
2998 5147 3433 5222 Χριστιανισμδν
3498 5139 3920 5213 ὑποκρίνεσθαι,
3967 5140 4054 5190 διδ

2463 5255 2560 5307 καὶ
2597 5253 2828 5306 ἄδεκτον
2883 5243 3023 5301 εἶναι
3077 5245 3192 5304 τοῖς
3230 5241 3474 5311 μάρτυσι
3505 5241 3608 5306 τὴν
3646 5233 4050 5304 προσαγωγὴν.

2465 5347 2537 5398 Τὸ
2567 5345 2624 5398 δὲ
2659 5342 2826 5403 σέϐας
2859 5341 3063 5393 ἀπεῖπε
3103 5334 3173 5388 τὰ
3204 5332 3401 5400 πρῶτα
3433 5327 3748 5389 συνουσίαις
3795 5325 4058 5393 μάντεων

2467 5436 2730 5506 ὑπαχθείς
2757 5451 2770 5463 ο
2803 5433 2924 5486 ἐπεὶ
2958 5430 3068 5499 γὰρ
3119 5427 3216 5493 τῆς
3247 5421 3418 5491 ὀργῆς
3454 5423 3691 5472 ἐπαίετο
3731 5420 3756 5468 ὁ
3788 5415 4051 5506 κρατῶν,

2468 5531 2669 5589 Γάλλος
2697 5527 2796 5596 μὲν
2852 5522 2996 5577 κατὰ
3052 5521 3152 5588 τὴν
3187 5518 3426 5586 Ἔφεσον
3458 5509 3757 5580 διατρίϐων
3787 5503 3878 5575 ἦν,
3939 5510 4058 5568 τοῖς

2466 5617 2861 5676 διδασκαλείοις
2893 5611 3094 5683 φοιτῶν
3113 5625 3124 5638 °
3149 5610 3283 5661 ὅπου
3314 5605 3380 5674 δὴ
3403 5605 3496 5655 καὶ
3524 5604 3555 5670 ἡ
3597 5599 3830 5666 πατρῴα
3853 5596 4058 5662 κτῆσις

2467 5715 2786 5781 ἐτύγχανεν.
2834 5707 2896 5761 '0
2925 5706 2980 5758 δέ
3020 5701 3307 5762 Ἰουλιανὸς
3334 5700 3448 5758 τοῖς
3487 5697 3544 5747 ἐν
3593 5694 4055 5746 Κωνσταντινουο

876 5930 951 6003 tl)
991 5927 1158 5983 Iidem
1208 5929 1398 5978 sancto
1437 5918 1622 5974 .‘lamze
1672 5913 1898 5984 mirtyri
1933 5908 2196 5979 templum
2233 5909 2584 5959 construunt.
2618 5898 2833 5952 Socrat.
2873 5890 2966 5948 lib.
3005 5904 3086 5955 ill,
3121 5901 3239 5955 cap.
3279 5883 3323 5950 l,
3361 5892 3415 5938 et
3450 5882 3580 5936 item
3623 5876 3853 5947 Eutrop.
