4286 6438
752 371 856 431 439

1982 376 2402 439 NICEPllOHI
2439 382 2783 444 (SALLISTI

3903 382 4004 443 440

751 499 952 555 genere
1002 499 1127 538 cum
1172 483 1244 536 ibi
1281 483 1611 538 familiarius
1653 483 1887 549 viveret,
1937 488 2108 556 magis
2163 497 2326 556 atque
2355 500 2402 558 Α
2437 513 2443 543 ε

2309 500 2402 558 ΞΑ
2437 493 2688 560 σάμενος,
2722 493 2802 556 είς
2832 491 3060 562 Ἀθήνας
3101 493 3473 562 παρεπέμφθη
3514 495 3853 561 φιλοσοφεῖν.
3896 496 4001 546 Καὶ

749 579 924 648 magis
947 593 1132 633 rerum
1159 581 1346 632 talium
1368 577 1610 631 studium
1639 578 1690 632 in
1721 594 1787 632 eo
1808 588 1890 633 est
1914 580 2322 634 confirmatum.

746 673 921 726 Porro
954 670 1044 724 ubi
1080 670 1248 723 frater
1297 670 1417 739 ejus
1457 670 1644 724 Gallus
1695 669 1878 725 Caesar
1914 672 2111 736 factus,
2143 682 2200 726 et
2237 688 2323 727 res

745 783 870 820 eum
907 781 1077 819 novas
1118 763 1296 816 moliri
1334 764 1644 817 nuntiatum
1679 776 1784 826 est,
1825 774 1878 818 et
1945 763 2034 818 hic
2084 764 2320 820 aﬂ‘ectati

746 857 962 926 imperii
999 864 1288 924 suSpeetus
1335 853 1457 914 fuit,
1489 863 1543 905 ct
1575 864 1860 922 propterea
1910 853 2012 906 sub
2062 855 2317 908 custodia

745 949 965 1002 habitus
981 957 1083 1002 est.
1108 945 1378 1000 Caeterum
1408 961 1532 999 cum
1567 961 1666 1014 pro
1696 961 1766 998 eo
1791 945 2022 998 Eusebia
2047 945 2319 1000 Constan-

744 1042 803 1096 tii
830 1057 964 1094 uxor
995 1052 1210 1110 precata
1243 1052 1408 1101 esset,
1443 1041 1682 1101 Athenas
1714 1038 1778 1093 ad
1833 1039 2198 1108 philosophos
2233 1051 2319 1093 est

745 1138 964 1187 missus.
1000 1132 1067 1186 Et
1105 1133 1253 1186 bunc
1283 1133 1507 1202 quidem
1541 1131 1897 1201 profectionis
1921 1131 2040 1201 ejus
2063 1130 2318 1186 obtendit

742 1234 1092 1293 pr'etextum,
1124 1225 1274 1277 velut
1329 1222 1534 1277 Cra-cis
1591 1222 1664 1276 ibi
1718 1221 2027 1291 disciplinis
2089 1236 2314 1290 operam

743 1328 1043 1370 navaturus
1068 1326 1236 1371 esset.
1270 1316 1377 1370 Res
1411 1325 1594 1369 autem
1622 1315 1734 1384 ipsa
1771 1324 1910 1378 crat,
1945 1323 2002 1367 ut
2026 1313 2094 1368 de
2126 1314 2315 1376 rebus,

740 1426 879 1477 quas
955 1409 1058 1461 sibi
1103 1407 1513 1477 persequendas
1567 1415 1854 1471 statuerat,
1892 1422 2013 1460 cum
2056 1406 2318 1475 imposto-

743 1500 896 1552 ribus
933 1509 1116 1568 ageret
1177 1501 1371 1568 magis.
1427 1505 1605 1568 Atque
1668 1499 1897 1554 Athenis
1951 1514 2136 1569 agens,
2208 1512 2314 1550 una

743 1608 867 1644 cum
907 1591 1106 1644 Basilio
1133 1601 1187 1645 et
1223 1591 1489 1658 Gregorio
1543 1592 1757 1645 scholas
1787 1591 2182 1661 frequentavit:
2219 1588 2314 1658 qui

741 1699 806 1739 ex
838 1684 1058 1738 indiciis
1084 1684 1411 1752 quibusdam
1443 1684 1681 1737 abditam
1717 1685 1958 1738 hominis
1999 1682 2316 1752 improbita-

747 1786 854 1830 tem
889 1777 1088 1830 mentis
1109 1775 1285 1829 oculis
1306 1776 1812 1844 deprehenderunt.
1839 1775 1900 1830 Et
1930 1773 2310 1836 Constantius,

2429 583 2493 634 τὸ
2524 583 2622 650 μὲν
2652 584 2930 653 προφανὲς
2959 586 2990 654 ή
3025 585 3134 638 τῶν
3196 585 3525 653 Ἑλληνικῶν
3562 586 3903 654 μαθημάτων
3940 581 4007 653 ἦν

2431 674 2673 741 παιδεία,
2695 675 2754 728 τὸ
2780 676 2827 729 δ’
2857 677 3077 747 ἀληθὲς,
3116 678 3192 741 ὡς
3220 679 3286 730 ἂν
3321 681 3449 747 περὶ
3489 678 3597 730 τῶν
3622 679 3764 730 κατά
3804 679 4006 730 σκοπὶν

2426 767 2539 827 τοῖς
2576 768 2754 819 ἐκεῖσε
2793 769 3129 838 συγγένηται
3179 771 3394 836 γόησιν.
3447 770 3626 821 Ὅπου
3681 771 3743 837 δὴ
3775 769 4002 835 διάγων⁹

2429 858 2693 929 Βασιλείῳ
2752 863 2851 913 καὶ
2878 861 3165 931 Γρηγορίῳ
3220 863 3436 931 σύναμα
3465 864 3575 924 τοῖς
3605 861 4006 923 διδασκαλείοις

2425 951 2615 1019 ἐφοίτα
2639 966 2652 979 ⁸
2685 952 2734 1003 οἳ
2771 952 3024 1022 σημείοις
3050 954 3114 1022 δή
3151 971 3260 1006 τισι
3312 955 3408 1021 τὴν
3440 953 3797 1022 οίκουροῦσαν
3821 953 4006 1020 τάιιδρὶ

2425 1045 2626 1096 κακίαν
2655 1045 2872 1113 ὄμμασι
2933 1046 3176 1108 διανοίας
3230 1045 3548 1114 ἐφώρασαν.
3589 1045 3884 1106 Κάκεῖθεν,
3918 1045 4005 1097 ἵνα

2424 1135 2662 1188 συνελὼν
2703 1137 2867 1198 εἴπω.
2899 1137 3282 1198 Κωνστάντιος
3317 1137 3840 1207 μεταστειλάμενος.
3871 1137 4006 1186 Καί-

2422 1243 2562 1296 σ;ορα
2592 1226 2766 1279 ἐποίει
2798 1242 2811 1257 ·
2843 1227 2941 1280 κα)⁸
2958 1227 3055 1297 τὴν
3092 1227 3334 1296 ἀδελφὴν
3380 1228 3767 1281 Κωνσταντίαν
3811 1226 4004 1290 συζεύ-

2421 1320 2515 1385 ξας
2539 1319 2758 1386 ἐκείνῳ,
2784 1321 2879 1371 ἐπὶ
2908 1321 3008 1382 τάς
3046 1321 3338 1390 ἑσπερίους
3371 1320 3606 1383 Γαλλίας
3635 1319 3871 1373 ἔστελλε.
3933 1318 4005 1372 Τὸ

2420 1410 2528 1478 γάρ
2570 1411 2962 1479 μισθοφορικὸν
2993 1411 3021 1464 ὃ
3049 1412 3193 1464 κατὰ
3241 1412 3354 1464 τῶν
3403 1411 3682 1482 ἐσπερίων
3719 1413 4003 1481 τυράννων

2418 1501 2762 1568 Μαγνεντίου
2806 1505 2898 1555 καὶ
2931 1504 3337 1571 Βρεττανίωνος
3384 1506 3624 1573 ἐπήγετο
3648 1506 3676 1556 ὁ
3712 1504 4004 1557 Κωνστάνο

2416 1607 2548 1654 τιος,
2584 1595 2666 1656 εἰς
2721 1593 2877 1646 οὐδὲν
2905 1594 3055 1665 αὑτῷ
3084 1595 3385 1665 γενόμενον
3419 1596 3709 1666 χρήσιμον,
3740 1595 4003 1665 βαρϐάρῳ

2415 1686 2627 1756 γνώμῃ,
2651 1685 3040 1756 ἀντιστρέψαν,
3095 1687 3193 1748 τὰς
3225 1686 3455 1749 Γαλλίας
3517 1685 3672 1757 ἐδῄου
3697 1700 3709 1713 ·
3740 1686 3836 1738 καὶ
3878 1681 4001 1737 κατ’

2417 1779 2623 1832 ἐκείνου
2687 1776 2891 1845 μᾶλλον
2949 1782 3159 1849 ἐγίνετο
3209 1781 3308 1845 τὰς
3343 1781 3658 1850 Ῥωμαϊκὰς
3680 1781 4003 1849 διαφθεῖρον

743 1880 803 1923 ut
842 1871 1031 1934 paucis
1058 1885 1172 1922 rem
1205 1869 1493 1937 ertpliccut,
1520 1869 1671 1920 illum
1705 1868 1832 1922 inde
1867 1869 2099 1922 accitum
2128 1866 2311 1922 thsa-
2345 1848 2388 1904 Β
2422 1893 2435 1924 ι

2307 1896 2311 1905 -
2345 1848 2388 1904 Β
2422 1873 2626 1933 πόλεις.
2654 1871 2778 1942 Νέῳ
2823 1873 2881 1925 δὲ
2931 1848 3010 1926 ἔτι
3042 1873 3180 1940 ὄντι,
3228 1875 3399 1944 μηδὲν
3425 1848 3688 1945 πράττειν
3724 1848 3999 1943 ἐπέτρεπε

743 1979 857 2016 rem
902 1962 1147 2024 creavit,
1189 1972 1243 2015 et
1293 1964 1345 2014 itt
1381 1961 1795 2014 matrimonium
1833 1961 1883 2015 ei
1945 1975 2137 2014 sorore
2170 1960 2316 2015 Con-

742 2055 941 2108 stantia
973 2054 1048 2121 (ι)
1103 2053 1321 2113 tradita.
1353 2053 1404 2106 in
1440 2051 1849 2107 Occidentalem
1881 2052 2111 2107 Galliam
2142 2051 2314 2107 misit.

745 2149 1102 2219 Stipendiarii
1141 2148 1287 2202 enim
1314 2147 1536 2210 milites,
1577 2161 1713 2216 quos
1763 2146 2028 2200 adversus
2062 2155 2318 2217 tyrannos

747 2241 1114 2310 Magnentium
1154 2249 1209 2293 et
1256 2239 1666 2294 Britannionem
1714 2239 1766 2292 in
1819 2236 2116 2292 Occidente
2172 2237 2316 2292 Con-

745 2331 982 2384 stantius
1019 2330 1213 2383 ductos
1238 2329 1439 2392 alebat,
1472 2328 1609 2382 nulli
1651 2329 1701 2381 ei
1736 2337 1891 2382 erant
1921 2328 2069 2390 usui,
2100 2326 2156 2397 9
2182 2327 2314 2397 quin

747 2424 930 2492 potius
965 2423 1204 2476 barbaro
1260 2421 1504 2490 corrupti
1563 2420 1838 2486 instituto,
1894 2419 2100 2474 Gal'ias
2142 2429 2320 2474 vasta-

746 2516 899 2580 bant,
927 2526 981 2569 et
1020 2530 1144 2567 cum
1183 2514 1515 2568 detrimento
1555 2512 1744 2581 ipsius,
1788 2511 2019 2580 imperio
2073 2510 2318 2564 Romano

745 2609 995 2664 subditas
1050 2606 1215 2661 urbes
1244 2605 1600 2675 diripiebant.
1631 2605 1697 2658 At
1726 2605 1868 2673 quod
1900 2603 2119 2673 juvenis
2141 2603 2319 2656 adhuc

747 2709 916 2763 esset,
953 2699 1089 2752 nihil
1122 2699 1194 2764 ei,
1232 2699 1375 2766 quod
1403 2698 1523 2751 sine
1558 2696 1759 2749 ducum
1788 2697 1880 2763 qui
1917 2696 1969 2748 in
2001 2696 2120 2765 ejus
2147 2696 2318 2748 comi-

750 2802 863 2844 tatu
901 2801 1078 2844 erant.
1115 2789 1347 2842 consilio
1375 2801 1580 2858 ageret,
1617 2789 1884 2855 permisit.
1919 2786 2018 2841 Ubi
2067 2801 2197 2839 vero
2239 2785 2315 2838 illi

752 2901 859 2939 non
907 2893 1057 2938 recte
1094 2898 1209 2956 rem
1254 2883 1546 2936 militarem
1597 2882 2074 2942 adminisuarent,
2110 2879 2228 2948 ipse
2261 2889 2318 2931 ut

749 2973 927 3044 potuit
987 2988 1084 3041 per
1137 2986 1196 3026 se
1254 2969 1455 3024 bellum
1504 2969 1694 3035 gessit,
1753 2966 2016 3020 militibus
2064 2965 2314 3018 ardorem

749 3063 1042 3134 quemdam
1076 3062 1297 3123 indidit,
1330 3060 1803 3128 anitnosioresque
1835 3059 1898 3110 ad
1937 3057 2117 3125 prselia
2166 3071 2316 3109 com-

751 3156 1017 3209 tnittenda
1043 3162 1096 3207 et
1118 3152 1364 3222 pericula
1395 3151 1647 3204 adeunda
1673 3148 2154 3203 cohortationibus
2182 3163 2318 3215 prae-

750 3248 984 3314 tniisqne
1049 3244 1121 3298 ob
1166 3243 1430 3296 barbaros
1480 3256 1651 3295 ca:sos
1709 3241 2005 3309 pr0positis
2061 3237 2314 3292 reddidit.

750 3341 881 3405 Quae
912 3353 1042 3391 sane
1087 3351 1173 3390 res
1203 3334 1424 3388 initium
1462 3333 1717 3403 prarbuit,
1748 3343 1806 3384 ut
1838 3331 2051 3383 barbari
2087 3329 2322 3384 subinde

752 3429 949 3486 victori
981 3427 1274 3482 inferiores
1325 3435 1530 3488 essent,
1588 3425 1706 3490 ipse
1735 3430 1921 3475 autem
1982 3431 2038 3475 et
2066 3422 2238 3491 gratia
2268 3431 2324 3475 et

752 3523 968 3593 egregia
985 3521 1124 3576 fama
1152 3520 1398 3589 polleret.
1433 3521 1608 3586 Atque
1645 3517 1738 3570 ubi
1768 3515 2089 3570 Constantio
2120 3515 2322 3568 ducum

754 3619 1074 3686 languorem
1107 3622 1162 3666 ct
1193 3613 1462 3682 ignaviam
1497 3609 1788 3672 indicavit,
1841 3605 1977 3661 alios
2023 3607 2092 3660 ab
2133 3622 2199 3660 eo
2226 3620 2324 3676 pro

756 3705 866 3758 illis
898 3705 1112 3773 accepit
1139 3721 1150 3756 :
1181 3716 1414 3772 quorum
1442 3700 1677 3754 consilio
1717 3709 1772 3754 ct
1794 3715 1979 3769 opera,
2006 3714 2130 3754 cum
2158 3699 2326 3752 hosti-

756 3799 859 3852 bus
885 3799 1069 3868 prtelio
1088 3811 1230 3865 scirpe
1250 3795 1564 3859 commisso,
1586 3792 1870 3848 victoriam
1895 3791 2111 3846 fortiter
2134 3807 2324 3861 repor-

757 3894 910 3953 tavit.
941 3907 1145 3960 eosque
1188 3891 1253 3944 ad
1301 3891 1630 3961 legationem
1665 3887 1986 3942 mittendam
2019 3888 2196 3960 coegit
2221 3888 2320 3955 (2).

754 3992 1022 4044 Caeterum
1084 3989 1195 4044 illis
1256 3986 1562 4042 Constantii
1638 3983 2108 4054 praetendentibus
2181 3984 2326 4037 litte-

756 4098 866 4146 ras,
901 4081 1105 4150 quibus
1162 4094 1259 4132 eos
1295 4093 1514 4131 rursum
1571 4080 1635 4130 ad
1675 4076 1856 4131 fcedns
1908 4084 1965 4130 et
2003 4077 2324 4129 societatem

759 4174 885 4228 belli
918 4188 1043 4226 cum
1081 4170 1343 4225 Romanis
1375 4168 1668 4221 iucundam
1703 4167 1992 4230 invitabat,
2035 4167 2151 4235 ipse
2193 4177 2326 4220 tem-

759 4281 862 4336 pus
892 4280 957 4318 ex
985 4261 1254 4316 industria
1281 4261 1543 4324 extraxit,
1579 4269 1635 4313 et
1668 4267 1943 4312 oratorem
1974 4273 2168 4311 eorum
2230 4257 2321 4311 ubi

755 4356 1074 4427 aliquandiu
1116 4353 1346 4415 distulit,
1400 4360 1456 4405 et
1511 4365 1662 4420 spem
1713 4351 1893 4404 eidem
1957 4349 2108 4413 fecit,
2149 4348 2328 4403 ftedus

757 4456 1044 4516 acceptum
1069 4461 1097 4498 a
1125 4443 1448 4499 Constantio
1483 4444 1585 4506 iri;
1634 4445 1831 4511 praeter
1864 4441 2325 4510 exspectationem

2419 1958 2645 2029 γνώμης
2670 1959 2794 2028 δίχα
2819 1960 3243 2027 τῶνοέπομένων
3271 1962 3420 2030 αὑτῷ
3448 1963 3792 2032 στρατηγῶν.
3833 1964 4002 2016 Ἀνω-

2423 2050 2604 2119 μάλως
2632 2052 2922 2105 δ’ἐκείνων
2952 2059 3019 2106 τὰ
3049 2055 3186 2122 πρὸς
3216 2055 3397 2124 μάχην
3416 2056 3804 2124 διακειμένων,
3837 2057 4002 2118 αὐτὸς

2419 2141 2493 2203 ὡς
2531 2142 2656 2212 ἐνῆν
2683 2143 2776 2196 τὸν
2809 2145 3048 2214 πόλεμον
3072 2145 3370 2215 διηνθέτει.
3402 2148 3507 2199 Καί
3531 2166 3652 2200 τινα
3684 2149 3847 2216 ζῆλον
3866 2151 4000 2202 ἐνίει

2419 2236 2530 2295 τκϊς
2586 2236 2977 2304 στρατιώταις,
3036 2237 3410 2308 θερμοτέρονς
3480 2240 3612 2308 περὶ
3671 2242 3763 2292 τὸν
3813 2241 4001 2308 ἀγῶνα

2420 2327 2614 2392 ποιῶν,
2671 2331 3161 2400 παρακινδυνεύειν
3225 2332 3590 2400 προτρέπων
3663 2329 3743 2396 of;
3805 2333 4001 2403 μισθὸν

2419 2421 2695 2490 ἀνήκοντα
2753 2423 2911 2487 ἔταξε
2968 2423 3045 2492 τῷ
3105 2423 3389 2494 βάρϐαρον
3417 2425 3800 2493 ἁναιρήσοντι.
3842 2426 3908 2476 '0
3937 2425 4002 2496 δὴ

2419 2514 2594 2585 ἀρχὴν
2626 2516 2903 2585 παρέσχεν
2937 2516 3146 2568 ἐλάττω
3173 2517 3275 2584 μὲν
3297 2515 3550 2584 γίνεσθαι
3577 2519 3643 2570 τά
3681 2517 3999 2587 βαρϐάρων,

2419 2607 2630 2658 ἐκεῖνον
2654 2605 2709 2658 δέ
2747 2609 3152 2677 κεχαρισμένον
3181 2603 3321 2661 εἶναι
3357 2609 3450 2661 καὶ
3477 2609 3566 2661 διὰ
3585 2610 3774 2679 φήμης
3800 2609 4002 2679 πολλῆς

2418 2700 2665 2753 διελθεῖν.
2731 2702 2842 2752 Καὶ
2896 2699 2962 2769 δὴ
3021 2701 3122 2770 τὴν
3167 2702 3278 2755 τῶν
3339 2703 3664 2773 στρατηγῶν
3717 2706 4002 2773 ῥᾳστώνην

2421 2793 2784 2861 Κωνσταντίῳ
2846 2793 3120 2861 δηλώσας,
3177 2795 3398 2865 ἐτέρους
3447 2796 3572 2865 ἔσχε
3606 2797 3733 2858 τοὺς
3768 2814 4002 2867 στρατη-

2418 2885 2551 2950 γούς
2578 2900 2592 2915 ·
2629 2884 2748 2953 μεθ’
2779 2879 2853 2938 ὧν
2878 2887 2989 2948 τοῖς
3017 2887 3279 2950 ἐναντίοις
3314 2889 3661 2958 προσϐαλὼν,
3688 2889 4002 2959 ἀνακράτος

2420 2979 2602 3031 ἐνίκα⁶
2643 2981 2710 3049 τῇ
2763 2979 2810 3030 δ’
2861 2980 3080 3050 ἀνάγκη
3143 2981 3224 3043 είς
3261 2981 3564 3052 πρεσϐείαν
3611 2983 4002 3035 καταστάντων

2420 3069 2669 3133 ἐκείνων,
2701 3071 2798 3122 καὶ
2833 3070 2901 3122 τὰ
2935 3071 3239 3141 γράμματα
3274 3073 3656 3126 Κωνσταντίον
3693 3072 4001 3140 προϐαλλο-

2344 3210 2387 3264 c
2424 3163 2622 3229 μένων,
2666 3162 2740 3225 ὡς
2803 3164 2996 3232 καλοίη
3032 3165 3172 3230 σφᾶς
3232 3159 3389 3228 αὖθις
3435 3166 3525 3218 ἐπὶ
3569 3167 3669 3232 τὴν
3707 3165 4003 3236 Ῥωμαίων

2425 3254 2767 3325 συμμαχίαν,
2811 3254 3068 3325 ἐπίτηδες
3097 3257 3305 3308 ἐκεῖνον
3336 3257 3734 3314 ἀναϐαλέσθαι.
3782 3259 4000 3328 “allii-

2424 3364 2520 3410 σας
2568 3346 2677 3416 γάρ
2727 3346 2822 3400 τδν
2853 3348 3109 3416 πρέσδιν,
3145 3350 3240 3402 καὶ
3274 3349 3471 3402 ἐλπίδα
3506 3350 3634 3411 δοὺς
3664 3352 3735 3412 ὡς
3769 3351 4005 3421 προσδέο

2422 3455 2589 3509 χοιτο,
2625 3438 2910 3508 ἀδοκήτως
2945 3439 3111 3501 πολὺς
3139 3438 3414 3502 ἐπελθὼν,
3464 3441 3699 3492 είσάπαν
3728 3439 3839 3491 τῶν
3868 3439 4002 3509 βαρ-

2425 3531 2608 3601 ϐάρων
2633 3531 2905 3602 ἐκράτησε
2927 3547 2939 3559 ⁸
2970 3531 3064 3582 καὶ
3093 3531 3186 3582 τον
3215 3531 3440 3584 ἐκείνων
3469 3531 3696 3602 βασιλέα
3713 3532 4005 3600 δεσμώτην

2425 3623 2481 3686 ἐς
2510 3623 2889 3676 Κωνστάντιον
2910 3623 3182 3691 ἔπεμπεν.
3212 3602 3370 3676 Dii-uo
3401 3622 3456 3675 δέ
3487 3623 3565 3694 τῷ
3585 3623 3810 3692 πολέμῳ
3828 3623 4005 3692 τούτῳ

2426 3715 2814 3784 ἐνευτυχήσας,
2855 3714 2992 3783 πρδς
3027 3713 3136 3765 τῶν
3171 3715 3522 3782 στρατιωτῶν
3555 3714 3814 3783 βασιλεὺς
3869 3714 4006 3767 Ῥωο

2429 3807 2606 3876 μαίων
2640 3807 3059 3875 ἀναγορεύεται.
3103 3806 3382 3875 Στεφάνου
3406 3805 3464 3859 δὲ
3497 3807 3573 3876 μὴ
3601 3809 3871 3875 παρόντος
3906 3805 4005 3874 βα-

2428 3900 2663 3963 σιλικοῦ,
2714 3903 2823 3954 τῶν
2843 3918 2928 3964 τις
2959 3899 3304 3970 δορυφόρων,
3358 3898 3417 3951 ὃν
3450 3903 3577 3969 περὶ
3604 3900 3695 3953 τὸν
3729 3900 4005 3970 τράχηλον

2427 3994 2614 4063 ἐφόρει
2652 3993 2920 4062 στρεπτὸν
2953 3992 3174 4056 ἐξελὼν,
3207 3993 3272 4061 τῇ
3334 3992 3552 4044 ἐκείνου
3585 3990 3799 4059 κεφαλῇ
3849 4009 4012 4059 ἰειιρι⁸

2427 4084 2613 4152 έθηκε.
2665 4084 2838 4150 Λόγος
2892 4099 2956 4150 γε
2994 4084 3100 4154 μὴν
3141 4082 3254 4154 ἔχει
3290 4084 3387 4137 καὶ
3423 4084 3712 4154 πρότερον,
3771 4083 3850 4144 είς
3883 4099 4012 4135 τινα

2429 4175 2692 4244 πολίχνην
2719 4175 3002 4239 είσιόντος,
3037 4174 3304 4242 στέφανόν
3331 4193 3450 4228 τινα
3489 4176 3656 4246 μέσον
3684 4175 3777 4227 δύο
3811 4175 4011 4226 κιόνων

2427 4262 2831 4332 ἀνηρτημένον,
2857 4259 2936 4325 οἷς
2961 4265 3059 4326 τὰς
3099 4266 3284 4326 πόλεις
3339 4264 3456 4326 ἐθος
3497 4266 3746 4334 κοσμεῖν,
3803 4266 4008 4316 ἐπιπεο

2431 4353 2592 4404 σόντα
2620 4353 2685 4423 τῇ
2727 4353 2936 4405 ἐκείνου
2974 4354 3184 4423 κεφαλῇ
3238 4356 3589 4424 ἐφαρμόσαι*
3640 4356 3734 4406 καί⁵
3783 4353 4011 4415 πολλοῖς

2432 4439 2680 4494 ἐντεῦθεν
2716 4440 2988 4511 σύμὸολον
3019 4437 3184 4504 εἶναι,
3214 4442 3288 4504 ὡς
3319 4445 3412 4496 καὶ
3449 4443 3510 4494 τὸ
3540 4442 3637 4512 τῆς
3669 4443 3847 4512 ἀρχῆς
3877 4446 4014 4496 ἀνα.

755 4540 1037 4601 omnium,
1078 4537 1253 4606 copiis
1302 4535 1417 4590 suis
1476 4535 1745 4588 Barbaros
1789 4533 2036 4599 adortus,
2092 4533 2325 4586 maxima
2362 4538 2447 4603 οἱ

2321 4554 2325 4585 ι
2362 4549 2403 4603 ι)
2433 4537 2664 4605 δήσηται
2697 4535 2919 4605 κράτος.
2961 4534 3334 4606 Διεθρυλλήθη
3375 4535 3432 4587 δέ
3464 4537 3557 4588 καί
3587 4552 3671 4598 τις
3703 4537 3893 4604 ἐτερος
3926 4534 4013 4586 λό-

756 4634 932 4686 victos
961 4631 1117 4686 clade
1150 4629 1365 4694 amisit,
1398 4642 1695 4696 regemque
1723 4642 1916 4680 eorum
1947 4628 2195 4680 vinctum
2259 4624 2326 4679 ad

758 4723 1144 4778 Constantium
1177 4720 1345 4774 misit.
1371 4720 1444 4773 Ea
1476 4718 1697 4772 victoria
1732 4721 1810 4787 (5}
1840 4735 1900 4773 ex
1937 4719 2207 4773 sententia
2237 4732 2331 4785 po-

760 4819 914 4879 titus,
949 4831 978 4868 a
1009 4813 1274 4866 militibus
1295 4810 1665 4864 Romanorum
1699 4810 2094 4879 imperatorest
2131 4822 2333 4861 renun-

762 4913 948 4965 tiatus.
968 4907 1144 4974 Atque
1165 4902 1257 4957 ttbi
1279 4915 1392 4957 tum
1417 4903 1782 4970 imperatoria:
1806 4915 2023 4954 coronae
2046 4900 2201 4967 copia
2221 4914 2329 4952 non

763 4998 888 5062 luit,
911 5013 976 5051 ex
1003 4994 1334 5049 satellitibus
1364 4993 1611 5062 quidam,
1642 5003 1892 5059 torquem
1915 5005 2077 5059 quam
2106 4992 2158 5045 in
2192 4990 2332 5043 coile

762 5089 1031 5156 gestabat,
1050 5086 1212 5155 capiti
1240 5086 1388 5138 illius
1419 5083 1704 5153 imposuit.
1725 5082 1954 5136 Obtinet
1978 5083 2142 5145 fama,
2169 5091 2330 5135 antea

761 5195 999 5252 quoque,
1032 5194 1156 5233 cunt
1182 5177 1446 5247 oppidum
1487 5175 1762 5244 quoddam
1795 5173 2207 5244 ingrederetur,
2237 5188 2330 5226 co-

767 5287 955 5326 ronam
989 5270 1129 5323 inter
1157 5268 1298 5321 duas
1329 5266 1614 5320 columnas
1647 5279 1996 5334 suspensam,
2026 5265 2187 5319 sicuti
2218 5279 2336 5317 mos

765 5375 850 5418 cst
875 5363 1039 5415 nrbes
1070 5374 1365 5421 exornare,
1396 5372 1560 5425 quam
1592 5357 1876 5425 aptissime
1906 5357 1957 5408 in
1984 5368 2153 5426 caput
2193 5371 2333 5426 prte-

769 5455 1037 5511 tereuntis
1067 5453 1359 5507 decidisse.
1406 5453 1535 5517 Qua:
1572 5465 1659 5504 res
1710 5448 1996 5518 permultis
2028 5463 2126 5518 pro
2154 5449 2337 5501 omine

837 5616 915 5679 (l)
945 5613 1098 5666 Socr.
1128 5609 1382 5662 Helenam
1417 5607 1600 5662 habet.

839 5676 917 5747 ("2i
952 5683 1160 5736 Socrate.
1193 5691 1246 5733 et
1295 5679 1521 5746 Eutrop.
1551 5679 1844 5745 legatos-in
1898 5677 2113 5731 vincula
2149 5676 2336 5748 conje-

766 5771 788 5810 ι
824 5770 883 5806 os
919 5769 1042 5805 esse
1069 5753 1298 5803 addunt.

847 5825 921 5896 (5)
957 5824 1111 5892 Apud
1153 5824 1572 5890 Argentoratum
1602 5821 1849 5890 ingentes
1878 5817 2113 5872 hostium
2152 5817 2337 5887 copias

2433 4640 2547 4690 γος,
2590 4624 2664 4684 ὡς
2723 4622 3019 4690 ἐπιϐουλῆς
3077 4625 3242 4692 χάριν
3276 4627 3303 4676 ό
3359 4625 3494 4694 πρὸς
3536 4627 3660 4687 τοὺς
3691 4625 4012 4694 βαρϐάρους

2433 4717 2672 4783 πόλεμος
2706 4715 2863 4785 ἐδόθη
2891 4717 3067 4785 αὐτῷ,
3099 4717 3166 4768 ἵν’
3195 4717 3380 4780 αὐτοῖς
3408 4719 3860 4787 συμπλεκόμενος
3893 4719 4014 4787 δληο

2431 4825 2542 4862 ται.
2576 4809 2648 4860 Οὐ
2686 4808 2908 4871 πιθανὸς
2940 4807 2984 4860 δ’
3008 4809 3135 4877 ἐμοί
3170 4826 3231 4876 γε
3262 4808 3385 4860 λίαν
3417 4811 3443 4862 ὁ
3477 4809 3654 4876 λόγος.
3679 4810 3743 4861 Τί
3771 4810 3882 4880 γὰρ
3919 4813 4016 4863 καὶ

2434 4900 2694 4968 Καίσαρα
2725 4899 2914 4951 τοῦτον
2949 4900 3122 4952 ἐποίει
3148 4900 3207 4953 τὸ
3237 4902 3356 4953 κατ’
3391 4901 3588 4970 ἀρχάς,
3615 4903 3712 4954 καὶ
3737 4903 3835 4969 τὴν
3857 4904 4020 4955 ἀδελ-

2434 4993 2542 5056 φὴν
2569 4991 2648 5053 είς
2679 4992 2857 5058 γάμον
2887 4990 3096 5055 ἐδίδου;
3133 4991 3198 5043 Τί
3230 4992 3286 5044 δὲ
3311 4991 3463 5061 αὐτῷ
3503 4994 3600 5044 καὶ
3629 4995 3690 5044 τὸ
3721 4992 4019 5046 πείθεσθαι

2435 5080 2531 5130 καὶ
2559 5078 2923 5132 ὑπαλλάττειν
2960 5079 3087 5140 τοὺς
3118 5079 3672 5149 ἐρῤᾳστωνευμένους
3703 5082 3811 5132 τῶν
3845 5098 4020 5151 στρα-

2436 5167 2653 5238 τηγῶν·
2690 5170 2940 5232 καὶτοὺς
2996 5171 3134 5240 πρὸς
3186 5172 3367 5240 μάχην
3400 5170 3619 5224 ἔστελλε
3656 5171 3889 5235 δεξιοὺς,
3931 5177 4020 5227 ἳνα

2441 5259 2646 5328 μᾶλλον
2674 5257 2999 5331 κατορθώσῃ
3021 5259 3112 5310 τὸν
3144 5259 3404 5327 πόλεμον,
3432 5260 3481 5312 εί
3512 5259 3587 5330 μὴ
3611 5260 3753 5329 φίλῳ
3778 5261 4015 5328 ἑχρῆτος

2440 5349 2784 5420 Συμϐάλλειν
2834 5357 3017 5404 τοίνυν
3067 5351 3240 5416 ἐστιν,
3275 5350 3351 5414 ὡς
3386 5351 3574 5415 εὔνους
3632 5349 3696 5424 ἦν
3727 5352 3878 5420 αὐτῷ
3918 5355 4022 5421 τὴν

2439 5443 2616 5511 ἀρχὴν
2645 5444 2673 5494 ό
2722 5443 2961 5512 κρατῶν,
2989 5442 3114 5496 ὅθεν
3141 5444 3335 5496 ἀνεῖπε
3389 5444 3484 5497 καὶ
3518 5444 3802 5515 Καίσαρα.
3850 5445 3942 5507 Ὠς
3975 5446 4021 5497 δ’

2439 5609 2659 5661 delevit.
2687 5607 2919 5663 Stabant
2941 5609 3123 5662 acervi
3147 5609 3474 5664 cadaverum
3510 5611 3782 5664 montium
3813 5611 4023 5673 instar,

2440 5678 2641 5731 ﬂuebat
2675 5695 2839 5732 cruor
2885 5679 3174 5749 ﬂununnm
3208 5681 3389 5742 modo,
3421 5692 3614 5749 captus
3665 5698 3755 5735 rex
3809 5684 4022 5737 nubtiis

2439 5749 2910 5814 Chonodomarus,
2946 5761 3051 5804 etc.
3088 5748 3362 5820 (Eutrop)
