4286 6438
260 410 364 474 Ml

1232 403 1841 469 ECCLESIASTICA!
1883 404 2274 467 HISTORIA!
2318 407 2471 467 LIB.
2516 408 2581 469 Χ.

3439 405 3543 468 462

261 528 480 585 ἐκεῖνος
518 518 796 583 Σεϐαστὸς
828 518 1214 589 ἀνεκηρύχθη.
1244 518 1321 589 μὴ
1349 518 1532 583 δόντος
1567 518 1760 582 αὐτοῦ,
1819 518 1850 587 ἢ
1883 526 1931 583 Α

1846 526 2012 587 [Aet
2062 518 2268 575 indicio
2302 531 2529 591 accepta
2569 530 2673 582 est.
2733 522 2949 588 imperii
2998 536 3217 592 quoque
3268 537 3538 576 summam

257 616 472 692 δεδιὼς,
500 610 583 677 οἷς
615 615 816 676 αὐτοὺς
872 612 1103 683 ἠδίκησε
1136 614 1287 674 νέους
1321 611 1506 676 ὄντας,
1537 613 1569 683 ἢ
1621 614 1716 665 καὶ
1749 612 1849 678 τῆς

261 709 390 777 ῖσης
421 706 595 777 τιμῆς
652 708 816 776 χάριν
877 705 1209 776 ἀχθόμενος,
1239 704 1333 760 διὰ
1390 705 1503 759 τῶν
1537 706 1851 777 εἰρημένων

259 801 568 872 βαρϐάρων
632 799 767 861 ἴσως
833 799 1063 869 ὕστερον
1117 798 1496 853 ἐπιϐουλεύειν
1551 801 1848 872 προήγετο.

274 894 443 946 Ἀλλὰ.
479 893 643 946 τοῦτο
710 892 838 963 μὲν,
892 892 969 956 ὡς
1025 892 1244 962 ἑκάστῳ
1301 892 1460 962 δόξης
1528 892 1669 957 ἐστὶ,
1724 908 1851 961 κρι-

259 986 430 1040 νέτω.

1958 612 2023 664 ad
2046 627 2172 664 eum
2214 624 2600 680 perventuram
2629 630 2769 669 esse.
2833 613 2971 669 Illud
2998 629 3218 684 quoque
3266 613 3542 667 sermoni-

1959 704 2066 759 bus
2091 707 2369 777 vulgatum
2398 706 2524 769 fuit,
2545 709 2612 761 ab
2645 709 2937 763 insidiante
2966 709 3091 762 vita:
3121 708 3243 779 ejus
3267 706 3541 761 Constan-

1965 798 2041 853 tio
2074 800 2277 853 bellum
2307 799 2358 854 id
2386 801 2649 855 adversus
2683 802 2950 856 barbaros
2977 802 3025 856 ei
3050 800 3370 855 mandatum
3393 812 3537 859 esse,

1960 902 2019 947 ut
2053 908 2178 947 cum
2213 894 2320 949 illis
2349 910 2511 949 manu
2539 904 2795 950 conserta
2827 896 3109 951 interiret.
3147 893 3254 948 Sed
3305 892 3449 946 fama
3476 905 3538 943 ea

1953 988 2098 1055 apud
2141 1003 2225 1043 me
2251 1004 2442 1058 parum
2495 989 2794 1045 admodum
2827 990 2991 1045 habet
3041 986 3327 1043 tidei.Cur
3389 984 3538 1039 enim

253 1081 505 1138 Caesaris
563 1083 640 1139 illi
696 1083 938 1153 primum
986 1082 1311 1154 dignitatem
1364 1082 1670 1146 tribuisset,
1723 1097 2085 1155 sororemque
2122 1088 2171 1142 ei
2245 1090 2440 1159 nuptui
2485 1088 2904 1144 dedisset?Cur
2957 1088 3162 1156 optatis
3192 1088 3335 1157 ejus,
3361 1093 3421 1139 ut
3450 1099 3541 1138 so-

260 1179 543 1236 cordibus
579 1181 1135 1251 aliisurrogarentur
1166 1180 1358 1245 duces,
1408 1197 1617 1235 morem
1676 1181 1976 1248 gessisset:
2036 1196 2093 1238 et
2156 1186 2250 1256 qui
2316 1187 2382 1240 ad
2412 1187 2598 1257 praelia
2632 1185 3024 1241 committenda
3082 1186 3292 1239 strenui
3329 1189 3536 1243 essent,

256 1270 586 1344 bellumque
613 1285 762 1329 recte
789 1283 1074 1344 gererent,
1105 1274 1365 1339 misisset,
1423 1273 1527 1328 nisi
1561 1274 1741 1329 amico
1782 1284 1838 1329 et
1880 1275 2150 1333 benevolo
2215 1280 2267 1333 in
2340 1296 2464 1334 eum
2520 1282 2718 1336 fuisset
2761 1280 2993 1335 animo?
3042 1278 3228 1347 Itaque
3277 1277 3541 1345 colligere

254 1368 402 1423 satis
434 1370 586 1435 licet,
622 1370 764 1425 bene
801 1372 852 1425 ei
879 1370 949 1426 ab
979 1369 1137 1425 initio
1169 1371 1558 1440 imperatorem
1620 1370 1886 1437 voluisse,
1928 1384 1984 1429 et
2018 1373 2089 1430 ob
2138 1376 2189 1429 id
2226 1376 2500 1433 Caesarem
2530 1393 2655 1432 eum
2677 1377 3007 1432 declarasse.
3043 1375 3146 1445 ιο
3171 1375 3239 1427 At
3273 1372 3365 1427 ubi
3415 1370 3537 1432 ille.

256 1464 385 1531 ipso
426 1482 538 1519 nun
565 1471 946 1535 permittente,
997 1467 1282 1539 Augustus
1336 1478 1420 1525 est
1472 1470 1841 1536 renuntiatus,
1885 1473 1972 1527 vel
2030 1486 2366 1531 metuentem
2443 1493 2570 1533 eum
2613 1478 2744 1541 sibi,
2801 1488 3027 1548 propter
3066 1473 3320 1542 injurias,
3384 1486 3524 1540 quas

257 1559 340 1613 illi
374 1570 571 1615 tenero
597 1561 779 1618 adhuc
813 1563 1081 1633 fratrique
1124 1565 1246 1635 ejus
1277 1565 1559 1629 intulerat,
1609 1564 1693 1619 vel
1757 1581 1943 1635 parem
1997 1567 2146 1623 illius
2206 1587 2331 1625 eum
2361 1588 2462 1627 suo
2483 1573 2746 1626 honorem
2818 1571 3046 1625 moleste
3082 1567 3373 1630 ferentem,
3428 1579 3533 1635 per

251 1667 359 1707 eos
387 1653 478 1722 qui
508 1654 640 1708 dicti
677 1668 808 1712 sunt
859 1657 1152 1720 Barbaros,
1194 1666 1381 1727 postea
1423 1654 1564 1711 forte
1592 1655 1826 1711 insidias
1858 1657 1909 1711 ei
1938 1662 2229 1717 struxisse.
2267 1665 2374 1719 Sed
2415 1665 2519 1718 hoc
2568 1664 2783 1735 judicio
2819 1662 3089 1733 cujusque
3131 1656 3518 1727 relinquimus.

868 1797 1122 1851 ΚΕΦΑΔ.
1170 1794 1246 1852 Β’.
2564 1803 2796 1856 CAPUT
2844 1802 2911 1856 ll.

868 1802 1122 1851 ΚΕΦᾹΛ.
1170 1802 1246 1852 Β’.

257 1893 471 1955 Ὅπως
501 1888 601 1966 διὰ
632 1888 872 1966 Θρᾴκης
911 1891 944 1942 ὀ
979 1887 1329 1966 ἀποστάτης
1382 1887 1510 1966 ίὼις,
1542 1887 1659 1966 τὴν
1687 1890 1848 1941 Κων-
1884 1908 1924 1964 Β

2564 1803 2796 1861 CAPUT
2844 1802 2911 1857 ll.

1846 1908 1924 1964 ’Β
1959 1900 2024 1957 Ut
2070 1900 2450 1966 pravaricator
2499 1903 2547 1949 et
2602 1904 2851 1966 apostata
2901 1907 2995 1962 per
3035 1889 3319 1966 Thraciam
3369 1885 3538 1966 proft-

332 1956 683 2014 σταντίνου
718 1956 1024 2027 κατέσχεν
1080 1958 1357 2013 ἐκποδὼν
1384 1958 1491 2013 τοῦ
1535 1962 1853 2013 Κωνσταν-

331 2032 468 2085 τιου
497 2028 932 2098 γεγενημένου.

333 2140 543 2196 Τοῦτον
577 2139 675 2211 μὲν
708 2136 929 2193 οὖντὸν
960 2140 1163 2209 τρόπον
1191 2140 1220 2193 ὁ
1262 2141 1552 2204 Ἰουλιανὸς
1579 2142 1676 2211 τῆς
1703 2141 1854 2213 βασι-

251 2234 410 2298 λείας
444 2234 709 2304 ἐδράξατο
731 2245 747 2263 ⁸
776 2234 824 2286 εί
854 2233 912 2286 δὲ
947 2237 1092 2286 κατὰ
1115 2234 1446 2303 φιλοσόφους
1476 2236 1509 2305 ἠ
1545 2235 1673 2302 ἑξῆς
1702 2238 1852 2302 ἀγω-

252 2328 353 2396 γὴ,
386 2329 444 2379 ὲν
475 2327 644 2396 κοινῷ
676 2328 907 2379 σκοπεῖν
932 2325 1029 2379 ἐῶ.
1060 2320 1163 2379 Οἷα
1199 2327 1311 2396 γὰρ
1354 2326 1520 2395 φιλεῖ,
1553 2326 1627 2397 μὴ
1660 2326 1853 2380 ἀπολο-

253 2437 278 2486 ·ι
297 2422 388 2473 ίαν
414 2420 505 2472 διὰ
528 2419 829 2487 πρεσϐείας
859 2420 985 2479 δοὺς
1008 2418 1401 2485 Κωνσταντίῳ,
1424 2419 1483 2472 ὃν
1505 2421 1600 2472 καὶ
1627 2420 1849 2487 σωτῆρα

254 2516 353 2564 καί
388 2512 693 2580 εὐεργέτην
743 2510 1042 2580 ἠπίστατο,
1098 2510 1260 2570 εὐθὺς
1301 2509 1401 2579 μὲν
1433 2508 1850 2578 ἀπεχειροτόνει

253 2605 391 2663 τοὺς
425 2603 701 2672 ἄρχοντας
726 2601 885 2663 ὅσους
924 2601 1137 2664 ἐκεῖνος
1168 2599 1511 2669 κατέστησεν
1534 2615 1547 2629 ·
1600 2599 1850 2669 ἀμείϐων

254 2696 304 2750 δ’
357 2696 585 2764 ἐτέρους
640 2693 1031 2764 ἀντικαθίστη,
1090 2693 1189 2747 καὶ
1220 2693 1332 2745 πᾶν
1384 2692 1445 2744 τὸ
1476 2691 1613 2761 πρὸς
1649 2690 1848 2762 βουλῆς

254 2788 412 2859 αὐτῷ
462 2788 771 2860 ἔπραττεν·
829 2786 1149 2854 ἐπεγγελῶν
1181 2785 1239 2838 δὲ
1298 2788 1394 2841 καὶ
1458 2784 1848 2851 Κωνσταντίῳ,

253 2882 407 2935 κατὰ
436 2881 625 2952 χώρας
654 2881 758 2944 τὰς
783 2881 1075 2944 ἐπιστολὰς
1122 2878 1291 2935 αὑτοῦ
1319 2880 1608 2943 διεδείκνυ,
1653 2878 1720 2932 δι’
1772 2873 1848 2933 ὧν

252 2977 387 3033 τοὺς
416 2974 734 3044 βαρϐάρους
764 2974 910 3027 κατά
932 2974 1271 3040 Μαγνεντίου
1296 2973 1502 3036 καλῶν,
1550 2972 1849 3042 Ῥωμαίοις

254 3070 515 3136 ἐπήγαγε
542 3082 556 3097 ⁸
595 3068 691 3120 καὶ
715 3067 882 3137 τέχνῃ
913 3066 982 3119 τά
1010 3065 1193 3135 πλήθη
1248 3066 1675 3136 μετερχόμενος,
1703 3066 1849 3119 ἀττι-

254 3171 373 3207 σπα
412 3157 514 3224 μὲν
541 3157 784 3221 ἐκείνου,
822 3160 903 3219 είς
937 3155 1134 3209 ἑαυτὸν
1162 3155 1220 3208 δὲ
1273 3154 1655 3226 μετεϐίϐαζεν.
1688 3154 1847 3221 Ἑξά-

2027 1957 2245 2033 εἱέεεηε,
2299 1967 2608 2023 Constantio
2641 1957 2954 2034 'dcfuucte,
3023 1957 3540 2025 Constantinopolim

2028 2042 2348 2110 peruenerit.

2029 2154 2105 2209 Ad
2141 2155 2287 2207 hunc
2326 2164 2477 2207 certe
2502 2149 2723 2221 quidem
2784 2146 3006 2201 modum
3052 2144 3306 2201 Julianus
3367 2143 3539 2211 impe-

1956 2245 2096 2298 rium
2125 2243 2359 2312 arripuit
2389 2242 2492 2313 (l).
2529 2241 2611 2295 An
2670 2254 2800 2295 vero
2861 2236 3231 2308 philosophicl
3288 2231 3531 2287 instituti

1953 2337 2088 2397 sint,
2120 2350 2242 2404 quae
2276 2349 2400 2388 mox
2437 2333 2638 2388 deinde
2684 2331 2876 2401 gessit,
2900 2338 2955 2383 et
2988 2329 3229 2398 idipsum
3275 2327 3328 2380 in
3357 2325 3537 2379 medio

1952 2427 2155 2495 cuique
2188 2424 2599 2494 dispiciendum
2634 2423 2909 2491 relinquo.
2941 2420 3072 2474 Nam
3104 2420 3273 2487 (quod
3329 2415 3535 2483 alioqui

1954 2518 2072 2573 ﬁeri
2106 2518 2283 2588 solet)
2324 2518 2474 2571 nulla
2507 2517 2574 2570 ad
2612 2516 2997 2570 Constantium
3052 2513 3236 2567 adhuc
3268 2510 3538 2581 supersti-

1956 2621 2087 2675 tem,
2133 2627 2163 2665 a
2204 2627 2311 2681 quo
2351 2610 2619 2665 beneﬁcia
2675 2610 2845 2663 nmlta
2907 2624 2965 2663 se
3006 2606 3290 2675 accepisse
3347 2617 3537 2658 serva-

1954 2713 2178 2772 tumque
2199 2703 2337 2758 adeo
2371 2718 2493 2758 esse
2548 2702 2779 2765 sciebat,
2836 2702 3133 2771 legatione,
3194 2715 3317 2768 qua:
3375 2697 3532 2751 illum

1950 2805 2235 2850 excusaret
2249 2795 2661 2858 etdel‘enderet,
2683 2795 2869 2857 missa,
2888 2794 3072 2847 statim
3093 2807 3189 2847 eos
3212 2791 3532 2860 magistratu

1950 2885 2106 2940 abire
2144 2896 2558 2953 exauctoratos,
2596 2902 2735 2956 quos
2761 2886 2852 2941 ille
2896 2894 3179 2950 evexerat,
3222 2885 3432 2955 cdegit.
3481 2893 3537 2939 et

1950 2979 2160 3033 aliosin
2192 2995 2381 3034 eorum
2414 2981 2594 3034 locum
2614 2980 2854 3042 suﬂ'ecit.
2894 2980 3197 3048 omniaque
3226 2979 3291 3031 ad
3330 2978 3529 3033 volun-

1952 3077 2116 3123 tatem
2150 3078 2361 3124 tantum
2395 3087 2551 3125 suam
2602 3077 2733 3141 egit.
2789 3072 2855 3128 Et
2884 3072 3271 3127 Constantium
3328 3071 3531 3135 ridens,

1948 3162 2227 3233 plerisque
2261 3163 2314 3217 in
2348 3164 2488 3220 locis
2533 3166 2802 3235 epistolas
2826 3168 2947 3236 ejus
3000 3167 3281 3228 recitavit,
3332 3166 3537 3235 quibus

253 3248 399 3301 πινᾶ
431 3264 491 3299 τε
519 3251 616 3302 καὶ
642 3250 705 3300 τὸ
726 3249 910 3301 δοκεῖν
937 3245 1079 3301 εἶναι
1114 3247 1441 3318 Χριστιανὸς
1465 3247 1701 3317 διαφεὶς,
1735 3250 1847 3312 τοῖς
1875 3258 1918 3316 c

1841 3258 1918 3316 ξε
1953 3256 2043 3310 ille
2078 3256 2349 3312 Barbaros
2382 3268 2573 3313 contra
2613 3259 2988 3328 Magnentium
3019 3274 3277 3323 evocans,
3321 3259 3375 3313 in
3420 3260 3533 3313 Ro-

250 3340 369 3395 τῶν
418 3340 717 3408 δαιμονίων
778 3340 974 3411 ἐφοίτα
1006 3343 1195 3410 σηκοῖς
1219 3356 1234 3371 ⁸
1293 3340 1389 3394 καὶ
1423 3340 1589 3405 θύων,
1617 3340 1711 3392 καὶ
1734 3340 1847 3403 τοῖς

250 3432 548 3501 ἀγάλμασι
586 3433 1062 3502 προσφερόμενος,
1108 3433 1372 3501 ἀρχιερέα
1396 3431 1589 3484 ἑαυτὸν
1613 3431 1805 3485 ὲκάλει
1830 3446 1844 3461 ’

250 3526 350 3577 καὶ
375 3524 477 3585 τὰς
517 3524 850 3594 Ἑλληνικὰς
876 3525 1075 3591 ἑορτὰς
1100 3526 1374 3577 ἐπιτελεῖν
1423 3525 1718 3594 ἐπέτρεπε,
1755 3526 1847 3579 καὶ

249 3618 385 3680 τοὺς
415 3617 523 3670 ὑπὸ
575 3619 736 3686 χεῖρα
786 3620 999 3678 πάντας
1057 3615 1256 3686 ἐπίσης
1287 3614 1612 3685 θρησκεύειν
1638 3614 1848 3680 ἔπειθε,

250 3707 349 3758 καὶ
384 3706 524 3777 πρὸς
557 3705 827 3775 ἐμφύλιον
848 3704 1234 3777 ἀνερριπίζετο
1261 3704 1519 3775 πόλεμον.
1559 3706 1664 3757 Καί
1698 3722 1759 3773 γε
1784 3707 1848 3759 ἂν

253 3801 381 3853 ισον
414 3799 475 3851 τὸ
512 3800 602 3851 ἐπ’
654 3797 807 3869 αὐτῷ
856 3798 1053 3866 αἵμασι
1112 3798 1366 3867 διεκρίθη
1399 3798 1460 3851 τὸ
1505 3799 1602 3868 τῆς
1636 3799 1848 3853 ἑκείνου

252 3892 582 3963 φιλοσοφίας
600 3891 919 3959 ἀπέριττον,
939 3892 987 3942 εί
1020 3890 1096 3961 μὴ
1117 3889 1249 3953 Θεὸς
1275 3892 1303 3944 ό
1338 3892 1519 3944 πάντα
1548 3892 1645 3943 σὺν
1669 3892 1847 3959 ἀγνώ-

252 4004 367 4058 στῳ
400 3987 545 4053 λόγῳ
576 3984 751 4038 ποιῶν
798 3984 1213 4055 συμφερόντως,
1274 3984 1506 4055 θάτερον
1541 3988 1617 4047 είς
1653 3986 1849 4039 ἑαυτόν

254 4078 663 4147 μετεστήσατο.
702 4075 825 4145 δίχα
876 4075 1063 4144 μέντοι
1122 4074 1332 4145 ζημίας
1391 4075 1486 4128 τοῦ
1522 4078 1844 4131 ἀντιπάλου.

251 4167 362 4221 Τοῦ
392 4166 503 4235 γὰρ
528 4165 918 4218 Κωνσταντίου
948 4166 1006 4216 ὲν
1039 4165 1207 4233 Συρίᾳ
1231 4166 1333 4236 τὴν
1362 4167 1637 4237 Περσικὴν
1669 4168 1846 4238 ὁρμὴν

252 4259 709 4319 ἀναστέλλοντος,
742 4257 941 4327 ἐκείνῳ
965 4256 1078 4310 δεῖν
1113 4258 1286 4310 ἐδόκει
1322 4259 1390 4311 τά
1423 4260 1553 4328 περὶ
1576 4261 1701 4321 τοὺς
1749 4261 1849 4313 ‘1).-

251 4352 477 4421 luptob;
511 4352 647 4402 εἴσω
678 4349 871 4403 θέσθαι
901 4348 1124 4419 χειρῶν,
1158 4348 1253 4401 καὶ
1301 4350 1490 4419 μάχης
1534 4350 1667 4405 ἄνευ
1704 4367 1846 4421 κρα.

249 4449 389 4501 τεῖν.
421 4446 531 4498 Καὶ
562 4444 627 4515 δὴ
681 4443 1042 4512 σκηψάμενος
1099 4444 1236 4508 πρὸς
1274 4444 1655 4497 Κωνστάντιον
1688 4446 1849 4499 ἐλαύ-

252 4558 390 4605 νειν,
443 4540 539 4592 ἐπὶ
599 4538 935 4615 παραιτήσει
972 4534 1138 4604 δῆθεν
1172 4535 1267 4587 τοῦ
1321 4535 1398 4606 μὴ
1450 4536 1595 4589 ἑκὼν
1647 4539 1715 4590 τὰ
1745 4540 1844 4609 τῆς

1957 3365 2244 3404 manorum
2273 3350 2543 3407 ditionem
2577 3352 2832 3408 adduxit.
2872 3352 3283 3408 Multitudinem
3307 3368 3529 3423 quoque

1952 3448 2068 3493 arte
2104 3441 2565 3503 circumventam.
2597 3452 2653 3496 et
2680 3443 2749 3497 ab
2777 3442 2869 3497 illo
2898 3443 3214 3505 alienatam,
3252 3442 3305 3495 in
3343 3451 3533 3510 partes

1951 3545 2079 3586 suas
2097 3533 2378 3600 pertraxit.
2406 3533 2483 3588 Ac
2500 3534 2800 3603 derepente
2824 3534 3160 3590 simulationi
3183 3550 3403 3604 quoque
3430 3533 3533 3595 illi,

1950 3636 2056 3690 qua
2106 3621 2481 3678 Christianum
2511 3640 2569 3679 se
2598 3641 2722 3681 esse
2780 3625 2956 3689 tinxit,
3010 3625 3206 3679 nuntio
3264 3624 3521 3690 remisso,

1950 3712 2260 3767 daemonum
2287 3716 2483 3783 templa
2535 3715 2949 3785 frequentat/it:
2988 3726 3044 3771 et
3087 3715 3429 3780 sacriﬁcans,
3458 3716 3531 3770 si-

1949 3806 2319 3877 mulacrisque
2340 3822 2461 3862 sese
2487 3794 2718 3873 dedens,
2737 3809 3059 3864 Pontiﬁcem
3088 3808 3329 3876 seipsum
3360 3823 3527 3862 voca~

1952 3898 2046 3961 vit,
2082 3899 2249 3954 festos
2286 3898 2604 3955 Graecorum
2655 3902 2775 3957 dies
2824 3917 3087 3972 peragere
3140 3902 3414 3970 permisit,
3472 3909 3529 3952 et

1948 3993 2043 4063 qui
2077 3991 2179 4046 sub
2211 4000 2481 4061 potestate
2507 3994 2627 4062 ejus
2650 4004 2803 4049 erant
2836 3995 2988 4049 cives
3027 3996 3094 4047 ad
3125 3994 3385 4047 eumdem
3411 3991 3531 4045 cul-

1952 4088 2067 4134 tum
2100 4080 2455 4136 suasionibus
2486 4083 2797 4152 perducere
2857 4083 3116 4139 intendit.
3157 4083 3223 4137 Et
3284 4081 3531 4152 profecto

1950 4173 2111 4227 civile
2140 4174 2232 4229 ille
2259 4178 2598 4231 concitasset
2629 4176 2859 4238 bellum,
2905 4188 2960 4229 et
2989 4185 3255 4244 quantum
3318 4176 3372 4228 in
3408 4174 3527 4241 ipso

1950 4265 2115 4321 situm
2141 4279 2280 4330 erat.
2314 4269 2584 4338 sanguine
2614 4271 2760 4335 fuso,
2806 4267 2874 4322 de
2904 4268 3232 4323 exuberanti
3290 4268 3532 4336 philoso-

1951 4357 2079 4427 phia
2105 4358 2225 4428 ejus
2249 4359 2527 4429 judicium
2562 4359 2766 4416 factum
2813 4360 3029 4423 fuisset,
3062 4361 3167 4414 nisi
3235 4360 3402 4425 Deus,
3433 4362 3527 4429 qui

1949 4453 2156 4518 omnia,
2196 4454 2378 4523 ignota
2398 4463 2454 4507 et
2481 4454 2694 4508 occulta
2730 4453 2964 4518 ratione,
3000 4454 3053 4506 in
3090 4452 3290 4506 melius
3314 4453 3527 4522 dirigit,

1949 4544 2182 4597 alterum
2212 4543 2281 4599 ad
2306 4560 2364 4598 se
2398 4560 2526 4600 cum
2566 4546 2716 4598 nullo
2776 4544 3083 4599 adversarii
3128 4545 3307 4614 ipsius
3353 4543 3524 4597 detri-

254 4631 543 4703 βασιλείας
598 4629 859 4699 ,σύμϐολα
905 4613 1202 4692 δέξασθαι,
1252 4629 1340 4698 ᾔει
1374 4629 1467 4681 τοῦ
1524 4632 1712 4699 πρόσω
1755 4632 1844 4685 διὰ
1874 4613 1919 4667 ί)

1834 4650 1844 4685 ι
1874 4613 1919 4667 ί)
1949 4646 2134 4689 mento
2166 4634 2551 4692 transtulisset.
2605 4636 2745 4693 Cum
2788 4637 2935 4691 enim
2957 4636 3317 4690 Constantinus
3338 4635 3390 4688 in
3424 4633 3526 4705 Sy-

252 4726 484 4797 Θρᾲκης
511 4721 744 4792 χωρῶν·
778 4720 1019 4790 ὁπηνίκα
1044 4720 1099 4773 δὲ
1133 4718 1242 4773 τῶν
1272 4719 1397 4789 τῇδε
1447 4721 1591 4790 ὅρων
1632 4722 1805 4792 ἐπέϐη
1828 4737 1841 4750 ⁸

254 4818 397 4886 μετὰ
433 4813 652 4884 τρύγην
706 4812 753 4865 δ’
806 4810 899 4864 οὖν
950 4811 1045 4864 καὶ
1075 4813 1108 4881 ὴ
1158 4810 1362 4873 Πλειὰς
1389 4810 1625 4866 δύνουσα
1653 4808 1720 4885 ἦν
1742 4831 1753 4844 ·
1788 4813 1846 4866 αι

254 4912 355 4980 μὲν
381 4908 628 4976 ἄμπελοι
684 4905 947 4976 δμφακας
980 4904 1288 4973 ἐπεγέννων
1312 4919 1327 4935 °
1364 4905 1456 4958 καί
1506 4922 1629 4957 τινα
1654 4906 1845 4974 δρόσον

252 5004 312 5070 ἐξ
338 5004 507 5072 ἀέρος
542 4999 950 5069 καταχυθεῖσαν
978 4996 1139 5063 λόγος
1166 4996 1317 5065 αὐτῷ
1350 5014 1408 5048 τε
1438 4998 1534 5049 καὶ
1564 5000 1673 5060 τοῖς
1710 4998 1838 5051 ἑπο-

256 5098 467 5165 μένοις,
504 5090 747 5162 σταυροῦ
797 5092 986 5160 σχῆμα
1045 5089 1291 5158 ἑκάστην
1324 5090 1562 5157 σταγόνα
1592 5093 1704 5155 τοῖς
1749 5091 1846 5144 πέ-

254 5189 414 5250 πλοις
481 5184 670 5240 αὐτῶν
712 5182 1004 5237 ὲντυπούν.
1046 5183 1233 5236 Ἄλλοι
1292 5185 1391 5253 μὲν
1421 5179 1515 5237 οὖν
1566 5185 1701 5239 ἀλλα
1731 5190 1843 5248 τοῖς

252 5278 526 5339 τοιούτοις
581 5276 770 5342 ελεγον
800 5273 912 5327 τῶν
972 5273 1266 5343 συμϐόλων
1290 5291 1305 5306 ·
1334 5274 1395 5328 τό
1423 5291 1487 5342 γε
1530 5276 1637 5345 μὴν
1664 5276 1843 5345 ἄωρον

248 5371 347 5425 καὶ
374 5367 757 5438 ὀλιγοχρόνιον
779 5365 874 5436 τῆς
899 5366 1076 5436 ἀρχῆς
1099 5364 1188 5419 διὰ
1217 5365 1324 5419 τῶν
1344 5367 1614 5436 όμφάκων
1640 5368 1844 5438 ὑπεση-

248 5466 506 5536 μαίνετο.
555 5459 614 5513 '0
639 5460 696 5513 δὲ
735 5460 969 5530 σταυρὸς
1019 5458 1095 5523 ὡς
1137 5459 1248 5512 τῶν
1284 5460 1633 5530 Χριστιανῶν
1664 5462 1842 5532 δόγμα

318 5601 396 5667 (Ι)
436 5597 698 5654 Julianus
728 5594 918 5667 hostes
965 5592 1260 5667 exirGalklia
1297 5593 1439 5648 ultra
1469 5594 1724 5667 Rhenum
1759 5599 1842 5652 tu-

242 5665 414 5742 gavit.
479 5665 899 5742 Ad_u_ndecim_
944 5666 1115 5742 millia
1166 5665 1323 5742 Rom.
1386 5666 1480 5742 qui
1528 5666 1661 5742 jure
1708 5667 1838 5723 belli

245 5736 396 5810 capti
449 5738 798 5810 serviebant,
851 5737 921 5790 ab
976 5736 1239 5810 Alinanis
1278 5737 1506 5810 recepit.
1537 5738 1837 5810 Agrippina

244 5804 545 5882 occupata.
614 5807 766 5882 Ideni
841 5820 966 5882 cum
1026 5804 1272 5882 Alrnanis
1343 5808 1551 5863 eisdem
1588 5804 1834 5882 'bellum

244 5875 440 5950 gessit,
473 5891 531 5937 ct
576 5894 675 5948 per
728 5876 1133 5933 llarzobaudcm
1174 5875 1458 5932 tribunum
1492 5887 1671 5935 castra
1702 5880 1836 5935 lier-

1950 4726 2028 4781 ria
2060 4727 2414 4782 excursiones
2465 4737 2631 4799 atque
2678 4728 3058 4796 expeditiones
3090 4727 3335 4781 Persicas
3379 4742 3527 4779 com-

1946 4827 2214 4887 pesceret,
2265 4818 2342 4873 illi
2395 4818 2611 4875 interea
2674 4820 2852 4875 visum
2909 4828 3015 4882 est,
3056 4818 3351 4889 Illyricum,
3406 4817 3525 4869 sine

1946 4910 2136 4978 prtelio
2169 4910 2399 4980 imperio
2451 4925 2550 4965 suo
2584 4910 2880 4981 subjicere.
2921 4910 3019 4979 ιι
3064 4912 3239 4978 Atque
3286 4909 3525 4962 assimu-

1947 5000 2067 5054 lans
2093 5016 2151 5055 se
2174 5001 2238 5055 ad
2256 4999 2642 5056 Constantium
2670 5001 2919 5063 tendere,
2946 5000 3114 5054 veluti
3135 5000 3373 5068 culpam,
3401 5014 3519 5067 pe:-

1948 5092 2076 5148 inde
2129 5105 2292 5164 atquc
2348 5096 2561 5149 invitus
2615 5094 2834 5162 imperii
2894 5093 3128 5157 insignia
3195 5092 3519 5161 recepisset,

1945 5186 2362 5257 deprecaturus,
2406 5188 2638 5242 ulterius
2682 5187 2810 5241 inde
2847 5184 3131 5240 Thraciam
3170 5199 3363 5239 versus
3399 5199 3518 5253 pro-

1944 5280 2108 5334 cessit
2133 5297 2146 5333 :
2168 5287 2223 5333 et
2251 5280 2340 5333 ubi
2370 5281 2422 5333 in
2449 5280 2568 5349 ejus
2596 5278 2837 5344 regionis
2856 5286 3070 5331 montes
3100 5275 3370 5345 pervenit,
3396 5290 3519 5329 cum

1944 5380 2067 5440 post
2114 5369 2448 5424 vindemiam
2518 5370 2769 5438 Vergilias
2839 5367 2914 5435 (2)
2971 5366 3307 5426 occiderent.
3379 5365 3519 5418 vites

1944 5460 2175 5530 gemmis
2197 5472 2253 5515 et
2285 5461 2408 5515 uvis
2448 5461 2768 5515 recentibus
2805 5459 3209 5531 germinaruut,
3250 5466 3307 5512 et
3334 5472 3423 5512 ros
3452 5473 3518 5511 ex

1944 5597 2117 5663 culis,
2182 5594 2694 5666 Quadriburgium,
2758 5596 3162 5655 Stricensium.
3218 5594 3520 5666 Nivcsiurn,

1942 5666 2169 5733 Bonam,
2212 5664 2575 5727 Antenacuin.
2626 5677 2681 5721 et
2723 5668 2994 5733 Bingium.
3049 5666 3303 5720 civitates
3348 5664 3518 5731 cepit.

1945 5736 2227 5791 Sarmatas
2266 5739 2397 5791 item
2438 5748 2495 5792 ct
2523 5739 2740 5803 Quados
2766 5739 2915 5790 vicit.
2944 5736 3127 5801 0ros.,
3170 5736 3442 5789 Ammian.

2011 5808 2089 5877 (ἓ)
2123 5807 2393 5863 Pleiades.
2425 5806 2643 5863 Suzmn.
2685 5808 2782 5862 lib.
2813 5823 2866 5875 ν,
2894 5822 3013 5877 cap.
3047 5808 3093 5860 l.
