4286 6438
235 415 344 478 445

1175 436 1774 502 ECCLESIASTHLE
1820 444 2210 510 HISTORIE
2250 453 2395 515 LIB.
2443 455 2519 520 Χ.

3404 470 3513 536 L’iﬁ

235 530 479 599 Χριστοό
519 534 773 604 συμϐόλῳ
796 537 991 594 ἑαυτὸν
1025 549 1455 617 κατεσφράγιζε.
1483 552 1590 605 Καὶ
1625 555 1824 607 αὐτίκα

1931 566 1986 612 et
2046 561 2376 629 periculosis
2407 565 2590 621 crucis
2619 567 2903 638 signaculo
2935 579 3190 639 tanquam
3249 583 3502 647 przesenti

236 622 451 715 φροῦδα
490 625 693 687 πάντα.
721 629 819 682 καὶ
863 632 922 684 τὸ
958 635 1098 700 πρὸς
1131 640 1370 709 σπουδῆς
1415 642 1702 711 ἄπρακτον
1735 641 1825 715 ἦν.

246 712 585 806 Ἑνᾼάπορίᾳ
629 718 687 771 δέ
731 722 1031 790 γενόμενος
1085 729 1113 779 ὁ
1152 727 1255 796 τῆς
1308 731 1532 801 τελετῆς
1574 712 1825 806 ἔξαρχος,

235 804 404 870 γνούς
444 824 503 860 τε
534 810 638 875 τῆς
667 810 776 863 τῶν
799 812 1071 878 δαιμόνων
1105 820 1373 887 ἀφανείας
1404 824 1463 876 τὸ
1493 804 1688 890 αίτιον,
1713 804 1830 879 Μι-

233 896 533 965 σήσαντίις.
559 896 736 966 ςῐπτν,
757 897 964 974 οἷάπερ
987 907 1142 975 ἄγος,
1184 911 1245 963 τὸ
1279 912 1570 983 σύμϐολον,
1590 917 1828 984 ἀπέδρα-

237 1000 342 1034 σαν
367 999 382 1014 ·
419 1005 514 1040 και
542 985 700 1052 αὖθις
730 996 984 1058 γενναῖον
1012 992 1179 1063 εἶναι,
1207 1000 1379 1068 μηδέν
1411 1018 1465 1053 τι
1503 1005 1827 1073 παραδεῖξαι

234 1076 638 1145 λριστιανιπιὸν
697 1083 729 1152 ἦ
780 1085 1079 1155 ἐννοῆσαι,
1130 1090 1600 1162 εἰσηγησάμενος,
1664 1100 1828 1152 πάλιν

230 1163 375 1238 ἦγεν
410 1173 503 1224 ἐπὶ
529 1174 628 1243 τὴν
659 1178 908 1247 τελετήν.
934 1179 1122 1236 Ταῦτα
1148 1182 1210 1254 δὴ
1242 1186 1594 1254 Χριστιανοτς
1634 1194 1829 1247 ἀκουό-

235 1281 404 1330 μενα.
456 1267 517 1318 ού
578 1270 817 1338 μετρίως
860 1272 1154 1327 καθίκετο·
1210 1279 1477 1346 περιδεεῖς
1511 1283 1619 1354 γὰρ
1661 1279 1825 1355 ἦσαν,

234 1359 628 1428 σπουξὰζοντα
661 1363 793 1431 περὶ
827 1363 1001 1418 ταῦτα
1024 1366 1114 1419 τὸν
1146 1367 1377 1437 βασιλέα
1410 1373 1696 1445 Θεώμενοι,
1733 1383 1829 1433 καὶ

229 1447 313 1505 εί,
337 1448 457 1510 δέος
498 1451 833 1504 καθίσταντο
858 1453 1140 1523 διωγμῶν.
1173 1461 1285 1513 Καὶ
1314 1462 1344 1530 ὴ
1371 1465 1670 1530 προσδοκία
1705 1471 1828 1537 μείο

232 1535 350 1598 ζων
402 1539 499 1607 τῆς
546 1540 747 1606 πείρας
799 1544 1139 1614 ἐτύγχανεν·
1188 1551 1383 1621 ἀήθεις
1413 1555 1521 1624 γὰρ
1570 1559 1649 1627 τῷ
1678 1535 1830 1632 μέσῳ

234 1633 422 1699 χρόνῳ
449 1630 560 1683 τῶν
576 1634 840 1688 τοιούτων
857 1642 1270 1710 γεγενημένους
1292 1646 1502 1714 δεινῶν,
1526 1655 1556 1718 η
1583 1630 1831 1725 ἀνάμνηξ

240 1739 328 1784 σις
363 1727 458 1776 καὶ
514 1728 652 1799 μόνη
709 1730 818 1782 τῶν
877 1734 1048 1788 πάλαι
1097 1739 1289 1791 κακῶν
1345 1742 1658 1798 συνέστελλε
1690 1762 1703 1776 ·
1736 1750 1830 1801 καὶ

221 1819 445 1878 πάντες
501 1813 641 1888 ἦσαν
694 1824 1078 1893 ἐκτετηκότες,
1139 1829 1202 1881 τὸ
1259 1833 1388 1900 περὶ
1425 1834 1485 1885 τὸ
1534 1836 1711 1904 δόγμα
1734 1839 1828 1892 τοῦ

1931 654 2139 707 auxilio
2159 656 2235 710 uti
2266 659 2673 725 consuevisset,
2707 663 2876 717 veluti
2907 665 3224 721 discrimine
3271 672 3504 724 circum-

1929 755 2149 808 ventus,
2187 748 2253 801 ad
2304 762 2630 804 consuetum
2689 755 3002 819 praesidium
3061 759 3343 828 confugit:
3410 779 3506 832 per

1929 838 2179 892 timorem
2213 841 2355 895 enim
2386 858 2443 896 se
2473 843 2675 899 Christi
2710 847 2865 916 signo
2889 851 3261 920 consignavit,
3287 864 3340 906 et
3376 872 3510 910 con-

1927 929 2107 983 festim
2144 933 2325 985 omnia
2356 949 2654 992 evanuere.
2691 937 2762 990 Ita
2795 955 2881 992 res
2915 957 3035 1006 qua:
3067 953 3271 998 tentata
3305 946 3506 1010 fuerat,

1930 1019 2130 1073 infecta
2179 1030 2291 1074 tum
2328 1028 2649 1092 permansit.
2695 1026 2844 1082 Sacri
2881 1046 3011 1084 vero
3077 1038 3196 1103 ejus
3252 1040 3504 1103 antistes,

1929 1114 2236 1182 quodquid
2279 1127 2487 1186 ageret,
2544 1121 2824 1184 nesciret.
2887 1139 3103 1178 causam
3163 1137 3345 1182 autem
3409 1145 3503 1184 cur

1933 1205 2209 1260 daemones
2236 1209 2656 1278 diSparuissent,
2682 1229 2788 1267 non
2818 1216 3127 1284 ignoraret;
3165 1221 3508 1292 Aulugeruut

1931 1297 2035 1360 illi,
2066 1299 2266 1368 inquit,
2297 1303 2441 1370 quod
2473 1305 2687 1374 signum
2721 1305 2826 1361 hoc
2857 1309 3086 1376 perinde
3116 1319 3280 1380 atque
3342 1330 3510 1368 esse-

1931 1390 2202 1446 orandum
2245 1394 2521 1463 piaculum
2551 1396 2737 1452 odere.
2765 1399 2832 1453 Et
2864 1399 3208 1456 admonitum
3238 1403 3418 1468 illum,
3451 1416 3511 1459 ut

1931 1480 2057 1535 forti
2090 1495 2239 1538 esset
2273 1487 2478 1550 animo,
2528 1503 2706 1557 neque
2735 1491 3034 1561 quidquam
3069 1492 3391 1550 Christiana
3433 1499 3508 1551 rei

1931 1573 2218 1628 exhiberet
2253 1587 2348 1629 aut
2374 1578 2660 1646 cogitaret,
2714 1597 2930 1635 rursum
2967 1584 3031 1637 ad
3067 1599 3283 1639 sacrum
3328 1587 3379 1640 id
3410 1591 3508 1641 du-

1931 1665 2031 1718 xit.
2063 1664 2360 1721 Christiani
2403 1670 2493 1723 ubi
2534 1671 2646 1725 luec
2680 1673 2928 1739 audiere,
2992 1691 3101 1729 non
3157 1678 3509 1734 mediocriter

1931 1768 2063 1810 sunt
2089 1760 2366 1826 perculsi:
2402 1770 2721 1816 metuerunt
2765 1767 2912 1818 enim
2944 1766 3047 1820 sibi
3071 1807 3083 1829 ,
3132 1780 3186 1822 et
3219 1769 3514 1839 imperato-

1933 1862 2049 1901 rem
2076 1852 2247 1904 sacris
2273 1852 2608 1920 ejuscemodi
2639 1855 2921 1909 addictum
2959 1858 3228 1922 videntes,
3299 1860 3352 1913 in
3389 1877 3513 1928 per-

234 1913 577 1978 κρατοῦντος
634 1917 982 1988 ύρορὼμενοι
1049 1924 1243 1992 μῖσος·
1310 1930 1405 1983 καὶ
1457 1934 1695 1999 μάλιστα
1747 1936 1828 1989 ὅτι

1935 1940 2236 1995 secutionis
2268 1942 2520 1997 timorem
2561 1945 2892 2003 inciderunt.
2932 1949 3032 2017 l3
3065 1949 3133 2004 Et
3180 1951 3514 2016 exspectatio

234 2003 574 2074 Χριστιανὸς
604 2010 664 2060 τὶ
690 2013 958 2085 πρότερον
1005 2011 1094 2084 ἦν,
1124 2019 1218 2069 καὶ
1249 2019 1354 2071 ὑπὸ
1384 2021 1628 2076 εὐλαόὠν
1654 2027 1825 2078 πατέ-

237 2112 356 2167 ρων
397 2101 526 2170 περὶ
571 2103 630 2154 τδ
689 2103 865 2172 δόγμα
922 2109 1244 2178 γεγέννητο,
1279 2115 1371 2166 καὶ
1409 2119 1550 2169 κατά
1591 2119 1831 2188 θεσμοὺς

234 2190 344 2256 τῆς
397 2192 739 2262 Ἐκκλησέας
807 2199 1083 2270 προήχθη,
1116 2203 1185 2255 τά
1212 2219 1271 2255 τε
1305 2206 1428 2258 θεῖα
1483 2207 1641 2275 λόγια
1671 2212 1832 2265 ἐπαι-

233 2279 431 2349 δεύθη,
463 2285 558 2336 καὶ
586 2285 692 2337 ὑπ’»
721 2289 1048 2355 ἐπισκόποις
1079 2295 1169 2346 καὶ
1203 2294 1447 2366 ἱερεῦσιν
1470 2300 1704 2370 ἐτράφη,
1736 2305 1832 2357 καὶ

234 2375 344 2440 τὴν
383 2377 466 2437 είς
515 2377 834 2432 τούναντίον
868 2384 1182 2456 μεταϐολὴν
1239 2389 1617 2444 ἀνυπόστατον
1650 2393 1830 2462 ἐλογί-

237 2464 424 2527 (evre.

1934 2031 2306 2100 periculorum
2328 2036 2588 2104 periculis
2607 2039 2740 2108 ipsis
2758 2041 2929 2109 major
2952 2041 3073 2097 fuit.
3094 2042 3229 2096 Cum
3252 2044 3396 2097 enim
3418 2044 3517 2098 ali-

1932 2124 2177 2192 quandiu
2201 2126 2310 2196 jam
2349 2143 2624 2186 aerumnas
2651 2141 2705 2186 et
2728 2133 3067 2190 calamitates
3095 2135 3511 2204 dedidicisseut,

1930 2215 2020 2268 vel
2050 2216 2165 2271 sola
2199 2228 2453 2273 veterum
2497 2222 2768 2276 malorum
2808 2225 3117 2279 recordatio
3144 2241 3240 2280 eos
3279 2238 3511 2290 terrens,

1906 2316 2080 2360 ‘metu
2115 2312 2494 2366 contrahebat.
2514 2313 2719 2370 Omnes
2745 2326 2897 2371 certe
2921 2319 3118 2372 animis
3170 2321 3514 2374 consternati

1932 2410 2114 2464 erant,
2147 2408 2296 2471 quod
2343 2413 2554 2459 tantum
2583 2407 2932 2478 imperatoris
2963 2410 3154 2481 ejusin
3191 2413 3512 2481 religionem

1932 2490 2120 2545 odium
2163 2506 2475 2560 cernerent,
2513 2500 2606 2568 qui
2661 2509 2817 2554 antea
2884 2500 3233 2557 Christianus
3295 2503 3514 2568 fuisset,

237 2567 572 2671 parentibus
605 2568 710 2637 piis
744 2577 801 2622 et
836 2571 1112 2641 dogmatis
1186 2574 1359 2644 ipsius
1419 2578 1684 2634 studiosis
1753 2588 2096 2654 progenitus,
2130 2590 2282 2658 juxta
2315 2567 2573 2649 Ecclesiae
2603 2611 2785 2652 mores
2811 2608 2864 2651 et
2890 2602 3350 2655 constltutionest.
3391 2617 3518 2671 pro-

238 2656 471 2722 ductus,
501 2660 675 2714 sacris
711 2661 938 2717 Litteris
961 2666 1214 2730 edoctus.
1252 2679 1308 2723 et
1367 2671 1434 2724 ab
1505 2672 1777 2743 episcopis
1849 2685 1905 2731 et
1943 2656 2323 2740 sacerdotibus
2371 2688 2659 2745 educatus.
2701 2692 3048 2761 QuaprOpter
3107 2701 3310 2749 tantam
3366 2656 3518 2752 illius

239 2751 689 2808 immutationem
722 2754 1128 2812 intolerabilem
1163 2759 1282 2816 fore
1323 2764 1616 2834 putabant.

859 2873 1115 2930 ΚΕΦΑΛ.
1149 2876 1223 2932 Δ’.

249 2966 350 3030 Ὠς
381 2963 526 3038 τοτξς
554 2965 913 3038 είδωλικοὺς
940 2969 1194 3036 ἀνοίξας
1230 2971 1400 3037 νεὼς,
1463 2973 1570 3038 τὰς
1615 2975 1683 3027 ἐκ
1718 2990 1830 3028 πα-

311 3035 497 3113 λᾳέοῦ
524 3036 872 3113 προσόδους
913 3039 1008 3090 καί
1029 3044 1109 3113 τὰ
1143 3035 1437 3113 προκόμια
1465 3035 1661 3110 αὐτοῖς
1692 3046 1832 3113 ἐχα-

305 3104 1101 3179 ρι’ζετοζτῶνΑΧριστιανῶν
1153 3104 1564 3179 ἀφελόμενοςε
1614 3104 1833 3168 κὶιΓόἶα

2551 2889 2779 2944 CAPUT
2811 2891 2901 2946 IV.

1943 2977 2006 3032 Ut
2059 2982 2318 3034 idolorum
2356 2982 2564 3056 templis
2617 2986 2834 3056 opertis,
2876 2994 3075 3037 vetusta
3135 2985 3410 3056 privilegia
3465 2998 3517 3042 et

2008 3063 2287 3118 proventus
2341 3052 2659 3107 Christianis
2702 3056 2974 3120 ademptas
3024 3056 3126 3108 illis
3173 3052 3408 3112 dicarit:
3466 3069 3516 3111 et

2012 3138 2127 3199 qua?
2159 3121 2319 3199 {iuste
2357 3132 2404 3176 et
2449 3123 2706 3178 (.‘wsarea'
2746 3136 2961 3196 propter
2999 3125 3262 3179 idolorum
3315 3127 3514 3199 templa

315 3176 392 3229 ἐν
421 3174 583 3260 Ῑςάζῃ
623 3176 735 3260 καί
762 3181 1086 3247 Καισαρείᾳ
1117 3174 1216 3235 6ιᾶ
1247 3174 1389 3246 τοῦς
1419 3174 1536 3236 ubi
1569 3185 1834 3239 εἰδώλων
1864 3186 1906 3245 C
2008 3174 2209 3260 fecerit.

315 3246 512 3311 ναοὺς
539 3247 828 3314 ἔπραξεν.

323 3363 438 3414 Καὶ
472 3362 660 3415 τοίνυν
704 3363 838 3416 ἐπεὶ
877 3366 1040 3432 μόνος
1088 3364 1197 3419 τῶν
1246 3366 1384 3419 ὅλων
1412 3369 1690 3439 ἐγκρατὴς
1720 3372 1840 3436 ἐγε-

238 3455 424 3524 γόνει,
458 3455 662 3509 αὐτίκα
710 3455 842 3520 τοὺς
881 3457 1000 3510 ὅσοι
1062 3457 1142 3512 ἔτι
1197 3460 1258 3511 ἐν
1304 3463 1374 3529 τῇ
1431 3460 1547 3532 Ἐῳ
1601 3463 1838 3516 εἰδώλων

239 3542 421 3618 ἦσαν,
459 3547 599 3611 νεὼς
630 3549 857 3618 ἀνέῳξεο
896 3553 991 3603 καὶ
1025 3552 1140 3604 ὅσοι
1189 3552 1245 3604 δὲ
1277 3553 1636 3624 ἀτημελήτως
1667 3549 1836 3619 εἶχον,

239 3642 722 3705 ἐπισκευάζεσθαι
750 3642 1076 3715 παρηγγύα.
1109 3645 1170 3697 Ei
1193 3645 1251 3697 δέ
1281 3661 1428 3708 τινες
1460 3647 1647 3698 τέλεον
1673 3663 1837 3698 κατε-

239 3737 524 3807 λύεησαν,
556 3740 622 3791 ἐκ
654 3737 779 3790 νέου
817 3739 998 3791 ποιεῖν
1029 3738 1249 3791 ἐκέλευε
1271 3754 1286 3769 ⁸
1322 3740 1418 3792 καὶ
1465 3745 1590 3803 τοὺς
1621 3741 1837 3809 βωμοὺς

242 3830 582 3902 ἐξεκάθαιρε
606 3846 621 3861 ·
658 3831 755 3883 καὶ
790 3831 891 3894 τὰς
926 3831 1096 3885 πάλαι
1130 3833 1424 3901 προσόδους
1458 3835 1642 3896 αὐτοῖς
1675 3835 1840 3903 ἀφαι-

246 3925 525 3996 ρούμενος
553 3923 802 3991 ἁφωσίου
833 3921 992 3987 αὖθις
1034 3924 1265 3986 ἐκείνοις
1288 3941 1302 3957 ⁸
1344 3927 1447 3978 ὅσα
1475 3943 1535 3978 τε
1560 3925 1678 3996 ιέθη
1732 3927 1838 3979 πάο

240 4032 376 4084 τρια
411 4015 650 4077 πόλεων,
676 4016 772 4068 καὶ
800 4018 895 4079 τὰς
926 4016 1098 4070 πάλαι
1130 4017 1323 4080 θυσίας
1348 4035 1410 4070 τε
1443 4020 1539 4072 καὶ
1576 4020 1839 4089 βακχείας

244 4106 442 4169 αὐτοῖς
502 4106 752 4162 ἀνενέου.
812 4108 926 4161 Καὶ
979 4107 1130 4176 αὑτῷ
1179 4109 1236 4161 δέ
1267 4110 1473 4178 ἥκιστα
1504 4111 1737 4179 αἰσχύνη
1770 4105 1839 4178 ἦν

240 4201 494 4271 δημοσίᾳ
527 4200 714 4253 θύοντι
739 4215 756 4231 ·
792 4200 1040 4254 σπένδων
1080 4200 1137 4253 δέ
1169 4203 1292 4264 ἀεὶ,
1329 4203 1455 4265 τοὺς
1491 4203 1621 4274 περὶ
1662 4202 1838 4254 ταῦτα

241 4295 666 4356 ἐσπουδακότας
716 4293 828 4348 τῶν
867 4295 1152 4363 μεγίστων
1187 4295 1346 4364 ἠξίου
1383 4295 1561 4365 τιμῶν
1587 4313 1601 4327 ο
1638 4297 1751 4358 τοῖς
1779 4313 1838 4348 τε

244 4384 618 4455 ἱεροφάνταις
675 4385 774 4437 καὶ
829 4383 1068 4453 μύσταις
1129 4385 1226 4438 καὶ
1280 4387 1616 4454 κανηφόροις
1667 4386 1735 4437 τὰ
1781 4385 1839 4452 ἐξ

243 4478 406 4540 ἔθους
441 4476 641 4528 ἐδίδου’
676 4474 845 4545 κῦρός
879 4494 939 4529 τε
979 4477 1163 4540 αὐτοῖς
1194 4478 1458 4542 ἐπετίθει,
1481 4478 1508 4529 ὃ
1536 4480 1630 4532 καὶ
1654 4479 1702 4529 οἱ
1732 4477 1838 4548 πρὸ

241 4550 681 4623 Κωνσταντίνου
733 4566 1194 4637 ρεὅασιλευκὸτες
1235 4568 1472 4638 ἑνειμον·
1497 4567 1747 4621 ἀτέλειὰν
1780 4586 1836 4621 τε

242 4667 439 4732 φόρων
484 4663 601 4723 τοῖς
658 4663 791 4730 περὶ
818 4659 992 4713 ταῦτα
1045 4661 1401 4731 σχολάζουσιν
1425 4659 1741 4729 ἐψηφίζετο*
1774 4661 1841 4714 τά

241 4769 302 4804 τε
346 4753 646 4820 σιτηρέσια
681 4751 794 4803 τῶν
848 4753 981 4821 περὶ
1011 4753 1138 4814 τοὺς
1174 4753 1333 4813 ναοὺς
1377 4753 1682 4822 ἱεροπόλων
1710 4753 1843 4804 ἀττέ-

241 4850 412 4902 δωκε·
453 4848 738 4917 καθαρούς
777 4865 836 4900 τε
880 4843 1023 4900 εἶναι
1054 4847 1310 4912 ἐθέσπιζε
1335 4888 1350 4909 ,
1413 4849 1509 4902 καὶ
1545 4850 1657 4902 τῶν
1705 4850 1842 4920 πλη-

245 4944 363 4993 σίον
411 4939 862 4994 ἀποδιίστασθαι.
922 4939 1028 4992 Τὸν
1077 4939 1130 4990 δὲ
1191 4943 1370 5009 πῆχυν
1403 4942 1494 4992 τοῦ
1527 4940 1721 4993 Νείλου
1761 4940 1841 5008 τῷ

245 5033 532 5102 Σαράπιδι
571 5031 812 5083 ἀνετίθει
864 5029 1042 5093 αὖθις·
1099 5033 1192 5082 καὶ
1246 5032 1314 5084 τὰ
1365 5033 1427 5083 ἐκ
1461 5032 1696 5083 παλαιοῦ
1728 5032 1841 5084 πά-

241 5141 396 5193 τρια,
426 5122 465 5175 ἃ.
498 5107 912 5184 Κὶυνσταντίνος
949 5121 1198 5174 εὐσεϐεῖν
1236 5122 1566 5191 προτρέπων
1595 5124 1658 5192 τῇ
1692 5123 1824 5192 Χρι-

245 5215 378 5268 στοῦ
426 5214 734 5283 Ἐκκλησία
781 5213 1084 5284 προσῆγεν.
1130 5215 1227 5276 Ἃς
1294 5215 1394 5282 μὲν
1445 5213 1537 5267 οὖν
1584 5215 1693 5266 τῶν
1739 5216 1837 5267 πό-

245 5309 389 5359 λεων
452 5307 761 5372 ἑλληνίζειν
825 5307 1134 5374 ἐμάνθανεν
1157 5347 1169 5365 ,
1212 5307 1278 5369 ἃς
1310 5307 1604 5377 ἠϐούλοντο
1631 5309 1839 5377 δωρεὰς

245 5403 417 5470 χύδην
458 5400 634 5452 ἐδίδου
663 5416 677 5431 ·
716 5398 782 5461 ἃς
831 5399 889 5452 δέ
947 5400 1074 5469 περὶ
1101 5400 1200 5471 τὴν
1231 5401 1471 5469 Χριστοῦ
1503 5401 1686 5453 πίστιν
1718 5403 1839 5466 Osp-

246 5497 499 5567 μοτέρας
552 5493 731 5561 ἐνόει,
784 5493 1024 5557 ἐκείναις
1055 5493 1164 5565 ἄρα
1214 5493 1301 5546 διὰ
1358 5494 1548 5562 μίσους
1589 5489 1689 5566 ἦν·
1743 5496 1838 5547 καὶ

317 5654 400 5720 (l)
460 5652 833 5709 Philochorus
885 5653 1061 5716 dicit,
1126 5653 1490 5709 Erichthonio
1553 5665 1834 5723 regnante,

244 5726 492 5777 Athenis
553 5724 794 5790 primum
849 5726 1228 5795 constitutum
1278 5741 1421 5787 esse.
1476 5737 1533 5779 ut
1594 5727 1839 5795 virgines

243 5795 528 5863 dignitate
565 5803 896 5864 prastantes
931 5796 1170 5850 canistra
1203 5794 1406 5864 Junoni
1447 5796 1562 5851 deae
1602 5794 1833 5850 [ντὶ-ειη.

243 5865 301 5920 ιη
336 5864 550 5934 (ιυίὺυε
603 5879 666 5920 ea
723 5874 905 5932 erant,
953 5881 1074 5937 qua:
1130 5865 1197 5921 ad
1249 5867 1538 5932 sacriﬁcia,
1571 5867 1845 5924 Panathe-

2010 3371 2182 3424 Porro
2213 3387 2338 3424 cum
2380 3373 2532 3426 solus
2574 3388 2763 3427 rerum
2805 3375 3105 3445 potiretur,
3139 3378 3325 3432 statim
3360 3394 3515 3447 qua:-

1940 3478 2158 3531 cunque
2195 3465 2247 3516 in
2279 3463 2504 3518 Oriente
2537 3467 2810 3520 idolorum
2847 3470 3047 3536 templa
3088 3470 3302 3538 reliqua
3335 3468 3513 3535 fuere,

1939 3557 2158 3622 aperuit
2190 3573 2204 3610 :
2239 3567 2295 3609 et
2325 3572 2447 3625 quae
2483 3559 2850 3627 negligentius
2882 3570 3069 3614 curata
3107 3561 3388 3624 fuissent,
3423 3563 3512 3616 in-

1940 3649 2180 3702 staurari
2245 3651 2430 3717 jussit.
2490 3651 2545 3705 Si
2609 3668 2731 3720 quae
2783 3663 2968 3705 autem
3034 3669 3260 3722 prorsus
3323 3655 3511 3710 diruta

1939 3751 2156 3807 essent,
2186 3740 2373 3795 denuo
2405 3757 2468 3797 ea
2503 3743 2714 3796 exstrui
2751 3745 3012 3813 prazccpit
3034 3785 3048 3808 ,
3082 3760 3208 3799 aras
3245 3761 3513 3814 repurga-

1940 3836 2039 3898 vit,
2083 3843 2139 3888 et
2164 3845 2379 3890 veteres
2411 3837 2620 3891 reditus
2648 3837 2812 3890 nobis
2836 3839 3117 3899 auferens,
3151 3839 3261 3892 illis
3289 3855 3509 3893 rursum

1923 3928 2200 3981 sacravit.
2234 3928 2508 3996 Antiquos
2543 3928 2765 3982 urbium
2799 3930 2962 3990 ritus,
3004 3929 3183 3997 prisca
3221 3931 3511 3995 sacriﬁcia,

1938 4028 1994 4074 et
2028 4035 2256 4074 vesanas
2292 4019 2534 4088 ineptias
2572 4021 2882 4074 renovavit.
2921 4020 3110 4089 Neque
3147 4037 3273 4075 eum
3319 4023 3515 4092 puduit

1942 4111 2161 4177 publice
2198 4109 2308 4163 diis
2340 4110 2678 4166 sacriﬁcare.
2727 4111 2791 4164 Et
2830 4112 3135 4167 identidem
3170 4114 3386 4180 libans,
3420 4116 3515 4184 qui

1941 4218 2066 4257 cum
2110 4218 2176 4256 eo
2228 4203 2502 4272 ejusmodi
2554 4205 2729 4258 sacris
2779 4205 3074 4268 vacabant,
3114 4221 3210 4260 eos
3261 4210 3517 4262 maximis

1942 4305 2026 4350 est
2059 4306 2385 4363 prosecutus
2429 4296 2760 4351 honoribus.
2809 4297 3016 4351 Rerum
3051 4312 3334 4352 sacrarum
3372 4315 3519 4368 pra:-

1942 4389 2100 4443 l'ectis
2122 4431 2135 4455 ,
2171 4390 2594 4452 sacerdotibus,
2628 4401 2687 4445 et
2726 4390 3061 4459 caneplioris
3091 4390 3190 4461 (l),
3240 4408 3360 4458 quze
3391 4408 3522 4446 con-

1944 4482 2180 4536 suetudo
2213 4483 2394 4551 prisca
2440 4484 2661 4542 tulerat.
2711 4481 2893 4545 dedit,
2943 4492 2999 4535 et
3042 4483 3374 4538 auctoritate
3419 4500 3519 4539 sua

1946 4591 2039 4628 eos
2059 4573 2406 4629 conﬁrmavit
2433 4594 2445 4629 :
2484 4575 2535 4628 id
2569 4576 2712 4643 quod
2740 4584 2868 4628 ante
2889 4575 3316 4631 Constantinum
3350 4579 3521 4646 impe-

1947 4676 2162 4721 ratores
2221 4682 2443 4737 quoque
2505 4668 2598 4721 alii
2659 4667 2928 4723 fecerant.
2989 4669 3177 4723 Rebus
3243 4671 3518 4740 ejusmodi

1943 4759 2308 4822 vacantibus,
2362 4759 2768 4814 immunitatem
2834 4761 3171 4813 tributorum
3235 4765 3521 4816 sanctione

1943 4851 2120 4910 dedit.
2150 4866 2427 4904 annonam
2455 4853 2787 4922 templorum
2816 4866 3218 4922 sacrorumque
3251 4854 3524 4908 ministris

1943 4945 2168 4999 donavit
2201 4961 2212 4997 :
2247 4953 2303 4999 et
2348 4953 2407 4998 ut
2455 4945 2576 5013 puri
2608 4945 2725 4998 sive
2759 4945 3098 5000 sacrosancti
3131 4955 3359 5009 essent,
3399 4946 3518 5016 lc-ge

1944 5037 2051 5092 lata
2086 5037 2252 5101 cavit,
2283 5046 2339 5091 et
2373 5037 2442 5089 ab
2477 5037 2602 5091 aliis
2632 5037 2955 5090 hominibus
2985 5054 3082 5091 eos
3117 5037 3376 5093 secrevit.
3412 5040 3517 5094 N‘li

1943 5129 2194 5183 cubitum
2242 5128 2495 5198 Serapidi
2542 5130 2646 5183 deo
2693 5128 2980 5193 restituit,
3033 5139 3087 5183 et
3119 5140 3333 5183 vetusta
3383 5147 3521 5200 pra:-

1944 5231 2092 5276 terea
2119 5222 2406 5290 patriaque
2427 5223 2574 5288 jura,
2603 5236 2724 5289 qua:
2748 5219 3169 5280 Constantinus.
3204 5221 3354 5274 cives
3386 5238 3518 5276 suos

1942 5313 2011 5368 ad
2070 5329 2252 5367 veratn
2310 5316 2569 5383 pietatem
2625 5315 2955 5378 cohortaris,
3005 5313 3264 5368 Ecclesia:
3311 5315 3515 5370 Christi

1944 5409 2237 5463 tribuerat.
2289 5408 2572 5473 Urbibus,
2617 5423 2755 5477 quas
2798 5423 2953 5462 sacra
3001 5408 3317 5462 Graecorum
3358 5410 3516 5477 sequi

1941 5500 2310 5569 cognovisset,
2334 5513 2471 5566 quas
2495 5498 2717 5552 voluere
2737 5497 3067 5551 donationes
3090 5496 3301 5550 affatim
3329 5497 3506 5552 dedit:

1941 5652 2118 5708 naicis
2179 5651 2411 5721 aliisque
2463 5649 2832 5704 conventibus
2892 5652 3223 5719 peragenda.
3272 5651 3516 5719 pertine-

1943 5725 2096 5778 bant.
2130 5722 2330 5786 tSuid.)
2367 5722 2630 5773 llicuntur
2673 5721 2753 5773 hie
2777 5723 3102 5786 κανηφόροι,
3137 5725 3238 5773 hoc
3266 5731 3369 5782 est.
3413 5721 3519 5775 Ca-

1942 5793 2253 5848 nistriferaa.
2290 5791 2467 5844 Cicer.
2517 5808 2532 5846 :
2587 5790 2731 5844 [Iube
2785 5793 3130 5860 rauephoras,
3178 5791 3395 5845 deorum
3444 5793 3491 5844 si

1878 5912 1880 5914 ,
1941 5863 2177 5920 mulacra
2219 5864 2446 5918 restitue.
