4286 6438
751 390 856 450 447

1989 402 2408 465 NICEPIIORI
2453 403 2790 464 CALLlSTI

3898 396 4008 460 448

755 525 894 578 quas
932 519 1113 563 autem
1153 509 1206 564 in
1256 510 1462 568 Cliristi
1515 512 1780 584 religione
1826 515 2175 571 ardentiores
2210 531 2329 570 esse
2366 519 2402 574 Α
2436 535 2447 568 ι

2285 531 2329 569 se
2366 519 2402 574 Α
2436 515 2550 568 οὔτ’
2580 515 2869 585 ἐπιδημεῖν
2919 516 3111 576 αὑταῖς
3163 513 3377 583 ἢθελεν.
3414 511 3522 563 Kal
3560 507 3852 578 πρεσϐείας
3882 509 3977 560 πο).

756 604 948 665 sciret,
996 601 1230 656 infestus
1275 603 1358 657 eis
1400 602 1538 670 fuit,
1593 622 1770 676 neque
1804 608 1870 661 ad
1920 624 2013 662 eas
2046 609 2328 662 divertere

758 693 951 747 voluit.
990 694 1053 747 Et
1086 709 1324 762 persaepe
1357 709 1483 748 cum
1520 698 1821 766 legationes
1856 701 1920 754 ad
1951 717 2077 755 enm
2109 713 2330 770 propter

760 799 948 835 casum
984 785 1220 853 aliquem
1258 786 1352 855 qui
1392 787 1706 852 incidisset,
1742 792 2108 859 previnciales
2146 795 2331 848 mitte-

760 886 917 936 rent,
973 892 1166 944 preces
1217 894 1406 932 eorum
1458 881 1669 950 rejecit.
1726 883 1880 949 Quod
1935 901 2065 939 sane
2118 887 2330 942 civitati

760 967 1036 1022 Nisibenre
1088 970 1312 1027 accidit.
1369 973 1474 1045 14
1528 974 1666 1029 Cum
1723 978 1872 1032 enim
1926 980 2329 1048 expeditionem

763 1060 1030 1114 adversus
1075 1075 1171 1116 eos
1220 1063 1399 1118 Persa:
1449 1080 1846 1137 susceperunt,
1899 1079 1955 1125 et
2005 1072 2108 1141 ipsi
2155 1088 2218 1126 ea
2265 1073 2332 1128 de

763 1164 927 1202 causa
963 1161 1215 1208 oratores
1247 1171 1382 1212 suos
1415 1158 1481 1212 ad
1514 1175 1639 1214 eum
1681 1161 1984 1229 miserunt,
2029 1181 2135 1219 non
2171 1165 2333 1220 modo

764 1241 1028 1294 auxilium
1068 1245 1152 1298 eis
1192 1245 1334 1302 ferre
1378 1250 1578 1314 noluit,
1622 1254 1715 1306 sed
1751 1255 1918 1308 etiam
1955 1256 2193 1310 minatus
2225 1267 2328 1321 est,

765 1343 822 1382 se
852 1331 1042 1384 urbem
1074 1348 1194 1389 eam
1226 1339 1403 1393 oculis
1437 1343 1553 1394 suis
1593 1358 1700 1396 non
1734 1345 1979 1399 visurum
2004 1386 2020 1412 ,
2055 1363 2232 1416 neque
2264 1363 2332 1403 eo

765 1431 1083 1487 venturum,
1146 1435 1203 1478 ut
1266 1444 1386 1496 qua:
1443 1446 1600 1486 sacra
1655 1443 1710 1488 et
1764 1435 2086 1490 detestanda
2139 1447 2330 1504 esset,

767 1524 947 1578 neque
991 1518 1188 1585 templa
1226 1517 1456 1575 deorum
1490 1526 1741 1592 aperire,
1774 1538 1869 1580 aut
1899 1529 2214 1584 Graecorum
2249 1546 2334 1585 re-

767 1601 1028 1664 ligionem
1085 1611 1370 1678 suscipere
1421 1615 1609 1669 vellet.
1663 1618 1728 1671 Et
1777 1618 2228 1677 Constantienses
2278 1622 2332 1677 in

765 1692 1049 1749 Palzestina
1073 1701 1265 1753 eodem
1299 1707 1518 1759 nomine
1547 1724 1800 1777 arguens,
1829 1712 2109 1767 civitatem
2140 1730 2331 1769 eorum

765 1785 972 1840 Cazzeis
1038 1791 1328 1860 subjecit:
1385 1795 1762 1853 Constantiam
1831 1818 2106 1873 namque,
2169 1806 2331 1860 sicuti

765 1892 927 1944 supra
979 1881 1250 1945 diximus,
1296 1902 1421 1940 cunt
1474 1887 1792 1946 Gazaeorum
1827 1897 2022 1950 navale
2069 1907 2238 1959 esset.
2283 1868 2412 1953 etB

767 1965 1001 2035 Majuma
1032 1982 1343 2036 vocaretur,
1366 1974 1782 2044 Constantinus,
1806 1994 2030 2051 propter
2057 1987 2334 2057 egregium

767 2061 887 2127 ejus
944 2063 994 2114 in
1052 2064 1156 2118 (ide
1205 2067 1519 2123 Christiana
1572 2073 1864 2140 "ardorem,
1915 2078 2038 2147 jure
2094 2081 2338 2135 civitatis

769 2154 1165 2219 exdrnaverat,
1215 2167 1269 2210 et
1308 2161 1416 2212 ﬁlio
1450 2161 1777 2219 Constantio
1813 2168 2088 2234 dicatam,
2125 2171 2339 2240 legibus

770 2246 884 2294 suis
925 2246 1000 2298 uti
1037 2262 1132 2314 per
1180 2253 1629 2308 constitutionem
1670 2259 1951 2327 jusserat:
1992 2264 2174 2318 minus
2205 2281 2342 2320 con-

769 2332 960 2384 venire
995 2335 1314 2402 arbitratus,
1343 2351 1400 2392 ut
1431 2358 1492 2394 ea
1525 2343 1702 2407 Cane,
1735 2348 1946 2400 civitati
1979 2347 2184 2403 Graecis
2217 2352 2337 2403 riti-

771 2422 875 2475 bus
929 2425 1225 2481 admodum
1279 2433 1550 2495 addietze,
1601 2438 1844 2507 subjecta
1905 2450 2071 2494 esset.
2126 2444 2194 2494 At
2244 2443 2338 2496 ubi

768 2513 1024 2571 Julianus
1052 2522 1340 2591 imperium
1373 2535 1459 2580 est
1489 2539 1840 2597 consecutus,
1871 2530 2045 2586 Gauri
2074 2534 2340 2588 adversus

769 2608 1221 2670 (lonsmntienses
1261 2618 1383 2684 jure
1416 2629 1665 2688 egerunt.
1702 2622 1948 2685 Quorum
2001 2624 2115 2692 ipse
2146 2626 2337 2694 jndex,

772 2702 937 2754 siculi
963 2713 1120 2757 antea
1149 2706 1346 2770 fuerat,
1381 2709 1454 2761 ita
1478 2709 1858 2765 Constantiam
1882 2710 1991 2782 juri
2020 2714 2338 2769 Gazmorum

771 2791 840 2844 ad
872 2793 1061 2861 viginti
1101 2797 1275 2849 stadia
1321 2799 1388 2851 ab
1441 2801 1573 2868 ipsis
1605 2800 1942 2868 distantem,
1975 2803 2339 2873 adjudicavit.

770 2887 1076 2941 Constantii
1130 2906 1348 2958 quoque
1398 2894 1821 2960 appellationem
1879 2895 1930 2950 ei
1987 2898 2231 2959 ademit.
2286 2909 2342 2952 et

774 2988 992 3044 portum
1031 2981 1186 3035 Gazae
1220 2985 1452 3036 vocavit.
1493 2987 1554 3037 l:.t
1589 3003 1758 3040 unum
1794 2997 2024 3056 utraque
2056 2991 2172 3044 loca
2207 3006 2343 3060 pra:-

771 3069 999 3136 fcctum,
1044 3075 1375 3146 eosdemque
1405 3079 1758 3147 magistratus
1786 3081 2054 3136 habuere.
2088 3082 2343 3137 Ecclesiae

772 3163 900 3218 solae
931 3164 1066 3220 duas
1097 3182 1220 3222 esse
1253 3169 1508 3226 civitates
1540 3174 1834 3228 ostendere
1861 3192 1875 3228 :
1926 3185 2161 3246 utraque
2193 3176 2339 3229 enim

774 3255 877 3308 sub
907 3272 1006 3309 suo
1037 3259 1173 3314 vixit
1205 3261 1466 3330 episcopo
1499 3271 1554 3317 et
1582 3264 1761 3329 clero,
1799 3272 1854 3320 et
1885 3263 2020 3319 ﬁnes
2052 3268 2335 3322 ambarum

775 3350 975 3417 templa
1006 3349 1272 3421 cujusque
1301 3353 1679 3424 designarunt.
1708 3355 1981 3411 Cmterum
2014 3345 2337 3415 Gazieorum

772 3440 996 3507 quidam
1026 3444 1320 3511 episcopus
1349 3455 1562 3513 postea,
1589 3463 1711 3501 cum
1747 3463 1882 3502 suus
1910 3449 2052 3518 apud
2092 3449 2342 3519 Majumi-

778 3543 859 3584 tas
904 3534 1134 3587 antistes
1175 3535 1504 3590 decessisset
1529 3575 1543 3600 ,
1592 3539 1696 3593 hoc
1744 3540 1876 3609 egit,
1909 3549 1968 3593 ut
2006 3552 2252 3610 utraeque
2287 3543 2341 3597 in

777 3637 937 3674 unam
984 3625 1268 3677 ecclesiam
1322 3627 1741 3695 redigerentur:
1789 3645 1895 3684 non
1945 3647 2164 3700 aequum
2220 3647 2342 3687 esse

776 3715 987 3778 ditcns,
1045 3726 1101 3769 ut
1154 3718 1264 3770 duo
1303 3728 1490 3772 essent
1541 3721 1591 3773 in
1646 3738 1752 3777 una
1799 3723 2024 3778 civitate
2070 3725 2339 3794 episcopi.

774 3807 873 3860 Cui
909 3825 1031 3860 cum
1081 3809 1371 3879 Majumitae
1423 3814 1781 3880 resisterent,
1833 3816 2077 3886 synodus
2122 3818 2343 3884 provin-

776 3901 930 3952 cialis
981 3912 1124 3954 recte
1171 3918 1283 3956 rem
1337 3904 1576 3969 decidit,
1626 3917 1682 3959 et
1732 3923 1890 3961 suum
1946 3910 2193 3976 Majumte
2226 3912 2345 3977 epi-

777 4011 1002 4062 svopnm
1057 3996 1373 4050 ordinavit:
1431 4000 1731 4054 convenire
1785 4003 2090 4065 arbitrata,
2146 4012 2203 4055 ut
2254 4002 2348 4070 qui

776 4087 945 4139 semel
977 4100 1004 4138 a
1040 4088 1128 4155 pio
1153 4087 1506 4155 imperatore,
1542 4100 1764 4158 propter
1796 4107 1974 4145 veram
2005 4093 2344 4161 religionem,

778 4177 1043 4243 primario
1071 4178 1456 4247 civilatisjnre
1501 4179 1754 4234 honorati
1787 4191 2007 4245 essent,
2056 4198 2164 4234 non
2198 4181 2345 4234 aliud

778 4284 870 4334 per
907 4268 1055 4336 impii
1089 4269 1356 4338 principis
1396 4271 1668 4340 judicium
1704 4284 2077 4340 sequerentur
2115 4283 2170 4326 et
2199 4273 2347 4326 face-

779 4368 918 4413 rent.
954 4361 1189 4415 Proinde
1239 4363 1342 4415 illie
1392 4364 1588 4416 merito
1633 4364 1875 4427 honore,
1926 4367 2020 4433 qni
2057 4365 2223 4418 semel
2265 4364 2347 4418 eis

2438 607 2596 669 λάκις
2646 607 2757 657 τῶν
2811 604 3118 678 ἐπιχτυρῖιυκν
3178 605 3476 657 ποιούντων
3526 601 3714 653 δεινῶν
3769 616 4009 667 προσπι-

2437 700 2705 764 πτόντων,
2729 700 2816 750 τὸν
2848 697 3052 750 ἱκέσιον
3079 697 3339 767 ἀπηξίου.
3363 691 3461 748 υἷα
3489 694 3551 764 δὴ
3574 694 3666 746 καὶ
3695 691 4010 758 Νισιϐηνοῖς

2437 792 2731 859 ἐπεγένετο
2754 808 2766 821 ⁸
2807 789 3167 857 ἠγγελμένων
3212 789 3322 857 γὰρ
3353 786 3770 855 ἐπιστρατεύειν
3800 787 4012 844 τούτοις

2440 888 2669 958 Περσῶν
2734 886 3034 956 πρεσϐείαν
3103 885 3370 945 στεεέκαςι,
3433 882 3619 945 μέντοι
3673 897 3735 948 γε
3796 879 4012 948 βοηθεῖν

2437 979 2654 1047 ἕτοιμος
2690 975 2795 1046 ἦν,
2860 978 2976 1030 ἀλλ’
3011 977 3229 1044 ἠπείλει
3294 974 3420 1043 μηδ’
3476 973 3633 1040 ὄψεσι
3691 971 3789 1042 τὴν
3853 971 4010 1021 πόλιν

2441 1072 2592 1134 ἰδεῖν,
2624 1070 2750 1140 μηδ’
2783 1072 2840 1122 ἐν
2875 1071 3012 1138 αὐτῇ
3045 1068 3305 1136 φοιτῆσαί
3342 1084 3492 1125 ποτε,
3533 1060 3623 1118 οἷα
3649 1064 3712 1132 δὴ
3751 1063 3919 1131 ἐναγῆ
3951 1078 4010 1112 τε

2439 1161 2626 1227 οὖσαν,
2652 1163 2728 1221 ὠς
2764 1162 2838 1232 μὴ
2871 1160 2941 1212 τὰ
2971 1160 3080 1213 τῶν
3117 1159 3256 1212 θεῶν
3289 1158 3411 1225 ἱερὰ
3453 1157 3771 1223 ἀνοίγουσι,
3807 1155 3900 1206 καὶ
3946 1153 4014 1205 τὰ

2439 1253 2804 1324 νενομισμένα
2861 1250 3124 1321 ’Ἑλλησιν
3184 1249 3535 1319 αἱρουμένοις
3623 1247 3821 1300 ποιεῖν.
3903 1243 4016 1295 Καὶ

2439 1343 2887 1399 Κωνσταντιεῦσι
2935 1343 2992 1395 δὲ
3044 1344 3156 1404 τοῖς
3185 1342 3241 1392 ἐν
3273 1338 3614 1408 Παλαιστίνῃ
3645 1337 3713 1388 τὰ
3746 1339 3837 1390 [σα
3872 1352 4015 1402 μεμ-

2441 1435 2702 1504 φόμενος,
2733 1433 2840 1487 ὑπὸ
2886 1433 3068 1496 Γάζαν
3115 1431 3213 1499 τὴν
3264 1429 3446 1483 αύτῶν
3483 1427 3782 1496 πεποίηται
3834 1426 4011 1477 πόλιν.

2445 1528 2557 1596 Τὴν
2587 1524 2694 1594 γὰρ
2745 1523 3045 1593 εἰρημένην
3077 1520 3489 1582 Κωνσταντίαν,
3541 1518 3615 1580 ὡς
3671 1518 3865 1587 μικρὸν
3921 1518 4017 1584 ἔμ-

2439 1619 2680 1688 προσθεν
2728 1615 2970 1686 εἴρηται,
3011 1613 3266 1675 Γαζαίων
3315 1607 3483 1665 οὖσαν
3518 1610 3781 1672 ἐπίνειον,
3810 1609 4016 1662 Maton-

2444 1713 2551 1780 μᾶς
2599 1709 2646 1762 δ’
2689 1710 2935 1762 ἐκαλεῖτο
2991 1707 3305 1777 πρότερον,
3363 1703 3554 1774 μαθὼν
3607 1704 4018 1765 Κωνσταντῖνος

2446 1805 2682 1872 μάλιστα
2711 1802 2803 1854 τὸν
2849 1797 3289 1871 Χριστιανισμδν
3338 1796 3696 1867 αἱρουμένην,
3736 1794 3876 1864 γέρα
3925 1795 4016 1846 πό-

2440 1898 2577 1958 λεως
2625 1895 2910 1966 ἐχαρίζετο
2938 1934 2952 1957 ,
2996 1891 3121 1945 καθ’
3147 1890 3348 1959 ἑαυτήν
3379 1905 3436 1941 τε
3484 1883 3624 1939 εἶναι
3664 1885 4016 1953 ἐνομοθέτει,

2443 1989 2808 2058 Κωνσταντίῳ
2835 1988 2915 2057 τῷ
2953 1987 3112 2040 παιδὶ
3143 1985 3480 2054 ἀναθέμενος
3507 2000 3521 2016 ⁸
3562 1984 3636 2051 μὴ
3671 1985 3836 2035 καλὸν
3881 1984 4021 2050 ἡγη-

2442 2081 2673 2149 σάμενος
2709 2079 2812 2130 ὑπὸ
2843 2079 3024 2141 Γάζαν
3083 2072 3230 2128 εἶναι
3285 2075 3439 2126 πόλιν
3480 2072 3673 2133 δεινῶς
3710 2070 4020 2139 ἑλληνίζου-

2444 2191 2564 2226 σακε.
2619 2172 2706 2233 Ὠς
2764 2172 2819 2224 δὲ
2873 2169 3165 2230 Ἰουλιανὸς
3204 2168 3302 2235 τὴν
3353 2166 3634 2235 βασιλείαν
3685 2164 3775 2232 ὑφ’
3825 2163 4018 2216 ἐαυτὸν

2442 2268 2702 2324 ἐποιεῖτο,
2737 2262 2961 2327 Γαζαῖοι
3019 2259 3460 2314 Κωνσταντιεῦσι
3505 2256 3873 2320 διεδικαζοντο
3895 2273 3908 2286 °
3937 2251 4011 2308 ὧν

2440 2357 2702 2426 δικαστὴς
2739 2358 2945 2416 ἐκεῖνος
2974 2353 3293 2422 γενόμενος,
3324 2355 3405 2415 είς
3438 2353 3499 2405 τὸ
3527 2356 3818 2420 πρότερον,
3852 2350 4018 2402 πάλιν

2443 2450 2546 2500 ὺπῆ
2583 2448 2759 2507 Γάζαν
2790 2447 3009 2515 ἐκείνην
3049 2445 3250 2508 ἐποίει,
3288 2444 3538 2505 σταδίους
3579 2443 3748 2512 αὐτῆς
3801 2442 4019 2509 διεστη-

2443 2545 2600 2594 κυίαν
2659 2541 2805 2608 ἀμφὶ
2855 2540 2983 2601 τοὺς
3041 2540 3273 2590 εἴκοσιν.
3322 2528 3535 2604 Ἀφεῖλέ
3596 2553 3656 2588 τε
3695 2537 3792 2588 καὶ
3824 2535 3883 2588 τδ
3919 2535 4022 2602 τῆς

2445 2630 2826 2683 Κωνσταντίου
2864 2629 3246 2697 προσηγορίας
3309 2627 3482 2695 ὄνομα
3509 2669 3521 2689 ,
3559 2626 3654 2678 καὶ
3687 2626 3885 2693 λιμένα
3920 2625 4021 2692 τῆς

2441 2723 2617 2790 Γάζης
2668 2722 2938 2789 ὠνόμαζε.
2983 2722 3093 2774 Καὶ
3135 2721 3308 2773 κοινοί⁸
3348 2723 3534 2781 αὐτοῖς
3577 2722 3670 2772 καὶ
3712 2720 4020 2787 στρατηγὸξ

2444 2819 2535 2866 καὶ
2567 2815 2616 2866 οἳ
2657 2817 2724 2867 τὰ
2781 2815 3020 2884 δημόσια
3076 2814 3329 2875 διώκουν,
3389 2809 3533 2883 ἦσαν
3584 2814 3791 2874 αὐτοῖς·
3841 2813 3911 2864 τά.
3955 2830 4020 2875 γε

2446 2909 2554 2979 μὴν
2593 2908 2690 2974 τῆς
2723 2907 3052 2973 Ἐκκλησίας
3087 2909 3224 2975 μόνα
3259 2907 3351 2958 δύο
3394 2905 3580 2967 πόλεις
3623 2903 3767 2957 εἶναι
3810 2921 4023 2974 τεκμη-

2446 2997 2572 3066 ριοῖ.
2609 2994 2720 3048 Kal.
2765 2996 2874 3061 γὰρ
2909 2995 3152 3062 ἑκατέρα
3204 2995 3356 3055 πόλις
3393 2994 3496 3045 ὑπὸ
3540 2993 3668 3046 ῐδιον
3720 2995 4024 3046 ἐπίσκοπον

2443 3084 2589 3136 τελεῖ
2623 3085 2718 3136 καὶ
2770 3083 2996 3154 κλῆρον·
3051 3083 3145 3136 καὶ
3196 3084 3324 3154 ὅρια
3379 3083 3589 3153 ἑκάστῃ
3640 3083 3790 3135 ἐστὶν
3824 3078 3906 3144 οἷς
3957 3084 4025 3135 τὰ

2447 3179 2651 3245 ἀμφοῖν
2683 3177 3049 3245 θυσιαστήρια
3084 3175 3387 3244 διορίζεται
3413 3190 3428 3205 ο
3465 3175 3597 3227 ποτέ
3632 3174 3687 3225 δέ
3724 3190 3870 3235 τινος
3911 3172 4024 3224 σιῶν

2447 3269 2700 3332 Γαζαίων
2751 3269 3092 3332 ἐπισκόπων,
3151 3267 3252 3333 τῆς
3304 3265 3669 3336 Μαιουμιτῶν
3720 3264 4025 3332 ἐκκλησίας

2445 3358 2702 3419 θανόντος
2733 3354 2828 3408 τοῦ
2857 3355 3187 3413 ἐπισκόπου.
3228 3353 3396 3422 ἄμφω
3424 3353 3524 3415 τὰς
3555 3350 3858 3420 ἐκκλησίας
3891 3353 4026 3420 μίαν

2447 3451 2676 3518 ποιῆσαι
2719 3449 2808 3501 διὰ
2859 3446 3098 3515 σπουδῆς
3135 3442 3267 3515 εἶχε·
3301 3445 3435 3514 μηδὲ
3485 3445 3594 3513 γὰρ
3625 3441 3766 3497 εἶναι
3813 3444 4025 3496 δίκαιον

2444 3540 2631 3604 ἔλεγεν
2679 3542 2737 3591 ἐν
2788 3541 2884 3608 μιᾷ
2928 3537 3080 3590 πόλει
3114 3537 3208 3589 δύο
3253 3537 3590 3596 ἐπισκόπους
3634 3534 4022 3589 καθίστασθαι.

2448 3631 2820 3700 Μαιουμητῶν
2877 3630 2920 3682 δ’
2971 3628 3357 3697 ἐνισταμένων,
3389 3628 3449 3678 τὸ
3482 3627 3601 3679 δέον
3641 3626 3846 3695 τοπικη
3894 3625 4025 3676 σύν-

2449 3723 2565 3786 οδος
2614 3723 2905 3791 διηυθὲτει.
2953 3722 3063 3773 Καὶ
3095 3721 3283 3787 ἕτερον
3329 3719 3413 3786 τῷ
3450 3719 3711 3787 Μαιουμᾷ
3744 3719 4027 3787 ἐχειροτό-

2452 3835 2532 3867 νει
2568 3817 2867 3868 ἐπίσκοπον
2891 3854 2906 3878 ,
2966 3813 3250 3881 προσῆκον
3286 3807 3429 3863 εἶναι
3481 3813 3808 3877 διεγνωκυῖα
3831 3850 3845 3874 ,
3897 3811 4030 3873 τοὺς

2452 3909 2711 3974 καθάπαξ
2767 3909 2872 3959 ὑπὸ
2925 3906 3144 3958 εύσεὸεῖ
3190 3904 3401 3973 βασιλεῖ
3431 3903 3518 3954 διὰ
3548 3903 3648 3972 τὴν
3680 3903 3856 3970 άληθῆ
3889 3904 4026 3971 θρη-

2447 4002 2638 4052 σκείαν
2697 3997 2996 4068 πρεσϐείου
3063 3997 3272 4057 πόλεως
3327 3995 3661 4064 τιμηθέντας
3721 3993 3796 4061 μὴ
3848 3995 4027 4056 ἄλλως

2445 4094 2708 4160 πράττειν
2757 4089 3033 4156 αἱρεῖσθαι
3085 4088 3174 4140 διὰ
3232 4088 3416 4155 κρίσιν
3463 4086 3693 4147 ἀσεϐοῦς
3733 4085 4023 4153 βασιλέως·

2443 4184 2642 4252 χρῆναι
2695 4182 2738 4234 δ’
2775 4183 2869 4250 ἐᾷν
2903 4183 3046 4234 κατὰ
3084 4181 3289 4249 χώραν,
3325 4181 3433 4231 τῶν
3468 4179 3728 4242 καθάπαξ
3756 4179 4031 4230 δοθέντων

2443 4275 2714 4342 ἐκκλησίᾳ
2763 4273 2985 4333 δικαίως
3023 4272 3317 4324 ἀπολαύειν
3351 4270 3554 4340 γερῶν.
3591 4269 3765 4322 Τοῦτο
3799 4271 3900 4338 μὲν
3932 4270 4029 4321 οὖν

2442 4365 2607 4434 ὀλίγῳ
2639 4365 2854 4430 ἐγένετο
2883 4364 3130 4431 ὕστερον.

778 4455 940 4509 (latus
987 4468 1164 4520 esset,
1215 4460 1465 4512 ecclesiae
1510 4458 1870 4523 fruerentur,
1913 4469 1970 4515 et
2011 4477 2098 4514 res
2141 4477 2203 4515 ea
2245 4461 2366 4515 loco
2408 4476 2509 4514 suo
2579 4461 2805 4513 immota
2853 4469 3118 4513 maneret.
3171 4461 3346 4528 Atque
3396 4459 3499 4512 hoc
3542 4458 3765 4527 quidem
3799 4460 3876 4511 sic
3917 4475 4030 4510 non

776 4548 934 4620 longe
970 4562 1092 4619 post
1123 4561 1205 4604 est
1236 4562 1440 4607 actum.

849 4646 1051 4699 Eodem
1109 4661 1254 4699 anno
1313 4647 1697 4716 Cappadocum
1753 4665 1977 4718 quoque
2037 4650 2340 4705 Cmsaream
2374 4655 2424 4715 D
2523 4645 2541 4698 Ἱ

2335 4670 2340 4705 ι
2374 4655 2424 4715 1)
2523 4644 2630 4698 Τοῦ
2681 4643 2727 4698 δ’
2755 4642 2920 4695 αὑτοῦ
2949 4643 3103 4705 ἔτους
3138 4641 3230 4693 καὶ
3277 4641 3372 4709 τὴν
3399 4641 3784 4695 Καππαδοκῶν
3814 4644 4027 4697 Καισά-

780 4738 969 4791 urbem
1020 4753 1267 4805 magnam
1302 4747 1357 4791 et
1405 4739 1751 4806 locupletem,
1794 4740 2046 4795 Julianus
2078 4758 2106 4796 e
2151 4743 2342 4797 civita-

779 4838 889 4881 tum
915 4828 1038 4881 albo
1061 4831 1343 4896 expunxii,
1371 4841 1424 4883 et
1444 4830 1672 4884 Caesaris
1691 4833 1738 4884 ei
1764 4847 2066 4900 ceguomen
2094 4835 2343 4887 abstulit.

782 4919 881 4988 15
934 4921 1169 4973 Primum
1229 4921 1377 4974 enim
1446 4923 1713 4977 Mazacam
1767 4939 1886 4978 eam
1941 4936 2185 4979 vocatam
2241 4926 2340 4994 (2),

775 5011 1034 5064 Claudius
1067 5011 1246 5066 Ciesar
1277 5015 1645 5081 appellatione
1693 5025 1895 5069 mutata
1920 5056 1934 5079 ,
1977 5018 2201 5071 nomine
2237 5033 2340 5071 suo

775 5103 1174 5156 cohonestavit.
1223 5103 1451 5157 Summo
1486 5116 1672 5158 autem
1721 5107 2006 5161 civitatem
2056 5122 2179 5160 eam
2216 5107 2344 5160 odio

779 5193 1212 5259 pursequebatur
1257 5203 1554 5263 tyrannus,
1608 5195 1756 5264 quod
1804 5206 2030 5265 pr0pter
2076 5198 2342 5251 eximium

779 5285 832 5337 in
863 5283 1141 5338 Christum
1185 5301 1427 5340 amorem
1459 5296 1515 5340 et
1546 5288 1882 5342 desiderium
1934 5291 2170 5344 maxime
2202 5290 2346 5343 cele-

780 5375 891 5428 bris
923 5385 1089 5436 esset,
1126 5386 1182 5430 et
1222 5386 1434 5432 vetusta
1469 5379 1892 5432 simulacrorum
1930 5381 2159 5434 delubra
2188 5397 2345 5434 ever-

782 5469 975 5521 tisset:
1011 5468 1160 5522 Jovis
1192 5469 1407 5523 scilicet
1437 5470 1748 5540 πολιούχου,
1787 5472 1891 5526 hoc
1923 5485 2029 5539 est,
2068 5474 2221 5527 urbis
2255 5489 2350 5542 pa-

782 5564 946 5620 troni,
998 5568 1050 5611 et
1095 5562 1363 5628 Apollinis
1413 5563 1693 5631 πατρῴου,
1747 5563 1800 5617 id
1850 5575 1954 5626 est,
2011 5567 2193 5634 patrii.
2244 5567 2345 5622 Ubi

780 5668 910 5704 vero
943 5663 1127 5721 postea
1163 5652 1412 5707 Fortunae
1447 5654 1712 5722 templum
1748 5668 1874 5723 sunt
1909 5656 2158 5710 demoliti
2182 5697 2194 5718 ,
2231 5657 2348 5726 plu-

2453 4755 2606 4807 ρειαν
2669 4736 2912 4804 μεγάλην
2949 4751 3006 4786 τε
3060 4729 3226 4785 οὖσαν
3259 4736 3355 4784 καὶ
3407 4736 3463 4786 ἐν
3502 4734 3787 4801 εὐδαίμοσι
3826 4735 4032 4804 κλῆρον

2451 4830 2748 4897 λαχοῦσαν,
2805 4828 2901 4879 τοῦ
2952 4827 3256 4893 καταλόγου
3309 4826 3417 4878 τῶν
3481 4826 3693 4879 πόλεων
3723 4827 4032 4894 διέγραφεν

2465 4921 2776 4981 Ἰουλιανός·
2809 4920 2902 4971 καὶ
2938 4918 3036 4989 τὴν
3069 4919 3387 4985 ἐπωνυμίαν
3439 4920 3706 4988 ἀφῃρεῖτο
3752 4920 3852 4987 τὴν
3885 4921 4032 4970 Καί-

2455 5031 2644 5086 σαρος·
2704 5013 2899 5074 Μαζαν
2953 5013 3060 5081 γὰρ
3095 5013 3162 5064 τὰ
3211 5011 3402 5076 πρῶτα
3461 5012 4029 5080 κατονομαζομένην,

2453 5107 2726 5167 Κλαύδιος
2780 5107 2998 5173 Καῖσαρ
3035 5105 3111 5172 τῷ
3144 5103 3417 5171 ἐπωνύμῳ
3449 5104 3638 5171 ἐτίμα,
3675 5103 4029 5172 μεταϐαλών.

2461 5197 2794 5268 ’Υπερφυῶς
2838 5197 2949 5266 γὰρ
2987 5197 3168 5265 ἐμίσει
3219 5195 3315 5265 τὴν
3367 5198 3522 5250 πόλιν
3554 5199 3580 5249 ὁ
3621 5196 3914 5265 τύραννος,
3951 5197 4033 5262 τῷ

2451 5295 2580 5360 περὶ
2624 5290 2716 5342 τὸν
2756 5289 2992 5359 Χριστὸν
3028 5288 3178 5357 πόοῳ
3231 5289 3471 5356 μάλιστα
3525 5285 3694 5342 οὖσαν
3736 5289 3986 5358 διαφανῆ
4014 5306 4028 5318 ·

2449 5386 2543 5436 καὶ
2590 5384 2787 5450 ὅτιπερ
2835 5383 2963 5444 τοὺς
3029 5382 3196 5435 πάλαι
3251 5383 3503 5434 καθεῖλον
3553 5381 3791 5434 εἰδώλων
3847 5384 4032 5436 ἐκεῖσε

2460 5476 2617 5537 νεώς·
2654 5474 2748 5525 τοῦ
2809 5492 2866 5526 τε
2928 5473 3214 5542 πολιούχου
3246 5474 3390 5540 λέγω
3441 5465 3584 5539 Διὸς,
3635 5476 3730 5527 καὶ
3781 5473 3877 5525 τοῦ
3927 5491 4037 5525 πα-

2456 5565 2633 5634 τρῴου
2681 5565 3038 5626 ’Λπόλλωνος.
3071 5565 3157 5626 Ὧς
3191 5567 3246 5616 δὲ
3290 5568 3382 5617 καὶ
3412 5568 3504 5618 τὸν
3537 5567 3636 5634 τῆς
3667 5567 3855 5635 Τύχης
3889 5569 4034 5617 νεὼ-ι

2456 5660 2812 5711 κατέσπασαν
2849 5657 3093 5726 ὕστερον,
3144 5659 3350 5728 σφόδρα
3396 5658 3591 5727 ἤχθετο
3641 5661 3790 5731 πάσῃ
3828 5661 3893 5728 τῇ
3942 5662 4032 5711 πὸ-

856 5834 930 5903 (2)
962 5835 1071 5888 Sub
1103 5842 1283 5887 nmnle
1317 5833 1489 5902 Argeo
1523 5832 1812 5892 Mazacam,
1850 5852 1968 5903 qua:
2003 5854 2146 5890 nutu:
2176 5837 2422 5888 (Li-sarca
2461 5835 2799 5889 nominatur.
2837 5836 2999 5905 (i'liu.
3031 5836 3124 5889 lib.
3165 5852 3237 5895 vt,
3273 5853 3391 5904 cap.
3429 5837 3506 5903 ὗ.)
