4286 6438
176 437 287 502 449

1112 430 1736 496 ΕΕΟιΕΞΙΑΞΤΙΟΕ
1780 431 2176 495 IIISTORUE
2221 432 2366 495 LIB.
2415 435 2485 496 Χ.

3349 435 3457 501 450

181 561 302 613 λει·
338 559 440 613 καὶ
471 557 736 627 Ἕλλησιν
782 556 1035 610 ἐνεκάλει
1095 554 1170 618 ῶς
1229 553 1303 623 μὴ
1361 551 1768 618 ἐπαμύνουσιν,

1806 557 1839 612 Α
1875 550 2077 604 rimum
2128 554 2226 607 toti
2266 555 2389 608 urbi
2441 557 2790 621 succensuit,
2835 566 2890 611 et
2918 557 3140 613 Graecos
3175 572 3283 612 non
3317 560 3455 613 adeo

182 654 329 708 ὥστε
359 653 458 706 καί
493 669 548 705 τι
580 651 754 704 δεινὸν
782 652 981 703 παθεῖν
1032 646 1174 716 ὑπὲρ
1221 645 1415 715 τύχης,
1452 642 1612 711 εἴπερ
1641 641 1780 704 τὲως

180 743 291 798 ἔδει
333 743 556 796 παθεῖν·
615 745 711 796 καὶ
753 739 1078 812 τριακοσίας
1135 737 1328 808 λίτρας
1386 732 1591 805 χρυσοῦ
1649 734 1775 793 τοὺς

178 837 286 891 ἀνά
334 837 464 898 τοὺς
496 837 657 904 ὅρους
705 835 877 900 αὐτῆς
924 831 1045 902 ᾔτει
1097 828 1208 900 βίᾳ·
1247 830 1373 890 τοὺς
1420 826 1550 880 δ’ὲν
1585 823 1775 892 κλήρῳ

177 933 394 992 πάντας
433 931 540 981 ὑπὸ
570 927 917 997 λειτουργίαν
951 921 1364 994 στρατιωτικὴν
1398 919 1578 973 τελεῖν
1605 933 1773 988 προσ-

177 1026 373 1090 τάξας·
435 1025 464 1078 δ
514 1023 834 1092 δαπανηρὸν
893 1020 988 1074 καὶ
1041 1017 1415 1073 ἐπονείδιστον
1452 1012 1770 1083 ἐνομίζετο·

177 1119 412 1185 σύμπαν
439 1115 496 1168 δέ
531 1115 594 1168 τὸ
622 1114 1024 1185 Χριστὼνυμον
1055 1109 1264 1179 πλῆθος
1293 1107 1568 1177 ὐπὸφορον
1596 1120 1767 1156 καταο

176 1210 413 1278 στήσας,
445 1209 545 1260 ὅσα
579 1208 675 1258 καὶ
708 1205 887 1275 Κὼμῃ
936 1207 1002 1273 τῇ
1030 1203 1188 1256 πόλει
1237 1200 1536 1271 ἐχρήσατο·
1570 1198 1770 1267 ὅρκους

172 1303 237 1356 δέ
272 1301 618 1371 προστιθεὶς,
678 1298 920 1367 ἠπείλει,
961 1297 1038 1357 ὡς
1093 1294 1143 1348 εί
1186 1296 1262 1363 μὴ
1320 1292 1518 1345 θᾶττον
1547 1291 1615 1343 τὰ
1647 1287 1770 1358 ἱερά

175 1395 538 1465 ἁνεγείρωσι,
575 1394 686 1444 πᾶν
737 1391 792 1444 εῐ
825 1409 876 1443 τι
923 1388 1100 1442 δεινὸν
1154 1387 1289 1458 δρᾷν
1342 1388 1409 1456 τῇ
1446 1384 1600 1437 πόλει
1625 1399 1640 1414 ·
1673 1384 1773 1433 καὶ

173 1487 342 1546 τέλος
412 1482 777 1553 ἀφαιρεῖσθαί
843 1497 902 1533 τε
954 1479 1202 1546 κεφαλὰς
1260 1475 1371 1528 τῶν
1426 1472 1768 1526 Γαλιλαίων·

174 1577 331 1631 οὕτω
365 1575 478 1645 γὰρ
526 1574 770 1644 ὑϐρίζων
805 1572 995 1624 ἐκάλει
1030 1567 1421 1639 Χριστιανούς·
1463 1566 1558 1620 καὶ
1590 1563 1769 1632 ἐφθα-

187 1688 286 1724 σεν
337 1670 406 1724 ἂν
452 1669 760 1737 ἐκπερᾶναι
815 1666 916 1727 τὰς
963 1663 1198 1726 ἀπειλὰς
1228 1703 1242 1724 ,
1282 1663 1330 1714 εί
1370 1662 1444 1729 μὴ
1487 1658 1548 1711 τὸ
1595 1656 1774 1726 χρεὼν

175 1760 522 1830 προφθάσαν
575 1759 671 1812 τοῦ
735 1758 834 1827 ζῇν
890 1755 1337 1824 ύπερεξὴγαγεν.
1376 1752 1500 1802 Ὀτι
1552 1766 1614 1817 γε
1677 1748 1777 1801 καὶ

171 1853 469 1922 καταρχὰς
516 1853 616 1904 ούκ
660 1851 830 1918 οίκτῳ
860 1849 923 1901 τὸ
976 1847 1364 1916 φιλάνθρωπον
1408 1843 1615 1895 ἐδείκνυ
1649 1840 1778 1906 περὶ

1881 644 2084 696 mnltos
2111 661 2228 699 eam
2262 646 2568 702 incolentes
2604 647 2873 703 incusavit
2902 667 2915 702 :
2947 665 3012 704 ac
3037 651 3082 704 si
3103 651 3234 720 quid
3261 652 3457 708 durius

1877 736 2269 805 perferendum
2302 739 2392 801 sit,
2425 749 2538 792 tum
2570 740 2856 795 ferentium
2887 758 2986 811 pro
3012 744 3231 797 fortuna
3261 746 3454 812 fuisse,

1876 828 1958 882 eis
1991 827 2216 898 objecit.
2258 831 2563 886 Trecentas
2597 847 2730 886 sane
2767 836 2887 888 auri
2930 835 3104 890 libras
3137 837 3205 889 ab
3247 837 3328 890 eis
3359 839 3454 905 qui

1878 923 2016 976 lines
2049 923 2203 978 urbis
2233 925 2352 993 ejus
2396 925 2641 988 coluere,
2679 929 2728 980 vi
2779 930 2982 998 exegit.
3013 927 3235 983 Clerum
3268 941 3453 984 autem

1875 1027 2096 1065 omnem
2135 1015 2462 1070 muneribus
2492 1025 2548 1070 et
2578 1018 2906 1072 ministeriis
2937 1019 3272 1074 militaribus
3307 1020 3360 1073 in
3390 1035 3456 1074 ea

1875 1106 2100 1174 regione
2125 1110 2376 1165 attribuit
2406 1129 2418 1165 :
2451 1112 2599 1180 quod
2624 1127 2750 1166 cum
2781 1115 3095 1183 sumptibus
3130 1130 3454 1181 onerosum,

1876 1203 1989 1248 tum
2057 1199 2362 1266 ignominia
2415 1201 2880 1254 contumeliosum
2929 1201 3304 1256 existimatum
3349 1211 3456 1256 est.

1874 1288 1939 1342 Et
1968 1287 2296 1345 Christianis
2337 1293 2600 1348 Omnibus
2632 1294 2844 1348 tributo
2880 1294 3174 1363 imposito,
3211 1295 3349 1348 urbe
3391 1310 3458 1348 ea

1874 1383 2107 1451 perinde
2157 1395 2322 1454 atque
2369 1385 2492 1440 vico
2525 1387 2712 1455 aliquo
2743 1399 2826 1441 est
2878 1404 3030 1442 usus.
3074 1388 3206 1442 Jurc
3235 1403 3458 1457 quoque

1868 1474 2107 1544 jurando
2143 1475 2494 1545 interposito,
2545 1479 2786 1532 minatus
2838 1480 2921 1533 eis
2968 1489 3088 1543 est,
3134 1482 3239 1533 nisi
3291 1495 3456 1547 quam

1878 1564 2121 1632 primum
2154 1567 2358 1635 templa
2390 1566 2622 1620 deorum
2659 1571 3040 1629 restituerent.
3071 1568 3302 1638 quiquid
3335 1584 3460 1636 pos-

1874 1669 1957 1710 set
1989 1659 2319 1712 calamitatis
2363 1661 2571 1714 civitati
2615 1677 2674 1714 se
2720 1661 3039 1721 illatnrnm.
3071 1672 3128 1714 et
3178 1672 3458 1730 postremo

1877 1751 2056 1818 capita
2085 1753 2249 1804 etiam
2282 1753 2596 1806 ablaturum
2623 1769 2743 1807 esse
2773 1753 3044 1817 Calibeis;
3079 1754 3157 1807 sic
3184 1755 3330 1806 enim
3363 1767 3460 1820 per

1880 1842 2273 1896 contumeliam
2336 1844 2683 1898 Christianos
2739 1845 3068 1897 nominavit.
3128 1846 3308 1913 Atque
3369 1844 3458 1896 ille

172 1919 581 2015 Χριστιανοὺς,
613 1945 819 2013 καίπερ
847 1940 1150 2013 βαρύτερος
1191 1940 1432 2010 μάλιστα
1464 1937 1572 1988 τῶν
1604 1935 1771 1988 πάλαι

1808 1919 1846 1972 Β
1880 1934 2052 1987 minas
2097 1935 2368 2003 ejusmodi
2419 1936 2484 1988 ad
2543 1951 2657 1988 rem
2709 1936 3069 1998 contulisset,
3118 1936 3222 1988 nisi
3277 1935 3458 1989 fatalis

169 2042 502 2106 διωξάντων
535 2039 637 2108 τὴν
705 2037 1043 2104 Ἐκκλησίαν
1083 2035 1158 2086 ῶν
1184 2049 1200 2064 ·
1235 2031 1351 2086 ἀλλ’
1380 2030 1537 2092 είδὼς
1569 2034 1631 2081 ἐκ
1664 2027 1770 2080 τῶν

171 2133 496 2202 γενομένων
531 2129 805 2199 μηδεμίαν
865 2129 1054 2198 δνησιν
1110 2122 1254 2179 εἶναι
1307 2123 1384 2194 τῷ
1425 2121 1772 2191 Ἑλληνισμῷ

174 2227 246 2276 ἐκ
282 2224 395 2273 τῶν
452 2222 590 2290 πρὸς
650 2219 1018 2289 Χριστιανοὺς
1072 2217 1388 2286 ἀνηκέστων
1449 2213 1768 2282 τιμωριῶν·

175 2317 393 2386 μᾶλλον
432 2316 531 2382 μὲν
575 2311 670 2365 οὖν
705 2310 944 2380 αὔξησιν
994 2310 1056 2362 τὸ
1087 2310 1265 2376 δόγμα
1294 2307 1505 2371 λαϐεῖν,
1556 2306 1653 2357 καὶ
1687 2306 1772 2356 ἒν-

173 2405 313 2467 δοεα
350 2401 611 2454 ἐντεῦθεν
659 2402 728 2452 τὰ.
779 2397 1129 2468 Χριστιανῶν
1158 2393 1527 2464 γεγενῆσθαι,
1570 2389 1649 2453 οἷς
1679 2394 1772 2444 ὸν-

171 2497 380 2565 δρείως
434 2494 669 2546 ἐκείνων
720 2491 910 2544 πολλοὶ
961 2489 1222 2558 τελευτᾷν
1281 2487 1485 2538 εἴλοντο
1522 2501 1535 2514 ·
1593 2485 1772 2546 ἄλλως

172 2606 237 2641 τε
284 2588 386 2640 καὶ
422 2586 521 2654 τῆς
554 2584 768 2637 ἐκεῖθεν
803 2583 963 2652 δόξης
991 2579 1203 2641 τούτοις
1238 2577 1468 2646 φθονῶν,
1508 2577 1569 2628 οὐ
1600 2577 1774 2644 φειδοῖ

168 2698 286 2734 τινι
319 2681 418 2732 καὶ
449 2676 863 2745 φιλανθρωπίᾳ.
919 2674 1208 2742 Αίκισμοῖς
1242 2670 1337 2737 μὲν
1365 2671 1474 2736 γὰρ
1507 2672 1600 2720 καὶ
1639 2668 1774 2736 πυρὶ

171 2773 277 2824 καὶ
309 2772 526 2839 σιδήρῳ
566 2769 663 2822 καὶ
691 2766 1004 2827 θαλαττίοις
1048 2764 1257 2832 βυθοῖς,
1292 2762 1325 2831 ἢ
1361 2759 1570 2823 ζῶντας
1603 2759 1773 2828 βαράο

173 2866 338 2933 θροις
383 2863 639 2934 βάλλειν,
696 2861 796 2912 καὶ
851 2861 924 2927 γῇ
982 2855 1385 2926 κατορύττειν,
1435 2852 1470 2906 ἃ.
1523 2854 1632 2914 τοῖς
1668 2851 1774 2920 πρὸ

171 2958 401 3010 ἐκείνου
447 2954 538 3006 διὰ
581 2951 848 3018 σπουδῆς,
883 2948 1167 3010 παντελῶς
1214 2947 1469 2999 ἀπεῖπεν.
1502 2945 1637 2997 Ούδέ
1665 2945 1772 3013 γὰρ

169 3052 231 3114 ἐξ
263 3047 583 3113 ἀναγκαίου
615 3043 796 3095 ταῦτα
830 3041 928 3112 τὴν
966 3041 1195 3108 γνώμην
1235 3037 1546 3105 μεθίστησι,
1585 3036 1774 3087 Πειθοῖ

171 3144 226 3194 δὲ
268 3142 480 3208 μᾶλλον
539 3137 634 3189 καί⁵
691 3134 1091 3203 παραινέσεσιν
1125 3132 1315 3201 ἡγεῖτο
1346 3129 1456 3180 δεῖν
1488 3127 1619 3196 πρὸς
1651 3127 1776 3179 ἀσέ-

172 3235 335 3285 ϐειαν
375 3232 640 3299 μετάγειν
673 3231 738 3280 τὰ
773 3225 981 3295 πλήθη,
1034 3221 1334 3276 κάντεῦθεν
1378 3219 1575 3290 ῥᾳδίως
1610 3236 1770 3288 περι.

167 3324 464 3392 γενέσθαι·
505 3324 538 3393 ἢ
576 3323 720 3390 τάχα
747 3362 762 3386 ,
805 3320 893 3370 ἵνα
925 3315 1124 3382 μᾶλλον
1164 3311 1468 3383 παράδοξός
1511 3330 1592 3374 τις
1631 3308 1771 3364 εἶναι

1806 3282 1843 3339 c
1880 3310 2010 3363 tiam
2075 3327 2184 3365 non
2253 3323 2534 3368 mutarent
2580 3333 2593 3368 :

167 3417 302 3484 δόξῃ
338 3415 476 3482 περὶ
527 3414 731 3473 αὐτοὺς
771 3410 866 3463 καὶ
903 3405 1311 3477 φιλάνθρωπος,
1350 3403 1426 3473 μὴ
1459 3403 1580 3472 βίαν
1609 3403 1769 3464 εὐθὺς

171 3511 418 3572 ἐπάγειν
450 3507 660 3574 ⁴ᾑρεῖτο.

1878 2028 2176 2078 necessitas
2204 2035 2377 2078 morte
2400 2040 2526 2078 eum
2560 2025 2938 2094 prasvenisset.
2972 2025 3162 2094 Neque
3193 2026 3262 2078 ab
3293 2026 3456 2077 initio

1876 2132 1972 2184 per
2001 2117 2432 2170 misericordiam
2461 2117 2845 2171 humaniorem
2873 2133 2930 2172 se
2954 2132 3081 2186 erga
3107 2118 3457 2172 Christianos

1875 2209 2133 2262 exhibuit
2157 2260 2170 2283 ,
2213 2209 2508 2277 minusque
2544 2211 2850 2277 graviorem
2889 2210 3171 2265 veteribus
3202 2225 3459 2278 perseeu-

1878 2300 2089 2353 toribus
2116 2318 2129 2353 :
2161 2300 2255 2353 sed
2284 2301 2428 2367 quod
2461 2302 2596 2354 nihil
2625 2301 2889 2354 momenti
2918 2301 3234 2355 Cra-corum
3263 2316 3456 2369 super-

1874 2393 2086 2448 stitioni
2132 2395 2564 2456 constituendae,
2598 2394 3038 2449 Christianorum
3089 2396 3456 2450 intolerabilia

1873 2485 2036 2536 etiam
2066 2484 2336 2553 supplicia
2366 2476 2588 2550 afferre,
2613 2488 2746 2554 quin
2783 2489 2945 2540 etiam
2975 2487 3170 2555 dogma
3200 2500 3453 2542 nostrum

1876 2577 2082 2643 majora
2134 2592 2232 2644 per
2292 2594 2354 2630 ea
2404 2593 2605 2647 capere
2641 2581 2976 2634 incrementa
3021 2586 3208 2635 sciret.
3260 2581 3458 2650 Ingens

1875 2682 2023 2721 enim
2053 2684 2118 2722 ex
2158 2687 2224 2722 eo
2253 2668 2587 2725 Christianis
2616 2671 2850 2727 accessit
2880 2673 3076 2742 gloria,
3105 2674 3250 2743 quod
3280 2690 3346 2728 ex
3375 2675 3458 2729 eis

1874 2759 2030 2812 multi
2072 2760 2290 2816 fortiter
2345 2773 2578 2816 mortem
2630 2764 2735 2818 sibi
2788 2765 3105 2822 obeundam
3161 2768 3450 2824 duxerint.

1876 2851 2141 2906 Prmterea
2172 2868 2304 2908 vero
2329 2854 2546 2910 laudern
2581 2870 2700 2909 eam
2733 2857 2893 2912 nobis
2923 2859 3146 2914 invidit.
3183 2860 3243 2913 Et
3272 2877 3301 2914 a
3333 2873 3449 2915 tor-

1877 2945 2078 2998 mentis
2108 2945 2334 3013 quidem
2375 2957 2431 3001 et
2461 2950 2619 3016 igne,
2648 2959 2704 3002 ct
2747 2949 2932 3014 ferro,
2975 2962 3028 3006 et
3067 2953 3243 3023 pelagi
3287 2954 3454 3008 undis

1875 3035 2180 3099 abstinuit;
2217 3051 2399 3105 neque
2430 3037 2581 3091 vivos
2612 3038 2696 3092 vel
2731 3039 2786 3091 in
2821 3038 3149 3095 barathrum
3189 3044 3454 3113 conjecit,

1876 3126 1961 3179 vel
2002 3127 2054 3178 in
2090 3137 2233 3180 terra
2268 3127 2511 3193 defodit,
2545 3144 2667 3198 qua:
2715 3131 2806 3185 alii
2857 3142 2986 3186 ante
3016 3149 3143 3188 eum
3195 3150 3458 3204 persecu-

1879 3225 2028 3271 tores
2055 3217 2329 3284 iecerant;
2365 3221 2511 3289 quod
2547 3222 2659 3277 haec
2688 3226 3005 3280 necessario
3031 3226 3197 3280 animi
3232 3239 3458 3283 senten-

2661 3317 3144 3376 cohortationibus
3203 3338 3329 3376 vera
3397 3334 3456 3378 et

1877 3405 2336 3473 persuasionibus
2388 3409 2796 3464 multitudinem
2843 3412 2912 3466 ad
2959 3413 3297 3482 impietatem
3334 3431 3458 3485 per-

1879 3497 2206 3552 trahendam
2248 3514 2369 3554 esse
2408 3504 2648 3558 censuit.
2685 3504 2760 3558 Eo
2799 3507 2962 3561 modo
2996 3507 3155 3563 facile
3196 3525 3254 3564 se
3285 3525 3454 3576 supe-

169 3610 385 3659 riurclll
445 3603 589 3663 fore,
623 3609 678 3652 et
708 3599 854 3668 quod
887 3595 1069 3660 vellet,
1101 3591 1434 3648 effecturum
1470 3606 1590 3645 esse
1657 3600 1808 3647 ratus
1844 3602 1933 3649 est
1962 3611 1976 3647 :
2048 3603 2144 3649 aut
2180 3595 2448 3664 fortasse,
2487 3610 2545 3654 ut
2577 3601 2939 3659 admirandus
2968 3619 3126 3674 esse,
3157 3615 3214 3662 et
3255 3619 3456 3677 praeter

165 3704 650 3772 exspectationem
691 3700 1068 3766 perliumanus
1105 3693 1158 3745 in
1185 3693 1268 3746 eis
1307 3689 1608 3754 videretur,
1639 3705 1750 3743 non
1789 3691 1976 3745 statim
2011 3692 2118 3746 vim
2154 3695 2238 3749 eis
2266 3694 2638 3752 adhibendam
2673 3713 2794 3754 esse
2829 3700 3064 3770 putavit.

779 3836 1035 3889 ΚΕΦᾹΛ.
1079 3833 1160 3887 Ε’.

179 3939 286 4002 Ὠς
342 3933 502 4002 ήόὺς
558 3930 639 4002 τῷ
693 3929 1141 4002 πλήθεσθᾴλωιί
1165 3922 1388 4002 δοκεῖν,
1421 3919 1767 4002 ἀνῇκελνοῖς

239 3991 620 4072 ἇπάντάχοῦ
631 3991 1102 4072 φυγαδευθεᾲῑσςιν
1118 3995 1476 4072 επισιιόπρις
1493 3993 1597 4072 ἐπὶ
1610 3991 1770 4072 ων-

239 4062 674 4145 σταντίᾴὖ-τᾰς
695 4062 934 4145 ἐξορίας
953 4067 1050 4145 διὰ
1068 4066 1256 4145 μίσος
1270 4066 1507 4145 ἐκείνου
1527 4078 1541 4091 ·
1562 4062 1767 4145 ἄλλως

238 4164 310 4201 τε
346 4147 448 4199 καὶ
475 4143 575 4196 διὰ
607 4134 671 4195 τὸ
696 4134 899 4196 θέλειν
931 4137 1047 4204 τὴν
1075 4134 1450 4196 Ἐκκλησίαν
1486 4134 1768 4200 ταράττε-

239 4220 415 4271 σθαι.

242 4330 498 4385 Τοιαῦτα
530 4325 945 4394 διανοούμενος,
981 4322 1150 4374 πᾶσιν
1181 4318 1274 4381 οὓς
1305 4313 1576 4387 φυγαδείᾳ
1606 4331 1768 4368 κατε-

161 4425 401 4475 δίκασεν
440 4422 468 4471 ὁ
498 4416 883 4476 Κωνστάντιος
937 4413 1027 4464 διὰ
1061 4411 1160 4480 τὴν
1191 4407 1489 4478 θρησκείαν
1510 4447 1526 4472 ,
1561 4406 1766 4475 ἀνῆκεν

163 4515 359 4569 οίκαδε
400 4510 582 4564 ἵεσθαι
603 4527 616 4540 ·
664 4509 759 4561 καὶ
793 4507 906 4567 τοῖς
959 4502 1066 4555 ὑπὸ
1103 4503 1279 4572 δήμου
1311 4499 1379 4553 τὰ
1407 4499 1584 4552 οἰκεῖα
1612 4498 1769 4568 διαρ-

167 4610 411 4675 πατεῖσι
461 4603 564 4664 τάς
619 4599 809 4662 οὐσίας
869 4594 1258 4666 ἀπεχαρίξετο.
1311 4591 1674 4660 Διατάγματα
1725 4589 1770 4643 δ’

167 4702 424 4767 ἔπεμπε,
470 4693 678 4764 μηδένα
707 4690 818 4742 τῶν
868 4685 1221 4756 Χριστιανῶν
1255 4683 1487 4747 ἀδικεῖν,
1527 4682 1649 4750 μηδ’
1681 4683 1771 4733 ἐπὶ

166 4794 375 4854 θδσίας
412 4785 748 4859 βιάζεσθαι,
786 4781 924 4852 μηδὲ
967 4777 1241 4850 ὑϐρίζειν.
1275 4777 1431 4829 Ὅσοι
1471 4772 1515 4826 δ’
1563 4773 1772 4825 ἕλοιντο

167 4885 399 4944 ἑκόντες
452 4880 568 4941 τοῖς
623 4875 829 4946 βωμοῖς
880 4871 1204 4942 προσιέναι,
1257 4867 1528 4937 πρότερον
1579 4867 1773 4936 περιρ-

167 4973 506 5048 ραντηρίοις
561 4971 661 5023 καὶ
716 4963 1110 5038 καθαρτηρίοις
1159 4960 1400 5031 χρῆσθαι
1458 4959 1772 5027 ίλουμένους

164 5072 290 5133 τοῖς
350 5067 644 5133 δαίμοσιν.
696 5059 843 5112 Ὅσα
895 5056 952 5108 δὲ
1014 5054 1427 5114 Κωνσταντῖνος
1490 5050 1772 5119 κληρικοῖς

164 5163 357 5216 ἐποίει
413 5155 709 5226 σιτηρέσια
765 5150 862 5203 καὶ
905 5147 1195 5210 ἀτελείας,
1249 5146 1310 5198 τὸ
1365 5145 1518 5196 Θεῖον
1570 5141 1770 5210 τιμῶν,

167 5251 467 5327 περιεῖλεν
506 5241 666 5308 οὗτος
687 5284 703 5310 ,
732 5245 830 5297 καὶ
860 5243 972 5302 τοῖς
1000 5238 1285 5309 δημοσίοις
1327 5235 1597 5299 ἐνέταξεν·
1634 5233 1670 5286 ἃ.
1713 5249 1772 5284 τε

167 5351 382 5419 χήραις
413 5341 515 5396 καὶ
550 5337 844 5408 παρθένοις
883 5333 950 5386 δι’
985 5332 1193 5385 ἔνδειαν
1234 5332 1291 5382 ἐν
1322 5329 1547 5397 κλήροις
1583 5327 1772 5392 ἔταξεν

166 5445 238 5494 ἐκ
293 5434 588 5506 δημοσίων
667 5427 1012 5500 τρέφεσθαι,
1074 5424 1288 5495 πικρῶς
1347 5423 1768 5490 εἰσεπράττετο.

169 5529 605 5587 Κωνσταντῖνος
637 5525 772 5590 γὰρ,
814 5521 980 5591 ήνίκα
1037 5517 1106 5570 τὰ.
1151 5517 1295 5569 κατὰ
1331 5515 1426 5576 τὰς
1475 5516 1772 5582 ἐκκλησίας

170 5622 528 5694 ἐνομοθέτει,
563 5619 629 5668 ἐκ
657 5617 767 5667 τῶν
795 5614 1035 5679 ἑκάστης
1070 5609 1281 5668 πόλεως
1311 5609 1492 5674 φόρων
1517 5606 1584 5657 τὰ
1622 5606 1774 5672 διαρυ

168 5718 249 5786 κῆ
278 5715 424 5786 πρὸς
471 5710 573 5780 τὴν
607 5708 715 5761 τῶν
749 5704 1076 5773 ἐπιτηδείων
1116 5701 1450 5768 ζωάρκειαν,
1481 5699 1613 5749 πᾶσι
1660 5701 1772 5759 τοῖς

167 5810 411 5878 κλήροις
461 5803 664 5866 ἐδίδου,
710 5802 806 5854 καὶ
840 5798 991 5866 νόμῳ
1025 5796 1123 5865 τὴν
1174 5791 1370 5862 πρᾶξιν
1419 5790 1639 5878 ἐκύρου·
1677 5792 1772 5841 καὶ

170 5877 367 5966 vivit;
409 5898 576 5968 δεῦρο
608 5895 863 5966 τηρεῖται
892 5889 1074 5952 καλῶς
1107 5884 1534 5956 φυλαττόμενος.
1571 5877 1681 5936 'liv
1716 5882 1772 5935 δὲ

2495 3835 2720 3893 CAPUT
2763 3837 2830 3894 V.

1877 3918 2182 4001 Quomodo,
2235 3935 2291 4001 ut
2347 3925 2588 4001 [ovarent
2628 3929 2788 3998 plebis
2842 3941 3222 4001 aucuparetur,
3271 3950 3448 3988 omnes

1947 3997 2142 4062 passim
2172 3999 2437 4073 episcopos
2478 4016 2508 4050 a
2550 3997 2860 4073 Constantio
2911 3997 3239 4073 inexilium
3273 4007 3449 4073 pulsos

1949 4068 2223 4144 revocarit.
2256 4083 2384 4144 cunt
2402 4077 2618 4144 propter
2638 4068 2933 4126 Constantii
2962 4072 3163 4140 odium,
3182 4068 3290 4127 tum
3313 4076 3450 4144 quod

1949 4133 2244 4190 Ecclesium
2277 4133 2483 4192 turbari
2501 4133 2690 4193 vellet.

1949 4312 2054 4382 16
2093 4313 2372 4383 Ejusmodi
2399 4316 2614 4386 agitans
2642 4320 2903 4382 consilia,
2932 4321 3025 4390 qui
3059 4337 3087 4375 a
3122 4321 3448 4379 Constantio

1876 4405 1931 4461 in
1964 4407 2216 4461 exsilium
2251 4409 2393 4478 puisi
2423 4424 2651 4481 propter
2688 4413 3008 4482 religionem
3048 4415 3285 4481 fuerant,
3326 4434 3448 4472 om-

1878 4500 2044 4554 nibus
2074 4509 2402 4569 potestatem
2443 4504 2711 4558 redeundi
2750 4506 2915 4560 fecit:
2951 4515 3008 4559 et
3039 4522 3272 4576 quorum
3309 4511 3448 4566 bona

1806 4637 1847 4692 D
1878 4592 2156 4664 publicata
2200 4593 2454 4659 fuerant,
2489 4611 2549 4648 ca
2583 4597 2690 4652 illis
2721 4599 2987 4654 restituit.
3028 4601 3217 4655 Edicta
3266 4603 3449 4671 publi-

1877 4694 2031 4747 cata,
2077 4699 2146 4738 ne
2175 4683 2475 4740 Christiani
2527 4687 2744 4757 injuriis
2773 4688 3140 4754 afﬁcerentur,
3174 4708 3308 4746 neve
3354 4709 3450 4762 per

1875 4775 1983 4828 vim
2034 4785 2128 4830 aut
2178 4776 2571 4830 contumeliam
2633 4778 2698 4836 ad
2748 4781 3019 4834 sacrificia
3070 4780 3445 4852 adigi-rentur.

1873 4866 1930 4922 Si
1961 4870 2052 4936 qui
2091 4882 2221 4924 vero
2267 4883 2364 4922 sua
2399 4880 2595 4939 sponte
2631 4870 2695 4924 ail
2741 4887 2866 4926 aras
2907 4873 3171 4927 accedere
3220 4876 3445 4939 vellent,

1874 4972 1969 5012 eos
2021 4960 2173 5028 prius
2234 4960 2463 5014 deorum
2530 4962 2924 5030 placandurum
2982 4965 3161 5033 gratia
3215 4966 3442 5020 lustrari

1877 5052 2206 5121 purgarique
2269 5054 2494 5108 debere.
2555 5055 2845 5108 Annonam
2902 5065 2958 5110 et
3017 5056 3444 5120 immunitatem,

1875 5159 2036 5213 quam
2063 5143 2459 5198 Constantinus
2490 5161 2587 5212 pro
2610 5162 2705 5200 sua
2738 5162 2864 5216 erga
2895 5147 3062 5202 Deum
3093 5150 3447 5205 observantia

1875 5236 2092 5291 clericis
2128 5249 2499 5301 concesserat,
2532 5240 2647 5307 ipse
2678 5241 2986 5310 abrogavit,
3018 5252 3072 5296 et
3105 5243 3156 5294 in
3193 5245 3447 5310 publicos

1875 5340 2174 5398 proventus
2221 5332 2425 5383 retulit.
2473 5330 2604 5394 Qua:
2640 5347 2773 5386 vero
2810 5333 2991 5388 viduis
3022 5344 3077 5387 et
3107 5334 3443 5404 virginibus,

1876 5431 2103 5489 prOpter
2159 5423 2397 5490 inopiam
2449 5424 2606 5489 clcri,
2665 5426 2926 5479 alimenta
2977 5442 3007 5481 e
3060 5427 3280 5496 publico
3331 5429 3444 5482 lar-

1877 5514 2078 5583 gienda
2124 5513 2396 5570 destinata
2435 5527 2614 5582 erant,
2663 5535 2806 5588 aegre
2838 5529 2893 5574 et
2939 5519 3231 5575 difﬁculter
3265 5522 3447 5592 exige-

1885 5609 2108 5660 bantur.
2135 5606 2536 5663 Constantinus
2567 5626 2830 5680 namque,
2863 5627 2988 5666 cum
3021 5613 3283 5666 ecclesias
3317 5629 3448 5666 con-

1882 5701 2140 5753 stitueret
2199 5712 2364 5770 atque
2428 5702 2753 5770 ordinaret,
2819 5722 2885 5760 ex
2953 5706 3218 5776 cujusque
3288 5705 3447 5761 urbis

1882 5795 2242 5862 proventibus
2272 5795 2370 5850 toti
2406 5796 2580 5859 clero,
2614 5807 2878 5866 quantum
2909 5800 2976 5852 ad
3009 5800 3176 5852 vitam
3207 5802 3445 5852 toleran-

1876 5886 2000 5940 dam
2059 5886 2190 5941 satis
2235 5895 2421 5952 esset,
2475 5902 2656 5942 rerum
2724 5892 3156 5946 necessariarum
3224 5891 3440 5954 trilmit,
