  <div class='ocr_page' id='page_1' title='image "/cluster/home/n/w/nwhite01/storage/ocr_20150623/146/nnc1.0046980610/243.png"; bbox 0 0 4286 6438; ppageno 0'>
   <div class='ocr_carea' id='block_1_1' title="bbox 789 371 883 440">
    <p class='ocr_par' dir='ltr' id='par_1_1' title="bbox 789 371 883 440">
     <span class='ocr_line' id='line_1_1' title="bbox 789 371 883 440; baseline -0.043 0"><span class='ocrx_word' id='word_1_1' title='bbox 789 371 883 440; x_wconf 78' lang='grc'><strong>451</strong></span> 
     </span>
    </p>
   </div>
   <div class='ocr_carea' id='block_1_2' title="bbox 1965 364 2793 430">
    <p class='ocr_par' dir='ltr' id='par_1_2' title="bbox 1965 364 2793 430">
     <span class='ocr_line' id='line_1_2' title="bbox 1965 364 2793 430; baseline -0.001 -1"><span class='ocrx_word' id='word_1_2' title='bbox 1965 364 2399 429; x_wconf 75' lang='lat' dir='ltr'><strong>NICEPHORI</strong></span> <span class='ocrx_word' id='word_1_3' title='bbox 2441 367 2793 430; x_wconf 79' lang='lat' dir='ltr'><strong>CALIJSTI</strong></span> 
     </span>
    </p>
   </div>
   <div class='ocr_carea' id='block_1_3' title="bbox 3943 370 4048 430">
    <p class='ocr_par' dir='ltr' id='par_1_3' title="bbox 3943 370 4048 430">
     <span class='ocr_line' id='line_1_3' title="bbox 3943 370 4048 430; baseline 0 0"><span class='ocrx_word' id='word_1_4' title='bbox 3943 370 4048 430; x_wconf 71' lang='grc'><strong>452</strong></span> 
     </span>
    </p>
   </div>
   <div class='ocr_carea' id='block_1_4' title="bbox 788 478 2552 552">
    <p class='ocr_par' dir='ltr' id='par_1_4' title="bbox 788 478 2552 550">
     <span class='ocr_line' id='line_1_4' title="bbox 788 478 2552 550; baseline -0.002 -16"><span class='ocrx_word' id='word_1_5' title='bbox 788 497 1022 550; x_wconf 79' lang='lat' dir='ltr'><strong>eamque</strong></span> <span class='ocrx_word' id='word_1_6' title='bbox 1081 495 1198 534; x_wconf 88' lang='lat' dir='ltr'><strong>rem</strong></span> <span class='ocrx_word' id='word_1_7' title='bbox 1263 478 1548 534; x_wconf 74' lang='lat' dir='ltr'><strong>sanctione</strong></span> <span class='ocrx_word' id='word_1_8' title='bbox 1607 478 1745 547; x_wconf 79' lang='lat' dir='ltr'><strong>legis</strong></span> <span class='ocrx_word' id='word_1_9' title='bbox 1799 480 2186 542; x_wconf 81' lang='lat' dir='ltr'><strong>conﬁrmavit,</strong></span> <span class='ocrx_word' id='word_1_10' title='bbox 2244 482 2552 550; x_wconf 63' lang='grc' dir='ltr'>(ιυωΑὴτ</span> 
     </span>
    </p>
   </div>
   <div class='ocr_carea' id='block_1_5' title="bbox 2427 478 4049 552">
    <p class='ocr_par' dir='ltr' id='par_1_5' title="bbox 2427 480 4049 552">
     <span class='ocr_line' id='line_1_5' title="bbox 2427 480 4049 552; baseline 0.006 -22"><span class='ocrx_word' id='word_1_11' title='bbox 2427 503 2442 544; x_wconf 60' lang='grc' dir='ltr'>ι</span> <span class='ocrx_word' id='word_1_12' title='bbox 2471 482 2503 550; x_wconf 82' lang='grc' dir='ltr'><strong>ἡ</strong></span> <span class='ocrx_word' id='word_1_13' title='bbox 2529 481 2750 551; x_wconf 78' lang='grc' dir='ltr'><strong>τοιαύτη</strong></span> <span class='ocrx_word' id='word_1_14' title='bbox 2777 481 2857 548; x_wconf 83' lang='grc' dir='ltr'>τῷ</span> <span class='ocrx_word' id='word_1_15' title='bbox 2889 480 3169 550; x_wconf 76' lang='grc' dir='ltr'>Ἰουλιανῷ</span> <span class='ocrx_word' id='word_1_16' title='bbox 3197 481 3487 552; x_wconf 72' lang='grc' dir='ltr'>εἴσπραςις</span> <span class='ocrx_word' id='word_1_17' title='bbox 3509 482 3880 552; x_wconf 81' lang='grc' dir='ltr'>ἀπάνθρωπος</span> <span class='ocrx_word' id='word_1_18' title='bbox 3909 485 4049 539; x_wconf 84' lang='grc' dir='ltr'>πάνυ</span> 
     </span>
    </p>
   </div>
   <div class='ocr_carea' id='block_1_6' title="bbox 794 569 2363 641">
    <p class='ocr_par' dir='ltr' id='par_1_6' title="bbox 794 569 2363 641">
     <span class='ocr_line' id='line_1_6' title="bbox 794 569 2363 641; baseline -0.003 -13"><span class='ocrx_word' id='word_1_19' title='bbox 794 576 1082 641; x_wconf 86' lang='lat' dir='ltr'><strong>hucusque</strong></span> <span class='ocrx_word' id='word_1_20' title='bbox 1118 581 1500 626; x_wconf 68' lang='lat' dir='ltr'><strong>conservatur.</strong></span> <span class='ocrx_word' id='word_1_21' title='bbox 1533 569 1646 624; x_wconf 92' lang='lat' dir='ltr'><strong>Sub</strong></span> <span class='ocrx_word' id='word_1_22' title='bbox 1677 570 1896 625; x_wconf 80' lang='lat' dir='ltr'><strong>Juliano</strong></span> <span class='ocrx_word' id='word_1_23' title='bbox 1927 573 2142 624; x_wconf 78' lang='lat' dir='ltr'><strong>exactio</strong></span> <span class='ocrx_word' id='word_1_24' title='bbox 2169 587 2363 625; x_wconf 88' lang='lat' dir='ltr'><strong>eorum</strong></span> 
     </span>
    </p>
   </div>
   <div class='ocr_carea' id='block_1_7' title="bbox 794 666 2366 740">
    <p class='ocr_par' dir='ltr' id='par_1_7' title="bbox 794 666 2366 740">
     <span class='ocr_line' id='line_1_7' title="bbox 794 666 2366 740; baseline -0.002 -18"><span class='ocrx_word' id='word_1_25' title='bbox 794 680 1166 740; x_wconf 89' lang='lat' dir='ltr'><strong>proventuum</strong></span> <span class='ocrx_word' id='word_1_26' title='bbox 1204 667 1340 720; x_wconf 90' lang='lat' dir='ltr'><strong>dura</strong></span> <span class='ocrx_word' id='word_1_27' title='bbox 1380 666 1672 720; x_wconf 83' lang='lat' dir='ltr'><strong>admodum</strong></span> <span class='ocrx_word' id='word_1_28' title='bbox 1714 679 1769 719; x_wconf 92' lang='lat' dir='ltr'><strong>et</strong></span> <span class='ocrx_word' id='word_1_29' title='bbox 1809 668 1992 735; x_wconf 72' lang='lat' dir='ltr'><strong>gravis</strong></span> <span class='ocrx_word' id='word_1_30' title='bbox 2034 667 2132 720; x_wconf 69' lang='lat' dir='ltr'><strong>fuit</strong></span> <span class='ocrx_word' id='word_1_31' title='bbox 2158 710 2170 729; x_wconf 93' lang='lat'><strong>,</strong></span> <span class='ocrx_word' id='word_1_32' title='bbox 2205 667 2366 720; x_wconf 81' lang='lat' dir='ltr'><strong>sicuti</strong></span> 
     </span>
    </p>
   </div>
   <div class='ocr_carea' id='block_1_8' title="bbox 795 757 2368 826">
    <p class='ocr_par' dir='ltr' id='par_1_8' title="bbox 795 757 2368 826">
     <span class='ocr_line' id='line_1_8' title="bbox 795 757 2368 826; baseline -0.004 -12"><span class='ocrx_word' id='word_1_33' title='bbox 795 762 850 814; x_wconf 85' lang='lat' dir='ltr'><strong>id</strong></span> <span class='ocrx_word' id='word_1_34' title='bbox 888 768 1207 813; x_wconf 70' lang='lat' dir='ltr'><strong>exactorum</strong></span> <span class='ocrx_word' id='word_1_35' title='bbox 1244 757 1490 826; x_wconf 91' lang='lat' dir='ltr'><strong>ipsorum</strong></span> <span class='ocrx_word' id='word_1_36' title='bbox 1525 766 1799 810; x_wconf 83' lang='lat' dir='ltr'><strong>testantur</strong></span> <span class='ocrx_word' id='word_1_37' title='bbox 1831 766 2213 810; x_wconf 86' lang='lat' dir='ltr'><strong>monumenta.</strong></span> <span class='ocrx_word' id='word_1_38' title='bbox 2251 760 2368 810; x_wconf 65' lang='grc' dir='ltr'>(ἰαι-</span> 
     </span>
    </p>
   </div>
   <div class='ocr_carea' id='block_1_9' title="bbox 796 850 2369 920">
    <p class='ocr_par' dir='ltr' id='par_1_9' title="bbox 796 850 2369 920">
     <span class='ocr_line' id='line_1_9' title="bbox 796 850 2369 920; baseline -0.003 -14"><span class='ocrx_word' id='word_1_39' title='bbox 796 864 975 906; x_wconf 66' lang='lat' dir='ltr'><strong>tcrum</strong></span> <span class='ocrx_word' id='word_1_40' title='bbox 1010 865 1200 920; x_wconf 89' lang='lat' dir='ltr'><strong>parum</strong></span> <span class='ocrx_word' id='word_1_41' title='bbox 1246 851 1350 903; x_wconf 76' lang='lat' dir='ltr'><strong>l&#39;uit</strong></span> <span class='ocrx_word' id='word_1_42' title='bbox 1387 858 1656 920; x_wconf 81' lang='lat' dir='ltr'><strong>tyranno,</strong></span> <span class='ocrx_word' id='word_1_43' title='bbox 1703 860 1810 902; x_wconf 84' lang='lat' dir='ltr'><strong>tant</strong></span> <span class='ocrx_word' id='word_1_44' title='bbox 1847 850 2030 903; x_wconf 91' lang='lat' dir='ltr'><strong>hostili</strong></span> <span class='ocrx_word' id='word_1_45' title='bbox 2079 865 2204 904; x_wconf 88' lang='lat' dir='ltr'><strong>esse</strong></span> <span class='ocrx_word' id='word_1_46' title='bbox 2238 866 2369 918; x_wconf 75' lang='lat' dir='ltr'><strong>erga</strong></span> 
     </span>
    </p>
   </div>
   <div class='ocr_carea' id='block_1_10' title="bbox 795 941 2370 1004">
    <p class='ocr_par' dir='ltr' id='par_1_10' title="bbox 795 941 2370 1004">
     <span class='ocr_line' id='line_1_10' title="bbox 795 941 2370 1004; baseline -0.001 -8"><span class='ocrx_word' id='word_1_47' title='bbox 795 959 896 997; x_wconf 89' lang='lat' dir='ltr'><strong>nos</strong></span> <span class='ocrx_word' id='word_1_48' title='bbox 934 943 1145 1004; x_wconf 89' lang='lat' dir='ltr'><strong>animo,</strong></span> <span class='ocrx_word' id='word_1_49' title='bbox 1181 941 1287 994; x_wconf 90' lang='lat' dir='ltr'><strong>nisi</strong></span> <span class='ocrx_word' id='word_1_50' title='bbox 1337 956 1498 995; x_wconf 87' lang='lat' dir='ltr'><strong>suum</strong></span> <span class='ocrx_word' id='word_1_51' title='bbox 1533 943 1800 994; x_wconf 78' lang='lat' dir='ltr'><strong>adversus</strong></span> <span class='ocrx_word' id='word_1_52' title='bbox 1835 941 2132 996; x_wconf 76' lang='lat' dir='ltr'><strong>Ecclesiain</strong></span> <span class='ocrx_word' id='word_1_53' title='bbox 2180 942 2370 995; x_wconf 84' lang='lat' dir='ltr'><strong>odium</strong></span> 
     </span>
    </p>
   </div>
   <div class='ocr_carea' id='block_1_11' title="bbox 797 1033 2372 1109">
    <p class='ocr_par' dir='ltr' id='par_1_11' title="bbox 797 1033 2372 1109">
     <span class='ocr_line' id='line_1_11' title="bbox 797 1033 2372 1109; baseline -0.001 -20"><span class='ocrx_word' id='word_1_54' title='bbox 797 1036 862 1089; x_wconf 92' lang='lat' dir='ltr'><strong>ad</strong></span> <span class='ocrx_word' id='word_1_55' title='bbox 896 1033 1175 1089; x_wconf 82' lang='lat' dir='ltr'><strong>excidium</strong></span> <span class='ocrx_word' id='word_1_56' title='bbox 1208 1035 1332 1103; x_wconf 87' lang='lat' dir='ltr'><strong>ejus</strong></span> <span class='ocrx_word' id='word_1_57' title='bbox 1365 1048 1592 1102; x_wconf 79' lang='lat' dir='ltr'><strong>prorsus</strong></span> <span class='ocrx_word' id='word_1_58' title='bbox 1617 1043 1988 1088; x_wconf 83' lang='lat' dir='ltr'><strong>converteret.</strong></span> <span class='ocrx_word' id='word_1_59' title='bbox 2017 1033 2372 1109; x_wconf 68' lang='lat' dir='ltr'><strong>Quaecunque</strong></span> 
     </span>
    </p>
   </div>
   <div class='ocr_carea' id='block_1_12' title="bbox 797 1125 2376 1196">
    <p class='ocr_par' dir='ltr' id='par_1_12' title="bbox 797 1125 2376 1196">
     <span class='ocr_line' id='line_1_12' title="bbox 797 1125 2376 1196; baseline -0.001 -16"><span class='ocrx_word' id='word_1_60' title='bbox 797 1129 944 1181; x_wconf 86' lang='lat' dir='ltr'><strong>enim</strong></span> <span class='ocrx_word' id='word_1_61' title='bbox 991 1128 1041 1181; x_wconf 92' lang='lat' dir='ltr'><strong>ei</strong></span> <span class='ocrx_word' id='word_1_62' title='bbox 1077 1125 1508 1196; x_wconf 63' lang='lat' dir='ltr'><strong>suppeditabant</strong></span> <span class='ocrx_word' id='word_1_63' title='bbox 1541 1141 1695 1178; x_wconf 81' lang='lat' dir='ltr'><strong>sacra</strong></span> <span class='ocrx_word' id='word_1_64' title='bbox 1743 1142 1871 1178; x_wconf 89' lang='lat' dir='ltr'><strong>vasa</strong></span> <span class='ocrx_word' id='word_1_65' title='bbox 1904 1134 1958 1178; x_wconf 80' lang='lat' dir='ltr'><strong>et</strong></span> <span class='ocrx_word' id='word_1_66' title='bbox 2002 1126 2232 1180; x_wconf 90' lang='lat' dir='ltr'><strong>donaria</strong></span> <span class='ocrx_word' id='word_1_67' title='bbox 2261 1166 2273 1188; x_wconf 96' lang='lat'><strong>,</strong></span> <span class='ocrx_word' id='word_1_68' title='bbox 2314 1140 2376 1179; x_wconf 88' lang='lat' dir='ltr'><strong>ea</strong></span> 
     </span>
    </p>
   </div>
   <div class='ocr_carea' id='block_1_13' title="bbox 799 1216 2375 1288">
    <p class='ocr_par' dir='ltr' id='par_1_13' title="bbox 799 1216 2375 1288">
     <span class='ocr_line' id='line_1_13' title="bbox 799 1216 2375 1288; baseline -0.003 -14"><span class='ocrx_word' id='word_1_69' title='bbox 799 1221 1063 1285; x_wconf 91' lang='lat' dir='ltr'><strong>abstulit,</strong></span> <span class='ocrx_word' id='word_1_70' title='bbox 1110 1219 1259 1274; x_wconf 88' lang='lat' dir='ltr'><strong>etin</strong></span> <span class='ocrx_word' id='word_1_71' title='bbox 1312 1218 1586 1272; x_wconf 86' lang='lat' dir='ltr'><strong>idolorum</strong></span> <span class='ocrx_word' id='word_1_72' title='bbox 1636 1218 1883 1271; x_wconf 80' lang='lat' dir='ltr'><strong>delubris</strong></span> <span class='ocrx_word' id='word_1_73' title='bbox 1930 1220 2200 1288; x_wconf 79' lang='lat' dir='ltr'><strong>reposuit.</strong></span> <span class='ocrx_word' id='word_1_74' title='bbox 2254 1216 2375 1272; x_wconf 75' lang='lat' dir='ltr'><strong>Vim</strong></span> 
     </span>
    </p>
   </div>
   <div class='ocr_carea' id='block_1_14' title="bbox 800 1308 2379 1376">
    <p class='ocr_par' dir='ltr' id='par_1_14' title="bbox 800 1308 2379 1376">
     <span class='ocr_line' id='line_1_14' title="bbox 800 1308 2379 1376; baseline -0.001 -14"><span class='ocrx_word' id='word_1_75' title='bbox 800 1313 965 1363; x_wconf 91' lang='lat' dir='ltr'><strong>etiam</strong></span> <span class='ocrx_word' id='word_1_76' title='bbox 1003 1310 1151 1364; x_wconf 82' lang='lat' dir='ltr'><strong>illam</strong></span> <span class='ocrx_word' id='word_1_77' title='bbox 1187 1309 1268 1362; x_wconf 91' lang='lat' dir='ltr'><strong>eis</strong></span> <span class='ocrx_word' id='word_1_78' title='bbox 1309 1308 1600 1374; x_wconf 87' lang='lat' dir='ltr'><strong>adhibuit,</strong></span> <span class='ocrx_word' id='word_1_79' title='bbox 1639 1308 1733 1376; x_wconf 85' lang='lat' dir='ltr'><strong>qui</strong></span> <span class='ocrx_word' id='word_1_80' title='bbox 1773 1313 1877 1361; x_wconf 90' lang='lat' dir='ltr'><strong>sub</strong></span> <span class='ocrx_word' id='word_1_81' title='bbox 1916 1308 2283 1362; x_wconf 76' lang='lat' dir='ltr'><strong>ConSiantiiio</strong></span> <span class='ocrx_word' id='word_1_82' title='bbox 2322 1316 2379 1361; x_wconf 90' lang='lat' dir='ltr'><strong>et</strong></span> 
     </span>
    </p>
   </div>
   <div class='ocr_carea' id='block_1_15' title="bbox 800 1400 2380 1471">
    <p class='ocr_par' dir='ltr' id='par_1_15' title="bbox 800 1400 2380 1471">
     <span class='ocr_line' id='line_1_15' title="bbox 800 1400 2380 1471; baseline -0.004 -12"><span class='ocrx_word' id='word_1_83' title='bbox 800 1403 1128 1459; x_wconf 88' lang='lat' dir='ltr'><strong>Constantio</strong></span> <span class='ocrx_word' id='word_1_84' title='bbox 1179 1401 1378 1471; x_wconf 87' lang='lat' dir='ltr'><strong>templa</strong></span> <span class='ocrx_word' id='word_1_85' title='bbox 1410 1400 1639 1455; x_wconf 91' lang='lat' dir='ltr'><strong>deorum</strong></span> <span class='ocrx_word' id='word_1_86' title='bbox 1680 1403 2041 1464; x_wconf 82' lang='lat' dir='ltr'><strong>evertissent,</strong></span> <span class='ocrx_word' id='word_1_87' title='bbox 2095 1410 2152 1452; x_wconf 89' lang='lat' dir='ltr'><strong>iit</strong></span> <span class='ocrx_word' id='word_1_88' title='bbox 2186 1401 2271 1453; x_wconf 86' lang='lat' dir='ltr'><strong>vel</strong></span> <span class='ocrx_word' id='word_1_89' title='bbox 2317 1415 2380 1453; x_wconf 89' lang='lat' dir='ltr'><strong>ea</strong></span> 
     </span>
    </p>
   </div>
   <div class='ocr_carea' id='block_1_16' title="bbox 801 1491 2381 1553">
    <p class='ocr_par' dir='ltr' id='par_1_16' title="bbox 801 1491 2381 1553">
     <span class='ocr_line' id='line_1_16' title="bbox 801 1491 2381 1553; baseline -0.003 -6"><span class='ocrx_word' id='word_1_90' title='bbox 801 1494 1059 1547; x_wconf 87' lang='lat' dir='ltr'><strong>celeriter</strong></span> <span class='ocrx_word' id='word_1_91' title='bbox 1091 1500 1488 1553; x_wconf 88' lang='lat' dir='ltr'><strong>restaurarent,</strong></span> <span class='ocrx_word' id='word_1_92' title='bbox 1520 1491 1601 1544; x_wconf 86' lang='lat' dir='ltr'><strong>vel</strong></span> <span class='ocrx_word' id='word_1_93' title='bbox 1629 1491 2052 1544; x_wconf 74' lang='lat' dir='ltr'><strong>aestimationem</strong></span> <span class='ocrx_word' id='word_1_94' title='bbox 2081 1500 2381 1544; x_wconf 66' lang='lat' dir='ltr'><strong>structurae</strong></span> 
     </span>
    </p>
   </div>
   <div class='ocr_carea' id='block_1_17' title="bbox 800 1581 2384 1654">
    <p class='ocr_par' dir='ltr' id='par_1_17' title="bbox 800 1581 2384 1654">
     <span class='ocr_line' id='line_1_17' title="bbox 800 1581 2384 1654; baseline -0.002 -15"><span class='ocrx_word' id='word_1_95' title='bbox 800 1602 992 1639; x_wconf 87' lang='lat' dir='ltr'><strong>eorum</strong></span> <span class='ocrx_word' id='word_1_96' title='bbox 1030 1584 1430 1654; x_wconf 86' lang='lat' dir='ltr'><strong>persolverent.</strong></span> <span class='ocrx_word' id='word_1_97' title='bbox 1480 1581 1575 1636; x_wconf 91' lang='lat' dir='ltr'><strong>Sin</strong></span> <span class='ocrx_word' id='word_1_98' title='bbox 1627 1585 1731 1636; x_wconf 89' lang='lat' dir='ltr'><strong>hoc</strong></span> <span class='ocrx_word' id='word_1_99' title='bbox 1781 1584 1964 1637; x_wconf 88' lang='lat' dir='ltr'><strong>minus</strong></span> <span class='ocrx_word' id='word_1_100' title='bbox 2006 1584 2292 1646; x_wconf 81' lang='lat' dir='ltr'><strong>facerent,</strong></span> <span class='ocrx_word' id='word_1_101' title='bbox 2325 1593 2384 1636; x_wconf 95' lang='lat' dir='ltr'><strong>ut</strong></span> 
     </span>
    </p>
   </div>
   <div class='ocr_carea' id='block_1_18' title="bbox 803 1675 2382 1742">
    <p class='ocr_par' dir='ltr' id='par_1_18' title="bbox 803 1675 2382 1742">
     <span class='ocr_line' id='line_1_18' title="bbox 803 1675 2382 1742; baseline 0.001 -14"><span class='ocrx_word' id='word_1_102' title='bbox 803 1678 998 1728; x_wconf 88' lang='lat' dir='ltr'><strong>durius</strong></span> <span class='ocrx_word' id='word_1_103' title='bbox 1045 1675 1470 1742; x_wconf 84' lang='lat' dir='ltr'><strong>acciperentur,</strong></span> <span class='ocrx_word' id='word_1_104' title='bbox 1499 1684 1553 1728; x_wconf 86' lang='lat' dir='ltr'><strong>et</strong></span> <span class='ocrx_word' id='word_1_105' title='bbox 1588 1675 1640 1728; x_wconf 90' lang='lat' dir='ltr'><strong>in</strong></span> <span class='ocrx_word' id='word_1_106' title='bbox 1693 1676 1912 1728; x_wconf 86' lang='lat' dir='ltr'><strong>vincula</strong></span> <span class='ocrx_word' id='word_1_107' title='bbox 1945 1676 2382 1742; x_wconf 80' lang='lat' dir='ltr'><strong>conjicereiitur,</strong></span> 
     </span>
    </p>
   </div>
   <div class='ocr_carea' id='block_1_19' title="bbox 808 1767 2383 1837">
    <p class='ocr_par' dir='ltr' id='par_1_19' title="bbox 808 1767 2383 1837">
     <span class='ocr_line' id='line_1_19' title="bbox 808 1767 2383 1837; baseline 0.001 -17"><span class='ocrx_word' id='word_1_108' title='bbox 808 1769 1111 1824; x_wconf 85' lang='lat' dir='ltr'><strong>mandavit.</strong></span> <span class='ocrx_word' id='word_1_109' title='bbox 1151 1767 1309 1822; x_wconf 86' lang='lat' dir='ltr'><strong>Unde</strong></span> <span class='ocrx_word' id='word_1_110' title='bbox 1359 1769 1492 1820; x_wconf 90' lang='lat' dir='ltr'><strong>illud</strong></span> <span class='ocrx_word' id='word_1_111' title='bbox 1544 1769 1680 1821; x_wconf 87' lang='lat' dir='ltr'><strong>satis</strong></span> <span class='ocrx_word' id='word_1_112' title='bbox 1711 1770 1987 1837; x_wconf 71' lang='lat' dir='ltr'><strong>conjicere</strong></span> <span class='ocrx_word' id='word_1_113' title='bbox 2032 1769 2194 1830; x_wconf 89' lang='lat' dir='ltr'><strong>licet,</strong></span> <span class='ocrx_word' id='word_1_114' title='bbox 2230 1771 2282 1822; x_wconf 89' lang='lat' dir='ltr'><strong>iii</strong></span> <span class='ocrx_word' id='word_1_115' title='bbox 2318 1785 2383 1822; x_wconf 92' lang='lat' dir='ltr'><strong>eo</strong></span> 
     </span>
    </p>
   </div>
   <div class='ocr_carea' id='block_1_20' title="bbox 806 1857 2385 1928">
    <p class='ocr_par' dir='ltr' id='par_1_20' title="bbox 806 1857 2385 1928">
     <span class='ocr_line' id='line_1_20' title="bbox 806 1857 2385 1928; baseline 0.001 -18"><span class='ocrx_word' id='word_1_116' title='bbox 806 1860 1028 1928; x_wconf 89' lang='lat' dir='ltr'><strong>quidem</strong></span> <span class='ocrx_word' id='word_1_117' title='bbox 1062 1859 1216 1911; x_wconf 83' lang='lat' dir='ltr'><strong>illum</strong></span> <span class='ocrx_word' id='word_1_118' title='bbox 1253 1857 1537 1910; x_wconf 88' lang='lat' dir='ltr'><strong>veteribus</strong></span> <span class='ocrx_word' id='word_1_119' title='bbox 1571 1857 2044 1926; x_wconf 80' lang='lat' dir='ltr'><strong>persecutoribus,</strong></span> <span class='ocrx_word' id='word_1_120' title='bbox 2081 1859 2227 1928; x_wconf 90' lang='lat' dir='ltr'><strong>quod</strong></span> <span class='ocrx_word' id='word_1_121' title='bbox 2257 1875 2385 1913; x_wconf 87' lang='lat' dir='ltr'><strong>cor-</strong></span> 
     </span>
    </p>
   </div>
   <div class='ocr_carea' id='block_1_21' title="bbox 809 1950 2386 2020">
    <p class='ocr_par' dir='ltr' id='par_1_21' title="bbox 809 1950 2386 2020">
     <span class='ocr_line' id='line_1_21' title="bbox 809 1950 2386 2020; baseline 0.002 -18"><span class='ocrx_word' id='word_1_122' title='bbox 809 1971 938 2020; x_wconf 81' lang='lat' dir='ltr'><strong>pora</strong></span> <span class='ocrx_word' id='word_1_123' title='bbox 973 1968 1096 2003; x_wconf 86' lang='lat' dir='ltr'><strong>cuiu</strong></span> <span class='ocrx_word' id='word_1_124' title='bbox 1131 1950 1468 2003; x_wconf 84' lang='lat' dir='ltr'><strong>contumelia</strong></span> <span class='ocrx_word' id='word_1_125' title='bbox 1501 1966 1609 2002; x_wconf 91' lang='lat' dir='ltr'><strong>non</strong></span> <span class='ocrx_word' id='word_1_126' title='bbox 1643 1951 2044 2005; x_wconf 82' lang='lat' dir='ltr'><strong>excritciaverit</strong></span> <span class='ocrx_word' id='word_1_127' title='bbox 2066 1992 2079 2014; x_wconf 97' lang='lat'><strong>,</strong></span> <span class='ocrx_word' id='word_1_128' title='bbox 2127 1951 2386 2005; x_wconf 84' lang='lat' dir='ltr'><strong>modera-</strong></span> 
     </span>
    </p>
   </div>
   <div class='ocr_carea' id='block_1_22' title="bbox 809 2043 2388 2107">
    <p class='ocr_par' dir='ltr' id='par_1_22' title="bbox 809 2043 2388 2107">
     <span class='ocr_line' id='line_1_22' title="bbox 809 2043 2388 2107; baseline 0.001 -9"><span class='ocrx_word' id='word_1_129' title='bbox 809 2048 1005 2099; x_wconf 86' lang='lat' dir='ltr'><strong>tiorem</strong></span> <span class='ocrx_word' id='word_1_130' title='bbox 1041 2044 1249 2097; x_wconf 79' lang='lat' dir='ltr'><strong>fuisse:</strong></span> <span class='ocrx_word' id='word_1_131' title='bbox 1286 2043 1454 2096; x_wconf 86' lang='lat' dir='ltr'><strong>rebus</strong></span> <span class='ocrx_word' id='word_1_132' title='bbox 1496 2053 1681 2097; x_wconf 78' lang='lat' dir='ltr'><strong>autem</strong></span> <span class='ocrx_word' id='word_1_133' title='bbox 1714 2044 1840 2096; x_wconf 89' lang='lat' dir='ltr'><strong>aliis</strong></span> <span class='ocrx_word' id='word_1_134' title='bbox 1863 2085 1876 2107; x_wconf 96' lang='lat'><strong>,</strong></span> <span class='ocrx_word' id='word_1_135' title='bbox 1917 2045 2096 2098; x_wconf 88' lang='lat' dir='ltr'><strong>modis</strong></span> <span class='ocrx_word' id='word_1_136' title='bbox 2128 2044 2388 2099; x_wconf 85' lang='lat' dir='ltr'><strong>omnibus</strong></span> 
     </span>
    </p>
   </div>
   <div class='ocr_carea' id='block_1_23' title="bbox 805 2135 2385 2206">
    <p class='ocr_par' dir='ltr' id='par_1_23' title="bbox 805 2135 2385 2206">
     <span class='ocr_line' id='line_1_23' title="bbox 805 2135 2385 2206; baseline -0.001 -16"><span class='ocrx_word' id='word_1_137' title='bbox 805 2140 935 2191; x_wconf 79' lang='lat' dir='ltr'><strong>illos</strong></span> <span class='ocrx_word' id='word_1_138' title='bbox 959 2152 1344 2205; x_wconf 79' lang='lat' dir='ltr'><strong>exsuperasse.</strong></span> <span class='ocrx_word' id='word_1_139' title='bbox 1365 2136 1526 2189; x_wconf 86' lang='lat' dir='ltr'><strong>Omni</strong></span> <span class='ocrx_word' id='word_1_140' title='bbox 1555 2152 1789 2205; x_wconf 86' lang='lat' dir='ltr'><strong>namque</strong></span> <span class='ocrx_word' id='word_1_141' title='bbox 1810 2152 1876 2188; x_wconf 78' lang='lat' dir='ltr'><strong>ex</strong></span> <span class='ocrx_word' id='word_1_142' title='bbox 1904 2147 2055 2206; x_wconf 82' lang='lat' dir='ltr'><strong>parte</strong></span> <span class='ocrx_word' id='word_1_143' title='bbox 2083 2135 2385 2190; x_wconf 85' lang='lat' dir='ltr'><strong>Ecclesiam</strong></span> 
     </span>
    </p>
   </div>
   <div class='ocr_carea' id='block_1_24' title="bbox 811 2229 2388 2299">
    <p class='ocr_par' dir='ltr' id='par_1_24' title="bbox 811 2229 2388 2299">
     <span class='ocr_line' id='line_1_24' title="bbox 811 2229 2388 2299; baseline -0.001 -17"><span class='ocrx_word' id='word_1_144' title='bbox 811 2231 1051 2299; x_wconf 74' lang='lat' dir='ltr'><strong>amigere</strong></span> <span class='ocrx_word' id='word_1_145' title='bbox 1083 2230 1375 2282; x_wconf 81' lang='lat' dir='ltr'><strong>manifeste</strong></span> <span class='ocrx_word' id='word_1_146' title='bbox 1403 2237 1484 2283; x_wconf 87' lang='lat' dir='ltr'><strong>est</strong></span> <span class='ocrx_word' id='word_1_147' title='bbox 1513 2231 1664 2282; x_wconf 90' lang='lat' dir='ltr'><strong>visus</strong></span> <span class='ocrx_word' id='word_1_148' title='bbox 1695 2247 1705 2279; x_wconf 95' lang='lat'>:</span> <span class='ocrx_word' id='word_1_149' title='bbox 1741 2237 1796 2283; x_wconf 91' lang='lat' dir='ltr'><strong>et</strong></span> <span class='ocrx_word' id='word_1_150' title='bbox 1827 2243 1936 2282; x_wconf 84' lang='lat' dir='ltr'><strong>uno</strong></span> <span class='ocrx_word' id='word_1_151' title='bbox 1980 2237 2192 2282; x_wconf 88' lang='lat' dir='ltr'><strong>tantum</strong></span> <span class='ocrx_word' id='word_1_152' title='bbox 2227 2229 2388 2282; x_wconf 93' lang='lat' dir='ltr'><strong>modo</strong></span> 
     </span>
    </p>
   </div>
   <div class='ocr_carea' id='block_1_25' title="bbox 813 2321 2389 2392">
    <p class='ocr_par' dir='ltr' id='par_1_25' title="bbox 813 2321 2389 2392">
     <span class='ocr_line' id='line_1_25' title="bbox 813 2321 2389 2392; baseline -0.001 -17"><span class='ocrx_word' id='word_1_153' title='bbox 813 2323 1107 2375; x_wconf 90' lang='lat' dir='ltr'><strong>humanior</strong></span> <span class='ocrx_word' id='word_1_154' title='bbox 1158 2322 1477 2391; x_wconf 86' lang='lat' dir='ltr'><strong>judicatus,</strong></span> <span class='ocrx_word' id='word_1_155' title='bbox 1530 2321 1676 2391; x_wconf 88' lang='lat' dir='ltr'><strong>quod</strong></span> <span class='ocrx_word' id='word_1_156' title='bbox 1729 2324 2022 2392; x_wconf 81' lang='lat' dir='ltr'><strong>episcopos</strong></span> <span class='ocrx_word' id='word_1_157' title='bbox 2086 2323 2190 2377; x_wconf 86' lang='lat' dir='ltr'><strong>sub</strong></span> <span class='ocrx_word' id='word_1_158' title='bbox 2243 2322 2389 2375; x_wconf 88' lang='lat' dir='ltr'><strong>Con-</strong></span> 
     </span>
    </p>
   </div>
   <div class='ocr_carea' id='block_1_26' title="bbox 818 2419 2392 2480">
    <p class='ocr_par' dir='ltr' id='par_1_26' title="bbox 818 2419 2392 2480">
     <span class='ocr_line' id='line_1_26' title="bbox 818 2419 2392 2480; baseline 0.003 -10"><span class='ocrx_word' id='word_1_159' title='bbox 818 2423 1022 2471; x_wconf 80' lang='lat' dir='ltr'><strong>stantio</strong></span> <span class='ocrx_word' id='word_1_160' title='bbox 1074 2419 1268 2472; x_wconf 74' lang='lat' dir='ltr'><strong>exsilio</strong></span> <span class='ocrx_word' id='word_1_161' title='bbox 1323 2419 1584 2472; x_wconf 89' lang='lat' dir='ltr'><strong>multatos</strong></span> <span class='ocrx_word' id='word_1_162' title='bbox 1647 2421 1965 2480; x_wconf 86' lang='lat' dir='ltr'><strong>revocavit,</strong></span> <span class='ocrx_word' id='word_1_163' title='bbox 2013 2431 2068 2473; x_wconf 88' lang='lat' dir='ltr'><strong>et</strong></span> <span class='ocrx_word' id='word_1_164' title='bbox 2119 2420 2171 2473; x_wconf 92' lang='lat' dir='ltr'><strong>in</strong></span> <span class='ocrx_word' id='word_1_165' title='bbox 2223 2420 2392 2474; x_wconf 81' lang='lat' dir='ltr'><strong>urbes</strong></span> 
     </span>
    </p>
   </div>
   <div class='ocr_carea' id='block_1_27' title="bbox 815 2509 2393 2578">
    <p class='ocr_par' dir='ltr' id='par_1_27' title="bbox 815 2509 2393 2578">
     <span class='ocr_line' id='line_1_27' title="bbox 815 2509 2393 2578; baseline -0.001 -14"><span class='ocrx_word' id='word_1_166' title='bbox 815 2516 945 2564; x_wconf 52' lang='lat' dir='ltr'><strong>sitas</strong></span> <span class='ocrx_word' id='word_1_167' title='bbox 998 2509 1178 2562; x_wconf 88' lang='lat' dir='ltr'><strong>redire</strong></span> <span class='ocrx_word' id='word_1_168' title='bbox 1223 2511 1493 2576; x_wconf 88' lang='lat' dir='ltr'><strong>permisit.</strong></span> <span class='ocrx_word' id='word_1_169' title='bbox 1544 2509 1723 2578; x_wconf 77' lang='lat' dir='ltr'><strong>Atque</strong></span> <span class='ocrx_word' id='word_1_170' title='bbox 1776 2509 1827 2563; x_wconf 91' lang='lat' dir='ltr'><strong>id</strong></span> <span class='ocrx_word' id='word_1_171' title='bbox 1876 2510 1966 2563; x_wconf 90' lang='lat' dir='ltr'><strong>ille</strong></span> <span class='ocrx_word' id='word_1_172' title='bbox 2018 2525 2127 2562; x_wconf 86' lang='lat' dir='ltr'><strong>non</strong></span> <span class='ocrx_word' id='word_1_173' title='bbox 2179 2511 2393 2564; x_wconf 60' lang='lat' dir='ltr'><strong>miseriv</strong></span> 
     </span>
    </p>
   </div>
   <div class='ocr_carea' id='block_1_28' title="bbox 817 2600 2392 2671">
    <p class='ocr_par' dir='ltr' id='par_1_28' title="bbox 817 2600 2392 2671">
     <span class='ocr_line' id='line_1_28' title="bbox 817 2600 2392 2671; baseline 0.001 -17"><span class='ocrx_word' id='word_1_174' title='bbox 817 2603 1004 2654; x_wconf 82' lang='lat' dir='ltr'><strong>cordia</strong></span> <span class='ocrx_word' id='word_1_175' title='bbox 1040 2600 1208 2662; x_wconf 79' lang='lat' dir='ltr'><strong>fecit,</strong></span> <span class='ocrx_word' id='word_1_176' title='bbox 1242 2602 1390 2654; x_wconf 87' lang='lat' dir='ltr'><strong>sicut</strong></span> <span class='ocrx_word' id='word_1_177' title='bbox 1433 2601 1695 2670; x_wconf 79' lang='lat' dir='ltr'><strong>colligere</strong></span> <span class='ocrx_word' id='word_1_178' title='bbox 1735 2610 1822 2655; x_wconf 91' lang='lat' dir='ltr'><strong>est</strong></span> <span class='ocrx_word' id='word_1_179' title='bbox 1855 2621 1868 2654; x_wconf 82' lang='lat'><strong>:</strong></span> <span class='ocrx_word' id='word_1_180' title='bbox 1911 2601 2012 2671; x_wconf 79' lang='lat'><strong>17</strong></span> <span class='ocrx_word' id='word_1_181' title='bbox 2044 2601 2139 2655; x_wconf 90' lang='lat' dir='ltr'><strong>sed</strong></span> <span class='ocrx_word' id='word_1_182' title='bbox 2174 2612 2232 2654; x_wconf 91' lang='lat' dir='ltr'><strong>ut</strong></span> <span class='ocrx_word' id='word_1_183' title='bbox 2272 2603 2392 2670; x_wconf 77' lang='lat' dir='ltr'><strong>epi-</strong></span> 
     </span>
    </p>
   </div>
   <div class='ocr_carea' id='block_1_29' title="bbox 817 2692 2396 2762">
    <p class='ocr_par' dir='ltr' id='par_1_29' title="bbox 817 2692 2396 2762">
     <span class='ocr_line' id='line_1_29' title="bbox 817 2692 2396 2762; baseline 0 -16"><span class='ocrx_word' id='word_1_184' title='bbox 817 2709 1014 2762; x_wconf 76' lang='lat' dir='ltr'><strong>sei-pos</strong></span> <span class='ocrx_word' id='word_1_185' title='bbox 1048 2694 1191 2746; x_wconf 87' lang='lat' dir='ltr'><strong>ittter</strong></span> <span class='ocrx_word' id='word_1_186' title='bbox 1216 2707 1272 2746; x_wconf 90' lang='lat' dir='ltr'><strong>se</strong></span> <span class='ocrx_word' id='word_1_187' title='bbox 1305 2693 1684 2755; x_wconf 89' lang='lat' dir='ltr'><strong>committens,</strong></span> <span class='ocrx_word' id='word_1_188' title='bbox 1710 2692 1774 2746; x_wconf 89' lang='lat' dir='ltr'><strong>ad</strong></span> <span class='ocrx_word' id='word_1_189' title='bbox 1805 2693 2127 2746; x_wconf 87' lang='lat' dir='ltr'><strong>intestinum</strong></span> <span class='ocrx_word' id='word_1_190' title='bbox 2157 2704 2396 2747; x_wconf 87' lang='lat' dir='ltr'><strong>armaret</strong></span> 
     </span>
    </p>
   </div>
   <div class='ocr_carea' id='block_1_30' title="bbox 819 2784 2395 2853">
    <p class='ocr_par' dir='ltr' id='par_1_30' title="bbox 819 2784 2395 2853">
     <span class='ocr_line' id='line_1_30' title="bbox 819 2784 2395 2853; baseline 0.002 -16"><span class='ocrx_word' id='word_1_191' title='bbox 819 2785 1021 2837; x_wconf 68' lang='lat' dir='ltr'><strong>bellum</strong></span> <span class='ocrx_word' id='word_1_192' title='bbox 1050 2825 1065 2848; x_wconf 89' lang='lat'><strong>,</strong></span> <span class='ocrx_word' id='word_1_193' title='bbox 1111 2794 1167 2838; x_wconf 91' lang='lat' dir='ltr'><strong>et</strong></span> <span class='ocrx_word' id='word_1_194' title='bbox 1208 2786 1323 2838; x_wconf 84' lang='lat' dir='ltr'><strong>suis</strong></span> <span class='ocrx_word' id='word_1_195' title='bbox 1374 2785 1489 2853; x_wconf 91' lang='lat' dir='ltr'><strong>ipsa</strong></span> <span class='ocrx_word' id='word_1_196' title='bbox 1534 2784 1783 2838; x_wconf 90' lang='lat' dir='ltr'><strong>dissidiis</strong></span> <span class='ocrx_word' id='word_1_197' title='bbox 1815 2786 2050 2840; x_wconf 83' lang='lat' dir='ltr'><strong>ecclesia</strong></span> <span class='ocrx_word' id='word_1_198' title='bbox 2097 2786 2395 2840; x_wconf 84' lang='lat' dir='ltr'><strong>labefacta-</strong></span> 
     </span>
    </p>
   </div>
   <div class='ocr_carea' id='block_1_31' title="bbox 821 2875 2399 2945">
    <p class='ocr_par' dir='ltr' id='par_1_31' title="bbox 821 2875 2399 2945">
     <span class='ocr_line' id='line_1_31' title="bbox 821 2875 2399 2945; baseline 0.002 -19"><span class='ocrx_word' id='word_1_199' title='bbox 821 2885 998 2929; x_wconf 86' lang='lat' dir='ltr'><strong>retur.</strong></span> <span class='ocrx_word' id='word_1_200' title='bbox 1045 2875 1298 2930; x_wconf 88' lang='lat' dir='ltr'><strong>Fortasse</strong></span> <span class='ocrx_word' id='word_1_201' title='bbox 1326 2877 1533 2940; x_wconf 88' lang='lat' dir='ltr'><strong>etiam,</strong></span> <span class='ocrx_word' id='word_1_202' title='bbox 1583 2884 1640 2929; x_wconf 89' lang='lat' dir='ltr'><strong>tit</strong></span> <span class='ocrx_word' id='word_1_203' title='bbox 1685 2875 2074 2930; x_wconf 81' lang='lat' dir='ltr'><strong>Constantium</strong></span> <span class='ocrx_word' id='word_1_204' title='bbox 2109 2881 2251 2945; x_wconf 82' lang='lat' dir='ltr'><strong>apud</strong></span> <span class='ocrx_word' id='word_1_205' title='bbox 2290 2877 2399 2930; x_wconf 71' lang='lat' dir='ltr'><strong>Ho-</strong></span> 
     </span>
    </p>
   </div>
   <div class='ocr_carea' id='block_1_32' title="bbox 822 2967 2396 3038">
    <p class='ocr_par' dir='ltr' id='par_1_32' title="bbox 822 2967 2396 3038">
     <span class='ocr_line' id='line_1_32' title="bbox 822 2967 2396 3038; baseline 0.001 -18"><span class='ocrx_word' id='word_1_206' title='bbox 822 2969 969 3021; x_wconf 83' lang='lat' dir='ltr'><strong>mani</strong></span> <span class='ocrx_word' id='word_1_207' title='bbox 1026 2968 1243 3038; x_wconf 80' lang='lat' dir='ltr'><strong>imperii</strong></span> <span class='ocrx_word' id='word_1_208' title='bbox 1307 2968 1599 3031; x_wconf 88' lang='lat' dir='ltr'><strong>subditos,</strong></span> <span class='ocrx_word' id='word_1_209' title='bbox 1661 2967 1716 3021; x_wconf 91' lang='lat' dir='ltr'><strong>in</strong></span> <span class='ocrx_word' id='word_1_210' title='bbox 1766 2968 1953 3022; x_wconf 89' lang='lat' dir='ltr'><strong>odium</strong></span> <span class='ocrx_word' id='word_1_211' title='bbox 2009 2978 2065 3022; x_wconf 89' lang='lat' dir='ltr'><strong>et</strong></span> <span class='ocrx_word' id='word_1_212' title='bbox 2132 2968 2396 3022; x_wconf 80' lang='lat' dir='ltr'><strong>invidiam</strong></span> 
     </span>
    </p>
   </div>
   <div class='ocr_carea' id='block_1_33' title="bbox 823 3060 2397 3131">
    <p class='ocr_par' dir='ltr' id='par_1_33' title="bbox 823 3060 2397 3131">
     <span class='ocr_line' id='line_1_33' title="bbox 823 3060 2397 3131; baseline 0.001 -17"><span class='ocrx_word' id='word_1_213' title='bbox 823 3063 1120 3115; x_wconf 73' lang='lat' dir='ltr'><strong>adducoret</strong></span> <span class='ocrx_word' id='word_1_214' title='bbox 1155 3081 1169 3114; x_wconf 83' lang='lat'><strong>:</strong></span> <span class='ocrx_word' id='word_1_215' title='bbox 1203 3071 1318 3114; x_wconf 90' lang='lat' dir='ltr'><strong>tum</strong></span> <span class='ocrx_word' id='word_1_216' title='bbox 1349 3060 1607 3124; x_wconf 67' lang='lat' dir='ltr'><strong>Griecos,</strong></span> <span class='ocrx_word' id='word_1_217' title='bbox 1651 3064 1744 3130; x_wconf 87' lang='lat' dir='ltr'><strong>qui</strong></span> <span class='ocrx_word' id='word_1_218' title='bbox 1776 3061 1986 3114; x_wconf 90' lang='lat' dir='ltr'><strong>eisdem</strong></span> <span class='ocrx_word' id='word_1_219' title='bbox 2037 3076 2224 3115; x_wconf 87' lang='lat' dir='ltr'><strong>secum</strong></span> <span class='ocrx_word' id='word_1_220' title='bbox 2261 3079 2397 3131; x_wconf 86' lang='lat' dir='ltr'><strong>ope-</strong></span> 
     </span>
    </p>
   </div>
   <div class='ocr_carea' id='block_1_34' title="bbox 824 3155 2394 3224">
    <p class='ocr_par' dir='ltr' id='par_1_34' title="bbox 824 3155 2394 3224">
     <span class='ocr_line' id='line_1_34' title="bbox 824 3155 2394 3224; baseline -0.001 -17"><span class='ocrx_word' id='word_1_221' title='bbox 824 3165 1082 3209; x_wconf 64' lang='lat' dir='ltr'><strong>riircntur</strong></span> <span class='ocrx_word' id='word_1_222' title='bbox 1111 3158 1304 3212; x_wconf 84' lang='lat' dir='ltr'><strong>sacris.</strong></span> <span class='ocrx_word' id='word_1_223' title='bbox 1327 3155 1510 3209; x_wconf 79' lang='lat' dir='ltr'><strong>favore</strong></span> <span class='ocrx_word' id='word_1_224' title='bbox 1535 3169 1912 3224; x_wconf 81' lang='lat' dir='ltr'><strong>prosequens;</strong></span> <span class='ocrx_word' id='word_1_225' title='bbox 1941 3163 2056 3207; x_wconf 89' lang='lat' dir='ltr'><strong>tum</strong></span> <span class='ocrx_word' id='word_1_226' title='bbox 2083 3155 2394 3224; x_wconf 85' lang='lat' dir='ltr'><strong>episcopos,</strong></span> 
     </span>
    </p>
   </div>
   <div class='ocr_carea' id='block_1_35' title="bbox 823 3247 2401 3319">
    <p class='ocr_par' dir='ltr' id='par_1_35' title="bbox 823 3247 2401 3319">
     <span class='ocr_line' id='line_1_35' title="bbox 823 3247 2401 3319; baseline 0 -18"><span class='ocrx_word' id='word_1_227' title='bbox 823 3250 916 3317; x_wconf 85' lang='lat' dir='ltr'><strong>qui</strong></span> <span class='ocrx_word' id='word_1_228' title='bbox 971 3259 1193 3319; x_wconf 84' lang='lat' dir='ltr'><strong>propter</strong></span> <span class='ocrx_word' id='word_1_229' title='bbox 1238 3248 1522 3302; x_wconf 84' lang='lat' dir='ltr'><strong>Christum</strong></span> <span class='ocrx_word' id='word_1_230' title='bbox 1571 3247 1756 3302; x_wconf 79' lang='lat' dir='ltr'><strong>aﬂlicti</strong></span> <span class='ocrx_word' id='word_1_231' title='bbox 1806 3255 2028 3311; x_wconf 88' lang='lat' dir='ltr'><strong>essent,</strong></span> <span class='ocrx_word' id='word_1_232' title='bbox 2078 3247 2148 3302; x_wconf 89' lang='lat' dir='ltr'><strong>ab</strong></span> <span class='ocrx_word' id='word_1_233' title='bbox 2201 3249 2401 3314; x_wconf 85' lang='lat' dir='ltr'><strong>injuria</strong></span> 
     </span>
    </p>
   </div>
   <div class='ocr_carea' id='block_1_36' title="bbox 827 3341 2403 3410">
    <p class='ocr_par' dir='ltr' id='par_1_36' title="bbox 827 3341 2403 3410">
     <span class='ocr_line' id='line_1_36' title="bbox 827 3341 2403 3410; baseline 0.003 -17"><span class='ocrx_word' id='word_1_234' title='bbox 827 3343 1140 3395; x_wconf 68' lang='lat' dir='ltr'><strong>vindicans.</strong></span> <span class='ocrx_word' id='word_1_235' title='bbox 1179 3341 1372 3410; x_wconf 83' lang='lat' dir='ltr'><strong>Itaque</strong></span> <span class='ocrx_word' id='word_1_236' title='bbox 1406 3342 1694 3396; x_wconf 87' lang='lat' dir='ltr'><strong>eunuchos</strong></span> <span class='ocrx_word' id='word_1_237' title='bbox 1726 3355 1950 3410; x_wconf 89' lang='lat' dir='ltr'><strong>quoque</strong></span> <span class='ocrx_word' id='word_1_238' title='bbox 1975 3341 2246 3410; x_wconf 88' lang='lat' dir='ltr'><strong>imperiali</strong></span> <span class='ocrx_word' id='word_1_239' title='bbox 2281 3342 2403 3398; x_wconf 88' lang='lat' dir='ltr'><strong>aula</strong></span> 
     </span>
    </p>
   </div>
   <div class='ocr_carea' id='block_1_37' title="bbox 825 3431 2405 3500">
    <p class='ocr_par' dir='ltr' id='par_1_37' title="bbox 825 3431 2405 3500">
     <span class='ocr_line' id='line_1_37' title="bbox 825 3431 2405 3500; baseline -0.001 -15"><span class='ocrx_word' id='word_1_240' title='bbox 825 3433 1026 3499; x_wconf 51' lang='lat' dir='ltr'><strong>cxcgih</strong></span> <span class='ocrx_word' id='word_1_241' title='bbox 1065 3433 1365 3486; x_wconf 83' lang='lat' dir='ltr'><strong>Eusebium</strong></span> <span class='ocrx_word' id='word_1_242' title='bbox 1399 3443 1603 3493; x_wconf 87' lang='lat' dir='ltr'><strong>autem,</strong></span> <span class='ocrx_word' id='word_1_243' title='bbox 1635 3431 1728 3499; x_wconf 91' lang='lat' dir='ltr'><strong>qui</strong></span> <span class='ocrx_word' id='word_1_244' title='bbox 1765 3433 2000 3500; x_wconf 92' lang='lat' dir='ltr'><strong>primum</strong></span> <span class='ocrx_word' id='word_1_245' title='bbox 2036 3433 2089 3484; x_wconf 92' lang='lat' dir='ltr'><strong>in</strong></span> <span class='ocrx_word' id='word_1_246' title='bbox 2129 3447 2191 3483; x_wconf 83' lang='lat' dir='ltr'><strong>ea</strong></span> <span class='ocrx_word' id='word_1_247' title='bbox 2225 3432 2405 3484; x_wconf 90' lang='lat' dir='ltr'><strong>locum</strong></span> 
     </span>
    </p>
   </div>
   <div class='ocr_carea' id='block_1_38' title="bbox 828 3523 2404 3590">
    <p class='ocr_par' dir='ltr' id='par_1_38' title="bbox 828 3523 2404 3590">
     <span class='ocr_line' id='line_1_38' title="bbox 828 3523 2404 3590; baseline -0.002 -13"><span class='ocrx_word' id='word_1_248' title='bbox 828 3537 1105 3590; x_wconf 63' lang='lat' dir='ltr'><strong>tenuerat,</strong></span> <span class='ocrx_word' id='word_1_249' title='bbox 1150 3536 1327 3579; x_wconf 66' lang='lat' dir='ltr'><strong>inerte</strong></span> <span class='ocrx_word' id='word_1_250' title='bbox 1365 3523 1529 3577; x_wconf 87' lang='lat' dir='ltr'><strong>etiam</strong></span> <span class='ocrx_word' id='word_1_251' title='bbox 1579 3526 1829 3576; x_wconf 80' lang='lat' dir='ltr'><strong>multavit</strong></span> <span class='ocrx_word' id='word_1_252' title='bbox 1865 3540 1879 3576; x_wconf 90' lang='grc'>;</span> <span class='ocrx_word' id='word_1_253' title='bbox 1923 3523 2010 3576; x_wconf 88' lang='lat' dir='ltr'><strong>cui</strong></span> <span class='ocrx_word' id='word_1_254' title='bbox 2062 3523 2223 3575; x_wconf 81' lang='lat' dir='ltr'><strong>aliain</strong></span> <span class='ocrx_word' id='word_1_255' title='bbox 2263 3539 2404 3590; x_wconf 86' lang='lat' dir='ltr'><strong>quo-</strong></span> 
     </span>
    </p>
   </div>
   <div class='ocr_carea' id='block_1_39' title="bbox 831 3615 2409 3686">
    <p class='ocr_par' dir='ltr' id='par_1_39' title="bbox 831 3615 2409 3686">
     <span class='ocr_line' id='line_1_39' title="bbox 831 3615 2409 3686; baseline -0.002 -18"><span class='ocrx_word' id='word_1_256' title='bbox 831 3636 939 3686; x_wconf 84' lang='lat' dir='ltr'><strong>que</strong></span> <span class='ocrx_word' id='word_1_257' title='bbox 985 3620 1055 3669; x_wconf 87' lang='lat' dir='ltr'><strong>ob</strong></span> <span class='ocrx_word' id='word_1_258' title='bbox 1102 3633 1323 3670; x_wconf 80' lang='lat' dir='ltr'><strong>causam</strong></span> <span class='ocrx_word' id='word_1_259' title='bbox 1381 3618 1634 3669; x_wconf 76' lang='lat' dir='ltr'><strong>infensus</strong></span> <span class='ocrx_word' id='word_1_260' title='bbox 1688 3615 1823 3680; x_wconf 80' lang='lat' dir='ltr'><strong>fuit;</strong></span> <span class='ocrx_word' id='word_1_261' title='bbox 1875 3624 2189 3682; x_wconf 72' lang='lat' dir='ltr'><strong>SUSpt‘Clum</strong></span> <span class='ocrx_word' id='word_1_262' title='bbox 2239 3615 2409 3680; x_wconf 86' lang='lat' dir='ltr'><strong>enim,</strong></span> 
     </span>
    </p>
   </div>
   <div class='ocr_carea' id='block_1_40' title="bbox 834 3708 2406 3778">
    <p class='ocr_par' dir='ltr' id='par_1_40' title="bbox 834 3708 2406 3778">
     <span class='ocr_line' id='line_1_40' title="bbox 834 3708 2406 3778; baseline -0.001 -18"><span class='ocrx_word' id='word_1_263' title='bbox 834 3711 1004 3762; x_wconf 72' lang='lat' dir='ltr'><strong>icluti</strong></span> <span class='ocrx_word' id='word_1_264' title='bbox 1045 3709 1250 3778; x_wconf 74' lang='lat' dir='ltr'><strong>_f:&#39;atris</strong></span> <span class='ocrx_word' id='word_1_265' title='bbox 1301 3709 1386 3762; x_wconf 91' lang='lat' dir='ltr'><strong>sui</strong></span> <span class='ocrx_word' id='word_1_266' title='bbox 1435 3709 1574 3762; x_wconf 75' lang='lat' dir='ltr'><strong>Galli</strong></span> <span class='ocrx_word' id='word_1_267' title='bbox 1637 3710 1785 3762; x_wconf 88' lang='lat' dir='ltr'><strong>necis</strong></span> <span class='ocrx_word' id='word_1_268' title='bbox 1830 3723 2149 3767; x_wconf 84' lang='lat' dir='ltr'><strong>suasorem,</strong></span> <span class='ocrx_word' id='word_1_269' title='bbox 2195 3708 2406 3761; x_wconf 91' lang='lat' dir='ltr'><strong>habuit.</strong></span> 
     </span>
    </p>
   </div>
   <div class='ocr_carea' id='block_1_41' title="bbox 835 3801 2411 3872">
    <p class='ocr_par' dir='ltr' id='par_1_41' title="bbox 835 3801 2411 3872">
     <span class='ocr_line' id='line_1_41' title="bbox 835 3801 2411 3872; baseline 0.001 -20"><span class='ocrx_word' id='word_1_270' title='bbox 835 3808 1032 3872; x_wconf 59' lang='lat' dir='ltr'><strong>sjriim</strong></span> <span class='ocrx_word' id='word_1_271' title='bbox 1065 3813 1250 3856; x_wconf 87' lang='lat' dir='ltr'><strong>autem</strong></span> <span class='ocrx_word' id='word_1_272' title='bbox 1283 3805 1525 3864; x_wconf 84' lang='lat' dir='ltr'><strong>Aetium,</strong></span> <span class='ocrx_word' id='word_1_273' title='bbox 1558 3813 1841 3856; x_wconf 86' lang='lat' dir='ltr'><strong>auctorem</strong></span> <span class='ocrx_word' id='word_1_274' title='bbox 1875 3812 1930 3855; x_wconf 88' lang='lat' dir='ltr'><strong>et</strong></span> <span class='ocrx_word' id='word_1_275' title='bbox 1960 3802 2154 3854; x_wconf 89' lang='lat' dir='ltr'><strong>ducem</strong></span> <span class='ocrx_word' id='word_1_276' title='bbox 2185 3801 2411 3854; x_wconf 62' lang='lat' dir='ltr'><strong>haeresis</strong></span> 
     </span>
    </p>
   </div>
   <div class='ocr_carea' id='block_1_42' title="bbox 835 3895 2407 3962">
    <p class='ocr_par' dir='ltr' id='par_1_42' title="bbox 835 3895 2407 3962">
     <span class='ocr_line' id='line_1_42' title="bbox 835 3895 2407 3962; baseline -0.003 -12"><span class='ocrx_word' id='word_1_277' title='bbox 835 3899 1109 3960; x_wconf 71' lang='lat' dir='ltr'><strong>Eunonni,</strong></span> <span class='ocrx_word' id='word_1_278' title='bbox 1138 3906 1193 3949; x_wconf 89' lang='lat' dir='ltr'><strong>et</strong></span> <span class='ocrx_word' id='word_1_279' title='bbox 1219 3896 1526 3949; x_wconf 70' lang='lat' dir='ltr'><strong>Cotts‘luttlii</strong></span> <span class='ocrx_word' id='word_1_280' title='bbox 1556 3895 1827 3948; x_wconf 87' lang='lat' dir='ltr'><strong>sententia</strong></span> <span class='ocrx_word' id='word_1_281' title='bbox 1853 3934 1867 3958; x_wconf 91' lang='lat'><strong>,</strong></span> <span class='ocrx_word' id='word_1_282' title='bbox 1901 3895 1993 3962; x_wconf 90' lang='lat' dir='ltr'><strong>qui</strong></span> <span class='ocrx_word' id='word_1_283' title='bbox 2023 3910 2148 3946; x_wconf 88' lang='lat' dir='ltr'><strong>cum</strong></span> <span class='ocrx_word' id='word_1_284' title='bbox 2179 3904 2407 3961; x_wconf 87' lang='lat' dir='ltr'><strong>prepter</strong></span> 
     </span>
    </p>
   </div>
   <div class='ocr_carea' id='block_1_43' title="bbox 833 3985 2409 4055">
    <p class='ocr_par' dir='ltr' id='par_1_43' title="bbox 833 3985 2409 4055">
     <span class='ocr_line' id='line_1_43' title="bbox 833 3985 2409 4055; baseline -0.004 -13"><span class='ocrx_word' id='word_1_285' title='bbox 833 3990 1266 4042; x_wconf 71' lang='lat' dir='ltr'><strong>lainiiiaritaietn</strong></span> <span class='ocrx_word' id='word_1_286' title='bbox 1299 3986 1436 4040; x_wconf 83' lang='lat' dir='ltr'><strong>Galli</strong></span> <span class='ocrx_word' id='word_1_287' title='bbox 1479 3997 1801 4055; x_wconf 83' lang='lat' dir='ltr'><strong>suspectum</strong></span> <span class='ocrx_word' id='word_1_288' title='bbox 1847 4002 2067 4054; x_wconf 84' lang='lat' dir='ltr'><strong>quoque</strong></span> <span class='ocrx_word' id='word_1_289' title='bbox 2110 3985 2409 4046; x_wconf 85' lang='lat' dir='ltr'><strong>habuerat,</strong></span> 
     </span>
    </p>
   </div>
   <div class='ocr_carea' id='block_1_44' title="bbox 833 4077 2410 4147">
    <p class='ocr_par' dir='ltr' id='par_1_44' title="bbox 833 4077 2410 4147">
     <span class='ocr_line' id='line_1_44' title="bbox 833 4077 2410 4147; baseline -0.003 -14"><span class='ocrx_word' id='word_1_290' title='bbox 833 4085 1193 4144; x_wconf 70' lang='lat' dir='ltr'><strong>damnatum,</strong></span> <span class='ocrx_word' id='word_1_291' title='bbox 1229 4090 1283 4134; x_wconf 86' lang='lat' dir='ltr'><strong>et</strong></span> <span class='ocrx_word' id='word_1_292' title='bbox 1318 4082 1371 4132; x_wconf 91' lang='lat' dir='ltr'><strong>iii</strong></span> <span class='ocrx_word' id='word_1_293' title='bbox 1401 4080 1656 4132; x_wconf 78' lang='lat' dir='ltr'><strong>exsilium</strong></span> <span class='ocrx_word' id='word_1_294' title='bbox 1693 4089 1875 4132; x_wconf 88' lang='lat' dir='ltr'><strong>actum</strong></span> <span class='ocrx_word' id='word_1_295' title='bbox 1899 4119 1913 4142; x_wconf 89' lang='lat'><strong>,</strong></span> <span class='ocrx_word' id='word_1_296' title='bbox 1946 4092 2215 4147; x_wconf 86' lang='lat' dir='ltr'><strong>perquam</strong></span> <span class='ocrx_word' id='word_1_297' title='bbox 2250 4077 2410 4130; x_wconf 84' lang='lat' dir='ltr'><strong>heni-</strong></span> 
     </span>
    </p>
   </div>
   <div class='ocr_carea' id='block_1_45' title="bbox 834 4169 2410 4243">
    <p class='ocr_par' dir='ltr' id='par_1_45' title="bbox 834 4169 2410 4243">
     <span class='ocr_line' id='line_1_45' title="bbox 834 4169 2410 4243; baseline -0.001 -20"><span class='ocrx_word' id='word_1_298' title='bbox 834 4175 955 4243; x_wconf 76' lang='lat' dir='ltr'><strong>gnis</strong></span> <span class='ocrx_word' id='word_1_299' title='bbox 987 4175 1192 4226; x_wconf 82' lang='lat' dir='ltr'><strong>litteris</strong></span> <span class='ocrx_word' id='word_1_300' title='bbox 1230 4174 1529 4234; x_wconf 77' lang='lat' dir='ltr'><strong>revocavit,</strong></span> <span class='ocrx_word' id='word_1_301' title='bbox 1564 4181 1617 4224; x_wconf 85' lang='lat' dir='ltr'><strong>et</strong></span> <span class='ocrx_word' id='word_1_302' title='bbox 1658 4170 1878 4238; x_wconf 89' lang='lat' dir='ltr'><strong>publica</strong></span> <span class='ocrx_word' id='word_1_303' title='bbox 1911 4178 2135 4222; x_wconf 76' lang='lat' dir='ltr'><strong>vectura</strong></span> <span class='ocrx_word' id='word_1_304' title='bbox 2171 4169 2410 4222; x_wconf 75' lang='lat' dir='ltr'><strong>reduxit.</strong></span> 
     </span>
    </p>
   </div>
   <div class='ocr_carea' id='block_1_46' title="bbox 829 4261 2410 4333">
    <p class='ocr_par' dir='ltr' id='par_1_46' title="bbox 829 4261 2410 4333">
     <span class='ocr_line' id='line_1_46' title="bbox 829 4261 2410 4333; baseline -0.004 -16"><span class='ocrx_word' id='word_1_305' title='bbox 829 4267 1067 4333; x_wconf 84' lang='lat' dir='ltr'><strong>l’roptcr</strong></span> <span class='ocrx_word' id='word_1_306' title='bbox 1139 4263 1526 4317; x_wconf 80' lang='lat' dir='ltr'><strong>Constantium</strong></span> <span class='ocrx_word' id='word_1_307' title='bbox 1583 4263 1843 4330; x_wconf 89' lang='lat' dir='ltr'><strong>quidem,</strong></span> <span class='ocrx_word' id='word_1_308' title='bbox 1901 4261 2184 4314; x_wconf 79' lang='lat' dir='ltr'><strong>Eleusium</strong></span> <span class='ocrx_word' id='word_1_309' title='bbox 2240 4261 2410 4312; x_wconf 89' lang='lat' dir='ltr'><strong>etiam</strong></span> 
     </span>
    </p>
   </div>
   <div class='ocr_carea' id='block_1_47' title="bbox 835 4352 2413 4427">
    <p class='ocr_par' dir='ltr' id='par_1_47' title="bbox 835 4352 2413 4427">
     <span class='ocr_line' id='line_1_47' title="bbox 835 4352 2413 4427; baseline -0.006 -17"><span class='ocrx_word' id='word_1_310' title='bbox 835 4360 1167 4427; x_wconf 53' lang='lat' dir='ltr'><strong>(lj‘liccnum</strong></span> <span class='ocrx_word' id='word_1_311' title='bbox 1206 4357 1470 4423; x_wconf 87' lang='lat' dir='ltr'><strong>impensis</strong></span> <span class='ocrx_word' id='word_1_312' title='bbox 1504 4355 1778 4423; x_wconf 85' lang='lat' dir='ltr'><strong>propriis,</strong></span> <span class='ocrx_word' id='word_1_313' title='bbox 1813 4369 1976 4421; x_wconf 88' lang='lat' dir='ltr'><strong>quam</strong></span> <span class='ocrx_word' id='word_1_314' title='bbox 2011 4352 2129 4405; x_wconf 85' lang='lat' dir='ltr'><strong>solo</strong></span> <span class='ocrx_word' id='word_1_315' title='bbox 2162 4365 2413 4419; x_wconf 70' lang='lat' dir='ltr'><strong>aequave-</strong></span> 
     </span>
    </p>
   </div>
   <div class='ocr_carea' id='block_1_48' title="bbox 2472 575 4051 646">
    <p class='ocr_par' dir='ltr' id='par_1_48' title="bbox 2472 575 4051 646">
     <span class='ocr_line' id='line_1_48' title="bbox 2472 575 4051 646; baseline 0.001 -20"><span class='ocrx_word' id='word_1_316' title='bbox 2472 577 2567 626; x_wconf 76' lang='grc' dir='ltr'><strong>καί</strong></span> <span class='ocrx_word' id='word_1_317' title='bbox 2610 575 2920 642; x_wconf 80' lang='grc' dir='ltr'><strong>βαρυτάτη,</strong></span> <span class='ocrx_word' id='word_1_318' title='bbox 2949 575 3024 637; x_wconf 84' lang='grc' dir='ltr'><strong>ὼς</strong></span> <span class='ocrx_word' id='word_1_319' title='bbox 3053 578 3150 629; x_wconf 78' lang='grc' dir='ltr'><strong>καί</strong></span> <span class='ocrx_word' id='word_1_320' title='bbox 3179 577 3248 629; x_wconf 87' lang='grc' dir='ltr'><strong>τά</strong></span> <span class='ocrx_word' id='word_1_321' title='bbox 3283 578 3551 645; x_wconf 78' lang='grc' dir='ltr'>γενόμενα</span> <span class='ocrx_word' id='word_1_322' title='bbox 3579 577 3687 630; x_wconf 78' lang='grc' dir='ltr'><strong>τῶν</strong></span> <span class='ocrx_word' id='word_1_323' title='bbox 3724 579 4051 646; x_wconf 72' lang='grc' dir='ltr'><strong>πρακτόρων</strong></span> 
     </span>
    </p>
   </div>
   <div class='ocr_carea' id='block_1_49' title="bbox 2472 668 4056 740">
    <p class='ocr_par' dir='ltr' id='par_1_49' title="bbox 2472 668 4056 740">
     <span class='ocr_line' id='line_1_49' title="bbox 2472 668 4056 740; baseline 0.002 -23"><span class='ocrx_word' id='word_1_324' title='bbox 2472 670 2826 734; x_wconf 84' lang='grc' dir='ltr'>γραμματεῖα</span> <span class='ocrx_word' id='word_1_325' title='bbox 2849 668 3059 738; x_wconf 78' lang='grc' dir='ltr'>ἐδήλου.</span> <span class='ocrx_word' id='word_1_326' title='bbox 3084 669 3159 722; x_wconf 80' lang='grc' dir='ltr'><strong>Οὐ</strong></span> <span class='ocrx_word' id='word_1_327' title='bbox 3192 671 3354 740; x_wconf 80' lang='grc' dir='ltr'>μέχρι</span> <span class='ocrx_word' id='word_1_328' title='bbox 3379 670 3434 722; x_wconf 84' lang='grc' dir='ltr'>δὲ</span> <span class='ocrx_word' id='word_1_329' title='bbox 3460 670 3668 722; x_wconf 87' lang='grc' dir='ltr'>τούτων</span> <span class='ocrx_word' id='word_1_330' title='bbox 3691 672 3723 739; x_wconf 84' lang='grc' dir='ltr'>ἠ</span> <span class='ocrx_word' id='word_1_331' title='bbox 3745 669 3840 722; x_wconf 76' lang='grc' dir='ltr'>τοῦ</span> <span class='ocrx_word' id='word_1_332' title='bbox 3860 671 4056 740; x_wconf 71' lang='grc' dir='ltr'>τυράν-</span> 
     </span>
    </p>
   </div>
   <div class='ocr_carea' id='block_1_50' title="bbox 2472 758 4051 832">
    <p class='ocr_par' dir='ltr' id='par_1_50' title="bbox 2472 758 4051 832">
     <span class='ocr_line' id='line_1_50' title="bbox 2472 758 4051 832; baseline 0.004 -24"><span class='ocrx_word' id='word_1_333' title='bbox 2472 776 2564 809; x_wconf 91' lang='grc' dir='ltr'><strong>νου</strong></span> <span class='ocrx_word' id='word_1_334' title='bbox 2592 758 2863 828; x_wconf 83' lang='grc' dir='ltr'>ἀπέχθεια</span> <span class='ocrx_word' id='word_1_335' title='bbox 2889 759 3096 814; x_wconf 76' lang='grc' dir='ltr'>ἵστατο.</span> <span class='ocrx_word' id='word_1_336' title='bbox 3129 761 3290 814; x_wconf 80' lang='grc' dir='ltr'>Ἀλλά</span> <span class='ocrx_word' id='word_1_337' title='bbox 3325 763 3386 813; x_wconf 74' lang='grc' dir='ltr'>τὸ</span> <span class='ocrx_word' id='word_1_338' title='bbox 3414 762 3550 832; x_wconf 79' lang='grc' dir='ltr'>πρὸς</span> <span class='ocrx_word' id='word_1_339' title='bbox 3582 764 3685 828; x_wconf 78' lang='grc' dir='ltr'>τὴν</span> <span class='ocrx_word' id='word_1_340' title='bbox 3717 759 4051 831; x_wconf 85' lang='grc' dir='ltr'>Ἐκκλησίαν</span> 
     </span>
    </p>
   </div>
   <div class='ocr_carea' id='block_1_51' title="bbox 2478 850 4054 923">
    <p class='ocr_par' dir='ltr' id='par_1_51' title="bbox 2478 850 4054 923">
     <span class='ocr_line' id='line_1_51' title="bbox 2478 850 4054 923; baseline 0.003 -23"><span class='ocrx_word' id='word_1_341' title='bbox 2478 851 2634 918; x_wconf 80' lang='grc' dir='ltr'>μῖσος</span> <span class='ocrx_word' id='word_1_342' title='bbox 2675 850 2813 920; x_wconf 87' lang='grc' dir='ltr'>πρὸς</span> <span class='ocrx_word' id='word_1_343' title='bbox 2868 852 3108 920; x_wconf 78' lang='grc' dir='ltr'><strong>παντελῆ</strong></span> <span class='ocrx_word' id='word_1_344' title='bbox 3161 852 3486 922; x_wconf 79' lang='grc' dir='ltr'><strong>καθαίρεσιν</strong></span> <span class='ocrx_word' id='word_1_345' title='bbox 3528 854 3701 920; x_wconf 79' lang='grc' dir='ltr'>αὐτῆς</span> <span class='ocrx_word' id='word_1_346' title='bbox 3739 855 4054 923; x_wconf 80' lang='grc' dir='ltr'>ἀνηρέθιζε.</span> 
     </span>
    </p>
   </div>
   <div class='ocr_carea' id='block_1_52' title="bbox 2479 942 4056 1016">
    <p class='ocr_par' dir='ltr' id='par_1_52' title="bbox 2479 942 4056 1016">
     <span class='ocr_line' id='line_1_52' title="bbox 2479 942 4056 1016; baseline 0.004 -23"><span class='ocrx_word' id='word_1_347' title='bbox 2479 942 2588 994; x_wconf 75' lang='grc' dir='ltr'><strong>Καὶ</strong></span> <span class='ocrx_word' id='word_1_348' title='bbox 2617 943 2727 1011; x_wconf 88' lang='grc' dir='ltr'><strong>γάρ</strong></span> <span class='ocrx_word' id='word_1_349' title='bbox 2752 947 2851 995; x_wconf 74' lang='grc' dir='ltr'>ὅσα</span> <span class='ocrx_word' id='word_1_350' title='bbox 2883 945 3198 1013; x_wconf 72' lang='grc' dir='ltr'>προσῄεσαν</span> <span class='ocrx_word' id='word_1_351' title='bbox 3229 945 3366 1014; x_wconf 78' lang='grc' dir='ltr'>αὐτῇ</span> <span class='ocrx_word' id='word_1_352' title='bbox 3403 948 3574 1016; x_wconf 69' lang='grc' dir='ltr'>σκεύη</span> <span class='ocrx_word' id='word_1_353' title='bbox 3609 952 3703 999; x_wconf 78' lang='grc' dir='ltr'>καὶ</span> <span class='ocrx_word' id='word_1_354' title='bbox 3725 947 4056 1016; x_wconf 78' lang='grc' dir='ltr'>ἀναθήματα</span> 
     </span>
    </p>
   </div>
   <div class='ocr_carea' id='block_1_53' title="bbox 2478 1036 4054 1104">
    <p class='ocr_par' dir='ltr' id='par_1_53' title="bbox 2478 1036 4054 1104">
     <span class='ocr_line' id='line_1_53' title="bbox 2478 1036 4054 1104; baseline 0.001 -16"><span class='ocrx_word' id='word_1_355' title='bbox 2478 1036 2890 1104; x_wconf 78' lang='grc' dir='ltr'>ἀφαιρούμενος</span> <span class='ocrx_word' id='word_1_356' title='bbox 2919 1078 2934 1100; x_wconf 95' lang='grc'><strong>,</strong></span> <span class='ocrx_word' id='word_1_357' title='bbox 2976 1041 3086 1100; x_wconf 76' lang='grc' dir='ltr'>τοῖς</span> <span class='ocrx_word' id='word_1_358' title='bbox 3137 1038 3246 1091; x_wconf 82' lang='grc' dir='ltr'>τῶν</span> <span class='ocrx_word' id='word_1_359' title='bbox 3296 1038 3534 1090; x_wconf 80' lang='grc' dir='ltr'>ειδώλων</span> <span class='ocrx_word' id='word_1_360' title='bbox 3574 1039 3814 1091; x_wconf 78' lang='grc' dir='ltr'><strong>ἀνετίθει</strong></span> <span class='ocrx_word' id='word_1_361' title='bbox 3868 1041 4010 1101; x_wconf 88' lang='grc' dir='ltr'>ναοῖς</span> <span class='ocrx_word' id='word_1_362' title='bbox 4039 1055 4054 1069; x_wconf 75' lang='grc' dir='ltr'><strong>ο</strong></span> 
     </span>
    </p>
   </div>
   <div class='ocr_carea' id='block_1_54' title="bbox 2488 1130 4056 1198">
    <p class='ocr_par' dir='ltr' id='par_1_54' title="bbox 2488 1130 4056 1198">
     <span class='ocr_line' id='line_1_54' title="bbox 2488 1130 4056 1198; baseline 0.004 -20"><span class='ocrx_word' id='word_1_363' title='bbox 2488 1130 2610 1198; x_wconf 80' lang='grc' dir='ltr'>βίαν</span> <span class='ocrx_word' id='word_1_364' title='bbox 2659 1147 2713 1181; x_wconf 87' lang='grc' dir='ltr'><strong>τε</strong></span> <span class='ocrx_word' id='word_1_365' title='bbox 2747 1132 2858 1192; x_wconf 81' lang='grc' dir='ltr'>τοῖς</span> <span class='ocrx_word' id='word_1_366' title='bbox 2893 1130 3184 1184; x_wconf 75' lang='grc' dir='ltr'><strong>καθελοῦσι</strong></span> <span class='ocrx_word' id='word_1_367' title='bbox 3209 1131 3368 1194; x_wconf 75' lang='grc' dir='ltr'>ναοὺς</span> <span class='ocrx_word' id='word_1_368' title='bbox 3418 1131 3509 1183; x_wconf 74' lang='grc' dir='ltr'><strong>ἐπί</strong></span> <span class='ocrx_word' id='word_1_369' title='bbox 3551 1148 3609 1183; x_wconf 86' lang='grc' dir='ltr'><strong>τε</strong></span> <span class='ocrx_word' id='word_1_370' title='bbox 3645 1131 4056 1186; x_wconf 72' lang='grc' dir='ltr'>Κωνσταντίνου</span> 
     </span>
    </p>
   </div>
   <div class='ocr_carea' id='block_1_55' title="bbox 2481 1225 4057 1296">
    <p class='ocr_par' dir='ltr' id='par_1_55' title="bbox 2481 1225 4057 1296">
     <span class='ocr_line' id='line_1_55' title="bbox 2481 1225 4057 1296; baseline 0.001 -20"><span class='ocrx_word' id='word_1_371' title='bbox 2481 1227 2573 1276; x_wconf 73' lang='grc' dir='ltr'>καὶ</span> <span class='ocrx_word' id='word_1_372' title='bbox 2605 1225 2990 1278; x_wconf 79' lang='grc' dir='ltr'>Κωνσταντίου</span> <span class='ocrx_word' id='word_1_373' title='bbox 3039 1225 3212 1296; x_wconf 84' lang='grc' dir='ltr'>ἐπῆγε</span> <span class='ocrx_word' id='word_1_374' title='bbox 3268 1225 3464 1280; x_wconf 76' lang='grc' dir='ltr'>Θᾶττον</span> <span class='ocrx_word' id='word_1_375' title='bbox 3507 1226 3834 1295; x_wconf 80' lang='grc' dir='ltr'>οἰκοδομεῖν,</span> <span class='ocrx_word' id='word_1_376' title='bbox 3884 1227 3914 1294; x_wconf 79' lang='grc' dir='ltr'>ἢ</span> <span class='ocrx_word' id='word_1_377' title='bbox 3959 1233 4057 1289; x_wconf 71' lang='grc' dir='ltr'><strong>τας</strong></span> 
     </span>
    </p>
   </div>
   <div class='ocr_carea' id='block_1_56' title="bbox 2488 1316 4057 1387">
    <p class='ocr_par' dir='ltr' id='par_1_56' title="bbox 2488 1316 4057 1387">
     <span class='ocr_line' id='line_1_56' title="bbox 2488 1316 4057 1387; baseline 0.002 -20"><span class='ocrx_word' id='word_1_378' title='bbox 2488 1317 2737 1386; x_wconf 83' lang='grc' dir='ltr'>ἀποτιμή</span> <span class='ocrx_word' id='word_1_379' title='bbox 2751 1334 2860 1378; x_wconf 75' lang='grc' dir='ltr'>σεις</span> <span class='ocrx_word' id='word_1_380' title='bbox 2897 1316 3121 1369; x_wconf 76' lang='grc' dir='ltr'><strong>ἐκείνων</strong></span> <span class='ocrx_word' id='word_1_381' title='bbox 3144 1317 3398 1370; x_wconf 77' lang='grc' dir='ltr'>ἐκτίνειν·</span> <span class='ocrx_word' id='word_1_382' title='bbox 3428 1319 3476 1369; x_wconf 82' lang='grc' dir='ltr'>εἰ</span> <span class='ocrx_word' id='word_1_383' title='bbox 3503 1319 3544 1369; x_wconf 71' lang='lat'><strong>5‘</strong></span> <span class='ocrx_word' id='word_1_384' title='bbox 3568 1316 3652 1378; x_wconf 87' lang='grc' dir='ltr'><strong>οὒ,</strong></span> <span class='ocrx_word' id='word_1_385' title='bbox 3677 1319 3897 1387; x_wconf 75' lang='grc' dir='ltr'><strong>δεσμοῖς</strong></span> <span class='ocrx_word' id='word_1_386' title='bbox 3916 1319 4057 1370; x_wconf 75' lang='grc' dir='ltr'>ὑπά-</span> 
     </span>
    </p>
   </div>
   <div class='ocr_carea' id='block_1_57' title="bbox 2484 1406 4059 1477">
    <p class='ocr_par' dir='ltr' id='par_1_57' title="bbox 2484 1406 4059 1477">
     <span class='ocr_line' id='line_1_57' title="bbox 2484 1406 4059 1477; baseline 0.004 -22"><span class='ocrx_word' id='word_1_387' title='bbox 2484 1406 2701 1472; x_wconf 84' lang='grc' dir='ltr'>γεσθαι,</span> <span class='ocrx_word' id='word_1_388' title='bbox 2742 1410 2834 1459; x_wconf 67' lang='grc' dir='ltr'>καὶ</span> <span class='ocrx_word' id='word_1_389' title='bbox 2867 1410 3121 1476; x_wconf 80' lang='grc' dir='ltr'>χαλεπῶς</span> <span class='ocrx_word' id='word_1_390' title='bbox 3155 1409 3409 1477; x_wconf 76' lang='grc' dir='ltr'><strong>πάσχειν·</strong></span> <span class='ocrx_word' id='word_1_391' title='bbox 3447 1409 3575 1462; x_wconf 79' lang='grc' dir='ltr'>ὥστ’</span> <span class='ocrx_word' id='word_1_392' title='bbox 3625 1409 3879 1462; x_wconf 75' lang='grc' dir='ltr'>ἐντεῦθεν</span> <span class='ocrx_word' id='word_1_393' title='bbox 3939 1425 4059 1461; x_wconf 69' lang='grc' dir='ltr'>συν-</span> 
     </span>
    </p>
   </div>
   <div class='ocr_carea' id='block_1_58' title="bbox 2489 1500 4064 1571">
    <p class='ocr_par' dir='ltr' id='par_1_58' title="bbox 2489 1500 4064 1571">
     <span class='ocr_line' id='line_1_58' title="bbox 2489 1500 4064 1571; baseline 0.003 -22"><span class='ocrx_word' id='word_1_394' title='bbox 2489 1500 2650 1566; x_wconf 86' lang='grc' dir='ltr'>άγειν</span> <span class='ocrx_word' id='word_1_395' title='bbox 2689 1500 2804 1552; x_wconf 80' lang='grc' dir='ltr'>ἐστι</span> <span class='ocrx_word' id='word_1_396' title='bbox 2839 1501 2934 1553; x_wconf 79' lang='grc' dir='ltr'>καὶ</span> <span class='ocrx_word' id='word_1_397' title='bbox 2969 1503 3127 1552; x_wconf 83' lang='grc' dir='ltr'>τοῦτο</span> <span class='ocrx_word' id='word_1_398' title='bbox 3150 1518 3164 1532; x_wconf 76' lang='grc' dir='ltr'><strong>ο</strong></span> <span class='ocrx_word' id='word_1_399' title='bbox 3194 1502 3406 1570; x_wconf 73' lang='grc' dir='ltr'>ὕϐρεων</span> <span class='ocrx_word' id='word_1_400' title='bbox 3444 1503 3540 1570; x_wconf 83' lang='grc' dir='ltr'>μὲν</span> <span class='ocrx_word' id='word_1_401' title='bbox 3585 1503 3697 1571; x_wconf 86' lang='grc' dir='ltr'><strong>γάρ</strong></span> <span class='ocrx_word' id='word_1_402' title='bbox 3752 1501 3937 1563; x_wconf 75' lang='grc' dir='ltr'>ἕνεκα,</span> <span class='ocrx_word' id='word_1_403' title='bbox 3970 1502 4064 1554; x_wconf 74' lang='grc' dir='ltr'>καὶ</span> 
     </span>
    </p>
   </div>
   <div class='ocr_carea' id='block_1_59' title="bbox 2489 1588 4062 1664">
    <p class='ocr_par' dir='ltr' id='par_1_59' title="bbox 2489 1588 4062 1664">
     <span class='ocr_line' id='line_1_59' title="bbox 2489 1588 4062 1664; baseline 0.002 -24"><span class='ocrx_word' id='word_1_404' title='bbox 2489 1588 2720 1658; x_wconf 84' lang='grc' dir='ltr'>σώματα</span> <span class='ocrx_word' id='word_1_405' title='bbox 2759 1592 3139 1660; x_wconf 80' lang='grc' dir='ltr'>περινοεῖσθαι</span> <span class='ocrx_word' id='word_1_406' title='bbox 3173 1592 3449 1657; x_wconf 68' lang='grc' dir='ltr'>κολάζειν,</span> <span class='ocrx_word' id='word_1_407' title='bbox 3482 1593 3857 1664; x_wconf 84' lang='grc' dir='ltr'>μετριώτερον</span> <span class='ocrx_word' id='word_1_408' title='bbox 3876 1594 4062 1645; x_wconf 84' lang='grc' dir='ltr'>τοῦτον</span> 
     </span>
    </p>
   </div>
   <div class='ocr_carea' id='block_1_60' title="bbox 2487 1681 4063 1749">
    <p class='ocr_par' dir='ltr' id='par_1_60' title="bbox 2487 1681 4063 1749">
     <span class='ocr_line' id='line_1_60' title="bbox 2487 1681 4063 1749; baseline 0.001 -18"><span class='ocrx_word' id='word_1_409' title='bbox 2487 1681 2597 1732; x_wconf 83' lang='grc' dir='ltr'>τῶν</span> <span class='ocrx_word' id='word_1_410' title='bbox 2638 1681 2808 1734; x_wconf 80' lang='grc' dir='ltr'>πάλαι</span> <span class='ocrx_word' id='word_1_411' title='bbox 2846 1682 3094 1735; x_wconf 84' lang='grc' dir='ltr'>διωκτῶν</span> <span class='ocrx_word' id='word_1_412' title='bbox 3137 1687 3415 1749; x_wconf 54' lang='grc' dir='ltr'>γενέτωρ</span> <span class='ocrx_word' id='word_1_413' title='bbox 3456 1687 3570 1745; x_wconf 80' lang='grc' dir='ltr'>τοῖς</span> <span class='ocrx_word' id='word_1_414' title='bbox 3602 1684 3660 1735; x_wconf 88' lang='grc' dir='ltr'><strong>δέ</strong></span> <span class='ocrx_word' id='word_1_415' title='bbox 3698 1684 3906 1745; x_wconf 80' lang='grc' dir='ltr'><strong>λοιποῖς</strong></span> <span class='ocrx_word' id='word_1_416' title='bbox 3937 1686 4063 1735; x_wconf 75' lang='grc' dir='ltr'>πο)-</span> 
     </span>
    </p>
   </div>
   <div class='ocr_carea' id='block_1_61' title="bbox 2489 1770 4067 1841">
    <p class='ocr_par' dir='ltr' id='par_1_61' title="bbox 2489 1770 4067 1841">
     <span class='ocr_line' id='line_1_61' title="bbox 2489 1770 4067 1841; baseline 0.002 -20"><span class='ocrx_word' id='word_1_417' title='bbox 2489 1770 2568 1839; x_wconf 84' lang='grc' dir='ltr'>λῷ</span> <span class='ocrx_word' id='word_1_418' title='bbox 2613 1771 2689 1838; x_wconf 84' lang='grc' dir='ltr'>τῷ</span> <span class='ocrx_word' id='word_1_419' title='bbox 2722 1771 2910 1841; x_wconf 81' lang='grc' dir='ltr'>μέτρῳ</span> <span class='ocrx_word' id='word_1_420' title='bbox 2957 1773 3239 1840; x_wconf 74' lang='grc' dir='ltr'>διαφέρειν</span> <span class='ocrx_word' id='word_1_421' title='bbox 3281 1774 3531 1824; x_wconf 81' lang='grc' dir='ltr'>ἐκείνων.</span> <span class='ocrx_word' id='word_1_422' title='bbox 3572 1773 3681 1824; x_wconf 81' lang='grc' dir='ltr'><strong>Καὶ</strong></span> <span class='ocrx_word' id='word_1_423' title='bbox 3705 1773 3815 1841; x_wconf 83' lang='grc' dir='ltr'>γὰρ</span> <span class='ocrx_word' id='word_1_424' title='bbox 3847 1777 3904 1824; x_wconf 76' lang='grc' dir='ltr'><strong>ἐν</strong></span> <span class='ocrx_word' id='word_1_425' title='bbox 3927 1774 4067 1834; x_wconf 81' lang='grc' dir='ltr'>ᾶπα-</span> 
     </span>
    </p>
   </div>
   <div class='ocr_carea' id='block_1_62' title="bbox 2490 1857 4069 1930">
    <p class='ocr_par' dir='ltr' id='par_1_62' title="bbox 2490 1857 4069 1930">
     <span class='ocr_line' id='line_1_62' title="bbox 2490 1857 4069 1930; baseline -0.001 -19"><span class='ocrx_word' id='word_1_426' title='bbox 2490 1877 2541 1913; x_wconf 90' lang='grc' dir='ltr'><strong>σι</strong></span> <span class='ocrx_word' id='word_1_427' title='bbox 2577 1860 2760 1922; x_wconf 79' lang='grc' dir='ltr'>κακῶς</span> <span class='ocrx_word' id='word_1_428' title='bbox 2789 1861 2960 1928; x_wconf 77' lang='grc' dir='ltr'>αὐτὴν</span> <span class='ocrx_word' id='word_1_429' title='bbox 2996 1862 3165 1914; x_wconf 81' lang='grc' dir='ltr'>ποιῶν</span> <span class='ocrx_word' id='word_1_430' title='bbox 3212 1861 3462 1929; x_wconf 59' lang='grc' dir='ltr'>διεςάνη·</span> <span class='ocrx_word' id='word_1_431' title='bbox 3497 1862 3575 1912; x_wconf 83' lang='grc' dir='ltr'><strong>ἐνί</strong></span> <span class='ocrx_word' id='word_1_432' title='bbox 3616 1861 3764 1930; x_wconf 83' lang='grc' dir='ltr'>μόνῳ</span> <span class='ocrx_word' id='word_1_433' title='bbox 3793 1860 3950 1922; x_wconf 82' lang='grc' dir='ltr'>δόξας</span> <span class='ocrx_word' id='word_1_434' title='bbox 3994 1857 4069 1910; x_wconf 84' lang='grc' dir='ltr'>εἰ-</span> 
     </span>
    </p>
   </div>
   <div class='ocr_carea' id='block_1_63' title="bbox 2488 1954 4072 2023">
    <p class='ocr_par' dir='ltr' id='par_1_63' title="bbox 2488 1954 4072 2023">
     <span class='ocr_line' id='line_1_63' title="bbox 2488 1954 4072 2023; baseline -0.001 -17"><span class='ocrx_word' id='word_1_435' title='bbox 2488 1972 2572 2006; x_wconf 89' lang='grc' dir='ltr'>ναι</span> <span class='ocrx_word' id='word_1_436' title='bbox 2639 1954 3022 2022; x_wconf 71' lang='grc' dir='ltr'>φιλάιθρωπος</span> <span class='ocrx_word' id='word_1_437' title='bbox 3057 1995 3072 2018; x_wconf 90' lang='grc'><strong>,</strong></span> <span class='ocrx_word' id='word_1_438' title='bbox 3126 1954 3324 2023; x_wconf 82' lang='grc' dir='ltr'>ὅτιπερ</span> <span class='ocrx_word' id='word_1_439' title='bbox 3392 1955 3518 2016; x_wconf 84' lang='grc' dir='ltr'>τοὺς</span> <span class='ocrx_word' id='word_1_440' title='bbox 3571 1955 4072 2016; x_wconf 69' lang='grc' dir='ltr'>καταδικασυέντας</span> 
     </span>
    </p>
   </div>
   <div class='ocr_carea' id='block_1_64' title="bbox 2489 2045 4073 2116">
    <p class='ocr_par' dir='ltr' id='par_1_64' title="bbox 2489 2045 4073 2116">
     <span class='ocr_line' id='line_1_64' title="bbox 2489 2045 4073 2116; baseline -0.001 -19"><span class='ocrx_word' id='word_1_441' title='bbox 2489 2047 2580 2098; x_wconf 73' lang='grc' dir='ltr'><strong>ἐττί</strong></span> <span class='ocrx_word' id='word_1_442' title='bbox 2640 2046 3019 2099; x_wconf 84' lang='grc' dir='ltr'>Κωνσταντίου</span> <span class='ocrx_word' id='word_1_443' title='bbox 3089 2047 3314 2113; x_wconf 77' lang='grc' dir='ltr'>φεύγειν</span> <span class='ocrx_word' id='word_1_444' title='bbox 3380 2047 3562 2115; x_wconf 77' lang='grc' dir='ltr'>ἱερέας</span> <span class='ocrx_word' id='word_1_445' title='bbox 3617 2048 3716 2116; x_wconf 75' lang='grc' dir='ltr'>τὴν</span> <span class='ocrx_word' id='word_1_446' title='bbox 3775 2045 4073 2114; x_wconf 71' lang='grc' dir='ltr'>φυγαδείαν</span> 
     </span>
    </p>
   </div>
   <div class='ocr_carea' id='block_1_65' title="bbox 2491 2138 4073 2210">
    <p class='ocr_par' dir='ltr' id='par_1_65' title="bbox 2491 2138 4073 2210">
     <span class='ocr_line' id='line_1_65' title="bbox 2491 2138 4073 2210; baseline -0.001 -20"><span class='ocrx_word' id='word_1_447' title='bbox 2491 2139 2798 2200; x_wconf 74' lang='grc' dir='ltr'><strong>ἀνέστειλε,</strong></span> <span class='ocrx_word' id='word_1_448' title='bbox 2826 2140 2921 2190; x_wconf 77' lang='grc' dir='ltr'><strong>καί</strong></span> <span class='ocrx_word' id='word_1_449' title='bbox 2964 2139 3102 2210; x_wconf 77' lang='grc' dir='ltr'>πρὸς</span> <span class='ocrx_word' id='word_1_450' title='bbox 3152 2141 3252 2202; x_wconf 78' lang='grc' dir='ltr'>τὰς</span> <span class='ocrx_word' id='word_1_451' title='bbox 3305 2141 3513 2200; x_wconf 75' lang='grc' dir='ltr'><strong>οἰκείας</strong></span> <span class='ocrx_word' id='word_1_452' title='bbox 3553 2139 3941 2208; x_wconf 78' lang='grc' dir='ltr'><strong>μετεστέλλετο</strong></span> <span class='ocrx_word' id='word_1_453' title='bbox 3974 2138 4073 2189; x_wconf 75' lang='grc' dir='ltr'>πό-</span> 
     </span>
    </p>
   </div>
   <div class='ocr_carea' id='block_1_66' title="bbox 2491 2229 4076 2302">
    <p class='ocr_par' dir='ltr' id='par_1_66' title="bbox 2491 2229 4076 2302">
     <span class='ocr_line' id='line_1_66' title="bbox 2491 2229 4076 2302; baseline 0.001 -21"><span class='ocrx_word' id='word_1_454' title='bbox 2491 2229 2626 2292; x_wconf 87' lang='grc' dir='ltr'>λεις.</span> <span class='ocrx_word' id='word_1_455' title='bbox 2673 2232 2942 2297; x_wconf 85' lang='grc' dir='ltr'>Συνάγειν</span> <span class='ocrx_word' id='word_1_456' title='bbox 2996 2231 3088 2284; x_wconf 79' lang='grc' dir='ltr'>οὖν</span> <span class='ocrx_word' id='word_1_457' title='bbox 3129 2231 3276 2286; x_wconf 68' lang='grc' dir='ltr'>ἐστιν</span> <span class='ocrx_word' id='word_1_458' title='bbox 3319 2233 3379 2285; x_wconf 88' lang='grc' dir='ltr'><strong>ἐκ</strong></span> <span class='ocrx_word' id='word_1_459' title='bbox 3413 2233 3522 2284; x_wconf 82' lang='grc' dir='ltr'><strong>τῶν</strong></span> <span class='ocrx_word' id='word_1_460' title='bbox 3548 2232 3722 2286; x_wconf 79' lang='grc' dir='ltr'>ἄλλων</span> <span class='ocrx_word' id='word_1_461' title='bbox 3755 2232 4076 2302; x_wconf 83' lang='grc' dir='ltr'>μηδέτοῦτο</span> 
     </span>
    </p>
   </div>
   <div class='ocr_carea' id='block_1_67' title="bbox 2495 2324 4079 2399">
    <p class='ocr_par' dir='ltr' id='par_1_67' title="bbox 2495 2324 4079 2399">
     <span class='ocr_line' id='line_1_67' title="bbox 2495 2324 4079 2399; baseline 0.003 -24"><span class='ocrx_word' id='word_1_462' title='bbox 2495 2324 2668 2391; x_wconf 60' lang='grc' dir='ltr'>ςειδοί</span> <span class='ocrx_word' id='word_1_463' title='bbox 2702 2326 2981 2391; x_wconf 83' lang='grc' dir='ltr'>γενέσθαι,</span> <span class='ocrx_word' id='word_1_464' title='bbox 3031 2324 3145 2376; x_wconf 82' lang='grc' dir='ltr'>ἀλλ’</span> <span class='ocrx_word' id='word_1_465' title='bbox 3181 2326 3269 2379; x_wconf 69' lang='lat' dir='ltr'><strong>[va</strong></span> <span class='ocrx_word' id='word_1_466' title='bbox 3296 2326 3618 2396; x_wconf 84' lang='grc' dir='ltr'>συγκρούων</span> <span class='ocrx_word' id='word_1_467' title='bbox 3649 2329 3905 2399; x_wconf 81' lang='grc' dir='ltr'>ἀλλήλοις</span> <span class='ocrx_word' id='word_1_468' title='bbox 3948 2329 4079 2389; x_wconf 74' lang='grc' dir='ltr'>τοὺς</span> 
     </span>
    </p>
   </div>
   <div class='ocr_carea' id='block_1_68' title="bbox 2494 2418 4080 2493">
    <p class='ocr_par' dir='ltr' id='par_1_68' title="bbox 2494 2418 4080 2493">
     <span class='ocr_line' id='line_1_68' title="bbox 2494 2418 4080 2493; baseline 0.003 -25"><span class='ocrx_word' id='word_1_469' title='bbox 2494 2419 2868 2480; x_wconf 78' lang='grc' dir='ltr'>ἐπισκόπους,</span> <span class='ocrx_word' id='word_1_470' title='bbox 2920 2418 3168 2488; x_wconf 75' lang='grc' dir='ltr'>ἐμφυλίῳ</span> <span class='ocrx_word' id='word_1_471' title='bbox 3221 2420 3533 2492; x_wconf 81' lang='grc' dir='ltr'>καθοπλίσῃ</span> <span class='ocrx_word' id='word_1_472' title='bbox 3591 2421 3775 2493; x_wconf 56' lang='lat' dir='ltr'><strong>nam,</strong></span> <span class='ocrx_word' id='word_1_473' title='bbox 3827 2423 3921 2472; x_wconf 76' lang='grc' dir='ltr'><strong>καί</strong></span> <span class='ocrx_word' id='word_1_474' title='bbox 3971 2421 4080 2473; x_wconf 76' lang='grc' dir='ltr'><strong>ὑπὸ</strong></span> 
     </span>
    </p>
   </div>
   <div class='ocr_carea' id='block_1_69' title="bbox 2496 2511 4079 2584">
    <p class='ocr_par' dir='ltr' id='par_1_69' title="bbox 2496 2511 4079 2584">
     <span class='ocr_line' id='line_1_69' title="bbox 2496 2511 4079 2584; baseline -0.001 -20"><span class='ocrx_word' id='word_1_475' title='bbox 2496 2512 2604 2564; x_wconf 75' lang='grc' dir='ltr'>τῶν</span> <span class='ocrx_word' id='word_1_476' title='bbox 2668 2511 2886 2564; x_wconf 76' lang='grc' dir='ltr'>οἰκείων</span> <span class='ocrx_word' id='word_1_477' title='bbox 2945 2513 3304 2582; x_wconf 77' lang='grc' dir='ltr'>πολεμεῖσθαι</span> <span class='ocrx_word' id='word_1_478' title='bbox 3384 2512 3554 2584; x_wconf 80' lang='grc' dir='ltr'>πείσῃ</span> <span class='ocrx_word' id='word_1_479' title='bbox 3578 2516 3678 2580; x_wconf 73' lang='grc' dir='ltr'>τὴν</span> <span class='ocrx_word' id='word_1_480' title='bbox 3725 2514 4079 2580; x_wconf 76' lang='grc' dir='ltr'>Ἐκκλησία-,ο</span> 
     </span>
    </p>
   </div>
   <div class='ocr_carea' id='block_1_70' title="bbox 2499 2604 4084 2676">
    <p class='ocr_par' dir='ltr' id='par_1_70' title="bbox 2499 2604 4084 2676">
     <span class='ocr_line' id='line_1_70' title="bbox 2499 2604 4084 2676; baseline 0 -20"><span class='ocrx_word' id='word_1_481' title='bbox 2499 2604 2626 2666; x_wconf 74' lang='grc' dir='ltr'>ἴσως</span> <span class='ocrx_word' id='word_1_482' title='bbox 2654 2604 2710 2656; x_wconf 80' lang='grc' dir='ltr'>δὲ</span> <span class='ocrx_word' id='word_1_483' title='bbox 2755 2605 2849 2656; x_wconf 82' lang='grc' dir='ltr'>καὶ</span> <span class='ocrx_word' id='word_1_484' title='bbox 2881 2606 3251 2675; x_wconf 75' lang='grc' dir='ltr'>Κωνσταντίῳ</span> <span class='ocrx_word' id='word_1_485' title='bbox 3288 2608 3445 2672; x_wconf 80' lang='grc' dir='ltr'>μῖσος</span> <span class='ocrx_word' id='word_1_486' title='bbox 3475 2607 3909 2676; x_wconf 79' lang='grc' dir='ltr'>παρασκευάζων</span> <span class='ocrx_word' id='word_1_487' title='bbox 3944 2609 4084 2673; x_wconf 67' lang='grc' dir='ltr'>πρες</span> 
     </span>
    </p>
   </div>
   <div class='ocr_carea' id='block_1_71' title="bbox 2499 2697 4085 2770">
    <p class='ocr_par' dir='ltr' id='par_1_71' title="bbox 2499 2697 4085 2770">
     <span class='ocr_line' id='line_1_71' title="bbox 2499 2697 4085 2770; baseline 0.001 -21"><span class='ocrx_word' id='word_1_488' title='bbox 2499 2700 2605 2750; x_wconf 84' lang='grc' dir='ltr'>πᾶν</span> <span class='ocrx_word' id='word_1_489' title='bbox 2656 2697 2716 2748; x_wconf 84' lang='grc' dir='ltr'>τὸ</span> <span class='ocrx_word' id='word_1_490' title='bbox 2772 2698 3034 2765; x_wconf 75' lang='grc' dir='ltr'><strong>ὑπήκοον⁸</strong></span> <span class='ocrx_word' id='word_1_491' title='bbox 3089 2700 3216 2760; x_wconf 81' lang='grc' dir='ltr'>τοὺς</span> <span class='ocrx_word' id='word_1_492' title='bbox 3274 2699 3376 2766; x_wconf 74' lang='grc' dir='ltr'>μὲν</span> <span class='ocrx_word' id='word_1_493' title='bbox 3415 2699 3687 2766; x_wconf 79' lang='grc' dir='ltr'>Ἕλληνας</span> <span class='ocrx_word' id='word_1_494' title='bbox 3745 2699 4085 2770; x_wconf 69' lang='grc' dir='ltr'>Θεραπεζων</span> 
     </span>
    </p>
   </div>
   <div class='ocr_carea' id='block_1_72' title="bbox 2499 2789 4088 2861">
    <p class='ocr_par' dir='ltr' id='par_1_72' title="bbox 2499 2789 4088 2861">
     <span class='ocr_line' id='line_1_72' title="bbox 2499 2789 4088 2861; baseline 0.003 -21"><span class='ocrx_word' id='word_1_495' title='bbox 2499 2789 2629 2860; x_wconf 67' lang='grc' dir='ltr'>περὶ</span> <span class='ocrx_word' id='word_1_496' title='bbox 2666 2789 2734 2843; x_wconf 83' lang='grc' dir='ltr'>τὰ</span> <span class='ocrx_word' id='word_1_497' title='bbox 2778 2791 2870 2842; x_wconf 78' lang='grc' dir='ltr'>ἴσα</span> <span class='ocrx_word' id='word_1_498' title='bbox 2912 2789 3347 2854; x_wconf 75' lang='grc' dir='ltr'>σπουδάζοντα;,</span> <span class='ocrx_word' id='word_1_499' title='bbox 3385 2795 3508 2850; x_wconf 62' lang='grc' dir='ltr'>τοὺς</span> <span class='ocrx_word' id='word_1_500' title='bbox 3550 2792 3604 2844; x_wconf 72' lang='grc' dir='ltr'>δὲ</span> <span class='ocrx_word' id='word_1_501' title='bbox 3645 2791 3752 2844; x_wconf 84' lang='grc' dir='ltr'><strong>τῶν</strong></span> <span class='ocrx_word' id='word_1_502' title='bbox 3771 2792 3964 2861; x_wconf 80' lang='grc' dir='ltr'>ἰεριων</span> <span class='ocrx_word' id='word_1_503' title='bbox 3991 2793 4088 2844; x_wconf 75' lang='grc' dir='ltr'>διὰ</span> 
     </span>
    </p>
   </div>
   <div class='ocr_carea' id='block_1_73' title="bbox 2501 2882 4089 2952">
    <p class='ocr_par' dir='ltr' id='par_1_73' title="bbox 2501 2882 4089 2952">
     <span class='ocr_line' id='line_1_73' title="bbox 2501 2882 4089 2952; baseline 0.001 -17"><span class='ocrx_word' id='word_1_504' title='bbox 2501 2884 2737 2950; x_wconf 70' lang='grc' dir='ltr'>Χριστὸν</span> <span class='ocrx_word' id='word_1_505' title='bbox 2763 2882 2950 2943; x_wconf 84' lang='grc' dir='ltr'>κακῶς</span> <span class='ocrx_word' id='word_1_506' title='bbox 2985 2883 3258 2944; x_wconf 80' lang='grc' dir='ltr'>παθόντας</span> <span class='ocrx_word' id='word_1_507' title='bbox 3284 2883 3426 2934; x_wconf 88' lang='grc' dir='ltr'>λύων</span> <span class='ocrx_word' id='word_1_508' title='bbox 3454 2887 3551 2950; x_wconf 78' lang='grc' dir='ltr'>τὴν</span> <span class='ocrx_word' id='word_1_509' title='bbox 3586 2884 3824 2937; x_wconf 77' lang='grc' dir='ltr'>ἀδικίαν.</span> <span class='ocrx_word' id='word_1_510' title='bbox 3863 2885 4089 2952; x_wconf 80' lang='grc' dir='ltr'><strong>Ἀμέλει</strong></span> 
     </span>
    </p>
   </div>
   <div class='ocr_carea' id='block_1_74' title="bbox 2500 2975 4091 3046">
    <p class='ocr_par' dir='ltr' id='par_1_74' title="bbox 2500 2975 4091 3046">
     <span class='ocr_line' id='line_1_74' title="bbox 2500 2975 4091 3046; baseline 0.004 -21"><span class='ocrx_word' id='word_1_511' title='bbox 2500 2993 2580 3026; x_wconf 89' lang='grc' dir='ltr'><strong>τοι</strong></span> <span class='ocrx_word' id='word_1_512' title='bbox 2623 2976 2716 3026; x_wconf 74' lang='grc' dir='ltr'>καὶ</span> <span class='ocrx_word' id='word_1_513' title='bbox 2769 2976 2892 3036; x_wconf 77' lang='grc' dir='ltr'>τοὺς</span> <span class='ocrx_word' id='word_1_514' title='bbox 2943 2975 3233 3043; x_wconf 68' lang='grc' dir='ltr'>εὐνούχους</span> <span class='ocrx_word' id='word_1_515' title='bbox 3293 2977 3401 3028; x_wconf 77' lang='grc' dir='ltr'>τῶν</span> <span class='ocrx_word' id='word_1_516' title='bbox 3462 2977 3749 3046; x_wconf 74' lang='grc' dir='ltr'>βασιλείων</span> <span class='ocrx_word' id='word_1_517' title='bbox 3797 2975 4091 3032; x_wconf 83' lang='grc' dir='ltr'>ἀπώσατο.</span> 
     </span>
    </p>
   </div>
   <div class='ocr_carea' id='block_1_75' title="bbox 2506 3063 4091 3133">
    <p class='ocr_par' dir='ltr' id='par_1_75' title="bbox 2506 3063 4091 3133">
     <span class='ocr_line' id='line_1_75' title="bbox 2506 3063 4091 3133; baseline 0.001 -19"><span class='ocrx_word' id='word_1_518' title='bbox 2506 3064 2760 3116; x_wconf 63' lang='lat' dir='ltr'><strong>Eusébtov</strong></span> <span class='ocrx_word' id='word_1_519' title='bbox 2817 3064 2872 3114; x_wconf 83' lang='grc' dir='ltr'>δὲ</span> <span class='ocrx_word' id='word_1_520' title='bbox 2929 3065 3018 3114; x_wconf 71' lang='grc' dir='ltr'><strong>τὸν</strong></span> <span class='ocrx_word' id='word_1_521' title='bbox 3068 3065 3127 3116; x_wconf 89' lang='grc' dir='ltr'><strong>ἐν</strong></span> <span class='ocrx_word' id='word_1_522' title='bbox 3186 3063 3480 3132; x_wconf 76' lang='grc' dir='ltr'>βασιλείοις</span> <span class='ocrx_word' id='word_1_523' title='bbox 3514 3063 3827 3133; x_wconf 82' lang='grc' dir='ltr'>κρατοῦντα</span> <span class='ocrx_word' id='word_1_524' title='bbox 3862 3066 4091 3116; x_wconf 74' lang='grc' dir='ltr'>καὶτοῦ</span> 
     </span>
    </p>
   </div>
   <div class='ocr_carea' id='block_1_76' title="bbox 2427 3152 4095 3245">
    <p class='ocr_par' dir='ltr' id='par_1_76' title="bbox 2427 3152 4095 3245">
     <span class='ocr_line' id='line_1_76' title="bbox 2427 3152 4095 3245; baseline 0.002 -42"><span class='ocrx_word' id='word_1_525' title='bbox 2427 3191 2470 3245; x_wconf 79' lang='lat' dir='ltr'><strong><em>C</em></strong></span> <span class='ocrx_word' id='word_1_526' title='bbox 2508 3154 2600 3223; x_wconf 64' lang='grc' dir='ltr'>ζῇν</span> <span class='ocrx_word' id='word_1_527' title='bbox 2637 3153 2932 3222; x_wconf 74' lang='grc' dir='ltr'>ύπεξῆγεν.</span> <span class='ocrx_word' id='word_1_528' title='bbox 2975 3152 3287 3222; x_wconf 76' lang='grc' dir='ltr'>Ἀπήχθητο</span> <span class='ocrx_word' id='word_1_529' title='bbox 3321 3154 3377 3205; x_wconf 86' lang='grc' dir='ltr'><strong>δέ</strong></span> <span class='ocrx_word' id='word_1_530' title='bbox 3414 3160 3507 3205; x_wconf 71' lang='grc' dir='ltr'>καὶ</span> <span class='ocrx_word' id='word_1_531' title='bbox 3553 3155 3730 3215; x_wconf 73' lang='grc' dir='ltr'>ἄλλως</span> <span class='ocrx_word' id='word_1_532' title='bbox 3773 3155 3948 3224; x_wconf 79' lang='grc' dir='ltr'>αὐτῷ’</span> <span class='ocrx_word' id='word_1_533' title='bbox 3986 3155 4095 3207; x_wconf 82' lang='grc' dir='ltr'><strong>ὓπ-</strong></span> 
     </span>
    </p>
   </div>
   <div class='ocr_carea' id='block_1_77' title="bbox 2505 3240 4096 3314">
    <p class='ocr_par' dir='ltr' id='par_1_77' title="bbox 2505 3240 4096 3314">
     <span class='ocr_line' id='line_1_77' title="bbox 2505 3240 4096 3314; baseline -0.003 -17"><span class='ocrx_word' id='word_1_534' title='bbox 2505 3261 2670 3307; x_wconf 68' lang='grc' dir='ltr'>οπτος</span> <span class='ocrx_word' id='word_1_535' title='bbox 2706 3247 2812 3312; x_wconf 82' lang='grc' dir='ltr'>γὰρ</span> <span class='ocrx_word' id='word_1_536' title='bbox 2847 3240 2936 3314; x_wconf 76' lang='grc' dir='ltr'>ἦν,</span> <span class='ocrx_word' id='word_1_537' title='bbox 2969 3244 3042 3306; x_wconf 82' lang='grc' dir='ltr'>ὡς</span> <span class='ocrx_word' id='word_1_538' title='bbox 3077 3243 3296 3312; x_wconf 72' lang='grc' dir='ltr'>βουλαῖς</span> <span class='ocrx_word' id='word_1_539' title='bbox 3356 3243 3568 3296; x_wconf 77' lang='grc' dir='ltr'>ἐκείνου</span> <span class='ocrx_word' id='word_1_540' title='bbox 3601 3245 3629 3294; x_wconf 89' lang='grc' dir='ltr'><strong>ό</strong></span> <span class='ocrx_word' id='word_1_541' title='bbox 3681 3242 3910 3308; x_wconf 72' lang='grc' dir='ltr'>ἀδελφὸς</span> <span class='ocrx_word' id='word_1_542' title='bbox 3960 3243 4096 3313; x_wconf 75' lang='grc' dir='ltr'>ἀνῄ-</span> 
     </span>
    </p>
   </div>
   <div class='ocr_carea' id='block_1_78' title="bbox 2511 3335 4096 3406">
    <p class='ocr_par' dir='ltr' id='par_1_78' title="bbox 2511 3335 4096 3406">
     <span class='ocr_line' id='line_1_78' title="bbox 2511 3335 4096 3406; baseline -0.002 -15"><span class='ocrx_word' id='word_1_543' title='bbox 2511 3356 2646 3406; x_wconf 75' lang='grc' dir='ltr'>ρητο</span> <span class='ocrx_word' id='word_1_544' title='bbox 2686 3337 2909 3399; x_wconf 87' lang='grc' dir='ltr'>Γάλλος.</span> <span class='ocrx_word' id='word_1_545' title='bbox 2947 3338 3051 3388; x_wconf 85' lang='grc' dir='ltr'><strong>Τὸν</strong></span> <span class='ocrx_word' id='word_1_546' title='bbox 3085 3337 3142 3388; x_wconf 71' lang='grc' dir='ltr'>δὲ</span> <span class='ocrx_word' id='word_1_547' title='bbox 3193 3337 3368 3405; x_wconf 76' lang='grc' dir='ltr'>Σύρον</span> <span class='ocrx_word' id='word_1_548' title='bbox 3423 3335 3632 3389; x_wconf 80' lang='grc' dir='ltr'>Ἀέτιον</span> <span class='ocrx_word' id='word_1_549' title='bbox 3653 3376 3667 3399; x_wconf 87' lang='grc'><strong>,</strong></span> <span class='ocrx_word' id='word_1_550' title='bbox 3700 3335 3758 3397; x_wconf 79' lang='grc' dir='ltr'>ες</span> <span class='ocrx_word' id='word_1_551' title='bbox 3789 3336 3964 3397; x_wconf 82' lang='grc' dir='ltr'>αῐτιος</span> <span class='ocrx_word' id='word_1_552' title='bbox 3995 3336 4096 3388; x_wconf 78' lang='grc' dir='ltr'>καὶ</span> 
     </span>
    </p>
   </div>
   <div class='ocr_carea' id='block_1_79' title="bbox 2506 3427 4095 3500">
    <p class='ocr_par' dir='ltr' id='par_1_79' title="bbox 2506 3427 4095 3500">
     <span class='ocr_line' id='line_1_79' title="bbox 2506 3427 4095 3500; baseline -0.003 -16"><span class='ocrx_word' id='word_1_553' title='bbox 2506 3433 2753 3499; x_wconf 77' lang='grc' dir='ltr'>ἀρχηγὸς</span> <span class='ocrx_word' id='word_1_554' title='bbox 2791 3432 2891 3498; x_wconf 75' lang='grc' dir='ltr'>τῆς</span> <span class='ocrx_word' id='word_1_555' title='bbox 2915 3431 3183 3500; x_wconf 73' lang='grc' dir='ltr'>αἱρέσεως</span> <span class='ocrx_word' id='word_1_556' title='bbox 3215 3429 3468 3498; x_wconf 81' lang='grc' dir='ltr'>Εὐνομίῳ</span> <span class='ocrx_word' id='word_1_557' title='bbox 3506 3427 3746 3495; x_wconf 83' lang='grc' dir='ltr'>ἐγένετο,</span> <span class='ocrx_word' id='word_1_558' title='bbox 3777 3429 4095 3499; x_wconf 80' lang='grc' dir='ltr'>ὑπερορίαν</span> 
     </span>
    </p>
   </div>
   <div class='ocr_carea' id='block_1_80' title="bbox 2508 3520 4097 3596">
    <p class='ocr_par' dir='ltr' id='par_1_80' title="bbox 2508 3520 4097 3596">
     <span class='ocr_line' id='line_1_80' title="bbox 2508 3520 4097 3596; baseline -0.001 -16"><span class='ocrx_word' id='word_1_559' title='bbox 2508 3545 2568 3580; x_wconf 87' lang='grc' dir='ltr'><strong>τε</strong></span> <span class='ocrx_word' id='word_1_560' title='bbox 2601 3529 2703 3580; x_wconf 79' lang='grc' dir='ltr'><strong>ὑπὸ</strong></span> <span class='ocrx_word' id='word_1_561' title='bbox 2742 3527 3125 3580; x_wconf 82' lang='grc' dir='ltr'>Κωνσταντίου</span> <span class='ocrx_word' id='word_1_562' title='bbox 3163 3525 3645 3580; x_wconf 78' lang='grc' dir='ltr'>καταδικασθέντα</span> <span class='ocrx_word' id='word_1_563' title='bbox 3669 3542 3682 3556; x_wconf 89' lang='grc'><strong>·</strong></span> <span class='ocrx_word' id='word_1_564' title='bbox 3738 3520 3808 3596; x_wconf 71' lang='grc' dir='ltr'>ἢν</span> <span class='ocrx_word' id='word_1_565' title='bbox 3838 3525 3951 3596; x_wconf 82' lang='grc' dir='ltr'>γὰρ</span> <span class='ocrx_word' id='word_1_566' title='bbox 3999 3527 4097 3579; x_wconf 77' lang='grc' dir='ltr'>καὶ</span> 
     </span>
    </p>
   </div>
   <div class='ocr_carea' id='block_1_81' title="bbox 2514 3617 4096 3687">
    <p class='ocr_par' dir='ltr' id='par_1_81' title="bbox 2514 3617 4096 3687">
     <span class='ocr_line' id='line_1_81' title="bbox 2514 3617 4096 3687; baseline -0.004 -15"><span class='ocrx_word' id='word_1_567' title='bbox 2514 3619 2759 3680; x_wconf 75' lang='grc' dir='ltr'>ὕποπτος</span> <span class='ocrx_word' id='word_1_568' title='bbox 2813 3618 3010 3686; x_wconf 87' lang='grc' dir='ltr'>ἐκείνῳ</span> <span class='ocrx_word' id='word_1_569' title='bbox 3065 3617 3152 3670; x_wconf 82' lang='grc' dir='ltr'>διὰ</span> <span class='ocrx_word' id='word_1_570' title='bbox 3186 3619 3285 3687; x_wconf 77' lang='grc' dir='ltr'>τὴν</span> <span class='ocrx_word' id='word_1_571' title='bbox 3329 3619 3464 3687; x_wconf 70' lang='grc' dir='ltr'>πρὸς</span> <span class='ocrx_word' id='word_1_572' title='bbox 3497 3617 3704 3668; x_wconf 84' lang='grc' dir='ltr'>Γάλλον</span> <span class='ocrx_word' id='word_1_573' title='bbox 3747 3617 4096 3686; x_wconf 75' lang='grc' dir='ltr'>ἀνάκρασινο</span> 
     </span>
    </p>
   </div>
   <div class='ocr_carea' id='block_1_82' title="bbox 2517 3707 4099 3780">
    <p class='ocr_par' dir='ltr' id='par_1_82' title="bbox 2517 3707 4099 3780">
     <span class='ocr_line' id='line_1_82' title="bbox 2517 3707 4099 3780; baseline -0.003 -19"><span class='ocrx_word' id='word_1_574' title='bbox 2517 3710 2638 3780; x_wconf 81' lang='grc' dir='ltr'>μετ’</span> <span class='ocrx_word' id='word_1_575' title='bbox 2687 3707 2954 3778; x_wconf 83' lang='grc' dir='ltr'>εὐμενοῦς</span> <span class='ocrx_word' id='word_1_576' title='bbox 3009 3709 3326 3778; x_wconf 81' lang='grc' dir='ltr'>ἐπανήγαγε</span> <span class='ocrx_word' id='word_1_577' title='bbox 3399 3709 3732 3778; x_wconf 58' lang='grc' dir='ltr'>γράμματος</span> <span class='ocrx_word' id='word_1_578' title='bbox 3808 3708 4099 3775; x_wconf 76' lang='grc' dir='ltr'>δημοσίοις</span> 
     </span>
    </p>
   </div>
   <div class='ocr_carea' id='block_1_83' title="bbox 2511 3801 4099 3874">
    <p class='ocr_par' dir='ltr' id='par_1_83' title="bbox 2511 3801 4099 3874">
     <span class='ocr_line' id='line_1_83' title="bbox 2511 3801 4099 3874; baseline -0.002 -19"><span class='ocrx_word' id='word_1_579' title='bbox 2511 3805 2774 3874; x_wconf 83' lang='grc' dir='ltr'>ὀχήμασι.</span> <span class='ocrx_word' id='word_1_580' title='bbox 2825 3802 2926 3854; x_wconf 86' lang='grc' dir='ltr'>Διά</span> <span class='ocrx_word' id='word_1_581' title='bbox 2991 3802 3380 3854; x_wconf 82' lang='grc' dir='ltr'>Κωνστάντιον</span> <span class='ocrx_word' id='word_1_582' title='bbox 3441 3801 3497 3852; x_wconf 76' lang='grc' dir='ltr'>δὲ</span> <span class='ocrx_word' id='word_1_583' title='bbox 3561 3802 3658 3853; x_wconf 84' lang='grc' dir='ltr'>καὶ</span> <span class='ocrx_word' id='word_1_584' title='bbox 3706 3801 3798 3852; x_wconf 74' lang='grc' dir='ltr'>τὸν</span> <span class='ocrx_word' id='word_1_585' title='bbox 3849 3801 4099 3863; x_wconf 73' lang='grc' dir='ltr'>Κυζίκου</span> 
     </span>
    </p>
   </div>
   <div class='ocr_carea' id='block_1_84' title="bbox 2524 3891 4103 3964">
    <p class='ocr_par' dir='ltr' id='par_1_84' title="bbox 2524 3891 4103 3964">
     <span class='ocr_line' id='line_1_84' title="bbox 2524 3891 4103 3964; baseline -0.004 -16"><span class='ocrx_word' id='word_1_586' title='bbox 2524 3895 2797 3948; x_wconf 83' lang='grc' dir='ltr'>Ἐλεύσιον</span> <span class='ocrx_word' id='word_1_587' title='bbox 2828 3893 3156 3964; x_wconf 80' lang='grc' dir='ltr'>προστάττει</span> <span class='ocrx_word' id='word_1_588' title='bbox 3189 3892 3459 3952; x_wconf 85' lang='grc' dir='ltr'>δαπάναις</span> <span class='ocrx_word' id='word_1_589' title='bbox 3497 3891 3659 3953; x_wconf 87' lang='grc' dir='ltr'>ἰδίαις</span> <span class='ocrx_word' id='word_1_590' title='bbox 3711 3891 3778 3961; x_wconf 76' lang='grc' dir='ltr'>ἢν</span> <span class='ocrx_word' id='word_1_591' title='bbox 3811 3893 3908 3943; x_wconf 74' lang='grc' dir='ltr'>ἐπὶ</span> <span class='ocrx_word' id='word_1_592' title='bbox 3945 3893 4103 3943; x_wconf 80' lang='grc' dir='ltr'>Κων-</span> 
     </span>
    </p>
   </div>
   <div class='ocr_carea' id='block_1_85' title="bbox 2517 3979 4105 4052">
    <p class='ocr_par' dir='ltr' id='par_1_85' title="bbox 2517 3979 4105 4052">
     <span class='ocr_line' id='line_1_85' title="bbox 2517 3979 4105 4052; baseline -0.002 -13"><span class='ocrx_word' id='word_1_593' title='bbox 2517 3988 2770 4040; x_wconf 87' lang='grc' dir='ltr'>σταντίου</span> <span class='ocrx_word' id='word_1_594' title='bbox 2799 3986 2910 4038; x_wconf 82' lang='grc' dir='ltr'>τῶν</span> <span class='ocrx_word' id='word_1_595' title='bbox 2941 3984 3306 4037; x_wconf 79' lang='grc' dir='ltr'>Ναυατισνῶν</span> <span class='ocrx_word' id='word_1_596' title='bbox 3337 3983 3640 4052; x_wconf 77' lang='grc' dir='ltr'>ἐκκλησίαν</span> <span class='ocrx_word' id='word_1_597' title='bbox 3696 3983 3976 4045; x_wconf 82' lang='grc' dir='ltr'>καθεῖλεν,</span> <span class='ocrx_word' id='word_1_598' title='bbox 4006 3979 4105 4036; x_wconf 80' lang='grc' dir='ltr'>σῦο</span> 
     </span>
    </p>
   </div>
   <div class='ocr_carea' id='block_1_86' title="bbox 2518 4073 4105 4144">
    <p class='ocr_par' dir='ltr' id='par_1_86' title="bbox 2518 4073 4105 4144">
     <span class='ocr_line' id='line_1_86' title="bbox 2518 4073 4105 4144; baseline -0.003 -15"><span class='ocrx_word' id='word_1_599' title='bbox 2518 4079 2601 4139; x_wconf 85' lang='grc' dir='ltr'><strong>θις</strong></span> <span class='ocrx_word' id='word_1_600' title='bbox 2633 4076 2963 4144; x_wconf 84' lang='grc' dir='ltr'>οἰκοδομεῖν.</span> <span class='ocrx_word' id='word_1_601' title='bbox 2998 4075 3108 4126; x_wconf 73' lang='grc' dir='ltr'><strong>Καὶ</strong></span> <span class='ocrx_word' id='word_1_602' title='bbox 3135 4077 3192 4126; x_wconf 86' lang='grc' dir='ltr'><strong>ἐν</strong></span> <span class='ocrx_word' id='word_1_603' title='bbox 3214 4073 3395 4135; x_wconf 80' lang='grc' dir='ltr'>ἀλλοις</span> <span class='ocrx_word' id='word_1_604' title='bbox 3421 4075 3700 4134; x_wconf 79' lang='grc' dir='ltr'>πλείστοις</span> <span class='ocrx_word' id='word_1_605' title='bbox 3735 4073 4105 4141; x_wconf 78' lang='grc' dir='ltr'>σημειώσαιτ’</span> 
     </span>
    </p>
   </div>
   <div class='ocr_carea' id='block_1_87' title="bbox 2521 4165 4105 4234">
    <p class='ocr_par' dir='ltr' id='par_1_87' title="bbox 2521 4165 4105 4234">
     <span class='ocr_line' id='line_1_87' title="bbox 2521 4165 4105 4234; baseline -0.003 -12"><span class='ocrx_word' id='word_1_606' title='bbox 2521 4171 2586 4223; x_wconf 79' lang='grc' dir='ltr'>ἄν</span> <span class='ocrx_word' id='word_1_607' title='bbox 2615 4187 2720 4231; x_wconf 85' lang='grc' dir='ltr'>τις,</span> <span class='ocrx_word' id='word_1_608' title='bbox 2765 4167 2841 4230; x_wconf 83' lang='grc' dir='ltr'><strong>ὼς</strong></span> <span class='ocrx_word' id='word_1_609' title='bbox 2875 4165 3260 4219; x_wconf 76' lang='grc' dir='ltr'>Κωνσταντίου</span> <span class='ocrx_word' id='word_1_610' title='bbox 3313 4166 3405 4218; x_wconf 90' lang='grc' dir='ltr'><strong>διά</strong></span> <span class='ocrx_word' id='word_1_611' title='bbox 3459 4169 3614 4231; x_wconf 78' lang='grc' dir='ltr'>μῖσος</span> <span class='ocrx_word' id='word_1_612' title='bbox 3664 4167 3732 4218; x_wconf 83' lang='grc' dir='ltr'>τὰ</span> <span class='ocrx_word' id='word_1_613' title='bbox 3782 4165 3885 4234; x_wconf 80' lang='grc' dir='ltr'>μὲν</span> <span class='ocrx_word' id='word_1_614' title='bbox 3939 4167 4105 4228; x_wconf 77' lang='grc' dir='ltr'>αὐτὸς</span> 
     </span>
    </p>
   </div>
   <div class='ocr_carea' id='block_1_88' title="bbox 2519 4257 4111 4329">
    <p class='ocr_par' dir='ltr' id='par_1_88' title="bbox 2519 4257 4111 4329">
     <span class='ocr_line' id='line_1_88' title="bbox 2519 4257 4111 4329; baseline -0.001 -18"><span class='ocrx_word' id='word_1_615' title='bbox 2519 4260 2628 4312; x_wconf 80' lang='grc' dir='ltr'>τῶν</span> <span class='ocrx_word' id='word_1_616' title='bbox 2671 4259 2862 4310; x_wconf 84' lang='grc' dir='ltr'>δεινῶν</span> <span class='ocrx_word' id='word_1_617' title='bbox 2922 4258 3117 4323; x_wconf 77' lang='grc' dir='ltr'>ἐποίει,</span> <span class='ocrx_word' id='word_1_618' title='bbox 3153 4262 3249 4310; x_wconf 67' lang='grc' dir='ltr'>καὶ</span> <span class='ocrx_word' id='word_1_619' title='bbox 3311 4258 3489 4310; x_wconf 83' lang='grc' dir='ltr'>ἀλλων</span> <span class='ocrx_word' id='word_1_620' title='bbox 3537 4257 3596 4309; x_wconf 74' lang='grc' dir='ltr'>δὲ</span> <span class='ocrx_word' id='word_1_621' title='bbox 3647 4258 3954 4313; x_wconf 79' lang='grc' dir='ltr'>ποιούντων</span> <span class='ocrx_word' id='word_1_622' title='bbox 3988 4263 4111 4329; x_wconf 53' lang='grc' dir='ltr'>ἐνί,-</span> 
     </span>
    </p>
   </div>
   <div class='ocr_carea' id='block_1_89' title="bbox 2523 4351 2665 4403">
    <p class='ocr_par' dir='ltr' id='par_1_89' title="bbox 2523 4351 2665 4403">
     <span class='ocr_line' id='line_1_89' title="bbox 2523 4351 2665 4403; baseline 0.007 -1"><span class='ocrx_word' id='word_1_623' title='bbox 2523 4351 2665 4403; x_wconf 86' lang='grc' dir='ltr'>δετο.</span> 
     </span>
    </p>
   </div>
   <div class='ocr_carea' id='block_1_90' title="bbox 840 4439 4110 4510">
    <p class='ocr_par' dir='ltr' id='par_1_90' title="bbox 840 4439 4110 4510">
     <span class='ocr_line' id='line_1_90' title="bbox 840 4439 4110 4510; baseline -0.001 -8"><span class='ocrx_word' id='word_1_624' title='bbox 840 4461 923 4502; x_wconf 83' lang='grc' dir='ltr'>ι·;ιι</span> <span class='ocrx_word' id='word_1_625' title='bbox 959 4450 1062 4501; x_wconf 87' lang='lat' dir='ltr'><strong>sub</strong></span> <span class='ocrx_word' id='word_1_626' title='bbox 1105 4447 1427 4500; x_wconf 73' lang='lat' dir='ltr'><strong>Constantio</strong></span> <span class='ocrx_word' id='word_1_627' title='bbox 1471 4445 1900 4500; x_wconf 74' lang='lat' dir='ltr'><strong>Novatianorum</strong></span> <span class='ocrx_word' id='word_1_628' title='bbox 1945 4444 2268 4508; x_wconf 86' lang='lat' dir='ltr'><strong>ecclesiam,</strong></span> <span class='ocrx_word' id='word_1_629' title='bbox 2313 4459 2420 4496; x_wconf 92' lang='lat' dir='ltr'><strong>uno</strong></span> <span class='ocrx_word' id='word_1_630' title='bbox 2495 4453 2661 4510; x_wconf 85' lang='lat' dir='ltr'><strong>atque</strong></span> <span class='ocrx_word' id='word_1_631' title='bbox 2709 4441 2884 4494; x_wconf 80' lang='lat' dir='ltr'><strong>altero</strong></span> <span class='ocrx_word' id='word_1_632' title='bbox 2927 4453 3120 4493; x_wconf 90' lang='lat' dir='ltr'><strong>mense</strong></span> <span class='ocrx_word' id='word_1_633' title='bbox 3167 4439 3463 4492; x_wconf 90' lang='lat' dir='ltr'><strong>restituere</strong></span> <span class='ocrx_word' id='word_1_634' title='bbox 3507 4439 3696 4509; x_wconf 80' lang='lat' dir='ltr'><strong>jussit.</strong></span> <span class='ocrx_word' id='word_1_635' title='bbox 3745 4440 3854 4496; x_wconf 78' lang='lat' dir='ltr'><strong>Sed</strong></span> <span class='ocrx_word' id='word_1_636' title='bbox 3937 4453 3996 4496; x_wconf 84' lang='lat' dir='ltr'><strong>et</strong></span> <span class='ocrx_word' id='word_1_637' title='bbox 4043 4461 4110 4498; x_wconf 80' lang='lat' dir='ltr'><strong>ex</strong></span> 
     </span>
    </p>
   </div>
   <div class='ocr_carea' id='block_1_91' title="bbox 841 4531 4110 4610">
    <p class='ocr_par' dir='ltr' id='par_1_91' title="bbox 841 4531 4110 4610">
     <span class='ocr_line' id='line_1_91' title="bbox 841 4531 4110 4610; baseline -0.001 -14"><span class='ocrx_word' id='word_1_638' title='bbox 841 4546 965 4597; x_wconf 86' lang='lat' dir='ltr'><strong>aliis</strong></span> <span class='ocrx_word' id='word_1_639' title='bbox 1009 4543 1263 4610; x_wconf 72' lang='lat' dir='ltr'><strong>plin-imis</strong></span> <span class='ocrx_word' id='word_1_640' title='bbox 1302 4542 1467 4595; x_wconf 85' lang='lat' dir='ltr'><strong>rebus</strong></span> <span class='ocrx_word' id='word_1_641' title='bbox 1499 4543 1775 4594; x_wconf 68' lang='lat' dir='ltr'><strong>aastiinare</strong></span> <span class='ocrx_word' id='word_1_642' title='bbox 1818 4551 1934 4596; x_wconf 88' lang='lat' dir='ltr'><strong>est.</strong></span> <span class='ocrx_word' id='word_1_643' title='bbox 1979 4551 2205 4609; x_wconf 84' lang='lat' dir='ltr'><strong>propter</strong></span> <span class='ocrx_word' id='word_1_644' title='bbox 2242 4540 2549 4593; x_wconf 76' lang='lat' dir='ltr'><strong>Constantii</strong></span> <span class='ocrx_word' id='word_1_645' title='bbox 2581 4538 2793 4604; x_wconf 87' lang='lat' dir='ltr'><strong>odium,</strong></span> <span class='ocrx_word' id='word_1_646' title='bbox 2821 4550 2948 4589; x_wconf 89' lang='lat' dir='ltr'><strong>cum</strong></span> <span class='ocrx_word' id='word_1_647' title='bbox 2978 4531 3149 4586; x_wconf 83' lang='lat' dir='ltr'><strong>multa</strong></span> <span class='ocrx_word' id='word_1_648' title='bbox 3182 4534 3236 4586; x_wconf 92' lang='lat' dir='ltr'><strong>in</strong></span> <span class='ocrx_word' id='word_1_649' title='bbox 3269 4548 3369 4588; x_wconf 81' lang='lat' dir='ltr'><strong>nos</strong></span> <span class='ocrx_word' id='word_1_650' title='bbox 3405 4534 3583 4602; x_wconf 84' lang='lat' dir='ltr'><strong>ipsum</strong></span> <span class='ocrx_word' id='word_1_651' title='bbox 3619 4537 3834 4590; x_wconf 84' lang='lat' dir='ltr'><strong>duriter</strong></span> <span class='ocrx_word' id='word_1_652' title='bbox 3867 4537 4071 4594; x_wconf 74' lang='lat' dir='ltr'><strong>fecisse</strong></span> <span class='ocrx_word' id='word_1_653' title='bbox 4093 4580 4110 4605; x_wconf 91' lang='lat'><strong>,</strong></span> 
     </span>
    </p>
   </div>
   <div class='ocr_carea' id='block_1_92' title="bbox 843 4637 2552 4709">
    <p class='ocr_par' dir='ltr' id='par_1_92' title="bbox 843 4637 2552 4709">
     <span class='ocr_line' id='line_1_92' title="bbox 843 4637 2552 4709; baseline -0.004 -16"><span class='ocrx_word' id='word_1_654' title='bbox 843 4652 954 4693; x_wconf 92' lang='lat' dir='ltr'><strong>tum</strong></span> <span class='ocrx_word' id='word_1_655' title='bbox 988 4657 1108 4709; x_wconf 77' lang='lat' dir='ltr'><strong>qua:</strong></span> <span class='ocrx_word' id='word_1_656' title='bbox 1137 4641 1205 4693; x_wconf 89' lang='lat' dir='ltr'><strong>ab</strong></span> <span class='ocrx_word' id='word_1_657' title='bbox 1238 4642 1360 4693; x_wconf 88' lang='lat' dir='ltr'><strong>aliis</strong></span> <span class='ocrx_word' id='word_1_658' title='bbox 1392 4655 1612 4708; x_wconf 87' lang='lat' dir='ltr'><strong>quoque</strong></span> <span class='ocrx_word' id='word_1_659' title='bbox 1650 4637 1857 4691; x_wconf 82' lang='lat' dir='ltr'><strong>ﬁebant</strong></span> <span class='ocrx_word' id='word_1_660' title='bbox 1879 4678 1892 4700; x_wconf 94' lang='lat'><strong>,</strong></span> <span class='ocrx_word' id='word_1_661' title='bbox 1927 4639 2010 4690; x_wconf 87' lang='lat' dir='ltr'><strong>eis</strong></span> <span class='ocrx_word' id='word_1_662' title='bbox 2043 4637 2378 4690; x_wconf 75' lang='lat' dir='ltr'><strong>delectatum</strong></span> <span class='ocrx_word' id='word_1_663' title='bbox 2411 4651 2552 4689; x_wconf 83' lang='lat' dir='ltr'><strong>esse.</strong></span> 
     </span>
    </p>
   </div>
   <div class='ocr_carea' id='block_1_93' title="bbox 1443 4759 1800 4814">
    <p class='ocr_par' dir='ltr' id='par_1_93' title="bbox 1443 4759 1800 4814">
     <span class='ocr_line' id='line_1_93' title="bbox 1443 4759 1800 4814; baseline -0.008 -1"><span class='ocrx_word' id='word_1_664' title='bbox 1443 4759 1679 4814; x_wconf 79' lang='lat' dir='ltr'><strong>CAPUT</strong></span> <span class='ocrx_word' id='word_1_665' title='bbox 1713 4759 1800 4811; x_wconf 72' lang='lat' dir='ltr'><strong>Vl.</strong></span> 
     </span>
    </p>
   </div>
   <div class='ocr_carea' id='block_1_94' title="bbox 845 4851 2413 4922">
    <p class='ocr_par' dir='ltr' id='par_1_94' title="bbox 845 4851 2413 4922">
     <span class='ocr_line' id='line_1_94' title="bbox 845 4851 2413 4922; baseline -0.004 -15"><span class='ocrx_word' id='word_1_666' title='bbox 845 4853 906 4912; x_wconf 78' lang='lat' dir='ltr'><strong>Ut</strong></span> <span class='ocrx_word' id='word_1_667' title='bbox 960 4857 1120 4905; x_wconf 66' lang='lat' dir='ltr'><strong>etiam</strong></span> <span class='ocrx_word' id='word_1_668' title='bbox 1178 4870 1395 4922; x_wconf 80' lang='lat' dir='ltr'><strong>magnus</strong></span> <span class='ocrx_word' id='word_1_669' title='bbox 1447 4853 1768 4903; x_wconf 77' lang='lat' dir='ltr'><strong>Athanasius</strong></span> <span class='ocrx_word' id='word_1_670' title='bbox 1822 4863 1930 4902; x_wconf 83' lang='lat' dir='ltr'><strong>tum</strong></span> <span class='ocrx_word' id='word_1_671' title='bbox 1965 4854 2104 4919; x_wconf 84' lang='lat' dir='ltr'><strong>apud</strong></span> <span class='ocrx_word' id='word_1_672' title='bbox 2159 4851 2413 4922; x_wconf 73' lang='lat' dir='ltr'><strong>virginem</strong></span> 
     </span>
    </p>
   </div>
   <div class='ocr_carea' id='block_1_95' title="bbox 913 4920 2413 4996">
    <p class='ocr_par' dir='ltr' id='par_1_95' title="bbox 913 4920 2413 4996">
     <span class='ocr_line' id='line_1_95' title="bbox 913 4920 2413 4996; baseline -0.004 -20"><span class='ocrx_word' id='word_1_673' title='bbox 913 4939 1153 4996; x_wconf 66' lang='lat' dir='ltr'><strong>pmtcum</strong></span> <span class='ocrx_word' id='word_1_674' title='bbox 1183 4920 1726 4996; x_wconf 19' lang='lat' dir='ltr'><strong>oi‘c‘ttltutusppublico</strong></span> <span class='ocrx_word' id='word_1_675' title='bbox 1770 4938 1824 4973; x_wconf 81' lang='lat' dir='ltr'><strong>se</strong></span> <span class='ocrx_word' id='word_1_676' title='bbox 1856 4923 2197 4980; x_wconf 75' lang='lat' dir='ltr'><strong>commiserit,</strong></span> <span class='ocrx_word' id='word_1_677' title='bbox 2230 4939 2273 4996; x_wconf 66' lang='lat' dir='ltr'><strong>ei</strong></span> <span class='ocrx_word' id='word_1_678' title='bbox 2317 4920 2413 4971; x_wconf 62' lang='lat' dir='ltr'><strong>lic—</strong></span> 
     </span>
    </p>
   </div>
   <div class='ocr_carea' id='block_1_96' title="bbox 913 4991 2419 5062">
    <p class='ocr_par' dir='ltr' id='par_1_96' title="bbox 913 4991 2419 5062">
     <span class='ocr_line' id='line_1_96' title="bbox 913 4991 2419 5062; baseline -0.005 -14"><span class='ocrx_word' id='word_1_679' title='bbox 913 4991 1127 5048; x_wconf 67' lang='lat' dir='ltr'><strong>clesiant</strong></span> <span class='ocrx_word' id='word_1_680' title='bbox 1174 4995 1446 5062; x_wconf 77' lang='lat' dir='ltr'><strong>receperit,</strong></span> <span class='ocrx_word' id='word_1_681' title='bbox 1493 4994 1715 5061; x_wconf 71' lang='lat' dir='ltr'><strong>Georgio</strong></span> <span class='ocrx_word' id='word_1_682' title='bbox 1761 4995 1965 5045; x_wconf 77' lang='grc' dir='ltr'>Ανιαιιυ</span> <span class='ocrx_word' id='word_1_683' title='bbox 2019 5010 2050 5044; x_wconf 83' lang='grc' dir='ltr'>ιι</span> <span class='ocrx_word' id='word_1_684' title='bbox 2091 4991 2283 5060; x_wconf 67' lang='lat' dir='ltr'><strong>papula</strong></span> <span class='ocrx_word' id='word_1_685' title='bbox 2336 5007 2419 5041; x_wconf 79' lang='lat' dir='ltr'><strong>lu-</strong></span> 
     </span>
    </p>
   </div>
   <div class='ocr_carea' id='block_1_97' title="bbox 916 5077 1189 5134">
    <p class='ocr_par' dir='ltr' id='par_1_97' title="bbox 916 5077 1189 5134">
     <span class='ocr_line' id='line_1_97' title="bbox 916 5077 1189 5134; baseline 0 -18"><span class='ocrx_word' id='word_1_686' title='bbox 916 5077 1189 5134; x_wconf 78' lang='lat' dir='ltr'><strong>tercmpto.</strong></span> 
     </span>
    </p>
   </div>
   <div class='ocr_carea' id='block_1_98' title="bbox 918 5175 2419 5245">
    <p class='ocr_par' dir='ltr' id='par_1_98' title="bbox 918 5175 2419 5245">
     <span class='ocr_line' id='line_1_98' title="bbox 918 5175 2419 5245; baseline -0.004 -11"><span class='ocrx_word' id='word_1_687' title='bbox 918 5179 1056 5234; x_wconf 88' lang='lat' dir='ltr'><strong>Tum</strong></span> <span class='ocrx_word' id='word_1_688' title='bbox 1099 5179 1437 5233; x_wconf 84' lang='lat' dir='ltr'><strong>Athanasius</strong></span> <span class='ocrx_word' id='word_1_689' title='bbox 1466 5177 1657 5241; x_wconf 89' lang='lat' dir='ltr'><strong>etiam,</strong></span> <span class='ocrx_word' id='word_1_690' title='bbox 1696 5176 1788 5245; x_wconf 87' lang='lat' dir='ltr'><strong>qui</strong></span> <span class='ocrx_word' id='word_1_691' title='bbox 1829 5175 2020 5229; x_wconf 87' lang='lat' dir='ltr'><strong>multis</strong></span> <span class='ocrx_word' id='word_1_692' title='bbox 2053 5175 2215 5228; x_wconf 85' lang='lat' dir='ltr'><strong>annis</strong></span> <span class='ocrx_word' id='word_1_693' title='bbox 2241 5177 2419 5228; x_wconf 87' lang='lat' dir='ltr'><strong>latue-</strong></span> 
     </span>
    </p>
   </div>
   <div class='ocr_carea' id='block_1_99' title="bbox 849 5268 2420 5339">
    <p class='ocr_par' dir='ltr' id='par_1_99' title="bbox 849 5268 2420 5339">
     <span class='ocr_line' id='line_1_99' title="bbox 849 5268 2420 5339; baseline -0.004 -13"><span class='ocrx_word' id='word_1_694' title='bbox 849 5286 969 5334; x_wconf 91' lang='lat' dir='ltr'><strong>rat,</strong></span> <span class='ocrx_word' id='word_1_695' title='bbox 1018 5273 1325 5326; x_wconf 81' lang='lat' dir='ltr'><strong>Constantii</strong></span> <span class='ocrx_word' id='word_1_696' title='bbox 1376 5280 1550 5325; x_wconf 89' lang='lat' dir='ltr'><strong>morte</strong></span> <span class='ocrx_word' id='word_1_697' title='bbox 1590 5270 1830 5339; x_wconf 76' lang='lat' dir='ltr'><strong>cognita,</strong></span> <span class='ocrx_word' id='word_1_698' title='bbox 1866 5279 2034 5322; x_wconf 89' lang='lat' dir='ltr'><strong>noctu</strong></span> <span class='ocrx_word' id='word_1_699' title='bbox 2075 5268 2420 5322; x_wconf 75' lang='lat' dir='ltr'><strong>Alexandria:</strong></span> 
     </span>
    </p>
   </div>
   <div class='ocr_carea' id='block_1_100' title="bbox 848 5362 2422 5434">
    <p class='ocr_par' dir='ltr' id='par_1_100' title="bbox 848 5362 2422 5434">
     <span class='ocr_line' id='line_1_100' title="bbox 848 5362 2422 5434; baseline -0.003 -16"><span class='ocrx_word' id='word_1_700' title='bbox 848 5369 900 5418; x_wconf 92' lang='lat' dir='ltr'><strong>in</strong></span> <span class='ocrx_word' id='word_1_701' title='bbox 928 5369 1158 5419; x_wconf 88' lang='lat' dir='ltr'><strong>ecclesia</strong></span> <span class='ocrx_word' id='word_1_702' title='bbox 1184 5365 1456 5434; x_wconf 88' lang='lat' dir='ltr'><strong>apparuit,</strong></span> <span class='ocrx_word' id='word_1_703' title='bbox 1478 5374 1532 5418; x_wconf 91' lang='lat' dir='ltr'><strong>et</strong></span> <span class='ocrx_word' id='word_1_704' title='bbox 1555 5366 1820 5418; x_wconf 85' lang='lat' dir='ltr'><strong>miraculo</strong></span> <span class='ocrx_word' id='word_1_705' title='bbox 1845 5364 2142 5432; x_wconf 88' lang='lat' dir='ltr'><strong>derepente</strong></span> <span class='ocrx_word' id='word_1_706' title='bbox 2166 5362 2422 5415; x_wconf 88' lang='lat' dir='ltr'><strong>omnibus</strong></span> 
     </span>
    </p>
   </div>
   <div class='ocr_carea' id='block_1_101' title="bbox 849 5454 2416 5526">
    <p class='ocr_par' dir='ltr' id='par_1_101' title="bbox 849 5454 2416 5526">
     <span class='ocr_line' id='line_1_101' title="bbox 849 5454 2416 5526; baseline -0.003 -17"><span class='ocrx_word' id='word_1_707' title='bbox 849 5461 1002 5525; x_wconf 86' lang='lat' dir='ltr'><strong>quasi</strong></span> <span class='ocrx_word' id='word_1_708' title='bbox 1051 5471 1302 5512; x_wconf 89' lang='lat' dir='ltr'><strong>mortuus</strong></span> <span class='ocrx_word' id='word_1_709' title='bbox 1337 5457 1612 5526; x_wconf 88' lang='lat' dir='ltr'><strong>quispiam</strong></span> <span class='ocrx_word' id='word_1_710' title='bbox 1661 5456 1730 5510; x_wconf 89' lang='lat' dir='ltr'><strong>ab</strong></span> <span class='ocrx_word' id='word_1_711' title='bbox 1777 5455 1971 5508; x_wconf 82' lang='lat' dir='ltr'><strong>inferis</strong></span> <span class='ocrx_word' id='word_1_712' title='bbox 2006 5469 2257 5507; x_wconf 85' lang='lat' dir='ltr'><strong>reversus</strong></span> <span class='ocrx_word' id='word_1_713' title='bbox 2289 5454 2416 5505; x_wconf 83' lang='lat' dir='ltr'><strong>l&#39;uit.</strong></span> 
     </span>
    </p>
   </div>
   <div class='ocr_carea' id='block_1_102' title="bbox 849 5533 2414 5621">
    <p class='ocr_par' dir='ltr' id='par_1_102' title="bbox 849 5533 2414 5621">
     <span class='ocr_line' id='line_1_102' title="bbox 849 5533 2414 5621; baseline -0.004 -17"><span class='ocrx_word' id='word_1_714' title='bbox 849 5552 927 5605; x_wconf 65' lang='lat' dir='ltr'><strong>lix</strong></span> <span class='ocrx_word' id='word_1_715' title='bbox 960 5568 1070 5621; x_wconf 91' lang='lat' dir='ltr'><strong>quo</strong></span> <span class='ocrx_word' id='word_1_716' title='bbox 1104 5552 1251 5605; x_wconf 88' lang='lat' dir='ltr'><strong>enim</strong></span> <span class='ocrx_word' id='word_1_717' title='bbox 1283 5551 1500 5618; x_wconf 77' lang='lat' dir='ltr'><strong>Georgii</strong></span> <span class='ocrx_word' id='word_1_718' title='bbox 1549 5533 1789 5614; x_wconf 79' lang='lat' dir='ltr'><strong>insidiis,</strong></span> <span class='ocrx_word' id='word_1_719' title='bbox 1824 5558 1880 5604; x_wconf 90' lang='lat' dir='ltr'><strong>et</strong></span> <span class='ocrx_word' id='word_1_720' title='bbox 1906 5547 2213 5602; x_wconf 79' lang='lat' dir='ltr'><strong>Constantii</strong></span> <span class='ocrx_word' id='word_1_721' title='bbox 2258 5547 2414 5616; x_wconf 85' lang='lat' dir='ltr'><strong>jussu</strong></span> 
     </span>
    </p>
   </div>
   <div class='ocr_carea' id='block_1_103' title="bbox 847 5641 2417 5716">
    <p class='ocr_par' dir='ltr' id='par_1_103' title="bbox 847 5641 2417 5716">
     <span class='ocr_line' id='line_1_103' title="bbox 847 5641 2417 5716; baseline -0.005 -16"><span class='ocrx_word' id='word_1_722' title='bbox 847 5644 1062 5716; x_wconf 70' lang='lat' dir='ltr'><strong>Aigypti</strong></span> <span class='ocrx_word' id='word_1_723' title='bbox 1100 5645 1392 5714; x_wconf 75' lang='lat' dir='ltr'><strong>priel&#39;ectus</strong></span> <span class='ocrx_word' id='word_1_724' title='bbox 1421 5659 1546 5697; x_wconf 90' lang='lat' dir='ltr'><strong>eum</strong></span> <span class='ocrx_word' id='word_1_725' title='bbox 1586 5657 1694 5696; x_wconf 92' lang='lat' dir='ltr'><strong>non</strong></span> <span class='ocrx_word' id='word_1_726' title='bbox 1729 5645 1896 5712; x_wconf 89' lang='lat' dir='ltr'><strong>cepit,</strong></span> <span class='ocrx_word' id='word_1_727' title='bbox 1933 5651 2098 5711; x_wconf 80' lang='lat' dir='ltr'><strong>atque</strong></span> <span class='ocrx_word' id='word_1_728' title='bbox 2144 5642 2260 5710; x_wconf 88' lang='lat' dir='ltr'><strong>ipse</strong></span> <span class='ocrx_word' id='word_1_729' title='bbox 2295 5641 2417 5710; x_wconf 77' lang='lat' dir='ltr'><strong>fuga</strong></span> 
     </span>
    </p>
   </div>
   <div class='ocr_carea' id='block_1_104' title="bbox 850 5733 2418 5802">
    <p class='ocr_par' dir='ltr' id='par_1_104' title="bbox 850 5733 2418 5802">
     <span class='ocr_line' id='line_1_104' title="bbox 850 5733 2418 5802; baseline -0.004 -12"><span class='ocrx_word' id='word_1_730' title='bbox 850 5739 954 5790; x_wconf 80' lang='lat' dir='ltr'><strong>sibi</strong></span> <span class='ocrx_word' id='word_1_731' title='bbox 985 5737 1296 5800; x_wconf 90' lang='lat' dir='ltr'><strong>consuluit,</strong></span> <span class='ocrx_word' id='word_1_732' title='bbox 1331 5737 1397 5789; x_wconf 89' lang='lat' dir='ltr'><strong>ad</strong></span> <span class='ocrx_word' id='word_1_733' title='bbox 1443 5735 1644 5790; x_wconf 84' lang='lat' dir='ltr'><strong>Juliani</strong></span> <span class='ocrx_word' id='word_1_734' title='bbox 1683 5735 2192 5802; x_wconf 84' lang='lat' dir='ltr'><strong>usque’itnperium</strong></span> <span class='ocrx_word' id='word_1_735' title='bbox 2218 5775 2231 5798; x_wconf 95' lang='lat'><strong>,</strong></span> <span class='ocrx_word' id='word_1_736' title='bbox 2277 5733 2418 5800; x_wconf 89' lang='lat' dir='ltr'><strong>apud</strong></span> 
     </span>
    </p>
   </div>
   <div class='ocr_carea' id='block_1_105' title="bbox 857 5826 2422 5898">
    <p class='ocr_par' dir='ltr' id='par_1_105' title="bbox 857 5826 2422 5898">
     <span class='ocr_line' id='line_1_105' title="bbox 857 5826 2422 5898; baseline -0.005 -15"><span class='ocrx_word' id='word_1_737' title='bbox 857 5829 1140 5883; x_wconf 85' lang='lat' dir='ltr'><strong>mulierem</strong></span> <span class='ocrx_word' id='word_1_738' title='bbox 1185 5827 1478 5898; x_wconf 87' lang='lat' dir='ltr'><strong>quamdam</strong></span> <span class='ocrx_word' id='word_1_739' title='bbox 1527 5829 1790 5896; x_wconf 78' lang='lat' dir='ltr'><strong>virginem</strong></span> <span class='ocrx_word' id='word_1_740' title='bbox 1838 5826 2182 5882; x_wconf 66' lang='lat' dir='ltr'><strong>Alcxandrim</strong></span> <span class='ocrx_word' id='word_1_741' title='bbox 2233 5826 2422 5878; x_wconf 86' lang='lat' dir='ltr'><strong>occul-</strong></span> 
     </span>
    </p>
   </div>
   <div class='ocr_carea' id='block_1_106' title="bbox 3116 4754 3509 4822">
    <p class='ocr_par' dir='ltr' id='par_1_106' title="bbox 3116 4754 3509 4822">
     <span class='ocr_line' id='line_1_106' title="bbox 3116 4754 3509 4822; baseline -0.003 -13"><span class='ocrx_word' id='word_1_742' title='bbox 3116 4755 3365 4809; x_wconf 73' lang='grc' dir='ltr'><strong>ιςεψΑΑ.</strong></span> <span class='ocrx_word' id='word_1_743' title='bbox 3419 4754 3509 4822; x_wconf 73' lang='grc' dir='ltr'>ς’.</span> 
     </span>
    </p>
   </div>
   <div class='ocr_carea' id='block_1_107' title="bbox 2534 4849 4111 4918">
    <p class='ocr_par' dir='ltr' id='par_1_107' title="bbox 2534 4849 4111 4918">
     <span class='ocr_line' id='line_1_107' title="bbox 2534 4849 4111 4918; baseline 0 -16"><span class='ocrx_word' id='word_1_744' title='bbox 2534 4849 2629 4916; x_wconf 82' lang='grc' dir='ltr'>Ὠς</span> <span class='ocrx_word' id='word_1_745' title='bbox 2651 4849 2748 4902; x_wconf 79' lang='grc' dir='ltr'><strong>καί</strong></span> <span class='ocrx_word' id='word_1_746' title='bbox 2774 4852 2805 4902; x_wconf 85' lang='grc' dir='ltr'><strong>ό</strong></span> <span class='ocrx_word' id='word_1_747' title='bbox 2831 4851 3020 4918; x_wconf 78' lang='grc' dir='ltr'>μέγας</span> <span class='ocrx_word' id='word_1_748' title='bbox 3062 4849 3417 4914; x_wconf 79' lang='grc' dir='ltr'>Ἀθανάσιος</span> <span class='ocrx_word' id='word_1_749' title='bbox 3450 4850 3782 4915; x_wconf 70' lang='grc' dir='ltr'>τηνικαῦτα</span> <span class='ocrx_word' id='word_1_750' title='bbox 3825 4851 3947 4904; x_wconf 73' lang='grc' dir='ltr'><strong>ὑπὸ</strong></span> <span class='ocrx_word' id='word_1_751' title='bbox 4006 4869 4111 4904; x_wconf 78' lang='grc' dir='ltr'><strong>σε-</strong></span> 
     </span>
    </p>
   </div>
   <div class='ocr_carea' id='block_1_108' title="bbox 2589 4921 4116 4988">
    <p class='ocr_par' dir='ltr' id='par_1_108' title="bbox 2589 4921 4116 4988">
     <span class='ocr_line' id='line_1_108' title="bbox 2589 4921 4116 4988; baseline 0.001 -16"><span class='ocrx_word' id='word_1_752' title='bbox 2589 4921 2714 4988; x_wconf 72' lang='grc' dir='ltr'><strong>μνῇ</strong></span> <span class='ocrx_word' id='word_1_753' title='bbox 2746 4925 3021 4987; x_wconf 72' lang='grc' dir='ltr'>παρθένῳ</span> <span class='ocrx_word' id='word_1_754' title='bbox 3045 4922 3453 4986; x_wconf 70' lang='grc' dir='ltr'>κρυπτόμενος</span> <span class='ocrx_word' id='word_1_755' title='bbox 3487 4921 3783 4987; x_wconf 53' lang='grc' dir='ltr'>ἀνεφάνη.</span> <span class='ocrx_word' id='word_1_756' title='bbox 3837 4925 3937 4972; x_wconf 72' lang='grc' dir='ltr'>καὶ</span> <span class='ocrx_word' id='word_1_757' title='bbox 3997 4926 4116 4986; x_wconf 73' lang='grc' dir='ltr'><strong>τὴν</strong></span> 
     </span>
    </p>
   </div>
   <div class='ocr_carea' id='block_1_109' title="bbox 2611 4990 4114 5058">
    <p class='ocr_par' dir='ltr' id='par_1_109' title="bbox 2611 4990 4114 5058">
     <span class='ocr_line' id='line_1_109' title="bbox 2611 4990 4114 5058; baseline 0.004 -17"><span class='ocrx_word' id='word_1_758' title='bbox 2611 4993 2982 5056; x_wconf 69' lang='grc' dir='ltr'>Ἐκκλησίαν</span> <span class='ocrx_word' id='word_1_759' title='bbox 3009 4990 3286 5058; x_wconf 78' lang='grc' dir='ltr'>κατέσχε,</span> <span class='ocrx_word' id='word_1_760' title='bbox 3324 4992 3621 5058; x_wconf 75' lang='grc' dir='ltr'>Γεωργιου</span> <span class='ocrx_word' id='word_1_761' title='bbox 3657 4993 3762 5043; x_wconf 76' lang='grc' dir='ltr'>τοι)</span> <span class='ocrx_word' id='word_1_762' title='bbox 3797 4991 4114 5056; x_wconf 65' lang='grc' dir='ltr'>Ἀμείαιῑτῡ</span> 
     </span>
    </p>
   </div>
   <div class='ocr_carea' id='block_1_110' title="bbox 2595 5061 3551 5130">
    <p class='ocr_par' dir='ltr' id='par_1_110' title="bbox 2595 5061 3551 5130">
     <span class='ocr_line' id='line_1_110' title="bbox 2595 5061 3551 5130; baseline -0.002 -16"><span class='ocrx_word' id='word_1_763' title='bbox 2595 5064 2711 5114; x_wconf 75' lang='grc' dir='ltr'><strong>ὑπὸ</strong></span> <span class='ocrx_word' id='word_1_764' title='bbox 2748 5061 2852 5114; x_wconf 84' lang='grc' dir='ltr'>τοῦ</span> <span class='ocrx_word' id='word_1_765' title='bbox 2878 5061 3072 5130; x_wconf 70' lang='grc' dir='ltr'>δήμου</span> <span class='ocrx_word' id='word_1_766' title='bbox 3104 5061 3551 5128; x_wconf 74' lang='grc' dir='ltr'>ἀναιρεθέντος.</span> 
     </span>
    </p>
   </div>
   <div class='ocr_carea' id='block_1_111' title="bbox 2597 5172 4119 5246">
    <p class='ocr_par' dir='ltr' id='par_1_111' title="bbox 2597 5172 4119 5246">
     <span class='ocr_line' id='line_1_111' title="bbox 2597 5172 4119 5246; baseline 0.003 -20"><span class='ocrx_word' id='word_1_767' title='bbox 2597 5172 2918 5245; x_wconf 85' lang='grc' dir='ltr'>Τηνικαῦτα</span> <span class='ocrx_word' id='word_1_768' title='bbox 2985 5175 3045 5227; x_wconf 81' lang='grc' dir='ltr'>δὲ</span> <span class='ocrx_word' id='word_1_769' title='bbox 3097 5175 3191 5227; x_wconf 82' lang='grc' dir='ltr'>καὶ</span> <span class='ocrx_word' id='word_1_770' title='bbox 3244 5172 3567 5238; x_wconf 73' lang='grc' dir='ltr'>’Δ¹ιανάσιος</span> <span class='ocrx_word' id='word_1_771' title='bbox 3613 5175 3830 5238; x_wconf 80' lang='grc' dir='ltr'>πολλοῖς</span> <span class='ocrx_word' id='word_1_772' title='bbox 3869 5178 4119 5246; x_wconf 79' lang='grc' dir='ltr'>κρυπτό-</span> 
     </span>
    </p>
   </div>
   <div class='ocr_carea' id='block_1_112' title="bbox 2531 5268 4113 5340">
    <p class='ocr_par' dir='ltr' id='par_1_112' title="bbox 2531 5268 4113 5340">
     <span class='ocr_line' id='line_1_112' title="bbox 2531 5268 4113 5340; baseline 0.001 -20"><span class='ocrx_word' id='word_1_773' title='bbox 2531 5285 2689 5338; x_wconf 84' lang='grc' dir='ltr'>μενος</span> <span class='ocrx_word' id='word_1_774' title='bbox 2737 5269 2906 5329; x_wconf 78' lang='grc' dir='ltr'>ἐτεσι,</span> <span class='ocrx_word' id='word_1_775' title='bbox 2946 5268 3352 5340; x_wconf 41' lang='grc' dir='ltr'>-Κωνστάντιον</span> <span class='ocrx_word' id='word_1_776' title='bbox 3407 5268 3600 5336; x_wconf 79' lang='grc' dir='ltr'>μαθὼν</span> <span class='ocrx_word' id='word_1_777' title='bbox 3648 5270 4063 5339; x_wconf 78' lang='grc' dir='ltr'>τελευτήσαντα</span> <span class='ocrx_word' id='word_1_778' title='bbox 4097 5313 4113 5336; x_wconf 86' lang='grc'><strong>,</strong></span> 
     </span>
    </p>
   </div>
   <div class='ocr_carea' id='block_1_113' title="bbox 2532 5358 4116 5429">
    <p class='ocr_par' dir='ltr' id='par_1_113' title="bbox 2532 5358 4116 5429">
     <span class='ocr_line' id='line_1_113' title="bbox 2532 5358 4116 5429; baseline 0.003 -17"><span class='ocrx_word' id='word_1_779' title='bbox 2532 5361 2724 5422; x_wconf 83' lang='grc' dir='ltr'>νυκτὸς</span> <span class='ocrx_word' id='word_1_780' title='bbox 2778 5360 2871 5411; x_wconf 83' lang='grc' dir='ltr'><strong>ἐπί</strong></span> <span class='ocrx_word' id='word_1_781' title='bbox 2926 5363 3026 5429; x_wconf 74' lang='grc' dir='ltr'>τὴν</span> <span class='ocrx_word' id='word_1_782' title='bbox 3089 5358 3483 5428; x_wconf 78' lang='grc' dir='ltr'>Ἀλεξανδρέων</span> <span class='ocrx_word' id='word_1_783' title='bbox 3530 5359 3861 5428; x_wconf 82' lang='grc' dir='ltr'>Ἐκκλησίαν</span> <span class='ocrx_word' id='word_1_784' title='bbox 3909 5363 4116 5429; x_wconf 71' lang='grc' dir='ltr'>ἐφάνη.</span> 
     </span>
    </p>
   </div>
   <div class='ocr_carea' id='block_1_114' title="bbox 2524 5446 4119 5522">
    <p class='ocr_par' dir='ltr' id='par_1_114' title="bbox 2524 5446 4119 5522">
     <span class='ocr_line' id='line_1_114' title="bbox 2524 5446 4119 5522; baseline -0.001 -14"><span class='ocrx_word' id='word_1_785' title='bbox 2524 5454 2628 5508; x_wconf 74' lang='grc' dir='ltr'><strong>Καὶ</strong></span> <span class='ocrx_word' id='word_1_786' title='bbox 2659 5454 2842 5522; x_wconf 74' lang='grc' dir='ltr'>θαῦμα</span> <span class='ocrx_word' id='word_1_787' title='bbox 2871 5453 3073 5518; x_wconf 72' lang='grc' dir='ltr'>ἔδοξεν,</span> <span class='ocrx_word' id='word_1_788' title='bbox 3105 5455 3302 5522; x_wconf 64' lang='grc' dir='ltr'>αίτρνης</span> <span class='ocrx_word' id='word_1_789' title='bbox 3350 5446 3438 5507; x_wconf 80' lang='grc' dir='ltr'><strong>οἷά</strong></span> <span class='ocrx_word' id='word_1_790' title='bbox 3470 5469 3551 5515; x_wconf 86' lang='grc' dir='ltr'><strong>τις</strong></span> <span class='ocrx_word' id='word_1_791' title='bbox 3592 5453 3786 5522; x_wconf 80' lang='grc' dir='ltr'>νεκρὸς</span> <span class='ocrx_word' id='word_1_792' title='bbox 3819 5454 3929 5506; x_wconf 85' lang='grc' dir='ltr'><strong>τῶν</strong></span> <span class='ocrx_word' id='word_1_793' title='bbox 3957 5455 4119 5507; x_wconf 80' lang='grc' dir='ltr'>κάτω</span> 
     </span>
    </p>
   </div>
   <div class='ocr_carea' id='block_1_115' title="bbox 2527 5545 4120 5616">
    <p class='ocr_par' dir='ltr' id='par_1_115' title="bbox 2527 5545 4120 5616">
     <span class='ocr_line' id='line_1_115' title="bbox 2527 5545 4120 5616; baseline 0 -18"><span class='ocrx_word' id='word_1_794' title='bbox 2527 5545 2882 5614; x_wconf 66' lang='grc' dir='ltr'>ἀναρραγείς·</span> <span class='ocrx_word' id='word_1_795' title='bbox 2943 5545 3004 5608; x_wconf 77' lang='grc' dir='ltr'>ἐξ</span> <span class='ocrx_word' id='word_1_796' title='bbox 3069 5547 3193 5596; x_wconf 76' lang='grc' dir='ltr'>ὅτου</span> <span class='ocrx_word' id='word_1_797' title='bbox 3244 5546 3355 5614; x_wconf 74' lang='grc' dir='ltr'>γὰρ</span> <span class='ocrx_word' id='word_1_798' title='bbox 3393 5548 3514 5608; x_wconf 81' lang='grc' dir='ltr'>ταῖς</span> <span class='ocrx_word' id='word_1_799' title='bbox 3569 5545 3849 5616; x_wconf 83' lang='grc' dir='ltr'>Γεωργίου</span> <span class='ocrx_word' id='word_1_800' title='bbox 3885 5547 4120 5598; x_wconf 57' lang='lat' dir='ltr'><strong>iniban-</strong></span> 
     </span>
    </p>
   </div>
   <div class='ocr_carea' id='block_1_116' title="bbox 2527 5638 4118 5709">
    <p class='ocr_par' dir='ltr' id='par_1_116' title="bbox 2527 5638 4118 5709">
     <span class='ocr_line' id='line_1_116' title="bbox 2527 5638 4118 5709; baseline -0.001 -17"><span class='ocrx_word' id='word_1_801' title='bbox 2527 5641 2668 5701; x_wconf 87' lang='grc' dir='ltr'><strong>λαίς,</strong></span> <span class='ocrx_word' id='word_1_802' title='bbox 2703 5640 3084 5699; x_wconf 69' lang='grc' dir='ltr'>Κωνςταντίου</span> <span class='ocrx_word' id='word_1_803' title='bbox 3117 5638 3476 5699; x_wconf 77' lang='grc' dir='ltr'>κελεύσαντος</span> <span class='ocrx_word' id='word_1_804' title='bbox 3499 5677 3514 5700; x_wconf 84' lang='lat'><strong>,</strong></span> <span class='ocrx_word' id='word_1_805' title='bbox 3559 5641 3588 5692; x_wconf 90' lang='grc' dir='ltr'><strong>ό</strong></span> <span class='ocrx_word' id='word_1_806' title='bbox 3617 5639 3725 5690; x_wconf 83' lang='grc' dir='ltr'>τῶν</span> <span class='ocrx_word' id='word_1_807' title='bbox 3752 5642 3811 5692; x_wconf 85' lang='grc' dir='ltr'><strong>ἐν</strong></span> <span class='ocrx_word' id='word_1_808' title='bbox 3841 5639 4118 5709; x_wconf 76' lang='grc' dir='ltr'>Αἰγύπτῳ</span> 
     </span>
    </p>
   </div>
   <div class='ocr_carea' id='block_1_117' title="bbox 2529 5733 4114 5802">
    <p class='ocr_par' dir='ltr' id='par_1_117' title="bbox 2529 5733 4114 5802">
     <span class='ocr_line' id='line_1_117' title="bbox 2529 5733 4114 5802; baseline -0.001 -18"><span class='ocrx_word' id='word_1_809' title='bbox 2529 5733 2755 5802; x_wconf 74' lang='grc' dir='ltr'>ἡγεμὼν</span> <span class='ocrx_word' id='word_1_810' title='bbox 2781 5734 3002 5783; x_wconf 79' lang='grc' dir='ltr'>ἐκείνου</span> <span class='ocrx_word' id='word_1_811' title='bbox 3060 5733 3328 5801; x_wconf 80' lang='grc' dir='ltr'>ἀπέτυχε,</span> <span class='ocrx_word' id='word_1_812' title='bbox 3376 5733 3566 5800; x_wconf 82' lang='grc' dir='ltr'>φυγὼν</span> <span class='ocrx_word' id='word_1_813' title='bbox 3602 5735 3810 5796; x_wconf 81' lang='grc' dir='ltr'>ἐκεῖνος</span> <span class='ocrx_word' id='word_1_814' title='bbox 3844 5735 3900 5795; x_wconf 87' lang='grc' dir='ltr'><strong>ἐς</strong></span> <span class='ocrx_word' id='word_1_815' title='bbox 3943 5733 4114 5800; x_wconf 75' lang='grc' dir='ltr'>δεῦρο</span> 
     </span>
    </p>
   </div>
   <div class='ocr_carea' id='block_1_118' title="bbox 2529 5821 4118 5897">
    <p class='ocr_par' dir='ltr' id='par_1_118' title="bbox 2529 5821 4118 5897">
     <span class='ocr_line' id='line_1_118' title="bbox 2529 5821 4118 5897; baseline 0.001 -18"><span class='ocrx_word' id='word_1_816' title='bbox 2529 5827 2742 5894; x_wconf 56' lang='grc' dir='ltr'>ἀφανὴς</span> <span class='ocrx_word' id='word_1_817' title='bbox 2775 5821 2842 5894; x_wconf 80' lang='grc' dir='ltr'>ἦν</span> <span class='ocrx_word' id='word_1_818' title='bbox 2881 5827 3045 5894; x_wconf 75' lang='grc' dir='ltr'>μέχρι</span> <span class='ocrx_word' id='word_1_819' title='bbox 3101 5826 3198 5894; x_wconf 74' lang='grc' dir='ltr'><strong>τῆς</strong></span> <span class='ocrx_word' id='word_1_820' title='bbox 3251 5828 3535 5896; x_wconf 71' lang='grc' dir='ltr'>παρούσης</span> <span class='ocrx_word' id='word_1_821' title='bbox 3575 5829 3902 5897; x_wconf 73' lang='grc' dir='ltr'>ἡγεμονίας,</span> <span class='ocrx_word' id='word_1_822' title='bbox 3953 5824 4118 5895; x_wconf 76' lang='grc' dir='ltr'><strong>παρά</strong></span> 
     </span>
    </p>
   </div>
  </div>
