4286 6438
294 425 397 487 565

1226 432 2265 496 ECCLESIASTICIE‘HISTORUE
2309 433 2455 497 LIB.
2498 433 2567 492 Χ.

3442 427 3549 493 468

294 544 501 613 τροφῆς
561 543 656 598 καὶ
696 536 793 615 τὴν
841 544 990 601 ἔνδον
1044 548 1283 614 έκείναις
1327 550 1615 606 διάπλασιν
1663 549 1879 617 σύναμα
1911 554 1986 614 Α‹

1847 558 1879 602 α
1911 554 1955 614 Α
1984 562 2303 617 conspersa,
2353 561 2452 602 eos
2484 546 2551 600 ad
2596 551 2891 600 consuetas
2940 558 3095 598 escas
3146 555 3539 614 provocarunt.

293 638 415 697 ταῖς
457 641 686 709 τροφαῖς
724 641 1195 712 κατεϐίϐρωσκον,
1233 642 1442 707 ζώσαις
1471 644 1615 699 οὕτω
1654 644 1748 697 καὶ
1781 643 1874 697 τοῦ

291 728 503 792 πάθους
525 730 778 802 αἴσθησιν
805 733 1197 804 κεκτημέναις.
1231 733 1537 807 Συμϐαλλω
1564 735 1622 795 δέ
1670 734 1877 791 Ἡλιου-

293 819 525 883 πολίτας
549 823 606 884 ἐς
624 819 741 875 τόδε
770 822 969 892 μανίας
992 822 1136 879 κατὰ
1161 825 1269 878 τῶν
1289 826 1453 897 ιερῶν
1483 826 1769 891 παρθένιον
1792 828 1876 879 έλ·

291 909 431 971 θεῖν,
458 912 653 983 ¹ίτιπερ
700 916 797 965 καὶ
830 914 1067 987 πάτριον
1095 911 1162 987 ἧν
1190 915 1423 981 ἐκείνοις
1446 918 1545 981 τὰς
1576 918 1878 987 παρθένους

295 1001 449 1070 παρὰ
495 1002 615 1056 τοῦ.
654 1006 1056 1076 προστυχόντος
1115 1007 1385 1078 πρότερον
1423 1009 1874 1079 έκπορνεύεσθαι.

293 1095 423 1162 πρὶν
468 1094 501 1164 ἢ
551 1096 862 1167 μνηστῆρσι
912 1097 1052 1169 πρὸς
1109 1098 1290 1169 γάμου
1336 1101 1618 1154 κοινωνίαν
1670 1101 1877 1154 ἐλθεῖν·

290 1187 431 1255 ὅπερ
454 1186 483 1239 δ
527 1188 705 1256 μέγας
741 1188 1177 1253 Κωνσταντῖνος,
1209 1192 1374 1261 νόμον
1418 1191 1554 1257 θεὶς,
1596 1194 1881 1263 ἄπρακτον

291 1276 468 1326 ἐποίει
514 1276 731 1345 πρῶτος
756 1291 770 1306 ι
805 1278 899 1329 καὶ
929 1279 1020 1331 τὸν
1044 1281 1222 1333 ἐκεῖσε
1257 1281 1357 1349 τῆς
1387 1279 1710 1349 ’Ἀφροδίτης
1743 1280 1881 1333 νεὼν

292 1364 564 1425 καθελὼν.
586 1368 883 1437 ἐκκλησίαν
907 1368 1099 1441 ἀνίστη
1133 1371 1275 1440 Θεῷ,
1303 1371 1379 1435 ὡς
1410 1374 1469 1425 έν
1500 1375 1610 1433 τοῖς
1646 1372 1881 1441 πρόσθεν

288 1451 435 1504 κατα
486 1457 671 1521 χώραν
726 1454 925 1524 ἐλέχθη
982 1473 1094 1525 μοι.
1130 1458 1203 1510 Τὸ
1231 1457 1276 1511 δ’
1311 1459 1371 1511 ιν
1421 1456 1645 1529 1ῑοινίκῃ
1697 1458 1881 1521 αὐτοῖς

286 1543 562 1611 τολμηθὲν
610 1544 727 1606 πῶς
758 1546 822 1599 ἄν
853 1562 937 1609 τις
976 1548 1363 1616 παραδραμεῖν
1403 1548 1615 1614 ἕλοιτος
1644 1546 1737 1600 Ἐν
1775 1549 1882 1617 γὰρ

285 1632 464 1706 ταύτῃ
495 1632 585 1686 τδν
620 1634 1023 1700 Ἡλιουπόλεως
1056 1639 1307 1693 διάκονον
1344 1640 1615 1711 Κύριλλον
1654 1640 1880 1710 ἀπηνῶς

286 1724 596 1789 ἀνελόντες,
625 1728 723 1779 καὶ
747 1727 845 1797 τὴν
874 1728 1125 1799 γαστέρα
1154 1729 1530 1800 διατεμόντες,
1559 1732 1651 1787 τοῦ
1673 1733 1883 1803 ἥπατος

289 1818 693 1886 ἁπεγεύσαντο.
730 1820 841 1874 Καὶ
865 1821 966 1874 οὐκ
1000 1823 1082 1884 είς
1111 1822 1331 1892 μακρὰν
1382 1821 1508 1886 τοὺς
1541 1824 1813 1894 τολμητὰς
1848 1824 1880 1893 ἡ

1982 638 2166 708 Itaque
2197 640 2401 709 impetu
2431 637 2634 709 agresti
2689 638 2967 691 irruentes
3020 636 3196 705 porci,
3245 646 3544 691 secernere

1979 731 2301 787 alimentum
2344 745 2466 783 cum
2503 728 2662 783 facile
2696 738 2805 782 non
2856 736 3100 796 possent,
3137 728 3303 781 simul
3337 728 3548 782 viscera

1979 833 2110 879 sunt
2157 823 2444 892 aggressi:
2476 828 2532 875 et
2577 818 2724 875 soliti
2769 817 2878 874 cibi
2910 818 3235 886 cupiditate,
3280 817 3551 888 famisque

1982 916 2316 971 necessitate
2372 914 2697 982 adurgente,
2739 927 2846 967 una
2896 926 3021 965 cum
3073 910 3287 966 hordeo
3334 913 3551 966 interna

1979 1007 2145 1062 etiam
2176 1007 2443 1068 membra,
2472 1019 2596 1059 cum
2643 1002 2751 1058 illa:
2786 1000 2967 1056 adhuc
3008 1002 3279 1059 viverent.
3326 1011 3382 1055 et
3423 1017 3554 1057 cru-

1981 1099 2188 1153 clatum
2236 1110 2363 1150 eum
2417 1096 2712 1159 sentirent.
2763 1094 2996 1163 depasti.
3052 1093 3314 1148 Existimo
3366 1101 3551 1147 autent

1981 1190 2419 1260 lleliopolitanos
2478 1186 2609 1242 inde
2662 1200 2730 1242 eo
2795 1184 3044 1249 furoris,
3108 1191 3165 1238 ut
3229 1183 3309 1239 sic
3360 1192 3553 1238 contra

1982 1294 2200 1338 sanctas
2240 1282 2484 1351 virgines
2513 1280 2790 1339 saevirent,
2829 1279 3096 1340 evasisse,
3135 1277 3282 1347 quod
3315 1278 3552 1347 patrium

1981 1374 2062 1429 eis
2096 1372 2287 1435 fuerit,
2344 1380 2403 1426 ut
2446 1372 2688 1441 virgines
2740 1371 2896 1440 prius
2937 1370 3365 1438 prnstituerent,
3422 1374 3479 1422 et
3525 1384 3552 1420 ιι

1982 1476 2316 1533 quocunque
2374 1462 2555 1515 vitiari
2615 1466 2897 1523 curarent,
2954 1472 3119 1529 quam
3184 1457 3251 1512 ad
3307 1460 3549 1529 coniugii

1983 1556 2427 1609 communionem
2482 1568 2605 1608 cum
2656 1552 2875 1621 sponsis
2921 1551 3038 1606 suis
3077 1550 3351 1605 venirent.
3396 1549 3550 1616 Quod

1981 1646 2373 1701 Corrstantinus
2407 1659 2637 1715 magnus
2669 1642 2787 1717 lege
2820 1644 2929 1697 lata
2962 1645 3175 1714 primus
3200 1656 3269 1697 ne
3309 1641 3552 1711 amplius

1985 1740 2178 1804 lieret,
2229 1736 2513 1809 prohibuit
2550 1756 2565 1795 :
2607 1745 2663 1793 et
2712 1736 2944 1793 Veneris
2986 1734 3189 1805 templo
3219 1734 3294 1791 ibi
3331 1733 3553 1795 diruto,

1983 1829 2272 1883 ecclesiam
2336 1828 2447 1883 Deo
2494 1829 2788 1892 exstruxit,
2850 1825 3320 1897 quemadmodum
3385 1841 3552 1895 supra

282 1912 415 1981 δίκη
457 1913 839 1984 παρέδραμεν.
882 1915 1040 1969 Ὅσοι
1082 1916 1192 1986 γὰρ
1226 1915 1321 1969 τοῦ
1370 1918 1625 1969 τοσούτου
1678 1916 1882 1986 μύσους
1914 1916 1954 1972 Β

1863 1935 1882 1981 ς
1914 1916 1954 1972 Β
1985 1920 2105 1974 loco
2134 1935 2236 1976 suo
2264 1936 2293 1975 a
2327 1936 2413 1976 me
2445 1929 2528 1975 est
2561 1919 2792 1974 dictum.
2826 1919 2982 1985 Quod
3015 1929 3198 1974 autem
3231 1916 3439 1973 ibidem
3474 1918 3555 1972 in-

287 2006 575 2074 μετέσχον,
608 2006 829 2069 ὀδόντας
851 2024 909 2059 τε
952 2007 1044 2060 καὶ
1079 2008 1337 2076 γλώσσας
1366 2008 1457 2061 καὶ
1492 2009 1747 2079 ὕπερῴας
1773 2009 1879 2063 απ-

284 2094 582 2157 εϐάλοντο,
621 2099 917 2168 σηπεδόνος
971 2102 1173 2171 ἀγρίας
1217 2101 1636 2172 προσθαλούσης
1674 2102 1875 2164 αὐτοῖς.

286 2188 368 2239 Οὐ
402 2187 512 2256 μὴν
544 2188 602 2241 δέ
633 2190 770 2241 ἀλλὰ
796 2192 889 2243 καὶ
920 2192 1220 2260 ὀφθαλμῶν
1252 2195 1513 2263 στέρησιν
1544 2194 1767 2248 ἔπαθον.
1799 2193 1879 2247 Δι’

288 2271 368 2328 ὦν
399 2280 497 2347 τῆς
521 2281 813 2343 εύσεὸείας
847 2282 878 2351 η
912 2282 1144 2350 δύναμις
1177 2284 1531 2353 έκηρύττετο.

1986 2024 2153 2080 super
2177 2012 2295 2066 ausi
2323 2020 2473 2076 sunt,
2495 2009 2773 2089 quomodo
2796 2010 3015 2066 silentio
3040 2010 3311 2081 praeteriri
3344 2006 3558 2077 potest?

1983 2104 2186 2175 Cyrillo
2223 2118 2458 2175 namque
2513 2103 2919 2175 lleliopulitano
2966 2104 3204 2159 diacono
3254 2101 3555 2158 crudeliter

1986 2197 2173 2251 occiso
2220 2196 2319 2267 (l),
2351 2205 2604 2251 ventrem
2657 2210 2879 2266 quoque
2932 2197 3052 2267 ejus
3106 2195 3445 2257 inciderunt,
3502 2204 3556 2250 et

1978 2289 2140 2358 jecur
2209 2287 2595 2357 degustarunt.
2656 2289 2855 2342 Verum
2911 2289 3036 2341 talia
3089 2303 3255 2342 ausos
3319 2289 3555 2339 vindicta

285 2376 478 2426 statim
507 2376 693 2434 divina
730 2386 816 2431 est
846 2387 1169 2433 consecuta.
1197 2382 1526 2450 Quicunque
1591 2380 1741 2436 enim
1801 2382 1934 2436 tanti
1982 2384 2180 2452 piaculi
2232 2386 2529 2454 participes
2576 2384 2752 2447 fuere,
2788 2384 3010 2448 dentes,
3066 2384 3279 2450 linguas
3312 2393 3367 2437 et
3404 2380 3554 2451 pala-

286 2474 427 2524 tnm.
460 2482 559 2534 per
590 2484 790 2523 szevam
816 2472 1192 2539 pntredinem,
1222 2475 1528 2543 oculosque
1593 2473 1731 2529 adeo
1795 2475 1944 2544 ipsos
1982 2478 2311 2531 amiserunt.
2349 2477 2452 2531 Per
2481 2492 2618 2547 quas
2650 2477 2834 2547 plagas
2893 2476 2974 2531 vis
3021 2486 3075 2531 et
3126 2475 3366 2531 edicaciu
3409 2490 3552 2529 vera:

285 2558 512 2626 pictatis
544 2570 631 2615 est
662 2560 1055 2630 depredicata.

364 2650 456 2702 Ἐν
486 2652 694 2722 Ἐμέσῃ
724 2654 781 2706 δὲ
813 2658 878 2724 τῇ
919 2656 1107 2727 ὁμόρῳ
1134 2658 1307 2729 ταύτῃ
1335 2660 1511 2727 πόλει,
1543 2660 1781 2733 Διονύσῳ
1802 2660 1881 2731 τῷ

288 2743 596 2813 γυναικείῳ
612 2745 933 2816 ἅνδραπύδῳ
961 2748 1062 2818 τὴν
1094 2750 1393 2820 ἐκκλησίαν
1421 2754 1762 2825 ἀφιέρωσαν,
1787 2754 1882 2810 καὶ

286 2837 350 2887 τὸ
399 2836 732 2905 ἀνδρόγυνον
760 2839 975 2892 ἑκείνου
1008 2842 1101 2894 καὶ
1152 2844 1561 2909 καταγέλαστον
1598 2844 1882 2915 ἱδρύσαντο

1862 2863 1882 2899 ο
1983 2851 2130 2905 runt,
2162 2848 2328 2909 atque
2365 2839 2437 2894 ibi
2475 2844 2712 2894 statuant
2746 2838 3087 2910 Androgyni,
3111 2837 3373 2907 ambiguo
3409 2839 3554 2893 inter

286 2926 521 2997 ἄγαλμα
541 2943 556 2956 ο
586 2929 645 2980 έν
673 2928 751 2998 τῷ
775 2930 876 2999 τῆς
890 2930 1113 3002 Θρᾴκης
1137 2933 1193 2987 δε
1218 2936 1532 3005 Δοροστόλῳ
1555 2935 1882 3007 Αίμυλιανδς

1855 2955 1882 3001 ς
1985 2944 2191 2987 marem
2222 2940 2277 2986 et
2301 2930 2561 2986 feminam
2595 2946 2727 2987 sexu
2763 2930 3071 2997 ridiculam,
3102 2932 3152 2987 ei
3185 2930 3545 2987 collocarunt.

286 3022 315 3071 ὁ
374 3018 675 3127 νικηφόρος
721 3022 1032 3092 ἀγωνιστὴς
1076 3025 1180 3077 ὑπὸ
1218 3027 1606 3081 Καπετωλίνου
1649 3027 1745 3081 τοῦ
1776 3030 1878 3099 τῆς
1905 3068 1951 3127 c

1851 3048 1878 3093 ς
1905 3068 1951 3127 c
1982 3020 2259 3079 Dorostoli
2299 3033 2487 3077 autem
2540 3022 2788 3077 Thraciae
2838 3020 3226 3091 Ennii-iisunum,
3275 3022 3541 3076 invictum

286 3110 520 3179 Θρᾴκης
567 3111 931 3181 έπὰρχοντος,
974 3114 1147 3185 πυρδς
1196 3117 1416 3183 ἐγένετο
1470 3121 1877 3191 παρανάλωμα.
1907 3110 1951 3127 υ

1862 3157 1877 3174 .
1907 3110 1951 3127 ν
1983 3114 2271 3180 athletam,
2320 3113 2668 3183 Capitolinus
2727 3110 2978 3169 Tlirarize
3026 3113 3319 3183 praefectus
3360 3114 3548 3166 vivunt

288 3197 575 3265 Δωρόθεον
597 3200 654 3253 δὲ
685 3200 777 3254 τὸν
808 3202 1135 3270 πολύαθλον,
1167 3209 1260 3258 τὸν
1281 3209 1485 3280 πολλὴν
1518 3211 1759 3278 ἱστορίαν
1790 3212 1879 3264 ικ-

1860 3239 1879 3251 -
1983 3205 2305 3262 combussit.
2341 3202 2647 3260 Dorotlieus
2686 3206 2816 3259 item
2865 3214 3108 3259 certator
3152 3204 3426 3274 egregius,
3460 3207 3552 3273 qui

288 3292 701 3362 κλησιαστικὴν
737 3294 1205 3364 συγγραψάμενον
1225 3334 1240 3361 ,
1272 3301 1489 3369 θανάτῳ
1526 3300 1878 3372 παρέπεμψε.

1863 3340 1878 3355 .
1984 3314 2234 3369 magnam
2278 3299 2612 3367 conscripsit
2651 3297 3086 3353 ecclesiasticam
3138 3297 3455 3358 historiam,
3496 3306 3554 3349 et

287 3381 475 3449 Τύρου
508 3383 567 3435 δὲ
597 3379 756 3446 οὗτος
784 3384 884 3457 τὴν
916 3387 1013 3457 τῆς
1043 3389 1339 3460 ἐκκλησίας
1370 3387 1520 3461 εἶχεν
1552 3393 1878 3464 ιπιτροπήν.

1853 3412 1878 3449 ›,
1983 3387 2111 3458 Tyri
2148 3389 2526 3457 episcopatum
2581 3388 2780 3450 lenuit,
2834 3388 2955 3443 neci
3010 3389 3192 3442 datus.
3246 3379 3545 3441 Domitian

286 3471 404 3524 Ναὶ
448 3472 556 3542 μὴν
598 3474 692 3527 καὶ
719 3475 984 3546 Δομέτιον
1015 3480 1108 3533 τὸν
1139 3482 1197 3533 έν
1231 3483 1500 3552 ἀσκητοῖς
1532 3485 1877 3555 περιϐόητον,

1861 3522 1877 3551 ,
1983 3495 2113 3533 vero
2148 3479 2422 3534 celebrem
2472 3478 2804 3535 monachum
2836 3479 2889 3533 in
2938 3479 3199 3550 spelunca
3233 3495 3332 3534 sua
3368 3478 3550 3534 laten-

288 3559 553 3634 σπηλαίῳ
600 3567 978 3638 κρυπτόμενον
1021 3571 1256 3641 παριὼν,
1292 3574 1461 3637 λίθοις
1497 3577 1880 3646 ἀπανθρώπως

1858 3596 1880 3643 ς
1984 3575 2117 3634 tem,
2171 3568 2493 3639 praeteriens
2546 3568 3011 3624 inhumanissima
3064 3584 3260 3639 aggere
3305 3568 3550 3638 lapidum

288 3656 595 3726 συνέχωσε.
641 3657 716 3712 Τὸ
741 3658 798 3714 δέ
828 3678 891 3730 γε
924 3661 1141 3733 Μάρκῳ
1170 3666 1232 3716 ἐν
1264 3664 1562 3738 Ἀρεθούσῃ
1588 3668 1881 3734 γενόμενον

1855 3684 1881 3721 ν
1982 3661 2255 3731 quispiam
2280 3661 2487 3716 obruit.
2516 3658 2628 3716 Nec
2658 3660 2896 3726 Marcus,
2928 3661 3018 3730 qni
3046 3660 3333 3716 Arethusae
3360 3662 3547 3732 gravia

287 3749 413 3810 πῶς
465 3750 924 3822 παραδράμοιμι;
953 3754 1222 3825 Αἰσχύλου
1259 3758 1366 3828 γὰρ
1405 3759 1499 3812 καὶ
1546 3760 1882 3827 Σοφοκλέους

1857 3777 1882 3824 ς
1982 3764 2275 3821 perpessus
2330 3758 2435 3814 est,
2494 3752 2777 3807 tacendus.
2837 3750 3079 3821 Peropus
3138 3760 3324 3807 autem
3384 3750 3549 3806 nobis

283 3838 463 3892 δεῖται
485 3841 585 3908 τῆς
614 3844 1044 3913 μεγαληγορίας,
1068 3845 1135 3899 ἵν’
1158 3847 1324 3913 ἀξίως
1351 3850 1412 3901 τὸ
1435 3850 1646 3904 ἑκείνου
1668 3867 1752 3914 τις
1775 3852 1879 3906 πά-

1862 3881 1879 3891 .
1982 3853 2131 3899 esset
2162 3841 2407 3915 IEscbyli
2453 3852 2509 3899 et
2553 3844 2847 3914 Sophoclis
2888 3843 3109 3900 dicendi
3158 3847 3449 3915 gravitate,
3494 3854 3554 3901 nt

284 3929 381 3991 θος
420 3934 885 4005 ἔκτραγῳδήσειε.
926 3937 1129 3993 Τοῦτον
1156 3942 1265 4010 γὰρ
1288 3938 1627 4011 Ἀρεθούσιοι
1657 3942 1881 3997 ἐπίσκο-

1861 3975 1881 3986 -
1984 3936 2233 4005 martyrii
2258 3935 2379 4007 ejus
2405 3936 2725 4004 tragoediam
2762 3944 2913 3990 recte
2938 3950 3368 4005 exponeremus.
3398 3935 3553 3991 llum:

284 4040 394 4076 πον
443 4025 655 4080 τούτων
694 4029 861 4081 πάλαι
893 4031 1204 4100 γενόμενον,
1242 4033 1412 4104 ἄνδρα
1463 4034 1563 4105 βίῳ
1594 4037 1689 4088 καὶ
1734 4036 1881 4107 λόγῳ

1860 4053 1881 4105 ρ
1983 4028 2129 4082 enim
2162 4026 2468 4089 Arethusii.
2498 4027 2590 4082 ubi
2632 4029 2928 4096 episcopus
2957 4027 3049 4081 ditt
3091 4028 3292 4089 fuerat.
3340 4036 3400 4082 et
3442 4029 3552 4081 vita

283 4120 386 4171 καὶ
419 4116 583 4189 πολιᾷ
613 4118 750 4172 πολὺ
780 4121 837 4173 τδ
858 4122 1140 4193 αἰδέσιμον
1170 4124 1628 4195 προϐαλλόμενον,
1655 4127 1881 4197 ἀπηνῶς

1862 4145 1881 4191 ς
1983 4126 2037 4173 et
2102 4115 2388 4182 doctrina,
2453 4118 2768 4187 canitieque
2838 4119 3068 4187 insuper
3130 4126 3439 4187 spectatum
3497 4126 3554 4173 et

282 4211 680 4279 διεχρήσαντο.
716 4208 877 4282 Εἶχον
921 4215 1020 4283 μὲν
1052 4214 1162 4285 γὰρ
1193 4216 1288 4269 καὶ
1322 4215 1588 4287 πρότερον
1622 4218 1785 4271 αὑτὸν
1821 4219 1880 4271 ἑν

1862 4234 1880 4271 ν
1982 4206 2378 4273 venerandum,
2409 4208 2727 4263 immaniter
2761 4208 3114 4263 occiderunt.
3169 4208 3383 4263 Dudum
3421 4226 3554 4262 νει-ιι

282 4305 431 4373 ὀργῇ
452 4322 464 4330 ·
492 4298 575 4367 οἷς
604 4304 1119 4371 ἐπὶκωνσταντίου,
1153 4307 1381 4371 πολλοὺς
1410 4308 1471 4361 οὐ
1507 4310 1648 4363 κατὰ
1680 4309 1870 4369 πειθὼ.

1860 4349 1870 4368 ,
1984 4313 2143 4355 antea
2203 4301 2403 4356 infensi
2465 4301 2517 4355 ei
2579 4302 2820 4364 fuerant,
2876 4303 3021 4371 quod
3078 4302 3180 4353 sui!
3227 4302 3552 4355 Constantia

283 4393 433 4445 ἀλλά
483 4410 590 4445 τινι
642 4393 915 4461 κρείττονι
960 4394 1269 4465 δυναστείᾳ.
1321 4396 1449 4459 τοὺς
1504 4396 1880 4467 έλληνίζοντας
1914 4413 1957 4469 ο

1860 4416 1880 4461 ς
1914 4413 1957 4469 ο
1986 4394 2184 4448 multos
2214 4393 2415 4447 Crines!
2446 4394 2865 4462 superstitionis
2904 4404 3228 4454 sectatores.
3267 4409 3375 4447 nua
3426 4408 3552 4462 pcr-

285 4484 643 4548 ἁσπάζεσθαι
670 4482 735 4535 τὰ
764 4485 1107 4554 Χριστιανῶν
1143 4486 1313 4538 ἐποίει
1332 4503 1347 4518 ο
1383 4488 1477 4541 καὶ
1507 4488 1601 4539 τὸν
1630 4487 1761 4557 παρ’
1786 4489 1875 4543 αύ-

1862 4520 1875 4529 -
1986 4486 2265 4547 snasione,
2294 4484 2391 4539 sed
2426 4492 2699 4555 potestate
2721 4485 2953 4555 quadam
2979 4488 3258 4556 grai-inre,
3283 4485 3554 4540 Chrisria-

284 4581 407 4638 τοῖς
444 4578 647 4647 σεμνόν
667 4592 727 4628 τε
760 4579 854 4629 καὶ
883 4577 1206 4647 πολυτελείᾳ
1232 4578 1521 4648 οίκοδομῆς
1561 4579 1881 4649 ἡττώμενον

1855 4592 1881 4633 ν
1983 4590 2178 4628 norunt
2219 4592 2373 4629 sacra
2402 4574 2585 4629 colere
2630 4577 2895 4644 coegerit,
2926 4585 2974 4629 et
3017 4577 3279 4645 templum
3307 4575 3547 4638 celebre,

280 4670 509 4729 οὐδενὸς
545 4665 684 4720 νεὼν
727 4666 978 4719 καθεῖλεν
1012 4668 1092 4729 είς
1122 4666 1336 4734 έδαφος.
1390 4667 1475 4728 Ὠς
1510 4668 1566 4721 δὲ
1601 4668 1879 4739 μετερρύη

1857 4687 1879 4737 τι
1982 4678 2388 4737 structuraque
2428 4665 2608 4735 pretio
2640 4675 2698 4720 et
2739 4669 3146 4737 iiiagnilicentia
3185 4667 3320 4722 nulli
3348 4683 3549 4723 secun-

278 4759 453 4820 αὗθις
482 4756 550 4810 τὰ
580 4757 909 4826 πράγματα,
948 4755 1086 4825 ὁμοῦ
1118 4758 1215 4824 μὲν
1238 4754 1337 4807 τοῦ
1374 4755 1550 4824 δήμου
1587 4757 1880 4827 κεκινημέ-

1859 4787 1880 4798 -
1982 4760 2137 4824 dum,
2165 4759 2284 4814 solo
2315 4760 2638 4829 tequaverit.
2673 4759 2848 4814 Porro
2895 4774 3081 4814 rerum
3121 4767 3268 4814 statu
3304 4746 3547 4824 mutato,

280 4869 406 4913 mu,
454 4851 571 4916 ἅμα
602 4849 659 4901 δὲ
706 4849 800 4902 καὶ
844 4848 989 4901 κατὰ
1034 4846 1366 4916 πρόσταγμα
1407 4848 1500 4899 τοῦ
1547 4848 1881 4916 κρατοῦντος

1860 4866 1881 4912 ς
1982 4866 2105 4905 cum
2140 4850 2304 4904 simul
2354 4859 2411 4905 et
2453 4850 2651 4919 vulgus
2698 4856 3037 4905 commotum
3076 4859 3248 4917 esset,
3286 4860 3345 4905 et
3378 4852 3552 4919 impe-

280 4941 752 5007 καταδικάζοντος
786 4942 819 5012 ἢ
849 4940 947 5012 τὴν
993 4942 1327 5010 ἀποτίμησιν
1360 4941 1575 4994 έκτίσαι
1606 4944 1701 4996 τοῦ
1752 4943 1878 5007 νεὼ,

1864 4984 1878 5007 ,
1984 4944 2185 4998 ratoris
2218 4943 2534 4997 mandatum
2566 4943 2913 5003 accessisset.
2966 4958 3079 5012 quo
3122 4942 3367 4999 Marcum
3418 4959 3548 4999 sen-

277 5038 315 5102 ἢ
372 5031 536 5097 αὖθις
592 5035 705 5097 οίος
752 5030 819 5105 ἦν
859 5036 1139 5105 ἀνεγεῖραι
1180 5035 1378 5087 αὐτόν’
1430 5036 1556 5089 ἐπεὶ
1607 5037 1699 5089 καὶ
1744 5039 1880 5106 πρὸς

1854 5055 1880 5101 ς
1984 5034 2154 5090 tentia
2184 5033 2295 5088 lata
2322 5035 2407 5089 vel
2432 5034 2855 5090 aestimationem
2893 5035 3080 5105 templi
3106 5036 3342 5101 solvere,
3371 5036 3458 5091 vel
3489 5035 3545 5091 id

277 5129 465 5196 ἄμφω
509 5125 796 5188 ἀδυνάτως
844 5122 1011 5193 εἶχεν,
1064 5124 1323 5193 ἀθέμιτον
1368 5126 1412 5179 δ’
1445 5121 1513 5197 ἦν
1560 5128 1878 5181 παντάπασι

1862 5144 1878 5180 ι
1981 5125 2142 5196 quale
2178 5135 2337 5181 antea
2382 5125 2600 5193 fuisset,
2647 5127 2942 5182 restituere
2968 5128 3174 5198 jussit;
3210 5126 3302 5183 tibi
3336 5137 3554 5182 utrnm-

280 5222 388 5274 καὶ
424 5218 490 5271 τὸ
517 5219 798 5287 δεύτερον,
837 5219 997 5289 μήτοι
1031 5234 1091 5285 γε
1125 5220 1281 5286 ίερεῖ,
1314 5219 1429 5271 ἀλλ’
1460 5219 1580 5273 οὐδὲ
1611 5220 1716 5291 ἰδίᾳ
1748 5221 1882 5286 Χρι-

1857 5247 1882 5260 -
1980 5235 2087 5289 que
2119 5218 2299 5274 facere
2330 5234 2557 5289 prorsus
2586 5236 2697 5275 non
2730 5221 2932 5290 potuit;
2962 5221 3195 5276 alterum
3225 5222 3416 5284 etiam,
3438 5238 3549 5276 non

276 5312 499 5376 στιανῷ
535 5310 691 5379 ἀνδρί
714 5329 727 5341 -
762 5313 908 5380 φυγῇ
932 5310 1054 5391 ,μὲν
1087 5310 1157 5363 τὰ
1186 5311 1382 5379 πρῶτα
1411 5312 1708 5381 ἐχρήσατο.
1742 5312 1881 5365 Πολ-

1857 5340 1881 5353 ο
1981 5311 2110 5367 dico
2149 5312 2433 5383 episcopo,
2466 5314 2560 5368 sed
2593 5327 2661 5368 ne
2697 5317 2913 5382 privato
2948 5312 3172 5384 quidem
3224 5313 3549 5369 Christiano

274 5408 412 5464 10’);
441 5404 500 5455 δὲ
536 5402 604 5454 δι’
659 5404 866 5455 ἐκεῖνον
895 5403 1130 5471 πάσχειν
1168 5400 1378 5470 μαθὼν,
1411 5402 1506 5455 καὶ
1538 5402 1728 5456 δεινῶν
1762 5417 1881 5455 πει-

1856 5428 1881 5442 -
1980 5403 2165 5457 facere
2204 5403 2317 5457 ullo
2364 5403 2530 5457 modo
2575 5404 2659 5459 fas
2698 5403 2837 5469 fuit;
2872 5406 3110 5474 primum
3150 5404 3371 5474 quidem
3423 5406 3548 5475 fuga

278 5488 823 5567 ρὶσθαιπλείστων.
860 5493 1175 5547 επανελθὼν
1198 5496 1298 5563 τῆς
1328 5495 1510 5562 φυγῆς
1537 5496 1882 5565 κατεμήνυεν

1855 5510 1882 5546 ν
1990 5507 2127 5549 usus
2156 5502 2284 5549 est:
2322 5504 2378 5548 at
2419 5494 2510 5549 ubi
2554 5497 2758 5550 multos
2787 5490 3080 5551 sua'causa
3114 5497 3273 5568 amigi
3328 5505 3384 5551 et
3422 5497 3547 5567 plu-

271 5590 509 5651 ἑαυτὸν,
546 5586 683 5653 δρᾷν
719 5587 746 5636 ὃ
794 5602 846 5635 τι
889 5583 1205 5651 βουλομένῳ
1250 5583 1364 5636 ἐστὶ
1411 5582 1486 5653 τῷ
1518 5582 1697 5653 δήμῳ,
1738 5582 1881 5636 έκὼν

1853 5598 1881 5635 ν
1982 5588 2151 5641 rimas
2169 5586 2511 5643 calamitates
2543 5588 2691 5643 ferre
2713 5589 3073 5656 cognovit,“
3101 5588 3226 5657 luga
3260 5603 3545 5651 reversus,

271 5681 439 5741 ἀνί-ς
496 5675 713 5729 ἑαυτόν.
771 5678 832 5728 υἱ
867 5676 920 5727 δὲ
962 5675 1080 5727 δέον
1130 5674 1331 5743 μᾶλλον
1383 5673 1684 5743 θαυμάζειν
1715 5675 1878 5728 αὑτὸν

2058 2656 2168 2726 ae
2224 2652 2395 2711 Porro
2448 2657 2675 2715 Emesa'.
2730 2672 2849 2726 quae
2896 2657 3124 2712 llnitima
3168 2659 3219 2712 ei
3273 2656 3405 2713 urbs
3446 2671 3553 2719 ρει,

1986 2747 2224 2819 Dionyso
2282 2749 2538 2803 muliebri
2582 2749 2856 2817 mancipio
2890 2748 3063 2803 aedem
3093 2764 3304 2805 sacram
3331 2746 3555 2804 dedica-

1982 5682 2225 5749 seipsum
2258 5681 2533 5744 exhibuit,
2565 5691 2620 5736 et
2666 5681 2891 5751 populo,
2940 5680 3212 5751 quidquid
3246 5681 3430 5746 vellet,
3474 5680 3545 5734 de

359 5815 436 5873 tl)
471 5812 629 5881 Apud
660 5812 886 5883 Snitlam
919 5828 1082 5864 causa
1117 5813 1361 5883 martyrii
1399 5811 1554 5866 istius
1595 5809 1813 5865 additur
1851 5830 1862 5864 :
1910 5808 2050 5881 quod
2117 5816 2327 5871 scilicet
2390 5815 2622 5883 Cyril'us
2670 5815 2771 5870 sub
2806 5816 3170 5872 Cur-stantini)
3194 5827 3247 5873 et
3278 5818 3549 5873 Constan-

268 5890 359 5941 tio
392 5877 670 5939 ἰὰοίιλτιιιιι
710 5882 905 5951 tertipla
937 5884 1156 5937 evortit.
1261 5877 1273 5883 ’
1929 5877 1939 5881 ⁷
2436 5877 2449 5886 ’
