4286 6438
299 433 406 498 4Ἰ3

1227 435 1832 497 ECCLESIASTlCE
1872 436 2258 497 HISTORIIE
2306 440 2444 502 LIB.
2492 437 2562 501 Χ.

3439 437 3547 502 ιιι

300 549 516 600 ἔκειντο
563 551 676 611 τοῖς
707 547 967 616 ψαλμοῖς,
996 550 1088 602 καὶ
1114 550 1284 604 ταῦτα
1312 551 1376 620 δὴ
1418 550 1878 621 ττροτιετιᾴδουται⁸
1911 551 1950 604 Α
1984 551 1992 602 l

1863 563 1878 577 ⁸
1911 551 1950 604 Α
1984 551 2209 606 lenitum
2240 556 2322 609 eis
2352 553 2662 622 imperavit.
2697 554 2760 605 At
2785 552 2888 608 illa:
2918 551 3090 623 magis
3131 552 3295 607 etiam
3317 554 3546 623 psalmis

297 635 646 705 Ἀναστήτῶ
687 643 720 694 ὁ
751 639 917 704 Θεὸς,
977 641 1073 694 καί
1132 640 1784 709 διασκορπισθήτωσαν
1821 642 1875 692 οἱ

297 730 506 799 ἐχθροί
540 732 750 785 αὐτοῦ.
803 732 924 800 Ἐφ’
955 727 1036 795 οἷς
1070 734 1377 802 χαλεπήνας
1404 734 1431 783 ὁ
1473 732 1749 801 τύραννος,
1781 731 1873 784 τοῦ

298 823 466 892 χοροῦ
498 823 601 891 τὴν
647 823 984 892 έξάρχουσαν
1019 824 1248 894 ἀχθῆναι
1273 824 1503 879 κελεύει.
1545 825 1602 877 Ὀ
1647 825 1702 877 δὲ
1738 825 1873 894 μήτε

295 917 361 968 τὸ
403 917 602 983 σεμνὸν
643 917 821 968 ἐκεῖνο
850 917 1052 983 γῆρας,
1098 916 1234 984 μήτε
1270 915 1375 984 μὴν
1408 914 1507 984 τὴν
1529 914 1593 966 εκ
1626 916 1720 984 τῆς
1749 915 1875 983 ἀρε·

297 1007 399 1075 τῆς
426 1007 772 1060 ἐπανθοῦσαν
788 1007 920 1060 αίδὼ
946 1008 1320 1076 λογισάμενος,
1350 1007 1560 1075 πικρῶς
1586 1005 1724 1058 κατὰ
1745 1008 1871 1073 κόρο

298 1101 404 1168 ρης
436 1097 621 1151 παίειν
667 1099 937 1160 ἐκέλευεν,
971 1099 1046 1161 ῶς
1074 1097 1169 1151 καὶ
1213 1097 1379 1167 ἄμφω
1411 1099 1603 1167 αἵμασι
1637 1097 1872 1164 φοινίξαι

295 1191 398 1252 τὰς
441 1189 778 1258 παρειάς.Ἦ
813 1190 869 1242 δὲ
899 1191 1068 1260 τιμὴν
1100 1189 1303 1260 μᾶλλον
1331 1191 1364 1261 ἢ
1395 1188 1617 1258 ἀτιμίαν
1642 1190 1702 1240 τὸ
1734 1189 1871 1256 ὑπὲρ

295 1281 540 1350 Χριστοῦ
575 1283 804 1350 πάσχειν
835 1283 1137 1352 ἡγουμένη,
1173 1283 1267 1335 επὶ
1295 1281 1355 1334 τὸ
1383 1282 1653 1350 δωμάτιον
1688 1280 1868 1333 ἀνιοῦ-

299 1390 392 1432 σα,
429 1370 589 1432 αὖθις
634 1376 754 1437 ταῖς
785 1377 1187 1442 πκευματικαῐς
1217 1375 1505 1444 μελῳδίαις
1536 1375 1696 1428 αὐτὸν
1742 1389 1872 1425 κατ-

296 1466 538 1534 εκρότει.
572 1467 678 1518 Καὶ
711 1469 836 1528 τοὺς
869 1468 926 1519 έν
975 1465 1125 1536 αὑτῷ
1158 1466 1628 1535 κορυϐαντιῶντας
1671 1467 1870 1535 τρόπον

294 1557 490 1628 ἕτερον
518 1557 842 1611 κατέστελλε
886 1557 1145 1626 δαίμονας
1170 1574 1185 1589 ο
1215 1557 1307 1621 οὓς
1336 1559 1474 1610 ἑκὼν
1506 1557 1681 1626 ἑαυτῷ
1709 1559 1870 1626 simp-

294 1651 494 1701 κίσατο
516 1666 530 1680 ο
563 1648 814 1718 καθὰπερ
847 1650 1053 1711 ἐκεῖνος
1077 1651 1106 1702 ὁ
1130 1647 1230 1718 τῆς
1262 1647 1525 1719 μελῳδίας
1551 1647 1867 1710 διδάσκαλος

292 1743 363 1810 τῇ
408 1741 650 1812 σφετέρᾳ
699 1739 901 1811 κινύρα
950 1739 1010 1793 τὸ
1038 1739 1131 1793 τοῦ
1179 1740 1351 1794 Σαοὺλ
1385 1739 1595 1810 Ενοχλον
1648 1737 1866 1808 πνεῦμα

295 1834 598 1886 κατέπαυε.

891 2034 1138 2087 ΚΕΦΑΛ.
1165 2031 1260 2087 IB'.

293 2129 500 2193 Ὅπως
527 2131 561 2182 ό
588 2127 936 2193 ἀποστάτης
963 2127 1035 2180 τὰ
1069 2128 1160 2179 ἐπ’
1189 2125 1403 2192 ἀγορᾶς
1435 2125 1579 2178 ὥνια
1606 2121 1868 2194 μιαίνειν

371 2197 738 2262 προσέταττε
759 2213 772 2226 ·
805 2198 902 2249 καί
930 2198 1063 2264 περὶ
1089 2197 1195 2249 τοῦ
1224 2197 1395 2263 ἁγίου
1432 2195 1729 2262 Θεοδώρου
1761 2195 1866 2248 τοῦ

376 2266 646 2333 Τήρωνος
669 2282 684 2296 ⁸
709 2267 807 2319 καί
831 2266 963 2332 περὶ
991 2265 1110 2318 τῶν
1133 2265 1317 2333 ἁγίων
1351 2267 1668 2334 μαρτύρων
1715 2265 1866 2317 Ἰου-

370 2338 649 2390 ϐεντίνου
679 2337 776 2389 καί
807 2336 1166 2404 Μαξιμινου.

367 2447 584 2518 Μικρὸν
633 2445 692 2500 δδ
715 2447 924 2517 προῖὼν
958 2445 1435 2517 παρῤησιαίτερον
1469 2445 1498 2497 δ
1529 2444 1866 2512 ἀποστάτης,

297 2537 507 2607 μᾶλλον
528 2537 586 2591 δὲ
622 2537 1007 2607 ἀναιδέστερον
1030 2538 1095 2607 τῇ
1126 2533 1355 2606 ἀσεϐείᾳ
1385 2534 1689 2606 χρώμενος,
1726 2535 1868 2589 κατὰ

294 2629 400 2696 τῆς
436 2628 725 2692 εὐσεϐείας
755 2627 1048 2691 ὡπλίζετο.
1090 2627 1183 2696 Μὴ
1208 2625 1347 2696 έχων
1368 2625 1413 2678 δ’
1444 2627 1472 2680 ὅ
1506 2643 1559 2678 τι
1591 2628 1687 2679 καὶ
1714 2627 1867 2696 δρᾷν,

295 2723 368 2772 τὰ
398 2720 484 2772 ἐπ’
508 2721 714 2788 ἀγορᾶς
739 2718 877 2772 ὥνια
908 2718 1002 2772 τοῦ
1058 2717 1367 2786 μιάσματος
1417 2715 1663 2778 έπίμπλα
1693 2731 1707 2745 ο
1771 2732 1869 2766 πε-

303 2813 689 2882 ριερραίνοντο
718 2811 832 2880 γὰρ
859 2813 970 2874 τοῖς
1001 2811 1066 2864 lx
1096 2811 1203 2864 τῶν
1234 2809 1436 2861 θυσιῶν
1471 2807 1664 2877 αἴμασί
1691 2825 1748 2860 τε
1777 2807 1870 2860 καὶ

301 2904 702 2974 ἁλιγήσμασιν,
727 2903 828 2957 ὅσα
849 2902 1085 2972 ἐδώδιμα
1106 2915 1120 2930 ⁶
1144 2901 1299 2970 ἄρτοι
1329 2901 1424 2953 καί
1454 2899 1589 2970 κρέα
1614 2900 1706 2953 καὶ
1726 2898 1870 2952 ὀπῶ-

297 3013 394 3066 ραι
431 2997 528 3049 καὶ
563 2997 820 3049 πόπανα·
858 2994 894 3049 ἃ.
927 2994 991 3064 δὴ
1026 2994 1093 3046 τὰ
1119 2995 1310 3064 πρῶτα
1345 2993 1419 3062 μὴ
1447 2990 1789 3063 ὑφορώμενοι
1819 2991 1868 3044 oi

291 3091 398 3157 τῆς
426 3088 521 3140 τοῦ
545 3088 852 3148 σεσωκότος
875 3085 1245 3156 προσηγορίας
1273 3085 1694 3155 μετεσχηκότες,
1719 3084 1869 3149 Θείας

1981 645 2378 710 incumbentes,
2414 644 2546 699 illud
2596 660 2816 715 quoque
2871 645 3205 700 accinuere:
3269 645 3544 716 Exsurgat

1979 735 2138 799 Deus,
2170 747 2218 790 et
2255 738 2573 805 dissipentur
2609 739 2809 790 inimici
2841 741 2954 806 ejus
2987 739 3028 790 ⁸.
3057 736 3184 790 Eam
3206 737 3276 791 ob
3310 753 3422 791 rem
3453 737 3541 791 in-

1976 827 2230 896 dignatus
2255 839 2538 899 tyrannus,
2574 844 2603 882 e
2635 828 2981 897 psallentium
3031 827 3200 883 choro
3235 827 3540 897 principem

1976 917 2172 972 adduci
2194 919 2358 989 jussit
2388 938 2400 972 :
2431 928 2486 973 et
2510 934 2690 988 neque
2720 919 3255 974 venerandamillius
3284 930 3541 972 senectu-

1978 1016 2084 1062 tem
2127 1021 2303 1078 neque
2330 1027 2359 1065 e
2379 1012 2581 1065 virtute
2602 1010 3033 1065 efﬂorescentem
3065 1011 3119 1063 in
3141 1025 3203 1064 ea
3235 1011 3541 1064 observan-

1979 1100 2104 1153 tiam
2125 1103 2349 1168 veritus,
2385 1111 2492 1156 tam
2531 1104 2728 1156 acerbe
2760 1083 3036 1156 maxillam
3071 1103 3192 1172 ejus
3240 1114 3537 1171 utramque

1973 1190 2306 1247 diverberari
2343 1194 2606 1263 praecipit.
2644 1202 2706 1248 ut
2754 1192 3050 1247 admodum
3099 1193 3366 1262 sanguine
3423 1191 3540 1245 suf-

1972 1285 2352 1341 lunderentur.
2369 1289 2543 1356 Atque
2559 1287 2672 1351 illa,
2697 1287 2961 1341 honorem
2993 1286 3173 1354 potius
3199 1300 3362 1353 quam
3379 1287 3537 1353 igno-

1972 1375 2190 1429 miniam
2217 1392 2337 1432 esse
2361 1387 2500 1443 rata,
2523 1393 2684 1446 quam
2704 1392 2802 1447 pro
2822 1376 3042 1432 Christo
3063 1377 3368 1446 pertulerat
3391 1375 3535 1444 inju-

1971 1468 2104 1520 riam
2126 1510 2140 1532 ,
2174 1469 2224 1521 in
2257 1470 2640 1523 domunculam
2673 1483 2824 1523 suam
2861 1477 2944 1522 est
2979 1483 3223 1531 reversa,
3261 1477 3425 1530 atque
3452 1467 3529 1521 ibi

1971 1574 2185 1612 rursum
2213 1558 2588 1627 spiritualibus
2612 1574 2739 1614 eum
2768 1559 3057 1613 cantilenis
3091 1569 3176 1612 est
3212 1568 3529 1627 persecuta.

1969 1649 2037 1704 Et
2058 1651 2165 1704 alio
2183 1649 2416 1719 quodam
2449 1651 2608 1704 modo
2641 1649 3042 1704 debaccliantes
3066 1650 3119 1702 in
3143 1665 3208 1704 eo
3229 1649 3532 1714 daemones,

1976 1755 2114 1809 quos
2161 1740 2228 1794 ad
2270 1755 2328 1794 se
2360 1740 2448 1795 ille
2481 1752 2672 1812 sponte
2697 1757 2794 1796 sua
2823 1739 3220 1801 introduxerat,
3276 1755 3532 1808 compes-

1973 1831 2601 1902 cuit:quemadmodum
2627 1833 2969 1888 Psalmorum
3005 1831 3097 1886 ille
3128 1831 3387 1898 magister
3419 1831 3536 1901 lyra

1968 1932 2064 1975 sua
2097 1920 2409 1976 savientem
2445 1921 2500 1974 in
2554 1920 2720 1975 Saulo
2763 1922 3018 1991 spiritum
3079 1920 3355 1978 demulsit.

2485 2033 2587 2103 ει
2622 2034 2844 2091 CAPUT
2884 2032 3002 2087 xn.

1973 2125 2036 2180 Ut
2065 2133 2310 2195 apostata
2338 2142 2418 2178 res
2449 2126 2656 2178 venales
2690 2131 2744 2178 in
2785 2127 2896 2194 foro
2942 2125 3250 2195 polluendas
3272 2126 3533 2195 contami-

2039 2194 2347 2264 nundasque
2371 2197 2658 2250 mandarit.
2688 2196 2760 2248 De
2787 2203 2966 2264 sancto
2999 2194 3260 2247 Theodoro
3287 2194 3477 2264 Tirone
3511 2208 3532 2247 :

2039 2267 2194 2346 et.de
2249 2261 2438 2317 sanctis
2493 2266 2850 2334 martyribus,
2902 2263 3183 2316 Juventino
3247 2274 3295 2316 et
3361 2261 3534 2315 Maxi-

2037 2351 2202 2387 mmo.

2039 2448 2266 2501 Paulum
2320 2463 2447 2500 vero
2502 2462 2825 2515 progressus
2879 2445 3149 2505 desertor.
3197 2444 3430 2499 liberius
3471 2459 3532 2498 ac

1969 2541 2152 2608 potius
2207 2539 2581 2608 impudentius
2641 2541 2920 2606 impietate
2991 2555 3158 2602 usus,
3227 2553 3379 2591 arma
3436 2553 3534 2592 sua

1970 2639 2161 2683 contra
2199 2629 2456 2698 pietatem
2499 2630 2799 2696 expedivit.
2849 2629 2916 2682 Et
2966 2643 3089 2682 cum
3137 2627 3281 2695 quod
3331 2629 3538 2680 taceret

1973 2735 2082 2774 non
2119 2719 2366 2785 haberet,
2398 2735 2483 2773 res
2517 2718 2570 2771 in
2603 2718 2722 2772 foro
2759 2720 2981 2772 νι-ηειιοδ
3015 2719 3398 2785 inquinatione
3431 2719 3538 2771 im-

1971 2811 2108 2865 buit.
2158 2811 2356 2866 Infecta
2392 2827 2629 2880 namque
2673 2821 2802 2864 sunt
2836 2813 3228 2864 sacriﬁciorum
3266 2812 3533 2880 sanguine

1969 2913 2024 2958 et
2044 2903 2512 2958 contaminatione
2537 2900 2820 2956 esculenta
2849 2919 2861 2954 :
2890 2916 3058 2970 panes
3079 2901 3357 2963 videlicet,
3385 2916 3537 2966 caro,

1972 3012 2127 3065 poma
2200 3005 2255 3050 et
2295 2996 2579 3065 placentae.
2621 2995 2751 3060 Qua:
2795 3011 2917 3048 cum
2954 2995 3188 3062 primum
3222 3009 3327 3048 non
3360 2993 3538 3047 anim-

1968 3085 2360 3148 adverterent,
2411 3085 2505 3154 qui
2562 3083 2875 3137 Servatoris
2922 3087 3148 3138 nomine
3201 3095 3536 3147 censentur,

292 3180 507 3235 ἄνωθεν
535 3177 884 3250 προμηθείας
914 3177 1289 3246 ωτηξιοῦντο.
1338 3176 1442 3232 Τὸν
1475 3175 1728 3244 μάρτυρα
1757 3176 1865 3244 γὰρ
1890 3215 1933 3270 c
1971 3194 1984 3230 ‹

1841 3193 1933 3270 pc
1971 3178 2186 3231 caelitus
2209 3178 2325 3246 ejus
2372 3178 2447 3230 rei
2482 3173 2822 3244 providentia
2859 3174 3043 3228 divina
3077 3185 3204 3229 sunt
3240 3175 3533 3232 admoniti.

293 3272 576 3340 Θεόδωρον
608 3270 832 3338 πέμψας
863 3270 1110 3339 ἀοράτως
1136 3268 1268 3330 Θεὸς
1300 3265 1379 3336 τῷ
1411 3266 1508 3336 τῆς
1532 3269 1738 3328 πόλεως
1767 3268 1866 3337 ἀρ-
1900 3265 1933 3270 ’
1969 3269 1985 3320 Ῑ

1837 3296 1866 3306 -
1900 3265 1933 3270 ’
1969 3269 2106 3321 Nam
2145 3270 2284 3322 Deus
2319 3267 2609 3322 Theodoro
2639 3275 2878 3332 martyre
2916 3281 3118 3318 arcano
3150 3267 3310 3319 modo
3337 3267 3529 3332 misso,

293 3365 474 3432 χιερεί
495 3364 513 3431 (
534 3362 785 3425 Εὑδόξιος
833 3353 989 3422 οὗτος
1018 3357 1146 3430 ἦν),
1196 3358 1538 3412 ὲνεκελεύετο
1568 3359 1867 3430 ἀπέχεσθαι

297 3453 401 3519 μὲν
436 3453 561 3513 τοὺς
595 3451 844 3502 εὐσεϐεῖν
876 3451 1190 3520 ᾑρημένους
1221 3450 1329 3502 τῶν
1361 3449 1449 3502 ἐπ’
1469 3450 1673 3520 ἀγορᾶς
1698 3451 1868 3503 τεθει-

295 3543 498 3612 μένων,
566 3545 714 3594 σῖτον
770 3541 826 3593 δὲ
872 3541 1096 3612 λέϐησιν
1132 3539 1387 3609 ἕψοντας,
1436 3539 1471 3593 ἃ
1500 3541 1555 3592 έν
1586 3541 1867 3610 Εὑχαῐτοις

291 3633 534 3687 κόλλυϐα
553 3633 782 3686 εἰώθασι
809 3631 1010 3700 λέγειν,
1041 3630 1486 3700 παραμυθεῖσθαι
1510 3631 1607 3701 τὴν
1636 3631 1862 3686 ἔνδειαν.

289 3726 469 3779 Τοῦτο
525 3726 569 3777 δ’
609 3725 828 3777 ἐκέλευε
865 3724 1008 3776 κατὰ
1061 3723 1162 3792 τὴν
1215 3722 1457 3791 μεγάλην
1485 3722 1585 3792 τῆς
1614 3723 1868 3787 νηστείας

290 3817 548 3885 ἡμέραν·
587 3815 615 3866 ὃ
642 3815 706 3886 δὴ
742 3815 836 3866 καὶ
870 3814 927 3879 ἐξ
957 3814 1170 3865 ἐκείνου
1204 3815 1236 3882 ἡ
1273 3812 1572 3882 Ἐκκλησία
1599 3813 1696 3883 τὴν
1731 3814 1868 3885 μνή-

293 3923 406 3974 μην
433 3903 809 3972 ἀνανεουμένη
836 3901 932 3954 τοῦ
967 3917 1385 3971 πεπραγμενου,
1414 3903 1469 3963 ές
1501 3900 1657 3970 δεῦρο
1691 3903 1865 3972 πράτ-

287 4013 377 4048 τει
397 3993 875 4064 πανηγυρίζουσα.
906 3993 1184 4063 Θεόδωρος
1210 3992 1256 4045 δ’
1288 3987 1444 4056 οὗτος
1469 3989 1558 4062 ἦν,
1596 3992 1651 4054 ὃς
1677 3993 1737 4045 ὲκ
1771 3992 1862 4044 τοῦ

290 4083 614 4154 Τηρωνικοῦ
663 4085 947 4153 τάγματος
999 4084 1197 4153 Τήρων
1252 4083 1569 4152 ὠνόμαπτοο
1634 4085 1726 4136 καὶ
1775 4085 1865 4136 ἐπὶ

289 4175 604 4244 Μαξιμίνου
628 4174 688 4226 τὸ
707 4173 801 4226 τοῦ
827 4177 1131 4243 μαρτυρίου
1163 4177 1380 4243 διήνυσε
1415 4176 1650 4238 στάδιον,
1677 4175 1863 4244 λάϐρῳ

289 4266 628 4337 παραδοθεὶς
687 4265 764 4334 τῷ
800 4267 960 4335 πυρί.
1016 4265 1206 4318 Πολλοὶ
1261 4265 1305 4317 δ’
1353 4265 1768 4335 ὀλοφυρόμενοι,
1795 4266 1864 4318 τὰ

288 4359 558 4427 γινόμενα
588 4355 967 4408 ἐϐδελύττοντο
986 4370 999 4383 ·
1032 4356 1180 4423 ὅμως
1207 4357 1317 4415 τοῖς
1365 4354 1742 4414 ἀποστολικοῖς
1775 4353 1866 4405 θε-

291 4452 456 4520 σμοῖς
484 4449 717 4502 ἔπεσθαι
742 4447 1034 4519 ᾑρημένοι,
1066 4445 1480 4514 μετελάμϐανον
1508 4447 1616 4498 τῶν
1645 4462 1867 4513 προκει-

1972 3359 2126 3412 urbis
2157 3360 2276 3429 ejus
2305 3361 2567 3427 episcopo
2598 3357 2858 3426 (Euzoius
2885 3356 2932 3410 is
2961 3356 3085 3412 fuit)
3143 3357 3441 3422 mandavit,
3478 3369 3539 3412 ut

1969 3451 2060 3519 qui
2101 3450 2189 3518 pie
2228 3451 2411 3502 vivere
2449 3450 2808 3511 statuissent,
2851 3461 2944 3500 eos
2983 3445 3259 3500 abstinere
3300 3462 3328 3500 a
3369 3447 3536 3502 rebus

1962 3542 2213 3611 juberet,
2260 3555 2380 3608 qua:
2429 3540 2482 3593 in
2536 3541 2655 3591 foro
2708 3554 2907 3592 venum
2954 3539 3248 3606 proposita!
3297 3547 3534 3592 essent:

1971 3635 2210 3688 triticum
2236 3642 2416 3686 autem
2443 3633 2495 3685 in
2526 3631 2650 3684 ollis
2679 3641 2982 3698 coquerent
3014 3628 3266 3691 (κόλυὸι,
3298 3629 3402 3682 hoc
3431 3638 3537 3693 est,

1968 3728 2302 3780 frumentum
2347 3735 2561 3778 coctum
2607 3721 2751 3790 apud
2783 3721 3094 3776 .Euchaitas
3137 3719 3211 3788 (I)
3253 3719 3537 3773 nominare

1968 3819 2191 3884 solent),
2225 3831 2402 3884 eoque
2446 3815 2688 3882 inopiam
2721 3813 3054 3865 solarentur.
3083 3811 3142 3864 1d
3181 3826 3311 3863 vero
3339 3825 3536 3878 magno

1964 3910 2158 3980 jejunii
2193 3908 2280 3961 die
2316 3915 2648 3976 praceptum
2700 3923 2712 3958 :
2756 3919 2818 3957 ex
2855 3919 2920 3956 co
2962 3912 3209 3971 tempore
3250 3904 3374 3956 facti
3429 3918 3541 3954 me-

1969 3999 2200 4052 moriam
2263 4011 2534 4050 renovans
2588 3995 2872 4060 Ecclesia,
2928 4004 2985 4048 et
3037 3995 3313 4047 celebrem
3370 4007 3538 4062 agens

1968 4099 2324 4152 conventum,
2356 4089 2422 4141 ad
2457 4088 2605 4141 hunc
2635 4102 2807 4155 usque
2852 4086 2996 4139 diem
3039 4086 3318 4140 observat.
3359 4085 3540 4138 Theo-

1968 4182 2137 4235 dorus
2188 4191 2368 4234 autem
2425 4180 2526 4233 iste
2561 4187 2680 4240 est,
2725 4178 2819 4245 qui
2872 4191 2936 4229 ex
2988 4175 3258 4228 Tironum
3314 4175 3536 4232 ordine.

1969 4273 2188 4338 Tironis
2217 4286 2414 4324 nomen
2447 4269 2696 4337 accepit.
2727 4279 2782 4321 et
2809 4267 2911 4320 sub
2939 4266 3232 4320 Maximino
3257 4269 3321 4318 ad
3361 4265 3536 4334 ignem

1968 4379 2218 4418 voracem
2257 4363 2567 4424 damnatus,
2600 4375 2822 4413 cursum
2857 4373 3013 4411 suum
3066 4358 3119 4410 in
3149 4356 3394 4425 martyrii
3431 4367 3544 4407 sta-

1970 4455 2062 4510 dio
2099 4454 2324 4524 pulchre
2363 4453 2596 4521 peregit.
2643 4450 2916 4504 Caeterum
2953 4449 3210 4516 pertnulti
3245 4447 3451 4515 gemitu
3484 4457 3540 4502 et

292 4542 476 4609 μένων
501 4555 517 4570 ο
572 4538 700 4594 Πᾶν
735 4538 843 4606 γὰρ
904 4537 971 4589 τὸ
1018 4538 1087 4588 ἐν
1119 4539 1400 4605 μακέλλῳ
1446 4539 1860 4606 πωλούμενον,
1896 4531 1982 4603 ὒι

1815 4554 1860 4602 ν’,
1896 4531 1941 4588 θ
1968 4548 2223 4603 lamentis
2259 4548 2461 4598 factum
2517 4544 2622 4595 hoc
2667 4540 3019 4608 imperatoris
3056 4551 3184 4593 sunt
3216 4533 3507 4592 exsecrati-

292 4633 485 4701 φησιν,
509 4629 764 4693 ἐσθίετε,
774 4628 972 4698 μηδὲν
1003 4629 1429 4696 ἀνακρίνοντες
1458 4629 1555 4682 διὰ
1583 4628 1696 4694 τὴν
1721 4645 1865 4682 συν.

287 4727 551 4789 είξησιν.
589 4723 661 4774 Τὸ
711 4722 766 4774 δὲ
826 4721 994 4790 μύσος
1018 4720 1175 4772 τοῦτο
1210 4720 1303 4772 τοῦ
1335 4721 1641 4774 ἁποστάτου
1673 4720 1727 4771 ἓν
1758 4738 1864 4774 τινι

293 4815 589 4884 συμποσίῳ
638 4812 733 4866 δύο
806 4814 947 4875 τινὲς
1003 4812 1194 4865 τούτου
1261 4813 1622 4881 ἀσπιδηφόροι
1682 4812 1864 4874 καλῶς

289 4906 730 4977 ὲθριάμϐευσαν,
756 4905 846 4956 ἐπὶ
868 4904 1128 4974 στρατείᾳ
1145 4904 1416 4973 λαμπρῶς
1441 4904 1865 4975 διαπρέψαντες.

302 4998 540 5067 Ἐπῇδον
580 4999 689 5066 γὰρ
721 4998 909 5049 ἐκεῖνα
956 4996 1022 5049 τὰ
1072 4994 1166 5048 τοῦ
1212 4995 1430 5063 ψαλμοῦ
1461 5011 1473 5025 ·
1510 4998 1864 5064 Παρέδωκας

291 5089 474 5158 ἡμᾶς,
536 5089 790 5154 λέγοντες
815 5128 830 5146 ,
885 5087 1135 5152 ,ϐασιλεῖ
1163 5088 1350 5154 ἀδίκῳ
1391 5089 1488 5140 καὶ
1523 5091 1865 5158 παρανόμῳ,

293 5182 614 5249 ὑποστάτῃ
661 5181 759 5234 καί
786 5181 1171 5249 πονηροτάτῳ
1200 5182 1361 5250 παρὰ
1400 5181 1594 5235 πάντα
1623 5184 1694 5237 τὰ
1718 5184 1860 5250 ἔθνη

291 5282 363 5327 τὰ
397 5274 495 5326 ἐπὶ
523 5272 632 5340 τῆς
662 5272 794 5341 τοῖς.
834 5270 956 5326 Τῶν
987 5289 1069 5336 τις
1099 5270 1144 5325 δ’
1194 5275 1586 5342 ὁμοτραπέζων
1612 5274 1671 5327 τὸ
1709 5275 1862 5345 ῥῆμα

294 5363 375 5431 τῷ
405 5363 618 5433 βασιλεῖ
646 5363 993 5432 διεμήνυσεν.
1024 5364 1082 5416 Ὀ
1107 5363 1164 5416 δὲ
1187 5365 1310 5427 τοὺς
1345 5365 1599 5434 ἀρίστους
1624 5367 1862 5429 ἐκείνους

297 5459 504 5526 ἄνδρας
559 5457 1077 5525 μεταστειλάμενος,
1136 5455 1256 5508 τίνα
1296 5457 1359 5508 ἂν
1423 5458 1506 5526 εἴη
1560 5457 1625 5510 τὰ
1681 5459 1767 5509 ἐπὶ
1798 5461 1860 5527 τῇ

292 5550 479 5621 διαίτῃ
501 5551 765 5619 εἰρημένα
790 5549 1209 5601 ἀνεπυνθάνετο.
1240 5549 1306 5602 Οἱ
1338 5549 1392 5600 δὲ
1430 5551 1706 5621 παρῤησὲα
1735 5570 1863 5619 χρη·

370 5669 382 5697 ³
425 5666 562 5720 Psal.
612 5682 776 5733 van,
807 5670 861 5722 2.
945 5672 961 5702 ¹
1006 5673 1021 5725 Ι
1059 5672 1185 5726 Cor.
1224 5688 1272 5730 ι,
1305 5673 1393 5726 ‘23.

1967 4639 2328 4694 nihilominus
2358 4646 2536 4689 tamen
2573 4632 2891 4701 apostolicis
2927 4630 3304 4683 sanctionibus
3340 4630 3538 4696 inni\i,

1971 4724 2090 4802 qnie
2112 4729 2583 4800 proponebantur,
2609 4736 2920 4792 sumpsere.
2974 4719 3142 4775 Omne
3164 4722 3322 4781 enim,
3343 4721 3541 4788 inquit,

1971 4823 2107 4892 quod
2137 4825 2189 4874 in
2222 4820 2442 4873 macello
2474 4817 2733 4878 venditur,
2773 4815 2930 4874 edite,
2966 4812 3099 4863 nihil
3131 4815 3538 4880 interrogantes,

1973 4925 2186 4985 propter
2204 4913 2579 4966 conscientiam
2608 4910 2647 4962 '.
2683 4909 3160 4963 Abominationeni
3191 4904 3331 4957 hanc
3357 4907 3535 4956 deser-

1976 5009 2111 5062 toris
2146 5007 2254 5060 duo
2287 5005 2509 5074 quidam
2543 5000 2888 5071 scutigeruli,
2921 5000 3014 5067 qui
3050 4999 3229 5066 ampla
3263 4995 3538 5065 stipendia

1973 5098 2026 5152 in
2064 5097 2254 5150 militia
2298 5095 2590 5156 faciebant,
2624 5093 2678 5145 in
2709 5093 2947 5160 quodam
2979 5091 3235 5144 convivio
3273 5101 3534 5156 perquam

1973 5190 2109 5243 scite
2158 5188 2538 5241 traduxerunt.
2593 5182 2766 5239 Verba
2818 5184 2966 5238 enim
3024 5181 3112 5234 illa
3163 5179 3536 5249 praestantium

1974 5282 2026 5336 in
2073 5279 2344 5350 Babylone
2398 5293 2692 5348 puerorum
2748 5276 3203 5330 concinucrnnt:
3249 5269 3539 5325 Tradidisti

1975 5391 2065 5427 nos
2090 5373 2195 5442 regi
2220 5373 2402 5441 iniquo
2429 5380 2478 5423 et
2506 5371 2905 5439 transgressori,
2944 5367 3196 5419 desertori
3227 5374 3274 5417 et
3309 5363 3534 5433 pessimo

1971 5477 2133 5531 supra
2160 5477 2337 5515 omnes
2375 5469 2548 5530 gentes
2589 5468 2763 5513 terra.
2803 5458 2974 5511 Porro
3011 5471 3078 5509 ex
3127 5453 3375 5508 convivis
3413 5451 3536 5520 qui-

1972 5561 2094 5611 dam
2123 5569 2234 5608 rem
2265 5569 2382 5608 cam
2417 5553 2480 5606 ad
2513 5555 2896 5622 imperatorem
2927 5547 3145 5604 detulit.
3171 5545 3236 5601 Et
3267 5545 3357 5600 ille
3386 5545 3533 5614 opti-

367 5825 446 5895 (ι)
471 5825 766 5891 Εηςῐίιιὶῑω,
806 5830 988 5898 populi
1022 5830 1257 5899 Scythici
1290 5840 1432 5884 sunt.
1468 5831 1628 5885 (l’iiu.
1653 5832 1750 5884 ιιι).
1783 5847 1855 5892 tt,
1897 5847 1994 5899 t‘np
2067 5831 2172 5896 17.)
