4286 6438
280 446 386 510 435

1191 440 1793 504 ECtlLESlASTlCdB
1831 439 2222 502 HISTORI/‘E
2263 441 2413 502 LIB.
2452 440 2522 500 Χ.

3421 440 3525 511 486

276 580 470 618 κωσιν
505 563 658 630 ὑμᾶς
698 563 764 615 ἐκ
803 561 912 630 τῆς
951 563 1184 624 πῦλεως
1211 560 1456 624 ταύτης,
1501 557 1749 625 φεύγετε
1771 556 1858 617 είς
1887 556 1930 615 Α
1961 553 1968 605 1

1834 573 1858 617 ς
1887 556 1930 615 Α
1961 553 2018 607 ln
2051 555 2168 624 lege
2203 554 2349 609 enim
2385 560 2716 623 praeceptum
2754 565 2978 622 quoque
3019 552 3143 620 fuit,
3181 563 3238 609 ut
3268 553 3526 610 civitates

276 658 392 723 τὴν
450 656 685 723 ἑτέραν.
738 656 844 707 Καὶ
913 654 1031 724 μετ’
1059 655 1218 721 ὀλίγα
1262 653 1464 721 φησίν·
1503 652 1686 703 Ὅταν
1737 644 1851 704 οὖν

277 750 446 816 ιδητε
477 748 543 800 τὸ
569 747 886 816 ,ϐδέλυγμα
920 747 1030 815 τῆς
1061 745 1432 814 ἐρημώσεως.
1458 747 1522 798 τὸ
1541 744 1728 813 ῥηθὲν
1756 741 1854 796 διὰ

284 842 505 909 Δανιὴλ
546 841 650 893 τοῦ
685 839 1019 908 προφήτου,
1070 839 1262 903 ἑστὼς
1291 837 1360 891 ἐν
1413 838 1574 901 τόπῳ
1614 836 1790 904 ἁγίῳ·
1823 837 1854 888 d

281 933 717 998 ἀναγινώσκων
770 933 1019 985 νοείτω’
1074 934 1208 984 τότε
1237 935 1289 984 ol
1325 931 1396 984 ἐν
1451 930 1524 997 τῇ
1592 927 1856 994 Ἰουδαίᾳ

277 1025 674 1094 φευγέτωσαν
707 1025 792 1089 εις
821 1024 894 1077 τὰ
945 1023 1053 1092 ὅρη
1076 1038 1090 1053 ·
1145 1023 1178 1075 ὸ
1214 1022 1283 1075 ἐκ
1338 1021 1444 1075 τοῦ
1471 1019 1736 1088 δώματος
1768 1018 1854 1087 μὴ

278 1119 596 1184 statumina
626 1110 762 1184 ἆραι
794 1117 866 1168 τὰ
893 1115 963 1168 ἐκ
999 1115 1108 1182 τῆς
1137 1114 1335 1178 οἰκίας
1364 1112 1580 1166 αὐτοῦ’
1615 1114 1648 1165 ό
1675 1113 1743 1163 ἐν
1779 1106 1856 1174 τῷ

277 1208 443 1277 ἀγρῷ
498 1209 581 1276 μὴ
638 1207 1059 1276 ἐπιστρεψάτω
1109 1201 1247 1276 ἆραι
1292 1205 1590 1274 τὰιμὰτια
1646 1204 1853 1258 αὐτοῦ.

276 1302 469 1354 Ταῦτα
504 1302 613 1370 γὰρ
643 1300 845 1360 εἰδότες
879 1300 926 1353 ot
958 1300 1129 1366 ἅγιοι,
1159 1298 1430 1367 τοσαύτην
1457 1292 1602 1367 εἶχον
1634 1298 1729 1365 τῆς
1761 1312 1857 1347 πο-

277 1393 488 1453 λιτείας
511 1392 739 1462 ἀγωγήν
764 1408 776 1421 ·
811 1391 846 1445 ἃ
875 1392 986 1460 γὰρ
1037 1391 1134 1458 νῦν
1166 1389 1503 1458 προσέταξεν
1555 1391 1582 1442 δ
1626 1388 1855 1458 Κύριος,

277 1485 461 1535 ταῦτα
518 1484 615 1533 καὶ
659 1482 766 1550 πρὸ
825 1482 930 1550 τῆς
982 1482 1247 1550 ἐνσάρκου
1291 1479 1597 1548 παρουσίας
1649 1480 1707 1530 ἐν
1743 1480 1859 1540 τοῖς

278 1574 464 1640 ἁγίοις
489 1573 696 1628 ἐλάλει.
735 1573 844 1627 Καὶ
874 1574 1022 1626 ἐστιν
1056 1569 1210 1634 οὗτος
1253 1575 1377 1640 ὄρος
1406 1571 1719 1641 ἀνθρώποις
1776 1569 1859 1632 είς

278 1664 599 1733 τελειότητα
631 1665 834 1732 φέρων.
869 1663 897 1714 ὃ
923 1662 968 1715 δ’
1020 1664 1086 1714 ἂν
1121 1665 1147 1715 δ
1183 1663 1315 1724 Θεὸς
1363 1661 1669 1732 προστάξῃ,
1699 1659 1858 1713 τοῦτο

279 1755 483 1807 ποιεῖν.
518 1754 617 1804 Διὰ
648 1752 810 1806 τοῦτο
839 1754 934 1805 καὶ
975 1752 1138 1815 αὐτὸς
1159 1756 1186 1804 δ
1212 1754 1404 1820 Λόγος,
1443 1753 1675 1822 δι’ήμᾶς
1708 1753 1860 1820 γενό-

282 1864 444 1918 μενος
502 1847 812 1918 ἄνθρωπος,
863 1847 1174 1914 κατηξίωσε
1222 1846 1554 1914 ζητούμενος
1584 1845 1660 1908 ὡς
1695 1846 1855 1914 ἡμεῖς

279 1940 559 2009 κρυϐῆναι
581 1955 594 1969 °
627 1939 724 1992 καὶ
754 1939 920 1992 πάλιν
973 1940 1330 2008 διωκέμενος,
1360 1939 1605 2006 φεύγειν,
1641 1940 1732 1990 καὶ
1760 1939 1857 2006 τὴν

278 2031 580 2098 ἐπιϐουλὴν
643 2030 914 2083 ἐκκλῖναι.
991 2031 1293 2099 Ἐπέτρεπε
1331 2030 1442 2100 γὰρ
1499 2031 1663 2083 αὑτὸν
1691 2029 1766 2091 ὡς
1795 2029 1860 2081 ὲκ

277 2123 375 2174 τοῦ
401 2125 597 2192 πεινῇν
630 2124 727 2175 καὶ
756 2123 937 2192 διψῇν,
975 2124 1069 2172 καὶ
1097 2121 1255 2174 τοῦτο
1277 2123 1491 2186 παθεῖν,
1515 2122 1658 2173 οὕτω
1685 2122 1776 2172 καὶ
1797 2123 1858 2172 ἐκ

277 2216 476 2267 τούτου
507 2214 777 2266 δεικνύειν
796 2214 990 2264 ἑαυτὸν
1019 2214 1538 2284 ἐνανθρωπήσαντα-
1561 2211 1653 2275 Ἐξ
1685 2213 1858 2280 ἀρχῆς

282 2309 384 2378 μὲν
433 2308 553 2375 ἅμα
601 2307 678 2376 τῷ
732 2307 990 2372 γενέσθαι
1033 2306 1343 2374 ἄνθρωπος,
1404 2307 1488 2359 ὅτε
1529 2305 1739 2359 παιδίον
1767 2302 1858 2376 ἦν,

279 2403 446 2462 αὐτὸς
504 2401 592 2453 διὰ
653 2399 749 2452 τοῦ
807 2401 1045 2466 ἀγγέλου
1118 2399 1428 2452 ἐνετείλατο
1485 2400 1560 2467 τῷ
1637 2399 1856 2467 Ἰωσὴφ,

292 2491 587 2562 Ἐγερθεὶς
644 2493 954 2560 παράλαϐε
992 2492 1058 2544 τὸ
1089 2491 1331 2544 παιδίον
1358 2491 1454 2544 καὶ
1502 2490 1613 2557 τὴν
1634 2491 1861 2558 μητέρα

277 2585 492 2646 αὑτοῦ,
552 2584 649 2638 καί
700 2585 884 2654 φεῦγε
944 2588 1028 2649 είς
1097 2587 1435 2652 Λτγινπτονο
1485 2585 1696 2653 μέλλει
1751 2583 1859 2652 γὰρ

291 2678 554 2746 Ἡρώδης
610 2675 812 2745 ζητεῖν
862 2679 977 2742 τὴν
1011 2676 1222 2744 ψυχὴν
1277 2676 1382 2729 τοῦ
1431 2675 1714 2729 παιδίου⁹
1768 2673 1862 2727 καὶ

281 2771 656 2831 ἀποθανόντος
681 2771 737 2822 δέ
773 2769 1033 2838 Ἡρώδου,
1065 2775 1318 2836 φατνεται
1352 2769 1418 2820 δι’
1460 2769 1747 2838 Ἀρχέλαον
1772 2769 1863 2822 τὸν

284 2862 400 2912 υἱὸν
432 2860 600 2912 αὑτοῦ
628 2860 931 2928 ἀναχωρῶν
964 2863 1041 2921 είς
1069 2861 1166 2928 τὴν
1202 2858 1479 2928 Ναζαρέτ.
1513 2860 1642 2910 "Ore
1671 2860 1725 2912 δέ
1755 2859 1863 2911 λοι-

283 2953 388 3003 πδι
415 2955 508 3004 καὶ
545 2953 678 3003 Θεὸν
710 2952 873 3003 αὐτὴν
927 2952 1189 3011 ἐδείκνυε,
1241 2952 1332 3002 καὶ
1372 2951 1468 3020 τὴν
1501 2950 1674 3020 ξηρὰν
1707 2955 1863 3022 χεῖρα.

285 3041 598 3109 πεποίηκεν
629 3040 782 3109 ὑγιῆ,
815 3042 861 3092 οἱ
896 3041 993 3108 μὲν
1029 3041 1315 3108 Φαρισαῖοι
1356 3041 1687 3104 ἐξελθόντες,
1724 3059 1864 3109 συμ-

284 3129 504 3182 ϐούλιον
531 3131 752 3183 ἐποίουν
778 3129 900 3182 κατ’
927 3129 1113 3192 αὑτοῦ,
1135 3130 1286 3192 ὅπως
1314 3132 1474 3182 αὑτὸν
1502 3132 1859 3182 ἀπολέσωσιν·

284 3221 394 3272 ὸδὲ
437 3219 646 3288 Ἰησοῦς
699 3221 886 3285 γνοὺς,
937 3221 1290 3290 ἀνεχώρησεν
1342 3222 1572 3274 ἐκεῖθεν.
1617 3224 1723 3274 Καὶ
1758 3224 1936 3293 γὰρρ

286 3311 385 3360 καὶ
411 3309 500 3359 ὅτε
527 3309 621 3359 τὸν
651 3307 904 3373 Λάζαρον
938 3309 1162 3378 ῆγειρεν
1197 3313 1258 3361 ἐκ
1298 3311 1532 3379 νεκρῶν,
1565 3312 1665 3364 ἀπ’
1715 3313 1865 3366 exel-

331 3419 426 3466 ης,
458 3399 614 3466 evici,
648 3397 759 3463 τῆς
812 3398 1036 3466 ἡμέρας
1093 3400 1540 3455 ἐϐουλεύσαντο
1593 3403 1690 3455 ἵνα
1717 3405 1862 3456 ἀπσ-

285 3492 614 3543 κτείνωσιν
645 3492 854 3543 αὐτόν.
895 3491 952 3543 ’0
979 3489 1070 3544 οὖν
1134 3492 1346 3562 Ἰησοῦς
1373 3495 1556 3546 οὐκέτι
1583 3497 1864 3567 παρρησίᾳ

285 3582 624 3648 περιεπάτει
651 3580 707 3630 ἐν
729 3581 839 3641 τοῖς
887 3580 1161 3644 Ἰουδαίοις
1181 3624 1194 3646 ,
1232 3584 1346 3634 ἀλλ’
1372 3584 1614 3652 ἀπῆλθεν
1652 3586 1864 3638 ἐκεῖθεν

281 3674 368 3732 είς
401 3670 500 3738 τὴν
526 3671 714 3738 χώραν
752 3669 917 3736 ἐγγὺς
945 3671 1041 3738 τῆς
1069 3673 1302 3740 ἐρήμου.
1333 3670 1465 3727 Εἶτα
1497 3675 1744 3742 λέγοντος
1771 3675 1862 3728 τοῦ

283 3763 570 3830 Σωτῆρος,
633 3761 785 3828 Πρὶν
848 3758 1097 3831 Ἀϐραὰμ
1148 3763 1448 3831 γενέσθαι,
1483 3767 1597 3835 ἐγώ
1650 3769 1786 3833 sim,
1816 3771 1863 3820 oi

286 3855 392 3921 μὲν
429 3853 675 3904 Ἰουδαῖοι
703 3850 897 3904 ἔλαϐον
920 3852 1124 3914 λίθους,
1164 3855 1250 3905 ἵνα
1277 3855 1550 3923 βάλλωσιν
1572 3858 1658 3910 ἐπ’
1679 3860 1859 3912 αὐτόν’

280 3947 307 3994 ὁ
350 3941 410 3993 δὲ
455 3938 666 4008 Ἰησοῦς
691 3939 924 4008 ἐκρύϐη,
953 3942 1046 3992 καὶ
1077 3942 1301 4006 ἐξῆλθεν
1325 3947 1387 3997 ἐκ
1417 3945 1509 3997 τοῦ
1542 3947 1689 4015 ἱεροῦ
1719 3991 1733 4011 ,
1773 3953 1863 4002 καὶ

281 4031 517 4084 διελθὼν
546 4030 636 4084 διὰ
662 4032 824 4098 μέσου
860 4033 1040 4083 αὐτῶν
1079 4035 1371 4103 ἐπορεύετο
1396 4077 1410 4100 ,
1469 4041 1558 4089 καὶ
1611 4042 1863 4110 παρῆγεν

283 4117 488 4178 οὕτως.
521 4113 670 4186 Ἀρα
698 4118 870 4170 ταῦτα
897 4118 1208 4185 βλέποντες,
1241 4123 1436 4188 μᾶλλον
1460 4125 1514 4177 δὲ
1539 4130 1865 4181 κατανοοῦν-

280 4227 404 4272 τες,
432 4211 557 4262 ἐπεὶ
587 4209 662 4276 μὴ
697 4208 937 4277 βλέπωσι
966 4213 1104 4264 κατὰ
1133 4215 1193 4264 τὸ
1227 4219 1636 4286 γεγραμμένον,
1683 4223 1740 4273 οι)
1781 4223 1866 4276 οέ-

280 4306 442 4355 lauat
467 4303 730 4370 γενέσθαι
786 4305 1152 4373 πυρίκαυστοι
1182 4324 1195 4370 ;
1242 4308 1323 4359 ὅτι
1346 4310 1562 4361 ἐναντία
1592 4307 1664 4363 ὧν
1693 4316 1720 4366 ὁ
1755 4315 1864 4368 Κύ-

285 4410 408 4465 ριος
451 4393 599 4444 ποιεῖ
644 4393 742 4445 καὶ
775 4393 1038 4455 διδάσκει,
1077 4395 1425 4462 βουλεύονται
1465 4401 1556 4450 καὶ
1597 4400 1862 4469 φθέγγον-

282 4503 404 4538 ται.
463 4485 575 4537 Καὶ
622 4485 732 4554 γὰρ
772 4485 862 4537 ὅτε
926 4486 1180 4554 Ἰωάννης
1241 4491 1661 4560 μεμαρτύρηκε,
1695 4495 1861 4548 καὶοὶ

1956 645 2151 714 refugii
2186 655 2474 714 propterea
2509 645 2902 705 conderentur,
2937 654 2995 698 ut
3044 647 3137 714 qui
3188 647 3255 700 ad
3289 656 3522 700 mortem

1954 735 2390 802 inquirerentur,
2422 749 2751 805 quocunque
2781 746 3006 804 possent
3037 737 3203 792 modo
3233 752 3526 792 servaren-

1955 834 2064 879 tur.
2109 826 2165 880 ln
2193 828 2674 882 consummatione
2713 837 2893 882 autem
2934 833 3280 890 memorum.
3308 845 3430 884 cum
3457 829 3524 883 ad

1955 935 2058 973 nos
2086 921 2326 975 venisset
2366 922 2544 988 ipsum
2584 921 2727 974 idem
2756 921 2902 990 quod
2937 937 3062 975 eum
3101 921 3246 976 Mose
3284 923 3527 977 locutum

1954 1022 2039 1066 est
2075 1013 2310 1067 Verbum
2347 1012 2523 1067 Patris
2547 1055 2561 1078 ,
2611 1029 2829 1068 rursum
2869 1017 3184 1068 mandatum
3231 1016 3334 1068 hoc
3369 1015 3531 1068 nobis

1957 1107 2132 1171 dedit,
2163 1107 2351 1162 dicens
2382 1125 2395 1162 :
2429 1108 2650 1173 Quando
2681 1111 2936 1179 persecuti
2964 1125 3050 1162 vos
3082 1111 3275 1178 fuerint
3309 1127 3372 1162 ex
3399 1111 3529 1163 civi-

1957 1209 2064 1252 tate
2089 1217 2213 1261 una,
2258 1201 2422 1268 fugite
2459 1202 2512 1254 in
2553 1200 2721 1252 aliam
2755 1201 2794 1250 ¹.
2826 1200 2892 1254 Et
2933 1201 3094 1269 paulo
3144 1210 3268 1269 post
3301 1202 3480 1270 inquit
3513 1219 3527 1254 :

1957 1292 2085 1348 Cum
2118 1294 2279 1362 igitur
2305 1293 2542 1346 videritis
2576 1293 3021 1346 abominatioucm
3048 1293 3390 1347 desolationis
3413 1312 3530 1364 qua:

1957 1386 2101 1439 dicta
2134 1395 2208 1438 est
2255 1403 2287 1438 a
2329 1384 2551 1437 Daniele
2580 1387 2862 1456 prapheta,
2897 1395 3125 1439 stantem
3159 1387 3212 1439 in
3249 1387 3360 1440 loco
3403 1404 3528 1440 sau-

1957 1487 2038 1531 cto
2073 1477 2208 1545 :qui
2252 1475 2392 1544 legit,
2428 1476 2694 1546 intelligat
2732 1493 2750 1530 :
2784 1486 2906 1529 tunc
2944 1477 3034 1544 qui
3068 1479 3122 1530 in
3169 1477 3354 1531 Judca
3385 1488 3531 1545 sunt,

1960 1571 2165 1638 fugiant
2199 1571 2252 1622 in
2287 1580 2538 1621 montana
2564 1585 2582 1622 :
2614 1580 2660 1621 et
2694 1570 2865 1638 quiin
2901 1577 3035 1621 tecto
3060 1579 3156 1633 est,
3193 1587 3294 1622 non
3321 1570 3534 1624 descen-

1959 1662 2074 1722 dat,
2110 1670 2166 1712 at
2203 1677 2229 1712 e
2264 1662 2416 1713 domo
2455 1677 2553 1715 sua
2599 1663 2890 1730 quidquam
2926 1661 3103 1714 tollat.
3149 1660 3251 1726 Qui
3288 1664 3338 1714 in
3380 1678 3532 1732 agro.

1961 1771 2062 1807 non
2093 1765 2409 1817 revertatur,
2446 1765 2500 1807 ut
2527 1757 2660 1824 ferat
2690 1758 2996 1809 vestimenta
3025 1774 3122 1810 sua
3149 1756 3190 1808 '.
3219 1758 3395 1825 Atque
3421 1757 3534 1811 haec

1962 1855 2250 1914 perspecta
2303 1846 2565 1900 habentes
2611 1848 2784 1901 sancti
2835 1848 3126 1914 homines,
3172 1850 3406 1918 idipsum
3443 1864 3533 1902 se.

1959 1942 2070 1994 cuti
2112 1949 2240 1993 sunt
2271 1939 2394 1993 vitae
2433 1939 2768 1992 institutum.
2804 1939 2939 1993 Nam
2976 1955 3098 2010 qua
3145 1957 3295 2012 nunc
3327 1955 3534 2011 przece-

1961 2031 2039 2100 pit
2072 2032 2355 2095 Dominus,
2409 2032 2600 2085 eadem
2651 2033 2815 2087 etiam
2855 2045 2986 2087 ante
3020 2034 3320 2087 adventum
3370 2050 3530 2088 suum

1961 2123 2015 2176 in
2051 2138 2215 2178 carne
2283 2119 2406 2178 c'um
2438 2125 2643 2178 sanctis
2678 2133 2762 2180 est
2794 2125 3034 2180 locutus.
3079 2127 3243 2195 Atqui
3288 2127 3375 2182 hic
3408 2144 3535 2196 pro-

1961 2218 2173 2286 positus
2211 2227 2298 2270 est
2353 2216 2675 2271 [nominibus
2722 2218 2846 2272 linis
2885 2220 2952 2271 ad
2993 2218 3387 2286 perfectionem
3441 2221 3536 2274 dit-

1960 2323 2131 2374 cens,
2181 2307 2330 2376 quod
2385 2308 2527 2361 Deus
2569 2308 2879 2376 imperarit,
2927 2309 2977 2362 id
3031 2322 3089 2362 ut
3136 2318 3531 2378 exsequantur.

1961 2400 2201 2455 Proinde
2253 2411 2308 2453 et
2360 2400 2537 2468 ipsum
2601 2400 2872 2464 Verbum,
2932 2411 3114 2454 nostra
3153 2415 3314 2454 causa
3371 2401 3535 2453 homo

1963 2491 2186 2553 factum,
2218 2506 2324 2542 non
2353 2490 2703 2558 dedignatum
2735 2500 2838 2554 est,
2879 2505 3002 2544 cum
3035 2492 3101 2545 ad
3138 2493 3340 2546 caedem
3381 2508 3531 2560 qna:-

1963 2593 2204 2644 reretur,
2259 2584 2420 2636 sicuti
2458 2599 2578 2643 nos,
2630 2599 2750 2638 sese
2800 2584 3104 2647 occultare,
3158 2595 3320 2652 atque
3369 2585 3534 2636 etiam

1963 2689 2086 2728 eum
2122 2685 2308 2729 essent
2341 2675 2431 2744 qui
2484 2676 2536 2729 id
2578 2665 3070 2744 persequerentur,
3105 2675 3314 2746 iugere,
3358 2684 3414 2729 et
3452 2677 3545 2728 in-

1963 2766 2134 2819 sidias
2156 2767 2425 2820 devitarc.
2453 2765 2528 2820 Ita
2558 2767 2701 2819 enim
2730 2768 3097 2821 conveniebat
3129 2769 3229 2821 hoc
3253 2767 3541 2822 Christum

1965 2856 2233 2925 experiri,
2261 2866 2323 2910 ut
2352 2857 2814 2924 quemadmodum
2847 2873 2912 2912 ex
2959 2858 3103 2911 [ante
3135 2866 3189 2910 et
3216 2857 3331 2921 siti,
3369 2858 3442 2912 ita
3469 2873 3534 2912 ex

1964 2947 2088 3016 fuga
2149 2948 2316 3003 etiam
2375 2948 2655 3001 hominem
2713 2964 2770 3002 se
2821 2950 3184 3017 assumpsisse
3245 2949 3539 3002 indicaret.

1966 3038 2160 3092 Statim
2211 3039 2356 3092 enim
2411 3038 2479 3092 ab
2533 3039 2711 3104 initio,
2761 3056 2883 3093 cuin
2924 3040 3088 3093 homo
3138 3041 3316 3094 factus
3363 3039 3541 3093 infans

1965 3132 2267 3183 etiamnum
2304 3139 2471 3193 esset,
2512 3131 2624 3199 ipse
2658 3147 2753 3199 per
2778 3133 3030 3200 angulum
3067 3131 3350 3184 mandavit
3383 3131 3537 3186 Jose-

1971 3222 2078 3287 pho
2115 3243 2126 3275 ε
2162 3223 2464 3292 Exsurgens
2495 3225 2673 3292 accipe
2703 3241 2923 3292 puerum
2967 3233 3015 3275 et
3059 3232 3281 3276 matrem
3318 3225 3450 3292 ejus,
3492 3237 3539 3275 et

1973 3316 2094 3383 fuge
2132 3315 2184 3366 in
2236 3313 2528 3384 lEgypttlm
2573 3332 2591 3371 :
2646 3314 2874 3368 Herodes
2926 3318 3064 3368 enim
3108 3317 3420 3382 qua'siturus
3468 3328 3541 3367 est

1971 3404 2207 3454 animum
2244 3403 2392 3471 pueri
2421 3404 2460 3456 ⁸.
2497 3403 2666 3457 Porro
2723 3404 2939 3458 Herode
2995 3415 3234 3472 mortuo,
3286 3407 3541 3460 eumdem

1969 3502 2217 3562 apparet,
2254 3503 2480 3563 propter
2509 3495 2838 3549 Archelaum
2875 3498 3108 3551 Herodis
3143 3497 3336 3561 tilium,
3366 3513 3544 3551 seces-

1971 3585 2114 3640 sisse
2154 3568 2538 3641 in'Nazareth.
2581 3586 2691 3656 39
2735 3588 2802 3640 At
2835 3605 2956 3640 cum
2997 3589 3214 3642 tandem
3267 3591 3434 3642 Deum
3483 3605 3540 3643 se

1969 3691 2088 3731 esse
2121 3677 2476 3738 ostendisset,
2511 3688 2565 3731 et
2599 3694 2821 3731 manum
2860 3680 3068 3733 aridam
3116 3680 3414 3735 restituens
3451 3697 3544 3734 sa-

1971 3777 2175 3831 tiasset,
2208 3767 2467 3822 Pharisaei
2501 3770 2720 3838 quidem
2750 3773 2989 3840 aggressi
3017 3774 3308 3828 consilium
3349 3785 3540 3828 contra

1969 3871 2095 3910 eum
2123 3865 2409 3925 ceperunt,
2441 3868 2500 3911 ut
2532 3859 2708 3928 ipsum
2736 3861 3124 3914 interimerent
3157 3862 3356 3917 :Jesus
3389 3879 3538 3924 vero.

1970 3963 2038 4002 eo
2073 3949 2315 4017 cognito,
2351 3950 2478 4004 inde
2523 3953 2768 4006 secessit.
2824 3953 3060 4007 Rursum
3104 3971 3234 4009 cum.
3275 3956 3538 4010 Lazarum

1970 4055 2001 4094 e
2053 4043 2286 4094 mortuis
2328 4043 2715 4098 resuscitasset
2751 4061 2766 4098 :
2813 4045 2892 4099 Ex
2937 4064 2998 4099 ca
3036 4049 3175 4115 ipsa,
3219 4050 3415 4119 inquit,
3460 4054 3543 4103 die

1970 4132 2246 4185 consilium
2294 4134 2479 4196 iniere,
2523 4145 2577 4187 ut
2615 4153 2732 4189 eum
2764 4139 3058 4191 occiderent
3083 4140 3124 4191 ⁸.
3167 4140 3354 4209 Itaque
3385 4142 3542 4197 Jesus

1971 4238 2078 4277 non
2101 4224 2334 4290 amplius
2359 4227 2637 4293 propalam
2661 4228 2807 4282 inter
2821 4229 3040 4284 Judzros
3057 4243 3136 4285 est
3161 4243 3428 4298 versatus,
3447 4238 3540 4292 sed

1973 4315 2098 4368 inde
2142 4315 2364 4368 divertit
2403 4317 2455 4368 in
2502 4317 2780 4386 regionem
2822 4322 3110 4376 solitudini
3151 4326 3548 4395 propinquam-..

1970 4407 2260 4468 Prxterea,
2299 4407 2595 4463 Servatore
2633 4412 2872 4473 dicente,
2913 4414 3232 4484 Priusquam
3272 4419 3541 4472 Abraham

1973 4497 2092 4554 fuit.
2131 4513 2223 4566 ego
2251 4499 2414 4549 sum"
2439 4538 2454 4562 ,
2520 4499 2692 4552 Judaei
2741 4502 2962 4568 quidem
3004 4505 3214 4572 lapides
3254 4511 3510 4574 corripite

287 4576 539 4647 μαθηταὶ
568 4577 628 4630 τδ
655 4577 815 4645 σῶμα
844 4578 1078 4646 ἔθαψαν,
1121 4581 1361 4643 ἀκούσας
1395 4585 1420 4634 ὁ
1475 4585 1708 4651 Ἰησοῦς,
1746 4591 1869 4640 ave-
1899 4579 1940 4632 D
1971 4605 1979 4640 l

1847 4621 1869 4632 -
1899 4579 1940 4632 ῐ)
1971 4597 2117 4647 runt,
2152 4599 2210 4642 ut
2239 4589 2388 4642 illum
2432 4601 2702 4657 peterent,
2735 4593 2894 4648 Jesus
2919 4608 3099 4648 autem
3133 4599 3423 4652 abscondit
3458 4617 3539 4660 se,

283 4669 548 4739 χώρησεν
605 4671 820 4721 ἐκεῖθεν
879 4671 937 4722 ἐν
974 4671 1144 4739 πλοίῳ
1178 4675 1258 4734 είς
1284 4667 1494 4742 ἔρημον
1527 4677 1692 4728 τόπον
1743 4678 1862 4730 κατ’

288 4761 451 4812 ίοίαν.
489 4761 548 4812 '0
583 4761 682 4830 μὲν
717 4761 920 4827 Κύριος
951 4763 1124 4814 ἐποίει
1151 4765 1344 4827 ταῦτα,
1371 4767 1462 4817 καὶ
1491 4765 1663 4829 οὕτως
1696 4769 1864 4821 ἐδίδα-

290 4866 427 4901 σκεν
452 4865 464 4878 ·
510 4851 624 4902 εἴθε
655 4851 711 4902 δὲ
741 4846 888 4904 οὗτοι
911 4854 1013 4903 κᾶν
1045 4853 1218 4914 οὕτως
1253 4857 1610 4922 αἰσχυνθῶσι,
1645 4860 1736 4910 καὶ
1770 4861 1866 4926 μὲ-

286 4959 382 5010 χρι
431 4940 541 4992 τῶν
593 4941 902 5010 ἀνθρώπιον
955 4945 1230 5013 στήσωσιν
1280 4947 1490 4999 ἑαυτῶν
1530 4950 1626 5018 τὴν
1657 4954 1864 5020 προπέ-

285 5052 469 5094 τε.αν,
511 5034 606 5084 καὶ
641 5036 714 5102 μὴ
749 5034 912 5086 πλέον
970 5039 1332 5103 ἐμμανὲντες,
1392 5042 1734 5106 ἐγκαλέεωσι
1776 5047 1866 5096 καὶ

284 5125 366 5193 τῷ
405 5125 623 5194 Σωτῆρι
679 5125 906 5187 δειλίαν,
942 5125 1090 5190 ἅπαξ
1146 5129 1264 5180 κατ’
1321 5129 1486 5180 αὑτοῦ
1527 5131 1866 5200 βλασφημεῖν

289 5217 720 5285 μελετήσαντες.
793 5217 935 5270 Ἀλλ’
998 5219 1122 5271 οὕτε
1184 5223 1529 5289 μαινομένων
1577 5225 1761 5276 αὐτῶν
1784 5243 1866 5286 τις

285 5311 582 5374 ἀνέξεται·
615 5309 816 5378 μᾶλλον
858 5311 913 5362 δὲ
946 5312 1037 5362 καὶ
1065 5313 1133 5364 τὰ
1166 5312 1472 5380 Εὑαγγέλια
1520 5315 1594 5385 μὴ
1619 5317 1864 5381 νοοῦντες

285 5401 738 5469 ἐλεγχθήσονται.
778 5403 929 5453 Ἐστι
963 5405 1069 5471 γὰρ
1100 5405 1131 5470 ἡ
1168 5405 1438 5472 πρὸθασις
1473 5408 1571 5474 τῆς
1607 5409 1863 5477 τοιαύτης

284 5495 700 5560 ἀναχωρήσεως
767 5497 860 5543 καὶ
901 5493 1081 5561 φυγῆς
1130 5493 1350 5561 εὓλογος
1402 5499 1492 5548 καὶ
1523 5499 1765 5569 ἀληθήςο
1799 5502 1864 5569 ἣν

281 5587 381 5636 ἐπὶ
415 5583 513 5634 τοῦ
544 5583 797 5653 Σωτῆρος
821 5586 868 5636 οἱ
909 5586 1296 5654 εὑαγγελισταὶ
1330 5589 1588 5658 κειμένην
1617 5592 1864 5661 ἀπεμνη-

288 5678 592 5744 μόνευταν.
625 5677 716 5727 Δεῖ
743 5675 798 5727 δὲ
828 5679 890 5728 ἐκ
942 5678 1147 5731 τούτων
1185 5681 1333 5750 ἡμᾶς
1366 5683 1455 5732 ἐπὶ
1486 5683 1703 5737 πάντων
1757 5687 1863 5736 τῶν

367 5856 384 5885 ⁸
419 5856 612 5910 διδιιιι.
647 5873 698 5922 x,
733 5857 822 5913 ‘25.
897 5860 916 5889 ³
957 5858 1142 5915 .‘llattli.
1178 5878 1325 5928 sxw,
1367 5862 1429 5916 lii
1461 5878 1614 5934 seqq.

1694 5867 1712 5897 ³
1767 5867 1953 5922 Matth.
1997 5885 2049 5932 ιι,
2094 5871 2174 5928 l5.

1971 4690 2025 4732 et
2053 4681 2220 4733 exivit
2269 4695 2334 4734 ex
2384 4683 2610 4750 templo,
2662 4694 2716 4738 et
2759 4701 2854 4753 per
2893 4688 3102 4742 medios
3134 4705 3230 4742 eos
3263 4691 3538 4744 transiens

1969 4769 2104 4821 abiit
2133 4778 2295 4837 atque
2329 4771 2604 4826 discessit.
2663 4774 2922 4828 Sedenim
2955 4793 3079 4831 eum
3121 4780 3234 4833 haec
3265 4780 3536 4838 videntes.

1969 4876 2032 4914 ac
2073 4864 2258 4930 potius
2291 4865 2683 4934 intelligentes,
2718 4884 2813 4934 pro
2844 4886 2910 4922 eo
2938 4883 3099 4938 atquc
3131 4874 3396 4941 scriptum
3430 4885 3533 4928 est.

1970 4967 2076 5003 non
2104 4952 2343 5016 videant,
2371 4954 2464 5023 qui
2490 4970 2678 5023 quaeso
2709 4958 2823 5011 ﬁeri
2856 4961 3050 5015 nolunt
3073 4963 3195 5030 igne
3223 4964 3492 5016 combusti
3520 4963 3541 5013 ‘!

1968 5044 2095 5097 dum
2121 5043 2331 5098 scilicet
2354 5055 2542 5098 contra
2567 5057 2809 5114 quamet
2839 5049 2966 5101 facit
2989 5061 3040 5101 et
3062 5051 3221 5104 docet
3251 5053 3535 5114 Dominus,

1970 5133 2072 5202 ipsi
2113 5144 2168 5186 et
2211 5136 2453 5203 cogitant
2491 5146 2544 5188 et
2585 5135 2929 5206 loquuntur?
2961 5141 3249 5208 Postquam
3305 5158 3537 5210 namque

1967 5228 2205 5282 Joannes
2241 5231 2501 5298 martyrio
2546 5240 2631 5284 est
2676 5231 2989 5296 defunctus,
3024 5244 3079 5286 et
3117 5234 3370 5302 discipuli
3409 5250 3552 5288 cor--

1971 5337 2070 5389 pus
2107 5322 2226 5392 ejus
2257 5324 2616 5390 sepelierunt,
2649 5325 2837 5377 auditu
2866 5342 2928 5377 eo
2961 5326 3120 5380 Jesus
3152 5328 3375 5380 secessit
3398 5328 3550 5381 inde

1972 5414 2023 5465 in
2073 5415 2321 5465 navicula
2367 5414 2418 5466 in
2467 5415 2748 5468 desertum
2797 5417 2973 5468 locum
3009 5418 3176 5470 sultis.
3216 5420 3390 5486 Atque
3432 5421 3538 5471 Dn-

1971 5507 2153 5558 minus
2177 5507 2401 5574 quidem
2434 5509 2499 5560 ad
2538 5508 2683 5561 hunc
2720 5512 2939 5560 modum
2975 5521 3030 5562 et
3061 5510 3192 5563 fecit
3242 5521 3296 5563 et
3327 5512 3542 5566 docuit.

1969 5597 2191 5653 Utinam
2221 5615 2346 5652 vero
2377 5601 2500 5652 lioni
2538 5601 2626 5654 isti
2657 5600 2757 5652 viri
2793 5599 2865 5653 ita
2895 5602 3228 5655 verecundia
3256 5601 3544 5692 ailiccren;

1973 5702 2079 5756 tur,
2120 5703 2178 5746 ut
2229 5693 2419 5746 saltem
2472 5693 2734 5746 adversus
2795 5693 3046 5749 homines
3101 5695 3386 5762 prtel'racta
3436 5713 3548 5751 sua.

2251 5873 2271 5904 ⁸
2309 5873 2465 5928 Joau.
2506 5892 2577 5942 XI,
2633 5875 2719 5930 55.
2797 5877 2815 5906 ⁵
2850 5877 3004 5932 Joan.
3049 5895 3161 5941 uti,
3204 5878 3298 5934 58.
