4286 6438
259 443 364 511 5‘21

1197 446 1800 506 ECCLESHSTICE
1841 447 2233 510 HISTORIAE
2272 449 2419 510 LlB.
2455 450 2522 509 Χ.

3416 455 3516 521 5‘29

259 565 444 634 ἔρωτα
485 563 530 616 δ’
562 556 674 616 οἷον
712 561 1243 633 παραμυθούμενον,
1279 566 1385 623 τοῖς
1420 562 1519 632 τῆς
1561 564 1844 634 ἐρωμένης
1874 566 1917 623 Α
1947 585 1951 609 ‹

1825 566 1917 624 ςΑ
1947 578 2320 620 conversam:
2377 563 2555 632 ipsum
2606 574 2787 618 autem
2840 565 3001 619 deum
3048 580 3114 620 ne
3170 566 3249 624 sic
3295 571 3517 638 quidem

258 656 481 718 κλάδοις
516 654 616 726 τὴν
650 654 901 724 κεφαλὴν
936 655 1349 723 ἀναδήσασθαι,
1387 655 1481 707 καί
1526 673 1587 723 γε
1629 656 1844 725 δένδρον

257 747 604 816 γενομένην,
642 745 1056 816 περιπλακῆναι
1101 747 1195 798 καὶ
1241 745 1712 816 περιπτύξασθαι,
1751 747 1847 800 καὶ

262 841 388 912 μηδ’
420 838 869 894 ἀπαλλάττεσθαι
914 840 1058 908 μάλα
1102 841 1417 910 αἱρεῖσθαι,
1461 841 1599 895 ἀλλά
1644 857 1844 909 προσε-

255 934 478 1005 δρεύειν
498 934 672 1007 ταύτῃ
701 936 795 986 σὺν
823 934 1154 1002 ἀστειότητι.
1180 933 1475 986 κάντεῦθεν
1499 935 1594 986 καὶ
1616 935 1845 1005 τιμῆσαι

256 1030 353 1080 τὸν
397 1026 578 1098 χῶρον
622 1029 691 1097 τῇ
738 1027 930 1097 μακρᾷ
970 1026 1338 1097 προσεδρείᾳο
1385 1029 1478 1080 xxi.
1521 1028 1629 1078 τῶν
1670 1027 1848 1080 ἄλλων

257 1123 457 1193 χώρων
507 1121 721 1192 ἐκσανῆ
776 1122 1006 1190 ποιῆσαι
1060 1124 1154 1175 καὶ
1210 1123 1617 1194 κεχαρισμένον
1672 1124 1846 1194 αὐτῷ.

271 1219 527 1273 Ἐνταῦθ*
554 1219 604 1271 οί
655 1220 965 1284 σωφρονεῖν
1007 1216 1326 1288 αἱρούμενοι
1374 1218 1467 1271 καὶ
1511 1219 1602 1270 τὸν
1642 1218 1848 1288 τρόπον

253 1314 526 1375 ἐπιεικεῖς
563 1311 866 1382 διατρίϐειν
898 1311 1102 1383 ἥκιστα
1136 1310 1350 1382 ἡθελον.
1383 1311 1547 1364 Μάλα
1583 1311 1693 1380 γάρ
1723 1305 1791 1381 ἦν
1821 1311 1850 1364 ὁ

253 1408 438 1477 χῶρος
481 1406 621 1477 πρὸς
662 1403 952 1476 ῥᾳστώνην
985 1406 1296 1476 ἀνειμένος.
1331 1405 1458 1468 Τοῖς
1491 1421 1556 1473 γε
1594 1403 1703 1476 μὴν
1735 1407 1845 1458 διε-

253 1501 494 1572 φθορόσι
527 1502 639 1553 τῶν
673 1501 846 1564 νέων,
880 1500 1186 1570 ἐπέραστός
1219 1515 1303 1564 τις
1336 1499 1704 1570 διαφερόντως
1737 1497 1852 1552 ἐδό-

253 1614 368 1659 κει,
401 1595 499 1648 ἇτε
528 1595 594 1664 δὴ
626 1595 724 1649 καὶ
750 1592 830 1664 τῷ
865 1592 1026 1663 μύθῳ
1059 1591 1470 1663 βοηθουμένοις,
1506 1592 1760 1664 ἐρωτικῷ
1785 1609 1848 1662 γε

254 1689 398 1742 δντι.
437 1688 529 1741 Ἐν
555 1687 734 1756 διπλῷ
764 1689 872 1757 γὰρ
901 1687 1131 1748 ἐκείνοις
1157 1685 1218 1738 τὸ
1247 1686 1418 1748 πάθος
1446 1686 1742 1753 ἀνήπτετο,
1770 1686 1851 1746 είς

256 1782 602 1851 παραίτησιν
642 1781 744 1833 οὐκ
790 1777 996 1847 ἀγεννῆ
1042 1777 1462 1848 προῖσχομένοις
1499 1777 1591 1830 τὸν
1635 1777 1806 1846 μῦθον
1833 1793 1848 1809 ο

255 1875 494 1945 ἀναὶδην
542 1891 602 1927 τε
653 1875 762 1944 γὰρ
812 1875 880 1943 τῇ
931 1873 1200 1943 ἀκολασία
1245 1870 1489 1943 ἐχώρουν
1542 1871 1670 1942 μήτ’
1695 1872 1852 1926 αὐτοὶ

259 1967 574 2034 σωφρονεῖν
601 1963 893 2032 δυνάμενοι
914 2003 930 2028 ,
963 1961 1081 2015 ἀλλ’
1105 1961 1228 2031 ούδέ
1261 1961 1548 2031 σώφρονας
1575 1961 1654 2030 τῷ
1688 1961 1854 2033 χώρῳ

256 2058 568 2127 διατρίϐειν
599 2057 900 2128 ἠνείχοντο.
935 2055 1027 2125 Μὴ
1059 2055 1168 2127 γάρ
1205 2056 1328 2125 μετ’
1354 2055 1639 2127 ἐρωμένης
1673 2056 1852 2108 ἐκεῖσε

257 2150 553 2220 διατριϐήν
583 2167 668 2214 τις
701 2150 873 2218 ἔχων,
907 2148 1145 2218 ἀγεννής
1176 2165 1260 2211 τις
1294 2147 1360 2202 ἂν
1392 2147 1540 2212 ἔδοξε
1575 2147 1723 2218 μάλα
1757 2148 1855 2202 καὶ

259 2243 500 2314 ἄχαρις,
539 2242 637 2296 καὶ
668 2242 744 2305 ώς
775 2242 909 2310 ἀγος
940 2258 994 2294 τι
1027 2240 1402 2312 ἀποτρόπαιον
1445 2242 1652 2294 ἐκεῖθεν
1684 2240 1854 2311 ἠλαύ-

264 2351 412 2388 νετο.
453 2334 554 2387 Διά
600 2332 863 2403 πλείστης
906 2333 964 2386 δέ
1003 2331 1102 2402 τῆς
1140 2331 1310 2402 τιμῆς
1350 2327 1421 2403 ἦν
1458 2334 1487 2385 ὁ
1525 2331 1702 2403 χῶρος
1740 2333 1856 2396 τοῖς

261 2425 665 2495 ἑλληνίζουσιν.
695 2423 959 2496 Ἀγαλμα
1001 2423 1110 2494 γὰρ
1153 2422 1389 2476 ἐνταῦθα
1433 2423 1733 2493 ἐτύγχανεν
1773 2425 1854 2487 είς

259 2522 470 2584 κάλλος
497 2519 622 2573 λίαν
648 2518 1024 2587 ἀπεξεσμένον
1053 2517 1324 2585 Δαφναίου
1359 2516 1695 2581 Ἀπόλλωνος
1715 2533 1730 2549 ·
1762 2517 1854 2569 καὶ

255 2614 400 2675 νεὼς
429 2613 746 2676 κάλλιστος,
775 2614 854 2675 εἰς
886 2610 1021 2680 ὕψος
1049 2611 1170 2679 ἅμα
1197 2611 1290 2663 καὶ
1319 2610 1553 2680 μέγεθος
1581 2610 1855 2680 φιλοτίμῳ

257 2704 697 2774 ἐξειργασμένος
737 2703 884 2773 χειρί
909 2720 924 2734 ο
964 2701 1024 2755 ὃν
1068 2703 1333 2756 Σέλευκον
1373 2703 1653 2771 ἀνεγεῖραι
1694 2702 1856 2770 λόγος

257 2796 354 2849 τὸν
391 2795 671 2862 Ἀντιόχου
705 2793 923 2862 πατέρα
950 2807 964 2821 ·
997 2791 1055 2854 ξς
1088 2791 1182 2844 καὶ
1213 2791 1315 2858 τὴν
1346 2789 1638 2857 ἐπώνυμον
1673 2787 1850 2852 πόλιν,

254 2887 362 2956 τὴν
405 2887 688 2955 ’Δντιόχου
726 2885 908 2954 φημὶ,
951 2883 1393 2952 μεγαλοπρεπῶς
1428 2883 1490 2936 τὸ
1525 2881 1646 2936 κατ’
1674 2880 1852 2951 ἀρχὰς

257 2981 482 3050 ἀνιστᾷ.
531 2980 724 3041 Πίστις
773 2995 836 3045 γε
889 2978 997 3047 μὴν
1045 2977 1256 3045 προσῆν
1301 2978 1364 3029 ἐκ
1412 2975 1611 3028 πολλοῦ
1657 2975 1753 3027 καί
1801 2990 1854 3027 τι

262 3073 535 3144 μαντικὸν
571 3073 719 3143 ὕδωρ
757 3072 820 3123 ἐκ
857 3069 1172 3131 Κασταλίας
1202 3067 1303 3139 τῆς
1340 3069 1525 3138 πηγῆς
1559 3068 1856 3138 καταρρεῖν

257 3166 445 3217 ἐκεῖσε
469 3203 484 3226 ,
517 3161 613 3212 καὶ
646 3158 814 3230 μηδέν
841 3175 894 3211 τι
929 3157 1337 3228 παραλλάττειν
1364 3157 1465 3226 τήν
1497 3158 1544 3208 τ’
1566 3155 1855 3226 ἐνέργειαν

1949 654 2146 725 puellae
2192 654 2538 709 desiderium
2587 655 2894 725 abjecisse,
2952 671 3309 727 amoremque
3361 675 3520 717 suum

1948 749 2120 802 veluti
2170 749 2463 811 solantem,
2511 758 2705 801 amatae
2749 748 2976 817 virginis
3024 749 3317 804 frondibus
3361 761 3526 822 caput

1948 841 2214 905 cinxisse,
2233 857 2466 911 eamque
2484 840 2648 894 etiam
2676 842 2930 894 arborem
2954 839 3154 896 factam
3179 843 3524 912 complexum

1950 950 2112 990 esse:
2153 949 2335 1004 neque
2386 935 2454 988 ab
2504 949 2566 988 ea
2614 934 2901 988 discedere
2947 934 3259 997 volentem,
3293 934 3366 992 illi
3402 950 3526 990 cum

1950 1028 2250 1082 festivitate
2297 1027 2532 1096 quadam
2577 1027 2882 1089 assedisse.
2936 1027 3279 1098 proindeque
3321 1029 3530 1083 honore

1950 1119 2319 1174 diuturnioris
2353 1135 2516 1173 morm
2547 1134 2672 1172 eum
2717 1118 2901 1172 locum
2938 1128 3329 1188 prosecutum,
3365 1130 3531 1191 atque

1951 1214 2075 1267 aliis
2127 1214 2267 1268 locis
2323 1214 2714 1277 illustriorem,
2759 1213 2976 1284 sibique
3017 1213 3183 1268 etiam
3231 1215 3528 1284 gratiorem

1951 1305 2203 1360 effecisse
2255 1305 2462 1361 ferunt.
2518 1305 2617 1360 llic
2666 1305 2920 1359 homines
2972 1306 3107 1360 casti
3157 1315 3214 1361 et
3261 1307 3529 1365 moderati

1954 1400 2181 1454 minime
2213 1400 2421 1453 versari
2470 1399 2887 1464 sustinuerunt,
2940 1398 3088 1468 quod
3149 1400 3304 1470 regio
3349 1416 3412 1454 ea
3465 1403 3532 1455 ad

1952 1491 2223 1546 desidiam
2258 1499 2314 1546 et
2358 1490 2644 1545 libidinem
2697 1489 2994 1545 admodum
3045 1501 3195 1546 esset
3245 1493 3531 1563 proclivis.

1952 1582 2262 1638 Juvenibus
2303 1592 2488 1638 autem
2531 1585 2813 1653 corruptis
2853 1583 3096 1655 jucunda
3138 1586 3435 1656 plurimum
3479 1597 3535 1643 et

1953 1690 2102 1750 grata
2131 1682 2244 1734 visa
2287 1690 2406 1744 est,
2450 1688 2508 1735 et
2557 1695 2786 1750 prorsus
2836 1683 3147 1736 amatoria:
3179 1699 3322 1752 quos
3362 1685 3532 1739 etiam

1954 1789 2072 1828 eam
2106 1773 2159 1827 in
2194 1788 2310 1828 rem
2346 1773 2531 1827 fabula
2563 1775 2680 1844 ipsa
2713 1775 2986 1830 invitarit.
3024 1776 3093 1831 Et
3120 1776 3322 1847 duplex
3352 1779 3434 1832 eis
3463 1780 3530 1832 ad

1955 1867 2130 1935 culpa:
2158 1867 2605 1936 deprecationem
2644 1866 2884 1922 fabulam
2919 1884 3030 1924 non
3074 1870 3357 1939 illepidum
3399 1887 3536 1940 prus,

1957 1957 2314 2012 tendentibus
2368 1958 2593 2014 incensa
2642 1967 2731 2014 est
2779 1959 2984 2023 libido,
3034 1971 3094 2014 ut
3146 1965 3269 2019 sine
3320 1966 3533 2035 pudore

1957 2064 2135 2118 neque
2166 2049 2266 2120 ipsi
2297 2051 2479 2119 pudici
2510 2061 2717 2116 essent,
2763 2069 2942 2123 neque
2978 2055 3209 2124 pudicos
3240 2057 3293 2110 in
3322 2073 3388 2113 eo
3415 2060 3538 2115 loco

1955 2153 2079 2196 esse
2123 2151 2463 2210 paterentur.
2509 2143 2614 2210 Qui
2666 2145 2812 2200 enim
2860 2147 2936 2201 ibi
2980 2149 3098 2204 sine
3130 2152 3306 2206 amica
3352 2169 3536 2209 versa-

1957 2242 2153 2298 retur,
2205 2234 2488 2290 illiberalis
2536 2237 2699 2305 plane
2761 2253 3074 2309 parumque
3122 2252 3313 2312 gratus
3360 2245 3534 2312 visus,

1958 2325 2185 2395 perinde
2214 2338 2377 2398 atque
2417 2330 2698 2398 piaculum
2741 2331 2962 2401 aliquod
2992 2334 3381 2390 detestandum
3409 2340 3538 2394 inde

1957 2418 2303 2487 abigebatur.
2339 2420 2538 2477 Grmeae
2583 2432 2767 2478 autem
2813 2427 3227 2495 superstitionis
3277 2431 3540 2489 observa-

1966 2511 2180 2566 toribus
2213 2513 2487 2583 praecipue
2521 2515 2573 2568 in
2607 2519 2850 2572 maximo
2881 2520 3038 2575 locus
3065 2521 3290 2578 habitus
3318 2536 3402 2580 est
3431 2528 3533 2581 ho-

1957 2618 2113 2658 nore.
2150 2604 2286 2658 Nam
2317 2615 2498 2660 statua
2535 2607 2609 2661 ibi
2639 2608 2912 2678 Apollinis
2941 2611 3199 2683 Daphnaci
3233 2617 3310 2687 (1)
3342 2636 3538 2691 magna

1962 2707 2255 2752 venustate
2304 2701 2628 2769 exsculpta,
2677 2713 2731 2756 et
2781 2706 3046 2775 templum
3100 2710 3533 2778 pulcherrimum

1955 2790 2246 2846 altitudine
2273 2800 2330 2846 et
2351 2795 2719 2863 amplitudine
2748 2797 3004 2863 mirifica,
3033 2801 3333 2859 artificiosa
3369 2821 3532 2860 manu

1956 2893 2335 2939 constructum
2383 2885 2530 2941 fuit:
2564 2889 2709 2957 quod
2745 2888 3037 2949 Seleucum
3063 2934 3079 2959 ,
3116 2895 3400 2959 Antiochi.
3441 2900 3536 2970 qui

1958 2975 2151 3030 urbem
2198 2992 2318 3032 eam
2371 2979 2475 3032 sub
2524 2994 2626 3034 suo
2677 2982 2904 3037 nomine
2956 2984 3245 3055 magnifice
3296 2990 3535 3058 primum

1955 3066 2234 3131 condidit,
2287 3078 2498 3138 patrem
2561 3073 2940 3130 construxisse
2984 3074 3194 3137 ferunt.
3251 3080 3535 3136 Creditum

1956 3159 2122 3214 etiam
2168 3161 2332 3231 longo
2379 3173 2625 3233 tempore
2661 3175 2742 3219 est
2767 3207 2782 3232 ,
2819 3181 3016 3238 aquam
3071 3169 3146 3224 ibi
3179 3185 3210 3224 e
3243 3169 3392 3228 fonte
3434 3173 3540 3228 Ca.

258 3258 361 3310 καὶ
399 3255 781 3324 προσηγορίαν
813 3252 1048 3306 ἐκείνου.
1079 3250 1218 3304 Φασὶ
1251 3248 1307 3302 δὲ
1344 3250 1438 3344 καὶ
1471 3249 1739 3344 ’ἑδριανῷ
1770 3247 1852 3319 τῷ
1880 3282 1926 3344 c

1841 3266 1852 3304 ι
1880 3282 1926 3344 c
1959 3251 2119 3308 stalio
2148 3253 2563 3320 divinatrieem,
2597 3256 2734 3312 nihil
2774 3274 3000 3328 prorsus
3031 3261 3101 3315 ab
3128 3263 3231 3317 alia
3270 3265 3360 3320 illa
3393 3269 3533 3337 apud

259 3349 485 3418 βασιλεῖ
517 3350 572 3399 ἐν
607 3347 842 3410 ἰδιώταις
874 3345 958 3397 ἔτι
989 3344 1327 3412 ταττομένῳ,
1359 3341 1594 3397 ἐνταῦθα
1624 3359 1855 3413 προφοι-

258 3440 540 3508 σεισθῆναι
569 3440 630 3490 τὸ
662 3437 861 3507 μέλλον
885 3454 899 3468 ⁶
932 3437 1142 3505 δάφνης
1172 3436 1280 3505 γὰρ
1309 3433 1507 3504 φύλλον
1531 3435 1855 3505 ἐμϐάψαντα

255 3539 329 3605 τῇ
370 3534 551 3603 πηγῇ,
583 3530 683 3602 την
715 3529 810 3583 τοῦ
846 3529 1134 3600 μέλλοντος
1167 3527 1480 3600 ἀρύσασθαι
1513 3531 1852 3599 πρόγνωσιν,

259 3627 565 3697 γράμμασι
594 3620 1086 3693 καταμηνυθεῖσαν
1112 3620 1265 3693 αὐτῷ
1289 3636 1305 3652 °
1337 3620 1461 3674 ἐπεὶ
1489 3620 1547 3674 δὲ
1578 3620 1675 3674 καὶ
1703 3620 1858 3685 τέλος

259 3719 427 3788 ἔσχεν
451 3719 486 3788 ἡ
513 3717 819 3791 πρόρρησις
846 3715 934 3770 ἐπ’
956 3713 1127 3785 αύτῷ,
1157 3715 1246 3769 ῖνα
1275 3713 1352 3786 μὴ
1380 3715 1475 3767 καὶ
1503 3712 1686 3776 ἄλλοις
1712 3711 1857 3769 οὕτω

257 3812 325 3866 τὸ
355 3809 556 3880 μέλλον
585 3808 885 3880 μανθάνειν
910 3806 1030 3881 ἐξῇ,
1053 3805 1272 3879 χώμασι
1301 3805 1517 3870 πολλοῖς
1541 3805 1644 3879 τὴν
1669 3805 1857 3878 πηγὴν

257 3906 554 3977 ἀφανίσαι.

337 4178 531 4235 Ταῦτα
567 4176 671 4248 μὶν
702 4174 976 4246 Ἐλλήνων
1007 4173 1196 4237 παῖδές
1227 4189 1395 4242 φασιν
1414 4187 1431 4203 ⁶
1461 4173 1536 4236 ὡς
1564 4173 1621 4232 δέ
1653 4173 1855 4238 Γάλλος

265 4279 484 4344 Καίσαρ
509 4273 617 4343 πρὸ
638 4269 1021 4324 Κωνσταντίου
1043 4266 1445 4338 χειροτονηθεὶς
1467 4267 1526 4318 ἐν
1550 4268 1854 4338 Ἀντιοχείᾳ.

262 4370 510 4441 διέτριϐε
531 4409 547 4434 ,
578 4367 678 4428 τὰς
711 4365 889 4418 ἐκεῖσε
918 4362 1030 4415 τῶν
1061 4361 1356 4432 βαρϐάρων
1385 4361 1732 4415 ἀναστέλλων
1761 4363 1854 4432 ὁρ..

265 4467 380 4536 μάς
399 4481 415 4496 ·
447 4464 573 4516 ἐπεὶ
599 4457 929 4531 Χριστιανὸς
954 4455 1060 4521 ὣν,
1091 4458 1148 4520 ἐς
1172 4456 1240 4509 τά
1272 4454 1510 4524 μάλιστα
1538 4456 1702 4526 ἐτίμα
1729 4456 1856 4519 τοὺς

261 4558 412 4628 ὺπέρ
448 4552 690 4623 Χριστοῦ
727 4551 823 4604 καὶ
851 4549 947 4603 τοῦ
980 4548 1252 4618 δόγματος
1285 4549 1550 4616 γενναίως
1581 4549 1854 4616 ἀγωνισα-

1959 3341 2214 3412 Delphos,
2240 3353 2299 3398 ut
2321 3347 2563 3413 nomine,
2608 3348 2689 3403 sic
2711 3352 2877 3406 etiam
2905 3353 3142 3408 efficacia
3167 3356 3532 3425 differentem,

1957 3437 2302 3506 proﬂuxisse.
2338 3441 2500 3495 Fama
2545 3442 2676 3498 item
2723 3444 2858 3511 fert,
2902 3446 3142 3505 Adriano
3187 3451 3531 3519 imperaturi,

1956 3545 2082 3585 cum
2111 3531 2357 3600 privatus
2383 3534 2565 3591 adhuc
2593 3547 2760 3602 esset,
2795 3554 3124 3610 responsum
3165 3543 3236 3598 ibi
3267 3545 3335 3600 de
3368 3547 3533 3603 rebus

1958 3624 2160 3677 futuris
2193 3625 2404 3678 editum
2453 3641 2610 3692 esse,
2654 3644 2896 3699 eumque
2934 3631 3073 3686 lauri
3123 3632 3255 3688 folio
3289 3636 3340 3690 in
3385 3636 3534 3694 fonto

1960 3715 2131 3768 tincto
2165 3714 2336 3770 futuri
2379 3718 2753 3788 cognitionem
2791 3721 2993 3777 litteris
3023 3723 3361 3796 designatam
3400 3728 3537 3782 han.

1957 3807 2136 3863 sisse:
2173 3817 2230 3862 et
2259 3823 2386 3864 cum
2420 3825 2744 3879 responsum
2778 3812 2832 3866 id
2870 3812 2936 3867 ad
2968 3815 3180 3870 exitum
3213 3833 3374 3873 suum
3412 3838 3536 3890 per-

1958 3899 2230 3962 venisset,
2277 3915 2346 3955 ne
2378 3902 2500 3956 aliis
2525 3918 2745 3972 quoque
2784 3905 2876 3970 adi
2902 3906 3158 3960 eumdem
3187 3911 3408 3983 modum
3444 3930 3533 3969 res

1959 3991 2174 4047 futuras
2221 4009 2552 4064 cognoscere
2596 3997 2829 4065 liceret,
2877 4013 3072 4069 aggere
3103 4002 3277 4058 multo
3324 4004 3532 4061 fontem

1958 4086 2336 4141 obstruxisse.

2031 4176 2154 4232 Haec
2185 4180 2407 4247 quidem
2460 4181 2543 4235 sic
2588 4180 2761 4236 (ἔτκοί
2805 4182 3048 4241 tradunt.
3095 4185 3285 4242 Gallus
3325 4199 3533 4255 autem,

1959 4268 2054 4322 ubi
2102 4268 2288 4323 Ctesar
2335 4280 2422 4324 est
2472 4286 2502 4325 a
2553 4271 2882 4328 Constantio
2917 4286 3180 4342 creatus,
3228 4281 3535 4335 Antiochiae

1956 4363 2132 4425 vixit,
2177 4362 2550 4418 Barbarorum
2602 4365 2678 4420 lbi
2727 4368 2994 4437 impetum
3045 4379 3103 4424 et
3153 4371 3529 4426 incursionem

1959 4470 2334 4526 compescens.
2371 4457 2473 4513 llic
2508 4467 2568 4513 ut
2598 4457 2967 4526 Christianus,
3003 4478 3128 4518 eum
3164 4465 3400 4522 maxime
3439 4483 3536 4522 eos

1959 4550 2053 4620 qui
2086 4565 2186 4620 pro
2223 4550 2450 4605 Christo
2486 4559 2542 4606 et
2575 4551 2830 4622 dogmate
2863 4562 3053 4608 nostro
3086 4553 3306 4611 fortiter
3339 4557 3534 4612 decer-

264 4655 469 4723 μένους
491 4687 506 4711 ,
539 4645 682 4713 ἔγνω
711 4643 775 4715 δὴ
807 4641 899 4695 τδν
928 4640 1109 4710 χῶρον
1138 4639 1238 4703 τῆς
1273 4641 1493 4709 μακρᾶς
1523 4639 1854 4708 δεισιδαιμο·
1886 4631 1929 4687 D

1839 4668 1854 4678 -
1886 4631 1929 4687 Ι)
1959 4650 2166 4707 tarunt,
2199 4642 2309 4713 63
2366 4655 2750 4709 veneraretur,
2787 4645 2967 4699 locum
3003 4646 3163 4701 talem
3201 4663 3229 4701 a
3271 4647 3531 4704 diuturna

259 4744 382 4805 νίας
420 4741 518 4795 καὶ
552 4738 649 4792 τοῦ
685 4735 992 4790 ἀκολάστου
1026 4733 1233 4804 τρόπον
1271 4733 1510 4802 μάλιστα
1547 4734 1853 4804 ἐκκαθᾶραι

259 4837 358 4889 καὶ
395 4829 734 4894 ἀπαλλάξαι.
771 4824 1017 4895 Νομίσας
1055 4820 1150 4877 οὖν
1185 4823 1260 4886 ὡς
1300 4823 1402 4876 οὐκ
1438 4823 1614 4884 ἄλλως
1657 4839 1717 4890 γε
1761 4839 1856 4874 πε-

263 4928 510 4998 ριέσοιτο
531 4919 629 4975 τοῦ
659 4919 865 4982 δεινοῦ,
891 4918 942 4971 εί
975 4916 1052 4986 μὴ
1078 4917 1368 4985 εύκτήριον
1393 4918 1578 4970 ἐκεῖσε
1613 4917 1675 4986 δὴ
1705 4916 1856 4969 ἀντι-

261 5017 669 5086 καταστήσειεν
701 5006 853 5065 οἰκον
874 5050 889 5072 .
919 5007 1078 5062 τοῦτο
1107 5005 1168 5061 εὖ
1199 5009 1690 5080 διαπεπραγμένος
1711 5048 1725 5068 ,
1758 5008 1854 5061 καὶ

257 5116 363 5182 τὴν
397 5111 578 5179 θήκην
612 5105 834 5160 Βαϐύλα
865 5101 961 5156 τοῦ
1003 5103 1285 5172 μάρτυρος
1321 5104 1401 5163 είς
1433 5102 1644 5171 δάφνην
1683 5101 1854 5170 μετή-

259 5221 439 5275 γαγεν
461 5217 475 5232 ·
503 5200 562 5261 δς
592 5199 700 5266 πρὸ
727 5195 927 5249 πολλοῦ
955 5193 1228 5265 λαμπρῶς
1252 5193 1352 5266 τὴν
1385 5194 1705 5262 Ἀντιοχέων
1732 5195 1852 5245 ιπι-

256 5295 573 5367 τροπεύων,
601 5293 697 5345 ἐπὶ
723 5287 1109 5359 Νουμεριανού
1139 5286 1404 5354 γενναίως
1431 5285 1523 5338 τὸν
1551 5287 1690 5356 ὑπὲρ
1719 5287 1854 5354 xm-

259 5391 393 5447 στοῦ
441 5387 633 5452 ἀγῶνα
671 5384 952 5452 διήνεγκε.
998 5379 1073 5432 Τὸ
1114 5379 1172 5433 δὲ
1220 5379 1523 5449 μαρτύριον
1565 5380 1625 5443 ἐξ
1669 5380 1852 5442 αἰτίας

253 5482 526 5548 τοιαύτης
563 5476 714 5544 αὐτῷ
754 5460 1027 5542 προϐῆναι
1050 5486 1064 5500 ·
1101 5470 1402 5533 ἐπίσκοπος
1441 5471 1542 5539 μὲν
1576 5471 1683 5540 γὰρ
1719 5467 1789 5542 ἦν
1825 5473 1852 5523 ὁ

257 5575 516 5635 Βαϐύλας
545 5589 557 5602 ·
603 5570 749 5623 κατὰ
790 5567 851 5620 δέ
896 5581 1020 5618 τινα
1062 5563 1296 5632 δαίμονα
1342 5561 1590 5632 γνώμην,
1639 5563 1854 5633 Νουμε-

258 5670 435 5740 ριανῷ
470 5666 610 5735 ἐρως
632 5659 922 5728 ἐμπεσεῖν,
949 5655 1267 5726 πληθούσης
1288 5653 1388 5721 τῆς
1413 5655 1711 5724 ἐκκλησίας
1741 5658 1853 5708 είσ-

250 5761 436 5815 ελθεῖν
471 5760 530 5810 ἐν
568 5753 708 5821 αὐτῇ
738 5764 752 5780 ·
787 5751 879 5802 τὸν
913 5747 959 5800 δ’
1000 5747 1272 5818 ίεράρχην
1316 5747 1456 5801 κατά
1499 5748 1568 5801 τὰ
1602 5749 1853 5819 πρόθυρα

325 5871 409 5941 (1)
450 5867 512 5922 1η
555 5865 830 5945 umbroso
857 5858 1104 5945 paphum
1127 5857 1256 5945 luco
1280 5858 1853 5945 AConstantinusnMa-

251 5931 403 6015 gnus'
433 5937 601 5994 matri
640 5948 756 5988 suae
792 5931 1014 5984 Heleme
1059 5938 1299 5981 statuam
1331 5931 1644 5984 collocavit.
1684 5931 1747 5984 Et
1777 5934 1850 5986 ob

599 6028 875 6091 Γηιιοι..
906 6024 1020 6082 Gn.
1066 6021 1306 6090 CXLVI

1956 4736 2355 4805 superstitione
2411 4743 2470 4791 et
2523 4736 2775 4805 improbo
2823 4736 2916 4790 illo
2979 4752 3130 4793 more
3186 4740 3531 4797 liberandqu

1958 4837 2123 4898 atque
2174 4828 2585 4898 repurgandum
2625 4828 2805 4884 duxit.
2848 4829 3142 4900 Postquam
3191 4843 3377 4889 autem
3426 4851 3532 4890 non

1956 4920 2118 4975 aliter
2150 4935 2212 4975 se
2249 4919 2455 4974 malum
2489 4928 2701 4974 tantum
2736 4920 3177 4991 esstirpaturum
3216 4938 3337 4979 esse
3376 4937 3538 4995 puta-

1955 5011 2065 5076 vit,
2120 5011 2228 5066 nisi
2282 5022 2476 5066 contra
2529 5014 2792 5082 templum
2845 5014 2899 5068 id
2973 5016 3244 5072 orationis
3281 5017 3532 5076 domum

1955 5113 2336 5169 construeret,
2374 5119 2542 5174 opere
2584 5120 2653 5160 eo
2701 5106 2929 5175 pulchre
2973 5107 3258 5177 perfecto,
3292 5110 3532 5166 loculum

1954 5197 2118 5250 etiam
2152 5197 2367 5268 Babylze
2393 5199 2650 5269 martyris
2676 5199 2731 5252 in
2769 5199 3032 5268 Daphnen
3069 5203 3398 5258 transtulit:
3431 5207 3530 5274 qui

1955 5300 2081 5343 ante
2113 5305 2288 5344 annos
2325 5291 2512 5359 plures
2542 5291 2901 5346 Antiocheam;
2950 5294 3199 5348 ecclesia:
3239 5296 3530 5364 splendide

1954 5383 2189 5436 antistes
2220 5382 2534 5450 praefuerat,
2571 5391 2628 5437 et
2652 5384 2754 5438 sub
2785 5385 3128 5443 Numeriano
3163 5386 3382 5442 fortiter
3411 5405 3533 5444 cer-

1957 5481 2137 5525 tamen
2187 5487 2287 5542 pro
2330 5471 2552 5528 Chrisro
2592 5475 2919 5543 pertulerat.
2971 5477 3212 5549 Martyrii
3261 5480 3382 5550 ejus
3415 5479 3533 5535 hare

1955 5580 2116 5618 causa
2157 5566 2301 5618 fuit:
2348 5565 2740 5636 Episcopatum
2781 5568 3012 5640 Babylas
3047 5575 3290 5640 gerelat.
3325 5572 3533 5627 Nume-

1957 5656 2174 5710 rianum
2224 5666 2408 5712 autem
2467 5659 2536 5713 de
2594 5660 2866 5715 damonis
2921 5665 3205 5734 cujusdam
3259 5669 3532 5724 sententia

1954 5747 2161 5816 cupido
2227 5749 2464 5813 invasit,
2520 5752 2812 5805 ecclesiam
2872 5753 3353 5820 Christianorum,
3406 5773 3531 5811 Clllll

1953 5878 2100 5944 eam.
2125 5879 2367 5944 causama
2391 5866 2574 5944 locum
2607 5883 2731 5923 cum
2763 5869 3150 5938 Αύγουστεῖον,
3185 5871 3531 5944 Augusteum,

1955 5935 2281 5990 nOIninavit.
2314 5934 2518 6007 (Suid.)

3097 6035 3162 6102 l7
