4286 6438
280 405 382 471 525

1202 401 1813 465 ECCLESIASTICA!
1853 397 2240 462 HISTORIA!
2281 399 2423 460 LIB.
2461 397 2532 456 Χ.

3419 390 3527 458 525

284 516 663 587 δεσμωτήριον
694 512 851 587 ἦγεν.
880 513 1016 570 Ἕνα
1046 516 1102 591 δε
1136 515 1339 570 τούτων
1371 516 1581 586 προῆγε
1604 557 1620 580 ,
1649 515 1856 569 Θεόδω-
1888 520 1928 574 Α
1948 529 1976 572 ,ε

1838 543 1856 554 -
1888 520 2059 574 Aeos
2099 512 2193 582 qui
2240 511 2501 582 praecipui
2553 509 2606 564 in
2641 523 2704 564 ea
2746 523 2908 579 quam
2954 508 3194 563 diximus
3226 506 3523 577 psalmodia

283 632 380 684 ρον
421 614 616 684 ὄνομα,
659 615 878 668 νεανίαν
919 614 1012 668 τὸν
1053 614 1247 686 χρόνον
1273 629 1289 646 ο
1325 613 1387 666 δν
1429 612 1715 666 κολάσεσιν
1755 613 1854 662 οὐκ

279 707 492 776 ὀλίγαις
525 707 838 773 ὑποϐαλὼν,
875 709 967 762 καὶ
1004 707 1148 779 ξύλῳ
1182 707 1586 778 βασανιστηρὶῳ
1622 704 1854 772 ἁνήρτα.

292 800 521 864 Ἱκανῶς
560 803 621 855 δὲ
662 801 1069 873 καταξανθῆναι
1113 801 1546 870 παρασκευάσας
1577 797 1638 850 τὸ
1677 795 1856 864 σῶμα.

281 894 409 949 ἐπεὶ
450 894 694 963 ἄληπτον
735 893 883 965 ἑώρα
925 894 1016 946 τὸν
1063 895 1336 965 μάρτυρα,
1384 895 1460 962 μὴ
1502 888 1860 961 λιπαροῦντα,

283 983 557 1037 ἀνώδυνον
605 983 662 1037 δὲ
711 979 826 1038 οἷον
872 985 1162 1054 φαίνεσθαι
1212 986 1627 1056 παρεχόμενονο
1675 982 1859 1050 ὥσπερ

281 1077 395 1144 γὰρ
429 1075 628 1146 θεατὴς
653 1077 762 1130 τῶν
789 1080 874 1132 ἐπ’
898 1078 1047 1150 αὑτῷ
1075 1079 1398 1150 γινομένων,
1427 1079 1543 1132 ἀλλ’
1567 1079 1666 1132 οὑκ
1698 1078 1862 1144 ἀθλη-

283 1167 383 1237 τὴς
423 1168 536 1232 ὢν,
577 1170 820 1241 στερῤῶς
854 1172 916 1224 τὸ
957 1174 1191 1244 πάσχειν
1225 1173 1608 1244 διεκαρτέρει,
1645 1171 1738 1224 καὶ
1772 1169 1863 1223 τὸν

284 1261 558 1332 πρότερον
591 1263 740 1328 αὖθις
776 1266 942 1335 ἐπῇδε
973 1265 1231 1335 ψαλμὸν,
1267 1265 1450 1336 ἔργοις
1484 1262 1749 1317 δεικνύων
1788 1261 1863 1330 μὴ

288 1353 452 1420 μέλον
479 1355 624 1424 αὑτῷ
650 1353 732 1418 οἷς
759 1357 888 1427 παρ’
909 1358 1116 1411 ἐκείνου
1140 1357 1401 1428 ὴτάζετοο
1435 1357 1586 1426 μόλις
1610 1355 1730 1408 ἔλυε
1758 1353 1866 1404 τῶν

282 1444 499 1500 δεινῶν.
536 1446 669 1500 Τότε
703 1447 749 1502 δ’
771 1447 996 1518 ἠφίετο,
1027 1449 1118 1502 ὅτε
1158 1449 1232 1518 μὴ
1265 1449 1364 1518 ζῇν
1399 1448 1482 1502 ἔτι
1514 1447 1592 1516 τῷ
1627 1446 1865 1513 κολαστῇ

286 1535 488 1592 ἑῖᾶκει.
527 1538 771 1598 Ἐιιείνου
800 1541 856 1594 δὲ
883 1543 982 1610 τὴν
1011 1540 1263 1595 ἔνστασιν
1293 1544 1350 1596 ὲν
1379 1540 1643 1610 ἐκπλήξει
1679 1538 1868 1591 ποιού-

290 1643 454 1694 μενος
483 1629 512 1681 ὀ
545 1629 870 1695 Σαλούστιος
893 1669 908 1692 .
942 1634 1091 1703 παρὰ
1118 1632 1209 1684 τὸν
1241 1631 1467 1702 βασιλέα
1498 1631 1668 1683 ἐλθὼν
1698 1631 1871 1698 ἀνήγε-

287 1717 474 1786 γειλεν
498 1732 511 1746 ·
545 1717 624 1779 ὼς
660 1737 678 1769 ι
719 1717 782 1772 El
821 1720 896 1788 μὴ
930 1718 1248 1788 παύσαιμεν
1277 1719 1626 1788 Χριστιανοῖς
1661 1718 1871 1772 ἐπικεί-

291 1826 473 1876 μενοι,
522 1808 767 1874 ἐνδόξους
819 1810 919 1881 μὲν
962 1811 1164 1870 αὐτοὺς
1208 1810 1423 1871 θᾶττον.
1473 1810 1531 1861 ἐν
1577 1809 1778 1876 γέλωτι
1825 1809 1870 1860 δ’

1960 605 2234 667 fuissent,
2290 603 2720 673 comprehensos
2767 610 3070 657 coerceret.
3123 600 3220 655 llle
3268 603 3525 670 quamvis

1961 713 2113 752 vana!
2140 696 2454 752 Graecorum
2485 694 2731 764 religioni
2765 705 2912 751 esset
2939 695 3370 754 addictissimus.
3396 711 3529 748 con-

1961 792 2147 846 silium
2189 791 2241 845 id
2277 800 2458 845 tamen
2496 805 2605 844 non
2649 788 2917 844 laudavit.
2953 788 3108 854 Quod
3157 797 3341 842 autem
3375 801 3531 840 man-

1964 887 2092 939 dato
2155 885 2504 953 imperatoris
2559 885 2814 940 relnctari
2905 883 3196 951 nequiret,
3260 881 3528 951 postridie

1964 978 2167 1032 multos
2215 975 2559 1031 Christianos
2597 974 3020 1045 comprehendit
3073 982 3129 1028 et
3183 971 3392 1028 carceri
3447 971 3532 1024 in-

1964 1069 2150 1123 clusit.
2201 1067 2264 1121 Et
2308 1068 2509 1122 deinde
2551 1085 2616 1122 ex
2668 1070 2750 1123 eis
2784 1083 2986 1132 unum,
3038 1065 3388 1118 Theodorum
3432 1079 3503 1118 no

1968 1163 2151 1226 mine,
2202 1162 2608 1217 adolescentem
2654 1162 2862 1223 adhue,
2909 1159 3185 1230 produxit.
3231 1159 3367 1212 Eum
3409 1171 3532 1211 cum

1967 1258 2256 1312 tormentis
2289 1256 2602 1325 ingentibus
2629 1255 2996 1317 subdidisset,
3053 1263 3109 1308 et
3163 1252 3228 1308 ad
3288 1253 3531 1319 stipitem

1970 1351 2258 1404 tortorium
2292 1348 2578 1418 suspendi,
2611 1363 2925 1417 cerpnsque
2958 1348 3078 1416 ejus
3116 1345 3251 1399 satis
3285 1343 3534 1398 diverbe-

1969 1443 2079 1497 rari
2114 1452 2168 1497 et
2197 1442 2410 1498 concidi
2441 1451 2710 1503 curasset,
2748 1440 2896 1510 quod
2931 1448 3228 1508 martyrem
3265 1435 3532 1493 invictum

1969 1547 2090 1587 esse
2139 1533 2399 1595 videret,
2454 1547 2562 1587 non
2610 1531 3042 1599 deprecantem,
3104 1542 3284 1596 neque
3333 1525 3541 1580 doloris

1970 1628 2198 1698 alicujus
2227 1627 2492 1681 indicium
2539 1627 2868 1697 praebentem
2920 1623 3168 1694 (perinde
3199 1622 3344 1676 etiim
3376 1629 3539 1688 atque

1973 1735 2082 1774 non
2115 1727 2358 1773 certator
2385 1718 2526 1786 ipse,
2553 1717 2648 1771 sed
2681 1725 2958 1786 spectator
2986 1729 3176 1770 earum
3211 1727 3393 1768 rerum
3418 1727 3540 1780 quze

1975 1812 2028 1864 in
2068 1825 2135 1865 eo
2189 1810 2416 1868 ﬁebant,
2460 1817 2626 1872 esset,
2676 1817 2992 1862 constanter
3037 1805 3316 1860 cruciatus
3365 1801 3543 1870 perle-

290 1902 442 1968 ημᾶς
489 1902 569 1972 τῷ
620 1903 784 1956 παντὶ
831 1902 1113 1958 κείσεσθαι
1162 1902 1465 1972 πράξομεν.
1519 1919 1538 1953 ι
1594 1901 1870 1965 Δοξοὶντων
1903 1919 1982 1981 θ]

1845 1919 1870 1952 ν
1903 1920 1948 1981 θ
1976 1902 2152 1967 rebat,
2189 1912 2244 1956 et
2293 1901 2612 1955 hesternum
2665 1900 2814 1953 illum
2862 1897 3194 1954 concinebat
3240 1895 3537 1954 Psalmum,

288 1992 336 2046 δ’
365 1995 419 2044 tv
449 1994 698 2062 ἀμείνονι
726 1995 869 2050 εἶναι
901 1995 934 2048 ἃ
966 1995 1288 2057 Σαλούστιος
1316 1995 1532 2061 ελεγεν,
1567 1994 1870 2063 ἀφείθησαν

289 2085 341 2136 οἱ
366 2084 664 2154 δεσμῶται.
695 2086 973 2158 Θεόδωρος
998 2087 1042 2139 δ’
1062 2087 1267 2139 ἐπεϐίω
1295 2086 1432 2156 μετὰ
1456 2085 1553 2156 τὴν
1577 2086 1871 2154 ὁμολογίαν

289 2180 487 2248 χρόνον
531 2179 750 2249 συχνόν.
799 2178 1036 2248 Λέγεται
1068 2181 1134 2233 ’δὲ
1177 2180 1318 2248 μετὰ
1356 2179 1551 2242 ταῦτα,
1596 2179 1873 2246 Ῥουφῖνον

290 2272 563 2340 εὑρόντα,
613 2271 672 2332 ὃς
723 2273 791 2326 τὰ
845 2272 1280 2342 ἑκκλησιαστικὰ
1323 2272 1608 2340 Ῥωμαίων
1655 2271 1876 2343 γλώττῃ

290 2363 534 2426 ἐξέθετο,
566 2361 790 2432 ἔρεσθαι
819 2363 979 2434 εἰπερ
1010 2363 1266 2434 αἴσθησιν
1293 2364 1404 2416 τῶν
1432 2361 1621 2422 δεινῶν
1649 2362 1874 2430 πάσχων

293 2451 434 2524 εἶχε.
465 2457 560 2508 καὶ
589 2457 640 2508 ει
670 2454 939 2518 ἁνώδυνος
969 2456 1129 2528 ἔφερε
1155 2458 1254 2520 τὰς
1287 2457 1502 2526 πληγάς
1526 2472 1539 2486 ·
1573 2455 1665 2509 τὸν
1692 2455 1748 2508 δὲ
1777 2457 1878 2524 φά-

294 2564 408 2610 ναι,
437 2548 510 2609 ὼς
544 2548 723 2618 πάντη
762 2549 860 2617 μὲν
890 2552 992 2602 οὑκ
1021 2545 1089 2618 ἦν
1120 2549 1386 2611 ἀνώδυνος
1412 2564 1426 2578 ·
1461 2548 1788 2618 παρεστῶτα
1821 2549 1878 2601 δέ

297 2655 418 2690 τινα
467 2640 719 2703 νεανίαν,
769 2639 1053 2708 ὑφάσματι
1103 2640 1425 2711 λεπτοτάτῳ
1469 2641 1596 2703 τοὺς
1644 2640 1878 2709 ἱδρῶτας

298 2732 404 2795 μὲν
436 2731 775 2798 ἀπομάττειν
795 2772 809 2795 ,
847 2731 993 2801 ὕδωρ
1024 2733 1070 2784 τ’
1097 2731 1336 2802 ἑπιχέειν
1371 2732 1520 2800 μάλα
1554 2733 1762 2802 ψυχρὸν
1785 2773 1798 2794 ,

301 2825 399 2882 τας
427 2821 538 2873 τῶν
566 2823 744 2874 πόνων
769 2823 1001 2892 ἀνέψυχε
1032 2824 1373 2894 φλεγμονὰς,
1401 2825 1497 2877 καὶ
1523 2825 1580 2876 τὸ
1608 2826 1744 2878 πολὺ
1769 2825 1879 2876 τῶν

304 2914 618 2982 αλγηδὸνων
663 2914 861 2986 ὑφῄρει
887 2931 903 2948 ⁸
947 2917 1358 2989 ὲπιῤῥωννύντα
1401 2917 1462 2969 τὸ
1503 2916 1746 2986 πνεῦμα,
1787 2918 1883 2969 καὶ

301 3009 548 3078 ἄρρητον
575 3009 785 3062 ἰνιέντα
816 3009 915 3081 τὴν
943 3009 1134 3078 τέρψιν
1161 3011 1270 3071 τοῖς
1306 3010 1511 3071 πίνοις.
1547 3010 1652 3062 Καί
1683 3026 1774 3077 μοι
1800 3009 1884 3061 δο-

301 3103 413 3162 κεῖ,
449 3100 524 3170 μὴ
557 3101 900 3172 ἀνθρώπινον
931 3099 1071 3155 εἶναι
1103 3101 1246 3156 οὕτω
1277 3101 1374 3156 τοῦ
1408 3101 1654 3172 σώματος
1687 3103 1881 3176 ὑπερι-

299 3195 439 3259 δεῖν,
476 3198 552 3269 μὴ
583 3197 680 3268 τῆς
717 3196 869 3260 θείας
904 3197 1324 3267 προηγουμένης
1357 3198 1550 3266 ῥοπῆς.

1971 1995 2080 2065 65
2122 1995 2300 2064 reipsa
2343 1995 2479 2048 nihil
2521 1993 2587 2046 ad
2637 2008 2696 2047 se
2734 1992 3013 2060 pertinere
3059 2006 3182 2060 qua
3223 1989 3292 2044 ab
3340 2003 3407 2043 eo
3447 2004 3544 2057 per

1973 2087 2330 2158 quaestionem
2357 2086 2801 2155 requirebantur,
2831 2084 3175 2152 ostendens),
3203 2084 3290 2136 vix
3319 2084 3538 2136 tandem

1975 2179 2143 2234 tantis
2178 2179 2359 2248 pinnis
2387 2178 2662 2232 liberavit.
2697 2178 2752 2232 ld
2793 2178 2939 2247 quod
2976 2187 3089 2230 tum
3126 2176 3346 2230 demum
3387 2173 3538 2234 fecit,

1975 2288 2098 2326 cum
2127 2273 2238 2342 jam
2283 2271 2589 2326 tortoribus
2620 2271 2732 2325 vita
2761 2272 3056 2326 destitutus
3085 2284 3206 2324 esse
3239 2268 3542 2322 videretur.

1975 2365 2154 2433 Atque
2199 2363 2348 2418 illius
2388 2372 2591 2419 tantam
2641 2361 3022 2417 fortitudinem
3071 2371 3127 2416 et
3175 2359 3543 2415 constantiam

1976 2474 2100 2513 cum
2142 2467 2369 2526 stupore
2400 2458 2704 2512 admiratus
2740 2459 3036 2516 Salustius.
3075 2457 3166 2513 ubi
3199 2455 3262 2509 ad
3308 2456 3550 2523 impera-

1979 2559 2155 2605 torem
2203 2551 2391 2614 venit,
2453 2550 2600 2613 Nisi,
2658 2550 2872 2618 inquit,
2917 2550 3260 2606 Christianos
3312 2547 3552 2618 alﬂigere

1980 2643 2373 2703 destiterimus,
2402 2643 2535 2710 ipsis
2567 2642 2788 2712 quidem
2823 2643 3038 2696 laudem
3062 2651 3117 2696 et
3138 2642 3368 2711 gloriam
3397 2641 3550 2694 brevi

1983 2736 2331 2806 parabimus,
2382 2749 2482 2788 nos
2506 2746 2690 2787 autem
2744 2734 3006 2789 ridendos
3051 2735 3309 2788 omnibus
3354 2750 3556 2802 propo-

1987 2841 2199 2880 nemus.
2241 2845 2258 2876 ›
2295 2825 2464 2880 Porro
2507 2825 2732 2879 Salustii
2768 2826 3044 2881 sententia
3090 2825 3345 2888 laudata,
3376 2835 3432 2880 et
3464 2841 3555 2878 ca-

1985 2918 2121 2988 ptivi
2155 2917 2230 2970 illi
2269 2916 2481 2971 dimissi
2527 2926 2687 2981 sunt,
2725 2928 2780 2972 et
2825 2917 3152 2972 Theodorus
3189 2927 3312 2986 post
3342 2919 3558 2972 confes-

1987 3011 2200 3066 sionem
2245 3027 2364 3066 eam
2397 3011 2563 3080 longo
2609 3012 2745 3066 vixit
2791 3019 3060 3081 tempore.
3114 3013 3325 3070 Dicitur
3374 3023 3557 3068 autem

1989 3114 2176 3174 postea
2204 3105 2454 3167 Ruﬁnus,
2478 3105 2570 3173 qui
2599 3103 2884 3159 historiam
2914 3105 3341 3161 ecclesiasticam
3367 3106 3559 3160 Latine

1987 3200 2185 3263 vertit,
2231 3196 2410 3254 virum
2442 3210 2568 3250 eum
2609 3196 2906 3264 aliquando
2941 3208 3270 3251 conventum
3315 3214 3558 3268 rogasse,

301 3292 648 3345 sensissetne
697 3304 982 3357 pinnarum
1062 3297 1370 3350 tormenta,
1423 3303 1489 3341 an
1539 3288 1723 3358 plagas
1774 3289 1910 3344 citra
1952 3289 2197 3344 dolorem
2246 3303 2466 3342 omnem
2545 3289 2912 3358 pertulisset?
2957 3290 3059 3344 Cui
3114 3291 3204 3346 ille
3255 3294 3560 3360 respondit,

302 3401 418 3440 non
451 3400 513 3438 se
544 3382 770 3454 quidem
805 3386 924 3439 sine
973 3400 1140 3439 sensu
1173 3385 1480 3438 cruciatum
1533 3385 1740 3439 fuisse:
1787 3387 2192 3440 adolescentem
2243 3396 2426 3441 autem
2490 3385 2783 3454 quemdam
2828 3384 2933 3438 sibi
2987 3384 3336 3438 assistentem
3395 3384 3562 3445 fascia

306 3479 637 3536 tenuissima
661 3479 925 3534 sudorem
952 3479 1303 3538 abstersisse.
1327 3488 1384 3532 et
1440 3495 1634 3549 aquam
1697 3480 1949 3550 frigidum
1993 3480 2299 3545 infudisse,
2337 3493 2445 3548 qua
2486 3478 2740 3537 dolorum
2771 3477 3022 3531 ardorem
3065 3477 3418 3541 relocillarit,
3455 3488 3565 3532 tor.

305 3585 738 3642 meritorumque
788 3574 898 3628 vim
938 3574 1230 3628 sustulerit
1263 3588 1279 3628 :
1328 3571 1548 3642 spiritui
1594 3582 1859 3642 prmterca
1900 3587 2001 3626 suo
2067 3575 2238 3627 robur
2298 3573 2586 3634 indidisse,
2615 3582 2672 3626 et
2701 3571 3086 3627 incredibilem
3120 3574 3171 3625 in
3207 3573 3370 3628 tantis
3411 3575 3564 3628 labos

305 3667 468 3719 ribus
514 3665 919 3733 iucunditatem
970 3665 1373 3734 suppeditasse.
1411 3664 1543 3721 Mihi
1588 3673 1736 3721 certe
1787 3665 2028 3726 hominis
2069 3682 2188 3724 esse
2259 3684 2369 3723 non
2422 3668 2672 3734 videtur,
2720 3683 2922 3738 corpus
2999 3667 3177 3736 ipsum
3243 3667 3318 3724 ita
3379 3666 3563 3737 despi'

305 3774 460 3823 cere,
487 3759 596 3814 nisi
629 3759 878 3814 divinum
910 3770 1109 3830 praesto
1136 3760 1208 3815 sit
1242 3760 1529 3816 auxilium.

381 3897 639 3956 Τοσαῦτα
679 3898 774 3966 μὲν
808 3898 939 3966 περὶ
971 3896 1064 3950 τοῦ
1102 3896 1420 3966 θαυμαστοῦ
1457 3895 1757 3966 Θεοδώρου.
1797 3897 1890 3949 Ἐκ
1919 3888 1961 3944 C

303 3992 514 4060 ταὲτης
541 3991 606 4056 δὴ
631 3993 726 4059 τῆς
756 3989 929 4052 αἰτίας
954 3991 982 4044 ὁ
1011 3990 1222 4059 μάρτυς
1252 3988 1495 4052 Βασύλας
1523 3991 1579 4040 ὲν
1605 3991 1671 4058 τῇ
1699 3989 1887 4060 Δάρνῃ

304 4083 559 4155 ἀπήχθη,
589 4084 684 4140 καὶ
714 4081 871 4145 αὖθις
904 4082 1237 4150 μετεκινήθη
1267 4078 1500 4139 ἐκεῖθεν.
1527 4081 1683 4134 Μετὰ
1712 4081 1768 4132 δὲ
1799 4098 1890 4148 μι-

309 4181 484 4248 κρὸν,
515 4176 630 4244 πῦρ
663 4173 933 4242 αἰφνίδιον
965 4174 1205 4243 ἐμπεσὸν
1239 4173 1316 4242 τῷ
1352 4172 1456 4241 νεῷ
1489 4171 1582 4229 τοῦ
1615 4171 1888 4239 Δαφναίου

321 4267 699 4332 Ἀπόλλωνος,
733 4265 898 4320 αὑτόν
929 4281 989 4317 τε
1025 4265 1121 4318 καὶ
1155 4265 1213 4317 τὸ
1249 4264 1473 4332 ἄγαλμα
1512 4267 1604 4316 καὶ
1637 4265 1735 4332 τὴν
1770 4265 1889 4333 ὀροσ-

310 4365 425 4431 φὴν
457 4364 640 4424 πᾶσαν
673 4361 750 4422 εις
787 4360 994 4428 τέφραν
1027 4358 1223 4413 ἐποίει.
1263 4358 1350 4410 Ἐν
1383 4359 1585 4425 ἀκαρεῖ
1617 4357 1673 4409 δὲ
1711 4357 1891 4409 πάντα

309 4451 458 4524 ἦςαν
497 4451 682 4520 γυμνὰ
708 4489 723 4514 ,
760 4451 815 4502 οἶ
846 4467 906 4504 τε
939 4453 1110 4520 τοῖχοι
1135 4450 1254 4517 [καὶ
1292 4450 1343 4510 οἱ
1386 4447 1668 4516 περίὸολοι
1711 4451 1804 4500 καὶ
1842 4449 1893 4509 οἱ

311 4550 424 4615 πρὸ
452 4548 562 4600 τῶν
593 4545 778 4598 πυλῶν
807 4543 1004 4606 κίονες,
1038 4545 1130 4599 καὶ
1159 4545 1187 4595 ὁ
1216 4541 1596 4610 ὀπισθόδομος.
1627 4541 1734 4595 Καὶ
1761 4539 1896 4610 Χρι-

313 4641 564 4700 στιανοῖς
609 4638 706 4706 μὲν
741 4635 919 4690 ἐδόκει
952 4635 1012 4688 τὸ
1051 4635 1160 4703 πῦρ
1193 4635 1273 4704 τῷ
1307 4634 1522 4702 δαίμονι
1564 4631 1894 4700 προσϐαλεῖν

311 4731 694 4801 αἰτησαμένου
737 4728 832 4782 τοῦ
882 4731 1163 4801 μάρτυρος
1188 4743 1202 4759 °
1233 4727 1492 4796 Ἕλληνες
1534 4727 1590 4783 δὲ
1630 4727 1690 4780 τὸ
1733 4725 1897 4794 ἔργον

313 4826 666 4895 Χριστιανοῖς
704 4821 1002 4874 ὲνετίοουν.
1040 4821 1134 4873 Ἐκ
1175 4819 1239 4890 δὴ
1273 4819 1480 4887 ταύτης
1513 4819 1611 4887 τῆς
1651 4817 1829 4879 αἰτίας
1869 4819 1898 4869 ὁ

311 4919 413 4972 τοῦ
445 4918 551 4970 νεὼ
581 4917 762 4984 ἱερεὺς
792 4914 870 4977 εις
902 4913 1149 4976 ἐξέτασιν
1176 4913 1342 4983 ἤγετο
1370 4910 1778 4982 καταμηνύσων
1805 4911 1898 4962 τὸν

314 5011 624 5080 τολμητὴν.
655 5009 765 5061 Καὶ
796 5007 862 5076 δὴ
893 5007 1096 5069 πολλὰς
1128 5006 1368 5069 ὑποστὰς
1399 5005 1688 5075 βασάνους,
1718 5006 1812 5056 καὶ
1843 5005 1902 5056 ὲν

314 5106 545 5172 δεσμοῖς
595 5099 862 5169 γεγονὼς,
908 5100 1111 5170 ἣκιστά
1159 5116 1281 5152 τινα
1331 5094 1446 5167 εἶχε
1495 5096 1898 5166 καταμηνύειν.

2069 3894 2195 3949 llaec
2245 3894 2313 3948 de
2366 3894 2691 3955 admirando
2749 3897 2853 3951 isto
2899 3897 3214 3952 Theodoro.
3261 3901 3436 3968 Atque
3488 3898 3559 3953 ob

1997 4004 2118 4042 eam
2170 4005 2289 4060 quae
2333 3989 2478 4042 dicta
2535 4000 2619 4043 est
2670 4005 2922 4057 causam,
2975 3990 3203 4062 Babylas
3251 4003 3456 4063 martyr
3506 3993 3562 4046 itt

1996 4081 2262 4150 Daphnen
2294 4083 2612 4144 translatus,
2646 4093 2809 4152 atque
2842 4085 2966 4136 inde
2992 4100 3186 4138 rursus
3213 4085 3565 4154 deportatus.

2000 4173 2157 4230 Brevi
2212 4189 2342 4228 vero
2404 4184 2527 4244 post
2587 4179 2936 4246 repentinum
2989 4179 3304 4232 incendium
3358 4180 3411 4231 in
3471 4179 3573 4232 Da-

2003 4267 2182 4334 phnaei
2233 4267 2502 4337 Apollinis
2550 4269 2815 4337 templum
2868 4270 3095 4333 incidit,
3161 4287 3270 4338 qtto
3327 4271 3379 4324 id
3443 4287 3568 4325 eum

2005 4368 2150 4414 tecto
2181 4359 2328 4414 omni
2365 4371 2418 4412 et
2459 4359 2578 4428 ipso
2606 4361 2696 4414 dei
2736 4362 3032 4417 simulacm
3071 4363 3426 4431 conﬂagravit
3457 4381 3469 4416 :
3517 4375 3569 4414 et

2003 4451 2160 4525 quasi
2218 4453 2484 4520 temporis
2534 4464 2814 4508 momento
2875 4457 3128 4522 protinus
3187 4457 3332 4508 nuda
3385 4456 3572 4509 omnia

2004 4559 2350 4613 apparuere,
2400 4545 2544 4597 muri
2589 4547 2798 4602 scilicet
2839 4546 2939 4614 ipsi
2988 4562 3111 4600 cum
3150 4547 3316 4600 lorica
3352 4561 3481 4612 sua,
3519 4558 3576 4601 ct

2005 4637 2273 4692 Columnae
2306 4652 2429 4706 qua:
2463 4638 2809 4709 propylazum
2845 4647 2899 4692 et
2942 4639 3214 4705 posticum
3263 4639 3447 4707 templi
3485 4655 3573 4693 sa-

2006 4728 2246 4782 crarium
2325 4727 2723 4787 sustinuerant.
2776 4728 3071 4785 Christiani
3146 4729 3462 4784 incendium
3521 4730 3572 4783 id

2009 4817 2278 4880 damoni,
2349 4829 2586 4890 martyre
2647 4829 2906 4888 petente,
2962 4821 3228 4878 accidisse
3273 4830 3570 4890 putarunt;

2008 4906 2182 4961 Graeci
2227 4907 2294 4960 ad
2337 4906 2686 4961 Christianos
2732 4919 2987 4963 auctores
3021 4911 3282 4965 retulere.
3329 4913 3400 4965 Ea
3429 4921 3576 4966 certe

2012 4999 2233 5068 quidem
2268 5000 2335 5053 de
2381 5014 2544 5054 causa
2590 5001 2778 5070 templi
2826 5001 3084 5063 sacerdos
3121 5003 3411 5062 tormentis
3444 5005 3578 5062 sub-

2013 5092 2161 5146 ditus
2191 5099 2297 5155 est,
2334 5101 2393 5144 ut
2426 5091 2822 5146 incendiarium
2866 5093 3136 5148 indicaret
3171 5112 3184 5148 :
3227 5096 3319 5148 sed
3361 5097 3579 5149 crucia-

323 5201 390 5249 Ὂ
421 5196 489 5266 δὴ
516 5195 883 5263 Χριστιανοὺς
913 5193 1007 5245 ἐπὶ
1038 5193 1184 5261 μέγα
1209 5187 1312 5271 ἦρε
1332 5207 1347 5221 ο
1379 5189 1454 5260 μὴ
1483 5189 1604 5243 κατ’
1628 5187 1907 5258 ἀνθρωπί-
1940 5233 1984 5287 D

1888 5214 1907 5225 -
1940 5233 1984 5287 υ
2015 5185 2162 5240 tibus
2209 5185 2396 5240 multis
2438 5186 2684 5240 toleratis
2723 5190 2774 5240 in
2811 5188 3085 5251 vinculis,
3123 5188 3369 5242 indicare
3406 5190 3580 5242 nenti-

317 5306 422 5355 νην
454 5284 772 5357 ἑπιὸουλὴν,
806 5284 928 5360 θεία
955 5284 1012 5336 δὲ
1047 5283 1229 5353 μήνιδι
1261 5283 1320 5335 τὸ
1353 5281 1462 5352 πῦρ
1492 5280 1570 5350 τῷ
1599 5280 1703 5350 νεῷ
1735 5296 1906 5331 κατα-

319 5381 559 5451 σκῆψαι.
592 5379 701 5430 Καὶ
736 5378 803 5439 τὰ.
839 5377 939 5449 μὲν
968 5371 1074 5429 ὧδε
1108 5375 1258 5452 εἶχεν
1283 5392 1297 5406 ο
1333 5378 1396 5427 ὲκ
1430 5375 1487 5426 δὲ
1519 5373 1628 5425 τῶν
1666 5370 1909 5440 συμόἁν-

318 5491 434 5528 των
469 5453 684 5542 τῷτῆς
721 5473 938 5538 Δάφνης
974 5468 1080 5538 νεῷ
1103 5509 1117 5533 ,
1151 5469 1223 5530 ὣς
1262 5484 1324 5535 γε
1361 5465 1601 5530 εἰκάζειν
1636 5465 1786 5530 ἐστι,
1823 5465 1910 5516 διὰ

323 5567 583 5624 Βαϐύλαν
613 5567 705 5616 τὸν
739 5566 1016 5633 μάρτυρα,
1049 5561 1238 5632 μαθὼν
1272 5559 1559 5622 Ἰουλιανὸς
1590 5561 1685 5612 καὶ
1717 5559 1910 5620 ἄλλους

317 5661 509 5721 οἴκους
556 5655 698 5709 εἶναι
741 5657 1008 5725 μάρτυσιν
1040 5653 1382 5722 ἀνειμένους,
1418 5650 1650 5720 ἄγχιστα
1685 5650 1779 5702 τοῦ
1823 5652 1912 5702 Δι-

318 5750 562 5820 δυμαίου
600 5744 961 5808 Ἀπόλλωνος,
994 5743 1052 5804 ὃς
1085 5743 1192 5808 πρὸ
1219 5741 1315 5809 τῆς
1348 5739 1596 5809 Μιλήτου
1631 5739 1766 5800 ἐστὶ,
1801 5741 1911 5800 τοῖς

320 5845 455 5908 περὶ
507 5839 725 5914 Καρίαν
768 5837 1010 5907 ἔγραφεν
1055 5835 1319 5904 ἡγεμόσιν
1348 5847 1360 5860 ·
1409 5835 1455 5886 εἰ
1507 5833 1581 5905 μη
1627 5832 1911 5901 τράπεζαν

2014 5293 2140 5332 nem
2192 5278 2396 5348 potuit.
2453 5278 2585 5343 Qua:
2643 5295 2731 5333 res
2788 5278 3116 5343 Christianis
3167 5295 3376 5348 magna:
3431 5281 3580 5334 laudi

2019 5370 2141 5423 fuit.
2163 5371 2228 5423 Et
2263 5371 2515 5430 homines
2552 5372 2801 5448 plerique
2842 5388 2950 5425 non
2977 5373 3221 5426 mortalis
3255 5373 3579 5441 cujusqu.un

2020 5461 2269 5526 insidiis,
2318 5463 2412 5520 sed
2459 5464 2646 5517 divina
2683 5465 2923 5518 vindicta
2972 5467 3232 5534 templum
3277 5464 3330 5517 id
3374 5464 3582 5518 conﬂa-

2015 5570 2234 5626 grasse,
2276 5555 2398 5625 igne
2433 5556 2649 5610 cwlitus
2684 5556 2960 5620 demisso,
3008 5557 3417 5610 existimarunt.
3456 5555 3583 5610 Hac

2016 5651 2094 5703 sic
2126 5663 2183 5702 se
2220 5649 2485 5702 habuere.
2515 5650 2786 5702 Ca'terum
2818 5666 2941 5703 cum
2973 5649 3105 5702 satis
3131 5649 3388 5718 Colligere
3418 5663 3482 5701 ex
3516 5665 3582 5701 co

2018 5737 2162 5806 quod
2195 5737 2396 5791 factum
2429 5749 2548 5792 erat
2571 5779 2583 5802 ,
2619 5739 2843 5803 lici-ret,
2881 5740 3088 5793 cladem
3135 5753 3253 5793 eam
3287 5739 3489 5807 templo
3523 5738 3579 5792 in

2021 5828 2245 5906 Daphne
2317 5837 2540 5900 propter
2601 5836 2897 5897 martyrem
2965 5826 3218 5888 Babvlam
3276 5824 3579 5899 accidisse,
