4286 6438
766 399 869 461 527

1988 397 2417 459 NlCEPHOHI
2459 394 2806 462 CALLISTI

3919 415 4021 481 $28

762 512 875 580 63
917 507 1004 562 ubi
1034 507 1306 573 Julianus,
1334 522 1494 577 quem
1538 508 1589 563 id
1627 525 1735 564 non
1770 511 1993 575 latebat,
2021 514 2156 566 alias
2187 515 2352 566 etiam
2381 520 2425 575 Α

2320 528 2352 565 n
2381 520 2425 575 Α
2458 515 2551 566 καὶ
2583 514 2779 585 ὄροφον
2811 516 2955 585 ἔχειν
2976 559 2991 581 ,
3023 517 3222 571 διδίναι
3258 520 3391 588 πυρί
3417 537 3428 551 ’
3464 522 3563 576 ὅσα
3588 523 3645 576 δὲ
3676 522 3781 577 τῶν
3810 524 4012 578 οἰκοδο-

763 603 907 655 divis
963 602 1292 672 martyribus
1347 618 1533 657 sacras
1582 603 1727 658 aedes
1783 615 2132 660 constructas
2180 621 2341 668 esse,

2454 607 2723 674 μημὰτων
2753 607 2986 679 ἡμιτελῆ
3019 612 3191 675 ἐστιν,
3223 613 3286 665 ὲκ
3321 612 3540 683 βάθρων
3571 615 3711 667 αὖτᾶ
3738 616 4016 686 ἀνασπᾷν.

763 715 932 769 prope
968 699 1272 767 Apollinem
1326 699 1658 772 Didymaeum
1686 702 1802 756 sive
1834 702 2147 772 gemellum,
2196 702 2287 771 qui
2325 710 2453 756 ante
2478 702 2722 757 Miletum
2753 712 2856 765 est,
2882 707 3138 775 cognovit
3166 725 3178 759 :
3215 708 3487 777 pr:et'ertis
3520 711 3816 779 provincia:
3844 712 4016 766 Carix

760 798 1004 866 scripsit,
1032 806 1089 849 ut
1111 812 1232 864 qua:
1261 798 1459 866 templa
1482 798 1775 852 aedilicium
1804 798 1991 861 altius,
2017 808 2072 852 ct
2103 807 2331 862 tectum,
2366 808 2534 870 atque
2590 800 2758 853 etiam
2828 816 3039 855 sacram
3066 818 3308 858 mensam
3339 806 3631 872 haberent,
3660 807 3711 861 in
3740 823 3803 862 ea
3833 809 4015 879 ignem

767 890 1093 961 injicereut:
1145 904 1268 959 qua:
1320 905 1451 943 vero
1504 890 1730 944 dimidia
1782 905 1847 945 ex
1882 901 2038 960 parte
2086 892 2335 947 absoluta
2376 902 2583 958 essent,
2614 891 2866 949 funditus
2904 905 3236 951 everterent.

1318 1026 1542 1083 CAPUT
1579 1027 1773 1082 XXIX.

759 1120 835 1174 De
860 1122 1045 1187 fraude
1104 1117 1412 1173 Crmcorum
1477 1122 1832 1177 oraculorum.
1888 1121 2330 1177 Commemoratio

1082 1206 1160 1243 ua:
1187 1207 1286 1259 per
1317 1192 1599 1243 vindictam
1631 1193 1863 1245 divinum
1893 1195 2034 1261 passi
2059 1203 2202 1256 sunt,
2242 1194 2332 1261 qui

1068 1262 1462 1313 iluistianorum
1518 1272 1566 1313 et
1622 1277 1703 1316 res
1753 1264 1958 1316 divinas
2014 1263 2329 1317 contumelia

824 1208 1005 1243 eorunt

824 1278 980 1313 Sarra

826 1334 1137 1400 affecerunt.

826 1448 931 1501 Sed
967 1449 1112 1502 enim
1148 1448 1351 1518 quibus
1386 1450 1550 1502 rebus
1610 1448 1865 1504 Julianus
1893 1461 1947 1505 et
1983 1449 2155 1504 Graeci
2192 1450 2326 1503 der)-

753 1558 872 1595 rmn
912 1550 1237 1610 potestatem
1272 1541 1544 1609 adaugere
1578 1552 1743 1609 atque
1777 1552 2057 1595 ostentare
2093 1540 2327 1596 studue-

754 1650 920 1696 runt,
970 1651 1036 1689 ex
1078 1636 1160 1689 eis
1204 1635 1421 1689 illorum
1460 1635 1812 1689 imbecillitas
1852 1646 2016 1704 atque
2048 1635 2323 1702 seductio,

752 1726 937 1779 divina
997 1725 1293 1794 adjuvante
1343 1725 1728 1794 providentia,
1801 1726 2146 1795 deprehensa
2203 1742 2325 1783 sese

3014 1036 3263 1092 ΚΕΦΔΛ.
3306 1038 3434 1092 ΚΘ’.

2436 1123 2726 1202 Περὶᾼτῇς
2757 1125 2994 1202 ἀπάτης
3018 1130 3159 1202 τῶν,
3182 1130 3563 1196 Ἑλληνικῶν
3592 1135 3976 1202 χρηστηρίων
4002 1152 4016 1164 ’

2506 1196 2605 1271 καὶ
2645 1197 3060 1271 ἀπαρίθμησις
3087 1197 3207 1271 τῶν
3239 1204 3390 1253 κατὰ
3415 1196 3745 1271 ﬁcum-Har
3794 1196 4016 1259 σῖεπον-

2505 1267 2715 1334 θότων,
2752 1267 2855 1321 ἅτε
2880 1267 2956 1335 δὴ
2993 1270 3126 1337 περὶ
3161 1272 3234 1323 τὰ
3264 1271 3393 1323 θεῖα
3423 1267 3893 1342 ἐξύϐρισάντων.

2513 1443 2603 1508 Ἐξ
2645 1437 2735 1496 ὧν.
2763 1444 2873 1516 γὰρ
2920 1446 3255 1511 ἐσπούδαζεν
3293 1447 3583 1513 Ἰουλιανὸς
3629 1452 3725 1503 καὶ
3752 1451 4015 1521 Ἕλληνες

2429 1538 2626 1606 κιχρᾷν
2660 1539 2728 1590 τὰ
2766 1538 3021 1608 δαιμόνια
3045 1579 3059 1602 ,
3100 1542 3163 1592 ἐκ
3199 1541 3407 1593 τούτων
3447 1543 3649 1611 μᾶλλον
3682 1544 3743 1596 τὺ
3785 1545 4013 1608 ἀσθενὲς

2428 1631 2524 1680 καὶ
2577 1628 2996 1698 πεπλανημένον
3044 1632 3145 1698 τῆς
3194 1629 3347 1694 Θείας
3397 1633 3834 1704 συνιλαυνούσης
3881 1651 4017 1704 προ

2428 1718 2575 1779 νοίας
2613 1719 2897 1787 ἠλέγχετο.
2938 1720 3172 1783 Ψευδεῖς
3210 1721 3321 1791 γὰρ
3360 1724 3456 1775 καὶ
3495 1724 3779 1777 ἀτέλέστοι
3824 1726 4015 1795 σχεδὸν

750 1818 1022 1871 exhibuit.
1058 1818 1190 1871 Nam
1228 1832 1575 1886 quacunque
1611 1818 1680 1871 ab
1717 1819 1961 1872 oraculis
2009 1818 2154 1872 edita
2196 1827 2325 1873 sunt
2354 1845 2401 1905 Β
2432 1826 2442 1859 τ

2323 1859 2325 1869 ,
2354 1845 2401 1905 Β
2432 1809 2632 1873 πάντες
2670 1812 2719 1862 οἱ
2762 1815 2824 1862 ὲκ
2857 1803 2967 1864 τῶν
3001 1814 3355 1883 χρηστηρίων
3388 1818 3634 1885 χρησμοὶ
3674 1821 3817 1871 κατά
3854 1836 3917 1885 γε
3954 1819 4015 1870 τὸ

751 1924 1035 1978 responsa,
1075 1925 1211 1978 pene
1239 1911 1422 1963 omnia
1450 1920 1642 1979 aperte
1671 1910 1806 1964 falsa
1841 1925 1982 1973 esse,
2020 1920 2075 1964 et
2102 1911 2321 1964 eventui

754 2003 936 2055 mith
997 2001 1422 2070 respondentia,
1479 2001 1699 2070 cognita
1756 2010 1908 2056 sunt.
1977 2000 2320 2055 Excercituut

751 2097 954 2164 quippe
989 2096 1255 2150 adversus
1287 2096 1479 2149 Persas
1518 2095 1805 2159 ducturus,
1849 2095 2089 2164 Delphos
2125 2106 2178 2149 et
2216 2096 2321 2148 Do-

752 2190 931 2242 doncn
968 2189 1065 2257 (l),
1096 2189 1188 2258 qui
1230 2198 1382 2242 vates
1414 2187 1489 2241 ibi
1526 2186 1904 2252 consulerent,
1937 2188 2106 2240 misit.
2147 2185 2209 2238 Et
2246 2186 2320 2240 illi

752 2299 859 2336 non
892 2282 1068 2336 solum
1104 2282 1329 2342 bellum,
1363 2295 1555 2335 verum
1596 2280 1763 2333 etiam
1794 2279 2085 2333 victoriam
2118 2278 2322 2347 promi-

750 2383 962 2425 serunt.
1016 2371 1251 2425 Tantum
1288 2386 1417 2425 vero
1460 2386 1489 2423 a
1530 2373 1764 2424 veritate
1808 2370 1923 2439 ipsa
1974 2370 2320 2433 aberrarunt,

750 2474 1013 2533 quantum
1056 2476 1242 2534 postea
1276 2480 1458 2518 rerum
1499 2462 1678 2515 exitus
1730 2461 1993 2515 ostendit.
2044 2461 2216 2515 Porro
2256 2476 2324 2515 ex

750 2558 1032 2626 responsis
1054 2559 1138 2612 eis
1168 2572 1361 2617 unum,
1390 2556 1456 2610 ad
1487 2554 1832 2610 mendacium
1856 2554 2320 2624 redarguendum,

753 2651 857 2704 hoc
890 2652 1011 2703 loco
1038 2663 1312 2719 apponere
1342 2648 1549 2703 libuit:

755 2765 911 2818 Nunc
948 2766 1000 2817 di
1033 2766 1244 2829 dca’que
1286 2781 1465 2817 omnes
1510 2764 1850 2835 consurgite:
1885 2764 2073 2816 sumite
2107 2759 2320 2825 bellum,

753 2840 920 2904 Atque
950 2837 1058 2902 [era
1092 2846 1293 2887 certum
1324 2837 1384 2886 de
1417 2836 1633 2904 ﬂumine
1666 2836 1798 2902 [erle
1830 2845 2109 2899 tropa’um,

752 2909 873 2959 Dux
905 2923 995 2975 ego
1022 2916 1189 2959 vester
1214 2921 1302 2957 ero
1334 2906 1476 2959 Mars
1502 2921 1670 2959 swvus
1701 2905 2060 2974 belligerator.

752 3021 942 3075 Ferant
973 3021 1197 3073 [luvium
1229 3019 1437 3088 Tigrim
1472 3019 1793 3081 nominavit,
1818 3018 1910 3087 qui
1941 3016 2320 3086 cognominem

750 3115 855 3168 sibi
893 3115 1229 3166 animantem
1268 3113 1459 3165 habet.
1497 3110 1847 3181 Ejusecmodi
1883 3108 2121 3163 oraculis
2156 3109 2323 3161 dece-

2430 1902 2706 1972 προφανὲς
2741 1904 3125 1971 ἐγνωρίζοντο.
3160 1907 3491 1976 Στρατεύειν
3524 1910 3634 1978 γὰρ
3665 1912 3761 1963 ἐπὶ
3794 1912 4011 1976 Πέρσας

2431 1994 2662 2063 μέλλων,
2690 1998 2767 2057 εἰς
2792 1996 3035 2066 Δελφοὺς
3064 1999 3156 2051 καὶ
3183 2000 3445 2067 Δωδώνην
3475 2002 3718 2071 πέμψας,
3749 2005 4013 2075 ἐπηρώτα.

2425 2088 2553 2148 τοὺς
2590 2088 2833 2157 μάντεις.
2873 2092 2937 2141 Οἱ
2970 2091 3016 2142 δ’
3042 2092 3102 2143 οὐ
3144 2093 3309 2160 μόνον
3346 2094 3703 2163 στρατεύειν,
3743 2097 3881 2150 ἀλλὰ
3916 2101 4014 2152 καὶ

2426 2179 2582 2249 νικᾷν
2622 2179 3046 2249 ἐπηγγέλλοντο.
3090 2183 3261 2237 Τόσον
3299 2184 3357 2238 δὲ
3396 2187 3495 2256 τῆς
3538 2187 3800 2256 ἀληθείας
3844 2191 4013 2258 ἠστό-

2426 2286 2591 2339 χουν,
2626 2272 2750 2324 ὅσον
2785 2272 2955 2339 ἔδειξε
2991 2273 3057 2325 τὰ
3101 2276 3156 2337 ὲς
3200 2275 3448 2347 ὕστερον.
3493 2278 3635 2345 Ἐγὼ
3672 2279 3729 2332 δὲ
3771 2280 3867 2333 καὶ
3911 2284 4009 2334 ἕνα

2426 2363 2533 2413 τῶν
2568 2364 2834 2431 χρησμῶν
2866 2365 2958 2416 τοῦ
2992 2364 3220 2433 ψεύδους
3253 2366 3332 2437 τῷ
3366 2370 3595 2435 παρόντι
3629 2370 3841 2440 ἐνθήσω
3878 2389 4013 2441 συγ-

2426 2456 2714 2525 γράμματι
2741 2471 2755 2486 ⁸
2796 2476 2813 2507 ι
2850 2456 2981 2511 Νῦν
3008 2459 3235 2525 πάντες
3267 2461 3630 2529 ὡρμήθημεν
3657 2465 3802 2528 θεοὶ,
3833 2466 4011 2533 νίκης

2424 2549 2678 2614 τρόπαια
2710 2550 3081 2616 κομίσασθαι
3114 2550 3275 2619 παρὰ
3307 2547 3738 2624 θηρλποταμῷ.
3779 2558 3925 2625 Ἐγὼ
3954 2559 4009 2610 δ’

2424 2640 2816 2708 ἡγεμονεύσω
2860 2641 3075 2708 θοῦρος
3117 2644 3581 2712 πολεμόκλονος
3609 2650 3810 2715 ’Δρ-ης.
3853 2651 4011 2719 Θῆρα

2425 2731 2519 2784 οὖν
2554 2733 2796 2800 ποταμὸν
2829 2732 2918 2785 τὸν
2951 2732 3148 2804 Τίγριν
3178 2734 3495 2803 ὠνόμασαν,
3529 2739 3831 2808 ἐπειδήπερ
3862 2740 4016 2795 ἔστιν

2426 2824 2574 2893 αὐτῷ
2618 2823 2806 2892 θηρίον
2839 2824 3157 2895 ὁμώνυμον.
3200 2828 3339 2881 Ὑπὸ
3379 2830 3443 2897 δὴ
3476 2832 3684 2883 τούτων
3717 2834 3744 2884 6
3782 2832 4017 2894 δεῖλαιος

2428 2917 2779 2985 βουκοληοεὶς
2812 2919 2919 2969 τῶν
2952 2922 3219 2989 χρησμῶν
3242 2965 3256 2983 ,
3290 2922 3387 2992 τὴν
3420 2923 3578 2993 νίκην
3608 2925 3962 2995 ὠνειροπόλει
3999 2943 4014 2955 ·

2426 3012 2518 3061 καὶ
2552 3010 2873 3075 βεϐαιωθεὶς
2896 3052 2909 3074 ,
2941 3013 3021 3075 εἰς
3053 3014 3143 3067 τὸν
3173 3016 3318 3069 κατὰ
3349 3017 3576 3085 Περσῶν
3606 3018 3884 3082 ὡπλίζετο
3914 3022 4014 3071 πό-

2426 3102 2615 3171 λεμον.
2646 3103 2872 3155 Ἀλλοιε
2921 3104 2979 3157 δὲ
3029 3105 3404 3162 θεσπισάντων
3452 3111 3567 3179 ἅμα
3601 3112 3836 3179 ¹πάντων
3886 3112 4015 3164 καθ’

752 3220 878 3278 pttts
916 3209 1103 3269 miser,
1138 3204 1429 3257 victoriam
1461 3203 1796 3258 somniavit:
1831 3211 1885 3255 et
1929 3201 2147 3254 tandem
2186 3215 2315 3255 con-
2345 3208 2387 3267 ο
2420 3197 2444 3252 ’ἐ

2345 3208 2387 3267 C
2420 3197 2653 3255 ’ἕκαστον
2692 3198 2800 3252 τῶν
2836 3200 3117 3270 ,μαντείων
3162 3202 3371 3271 σχεδὸν,
3410 3205 3486 3267 ὡς
3528 3207 3555 3257 6
3595 3205 3689 3257 τοῦ
3738 3206 4012 3275 βασιλέως

752 3303 1034 3361 lirmatus,
1081 3312 1137 3350 se
1184 3295 1249 3348 ad
1295 3295 1578 3349 Persicum
1628 3294 1827 3349 bellum
1873 3297 2131 3354 armavit.
2170 3295 2319 3349 Alias

753 3405 866 3445 tum
903 3405 1143 3459 quoque,
1183 3402 1308 3442 cum
1340 3386 1561 3444 oracula
1590 3387 1754 3442 simul
1789 3396 1846 3441 et
1874 3388 2102 3441 seorsim
2132 3386 2318 3440 omnia

754 3481 1198 3551 reSpondissent,
1258 3478 1608 3548 imperatoris
1658 3478 1991 3531 avunculum
2040 3477 2316 3532 lulianum

751 3591 954 3645 a-grum
1004 3574 1330 3627 meriturum
1366 3586 1476 3626 non
1515 3585 1682 3626 esse:
1722 3570 1851 3624 dum
1903 3586 2166 3639 responsa
2202 3571 2319 3639 ipsa

753 3664 975 3733 legeret,
1014 3676 1321 3715 aerumnose
1354 3670 1410 3715 et
1441 3660 1837 3714 miserabiliter
1868 3658 1911 3713 is
1951 3661 2118 3713 vitam
2156 3660 2316 3715 ﬁniit.

751 3754 903 3807 )lulti
949 3752 1095 3815 enim
1134 3751 1225 3820 qui
1260 3752 1315 3804 in
1356 3750 1701 3806 Christianos
1743 3759 1799 3806 et
1830 3766 2013 3805 veram
2058 3752 2318 3819 pietatem

756 3848 937 3901 lurore
972 3861 1071 3900 suo
1107 3844 1430 3899 debacchati
1467 3843 1710 3909 fuerant,
1746 3845 1922 3914 justas
1956 3841 2160 3897 dedere
2201 3856 2320 3911 pa:-

753 3957 849 3994 nas
879 3960 891 3995 :
925 3938 1369 3993 manifestissime
1396 3945 1582 3992 autem
1615 3936 1861 3991 omnium
1896 3950 2019 3989 cum
2045 3936 2125 3988 eis
2153 3935 2317 3988 etiam

750 4030 1029 4091 Julianus,
1062 4029 1256 4083 illustri
1294 4028 1557 4099 dignitate
1591 4026 1873 4096 praeditus.
1909 4024 2003 4095 qui
2046 4036 2161 4077 tum
2198 4024 2319 4077 uni-

752 4140 911 4178 verso
960 4122 1171 4177 Orienti
1227 4137 1353 4175 cuin
1411 4120 1641 4189 imperio
1694 4118 1948 4187 praefuit,
2013 4117 2319 4171 desertoris

754 4216 925 4284 ipsius
966 4214 1159 4281 (sicuti
1189 4212 1455 4276 diximus)
1504 4209 1832 4262 avunculus.
1880 4208 1987 4277 67
2041 4207 2316 4260 Praeterea

752 4310 901 4362 Felix
926 4347 938 4368 ,
977 4304 1341 4374 imperialium
1376 4304 1757 4355 thesaurorum
1794 4309 2042 4361 curator,
2072 4308 2131 4353 et
2164 4298 2315 4367 Elpi-

748 4402 873 4453 dius
906 4397 1273 4467 imperatoria:
1322 4396 1519 4447 donms
1570 4394 1864 4464 pra-fectus
1919 4392 2197 4463 (comitem
2232 4408 2318 4447 re-

750 4508 870 4544 rtttn
922 4491 1259 4556 priVatarum
1317 4488 1505 4540 Latina
1560 4487 1745 4555 lingua
1806 4484 2013 4553 vocat).
2070 4484 2208 4538 Tres
2260 4484 2313 4537 hi

2431 3291 2571 3355 Θεῖος
2602 3292 2670 3346 τὰ
2702 3294 2767 3345 ὲκ
2801 3296 3011 3364 μητρὸς
3049 3293 3339 3359 Ἰουλιανὸς
3370 3298 3542 3349 νοσῶν
3569 3298 3633 3350 οὐ
3662 3298 4010 3367 τεθιήξεται.

2427 3381 2485 3433 ὲν
2526 3380 2717 3443 αὐταῖς
2754 3383 2872 3444 ταῖς
2911 3384 3021 3435 τῶν
3056 3386 3324 3453 χρησμῶν
3364 3386 3738 3454 ἀναγνώτετ-ιν
3779 3389 4011 3460 οἰκτρῶς

2426 3472 2631 3535 ἐκεῖνος
2666 3475 2761 3528 καί
2796 3476 3045 3539 ἐλεεινῶς
3077 3478 3169 3530 τὸν
3207 3478 3322 3547 βίον
3355 3483 3716 3552 κατέστρεψε.
3754 3484 3866 3537 Καὶ
3900 3486 4013 3553 γὰρ

2426 3563 2613 3620 πολλοὶ
2644 3566 2753 3618 τῶν
2786 3570 2865 3629 εἰς
2909 3568 3273 3637 Χριστιανοὺς
3320 3572 3421 3624 καὶ
3454 3573 3557 3641 τὴν
3590 3575 3880 3629 εὐσέσειαν
3918 3582 4011 3629 ἐκ·

2430 3658 2707 3728 μανέντων
2738 3660 2893 3723 δίκας
2928 3662 3113 3714 ἔτισαν
3147 3665 3207 3715 οὐ
3248 3665 3508 3733 μεμπτάς
3532 3683 3546 3695 ·
3583 3669 3662 3729 εἰς
3695 3668 3755 3721 τὸ
3790 3686 4010 3739 προφα-

2427 3755 2683 3805 νέστατον
2712 3754 2767 3806 δὲ
2798 3754 2893 3808 καὶ
2922 3756 2949 3805 6
2977 3756 3248 3825 ὲκιιρανὴς
3289 3756 3609 3821 Ἰουλιανὸς,
3643 3762 3671 3811 6
3700 3761 4010 3829 τηνικαῦτα

2427 3844 2529 3913 τῆς
2549 3846 2663 3897 Ἕω
2692 3846 2871 3912 πάσης
2895 3846 3103 3917 ἄρχων,
3125 3846 3267 3909 Θείος
3296 3845 3392 3912 ὢν,
3412 3846 3489 3909 ὦς
3517 3865 3578 3915 γε
3609 3851 3845 3918 εἴρηται,
3866 3852 4011 3905 κατὰ

2427 3936 2487 3987 τὸ
2516 3936 2771 4005 μητρῷον
2799 3938 2956 4003 γένος
2983 3936 3077 3991 τοῦ
3106 3938 3440 3991 ἀποστάτου.
3472 3940 3615 4006 Πρὸς
3638 3941 3695 3994 δὲ
3722 3941 3815 3994 xui.
3838 3943 4010 4012 Φῆλιξ

2426 4029 2453 4081 6
2488 4028 2611 4088 τοὺς
2650 4027 2965 4096 βασιλικοὺς
3003 4028 3318 4098 θησαυροὺς
3351 4032 3833 4101 ἐπιτετραμμένος
3862 4051 3877 4065 ·
3911 4037 4011 4086 καὶ

2440 4119 2705 4176 Ἐλπίδιος
2745 4123 2772 4173 6
2805 4119 3108 4188 τηνικαῦτα
3144 4121 3243 4189 τῆς
3290 4122 3582 4192 βασιλικῆς
3619 4124 3800 4186 οἰκίας
3843 4143 4013 4195 πρνε-

2427 4214 2643 4279 στηκώς
2681 4215 2944 4282 (κόμητας
2985 4212 3039 4265 δὲ
3075 4213 3184 4267 τῶν
3217 4215 3503 4283 πριὸἀτων
3535 4216 3759 4281 τούτους
3800 4220 3833 4288 ὴ
3871 4218 4014 4272 Ῥω-

2428 4304 2607 4368 μαίων
2654 4303 2876 4369 γλῶσσα
2928 4304 3123 4372 καλεῖ).
3170 4297 3329 4357 Οὗτοι
3376 4304 3432 4357 δὲ
3479 4306 3529 4357 oi
3577 4310 3725 4377 τρεῖς
3772 4309 3882 4360 τῶν
3931 4309 4012 4376 τῷ

2427 4397 2637 4464 βασιλεί
2681 4397 3098 4467 κεχαρισμένων
3147 4397 3384 4463 μάλιστα
3426 4398 3615 4460 ὄντες,
3662 4401 3908 4471 κακείνῳ
3951 4403 4012 4452 δὲ

2428 4489 2815 4559 χαριζόμενοι,
2847 4491 2945 4558 τὴν
2976 4488 3261 4541 εὐσέϐειαν
3294 4488 3685 4558 ὲξηρνήσαντο.
3721 4491 4011 4555 Ἰουλιανὸς

747 4584 972 4647 κτειιὶυεί
1010 4585 1241 4636 maxime
1279 4581 1419 4649 apud
1461 4582 1847 4648 imperatorem
1882 4586 2040 4631 erant
2076 4596 2087 4631 :
2122 4576 2210 4629 cui
2258 4585 2314 4628 ut
2350 4566 2439 4651 οη

2350 4566 2393 4620 υ
2422 4585 2529 4653 γὰρ
2552 4583 2642 4635 τὸν
2668 4582 2811 4637 κατὰ
2835 4583 2931 4635 τοῦ
2957 4584 3275 4651 ἀγάλματος
3298 4583 3397 4652 τῆς
3422 4583 3645 4653 Δάφνης
3671 4586 4010 4655 ἐμπρησμὸν

748 4676 1224 4747 gratiﬁcarentur,
1277 4672 1613 4743 posteriores
1658 4671 1769 4723 duo
1824 4685 2008 4724 veram
2060 4670 2316 4738 pietatem

747 4770 1158 4838 abjuravcrant.
1205 4766 1492 4828 Julianus,
1545 4763 1783 4816 incendii
1834 4762 2090 4831 Daphnaei
2130 4763 2315 4830 templi

746 4873 795 4915 et
828 4858 1108 4914 simulacri
1143 4874 1363 4912 causam
1395 4857 1705 4925 inquirens,
1732 4853 2077 4909 Christianos
2109 4853 2157 4905 id
2186 4854 2318 4906 deo-

748 4970 868 5008 rum
922 4955 1049 5005 odio
1080 4952 1349 5004 excitasse
1399 4950 1746 5018 suspicatus,
1788 4945 2005 4999 tametsi
2057 4961 2085 4997 a
2120 4944 2317 4997 vicinis

748 5045 1003 5115 agricolis
1035 5044 1101 5097 de
1146 5042 1285 5096 cmlo
1332 5040 1561 5094 fulmine
1593 5052 1713 5091 eam
1751 5036 1922 5089 xulem
1959 5045 2155 5089 tactam
2194 5051 2318 5089 esse

747 5139 1025 5209 cognovit,
1063 5152 1167 5189 non
1208 5133 1535 5203 temperavit
1570 5132 1674 5186 sibi
1714 5141 1920 5190 tamen,
1955 5131 2088 5200 quin
2124 5130 2320 5184 adrer—

748 5247 843 5285 sus
881 5232 1263 5283 universarum
1300 5241 1483 5279 rerum
1521 5225 1691 5278 Deum
1729 5239 1881 5277 arma
1916 5233 2177 5277 sumeret.
2212 5222 2319 5275 Ιια-

748 5339 855 5392 que
901 5338 1054 5376 sacra
1090 5336 1214 5374 vasa
1263 5321 1422 5388 longe
1476 5317 1875 5387 pretiosissima
1914 5316 2175 5370 Ecclesia:
2205 5315 2319 5369 Ma-

749 5432 867 5485 gnae
890 5457 902 5479 ,
939 5429 1100 5483 quam
1133 5412 1528 5467 Constantinus
1560 5424 1789 5479 magnus
1818 5418 2225 5470 construxerat,
2264 5409 2317 5461 in

750 5506 940 5560 iiscum
992 5504 1344 5573 imperatoris
1398 5502 1588 5555 inferri
1644 5500 1955 5562 mandavit,
2006 5512 2061 5554 et
2108 5502 2321 5553 l'oribus

754 5594 966 5663 templi,
1018 5594 1161 5663 quod
1212 5605 1327 5645 tum
1378 5593 1561 5646 Ariani
1615 5592 1926 5653 habebant,
1975 5592 2206 5653 clausis,
2253 5606 2319 5644 ne

750 5688 875 5756 quis
906 5700 973 5741 eo
1010 5685 1411 5756 ingrederetur,
1446 5684 1678 5737 curavit.
1732 5682 1873 5737 Cum
1905 5682 2140 5735 Juliano‘
2168 5681 2320 5734 Felix

819 5848 895 5906 Hi
931 5847 1263 5902 Theodorei.
1302 5847 1455 5903 addit
1489 5847 1697 5907 Delum,
1734 5846 1829 5900 lib.
1861 5861 1938 5906 ι-τι,
1978 5860 2095 5905 cap.
2128 5843 2216 5897 ει.

2422 4677 2797 4745 ιρευνὼμενος
2819 4714 2833 4736 ,
2879 4676 3062 4744 μήπου
3098 4693 3181 4738 τις
3215 4676 3324 4731 τῶν
3360 4678 3708 4745 Χριστιανῶν
3743 4680 3895 4747 μίσει
3928 4678 4010 4746 τῷ

2419 4765 2527 4817 τῶν
2559 4765 2694 4819 θεῶν
2723 4766 2782 4817 τὸ
2819 4763 2930 4833 πῦρ
2963 4765 3156 4817 ἔϐαλεν
3180 4781 3195 4797 ο
3230 4766 3419 4836 ἐπειδὴ
3454 4767 3608 4837 παρὰ
3638 4767 3746 4820 τῶν
3778 4767 4011 4836 πλησιο-

2420 4857 2613 4931 χώρων
2643 4857 2919 4928 ἀγροίκων
2950 4858 3225 4928 ὰνέμαοεν
3253 4859 3549 4929 οὐρανόθεν
3579 4861 3674 4911 τὸν
3705 4862 4009 4931 πρηστῆρα

2422 4950 2722 5019 φερόμενον
2754 4950 3067 5017 τεθεᾶσθαι,
3101 4952 3253 5020 ὅμως
3295 4952 3355 5004 οὐ
3397 4951 3692 5021 καθυφῆκι
3734 4954 3814 5021 μὴ
3857 4956 4001 5005 κατὰ

2420 5041 2515 5095 τοῦ
2555 5042 2689 5095 Θεοῦ
2725 5043 2833 5095 τῶν
2867 5044 3004 5096 ὅλων
3039 5044 3381 5109 ὁπλίζεσθαι.
3417 5045 3530 5098 Καὶ
3568 5044 3633 5114 δὴ
3673 5046 4009 5115 προστάττει

2422 5136 2493 5187 τὰ
2525 5135 2647 5207 ἱερὰ
2675 5138 2770 5206 τῆς
2802 5137 3049 5205 μεγάλης
3082 5137 3414 5205 Ἐκκλησίας
3447 5140 3643 5207 σκεύη.
3675 5139 3896 5200 οὐδενδς
3927 5141 4008 5201 εἰς

2424 5226 2775 5283 πολυτέλεια»
2810 5228 2966 5281 ἐνδεᾶ
2999 5228 3098 5299 (ἣν
3134 5231 3549 5292 Κωνσταντίνος
3584 5231 3612 5281 6
3650 5230 3831 5299 μέγας
3866 5231 4008 5282 wai-

2427 5320 2628 5387 ματο),
2666 5322 2777 5382 τοῖς
2817 5318 3121 5388 βασιλικοῖς
3160 5323 3410 5388 ταμείοις
3449 5321 3785 5389 ἀποδοθῆναι
3812 5335 3825 5349 ⁸
3867 5323 4006 5389 πρὶς

2422 5412 2478 5464 δὲ
2512 5414 2600 5464 καὶ
2628 5412 2724 5474 τὰς
2758 5411 2926 5482 Θύρας
2954 5412 3162 5479 ταύτης
3188 5415 3300 5474 τοῖς
3329 5414 3544 5484 ’Λρεὶου
3578 5412 3876 5473 Οιασιέιταις
3905 5415 4010 5465 ἐδί-

2422 5506 2535 5557 δου.
2574 5508 2683 5559 Καὶ
2714 5505 2792 5573 τῷ
2830 5506 2929 5574 μὲν
2966 5504 3241 5573 Ἰουλιανῷ
3272 5505 3437 5574 Φῆλιξ
3473 5506 3569 5557 καὶ
3605 5505 3878 5567 Ἐλπίδιος
3931 5508 4006 5571 τις,

2425 5597 2529 5664 νεῷ
2580 5597 2953 5667 συνεισῆλθον,
2999 5598 3109 5652 τῶν
3157 5598 3455 5669 βασιλικῶν
3502 5598 3805 5667 χρημάτων)
3852 5598 4007 5660 δντςς

2412 5692 2641 5761 ταμίαι,
2669 5696 2696 5745 ὁ
2728 5693 2828 5762 μὲν
2854 5693 2961 5745 τῶν
2986 5692 3282 5761 δημοσίων,
3312 5694 3338 5744 6
3367 5691 3423 5743 δὲ
3452 5691 3558 5743 τῶν
3588 5690 3694 5760 ἰδία
3722 5690 3818 5743 τοῦ
3852 5690 4010 5761 βασι-
