4286 6438
272 424 385 487 5Ξ9

1217 427 1826 491 ECCLESIASTICJ‘I
1868 429 2259 493 IllSTOthE
2297 431 2444 494 LIB.
2490 430 2563 492 Χ.

3443 425 3562 490 530

273 537 414 598 λὲως
453 536 650 590 όντων.
689 537 914 591 Τούτων
945 539 973 590 δ
1017 539 1116 608 μὲν
1152 538 1448 602 Ἰουλιανὸς
1472 579 1487 602 ,
1524 540 1773 610 ἀργαλέα
1805 558 1863 593 τε
1896 547 1938 603 Α

1862 547 1938 603 ηΛ
1969 552 2024 597 et
2071 543 2353 612 Elpidius,
2403 539 2772 612 imperialium
2821 538 3183 610 pecuniarum
3221 545 3554 605 qiizestores.

272 630 373 680 καί
411 629 813 700 δυστεκμάρτῳ
850 631 990 700 νόσῳ
1030 630 1288 701 βληθεὶς,
1327 631 1421 684 ἐπὶ
1455 632 1866 700 τεσσαράκοντα

271 722 403 784 ὅλας
446 721 664 790 ἡμέρας
705 723 887 777 ἔκειτο
930 725 1233 791 ἀποτάδην,
1281 725 1421 794 μήτε
1469 725 1866 794 φθεγγόμενος,

275 815 421 884 μήτε
445 812 572 868 τινὰ
601 814 962 884 συναίσθησιν
986 815 1147 886 ἔχων.
1175 817 1249 869 Τὸ
1278 816 1321 869 δ’
1348 815 1520 870 αῐτιον
1546 819 1740 886 ὅτιπερ
1769 834 1869 870 κα-

275 905 448 976 θέδρα
476 909 590 971 τοῖς
626 909 794 976 ίεροῖς
826 909 1104 979 ἐχρήσατο
1136 909 1395 976 σκεύεσι,
1428 910 1870 981 πῳσαρράσσων

272 1001 344 1068 τῇ
382 1003 486 1069 τῇ·
520 1003 615 1054 καί
649 1002 740 1055 τὸν
772 1003 1038 1074 ίεράρχην
1071 1002 1315 1068 Εὒζώῖον
1337 1043 1353 1070 ,
1387 1003 1722 1073 πειραθέντα
1757 1021 1868 1058 κω-

271 1086 439 1141 λῦσαι
468 1091 530 1142 τὸ
568 1088 727 1158 ἄγος.
760 1091 905 1144 κατὰ
948 1091 1153 1164 κόρρης
1197 1090 1352 1145 παίει
1398 1092 1645 1160 σφοδρῶς
1667 1132 1682 1155 ,
1717 1093 1870 1144 ἐπει-

274 1181 433 1248 πὼν,
469 1183 545 1244 ὡς
579 1182 763 1254 ἔρημα
798 1185 866 1238 τά
901 1185 1250 1254 Χριστιανῶν
1283 1185 1384 1256 τῆς
1419 1184 1571 1246 θείας
1604 1184 1870 1254 τυγχάνει

278 1275 634 1346 κηδεμονίας.
668 1275 884 1346 Μικρὸν
910 1277 967 1331 δὲ
997 1280 1135 1341 τέως
1165 1279 1533 1350 ὑπορραῖσας,
1567 1278 1741 1332 πολλά
1773 1279 1872 1348 μὲν

275 1369 692 1436 κατεγίνωσκεν
716 1368 910 1421 ἑαυτὸν
935 1368 1037 1438 τῆς
1063 1367 1327 1437 ἀθεμίτου
1357 1367 1583 1440 γνώμης
1607 1386 1621 1402 ο
1651 1370 1748 1423 καὶ
1772 1367 1873 1440 τὴν

273 1458 440 1528 δίκην
479 1457 631 1528 αὐτῷ
676 1459 976 1530 συνῄσθετο
1021 1458 1238 1511 ἐκεῖθεν
1276 1459 1724 1530 καταρραγῆναι.
1762 1458 1874 1511 Καὶ

279 1551 450 1623 μέχρι
484 1551 583 1605 τοῦ
626 1557 886 1624 μάρτυρα
927 1552 1095 1606 αὐτὸν
1131 1552 1312 1622 ἑαυτῷ
1344 1553 1442 1620 τῆς
1481 1551 1872 1624 ἀνοσιουργίας

276 1639 539 1706 γενέσθαι
571 1640 886 1709 ἀνενεγκὼν
907 1684 922 1708 ,
957 1641 1324 1703 παντοδαποῖς
1356 1641 1539 1695 ἕλκεσι
1571 1642 1665 1694 καὶ
1698 1657 1872 1710 σηπε-

276 1730 399 1782 δόσι
443 1731 540 1802 τὴν
588 1735 834 1803 γαστέρα
881 1733 1170 1798 σπασθεὶς,
1223 1734 1592 1805 συνδιερράγη
1636 1734 1730 1786 κα”.
1775 1734 1874 1802 τὴν

275 1822 486 1894 ψυχήν.
521 1823 646 1879 Τῶν
681 1826 788 1896 γὰρ
829 1827 1078 1895 ὲγκάτων
1111 1826 1288 1898 τσύκρ
1326 1827 1702 1881 διασαπέντων
1723 1869 1738 1892 ,
1774 1827 1874 1894 τὴν

1973 636 2318 706 publicarum
2350 637 2509 701 alter,
2539 636 2678 690 alter
2707 634 3074 704 privatarum.
3107 631 3162 685 in
3196 631 3465 696 templum
3497 628 3554 682 id

1971 729 2244 800 direpturi
2295 737 2586 784 venerant.
2653 727 2866 782 Horum
2937 726 3194 782 Julianus
3242 719 3450 775 diliicili
3498 729 3560 775 et

1974 816 2253 886 incognito
2296 817 2489 873 morbo
2521 833 2648 873 mox
2693 825 3004 886 correptus,
3047 815 3114 869 ad
3159 814 3275 867 dies
3319 810 3560 881 quadra-

1972 909 2124 978 ginta
2171 908 2244 963 ita
2295 907 2572 964 distentus
2618 908 2827 979 jacuit,
2877 916 2936 960 ut
2982 921 3164 976 neque
3217 906 3555 974 loqueretur.

1974 1013 2155 1068 neque
2184 999 2421 1054 sentiret
2449 999 2777 1070 quidquam.
2811 999 2991 1055 Causa
3024 997 3201 1052 morbi
3235 1005 3378 1059 erat,
3407 992 3554 1063 quod

1976 1091 2152 1147 sacris
2195 1091 2344 1147 vasis
2377 1093 2480 1162 (ll,
2525 1108 2648 1162 qua:
2702 1101 2863 1147 terra:
2909 1091 3184 1154 illiserat,
3241 1106 3342 1160 pro
3394 1087 3556 1144 sedili

1976 1198 2112 1239 usus
2138 1183 2358 1240 fuerat:
2389 1193 2445 1239 et
2469 1184 2789 1255 episcopum
2823 1182 3124 1248 E‘uzoium,
3149 1181 3244 1252 qui
3281 1179 3558 1250 piaculum

1977 1283 2191 1329 tantum
2240 1275 2497 1332 inhibere
2543 1286 2774 1331 conatus
2823 1276 3027 1342 fuerat,
3079 1275 3134 1329 in
3171 1283 3339 1342 caput
3389 1272 3557 1326 velte-

1975 1375 2192 1422 menter
2240 1369 2662 1431 verberaverat,
2711 1368 2862 1422 dicto
2903 1367 2998 1422 illo
3044 1367 3274 1438 insuper
3321 1365 3558 1434 ingesto,

1975 1449 2418 1516 Christianorum
2451 1476 2545 1517 res
2563 1477 2591 1515 a
2616 1462 2802 1515 divina
2826 1460 3184 1516 Providentia
3214 1475 3322 1512 non
3347 1459 3554 1512 curari.

1977 1556 2044 1610 Et
2070 1555 2384 1612 valetudine
2433 1555 2716 1625 paululum
2749 1563 3070 1626 recuperata
3095 1596 3108 1618 ,
3142 1569 3266 1608 cum
3313 1553 3560 1622 seipsum

1977 1647 2048 1702 ob
2084 1648 2377 1702 nefandam
2411 1647 2742 1702 sententiam
2788 1661 2943 1700 suam
2980 1643 3410 1708 condemnavit,
3445 1651 3561 1695 tum

1977 1745 2276 1800 \ittdictam
2318 1744 2564 1798 divinam
2597 1759 2706 1812 qua
2737 1741 3108 1811 allligebatur,
3153 1737 3331 1795 sensit
3360 1738 3459 1806 (2).
3495 1736 3564 1792 Et

1977 1854 2103 1893 eum
2157 1838 2229 1892 ita
2281 1836 2560 1890 adversus.
2606 1837 2854 1904 seipsum
2906 1833 3201 1902 impiorum
3257 1831 3562 1885 facinorum

278 1916 492 1986 κόπρον
523 1918 712 1971 οὐκέτι
743 1918 833 1972 διά
863 1920 972 1972 τῶν
1007 1920 1389 1992 ἀποκριτικῶν
1418 1922 1666 1990 ὁργάνων
1699 1919 1869 1990 παρέ·-
1901 1901 1946 1961 Β

1901 1901 1946 1961 Β
1979 1948 2208 1988 suorum
2243 1930 2400 1986 testis
2434 1930 2550 2001 ipse
2579 1901 2750 1994 esset,
2787 1901 3040 1983 ventrem
3075 1924 3277 1980 deinde
3312 1924 3434 1995 ejus
3463 1939 3564 1992 pu-

280 2025 531 2078 πεμπεν,
575 2011 712 2065 ἀλλὰ
767 2013 830 2065 τὸ
876 2015 1126 2084 μυσαρὸν
1165 2014 1342 2084 στόμα
1378 2014 1476 2082 τῆς
1521 2014 1878 2085 βλασφημίας

279 2103 581 2170 γενόμενον
609 2104 866 2176 δργανον,
894 2107 994 2176 τῆς
1027 2108 1378 2179 ἀποκρίσεως
1411 2109 1631 2177 ἐγένετο
1667 2111 1875 2178 μόριον.

281 2194 362 2248 Τὸ
389 2195 448 2250 δέ
478 2212 542 2264 γε
574 2197 780 2252 αίδοῖον
810 2201 903 2252 καὶ
931 2203 978 2252 oi
1008 2201 1139 2269 περὶ
1167 2202 1300 2256 αὐτὸ
1329 2203 1490 2271 πόροι
1524 2202 1877 2273 ἐφθείροντοσ

283 2292 385 2342 καὶ
411 2291 467 2342 αί
501 2292 629 2360 περὶ
656 2292 842 2344 ἐκεῖνα
873 2291 1075 2362 σάρκες
1105 2296 1536 2359 κατασαπείσαι,
1565 2297 1704 2366 πρὸς
1735 2296 1878 2350 σκώ-

281 2387 462 2452 ληκας
500 2384 918 2454 μετεϐάλλοντο.
957 2388 1069 2441 Καὶ
1102 2388 1165 2440 τὸ
1203 2387 1375 2451 πάθος
1412 2390 1878 2460 ἐπικρατέστερον

280 2474 354 2548 ἦν
403 2478 502 2549 τῆς
549 2478 667 2532 τῶν
710 2479 916 2550 ίατρῶν
959 2480 1179 2551 τέχνης.
1226 2482 1324 2537 Διά
1375 2483 1727 2554 παντοδαπῆς
1772 2485 1880 2554 γὰρ

278 2573 519 2643 ἥκοντες
559 2573 761 2643 πείρας
802 2574 944 2627 αἰδοῖ
981 2577 1075 2628 καὶ
1112 2575 1222 2629 δέει
1255 2575 1349 2629 τοῦ
1393 2577 1658 2645 ἄνακτος,
1695 2579 1879 2632 πᾶσάν

281 2682 344 2719 τε
377 2666 693 2735 φαρμάκων
724 2667 870 2721 ἰδέαν
898 2669 1243 2740 κινήσαντες,
1271 2669 1458 2723 λίπεσί
1485 2687 1544 2724 τε
1571 2670 1681 2724 τῶν
1708 2671 1878 2724 πολυ-

293 2761 467 2831 ,ἰμων
497 2760 730 2831 ὀρνίθων
760 2760 855 2824 οὓς
884 2760 1045 2815 ῑθυον
1076 2764 1142 2815 τά
1172 2764 1496 2834 διεφθορότα
1534 2764 1675 2834 μέλη
1708 2780 1880 2836 προσ-

283 2853 623 2918 πλάττοντες
645 2893 661 2920 ,
693 2854 824 2918 τοὺς
855 2856 914 2908 ιν
946 2855 1103 2926 βάθει
1139 2858 1556 2927 κρυπτομένους
1588 2860 1879 2923 σκώληκας

282 2945 430 3016 πρὸς
460 2947 560 3015 τὴν
593 2948 922 3016 ἐπιφάνειαν
959 2949 1404 3018 μετεστέλλοντο.
1439 2953 1501 3003 Ui
1535 2952 1580 3005 δ’
1609 2952 1702 3004 ἐπὶ
1737 2953 1877 3020 μᾶλ-

278 3037 378 3090 λον
409 3039 547 3108 πρὸς
574 3039 676 3103 τὰς
706 3039 886 3104 ζώσας
919 3036 1115 3111 εἷρπον
1148 3042 1360 3113 σάρκας
1392 3045 1534 3097 κατά
1565 3043 1728 3114 βάθος
1757 3045 1878 3099 δυό-

285 3147 469 3193 μενοι.
513 3132 628 3185 Καί
674 3149 739 3200 γε
787 3134 848 3186 οὐ
899 3133 1142 3188 διέλιπον
1192 3136 1610 3202 κατεσθίοντες,
1655 3138 1760 3202 ἓως
1813 3133 1876 3192 οὗ

1982 2024 2144 2080 tredo
2179 2032 2234 2078 et
2266 2022 2450 2077 omnis
2485 2020 2710 2092 generis
2747 2020 2934 2074 ulcera
2975 2017 3402 2077 convulserunt‘,
3443 2030 3568 2083 quae

1981 2117 2038 2171 ei‘
2062 2123 2307 2170 mortem
2328 2115 2497 2169 etiam
2525 2112 2796 2168 ουσιαι-οδ
2811 2110 3142 2167 Visceribus
3167 2109 3371 2163 etenim
3401 2116 3567 2176 atque

1982 2210 2125 2264 extis
2162 2208 2457 2279 putredine
2489 2221 2558 2262 ea
2594 2205 2836 2260 corrosis
2858 2242 2873 2267 ,
2911 2210 3272 2258 excrementa
3310 2215 3419 2254 non
3451 2199 3566 2267 jam

1983 2319 2082 2375 per
2113 2300 2390 2358 naturalia
2434 2300 2546 2355 vim
2586 2297 2899 2370 cxpellendi
2947 2297 3261 2353 obtinentia
3321 2293 3569 2346 membra

1981 2399 2265 2469 egerebat,
2291 2411 2484 2452 verum
2512 2411 2574 2451 os
2600 2395 2922 2458 scelestum,
2952 2390 3100 2462 quod
3129 2387 3482 2460 blasphemia:
3513 2397 3572 2438 et

1982 2493 2412 2548 maledictorum
2452 2490 2719 2545 eﬂ'ecerat
2752 2488 3193 2541 instrumentum
3217 2521 3232 2546 ,
3276 2495 3404 2552 pars
3435 2492 3567 2533 cor-

1981 2585 2135 2658 poris
2175 2586 2434 2640 obscoana
2473 2599 2572 2653 per
2600 2595 2768 2652 quam
2805 2586 3174 2642 excerneret,
3208 2584 3294 2631 est
3338 2573 3568 2629 factum.

1981 2677 2254 2733 Pudonda.
2312 2677 2467 2746 ipsa,
2521 2686 2578 2729 et
2639 2674 2731 2744 qui
2786 2674 2936 2728 circa
2999 2685 3065 2725 ea
3123 2678 3254 2724 sunt
3315 2675 3577 2727 meatus,

1978 2771 2229 2840 corrupti
2286 2769 2477 2823 itidem
2540 2777 2718 2821 sunt:
2773 2780 3019 2833 caroque
3069 2761 3154 2817 eis
3206 2762 3260 2816 in
3316 2759 3571 2830 partibus

1981 2862 2290 2936 putrefacta
2327 2863 2381 2915 in
2415 2876 2636 2915 vermes
2670 2859 2842 2922 abiit,
2884 2867 2940 2913 et
2976 2856 3206 2911 morbus
3238 2855 3353 2923 ipse
3388 2851 3575 2905 medie

1980 2972 2172 3013 eorum
2223 2965 2340 3008 arte
2393 2954 2552 3023 longe
2602 2951 2707 3006 fuit
2753 2950 3050 3020 potentior.
3103 2948 3224 3019 68
3277 2946 3359 3000 lili
3412 2945 3566 2998 enim

1980 3047 2294 3104 reverentia
2355 3056 2410 3100 et
2474 3055 2622 3099 metu
2691 3042 3050 3114 imperatoris
3109 3042 3294 3095 omnia
3350 3037 3569 3107 experti

1979 3152 2146 3204 sunt,
2193 3152 2250 3196 et
2279 3140 2432 3194 omni
2475 3138 2852 3193 remediorum
2887 3134 3075 3205 Specie
3113 3133 3395 3196 adhibita,
3441 3130 3564 3200 pin-

282 3224 452 3294 βιαίῳ
495 3226 652 3295 μόρῳ
686 3225 777 3280 τὸν
811 3227 999 3282 ἄθλιον
1033 3228 1414 3298 διεχρήσαντο.
1453 3228 1781 3300 Χρήσασθαι
1817 3231 1876 3286 δὲ
1906 3252 1948 3310 C

1873 3274 1876 3285 ι
1906 3252 1948 3310 ο
1983 3233 2336 3304 guedineque
2369 3231 2742 3302 pretiosarum
2773 3231 2996 3291 avium,
3039 3242 3178 3297 quas
3212 3225 3318 3278 diis
3351 3222 3565 3276 saerili~

279 3319 454 3373 αὑτὸν
499 3321 566 3391 τῇ
609 3321 835 3391 τοιαύτῃ
887 3323 1027 3390 φασὶ
1079 3324 1359 3392 συμφορᾷ,
1404 3322 1541 3376 Θεοῦ
1587 3326 1678 3375 τὸν
1720 3323 1876 3393 χόλον

280 3412 644 3481 ὲπαύξοντος,
690 3413 881 3468 καθότι
923 3416 1022 3485 τῆς
1063 3415 1397 3486 Ἐκκλησίας
1444 3416 1678 3469 καὶτῶν
1711 3417 1876 3486 ἱερῶν

283 3507 459 3557 αὑτοῦ
493 3505 707 3558 σκευῶν
738 3507 1156 3578 κατωρχήσατο.

1983 3327 2205 3390 cabant,
2241 3324 2503 3378 membris
2533 3323 2813 3392 corruptis
2847 3319 3145 3390 applicata,
3180 3332 3397 3372 vermes
3435 3329 3558 3384 pro-

1985 3419 2213 3472 fundius
2253 3417 2578 3477 latitantes,
2619 3416 2670 3469 in
2721 3426 2976 3485 apertum
3015 3411 3176 3483 quasi
3230 3408 3563 3480 quibusdam

1984 3510 2261 3565 illecebris
2287 3523 2522 3564 evocare
2549 3508 2983 3562 contenderunt.
3011 3507 3079 3559 At
3101 3504 3177 3558 illi
3208 3505 3263 3558 in
3295 3499 3561 3556 membris

279 3599 689 3656 occultioribus
733 3601 803 3656 ad
846 3617 1073 3657 carnem
1119 3604 1301 3659 vivam
1354 3605 1529 3676 magis
1578 3605 1862 3675 magisque
1904 3621 2273 3675 prorepsere,
2316 3620 2495 3673 neque
2564 3601 2864 3658 eorroderc
2942 3599 3224 3654 hominem
3267 3597 3557 3655 destitero.

280 3697 467 3751 donec
501 3695 745 3751 violenta
781 3705 964 3751 morte
1009 3697 1276 3752 miserum
1310 3707 1638 3753 enecarunt.
1689 3699 1866 3754 Porro
1911 3709 2060 3753 tanta
2138 3698 2452 3752 calamitate
2493 3709 2792 3767 propterea
2829 3703 3127 3750 mac;atum
3161 3707 3284 3749 esse
3353 3691 3563 3754 ferunt,

281 3810 352 3848 ex
382 3794 463 3847 ira
491 3792 707 3856 divina,
733 3792 883 3862 quod
910 3792 990 3848 sic
1012 3792 1276 3847 Ecclesia:
1301 3801 1356 3847 et
1383 3793 1559 3848 sacris
1581 3794 1700 3863 ejus
1732 3795 1878 3847 vasis
1917 3790 2291 3848 insultaverit.

369 3890 431 3940 Ὀ
474 3887 532 3942 δέ
573 3903 639 3955 γε
680 3887 849 3956 Φῆλιξ
873 3928 889 3952 ,
926 3886 1034 3939 τῶν
1072 3887 1232 3956 ἱερῶν
1265 3887 1478 3940 σκευῶν
1509 3889 1610 3956 τὴν
1646 3886 1876 3939 πολυτέ-

277 3983 438 4035 λειαν
471 3981 812 4050 θεασάμενος
842 3977 1280 4049 (Κωνσταντῖνος
1311 3980 1421 4049 γάρ
1452 3979 1548 4031 καί
1583 3980 1876 4032 Κωνστάν·

276 4092 397 4138 τιος
431 4074 738 4144 φιλοτίμως
767 4073 907 4125 αὑτά
940 4071 1407 4140 κατεσκεύασαν),
1434 4071 1754 4138 ὲπετγελῶν
1780 4071 1876 4123 καὶ

276 4168 740 4234 άστειουόμενος,
784 4185 802 4218 ι
843 4166 1011 4228 Ἰδοὺ,
1046 4166 1185 4234 ἔφη,
1224 4167 1280 4218 ἐν
1313 4166 1517 4224 ὁποίοις
1556 4164 1810 4217 σκεύεσιν
1848 4167 1875 4217 ὁ

275 4262 382 4332 τῆς
418 4261 641 4331 Μαρίας
678 4262 1041 4330 ὑπηρετεῖται
1084 4259 1222 4321 υἱός.
1272 4277 1290 4310 ι
1334 4257 1646 4311 Κάντεῦθεν
1683 4260 1779 4310 καὶ
1819 4256 1879 4322 ἐξ

277 4357 548 4425 οὐδεμιᾶς
593 4353 762 4422 άλλης
807 4354 990 4416 αἰτίας
1030 4355 1140 4405 τῶν
1183 4356 1241 4405 ὲν
1285 4353 1438 4419 βάθει
1487 4352 1700 4420 φλεϐῶν
1746 4355 1875 4420 μιᾶς

275 4452 382 4522 τῆς
420 4449 692 4520 μεγίστης
727 4447 1164 4518 ἀ.αρραγείσης,
1199 4445 1432 4514 αἵματός
1466 4461 1523 4496 τε
1560 4445 1720 4498 αὐλὸν
1755 4445 1875 4509 ἐξέ-

276 4559 507 4612 πεμπεν
535 4543 599 4594 ἑκ
626 4539 722 4593 τοῦ
755 4541 1025 4610 στόματος
1053 4555 1066 4569 ·
1098 4539 1194 4591 καὶ
1225 4538 1409 4606 θέαμα
1434 4539 1545 4599 τοῖς
1575 4537 1746 4607 ὁρῶσι
1778 4554 1874 4605 γε·

2058 3885 2208 3938 Fclix
2238 3898 2424 3940 autem
2462 3882 2609 3938 vasis
2640 3881 2775 3936 tanti
2829 3881 2991 3950 pretii
3033 3879 3352 3951 conspectis
3399 3878 3567 3950 (Cen-

1985 3979 2263 4033 sianlinus
2300 3991 2540 4046 namque
2586 3985 2642 4032 et
2673 3974 3036 4031 Constantius
3071 3973 3455 4028 liberalissime
3497 3988 3562 4031 en

1984 4072 2483 4140 comparaverant),
2504 4070 2757 4123 arridens
2778 4079 2829 4124 et
2860 4069 3072 4123 urbane
3091 4070 3306 4140 jocans,
3358 4087 3376 4119 ι
3403 4067 3566 4128 Ecce.

1984 4166 2188 4235 inquit,
2221 4164 2485 4234 qualibus
2514 4164 2661 4217 vasis
2695 4162 2878 4218 Mariae
2910 4163 3056 4217 Illius
3087 4163 3273 4217 divina
3307 4177 3365 4216 re
3399 4175 3564 4231 ρεξτε-

1983 4260 2159 4329 genda
2201 4258 2404 4312 colitur
2427 4259 2456 4310 ἲ
2481 4277 2498 4307 ι
2536 4258 2784 4326 Eamque
2817 4272 2916 4310 nec
2941 4256 3012 4311 ob
3045 4255 3208 4309 aliam
3245 4255 3562 4324 quampiam

1983 4367 2230 4418 causam,
2261 4366 2327 4403 ex
2373 4349 2742 4403 interioribus
2793 4349 2914 4416 ejus
2971 4347 3125 4402 venis
3155 4363 3262 4401 una
3294 4363 3416 4415 quin
3450 4363 3565 4398 ma-

1982 4445 2129 4497 xima
2174 4452 2344 4504 esset,
2399 4451 2582 4511 rupta,
2634 4451 2893 4511 tanquam
2929 4456 3027 4507 per
3056 4440 3302 4494 fistulam
3335 4439 3564 4509 sangui-

1982 4550 2106 4588 nem
2138 4549 2237 4603 per
2268 4549 2331 4587 os
2367 4533 2488 4602 ejus
2521 4533 2727 4586 emisit.
2787 4533 2879 4586 hic
2929 4542 2986 4585 et
3051 4531 3167 4600 ipse
3221 4529 3560 4583 horrendum

273 4635 509 4703 νόμενος
561 4631 825 4700 φοϐερὸν,
878 4631 1003 4684 οὐδὲ
1055 4630 1123 4682 δι’
1152 4630 1280 4700 ὅλης
1332 4631 1547 4700 ἡμέρας
1596 4629 1875 4699 ἧρκεσενο
1911 4621 1954 4678 D

1869 4621 2341 4684 'Deeruentibus
2400 4626 2662 4680 omnibus
2730 4625 3110 4695 spectaculum
3172 4625 3385 4686 factus,
3451 4639 3561 4678 non

273 4726 417 4779 ἀλλά
456 4727 591 4795 περὶ
630 4724 816 4794 δείλην
856 4723 1017 4793 ὀψίαν
1057 4723 1152 4776 τοῦ
1194 4724 1430 4794 αἵματος
1469 4722 1872 4791 ἑπιλείψαντος,

275 4819 378 4871 καὶ
407 4817 508 4889 τὴν
536 4815 716 4886 ψυχὴν
750 4815 1154 4870 συναπέὃαλεν.

358 4998 420 5052 Ὀ
454 4997 514 5050 δέ
552 5013 616 5063 γε
651 4995 834 5066 τρίτος
869 4995 1180 5062 Ἐλπίδιος,
1218 4994 1633 5067 βλασφημήσας
1662 4995 1756 5049 καὶ
1789 4991 1872 5050 οἶδε

272 5108 368 5152 τος
399 5090 665 5158 Χριστὸν,
693 5089 740 5140 εί
773 5089 869 5141 καὶ
899 5087 1008 5140 τῶν
1038 5087 1215 5141 ἄλλων
1249 5086 1610 5158 βραδύτερον,
1637 5086 1874 5141 ἀλλ”οὒν

275 5181 562 5254 φωραθεὶς
591 5181 874 5249 τυραννίδι
904 5181 1279 5250 συμπράττων
1305 5219 1320 5244 ,
1352 5180 1460 5233 τῶν
1490 5180 1661 5234 ὄντων
1693 5182 1871 5235 ἀπάν-

274 5294 387 5330 των
433 5274 646 5345 ἕρημος
696 5273 971 5342 γεγονὼς,
1018 5275 1268 5345 είρκταῖς
1312 5291 1369 5326 τε
1421 5275 1516 5328 καὶ
1562 5276 1873 5345 συμφοραῖς

275 5370 502 5440 ἑτέραις
552 5368 852 5432 καταϐιοὺς
905 5368 1121 5432 ἀκλεῶς
1171 5368 1544 5439 καταστρέφει
1594 5369 1686 5421 τὸν
1731 5369 1866 5439 βίον,

346 5550 428 5619 (Ι)
465 5549 855 5605 Tlieodoretus
889 5551 1065 5617 addit,
1121 5552 1402 5606 Julianum
1452 5551 1631 5622 ipsum
1688 5554 1738 5607 in
1782 5570 1870 5609 sa-

271 5638 425 5677 cram
460 5637 685 5690 quoque
719 5637 966 5677 mensam
1008 5624 1296 5677 minxisse.

348 5691 429 5761 t9.)
452 5691 642 5762 _l_lerba
687 5693 943 5762 conjugis
991 5694 1056 5746 ad
1103 5693 1386 5747 lulianum
1436 5693 1579 5759 apud
1613 5693 1870 5748 'l'lieodo-

273 5766 367 5818 rit.
399 5760 414 5814 ἑ
446 5760 510 5815 Ut
535 5760 806 5826 laudibus.
838 5760 882 5817 θ’
905 5764 1006 5826 vir,
1029 5763 1296 5816 Christum
1323 5764 1656 5818 Salvatmem
1691 5768 1866 5828 Delius.

271 5833 554 5896 convenit,
616 5837 756 5901 quod
807 5851 900 5898 per
958 5835 1362 5902 castigationem
1426 5838 1716 5901 potentiam
1776 5841 1866 5891 tilai

271 5922 426 5959 suam
481 5905 734 5960 exhibuit.
770 5904 886 5960 Non
947 5923 1085 5958 (aut
1146 5923 1261 5959 cum
1317 5908 1660 5976 t'tigti't'iséts,
1713 5925 1864 5978 quem

1981 4729 2155 4775 totum
2199 4721 2520 4792 perduravit
2554 4720 2704 4774 diem
2753 4735 2766 4772 :
2811 4717 2908 4772 sed
2962 4719 3111 4773 circa
3148 4719 3561 4788 crepusculum,

1979 4830 2086 4868 una
2141 4831 2267 4869 cum
2323 4815 2594 4885 sanguine
2643 4814 2755 4884 jatu
2807 4812 3132 4876 deﬁciente,
3175 4813 3353 4867 simul
3394 4817 3561 4866 etiam

1977 4908 2220 4962 animam
2247 4909 2516 4964 evomuit.

2050 5009 2118 5059 At
2151 5007 2352 5064 tertius
2386 5005 2663 5077 Elpidius,
2707 5011 2802 5079 qui
2841 5012 3461 5084 blaspliemusrquoqu:
3502 5011 3555 5063 in

1974 5097 2262 5153 Christum
2317 5099 2520 5165 fuerat,
2577 5101 2794 5156 tardius
2828 5103 2921 5158 ille
2975 5104 3198 5174 quidem
3249 5118 3412 5172 quam
3462 5101 3557 5155 alii

1977 5208 2169 5263 pinnas
2205 5194 2308 5248 luit
2346 5212 2360 5248 :
2392 5195 2486 5248 sed
2523 5208 2705 5250 tamen
2741 5197 2885 5252 inter
2911 5212 3008 5252 eos
3055 5198 3161 5266 qui.
3198 5196 3551 5266 tyrannidem

1975 5288 2339 5355 ail‘eetarunt,
2366 5290 2773 5359 deprehensus,
2825 5290 2988 5345 bonis
3025 5270 3287 5345 omnibus
3329 5299 3555 5353 exutus,

1975 5397 2283 5453 gravesque
2339 5398 2616 5440 aerumnas
2676 5384 2814 5439 alias
2857 5386 2910 5438 in
2972 5398 3198 5439 carcere
3236 5398 3557 5454 perpessus,

1974 5561 2342 5627 persequeris,
2396 5561 2499 5613 nisi
2553 5577 2647 5629 pro
2694 5559 3095 5630 longanimitate
3161 5576 3259 5614 sua
3307 5562 3558 5615 divinitus

1972 5634 2127 5682 hasce
2161 5632 2251 5682 tibi
2279 5632 2539 5683 intulisset
2575 5630 2782 5701 plagas.
2823 5631 3046 5700 Agnovit
3090 5630 3187 5684 illa
3223 5632 3390 5684 morbi
3427 5650 3558 5685 cart-

1972 5718 2111 5759 sam.
2143 5711 2192 5754 et
2222 5702 2618 5769 imperatorem,
2657 5710 2714 5753 ut
2743 5702 2816 5755 eis
2847 5701 3065 5771 ecclesia
3094 5703 3282 5768 quibus
3308 5703 3556 5771 adempta

1973 5773 2200 5894 {uendit
2220 5775 2610 5839 restitueretur,
2643 5773 2867 5844 rogarit.
2909 5770 3014 5826 Sed
3063 5772 3288 5842 (rustra.
3320 5772 3441 5828 Lib.
3474 5789 3554 5841 ιιι,

1973 5859 2090 5894 ean.
2174 5861 2224 5894 ι).

1973 5859 2090 5911 cap.
2142 5859 2224 5902 ιι).
