4286 6438
296 407 402 468 53}

1230 412 1836 473 ECCIESIASTECIE
1877 406 2268 475 IIISTORMZ
2312 418 2462 478 Lill.
2502 417 2576 476 Χ.

3448 418 3550 482 534

294 521 671 590 πεποιημένον
706 519 896 590 ἀνίστη
935 521 1192 590 Χριστῷ,
1225 521 1561 592 ἀμειϐομένη
1595 523 1686 574 τὸν
1721 525 1951 593 εὖερ-,Λ
1979 546 1986 575 ‹

1855 530 1951 587 τΛ
1979 527 2160 580 erexit
2196 536 2459 591 statuam,
2492 529 2731 598 aliquam
2762 533 2956 584 saltem
2980 530 3314 586 benefactori
3344 546 3444 586 suo
3473 531 3544 586 ob

297 613 464 681 γέτην
492 615 558 682 τῇ
589 611 684 665 τοῦ
723 612 928 675 πάθους
964 613 1254 684 ἀπαλλαγῇ
1282 631 1295 644 ·
1332 616 1491 685 χάριν
1523 615 1577 666 δὲ
1613 615 1877 687 πλείστην

293 704 668 773 τερπνότητος
698 706 810 767 τοῖς
844 706 1020 758 ἐκεῖσε
1061 706 1287 774 φοιτῶσι
1318 710 1546 778 παρεῖχε
1580 707 1873 777 θεώμενον.

292 795 408 866 Τῆς
447 796 493 849 δ’
517 797 724 860 εἰκόνος
756 797 969 868 ταύτης
1007 798 1151 852 κατά
1183 802 1308 863 τοὺς
1349 800 1514 863 πόδας
1556 799 1754 870 βπάνη
1792 819 1878 866 τις

289 888 562 955 ἀνεφύετο
592 889 920 960 νοσημάτων
948 893 1246 957 παντοίων,
1279 893 1513 964 μάλιστα
1543 894 1598 947 δέ
1630 899 1730 964 τῆς
1755 894 1879 963 φθι-

290 982 450 1049 νάδος
496 981 657 1035 νόσου
704 982 1180 1053 ἀλεξιφάρμακον.
1224 985 1537 1055 Ἀμήχανον
1580 986 1624 1039 δ’
1652 983 1720 1054 ἦν
1763 988 1878 1050 τοῖς

288 1072 759 1143 θεραπευομένοις
803 1074 865 1129 τὸ
907 1077 1101 1142 αἴτιον,
1144 1081 1274 1148 περὶ
1315 1079 1571 1132 πλείστου
1617 1079 1878 1147 ποιουμέ-

288 1182 403 1221 νοις
432 1165 530 1234 τὴν
561 1165 811 1238 ζήτησιν.
851 1169 1131 1239 Ἐλελήθει
1163 1170 1274 1241 γὰρ
1301 1171 1380 1241 τῷ
1413 1171 1588 1241 χρόνῳ
1609 1211 1624 1236 ,
1660 1173 1754 1225 καὶ
1783 1165 1876 1225 οὗ·

288 1272 436 1319 τ.νος
468 1255 632 1327 ἔφερε
661 1258 760 1326 τὴν
791 1260 1028 1330 μορφὴν,
1056 1262 1150 1315 καὶ
1178 1263 1211 1332 ἡ
1240 1262 1438 1332 πρᾶξις
1465 1263 1531 1316 δι’
1556 1264 1620 1335 ἢν
1649 1264 1879 1334 ἀνεστή-

288 1349 452 1402 λωτο.
485 1348 578 1418 Τῷ
610 1351 719 1419 γὰρ
753 1350 1024 1422 ὕπαιθρον
1053 1352 1150 1406 καὶ
1182 1353 1388 1425 γυμνὸν
1420 1357 1643 1410 ἐστάνιι
1678 1355 1878 1426 στέγης

287 1439 352 1491 τὸ
395 1439 536 1493 θεῖον
576 1442 825 1512 ἄγαλμα,
869 1445 969 1497 οὐκ
1014 1445 1300 1515 ἐλάχιστον
1343 1449 1437 1500 καὶ
1477 1449 1572 1501 τοῦ
1622 1447 1874 1517 σώματος

289 1531 634 1605 συνεχώσθη.
662 1535 774 1589 Καὶ
806 1536 914 1607 γὰρ
944 1536 1141 1607 ὄμϐροι
1171 1540 1277 1608 γῆν
1305 1539 1367 1591 ἐκ
1394 1539 1500 1592 τῶν
1528 1539 1878 1610 ὑψηλοτέρων

288 1623 492 1690 χώρων
543 1627 938 1697 ἐπισυρόμενοι
974 1630 1062 1682 ἀεὶ
1125 1633 1523 1701 προσετίθουν’
1573 1635 1662 1703 ὑφ’
1718 1631 1785 1706 ἦς
1845 1637 1876 1704 ὴ

288 1717 399 1772 τῶν
423 1718 630 1773 ἕκαστα
665 1721 973 1790 δηλούντων
1014 1725 1424 1794 ἐγγράμμάτων
1451 1725 1652 1794 γνῶσις
1684 1729 1877 1796 ἄδηλος

287 1803 380 1871 ἦν.
446 1811 737 1879 Ζητήσεως
791 1807 885 1866 οῦν
943 1832 1073 1868 ποτε
1132 1815 1334 1888 πολλῆς
1393 1819 1691 1890 γενομένης
1749 1823 1877 1890 περὶ

286 1902 388 1970 τῆς
421 1903 643 1972 χάριτος
687 1904 786 1974 τῆς
834 1908 1112 1977 φυομένης
1163 1909 1397 1975 ἐκεῖθεν,
1441 1913 1500 1965 τὸ
1536 1913 1634 1982 μὲν
1675 1930 1874 1982 συγκε·

284 1995 574 2062 χωσμέγον
631 1995 918 2067 ἀνώρυκτο
953 2016 966 2030 ·
1033 2001 1104 2054 τὰ
1166 2002 1224 2055 δὲ
1284 2004 1591 2074 γράμματα
1645 2006 1707 2058 τδ
1777 2008 1876 2075 τῆς

287 2085 534 2153 impia;
561 2085 789 2157 ἀψευδὲς
825 2093 1200 2165 κατεμήνυον,
1231 2098 1326 2148 xui.
1356 2097 1451 2150 τοῦ
1487 2097 1674 2151 λοιποῦ
1709 2101 1741 2170 ἠ
1779 2101 1878 2169 μὲν

288 2176 401 2229 πόα
435 2177 618 2232 οὐκέτι
655 2181 774 2249 μετ’
798 2185 1006 2239 ἐκεῖνον
1039 2185 1196 2256 ὤφθη
1233 2188 1324 2242 τὸν
1347 2190 1559 2261 χρόνον.
1593 2190 1716 2244 οὔτε
1740 2194 1876 2256 ἐκεῖ,

287 2267 410 2321 οὔτ’
435 2271 695 2342 ἀλλαχοῦ.
728 2275 932 2330 Τοῦτον
961 2278 1017 2332 δέ
1065 2279 1158 2332 τὸν
1187 2279 1281 2334 τοῦ
1312 2282 1552 2352 Χριστοῦ
1583 2285 1879 2352 ἀνδριάντα

291 2362 544 2416 ια’)ελὼν
578 2365 889 2433 Ἰουλιανὸς,
908 2369 999 2423 τδν
1021 2371 1216 2425 ἑαυτοῦ
1233 2374 1309 2444 τῷ
1328 2375 1466 2428 κίονι
1489 2376 1734 2445 άνθιστᾷ.
1761 2378 1878 2450 Πῦρ

287 2454 338 2505 δ’
371 2456 637 2526 ἐξαπίνης
668 2461 962 2530 οὐρανόθεν
984 2464 1314 2522 ἐπεισπεσδν
1337 2469 1528 2538 βίαιον,
1544 2471 1879 2541 τέμνεικατὰ

285 2545 350 2595 τὸ
395 2547 590 2618 στῆθος
619 2550 681 2602 τδ
726 2553 949 2625 ἄγαλμα
969 2573 982 2587 ·
1015 2559 1110 2610 καὶ
1137 2559 1236 2630 τὴν
1265 2563 1507 2633 κεφαλὴν
1534 2563 1751 2634 σύναμα
1798 2566 1879 2634 τῷ

288 2638 485 2706 αὐχένι
529 2641 833 2708 ἀποϐαλὸν,
879 2648 1015 2701 καθὸ
1036 2651 1130 2702 καὶ
1152 2651 1213 2705 τὸ
1236 2653 1532 2724 διερρωγὸς
1552 2656 1629 2726 τῷ
1672 2659 1878 2726 στέρνῳ

289 2731 549 2798 ἐγένετο,
591 2735 686 2787 ἐπὶ
721 2739 1019 2805 πρόσωπον
1053 2745 1292 2812 πήγνυσι
1319 2761 1332 2776 ’
1369 2749 1460 2800 καὶ
1497 2750 1576 2811 είς
1614 2750 1748 2803 πολὺ
1784 2751 1877 2803 τοῦ

289 2823 491 2890 χρόνου
543 2826 818 2896 διέμεινε,
864 2833 967 2902 τὴν
1013 2835 1310 2906 κεραυνίαν
1358 2839 1586 2910 αῑοάλην
1633 2842 1880 2911 ἐναργῶς

294 2917 614 2985 στηλιτεῦον
644 2920 803 2977 τοῦτο
834 2924 895 2977 τὸ
929 2925 1174 2996 ἄγαλμα.
1208 2929 1313 2982 Τόν
1346 2947 1410 2997 γε
1449 2933 1558 3000 μὴν
1589 2934 1880 3002 ἀνδριάντα

290 3007 536 3075 Χριστοῦ
583 3015 1059 3085 μεταστησάμενοι
1093 3020 1393 3085 τηνικαῦτα
1436 3025 1784 3094 Χριστιανοὶ,
1822 3029 1880 3082 ἐν

290 3100 372 3170 τῷ
411 3103 515 3172 τῆς
559 3105 858 3176 ἐκκλησίας
899 3109 1196 3182 διακονικῷ
1241 3114 1445 3181 ἔθεντο,
1486 3119 1555 3172 τὰ
1599 3122 1881 3189 πρέποντα

1981 616 2272 684 depulsum
2305 619 2410 673 sibi
2445 635 2663 689 gravem
2699 620 2977 686 morbum,
3011 619 3191 674 cilicio
3217 636 3285 675 eo
3310 621 3542 689 gratiam

1984 710 2316 779 rependens.
2382 711 2576 766 Statua
2632 713 2746 782 ipsa
2799 713 3182 782 spectantibus
3240 713 3543 784 plurimum

1983 803 2219 874 prmbuit
2271 806 2459 874 gratiae
2515 816 2571 861 et
2629 806 2986 861 amoenitatis.
3044 805 3125 859 Ad
3183 805 3347 875 hujus
3376 805 3547 873 pedes

1984 895 2154 950 herba
2211 906 2373 951 enata
2435 908 2540 963 est,
2607 899 3097 967 praesentissimum
3151 896 3548 964 mgritudinum

1981 991 2255 1053 omnium,
2285 991 2632 1058 potissimum
2663 1005 2792 1046 vero
2819 990 2991 1044 tabidi
3014 989 3193 1045 morbi
3218 988 3546 1044 remedium.

1983 1082 2050 1136 Et
2079 1097 2206 1137 eum
2244 1082 2336 1152 qui
2362 1099 2426 1136 ea
2458 1083 2818 1147 curahantur,
2851 1098 3066 1137 suunna
3097 1082 3386 1150 diligentia
3418 1094 3552 1135 cau-

1983 1190 2102 1230 sam
2133 1184 2299 1229 tantat
2336 1175 2593 1230 eﬂicacite
2635 1175 3003 1244 inquirerent,
3057 1175 3312 1229 invenire
3365 1181 3550 1227 tamen

1981 1284 2105 1324 eam
2142 1268 2370 1324 omnino
2395 1285 2504 1323 non
2546 1281 2798 1339 potuere.
2834 1268 3121 1338 Temporis
3145 1267 3294 1323 enim
3329 1266 3553 1321 diutur-

1981 1365 2155 1418 nitate
2209 1371 2267 1418 et
2327 1363 2609 1417 oblivione
2671 1362 3068 1424 interciderat.
3136 1361 3424 1431 cuiusnam
3483 1374 3548 1412 ea

1982 1469 2166 1516 statua
2221 1460 2450 1514 formam
2513 1457 2767 1520 referret,
2825 1466 2881 1510 et
2932 1457 3091 1526 cujus
3132 1457 3217 1509 rei
3259 1454 3436 1522 gratia
3477 1451 3550 1506 ibi

1979 1564 2127 1609 esset
2149 1555 2438 1608 collocata.
2467 1553 2622 1618 Quod
2651 1567 2888 1620 namque
2915 1550 3167 1604 divinum
3190 1547 3548 1603 simulacrum

1981 1649 2085 1704 sub
2117 1648 2212 1705 dio
2242 1655 2469 1703 astarct.
2507 1661 2615 1698 non
2647 1660 2838 1713 parum
2882 1658 3086 1712 corpus
3113 1642 3234 1712 ejus
3268 1640 3434 1694 etiam
3467 1648 3554 1696 est

1984 1740 2353 1799 immutatum,
2408 1746 2462 1788 ct
2524 1735 2733 1788 imbres
2785 1748 2852 1786 ex
2895 1733 3034 1787 locis
3061 1729 3450 1801 superioribus
3483 1728 3551 1782 li-

1984 1846 2131 1885 mum
2155 1846 2344 1887 secum
2396 1828 2702 1891 trahentes,
2739 1835 2934 1879 statua:
2982 1825 3084 1894 ipsi
3138 1831 3493 1893 aggesserant
3540 1837 3555 1874 :

1979 1938 2144 1994 qtaam
2199 1922 2272 1976 ob
2327 1937 2551 1975 causam
2606 1920 2855 1986 cognitio
2903 1934 2990 1981 ea,
3053 1933 3177 1986 qua:
3229 1931 3297 1971 ex
3354 1913 3555 1968 littoris

1979 2013 2166 2067 omnia
2226 2011 2605 2065 indicantibus
2665 2008 2966 2078 provenit.
3042 2007 3252 2060 incerta
3315 2001 3548 2057 reddita.

1980 2105 2253 2159 Cicterum
2291 2118 2416 2156 cum
2451 2117 2583 2154 cura
2623 2111 2681 2154 et
2729 2098 3017 2167 diligentia
3075 2096 3281 2166 majore
3328 2108 3553 2164 pecnia-

1983 2213 2118 2251 uans
2149 2196 2275 2250 inde
2304 2196 2479 2265 gratia
2511 2193 2966 2262 iuvestigaretur,
3000 2204 3151 2246 terra
3196 2190 3289 2244 illa
3323 2188 3548 2247 etfossa,

1980 2290 2179 2344 litterae
2210 2297 2323 2342 tum
2357 2288 2578 2341 demum
2613 2295 2969 2355 apparentes,
3019 2299 3134 2337 rem
3184 2283 3357 2350 ipsam
3396 2287 3550 2333 certo

1982 2382 2318 2435 indicarunt.
2372 2380 2438 2434 Et
2471 2379 2734 2447 deinceps
2771 2376 2944 2431 herba
2966 2392 3052 2442 ea,
3085 2375 3156 2429 ab
3187 2389 3256 2430 eo
3280 2383 3549 2441 tempore,

1981 2487 2160 2534 neque
2189 2486 2258 2524 eo
2293 2471 2412 2539 ipso
2445 2484 2624 2537 neque
2655 2468 2764 2520 alio
2795 2468 2921 2521 loco
2951 2475 3036 2519 est
3073 2471 3394 2532 conspecta.
3440 2459 3548 2515 Sed

1980 2567 2129 2621 enim
2174 2562 2378 2617 Christi
2431 2570 2612 2616 statua
2656 2560 2910 2615 Julianus
2963 2557 3202 2627 dejecta.
3245 2569 3401 2609 suam
3431 2552 3549 2620 ipse

1982 2662 2035 2713 iu
2077 2661 2258 2714 locum
2284 2659 2406 2728 ejus
2448 2657 2502 2709 in
2531 2655 2788 2710 columna
2815 2652 3126 2707 constituit.
3184 2651 3251 2704 Et
3287 2663 3420 2703 ecce
3451 2647 3552 2701 de-

1983 2761 2209 2821 repente
2243 2750 2387 2819 ignis
2413 2765 2439 2800 e
2468 2748 2612 2801 cwlo
2655 2747 2958 2799 vehemens
3006 2744 3274 2812 deiectus,
3316 2739 3552 2794 simula-

1981 2860 2137 2900 crum
2197 2843 2343 2897 illius
2395 2841 2539 2894 circa
2599 2849 2790 2907 pectus
2821 2836 3045 2890 discidit
3078 2853 3093 2889 :
3132 2844 3412 2904 caputque
3444 2846 3554 2885 una

1982 2955 2108 2993 cum
2151 2937 2298 2992 collo
2344 2935 2643 3004 dejectutn,
2709 2943 2763 2985 et
2816 2947 2845 2985 a
2907 2941 3130 2999 pectore
3164 2928 3463 2996 abruptum
3495 2924 3551 2978 in

1982 3031 2185 3086 faciem
2229 3027 2550 3099 prostravit.
2591 3026 2768 3094 Atque
2807 3024 2858 3078 id
2885 3025 3050 3092 longo
3085 3032 3272 3090 postea
3302 3030 3549 3090 tempore

1984 3129 2065 3182 sic
2096 3123 2338 3187 duravit,
2374 3121 2662 3192 fuliginem
2691 3134 2815 3174 eam
2852 3118 3103 3172 fulminis
3133 3126 3348 3185 aperte,
3381 3114 3553 3169 veluti

293 3196 734 3265 θεραπεύοντες,
775 3202 963 3254 στάσει
997 3221 1055 3258 τε
1098 3208 1403 3276 σεμνοτέρςι
1441 3210 1710 3278 τιμῶντες
1735 3229 1748 3240 ·
1784 3214 1879 3267 καὶ
1911 3215 1952 3276 ε

1860 3214 1952 3276 ιε
1985 3235 2082 3289 per
2116 3213 2540 3285 inscriptionem
2596 3213 2873 3267 columna:
2922 3209 3178 3273 incisam,
3226 3203 3552 3263 tcStiiicans.

290 3287 354 3336 τὸ
391 3287 513 3356 μεθ’
535 3290 730 3361 ἡδονῆς
760 3292 838 3363 τῷ
868 3294 1034 3365 χώρῳ
1065 3300 1258 3369 φοιτᾷν
1285 3314 1300 3329 ⁸
1331 3299 1594 3369 θεώμενοι
1622 3318 1684 3354 τε
1710 3302 1770 3355 τὸ
1802 3301 1878 3355 εἷ-

289 3378 387 3440 δος
407 3417 423 3442 ,
458 3382 554 3433 καὶ
582 3382 674 3434 τὸν
705 3386 836 3455 περὶ
865 3386 927 3439 τὸ
951 3390 1266 3457 ἀρχέτυπον
1295 3392 1461 3445 πόθον
1492 3393 1877 3465 ἐπιδεικνύμε-

289 3491 399 3527 νοι.
436 3472 562 3537 Τοῖς
597 3476 653 3528 δὲ
682 3476 779 3530 τοῦ
813 3479 1111 3543 δυσσεϐοῦς
1141 3482 1336 3536 τούτου
1370 3487 1620 3554 χρόνοις,
1654 3489 1716 3540 τὸ
1749 3489 1881 3558 περὶ

287 3565 394 3634 τὴν
427 3566 679 3621 Πανεάδα
711 3568 1024 3639 Ἑλληνικὸν
1056 3573 1474 3642 ἀναφλεγέντες,
1506 3577 1603 3648 τῆς
1633 3581 1880 3642 στάσεως

288 3652 772 3728 ἀνασπασάμενοι,
827 3662 922 3716 καὶ
967 3664 1076 3717 τῶν
1124 3665 1306 3719 ποδῶν
1354 3668 1741 3739 ἐκδησάμενοι,
1793 3672 1881 3725 διὰ

293 3750 476 3817 μέσης
506 3745 645 3820 ἦγον
674 3752 775 3819 τῆς
811 3752 1090 3826 λεωφόρου
1111 3798 1127 3823 ,
1163 3760 1272 3812 πάν
1304 3755 1442 3824 εἶδος
1476 3761 1734 3826 ἀσεϐείας
1765 3764 1882 3817 δια-

291 3842 690 3912 πραττόμενοι.
727 3846 801 3899 Τὸ
841 3847 941 3916 μὲν
971 3848 1066 3901 οῦν
1097 3850 1424 3922 ἀλλο“σῶμα
1452 3855 1532 3917 εἰς
1567 3857 1735 3925 μέρος
1770 3856 1883 3912 διέο

295 3949 521 3985 σπάσαν
542 3949 555 3963 ⁶
581 3937 680 4003 τὴν
703 3935 760 3988 δὲ
789 3938 1033 4011 κεφαλὴν
1054 3939 1132 4008 τῷ
1160 3941 1424 4007 σύρεσθαι
1447 3945 1546 4013 τῆς
1571 3943 1883 4013 όλομελείας

287 4024 668 4094 διαξυγείσαν,
689 4028 800 4080 τῶν
823 4046 965 4092 τινες
990 4033 1102 4093 τοῖς
1126 4032 1425 4101 δρωμένοις
1446 4034 1526 4098 ὡς
1551 4035 1697 4098 είκὸς
1721 4037 1885 4089 ἐπαλ-

290 4115 564 4181 γούντων,
611 4118 915 4188 λεληθότως
956 4138 1016 4174 τε
1061 4125 1410 4189 ἀνελάὸοντο,
1455 4128 1550 4180 καὶ
1593 4128 1668 4192 ὦς
1709 4146 1772 4198 γε
1818 4125 1884 4199 ἦν

291 4209 484 4269 αὐτοῖς
514 4209 776 4275 δυνατὸν,
803 4213 1159 4270 διεσώσαντο.
1191 4215 1469 4282 Ὡσαύτως
1500 4219 1558 4272 δὲ
1591 4223 1686 4274 καὶ
1716 4222 1886 4276 τᾶλλα

291 4299 392 4352 τοῦ
440 4299 697 4370 σώματος
740 4305 1150 4378 συλλεξάμενοι,
1188 4311 1566 4385 τῇ“ὲκκλησῐᾳ
1609 4315 1884 4370 ἀνέθεντο.

290 4395 370 4446 Τὸ
402 4395 460 4447 δὲ
491 4399 768 4465 φυόμενον
798 4404 898 4469 τῆς
930 4401 1166 4472 βοτάνης
1197 4407 1375 4459 ἐκεῖνο
1402 4401 1535 4470 εἶδος
1572 4408 1748 4463 οὐδενὶ
1776 4410 1887 4463 τῶν

294 4487 506 4556 inspth
535 4489 568 4560 ἢ
603 4492 733 4561 περὶ
762 4493 830 4544 τά
861 4493 1088 4548 τοιαῦτα
1121 4497 1404 4568 ἐμπείρων
1433 4499 1593 4570 δῆλον
1624 4502 1882 4572 κατέστη.

1985 3314 2234 3368 Statuam
2263 3320 2446 3363 autem
2494 3306 2700 3361 Christi
2752 3303 3057 3360 Christiani
3094 3312 3210 3356 tum
3247 3301 3302 3355 in
3353 3301 3550 3354 Diaco-

1983 3407 2169 3459 nicutn
2202 3403 2453 3458 coelesiae
2491 3400 2930 3478 transtulerunt,
2959 3407 3015 3452 et
3047 3394 3402 3449 honoratiore
3433 3394 3555 3448 loco

1984 3495 2242 3566 positam,
2271 3495 2425 3548 cultu
2456 3489 2809 3546 eonvenieuti
2849 3487 3123 3559 prosecuti
3156 3495 3307 3541 sunt.
3346 3484 3554 3538 Locum

1983 3603 2222 3657 namque
2248 3601 2377 3641 eum
2394 3587 2648 3640 libenter
2677 3583 3121 3652 frequentantes,
3162 3589 3216 3633 et
3257 3577 3551 3646 imaginem

1983 3681 2158 3755 ipsum
2199 3680 2596 3748 inspectantes,
2634 3675 2980 3730 desiderium
3018 3687 3180 3728 suum
3211 3680 3267 3728 et
3306 3681 3554 3724 amorem

1981 3787 2112 3843 erga
2174 3780 2371 3826 statua:
2445 3770 2620 3839 ipsius
2688 3769 3051 3836 archetypum
3115 3763 3554 3835 primariuutque

1982 3866 2264 3935 exemplar
2320 3863 2699 3918 declararunt.
2764 3859 2922 3930 [mpii
2977 3874 3144 3929 porro
3200 3856 3558 3926 imperatoris

1985 3965 2148 4019 istius
2175 3961 2538 4030 temporibus,
2574 3960 2668 4028 qui
2695 3957 2948 4012 Paneadc
2973 3957 3152 4019 fuere,
3208 3955 3410 4030 Graeca:
3458 3969 3555 4006 su—

1984 4053 2328 4125 perstitionis
2378 4060 2703 4114 sectatores,
2767 4049 3055 4109 concitati.
3114 4029 3352 4101 statuam
3406 4059 3553 4104 eam,

1985 4148 2150 4203 sicuti
2201 4145 2340 4212 dixi,
2396 4145 2519 4200 loco
2569 4159 2672 4199 suo
2733 4151 2961 4207 motam,
3008 4141 3238 4195 funibus
3287 4139 3357 4193 ad
3380 4139 3556 4208 pedes

1986 4240 2208 4300 vinctis,
2242 4254 2341 4308 per
2373 4238 2609 4292 mediam
2657 4247 2875 4290 traxere
2911 4235 3076 4297 viam,
3137 4235 3399 4304 omnique
3449 4235 3556 4288 im-

1987 4332 2203 4403 pietatis
2227 4344 2431 4401 geuere
2464 4326 3026 4384 contumeliosissime
3051 4324 3309 4380 aﬁeeere.
3341 4322 3449 4394 71
3483 4325 3556 4377 ita

1988 4425 2070 4479 illi
2105 4422 2380 4491 reliquum
2434 4417 2690 4489 imaginis
2723 4432 2926 4486 corpus
2974 4417 3447 4478 comminuerunt,
3503 4426 3559 4468 et

1989 4524 2158 4585 caput
2210 4529 2242 4568 a
2297 4513 2564 4567 membris
2621 4513 2740 4565 suis
2804 4510 3086 4564 divulsum
3154 4509 3557 4563 distraxerunt.

294 4582 408 4633 Καί
437 4599 533 4651 μοι
556 4583 705 4636 δοκεί
732 4584 905 4654 μηδὲν
930 4582 1072 4640 εἶναι
1095 4566 1406 4659 θαῦμα-καὶ
1435 4566 1592 4656 ξένας
1619 4590 1760 4646 εἶναι
1786 4566 1884 4659 τάς
1913 4566 1966 4627 D

1871 4614 1884 4659 :
1913 4566 1966 4627 Β
1991 4606 2150 4673 Quod
2179 4621 2311 4661 sane
2343 4604 2621 4668 nonnulli,
2650 4603 2746 4672 qui
2781 4601 2984 4672 ﬂagitio
3011 4608 3185 4664 tanto,
3243 4601 3316 4652 ita
3371 4610 3431 4654 ut
3466 4615 3563 4666 par

291 4673 626 4742 εὖεργεσίας
645 4675 977 4747 ἀνθρώποις,
1001 4679 1341 4752 ξενοτρόπως
1363 4684 1497 4737 Θεοῦ
1515 4685 1726 4748 τούτοις
1749 4689 1887 4758 ᾑρη-

295 4765 468 4835 μένου
497 4767 788 4837 ἐπιδημεῖν
809 4784 824 4799 ⁸
854 4770 935 4823 ὅτι
964 4787 1027 4838 γε
1060 4772 1154 4824 καὶ
1181 4772 1319 4826 ἀλλα
1347 4774 1576 4830 πλεῖστα
1604 4779 1883 4848 παράδοξα

293 4859 442 4911 κατὰ
485 4861 671 4930 χώρας
714 4863 810 4915 καὶ
849 4864 1047 4933 κώμας
1085 4867 1270 4934 μόνοις
1303 4872 1414 4930 τοῖς
1453 4871 1776 4942 ἐπιχωρίοις
1813 4873 1890 4937 ὡς

291 4949 448 5013 εἰκὸς
500 4949 772 5017 ἔγνωσται
817 4957 884 5026 τῇ
931 4956 991 5023 ἐξ
1035 4959 1267 5028 ἀρχαίου
1321 4963 1617 5030 παραδόσει
1666 4965 1888 5032 διεγνω-

292 5043 500 5110 σμένα.
534 5044 658 5099 Ὀτι
690 5044 738 5098 δ’
765 5047 967 5118 ἀληθὲς
999 5051 1060 5104 τὸ
1094 5053 1389 5124 λεγόμενον
1412 5094 1427 5121 ,
1464 5057 1635 5125 ἐγγὺς
1668 5061 1697 5112 ό
1731 5059 1888 5128 λόγος

286 5134 513 5204 δηλοῦν.
885 5158 888 5162 ·

1991 4707 2132 4762 erat,
2166 4696 2480 4761 indoluere,
2508 4697 2650 4750 clam
2691 4695 2993 4756 sublatum,
3025 4693 3183 4746 sicuti
3238 4703 3559 4761 potuerunt.

1995 4798 2397 4846 conservarunt
2439 4805 2454 4841 :
2502 4787 2808 4855 itidemque
2839 4796 2896 4839 et
2928 4785 3064 4839 alias
3096 4787 3349 4853 corporis
3379 4794 3568 4852 partes

1994 4883 2258 4937 collectas
2295 4882 2349 4935 in
2378 4879 2615 4935 ecclesia
2673 4887 3069 4948 reposuerunt.
3127 4877 3349 4937 llerbm,
3401 4891 3566 4945 quam

1994 4969 2070 5023 ibi
2101 4983 2321 5024 enatam
2357 4971 2619 5033 diximus,
2657 4969 2871 5038 species
2909 4968 3042 5022 nulli
3077 4968 3160 5021 vel
3196 4968 3563 5025 medicorum.

1992 5061 2076 5116 vel
2110 5063 2340 5115 aliorum
2374 5062 2630 5131 peritiam
2681 5061 2871 5116 talium
2904 5077 3088 5116 rerum
3113 5061 3558 5123 consectantium

1989 5158 2206 5224 cngnita
2233 5155 2356 5212 iuit.
2391 5156 2522 5210 Mihi
2548 5172 2679 5211 vero
2712 5157 2939 5210 minime
2971 5156 3286 5208 mirandum
3322 5156 3556 5212 videtin.

293 5244 450 5335 nova.
481 5228 808 5335 hominibus
835 5235 1086 5292 exhiberi
1117 5238 1407 5307 beneficia,
1456 5258 1603 5297 novo
1646 5245 1883 5300 subinde
1925 5249 2090 5301 modo
2130 5249 2238 5303 Deo
2301 5252 2418 5318 ipso
2487 5266 2583 5306 eos
2630 5252 2923 5306 invisente.
2983 5252 3119 5306 Nam
3177 5249 3281 5303 alia
3338 5265 3563 5319 quoque

293 5325 546 5391 plurima
593 5330 886 5394 miracula,
937 5347 1062 5402 qure
1118 5335 1172 5388 in
1223 5336 1395 5391 certis
1443 5339 1582 5394 vicis
1624 5355 1686 5394 ac
1755 5342 2077 5411 regionibus
2141 5356 2291 5408 sunt,
2323 5346 2454 5399 solis
2494 5346 2714 5411 incolis,
2746 5347 2908 5400 sicuti
2957 5354 3398 5401 consentaneum
3450 5354 3559 5408 eat.

288 5433 368 5472 ex
402 5428 624 5475 vetusta
652 5423 926 5494 majorum
962 5425 1264 5484 traditione
1292 5441 1421 5486 nota
1457 5448 1600 5503 esse,
1644 5450 1766 5503 qua
1798 5437 2055 5504 sequitur
2101 5440 2346 5495 narratio
2376 5441 2665 5496 verissime
2694 5441 2962 5496 declarat.
