  <div class='ocr_page' id='page_1' title='image "/cluster/home/n/w/nwhite01/storage/ocr_20150623/146/nnc1.0046980610/294.png"; bbox 0 0 4288 6438; ppageno 0'>
   <div class='ocr_carea' id='block_1_1' title="bbox 221 443 326 510">
    <p class='ocr_par' dir='ltr' id='par_1_1' title="bbox 221 443 326 510">
     <span class='ocr_line' id='line_1_1' title="bbox 221 443 326 510; baseline -0.019 -1"><span class='ocrx_word' id='word_1_1' title='bbox 221 443 326 510; x_wconf 72' lang='lat'><strong>521</strong></span> 
     </span>
    </p>
   </div>
   <div class='ocr_carea' id='block_1_2' title="bbox 1159 445 2483 508">
    <p class='ocr_par' dir='ltr' id='par_1_2' title="bbox 1159 445 2483 508">
     <span class='ocr_line' id='line_1_2' title="bbox 1159 445 2483 508; baseline -0.001 -3"><span class='ocrx_word' id='word_1_2' title='bbox 1159 445 1762 505; x_wconf 67' lang='lat' dir='ltr'><strong>ECCLESUSTICE</strong></span> <span class='ocrx_word' id='word_1_3' title='bbox 1802 445 2195 508; x_wconf 70' lang='lat' dir='ltr'><strong>HISTORLE</strong></span> <span class='ocrx_word' id='word_1_4' title='bbox 2234 447 2380 508; x_wconf 83' lang='lat' dir='ltr'><strong>LIB.</strong></span> <span class='ocrx_word' id='word_1_5' title='bbox 2416 447 2483 506; x_wconf 80' lang='grc' dir='ltr'><strong>Χ.</strong></span> 
     </span>
    </p>
   </div>
   <div class='ocr_carea' id='block_1_3' title="bbox 3377 453 3478 519">
    <p class='ocr_par' dir='ltr' id='par_1_3' title="bbox 3377 453 3478 519">
     <span class='ocr_line' id='line_1_3' title="bbox 3377 453 3478 519; baseline 0.059 -6"><span class='ocrx_word' id='word_1_6' title='bbox 3377 453 3478 519; x_wconf 66' lang='lat'><strong>592</strong></span> 
     </span>
    </p>
   </div>
   <div class='ocr_carea' id='block_1_4' title="bbox 220 555 1913 636">
    <p class='ocr_par' dir='ltr' id='par_1_4' title="bbox 220 555 1913 633">
     <span class='ocr_line' id='line_1_4' title="bbox 220 555 1913 633; baseline -0.005 -17"><span class='ocrx_word' id='word_1_7' title='bbox 220 565 407 633; x_wconf 71' lang='grc' dir='ltr'>ἔρωτα</span> <span class='ocrx_word' id='word_1_8' title='bbox 447 561 492 615; x_wconf 80' lang='grc' dir='ltr'>δ’</span> <span class='ocrx_word' id='word_1_9' title='bbox 523 555 636 614; x_wconf 74' lang='grc' dir='ltr'>οἷον</span> <span class='ocrx_word' id='word_1_10' title='bbox 673 559 1205 632; x_wconf 67' lang='grc' dir='ltr'><strong>παραμυθούμενον,</strong></span> <span class='ocrx_word' id='word_1_11' title='bbox 1241 565 1346 622; x_wconf 78' lang='grc' dir='ltr'>τοῖς</span> <span class='ocrx_word' id='word_1_12' title='bbox 1381 560 1480 630; x_wconf 68' lang='grc' dir='ltr'><strong>τῆς</strong></span> <span class='ocrx_word' id='word_1_13' title='bbox 1521 562 1805 632; x_wconf 74' lang='grc' dir='ltr'><strong>ἐρωμένης</strong></span> <span class='ocrx_word' id='word_1_14' title='bbox 1835 563 1878 621; x_wconf 82' lang='grc' dir='ltr'><strong>Α</strong></span> <span class='ocrx_word' id='word_1_15' title='bbox 1909 583 1913 608; x_wconf 70' lang='grc' dir='ltr'><strong>ι</strong></span> 
     </span>
    </p>
   </div>
   <div class='ocr_carea' id='block_1_5' title="bbox 1785 555 3478 636">
    <p class='ocr_par' dir='ltr' id='par_1_5' title="bbox 1785 561 3478 636">
     <span class='ocr_line' id='line_1_5' title="bbox 1785 561 3478 636; baseline 0.005 -23"><span class='ocrx_word' id='word_1_16' title='bbox 1785 563 1878 622; x_wconf 82' lang='grc' dir='ltr'>ςΑ</span> <span class='ocrx_word' id='word_1_17' title='bbox 1909 576 2282 618; x_wconf 82' lang='lat' dir='ltr'><strong>conversam:</strong></span> <span class='ocrx_word' id='word_1_18' title='bbox 2339 561 2517 630; x_wconf 90' lang='lat' dir='ltr'><strong>ipsum</strong></span> <span class='ocrx_word' id='word_1_19' title='bbox 2567 573 2749 616; x_wconf 85' lang='lat' dir='ltr'><strong>autem</strong></span> <span class='ocrx_word' id='word_1_20' title='bbox 2802 563 2964 617; x_wconf 86' lang='lat' dir='ltr'><strong>deum</strong></span> <span class='ocrx_word' id='word_1_21' title='bbox 3009 577 3076 618; x_wconf 90' lang='lat' dir='ltr'><strong>ne</strong></span> <span class='ocrx_word' id='word_1_22' title='bbox 3132 565 3210 620; x_wconf 92' lang='lat' dir='ltr'><strong>sic</strong></span> <span class='ocrx_word' id='word_1_23' title='bbox 3257 569 3478 636; x_wconf 84' lang='lat' dir='ltr'><strong>quidem</strong></span> 
     </span>
    </p>
   </div>
   <div class='ocr_carea' id='block_1_6' title="bbox 218 653 1806 725">
    <p class='ocr_par' dir='ltr' id='par_1_6' title="bbox 218 653 1806 725">
     <span class='ocr_line' id='line_1_6' title="bbox 218 653 1806 725; baseline -0.003 -15"><span class='ocrx_word' id='word_1_24' title='bbox 218 655 444 716; x_wconf 69' lang='grc' dir='ltr'>κλάδοις</span> <span class='ocrx_word' id='word_1_25' title='bbox 478 653 578 725; x_wconf 75' lang='grc' dir='ltr'>τὴν</span> <span class='ocrx_word' id='word_1_26' title='bbox 612 653 862 723; x_wconf 75' lang='grc' dir='ltr'>κεφαλὴν</span> <span class='ocrx_word' id='word_1_27' title='bbox 898 653 1310 721; x_wconf 73' lang='grc' dir='ltr'>ἀναδήσασθαι,</span> <span class='ocrx_word' id='word_1_28' title='bbox 1349 654 1443 706; x_wconf 90' lang='grc' dir='ltr'><strong>καί</strong></span> <span class='ocrx_word' id='word_1_29' title='bbox 1488 671 1548 720; x_wconf 83' lang='grc' dir='ltr'><strong>γε</strong></span> <span class='ocrx_word' id='word_1_30' title='bbox 1591 654 1806 723; x_wconf 79' lang='grc' dir='ltr'><strong>δένδρον</strong></span> 
     </span>
    </p>
   </div>
   <div class='ocr_carea' id='block_1_7' title="bbox 217 744 1808 815">
    <p class='ocr_par' dir='ltr' id='par_1_7' title="bbox 217 744 1808 815">
     <span class='ocr_line' id='line_1_7' title="bbox 217 744 1808 815; baseline 0.001 -18"><span class='ocrx_word' id='word_1_31' title='bbox 217 746 566 815; x_wconf 81' lang='grc' dir='ltr'><strong>γενομένην,</strong></span> <span class='ocrx_word' id='word_1_32' title='bbox 605 744 1018 815; x_wconf 75' lang='grc' dir='ltr'><strong>περιπλακῆναι</strong></span> <span class='ocrx_word' id='word_1_33' title='bbox 1062 746 1156 797; x_wconf 74' lang='grc' dir='ltr'>καὶ</span> <span class='ocrx_word' id='word_1_34' title='bbox 1203 745 1674 814; x_wconf 80' lang='grc' dir='ltr'>περιπτύξασθαι,</span> <span class='ocrx_word' id='word_1_35' title='bbox 1713 745 1808 798; x_wconf 80' lang='grc' dir='ltr'>καὶ</span> 
     </span>
    </p>
   </div>
   <div class='ocr_carea' id='block_1_8' title="bbox 222 837 1806 911">
    <p class='ocr_par' dir='ltr' id='par_1_8' title="bbox 222 837 1806 911">
     <span class='ocr_line' id='line_1_8' title="bbox 222 837 1806 911; baseline 0 -20"><span class='ocrx_word' id='word_1_36' title='bbox 222 840 350 911; x_wconf 76' lang='grc' dir='ltr'>μηδ’</span> <span class='ocrx_word' id='word_1_37' title='bbox 383 837 830 893; x_wconf 68' lang='grc' dir='ltr'><strong>ἀπαλλάττεσθαι</strong></span> <span class='ocrx_word' id='word_1_38' title='bbox 875 839 1020 907; x_wconf 84' lang='grc' dir='ltr'>μάλα</span> <span class='ocrx_word' id='word_1_39' title='bbox 1063 840 1334 909; x_wconf 61' lang='grc' dir='ltr'>αἱρεῖσθαι</span> <span class='ocrx_word' id='word_1_40' title='bbox 1364 879 1379 902; x_wconf 89' lang='grc'>,</span> <span class='ocrx_word' id='word_1_41' title='bbox 1423 839 1560 894; x_wconf 85' lang='grc' dir='ltr'>ἀλλὰ</span> <span class='ocrx_word' id='word_1_42' title='bbox 1606 855 1806 907; x_wconf 69' lang='grc' dir='ltr'>προσει-</span> 
     </span>
    </p>
   </div>
   <div class='ocr_carea' id='block_1_9' title="bbox 215 932 1807 1006">
    <p class='ocr_par' dir='ltr' id='par_1_9' title="bbox 215 932 1807 1006">
     <span class='ocr_line' id='line_1_9' title="bbox 215 932 1807 1006; baseline -0.001 -19"><span class='ocrx_word' id='word_1_43' title='bbox 215 933 440 1004; x_wconf 85' lang='grc' dir='ltr'>δρεύειν</span> <span class='ocrx_word' id='word_1_44' title='bbox 460 933 634 1006; x_wconf 82' lang='grc' dir='ltr'>ταύτῃ</span> <span class='ocrx_word' id='word_1_45' title='bbox 662 934 757 985; x_wconf 68' lang='grc' dir='ltr'>σὺν</span> <span class='ocrx_word' id='word_1_46' title='bbox 785 933 1115 1001; x_wconf 79' lang='grc' dir='ltr'>ἀστειότητι.</span> <span class='ocrx_word' id='word_1_47' title='bbox 1141 932 1436 986; x_wconf 78' lang='grc' dir='ltr'>κάντεῦθεν</span> <span class='ocrx_word' id='word_1_48' title='bbox 1461 934 1556 985; x_wconf 76' lang='grc' dir='ltr'>καὶ</span> <span class='ocrx_word' id='word_1_49' title='bbox 1578 933 1807 1003; x_wconf 77' lang='grc' dir='ltr'>τιμῆσαι</span> 
     </span>
    </p>
   </div>
   <div class='ocr_carea' id='block_1_10' title="bbox 217 1024 1810 1096">
    <p class='ocr_par' dir='ltr' id='par_1_10' title="bbox 217 1024 1810 1096">
     <span class='ocr_line' id='line_1_10' title="bbox 217 1024 1810 1096; baseline 0 -18"><span class='ocrx_word' id='word_1_50' title='bbox 217 1029 316 1078; x_wconf 62' lang='grc' dir='ltr'>τὸν</span> <span class='ocrx_word' id='word_1_51' title='bbox 359 1025 540 1096; x_wconf 74' lang='grc' dir='ltr'>χῶρον</span> <span class='ocrx_word' id='word_1_52' title='bbox 585 1028 653 1096; x_wconf 73' lang='grc' dir='ltr'>τῇ</span> <span class='ocrx_word' id='word_1_53' title='bbox 700 1026 891 1096; x_wconf 77' lang='grc' dir='ltr'>μακρᾷ</span> <span class='ocrx_word' id='word_1_54' title='bbox 932 1024 1299 1095; x_wconf 79' lang='grc' dir='ltr'>προσεδρείᾳ’</span> <span class='ocrx_word' id='word_1_55' title='bbox 1347 1028 1440 1078; x_wconf 77' lang='grc' dir='ltr'>καὶ</span> <span class='ocrx_word' id='word_1_56' title='bbox 1483 1026 1591 1077; x_wconf 83' lang='grc' dir='ltr'><strong>τῶν</strong></span> <span class='ocrx_word' id='word_1_57' title='bbox 1632 1025 1810 1078; x_wconf 73' lang='grc' dir='ltr'>ἄλλων</span> 
     </span>
    </p>
   </div>
   <div class='ocr_carea' id='block_1_11' title="bbox 217 1120 1807 1192">
    <p class='ocr_par' dir='ltr' id='par_1_11' title="bbox 217 1120 1807 1192">
     <span class='ocr_line' id='line_1_11' title="bbox 217 1120 1807 1192; baseline 0.003 -20"><span class='ocrx_word' id='word_1_58' title='bbox 217 1122 420 1192; x_wconf 78' lang='grc' dir='ltr'>χώρων</span> <span class='ocrx_word' id='word_1_59' title='bbox 469 1120 684 1190; x_wconf 57' lang='grc' dir='ltr'>ἐκσανῆ</span> <span class='ocrx_word' id='word_1_60' title='bbox 737 1121 967 1189; x_wconf 75' lang='grc' dir='ltr'>ποιῆσαι</span> <span class='ocrx_word' id='word_1_61' title='bbox 1021 1122 1116 1174; x_wconf 72' lang='grc' dir='ltr'>καὶ</span> <span class='ocrx_word' id='word_1_62' title='bbox 1172 1122 1579 1192; x_wconf 68' lang='grc' dir='ltr'><strong>κεχαρισμένον</strong></span> <span class='ocrx_word' id='word_1_63' title='bbox 1634 1123 1807 1192; x_wconf 76' lang='grc' dir='ltr'>αὐτῷ.</span> 
     </span>
    </p>
   </div>
   <div class='ocr_carea' id='block_1_12' title="bbox 231 1215 1810 1287">
    <p class='ocr_par' dir='ltr' id='par_1_12' title="bbox 231 1215 1810 1287">
     <span class='ocr_line' id='line_1_12' title="bbox 231 1215 1810 1287; baseline -0.003 -16"><span class='ocrx_word' id='word_1_64' title='bbox 231 1218 489 1272; x_wconf 78' lang='grc' dir='ltr'>Ἐνταῦθ’</span> <span class='ocrx_word' id='word_1_65' title='bbox 517 1218 566 1270; x_wconf 91' lang='grc' dir='ltr'><strong>οί</strong></span> <span class='ocrx_word' id='word_1_66' title='bbox 617 1219 926 1283; x_wconf 54' lang='grc' dir='ltr'>σωρρονεῖν</span> <span class='ocrx_word' id='word_1_67' title='bbox 968 1215 1288 1287; x_wconf 74' lang='grc' dir='ltr'><strong>αἱρούμενοι</strong></span> <span class='ocrx_word' id='word_1_68' title='bbox 1335 1217 1429 1270; x_wconf 73' lang='grc' dir='ltr'>καὶ</span> <span class='ocrx_word' id='word_1_69' title='bbox 1473 1217 1564 1269; x_wconf 70' lang='grc' dir='ltr'><strong>τὸν</strong></span> <span class='ocrx_word' id='word_1_70' title='bbox 1603 1217 1810 1286; x_wconf 78' lang='grc' dir='ltr'><strong>τρόπον</strong></span> 
     </span>
    </p>
   </div>
   <div class='ocr_carea' id='block_1_13' title="bbox 215 1303 1812 1382">
    <p class='ocr_par' dir='ltr' id='par_1_13' title="bbox 215 1303 1812 1382">
     <span class='ocr_line' id='line_1_13' title="bbox 215 1303 1812 1382; baseline -0.002 -17"><span class='ocrx_word' id='word_1_71' title='bbox 215 1313 489 1374; x_wconf 85' lang='grc' dir='ltr'>ἐπιεικεῖς</span> <span class='ocrx_word' id='word_1_72' title='bbox 525 1309 829 1381; x_wconf 76' lang='grc' dir='ltr'>διατρίϐειν</span> <span class='ocrx_word' id='word_1_73' title='bbox 860 1311 1064 1382; x_wconf 72' lang='grc' dir='ltr'>ἥκιστα</span> <span class='ocrx_word' id='word_1_74' title='bbox 1098 1309 1312 1382; x_wconf 74' lang='grc' dir='ltr'>ἧθελον.</span> <span class='ocrx_word' id='word_1_75' title='bbox 1345 1310 1509 1364; x_wconf 70' lang='grc' dir='ltr'>Μάλα</span> <span class='ocrx_word' id='word_1_76' title='bbox 1545 1309 1654 1378; x_wconf 77' lang='grc' dir='ltr'><strong>γὰρ</strong></span> <span class='ocrx_word' id='word_1_77' title='bbox 1684 1303 1753 1379; x_wconf 81' lang='grc' dir='ltr'><strong>ἦν</strong></span> <span class='ocrx_word' id='word_1_78' title='bbox 1784 1309 1812 1362; x_wconf 90' lang='grc' dir='ltr'><strong>ό</strong></span> 
     </span>
    </p>
   </div>
   <div class='ocr_carea' id='block_1_14' title="bbox 214 1402 1807 1476">
    <p class='ocr_par' dir='ltr' id='par_1_14' title="bbox 214 1402 1807 1476">
     <span class='ocr_line' id='line_1_14' title="bbox 214 1402 1807 1476; baseline 0 -20"><span class='ocrx_word' id='word_1_79' title='bbox 214 1407 401 1476; x_wconf 81' lang='grc' dir='ltr'>χῶρος</span> <span class='ocrx_word' id='word_1_80' title='bbox 444 1406 583 1475; x_wconf 74' lang='grc' dir='ltr'>πρὸς</span> <span class='ocrx_word' id='word_1_81' title='bbox 625 1402 914 1475; x_wconf 76' lang='grc' dir='ltr'><strong>ῥᾳστώνην</strong></span> <span class='ocrx_word' id='word_1_82' title='bbox 947 1405 1258 1475; x_wconf 85' lang='grc' dir='ltr'>ἀνειμένος.</span> <span class='ocrx_word' id='word_1_83' title='bbox 1293 1404 1420 1467; x_wconf 85' lang='grc' dir='ltr'>Τοῖς</span> <span class='ocrx_word' id='word_1_84' title='bbox 1454 1420 1518 1472; x_wconf 94' lang='grc' dir='ltr'><strong>γε</strong></span> <span class='ocrx_word' id='word_1_85' title='bbox 1556 1402 1665 1474; x_wconf 78' lang='grc' dir='ltr'>μὴν</span> <span class='ocrx_word' id='word_1_86' title='bbox 1697 1405 1807 1456; x_wconf 88' lang='grc' dir='ltr'>διε-</span> 
     </span>
    </p>
   </div>
   <div class='ocr_carea' id='block_1_15' title="bbox 214 1496 1813 1572">
    <p class='ocr_par' dir='ltr' id='par_1_15' title="bbox 214 1496 1813 1572">
     <span class='ocr_line' id='line_1_15' title="bbox 214 1496 1813 1572; baseline -0.002 -19"><span class='ocrx_word' id='word_1_87' title='bbox 214 1501 458 1572; x_wconf 80' lang='grc' dir='ltr'>φθορόσι</span> <span class='ocrx_word' id='word_1_88' title='bbox 491 1501 602 1552; x_wconf 81' lang='grc' dir='ltr'>τῶν</span> <span class='ocrx_word' id='word_1_89' title='bbox 635 1499 808 1563; x_wconf 87' lang='grc' dir='ltr'>νέων,</span> <span class='ocrx_word' id='word_1_90' title='bbox 842 1499 1148 1570; x_wconf 83' lang='grc' dir='ltr'>ἐπέραστός</span> <span class='ocrx_word' id='word_1_91' title='bbox 1180 1514 1265 1562; x_wconf 84' lang='grc' dir='ltr'><strong>τις</strong></span> <span class='ocrx_word' id='word_1_92' title='bbox 1298 1498 1666 1568; x_wconf 74' lang='grc' dir='ltr'>διαφερόντως</span> <span class='ocrx_word' id='word_1_93' title='bbox 1699 1496 1813 1550; x_wconf 86' lang='grc' dir='ltr'>ἐδό-</span> 
     </span>
    </p>
   </div>
   <div class='ocr_carea' id='block_1_16' title="bbox 214 1590 1810 1663">
    <p class='ocr_par' dir='ltr' id='par_1_16' title="bbox 214 1590 1810 1663">
     <span class='ocr_line' id='line_1_16' title="bbox 214 1590 1810 1663; baseline -0.003 -15"><span class='ocrx_word' id='word_1_94' title='bbox 214 1613 331 1658; x_wconf 80' lang='grc' dir='ltr'>κει,</span> <span class='ocrx_word' id='word_1_95' title='bbox 365 1594 462 1647; x_wconf 66' lang='lat' dir='ltr'><strong>an</strong></span> <span class='ocrx_word' id='word_1_96' title='bbox 491 1594 557 1663; x_wconf 78' lang='grc' dir='ltr'>δὴ</span> <span class='ocrx_word' id='word_1_97' title='bbox 589 1593 686 1648; x_wconf 73' lang='grc' dir='ltr'>καὶ</span> <span class='ocrx_word' id='word_1_98' title='bbox 713 1591 792 1663; x_wconf 85' lang='grc' dir='ltr'><strong>τῷ</strong></span> <span class='ocrx_word' id='word_1_99' title='bbox 827 1591 988 1662; x_wconf 83' lang='grc' dir='ltr'><strong>μύθῳ</strong></span> <span class='ocrx_word' id='word_1_100' title='bbox 1021 1590 1432 1662; x_wconf 79' lang='grc' dir='ltr'>βοηθουμένοις,</span> <span class='ocrx_word' id='word_1_101' title='bbox 1468 1590 1722 1662; x_wconf 75' lang='grc' dir='ltr'>ἐρωτικῷ</span> <span class='ocrx_word' id='word_1_102' title='bbox 1748 1607 1810 1660; x_wconf 86' lang='grc' dir='ltr'><strong>γε</strong></span> 
     </span>
    </p>
   </div>
   <div class='ocr_carea' id='block_1_17' title="bbox 215 1684 1813 1755">
    <p class='ocr_par' dir='ltr' id='par_1_17' title="bbox 215 1684 1813 1755">
     <span class='ocr_line' id='line_1_17' title="bbox 215 1684 1813 1755; baseline -0.004 -14"><span class='ocrx_word' id='word_1_103' title='bbox 215 1688 362 1741; x_wconf 75' lang='grc' dir='ltr'>ὄντι.</span> <span class='ocrx_word' id='word_1_104' title='bbox 401 1687 491 1739; x_wconf 81' lang='grc' dir='ltr'><strong>Ἐν</strong></span> <span class='ocrx_word' id='word_1_105' title='bbox 517 1685 697 1754; x_wconf 85' lang='grc' dir='ltr'>διπλῷ</span> <span class='ocrx_word' id='word_1_106' title='bbox 727 1687 834 1755; x_wconf 81' lang='grc' dir='ltr'>γὰρ</span> <span class='ocrx_word' id='word_1_107' title='bbox 863 1686 1092 1746; x_wconf 86' lang='grc' dir='ltr'>ἐκείνοις</span> <span class='ocrx_word' id='word_1_108' title='bbox 1119 1684 1180 1736; x_wconf 82' lang='grc' dir='ltr'>τὸ</span> <span class='ocrx_word' id='word_1_109' title='bbox 1209 1684 1379 1747; x_wconf 86' lang='grc' dir='ltr'>πάθος</span> <span class='ocrx_word' id='word_1_110' title='bbox 1408 1685 1704 1751; x_wconf 78' lang='grc' dir='ltr'>ἀνήπτετο,</span> <span class='ocrx_word' id='word_1_111' title='bbox 1732 1684 1813 1746; x_wconf 83' lang='grc' dir='ltr'><strong>είς</strong></span> 
     </span>
    </p>
   </div>
   <div class='ocr_carea' id='block_1_18' title="bbox 216 1775 1809 1849">
    <p class='ocr_par' dir='ltr' id='par_1_18' title="bbox 216 1775 1809 1849">
     <span class='ocr_line' id='line_1_18' title="bbox 216 1775 1809 1849; baseline -0.003 -17"><span class='ocrx_word' id='word_1_112' title='bbox 216 1781 564 1849; x_wconf 80' lang='grc' dir='ltr'>παραίτησιν</span> <span class='ocrx_word' id='word_1_113' title='bbox 605 1779 707 1832; x_wconf 81' lang='grc' dir='ltr'><strong>οὐκ</strong></span> <span class='ocrx_word' id='word_1_114' title='bbox 753 1775 958 1846; x_wconf 80' lang='grc' dir='ltr'><strong>ἀγεννῆ</strong></span> <span class='ocrx_word' id='word_1_115' title='bbox 1004 1775 1424 1847; x_wconf 77' lang='grc' dir='ltr'>προϊσχομένοις</span> <span class='ocrx_word' id='word_1_116' title='bbox 1461 1776 1553 1829; x_wconf 73' lang='grc' dir='ltr'><strong>τὸν</strong></span> <span class='ocrx_word' id='word_1_117' title='bbox 1598 1775 1768 1845; x_wconf 80' lang='grc' dir='ltr'>μῦθον</span> <span class='ocrx_word' id='word_1_118' title='bbox 1795 1792 1809 1807; x_wconf 79' lang='grc' dir='ltr'>ο</span> 
     </span>
    </p>
   </div>
   <div class='ocr_carea' id='block_1_19' title="bbox 215 1869 1814 1944">
    <p class='ocr_par' dir='ltr' id='par_1_19' title="bbox 215 1869 1814 1944">
     <span class='ocr_line' id='line_1_19' title="bbox 215 1869 1814 1944; baseline -0.004 -15"><span class='ocrx_word' id='word_1_119' title='bbox 215 1874 458 1944; x_wconf 82' lang='grc' dir='ltr'>ἀναίδην</span> <span class='ocrx_word' id='word_1_120' title='bbox 504 1890 564 1926; x_wconf 88' lang='grc' dir='ltr'><strong>τε</strong></span> <span class='ocrx_word' id='word_1_121' title='bbox 615 1875 724 1942; x_wconf 81' lang='grc' dir='ltr'>γὰρ</span> <span class='ocrx_word' id='word_1_122' title='bbox 774 1874 842 1942; x_wconf 78' lang='grc' dir='ltr'>τῇ</span> <span class='ocrx_word' id='word_1_123' title='bbox 893 1871 1162 1942; x_wconf 75' lang='grc' dir='ltr'><strong>ἀκολασίᾳ</strong></span> <span class='ocrx_word' id='word_1_124' title='bbox 1207 1869 1451 1942; x_wconf 79' lang='grc' dir='ltr'><strong>ἐχώρουν</strong></span> <span class='ocrx_word' id='word_1_125' title='bbox 1504 1870 1814 1941; x_wconf 70' lang='grc' dir='ltr'>μήτάὐτοὶ</span> 
     </span>
    </p>
   </div>
   <div class='ocr_carea' id='block_1_20' title="bbox 219 1959 1816 2034">
    <p class='ocr_par' dir='ltr' id='par_1_20' title="bbox 219 1959 1816 2034">
     <span class='ocr_line' id='line_1_20' title="bbox 219 1959 1816 2034; baseline -0.003 -16"><span class='ocrx_word' id='word_1_126' title='bbox 219 1965 535 2034; x_wconf 79' lang='grc' dir='ltr'>σωφρονεῖν</span> <span class='ocrx_word' id='word_1_127' title='bbox 564 1961 856 2030; x_wconf 72' lang='grc' dir='ltr'>δυνάμενοι</span> <span class='ocrx_word' id='word_1_128' title='bbox 877 2001 893 2026; x_wconf 94' lang='grc'>,</span> <span class='ocrx_word' id='word_1_129' title='bbox 926 1959 1044 2014; x_wconf 81' lang='grc' dir='ltr'>ἀλλ’</span> <span class='ocrx_word' id='word_1_130' title='bbox 1067 1960 1191 2030; x_wconf 81' lang='grc' dir='ltr'>ούδὲ</span> <span class='ocrx_word' id='word_1_131' title='bbox 1223 1959 1510 2030; x_wconf 82' lang='grc' dir='ltr'><strong>σώφρονας</strong></span> <span class='ocrx_word' id='word_1_132' title='bbox 1539 1959 1617 2029; x_wconf 85' lang='grc' dir='ltr'>τῷ</span> <span class='ocrx_word' id='word_1_133' title='bbox 1650 1960 1816 2031; x_wconf 87' lang='grc' dir='ltr'>χώρῳ</span> 
     </span>
    </p>
   </div>
   <div class='ocr_carea' id='block_1_21' title="bbox 217 2053 1815 2127">
    <p class='ocr_par' dir='ltr' id='par_1_21' title="bbox 217 2053 1815 2127">
     <span class='ocr_line' id='line_1_21' title="bbox 217 2053 1815 2127; baseline -0.003 -16"><span class='ocrx_word' id='word_1_134' title='bbox 217 2057 530 2126; x_wconf 77' lang='grc' dir='ltr'>διατρίϐειν</span> <span class='ocrx_word' id='word_1_135' title='bbox 561 2055 863 2127; x_wconf 73' lang='grc' dir='ltr'>ἠνείχοντο.</span> <span class='ocrx_word' id='word_1_136' title='bbox 898 2053 990 2123; x_wconf 83' lang='grc' dir='ltr'><strong>Μὴ</strong></span> <span class='ocrx_word' id='word_1_137' title='bbox 1022 2054 1130 2125; x_wconf 78' lang='grc' dir='ltr'>γὰρ</span> <span class='ocrx_word' id='word_1_138' title='bbox 1168 2054 1290 2123; x_wconf 80' lang='grc' dir='ltr'>μετ’</span> <span class='ocrx_word' id='word_1_139' title='bbox 1316 2054 1602 2125; x_wconf 75' lang='grc' dir='ltr'>ἐρωμένης</span> <span class='ocrx_word' id='word_1_140' title='bbox 1635 2054 1815 2106; x_wconf 82' lang='grc' dir='ltr'>ἐκεῖσε</span> 
     </span>
    </p>
   </div>
   <div class='ocr_carea' id='block_1_22' title="bbox 217 2145 1817 2219">
    <p class='ocr_par' dir='ltr' id='par_1_22' title="bbox 217 2145 1817 2219">
     <span class='ocr_line' id='line_1_22' title="bbox 217 2145 1817 2219; baseline -0.003 -16"><span class='ocrx_word' id='word_1_141' title='bbox 217 2149 515 2219; x_wconf 72' lang='grc' dir='ltr'>διατριϐήν</span> <span class='ocrx_word' id='word_1_142' title='bbox 545 2165 629 2212; x_wconf 88' lang='grc' dir='ltr'><strong>τις</strong></span> <span class='ocrx_word' id='word_1_143' title='bbox 664 2149 836 2217; x_wconf 66' lang='grc' dir='ltr'>ἔχων,</span> <span class='ocrx_word' id='word_1_144' title='bbox 870 2146 1108 2216; x_wconf 80' lang='grc' dir='ltr'>ἀγεννής</span> <span class='ocrx_word' id='word_1_145' title='bbox 1139 2163 1222 2209; x_wconf 90' lang='grc' dir='ltr'><strong>τις</strong></span> <span class='ocrx_word' id='word_1_146' title='bbox 1257 2146 1323 2200; x_wconf 79' lang='grc' dir='ltr'>ἀν</span> <span class='ocrx_word' id='word_1_147' title='bbox 1355 2145 1502 2210; x_wconf 76' lang='grc' dir='ltr'>ἔδοξε</span> <span class='ocrx_word' id='word_1_148' title='bbox 1537 2146 1685 2216; x_wconf 81' lang='grc' dir='ltr'>μάλα</span> <span class='ocrx_word' id='word_1_149' title='bbox 1719 2147 1817 2201; x_wconf 71' lang='grc' dir='ltr'>καὶ</span> 
     </span>
    </p>
   </div>
   <div class='ocr_carea' id='block_1_23' title="bbox 219 2239 1816 2313">
    <p class='ocr_par' dir='ltr' id='par_1_23' title="bbox 219 2239 1816 2313">
     <span class='ocr_line' id='line_1_23' title="bbox 219 2239 1816 2313; baseline -0.003 -17"><span class='ocrx_word' id='word_1_150' title='bbox 219 2243 464 2313; x_wconf 78' lang='grc' dir='ltr'>ἄχαρις,</span> <span class='ocrx_word' id='word_1_151' title='bbox 501 2241 599 2294; x_wconf 76' lang='grc' dir='ltr'><strong>καὶ</strong></span> <span class='ocrx_word' id='word_1_152' title='bbox 630 2240 706 2304; x_wconf 84' lang='grc' dir='ltr'><strong>ὡς</strong></span> <span class='ocrx_word' id='word_1_153' title='bbox 738 2241 872 2308; x_wconf 84' lang='grc' dir='ltr'>ἀγος</span> <span class='ocrx_word' id='word_1_154' title='bbox 903 2256 956 2293; x_wconf 89' lang='grc' dir='ltr'><strong>τι</strong></span> <span class='ocrx_word' id='word_1_155' title='bbox 990 2239 1365 2310; x_wconf 78' lang='grc' dir='ltr'>ἀποτρόπαιον</span> <span class='ocrx_word' id='word_1_156' title='bbox 1407 2240 1615 2292; x_wconf 85' lang='grc' dir='ltr'>ἐκεῖθεν</span> <span class='ocrx_word' id='word_1_157' title='bbox 1646 2239 1816 2309; x_wconf 80' lang='grc' dir='ltr'>ἠλαύ-</span> 
     </span>
    </p>
   </div>
   <div class='ocr_carea' id='block_1_24' title="bbox 224 2325 1817 2402">
    <p class='ocr_par' dir='ltr' id='par_1_24' title="bbox 224 2325 1817 2402">
     <span class='ocr_line' id='line_1_24' title="bbox 224 2325 1817 2402; baseline -0.002 -17"><span class='ocrx_word' id='word_1_158' title='bbox 224 2350 373 2388; x_wconf 81' lang='grc' dir='ltr'>νετο.</span> <span class='ocrx_word' id='word_1_159' title='bbox 415 2333 517 2386; x_wconf 87' lang='grc' dir='ltr'>Διά</span> <span class='ocrx_word' id='word_1_160' title='bbox 562 2331 825 2401; x_wconf 77' lang='grc' dir='ltr'><strong>πλείστης</strong></span> <span class='ocrx_word' id='word_1_161' title='bbox 868 2331 926 2384; x_wconf 86' lang='grc' dir='ltr'><strong>δέ</strong></span> <span class='ocrx_word' id='word_1_162' title='bbox 965 2330 1065 2401; x_wconf 79' lang='grc' dir='ltr'>τῆς</span> <span class='ocrx_word' id='word_1_163' title='bbox 1103 2329 1273 2400; x_wconf 84' lang='grc' dir='ltr'>τιμῆς</span> <span class='ocrx_word' id='word_1_164' title='bbox 1313 2325 1384 2402; x_wconf 82' lang='grc' dir='ltr'><strong>ἦν</strong></span> <span class='ocrx_word' id='word_1_165' title='bbox 1421 2332 1450 2384; x_wconf 88' lang='grc' dir='ltr'><strong>ό</strong></span> <span class='ocrx_word' id='word_1_166' title='bbox 1489 2330 1665 2401; x_wconf 84' lang='grc' dir='ltr'>χῶρος</span> <span class='ocrx_word' id='word_1_167' title='bbox 1703 2331 1817 2394; x_wconf 87' lang='grc' dir='ltr'>τοῖς</span> 
     </span>
    </p>
   </div>
   <div class='ocr_carea' id='block_1_25' title="bbox 222 2421 1817 2494">
    <p class='ocr_par' dir='ltr' id='par_1_25' title="bbox 222 2421 1817 2494">
     <span class='ocr_line' id='line_1_25' title="bbox 222 2421 1817 2494; baseline -0.003 -15"><span class='ocrx_word' id='word_1_168' title='bbox 222 2424 627 2494; x_wconf 70' lang='grc' dir='ltr'>ἑλληνίζουσιν.</span> <span class='ocrx_word' id='word_1_169' title='bbox 657 2422 922 2494; x_wconf 80' lang='grc' dir='ltr'>Ἀγαλμα</span> <span class='ocrx_word' id='word_1_170' title='bbox 964 2422 1072 2492; x_wconf 78' lang='grc' dir='ltr'>γὰρ</span> <span class='ocrx_word' id='word_1_171' title='bbox 1116 2421 1352 2475; x_wconf 79' lang='grc' dir='ltr'>ἐνταῦθα</span> <span class='ocrx_word' id='word_1_172' title='bbox 1396 2422 1695 2491; x_wconf 72' lang='grc' dir='ltr'><strong>ἐτύγχανεν</strong></span> <span class='ocrx_word' id='word_1_173' title='bbox 1736 2423 1817 2486; x_wconf 90' lang='grc' dir='ltr'><strong>είς</strong></span> 
     </span>
    </p>
   </div>
   <div class='ocr_carea' id='block_1_26' title="bbox 219 2514 1817 2586">
    <p class='ocr_par' dir='ltr' id='par_1_26' title="bbox 219 2514 1817 2586">
     <span class='ocr_line' id='line_1_26' title="bbox 219 2514 1817 2586; baseline -0.003 -14"><span class='ocrx_word' id='word_1_174' title='bbox 219 2521 432 2583; x_wconf 80' lang='grc' dir='ltr'>κάλλος</span> <span class='ocrx_word' id='word_1_175' title='bbox 460 2518 584 2572; x_wconf 82' lang='grc' dir='ltr'>λίαν</span> <span class='ocrx_word' id='word_1_176' title='bbox 610 2517 987 2586; x_wconf 79' lang='grc' dir='ltr'>ἀπεξεσμένον</span> <span class='ocrx_word' id='word_1_177' title='bbox 1015 2515 1287 2584; x_wconf 83' lang='grc' dir='ltr'>Δαφναίου</span> <span class='ocrx_word' id='word_1_178' title='bbox 1321 2514 1657 2579; x_wconf 76' lang='grc' dir='ltr'>’Λπόλλωνος</span> <span class='ocrx_word' id='word_1_179' title='bbox 1677 2531 1692 2547; x_wconf 90' lang='grc'><strong>·</strong></span> <span class='ocrx_word' id='word_1_180' title='bbox 1724 2515 1817 2568; x_wconf 75' lang='grc' dir='ltr'>καὶ</span> 
     </span>
    </p>
   </div>
   <div class='ocr_carea' id='block_1_27' title="bbox 217 2608 1818 2679">
    <p class='ocr_par' dir='ltr' id='par_1_27' title="bbox 217 2608 1818 2679">
     <span class='ocr_line' id='line_1_27' title="bbox 217 2608 1818 2679; baseline -0.004 -11"><span class='ocrx_word' id='word_1_181' title='bbox 217 2613 360 2674; x_wconf 79' lang='grc' dir='ltr'>νεὼς</span> <span class='ocrx_word' id='word_1_182' title='bbox 391 2612 708 2674; x_wconf 72' lang='grc' dir='ltr'>κάλλιστος,</span> <span class='ocrx_word' id='word_1_183' title='bbox 737 2613 816 2673; x_wconf 82' lang='grc' dir='ltr'>εἰς</span> <span class='ocrx_word' id='word_1_184' title='bbox 849 2609 985 2678; x_wconf 77' lang='grc' dir='ltr'>ὕψος</span> <span class='ocrx_word' id='word_1_185' title='bbox 1012 2609 1133 2678; x_wconf 73' lang='grc' dir='ltr'>ἅμα</span> <span class='ocrx_word' id='word_1_186' title='bbox 1160 2609 1253 2662; x_wconf 74' lang='grc' dir='ltr'><strong>καὶ</strong></span> <span class='ocrx_word' id='word_1_187' title='bbox 1282 2608 1516 2678; x_wconf 88' lang='grc' dir='ltr'>μέγεθος</span> <span class='ocrx_word' id='word_1_188' title='bbox 1544 2608 1818 2679; x_wconf 80' lang='grc' dir='ltr'>φιλοτίμῳ</span> 
     </span>
    </p>
   </div>
   <div class='ocr_carea' id='block_1_28' title="bbox 219 2700 1818 2773">
    <p class='ocr_par' dir='ltr' id='par_1_28' title="bbox 219 2700 1818 2773">
     <span class='ocr_line' id='line_1_28' title="bbox 219 2700 1818 2773; baseline -0.003 -15"><span class='ocrx_word' id='word_1_189' title='bbox 219 2703 659 2773; x_wconf 78' lang='grc' dir='ltr'>ἐξειργασμένος</span> <span class='ocrx_word' id='word_1_190' title='bbox 699 2702 886 2772; x_wconf 87' lang='grc' dir='ltr'>χειρί·</span> <span class='ocrx_word' id='word_1_191' title='bbox 927 2700 987 2754; x_wconf 79' lang='grc' dir='ltr'><strong>ὃν</strong></span> <span class='ocrx_word' id='word_1_192' title='bbox 1030 2701 1296 2755; x_wconf 86' lang='grc' dir='ltr'>Σέλευκον</span> <span class='ocrx_word' id='word_1_193' title='bbox 1336 2701 1616 2770; x_wconf 83' lang='grc' dir='ltr'>ἀνεγεῖραι</span> <span class='ocrx_word' id='word_1_194' title='bbox 1657 2700 1818 2769; x_wconf 83' lang='grc' dir='ltr'>λόγος</span> 
     </span>
    </p>
   </div>
   <div class='ocr_carea' id='block_1_29' title="bbox 219 2785 1813 2861">
    <p class='ocr_par' dir='ltr' id='par_1_29' title="bbox 219 2785 1813 2861">
     <span class='ocr_line' id='line_1_29' title="bbox 219 2785 1813 2861; baseline -0.006 -14"><span class='ocrx_word' id='word_1_195' title='bbox 219 2796 316 2848; x_wconf 69' lang='grc' dir='ltr'><strong>τὸν</strong></span> <span class='ocrx_word' id='word_1_196' title='bbox 351 2794 632 2861; x_wconf 80' lang='grc' dir='ltr'>Ἀντιόχου</span> <span class='ocrx_word' id='word_1_197' title='bbox 667 2793 886 2860; x_wconf 84' lang='grc' dir='ltr'>πατέρα</span> <span class='ocrx_word' id='word_1_198' title='bbox 913 2806 927 2820; x_wconf 78' lang='grc'><strong>⁸</strong></span> <span class='ocrx_word' id='word_1_199' title='bbox 960 2790 1017 2852; x_wconf 77' lang='grc' dir='ltr'>ξς</span> <span class='ocrx_word' id='word_1_200' title='bbox 1051 2789 1145 2842; x_wconf 71' lang='grc' dir='ltr'><strong>καὶ</strong></span> <span class='ocrx_word' id='word_1_201' title='bbox 1176 2789 1278 2856; x_wconf 81' lang='grc' dir='ltr'>τὴν</span> <span class='ocrx_word' id='word_1_202' title='bbox 1310 2789 1602 2856; x_wconf 85' lang='grc' dir='ltr'>ἐπώνυμον</span> <span class='ocrx_word' id='word_1_203' title='bbox 1637 2785 1813 2850; x_wconf 82' lang='grc' dir='ltr'>πόλιν,</span> 
     </span>
    </p>
   </div>
   <div class='ocr_carea' id='block_1_30' title="bbox 215 2878 1815 2956">
    <p class='ocr_par' dir='ltr' id='par_1_30' title="bbox 215 2878 1815 2956">
     <span class='ocr_line' id='line_1_30' title="bbox 215 2878 1815 2956; baseline -0.003 -15"><span class='ocrx_word' id='word_1_204' title='bbox 215 2887 324 2956; x_wconf 70' lang='grc' dir='ltr'>τὴν</span> <span class='ocrx_word' id='word_1_205' title='bbox 365 2886 650 2954; x_wconf 76' lang='grc' dir='ltr'>Ἀντιόχου</span> <span class='ocrx_word' id='word_1_206' title='bbox 688 2883 870 2954; x_wconf 76' lang='grc' dir='ltr'>φημὶ,</span> <span class='ocrx_word' id='word_1_207' title='bbox 913 2881 1356 2950; x_wconf 83' lang='grc' dir='ltr'>μεγαλοπρεπῶς</span> <span class='ocrx_word' id='word_1_208' title='bbox 1392 2881 1454 2934; x_wconf 75' lang='grc' dir='ltr'><strong>τδ</strong></span> <span class='ocrx_word' id='word_1_209' title='bbox 1487 2879 1610 2934; x_wconf 83' lang='grc' dir='ltr'>κατ’</span> <span class='ocrx_word' id='word_1_210' title='bbox 1637 2878 1815 2949; x_wconf 76' lang='grc' dir='ltr'>ἀρχὰς</span> 
     </span>
    </p>
   </div>
   <div class='ocr_carea' id='block_1_31' title="bbox 217 2973 1817 3048">
    <p class='ocr_par' dir='ltr' id='par_1_31' title="bbox 217 2973 1817 3048">
     <span class='ocr_line' id='line_1_31' title="bbox 217 2973 1817 3048; baseline -0.006 -14"><span class='ocrx_word' id='word_1_211' title='bbox 217 2981 444 3048; x_wconf 75' lang='grc' dir='ltr'>ἁνιστᾷ.</span> <span class='ocrx_word' id='word_1_212' title='bbox 494 2979 686 3040; x_wconf 84' lang='grc' dir='ltr'>Πίστις</span> <span class='ocrx_word' id='word_1_213' title='bbox 735 2993 798 3044; x_wconf 82' lang='grc' dir='ltr'><strong>γε</strong></span> <span class='ocrx_word' id='word_1_214' title='bbox 851 2977 960 3046; x_wconf 80' lang='grc' dir='ltr'>μὴν</span> <span class='ocrx_word' id='word_1_215' title='bbox 1007 2977 1220 3044; x_wconf 71' lang='grc' dir='ltr'>προσῆν</span> <span class='ocrx_word' id='word_1_216' title='bbox 1263 2976 1328 3027; x_wconf 86' lang='grc' dir='ltr'><strong>ἐκ</strong></span> <span class='ocrx_word' id='word_1_217' title='bbox 1375 2973 1575 3027; x_wconf 77' lang='grc' dir='ltr'>πολλοῦ</span> <span class='ocrx_word' id='word_1_218' title='bbox 1621 2973 1715 3024; x_wconf 89' lang='grc' dir='ltr'><strong>καί</strong></span> <span class='ocrx_word' id='word_1_219' title='bbox 1764 2988 1817 3025; x_wconf 91' lang='grc' dir='ltr'><strong>τι</strong></span> 
     </span>
    </p>
   </div>
   <div class='ocr_carea' id='block_1_32' title="bbox 223 3065 1818 3142">
    <p class='ocr_par' dir='ltr' id='par_1_32' title="bbox 223 3065 1818 3142">
     <span class='ocr_line' id='line_1_32' title="bbox 223 3065 1818 3142; baseline -0.004 -17"><span class='ocrx_word' id='word_1_220' title='bbox 223 3073 498 3142; x_wconf 80' lang='grc' dir='ltr'>μαντικὸν</span> <span class='ocrx_word' id='word_1_221' title='bbox 534 3071 682 3142; x_wconf 85' lang='grc' dir='ltr'>’ύδωρ</span> <span class='ocrx_word' id='word_1_222' title='bbox 719 3071 782 3121; x_wconf 82' lang='grc' dir='ltr'><strong>ἐκ</strong></span> <span class='ocrx_word' id='word_1_223' title='bbox 820 3067 1134 3130; x_wconf 79' lang='grc' dir='ltr'>Κασταλίας</span> <span class='ocrx_word' id='word_1_224' title='bbox 1165 3065 1266 3137; x_wconf 75' lang='grc' dir='ltr'>τῆς</span> <span class='ocrx_word' id='word_1_225' title='bbox 1303 3067 1487 3136; x_wconf 78' lang='grc' dir='ltr'>πηγῆς</span> <span class='ocrx_word' id='word_1_226' title='bbox 1522 3066 1818 3136; x_wconf 77' lang='grc' dir='ltr'>καταρρεῖν</span> 
     </span>
    </p>
   </div>
   <div class='ocr_carea' id='block_1_33' title="bbox 219 3153 1818 3229">
    <p class='ocr_par' dir='ltr' id='par_1_33' title="bbox 219 3153 1818 3229">
     <span class='ocr_line' id='line_1_33' title="bbox 219 3153 1818 3229; baseline -0.008 -13"><span class='ocrx_word' id='word_1_227' title='bbox 219 3165 407 3216; x_wconf 79' lang='grc' dir='ltr'>ἐκεῖσε</span> <span class='ocrx_word' id='word_1_228' title='bbox 431 3202 446 3224; x_wconf 94' lang='grc'>,</span> <span class='ocrx_word' id='word_1_229' title='bbox 479 3159 576 3211; x_wconf 76' lang='grc' dir='ltr'>καὶ</span> <span class='ocrx_word' id='word_1_230' title='bbox 609 3157 778 3229; x_wconf 67' lang='grc' dir='ltr'>μηδέν</span> <span class='ocrx_word' id='word_1_231' title='bbox 804 3173 857 3210; x_wconf 91' lang='grc' dir='ltr'><strong>τι</strong></span> <span class='ocrx_word' id='word_1_232' title='bbox 891 3155 1300 3226; x_wconf 80' lang='grc' dir='ltr'>παραλλάττειν</span> <span class='ocrx_word' id='word_1_233' title='bbox 1327 3155 1428 3224; x_wconf 75' lang='grc' dir='ltr'>τήν</span> <span class='ocrx_word' id='word_1_234' title='bbox 1461 3156 1507 3206; x_wconf 84' lang='grc' dir='ltr'>τ’</span> <span class='ocrx_word' id='word_1_235' title='bbox 1530 3153 1818 3224; x_wconf 87' lang='grc' dir='ltr'>ἐνέργειαν</span> 
     </span>
    </p>
   </div>
   <div class='ocr_carea' id='block_1_34' title="bbox 1911 652 3482 724">
    <p class='ocr_par' dir='ltr' id='par_1_34' title="bbox 1911 652 3482 724">
     <span class='ocr_line' id='line_1_34' title="bbox 1911 652 3482 724; baseline 0.006 -20"><span class='ocrx_word' id='word_1_236' title='bbox 1911 653 2108 723; x_wconf 75' lang='lat' dir='ltr'><strong>puellae</strong></span> <span class='ocrx_word' id='word_1_237' title='bbox 2154 652 2500 707; x_wconf 81' lang='lat' dir='ltr'><strong>desiderium</strong></span> <span class='ocrx_word' id='word_1_238' title='bbox 2549 653 2856 723; x_wconf 70' lang='lat' dir='ltr'><strong>abiecisse,</strong></span> <span class='ocrx_word' id='word_1_239' title='bbox 2914 669 3270 724; x_wconf 87' lang='lat' dir='ltr'><strong>amoremque</strong></span> <span class='ocrx_word' id='word_1_240' title='bbox 3322 672 3482 714; x_wconf 89' lang='lat' dir='ltr'><strong>suum</strong></span> 
     </span>
    </p>
   </div>
   <div class='ocr_carea' id='block_1_35' title="bbox 1911 745 3488 819">
    <p class='ocr_par' dir='ltr' id='par_1_35' title="bbox 1911 745 3488 819">
     <span class='ocr_line' id='line_1_35' title="bbox 1911 745 3488 819; baseline 0.003 -21"><span class='ocrx_word' id='word_1_241' title='bbox 1911 747 2081 800; x_wconf 84' lang='lat' dir='ltr'><strong>veluti</strong></span> <span class='ocrx_word' id='word_1_242' title='bbox 2132 747 2425 808; x_wconf 77' lang='lat' dir='ltr'><strong>solantem,</strong></span> <span class='ocrx_word' id='word_1_243' title='bbox 2474 756 2666 799; x_wconf 68' lang='lat' dir='ltr'><strong>amatae</strong></span> <span class='ocrx_word' id='word_1_244' title='bbox 2711 745 2938 814; x_wconf 75' lang='lat' dir='ltr'><strong>virginis</strong></span> <span class='ocrx_word' id='word_1_245' title='bbox 2986 746 3278 801; x_wconf 79' lang='lat' dir='ltr'><strong>frondibus</strong></span> <span class='ocrx_word' id='word_1_246' title='bbox 3322 758 3488 819; x_wconf 90' lang='lat' dir='ltr'><strong>caput</strong></span> 
     </span>
    </p>
   </div>
   <div class='ocr_carea' id='block_1_36' title="bbox 1910 837 3486 909">
    <p class='ocr_par' dir='ltr' id='par_1_36' title="bbox 1910 837 3486 909">
     <span class='ocr_line' id='line_1_36' title="bbox 1910 837 3486 909; baseline 0.001 -14"><span class='ocrx_word' id='word_1_247' title='bbox 1910 839 2176 903; x_wconf 75' lang='lat' dir='ltr'><strong>cinxisse,</strong></span> <span class='ocrx_word' id='word_1_248' title='bbox 2195 855 2428 908; x_wconf 82' lang='lat' dir='ltr'><strong>eamque</strong></span> <span class='ocrx_word' id='word_1_249' title='bbox 2446 837 2610 892; x_wconf 83' lang='lat' dir='ltr'><strong>etiam</strong></span> <span class='ocrx_word' id='word_1_250' title='bbox 2638 839 2893 892; x_wconf 77' lang='lat' dir='ltr'><strong>arborem</strong></span> <span class='ocrx_word' id='word_1_251' title='bbox 2917 837 3116 892; x_wconf 77' lang='lat' dir='ltr'><strong>factam</strong></span> <span class='ocrx_word' id='word_1_252' title='bbox 3141 840 3486 909; x_wconf 71' lang='lat' dir='ltr'><strong>complexum</strong></span> 
     </span>
    </p>
   </div>
   <div class='ocr_carea' id='block_1_37' title="bbox 1912 931 3488 1002">
    <p class='ocr_par' dir='ltr' id='par_1_37' title="bbox 1912 931 3488 1002">
     <span class='ocr_line' id='line_1_37' title="bbox 1912 931 3488 1002; baseline -0.001 -16"><span class='ocrx_word' id='word_1_253' title='bbox 1912 948 2074 988; x_wconf 77' lang='lat' dir='ltr'><strong>esse:</strong></span> <span class='ocrx_word' id='word_1_254' title='bbox 2116 948 2296 1002; x_wconf 87' lang='lat' dir='ltr'><strong>neque</strong></span> <span class='ocrx_word' id='word_1_255' title='bbox 2347 933 2416 986; x_wconf 89' lang='lat' dir='ltr'><strong>ab</strong></span> <span class='ocrx_word' id='word_1_256' title='bbox 2466 946 2527 986; x_wconf 88' lang='lat' dir='ltr'><strong>ea</strong></span> <span class='ocrx_word' id='word_1_257' title='bbox 2576 931 2864 986; x_wconf 79' lang='lat' dir='ltr'><strong>discedere</strong></span> <span class='ocrx_word' id='word_1_258' title='bbox 2909 931 3221 994; x_wconf 87' lang='lat' dir='ltr'><strong>volentem,</strong></span> <span class='ocrx_word' id='word_1_259' title='bbox 3255 931 3328 990; x_wconf 86' lang='lat' dir='ltr'><strong>illi</strong></span> <span class='ocrx_word' id='word_1_260' title='bbox 3364 947 3488 987; x_wconf 90' lang='lat' dir='ltr'><strong>cum</strong></span> 
     </span>
    </p>
   </div>
   <div class='ocr_carea' id='block_1_38' title="bbox 1912 1023 3491 1096">
    <p class='ocr_par' dir='ltr' id='par_1_38' title="bbox 1912 1023 3491 1096">
     <span class='ocr_line' id='line_1_38' title="bbox 1912 1023 3491 1096; baseline 0 -16"><span class='ocrx_word' id='word_1_261' title='bbox 1912 1025 2212 1080; x_wconf 79' lang='lat' dir='ltr'><strong>festivitate</strong></span> <span class='ocrx_word' id='word_1_262' title='bbox 2259 1025 2494 1094; x_wconf 88' lang='lat' dir='ltr'><strong>quadam</strong></span> <span class='ocrx_word' id='word_1_263' title='bbox 2539 1023 2844 1086; x_wconf 82' lang='lat' dir='ltr'><strong>assedisse,</strong></span> <span class='ocrx_word' id='word_1_264' title='bbox 2899 1025 3242 1096; x_wconf 86' lang='lat' dir='ltr'><strong>proindeque</strong></span> <span class='ocrx_word' id='word_1_265' title='bbox 3283 1026 3491 1080; x_wconf 87' lang='lat' dir='ltr'><strong>honore</strong></span> 
     </span>
    </p>
   </div>
   <div class='ocr_carea' id='block_1_39' title="bbox 1911 1115 3492 1189">
    <p class='ocr_par' dir='ltr' id='par_1_39' title="bbox 1911 1115 3492 1189">
     <span class='ocr_line' id='line_1_39' title="bbox 1911 1115 3492 1189; baseline 0.001 -20"><span class='ocrx_word' id='word_1_266' title='bbox 1911 1117 2281 1171; x_wconf 78' lang='lat' dir='ltr'><strong>iliuturnioris</strong></span> <span class='ocrx_word' id='word_1_267' title='bbox 2315 1133 2479 1171; x_wconf 79' lang='lat' dir='ltr'><strong>mora:</strong></span> <span class='ocrx_word' id='word_1_268' title='bbox 2509 1132 2634 1169; x_wconf 89' lang='lat' dir='ltr'><strong>eum</strong></span> <span class='ocrx_word' id='word_1_269' title='bbox 2679 1115 2864 1169; x_wconf 92' lang='lat' dir='ltr'><strong>locum</strong></span> <span class='ocrx_word' id='word_1_270' title='bbox 2900 1126 3291 1185; x_wconf 80' lang='lat' dir='ltr'><strong>prosecutum,</strong></span> <span class='ocrx_word' id='word_1_271' title='bbox 3327 1128 3492 1189; x_wconf 77' lang='lat' dir='ltr'><strong>atque</strong></span> 
     </span>
    </p>
   </div>
   <div class='ocr_carea' id='block_1_40' title="bbox 1913 1211 3490 1281">
    <p class='ocr_par' dir='ltr' id='par_1_40' title="bbox 1913 1211 3490 1281">
     <span class='ocr_line' id='line_1_40' title="bbox 1913 1211 3490 1281; baseline 0.001 -16"><span class='ocrx_word' id='word_1_272' title='bbox 1913 1213 2038 1265; x_wconf 84' lang='lat' dir='ltr'><strong>aliis</strong></span> <span class='ocrx_word' id='word_1_273' title='bbox 2089 1211 2228 1266; x_wconf 81' lang='lat' dir='ltr'><strong>locis</strong></span> <span class='ocrx_word' id='word_1_274' title='bbox 2285 1211 2676 1274; x_wconf 75' lang='lat' dir='ltr'><strong>illustriorem,</strong></span> <span class='ocrx_word' id='word_1_275' title='bbox 2721 1211 2939 1281; x_wconf 83' lang='lat' dir='ltr'><strong>sibique</strong></span> <span class='ocrx_word' id='word_1_276' title='bbox 2980 1211 3146 1265; x_wconf 86' lang='lat' dir='ltr'><strong>etiam</strong></span> <span class='ocrx_word' id='word_1_277' title='bbox 3194 1213 3490 1281; x_wconf 81' lang='lat' dir='ltr'><strong>gratiorem</strong></span> 
     </span>
    </p>
   </div>
   <div class='ocr_carea' id='block_1_41' title="bbox 1913 1303 3491 1362">
    <p class='ocr_par' dir='ltr' id='par_1_41' title="bbox 1913 1303 3491 1362">
     <span class='ocr_line' id='line_1_41' title="bbox 1913 1303 3491 1362; baseline 0.003 -4"><span class='ocrx_word' id='word_1_278' title='bbox 1913 1304 2165 1359; x_wconf 85' lang='lat' dir='ltr'><strong>effecisse</strong></span> <span class='ocrx_word' id='word_1_279' title='bbox 2217 1303 2424 1358; x_wconf 83' lang='lat' dir='ltr'><strong>ferunt.</strong></span> <span class='ocrx_word' id='word_1_280' title='bbox 2479 1303 2579 1358; x_wconf 89' lang='lat' dir='ltr'><strong>llic</strong></span> <span class='ocrx_word' id='word_1_281' title='bbox 2628 1303 2882 1357; x_wconf 71' lang='lat' dir='ltr'><strong>bomiizcs</strong></span> <span class='ocrx_word' id='word_1_282' title='bbox 2934 1303 3070 1358; x_wconf 89' lang='lat' dir='ltr'><strong>casti</strong></span> <span class='ocrx_word' id='word_1_283' title='bbox 3119 1313 3177 1358; x_wconf 92' lang='lat' dir='ltr'><strong>et</strong></span> <span class='ocrx_word' id='word_1_284' title='bbox 3223 1305 3491 1362; x_wconf 82' lang='lat' dir='ltr'><strong>moderati</strong></span> 
     </span>
    </p>
   </div>
   <div class='ocr_carea' id='block_1_42' title="bbox 1916 1396 3495 1468">
    <p class='ocr_par' dir='ltr' id='par_1_42' title="bbox 1916 1396 3495 1468">
     <span class='ocr_line' id='line_1_42' title="bbox 1916 1396 3495 1468; baseline -0.001 -16"><span class='ocrx_word' id='word_1_285' title='bbox 1916 1399 2143 1452; x_wconf 90' lang='lat' dir='ltr'><strong>minime</strong></span> <span class='ocrx_word' id='word_1_286' title='bbox 2175 1398 2382 1451; x_wconf 88' lang='lat' dir='ltr'><strong>versari</strong></span> <span class='ocrx_word' id='word_1_287' title='bbox 2432 1397 2849 1461; x_wconf 88' lang='lat' dir='ltr'><strong>sustinuerunt,</strong></span> <span class='ocrx_word' id='word_1_288' title='bbox 2903 1396 3051 1466; x_wconf 90' lang='lat' dir='ltr'><strong>quod</strong></span> <span class='ocrx_word' id='word_1_289' title='bbox 3113 1397 3267 1468; x_wconf 73' lang='lat' dir='ltr'><strong>regio</strong></span> <span class='ocrx_word' id='word_1_290' title='bbox 3312 1413 3374 1451; x_wconf 92' lang='lat' dir='ltr'><strong>ea</strong></span> <span class='ocrx_word' id='word_1_291' title='bbox 3427 1401 3495 1452; x_wconf 87' lang='lat' dir='ltr'><strong>ad</strong></span> 
     </span>
    </p>
   </div>
   <div class='ocr_carea' id='block_1_43' title="bbox 1915 1487 3494 1560">
    <p class='ocr_par' dir='ltr' id='par_1_43' title="bbox 1915 1487 3494 1560">
     <span class='ocr_line' id='line_1_43' title="bbox 1915 1487 3494 1560; baseline 0.001 -16"><span class='ocrx_word' id='word_1_292' title='bbox 1915 1489 2185 1544; x_wconf 83' lang='lat' dir='ltr'><strong>desidiam</strong></span> <span class='ocrx_word' id='word_1_293' title='bbox 2219 1497 2276 1544; x_wconf 89' lang='lat' dir='ltr'><strong>et</strong></span> <span class='ocrx_word' id='word_1_294' title='bbox 2320 1487 2607 1542; x_wconf 89' lang='lat' dir='ltr'><strong>libidinem</strong></span> <span class='ocrx_word' id='word_1_295' title='bbox 2660 1487 2956 1544; x_wconf 84' lang='lat' dir='ltr'><strong>admodum</strong></span> <span class='ocrx_word' id='word_1_296' title='bbox 3008 1498 3157 1544; x_wconf 88' lang='lat' dir='ltr'><strong>esset</strong></span> <span class='ocrx_word' id='word_1_297' title='bbox 3207 1490 3494 1560; x_wconf 79' lang='lat' dir='ltr'><strong>proclivis.</strong></span> 
     </span>
    </p>
   </div>
   <div class='ocr_carea' id='block_1_44' title="bbox 1914 1580 3498 1653">
    <p class='ocr_par' dir='ltr' id='par_1_44' title="bbox 1914 1580 3498 1653">
     <span class='ocr_line' id='line_1_44' title="bbox 1914 1580 3498 1653; baseline 0.003 -17"><span class='ocrx_word' id='word_1_298' title='bbox 1914 1580 2224 1636; x_wconf 75' lang='lat' dir='ltr'><strong>Juvenibus</strong></span> <span class='ocrx_word' id='word_1_299' title='bbox 2265 1590 2450 1635; x_wconf 89' lang='lat' dir='ltr'><strong>autem</strong></span> <span class='ocrx_word' id='word_1_300' title='bbox 2493 1583 2775 1651; x_wconf 79' lang='lat' dir='ltr'><strong>corruptis</strong></span> <span class='ocrx_word' id='word_1_301' title='bbox 2815 1581 3059 1653; x_wconf 82' lang='lat' dir='ltr'><strong>jucunda</strong></span> <span class='ocrx_word' id='word_1_302' title='bbox 3100 1584 3397 1653; x_wconf 89' lang='lat' dir='ltr'><strong>plurimum</strong></span> <span class='ocrx_word' id='word_1_303' title='bbox 3442 1595 3498 1640; x_wconf 90' lang='lat' dir='ltr'><strong>ct</strong></span> 
     </span>
    </p>
   </div>
   <div class='ocr_carea' id='block_1_45' title="bbox 1915 1680 3495 1749">
    <p class='ocr_par' dir='ltr' id='par_1_45' title="bbox 1915 1680 3495 1749">
     <span class='ocr_line' id='line_1_45' title="bbox 1915 1680 3495 1749; baseline 0.002 -19"><span class='ocrx_word' id='word_1_304' title='bbox 1915 1688 2064 1748; x_wconf 80' lang='lat' dir='ltr'><strong>grata</strong></span> <span class='ocrx_word' id='word_1_305' title='bbox 2093 1680 2206 1732; x_wconf 84' lang='lat' dir='ltr'><strong>visa</strong></span> <span class='ocrx_word' id='word_1_306' title='bbox 2249 1687 2368 1741; x_wconf 86' lang='lat' dir='ltr'><strong>est,</strong></span> <span class='ocrx_word' id='word_1_307' title='bbox 2413 1687 2471 1733; x_wconf 91' lang='lat' dir='ltr'><strong>et</strong></span> <span class='ocrx_word' id='word_1_308' title='bbox 2519 1693 2749 1747; x_wconf 76' lang='lat' dir='ltr'><strong>prorsus</strong></span> <span class='ocrx_word' id='word_1_309' title='bbox 2799 1681 3110 1734; x_wconf 87' lang='lat' dir='ltr'><strong>amatoria:</strong></span> <span class='ocrx_word' id='word_1_310' title='bbox 3142 1696 3285 1749; x_wconf 90' lang='lat' dir='ltr'><strong>quos</strong></span> <span class='ocrx_word' id='word_1_311' title='bbox 3325 1682 3495 1736; x_wconf 87' lang='lat' dir='ltr'><strong>etiam</strong></span> 
     </span>
    </p>
   </div>
   <div class='ocr_carea' id='block_1_46' title="bbox 1916 1771 3493 1844">
    <p class='ocr_par' dir='ltr' id='par_1_46' title="bbox 1916 1771 3493 1844">
     <span class='ocr_line' id='line_1_46' title="bbox 1916 1771 3493 1844; baseline 0.001 -18"><span class='ocrx_word' id='word_1_312' title='bbox 1916 1787 2034 1826; x_wconf 85' lang='lat' dir='ltr'><strong>eam</strong></span> <span class='ocrx_word' id='word_1_313' title='bbox 2067 1771 2120 1825; x_wconf 93' lang='lat' dir='ltr'><strong>in</strong></span> <span class='ocrx_word' id='word_1_314' title='bbox 2157 1787 2272 1826; x_wconf 89' lang='lat' dir='ltr'><strong>rem</strong></span> <span class='ocrx_word' id='word_1_315' title='bbox 2308 1771 2492 1825; x_wconf 92' lang='lat' dir='ltr'><strong>fabula</strong></span> <span class='ocrx_word' id='word_1_316' title='bbox 2526 1773 2642 1841; x_wconf 91' lang='lat' dir='ltr'><strong>ipsa</strong></span> <span class='ocrx_word' id='word_1_317' title='bbox 2675 1773 2949 1827; x_wconf 89' lang='lat' dir='ltr'><strong>invitarit.</strong></span> <span class='ocrx_word' id='word_1_318' title='bbox 2987 1773 3055 1828; x_wconf 87' lang='lat' dir='ltr'><strong>Et</strong></span> <span class='ocrx_word' id='word_1_319' title='bbox 3083 1773 3284 1844; x_wconf 76' lang='lat' dir='ltr'><strong>duplex</strong></span> <span class='ocrx_word' id='word_1_320' title='bbox 3314 1777 3396 1828; x_wconf 89' lang='lat' dir='ltr'><strong>eis</strong></span> <span class='ocrx_word' id='word_1_321' title='bbox 3425 1777 3493 1830; x_wconf 85' lang='lat' dir='ltr'><strong>ad</strong></span> 
     </span>
    </p>
   </div>
   <div class='ocr_carea' id='block_1_47' title="bbox 1918 1864 3498 1937">
    <p class='ocr_par' dir='ltr' id='par_1_47' title="bbox 1918 1864 3498 1937">
     <span class='ocr_line' id='line_1_47' title="bbox 1918 1864 3498 1937; baseline 0.003 -19"><span class='ocrx_word' id='word_1_322' title='bbox 1918 1865 2092 1934; x_wconf 75' lang='lat' dir='ltr'><strong>culpa:</strong></span> <span class='ocrx_word' id='word_1_323' title='bbox 2120 1865 2568 1934; x_wconf 76' lang='lat' dir='ltr'><strong>deprecationem</strong></span> <span class='ocrx_word' id='word_1_324' title='bbox 2607 1864 2847 1920; x_wconf 89' lang='lat' dir='ltr'><strong>fabulam</strong></span> <span class='ocrx_word' id='word_1_325' title='bbox 2883 1881 2993 1922; x_wconf 89' lang='lat' dir='ltr'><strong>non</strong></span> <span class='ocrx_word' id='word_1_326' title='bbox 3037 1867 3320 1936; x_wconf 75' lang='lat' dir='ltr'><strong>illepidum</strong></span> <span class='ocrx_word' id='word_1_327' title='bbox 3361 1885 3498 1937; x_wconf 52' lang='lat' dir='ltr'><strong>pra-.-</strong></span> 
     </span>
    </p>
   </div>
   <div class='ocr_carea' id='block_1_48' title="bbox 1920 1955 3496 2032">
    <p class='ocr_par' dir='ltr' id='par_1_48' title="bbox 1920 1955 3496 2032">
     <span class='ocr_line' id='line_1_48' title="bbox 1920 1955 3496 2032; baseline 0.006 -25"><span class='ocrx_word' id='word_1_328' title='bbox 1920 1955 2277 2010; x_wconf 89' lang='lat' dir='ltr'><strong>Iendentibus</strong></span> <span class='ocrx_word' id='word_1_329' title='bbox 2331 1956 2556 2011; x_wconf 90' lang='lat' dir='ltr'><strong>incensa</strong></span> <span class='ocrx_word' id='word_1_330' title='bbox 2604 1965 2694 2012; x_wconf 67' lang='lat' dir='ltr'><strong>est</strong></span> <span class='ocrx_word' id='word_1_331' title='bbox 2742 1957 2948 2021; x_wconf 91' lang='lat' dir='ltr'><strong>libido,</strong></span> <span class='ocrx_word' id='word_1_332' title='bbox 2997 1968 3057 2012; x_wconf 95' lang='lat' dir='ltr'><strong>ut</strong></span> <span class='ocrx_word' id='word_1_333' title='bbox 3109 1961 3232 2016; x_wconf 87' lang='lat' dir='ltr'><strong>sine</strong></span> <span class='ocrx_word' id='word_1_334' title='bbox 3282 1963 3496 2032; x_wconf 82' lang='lat' dir='ltr'><strong>pudore</strong></span> 
     </span>
    </p>
   </div>
   <div class='ocr_carea' id='block_1_49' title="bbox 1919 2047 3500 2122">
    <p class='ocr_par' dir='ltr' id='par_1_49' title="bbox 1919 2047 3500 2122">
     <span class='ocr_line' id='line_1_49' title="bbox 1919 2047 3500 2122; baseline 0.007 -21"><span class='ocrx_word' id='word_1_335' title='bbox 1919 2062 2097 2116; x_wconf 90' lang='lat' dir='ltr'><strong>neque</strong></span> <span class='ocrx_word' id='word_1_336' title='bbox 2129 2047 2229 2118; x_wconf 86' lang='lat' dir='ltr'><strong>ipsi</strong></span> <span class='ocrx_word' id='word_1_337' title='bbox 2260 2048 2441 2117; x_wconf 92' lang='lat' dir='ltr'><strong>pudici</strong></span> <span class='ocrx_word' id='word_1_338' title='bbox 2473 2059 2680 2114; x_wconf 90' lang='lat' dir='ltr'><strong>essent,</strong></span> <span class='ocrx_word' id='word_1_339' title='bbox 2726 2067 2905 2121; x_wconf 86' lang='lat' dir='ltr'><strong>neque</strong></span> <span class='ocrx_word' id='word_1_340' title='bbox 2941 2053 3172 2122; x_wconf 88' lang='lat' dir='ltr'><strong>pudicos</strong></span> <span class='ocrx_word' id='word_1_341' title='bbox 3203 2054 3255 2107; x_wconf 92' lang='lat' dir='ltr'><strong>iu</strong></span> <span class='ocrx_word' id='word_1_342' title='bbox 3284 2071 3350 2110; x_wconf 88' lang='lat' dir='ltr'><strong>eo</strong></span> <span class='ocrx_word' id='word_1_343' title='bbox 3378 2057 3500 2112; x_wconf 90' lang='lat' dir='ltr'><strong>loco</strong></span> 
     </span>
    </p>
   </div>
   <div class='ocr_carea' id='block_1_50' title="bbox 1918 2141 3498 2208">
    <p class='ocr_par' dir='ltr' id='par_1_50' title="bbox 1918 2141 3498 2208">
     <span class='ocr_line' id='line_1_50' title="bbox 1918 2141 3498 2208; baseline 0.008 -15"><span class='ocrx_word' id='word_1_344' title='bbox 1918 2152 2041 2194; x_wconf 80' lang='lat' dir='ltr'><strong>esse</strong></span> <span class='ocrx_word' id='word_1_345' title='bbox 2085 2149 2425 2208; x_wconf 87' lang='lat' dir='ltr'><strong>paterentur.</strong></span> <span class='ocrx_word' id='word_1_346' title='bbox 2472 2141 2576 2208; x_wconf 88' lang='lat' dir='ltr'><strong>Qui</strong></span> <span class='ocrx_word' id='word_1_347' title='bbox 2629 2144 2774 2198; x_wconf 91' lang='lat' dir='ltr'><strong>enim</strong></span> <span class='ocrx_word' id='word_1_348' title='bbox 2823 2145 2899 2199; x_wconf 91' lang='lat' dir='ltr'><strong>ibi</strong></span> <span class='ocrx_word' id='word_1_349' title='bbox 2943 2147 3061 2202; x_wconf 86' lang='lat' dir='ltr'><strong>sine</strong></span> <span class='ocrx_word' id='word_1_350' title='bbox 3093 2150 3269 2202; x_wconf 83' lang='lat' dir='ltr'><strong>amica</strong></span> <span class='ocrx_word' id='word_1_351' title='bbox 3315 2167 3498 2206; x_wconf 86' lang='lat' dir='ltr'><strong>versa-</strong></span> 
     </span>
    </p>
   </div>
   <div class='ocr_carea' id='block_1_51' title="bbox 1919 2232 3497 2310">
    <p class='ocr_par' dir='ltr' id='par_1_51' title="bbox 1919 2232 3497 2310">
     <span class='ocr_line' id='line_1_51' title="bbox 1919 2232 3497 2310; baseline 0.006 -26"><span class='ocrx_word' id='word_1_352' title='bbox 1919 2241 2115 2296; x_wconf 89' lang='lat' dir='ltr'><strong>retur,</strong></span> <span class='ocrx_word' id='word_1_353' title='bbox 2167 2232 2452 2287; x_wconf 81' lang='lat' dir='ltr'><strong>illiberalis</strong></span> <span class='ocrx_word' id='word_1_354' title='bbox 2499 2236 2662 2303; x_wconf 85' lang='lat' dir='ltr'><strong>plane</strong></span> <span class='ocrx_word' id='word_1_355' title='bbox 2725 2251 3037 2307; x_wconf 89' lang='lat' dir='ltr'><strong>parumque</strong></span> <span class='ocrx_word' id='word_1_356' title='bbox 3085 2250 3276 2310; x_wconf 75' lang='lat' dir='ltr'><strong>gratus</strong></span> <span class='ocrx_word' id='word_1_357' title='bbox 3323 2242 3497 2308; x_wconf 79' lang='lat' dir='ltr'><strong>visus,</strong></span> 
     </span>
    </p>
   </div>
   <div class='ocr_carea' id='block_1_52' title="bbox 1920 2324 3500 2398">
    <p class='ocr_par' dir='ltr' id='par_1_52' title="bbox 1920 2324 3500 2398">
     <span class='ocr_line' id='line_1_52' title="bbox 1920 2324 3500 2398; baseline 0.008 -20"><span class='ocrx_word' id='word_1_358' title='bbox 1920 2324 2147 2393; x_wconf 83' lang='lat' dir='ltr'><strong>perinde</strong></span> <span class='ocrx_word' id='word_1_359' title='bbox 2176 2337 2339 2396; x_wconf 85' lang='lat' dir='ltr'><strong>atque</strong></span> <span class='ocrx_word' id='word_1_360' title='bbox 2380 2328 2661 2397; x_wconf 91' lang='lat' dir='ltr'><strong>piaculum</strong></span> <span class='ocrx_word' id='word_1_361' title='bbox 2704 2329 2925 2398; x_wconf 87' lang='lat' dir='ltr'><strong>aliquod</strong></span> <span class='ocrx_word' id='word_1_362' title='bbox 2955 2331 3344 2387; x_wconf 80' lang='lat' dir='ltr'><strong>detestandum</strong></span> <span class='ocrx_word' id='word_1_363' title='bbox 3371 2337 3500 2391; x_wconf 86' lang='lat' dir='ltr'><strong>inde</strong></span> 
     </span>
    </p>
   </div>
   <div class='ocr_carea' id='block_1_53' title="bbox 1920 2416 3502 2493">
    <p class='ocr_par' dir='ltr' id='par_1_53' title="bbox 1920 2416 3502 2493">
     <span class='ocr_line' id='line_1_53' title="bbox 1920 2416 3502 2493; baseline 0.011 -24"><span class='ocrx_word' id='word_1_364' title='bbox 1920 2416 2265 2486; x_wconf 80' lang='lat' dir='ltr'><strong>abigebatur.</strong></span> <span class='ocrx_word' id='word_1_365' title='bbox 2301 2418 2501 2475; x_wconf 64' lang='lat' dir='ltr'><strong>Grmcaz</strong></span> <span class='ocrx_word' id='word_1_366' title='bbox 2545 2430 2730 2475; x_wconf 91' lang='lat' dir='ltr'><strong>autem</strong></span> <span class='ocrx_word' id='word_1_367' title='bbox 2775 2425 3190 2493; x_wconf 84' lang='lat' dir='ltr'><strong>superstitionis</strong></span> <span class='ocrx_word' id='word_1_368' title='bbox 3239 2429 3502 2486; x_wconf 86' lang='lat' dir='ltr'><strong>observa-</strong></span> 
     </span>
    </p>
   </div>
   <div class='ocr_carea' id='block_1_54' title="bbox 1928 2510 3496 2581">
    <p class='ocr_par' dir='ltr' id='par_1_54' title="bbox 1928 2510 3496 2581">
     <span class='ocr_line' id='line_1_54' title="bbox 1928 2510 3496 2581; baseline 0.01 -17"><span class='ocrx_word' id='word_1_369' title='bbox 1928 2510 2143 2564; x_wconf 90' lang='lat' dir='ltr'><strong>toribus</strong></span> <span class='ocrx_word' id='word_1_370' title='bbox 2176 2511 2450 2581; x_wconf 67' lang='lat' dir='ltr'><strong>praecipue</strong></span> <span class='ocrx_word' id='word_1_371' title='bbox 2484 2513 2536 2566; x_wconf 89' lang='lat' dir='ltr'><strong>in</strong></span> <span class='ocrx_word' id='word_1_372' title='bbox 2570 2517 2812 2570; x_wconf 82' lang='lat' dir='ltr'><strong>maximo</strong></span> <span class='ocrx_word' id='word_1_373' title='bbox 2845 2518 3000 2573; x_wconf 89' lang='lat' dir='ltr'><strong>locus</strong></span> <span class='ocrx_word' id='word_1_374' title='bbox 3028 2519 3252 2575; x_wconf 85' lang='lat' dir='ltr'><strong>habitus</strong></span> <span class='ocrx_word' id='word_1_375' title='bbox 3280 2533 3365 2577; x_wconf 90' lang='lat' dir='ltr'><strong>est</strong></span> <span class='ocrx_word' id='word_1_376' title='bbox 3394 2525 3496 2578; x_wconf 89' lang='lat' dir='ltr'><strong>bo-</strong></span> 
     </span>
    </p>
   </div>
   <div class='ocr_carea' id='block_1_55' title="bbox 1919 2603 3500 2688">
    <p class='ocr_par' dir='ltr' id='par_1_55' title="bbox 1919 2603 3500 2688">
     <span class='ocr_line' id='line_1_55' title="bbox 1919 2603 3500 2688; baseline 0.011 -34"><span class='ocrx_word' id='word_1_377' title='bbox 1919 2617 2075 2656; x_wconf 89' lang='lat' dir='ltr'><strong>nore.</strong></span> <span class='ocrx_word' id='word_1_378' title='bbox 2112 2603 2249 2657; x_wconf 74' lang='lat' dir='ltr'><strong>Nam</strong></span> <span class='ocrx_word' id='word_1_379' title='bbox 2279 2613 2460 2658; x_wconf 86' lang='lat' dir='ltr'><strong>statua</strong></span> <span class='ocrx_word' id='word_1_380' title='bbox 2497 2605 2572 2659; x_wconf 93' lang='lat' dir='ltr'><strong>ibi</strong></span> <span class='ocrx_word' id='word_1_381' title='bbox 2603 2606 2874 2676; x_wconf 77' lang='lat' dir='ltr'><strong>Apollinis</strong></span> <span class='ocrx_word' id='word_1_382' title='bbox 2905 2608 3161 2681; x_wconf 73' lang='lat' dir='ltr'><strong>Daphnzei</strong></span> <span class='ocrx_word' id='word_1_383' title='bbox 3196 2615 3272 2684; x_wconf 86' lang='lat' dir='ltr'><strong>(I)</strong></span> <span class='ocrx_word' id='word_1_384' title='bbox 3304 2633 3500 2688; x_wconf 77' lang='lat' dir='ltr'><strong>magna</strong></span> 
     </span>
    </p>
   </div>
   <div class='ocr_carea' id='block_1_56' title="bbox 1925 2699 3496 2775">
    <p class='ocr_par' dir='ltr' id='par_1_56' title="bbox 1925 2699 3496 2775">
     <span class='ocr_line' id='line_1_56' title="bbox 1925 2699 3496 2775; baseline 0.011 -28"><span class='ocrx_word' id='word_1_385' title='bbox 1925 2705 2218 2751; x_wconf 84' lang='lat' dir='ltr'><strong>venustate</strong></span> <span class='ocrx_word' id='word_1_386' title='bbox 2267 2699 2591 2767; x_wconf 75' lang='lat' dir='ltr'><strong>cxsculpta,</strong></span> <span class='ocrx_word' id='word_1_387' title='bbox 2641 2711 2694 2753; x_wconf 87' lang='lat' dir='ltr'><strong>et</strong></span> <span class='ocrx_word' id='word_1_388' title='bbox 2744 2703 3008 2772; x_wconf 82' lang='lat' dir='ltr'><strong>templum</strong></span> <span class='ocrx_word' id='word_1_389' title='bbox 3063 2707 3496 2775; x_wconf 83' lang='lat' dir='ltr'><strong>pulcherrimum</strong></span> 
     </span>
    </p>
   </div>
   <div class='ocr_carea' id='block_1_57' title="bbox 1918 2788 3495 2861">
    <p class='ocr_par' dir='ltr' id='par_1_57' title="bbox 1918 2788 3495 2861">
     <span class='ocr_line' id='line_1_57' title="bbox 1918 2788 3495 2861; baseline 0.01 -19"><span class='ocrx_word' id='word_1_390' title='bbox 1918 2788 2208 2843; x_wconf 87' lang='lat' dir='ltr'><strong>altitudine</strong></span> <span class='ocrx_word' id='word_1_391' title='bbox 2235 2798 2292 2844; x_wconf 91' lang='lat' dir='ltr'><strong>et</strong></span> <span class='ocrx_word' id='word_1_392' title='bbox 2314 2793 2682 2861; x_wconf 90' lang='lat' dir='ltr'><strong>amplitudine</strong></span> <span class='ocrx_word' id='word_1_393' title='bbox 2712 2795 2968 2860; x_wconf 89' lang='lat' dir='ltr'><strong>mirifica,</strong></span> <span class='ocrx_word' id='word_1_394' title='bbox 2996 2799 3296 2856; x_wconf 84' lang='lat' dir='ltr'><strong>artiﬁciosa</strong></span> <span class='ocrx_word' id='word_1_395' title='bbox 3332 2819 3495 2858; x_wconf 88' lang='lat' dir='ltr'><strong>manu</strong></span> 
     </span>
    </p>
   </div>
   <div class='ocr_carea' id='block_1_58' title="bbox 1919 2883 3498 2967">
    <p class='ocr_par' dir='ltr' id='par_1_58' title="bbox 1919 2883 3498 2967">
     <span class='ocr_line' id='line_1_58' title="bbox 1919 2883 3498 2967; baseline 0.01 -33"><span class='ocrx_word' id='word_1_396' title='bbox 1919 2890 2297 2936; x_wconf 91' lang='lat' dir='ltr'><strong>constructum</strong></span> <span class='ocrx_word' id='word_1_397' title='bbox 2347 2883 2493 2938; x_wconf 88' lang='lat' dir='ltr'><strong>fuit:</strong></span> <span class='ocrx_word' id='word_1_398' title='bbox 2527 2886 2672 2954; x_wconf 91' lang='lat' dir='ltr'><strong>quod</strong></span> <span class='ocrx_word' id='word_1_399' title='bbox 2708 2885 3000 2944; x_wconf 89' lang='lat' dir='ltr'><strong>Seleucum</strong></span> <span class='ocrx_word' id='word_1_400' title='bbox 3027 2931 3042 2956; x_wconf 91' lang='lat'><strong>,</strong></span> <span class='ocrx_word' id='word_1_401' title='bbox 3079 2892 3362 2956; x_wconf 81' lang='lat' dir='ltr'><strong>Antiochi,</strong></span> <span class='ocrx_word' id='word_1_402' title='bbox 3403 2897 3498 2967; x_wconf 90' lang='lat' dir='ltr'><strong>qui</strong></span> 
     </span>
    </p>
   </div>
   <div class='ocr_carea' id='block_1_59' title="bbox 1921 2972 3498 3055">
    <p class='ocr_par' dir='ltr' id='par_1_59' title="bbox 1921 2972 3498 3055">
     <span class='ocr_line' id='line_1_59' title="bbox 1921 2972 3498 3055; baseline 0.01 -30"><span class='ocrx_word' id='word_1_403' title='bbox 1921 2972 2114 3028; x_wconf 88' lang='lat' dir='ltr'><strong>urbem</strong></span> <span class='ocrx_word' id='word_1_404' title='bbox 2161 2989 2282 3029; x_wconf 89' lang='lat' dir='ltr'><strong>eam</strong></span> <span class='ocrx_word' id='word_1_405' title='bbox 2334 2976 2438 3030; x_wconf 88' lang='lat' dir='ltr'><strong>sub</strong></span> <span class='ocrx_word' id='word_1_406' title='bbox 2487 2991 2589 3031; x_wconf 89' lang='lat' dir='ltr'><strong>suo</strong></span> <span class='ocrx_word' id='word_1_407' title='bbox 2641 2979 2867 3034; x_wconf 88' lang='lat' dir='ltr'><strong>nomine</strong></span> <span class='ocrx_word' id='word_1_408' title='bbox 2919 2981 3208 3052; x_wconf 74' lang='lat' dir='ltr'><strong>magnifice</strong></span> <span class='ocrx_word' id='word_1_409' title='bbox 3259 2987 3498 3055; x_wconf 91' lang='lat' dir='ltr'><strong>primum</strong></span> 
     </span>
    </p>
   </div>
   <div class='ocr_carea' id='block_1_60' title="bbox 1918 3064 3498 3136">
    <p class='ocr_par' dir='ltr' id='par_1_60' title="bbox 1918 3064 3498 3136">
     <span class='ocr_line' id='line_1_60' title="bbox 1918 3064 3498 3136; baseline 0.01 -18"><span class='ocrx_word' id='word_1_410' title='bbox 1918 3064 2197 3128; x_wconf 87' lang='lat' dir='ltr'><strong>condidit,</strong></span> <span class='ocrx_word' id='word_1_411' title='bbox 2250 3075 2460 3136; x_wconf 84' lang='lat' dir='ltr'><strong>patrem</strong></span> <span class='ocrx_word' id='word_1_412' title='bbox 2524 3071 2903 3127; x_wconf 75' lang='lat' dir='ltr'><strong>construxisso</strong></span> <span class='ocrx_word' id='word_1_413' title='bbox 2947 3071 3157 3132; x_wconf 88' lang='lat' dir='ltr'><strong>ferunt.</strong></span> <span class='ocrx_word' id='word_1_414' title='bbox 3214 3077 3498 3134; x_wconf 84' lang='lat' dir='ltr'><strong>Creditum</strong></span> 
     </span>
    </p>
   </div>
   <div class='ocr_carea' id='block_1_61' title="bbox 1919 3157 3502 3235">
    <p class='ocr_par' dir='ltr' id='par_1_61' title="bbox 1919 3157 3502 3235">
     <span class='ocr_line' id='line_1_61' title="bbox 1919 3157 3502 3235; baseline 0.006 -23"><span class='ocrx_word' id='word_1_415' title='bbox 1919 3157 2085 3212; x_wconf 85' lang='lat' dir='ltr'><strong>etiam</strong></span> <span class='ocrx_word' id='word_1_416' title='bbox 2131 3159 2294 3229; x_wconf 80' lang='lat' dir='ltr'><strong>longo</strong></span> <span class='ocrx_word' id='word_1_417' title='bbox 2342 3170 2588 3231; x_wconf 88' lang='lat' dir='ltr'><strong>tempore</strong></span> <span class='ocrx_word' id='word_1_418' title='bbox 2624 3172 2705 3216; x_wconf 85' lang='lat' dir='ltr'><strong>est</strong></span> <span class='ocrx_word' id='word_1_419' title='bbox 2730 3204 2745 3230; x_wconf 93' lang='lat'><strong>,</strong></span> <span class='ocrx_word' id='word_1_420' title='bbox 2782 3178 2979 3235; x_wconf 87' lang='lat' dir='ltr'><strong>aquam</strong></span> <span class='ocrx_word' id='word_1_421' title='bbox 3034 3165 3109 3220; x_wconf 93' lang='lat' dir='ltr'><strong>ibi</strong></span> <span class='ocrx_word' id='word_1_422' title='bbox 3142 3182 3173 3222; x_wconf 90' lang='lat' dir='ltr'><strong>e</strong></span> <span class='ocrx_word' id='word_1_423' title='bbox 3206 3167 3355 3224; x_wconf 90' lang='lat' dir='ltr'><strong>fonte</strong></span> <span class='ocrx_word' id='word_1_424' title='bbox 3397 3170 3502 3226; x_wconf 75' lang='lat' dir='ltr'><strong>Ca.</strong></span> 
     </span>
    </p>
   </div>
   <div class='ocr_carea' id='block_1_62' title="bbox 218 3245 1911 3342">
    <p class='ocr_par' dir='ltr' id='par_1_62' title="bbox 218 3245 1889 3342">
     <span class='ocr_line' id='line_1_62' title="bbox 218 3245 1889 3342; baseline 0.023 -55"><span class='ocrx_word' id='word_1_425' title='bbox 218 3257 324 3308; x_wconf 60' lang='grc' dir='ltr'>χιιι</span> <span class='ocrx_word' id='word_1_426' title='bbox 361 3254 743 3322; x_wconf 72' lang='grc' dir='ltr'>προσηγορίαν</span> <span class='ocrx_word' id='word_1_427' title='bbox 777 3251 1011 3304; x_wconf 81' lang='grc' dir='ltr'>ἐκείνου.</span> <span class='ocrx_word' id='word_1_428' title='bbox 1042 3249 1180 3302; x_wconf 72' lang='grc' dir='ltr'>Φασὶ</span> <span class='ocrx_word' id='word_1_429' title='bbox 1214 3247 1271 3300; x_wconf 85' lang='grc' dir='ltr'><strong>δέ</strong></span> <span class='ocrx_word' id='word_1_430' title='bbox 1307 3248 1401 3301; x_wconf 71' lang='grc' dir='ltr'>καὶ</span> <span class='ocrx_word' id='word_1_431' title='bbox 1435 3247 1702 3342; x_wconf 42' lang='grc' dir='ltr'><strong>’ἀβριανῷ</strong></span> <span class='ocrx_word' id='word_1_432' title='bbox 1733 3245 1814 3317; x_wconf 76' lang='grc' dir='ltr'><strong>τῷ</strong></span> <span class='ocrx_word' id='word_1_433' title='bbox 1844 3280 1889 3342; x_wconf 85' lang='lat' dir='ltr'>c</span> 
     </span>
    </p>
   </div>
   <div class='ocr_carea' id='block_1_63' title="bbox 1803 3245 3496 3342">
    <p class='ocr_par' dir='ltr' id='par_1_63' title="bbox 1803 3249 3496 3342">
     <span class='ocr_line' id='line_1_63' title="bbox 1803 3249 3496 3342; baseline 0.011 -40"><span class='ocrx_word' id='word_1_434' title='bbox 1803 3250 1814 3302; x_wconf 65' lang='grc' dir='ltr'><strong>ι</strong></span> <span class='ocrx_word' id='word_1_435' title='bbox 1844 3280 1889 3342; x_wconf 81' lang='lat' dir='ltr'>c</span> <span class='ocrx_word' id='word_1_436' title='bbox 1923 3249 2082 3305; x_wconf 89' lang='lat' dir='ltr'><strong>stalio</strong></span> <span class='ocrx_word' id='word_1_437' title='bbox 2111 3250 2526 3318; x_wconf 86' lang='lat' dir='ltr'><strong>divinatricem,</strong></span> <span class='ocrx_word' id='word_1_438' title='bbox 2561 3254 2696 3310; x_wconf 90' lang='lat' dir='ltr'><strong>nihil</strong></span> <span class='ocrx_word' id='word_1_439' title='bbox 2738 3271 2964 3325; x_wconf 86' lang='lat' dir='ltr'><strong>prorsus</strong></span> <span class='ocrx_word' id='word_1_440' title='bbox 2995 3258 3063 3312; x_wconf 91' lang='lat' dir='ltr'><strong>ab</strong></span> <span class='ocrx_word' id='word_1_441' title='bbox 3092 3260 3194 3314; x_wconf 86' lang='lat' dir='ltr'><strong>alia</strong></span> <span class='ocrx_word' id='word_1_442' title='bbox 3233 3262 3324 3318; x_wconf 89' lang='lat' dir='ltr'><strong>illa</strong></span> <span class='ocrx_word' id='word_1_443' title='bbox 3356 3265 3496 3334; x_wconf 85' lang='lat' dir='ltr'><strong>apud</strong></span> 
     </span>
    </p>
   </div>
   <div class='ocr_carea' id='block_1_64' title="bbox 220 3339 1818 3417">
    <p class='ocr_par' dir='ltr' id='par_1_64' title="bbox 220 3339 1818 3417">
     <span class='ocr_line' id='line_1_64' title="bbox 220 3339 1818 3417; baseline -0.003 -19"><span class='ocrx_word' id='word_1_444' title='bbox 220 3348 447 3417; x_wconf 86' lang='grc' dir='ltr'>βασιλεί</span> <span class='ocrx_word' id='word_1_445' title='bbox 478 3349 536 3397; x_wconf 88' lang='grc' dir='ltr'><strong>ἐν</strong></span> <span class='ocrx_word' id='word_1_446' title='bbox 570 3346 806 3408; x_wconf 83' lang='grc' dir='ltr'>ἰδιώταις</span> <span class='ocrx_word' id='word_1_447' title='bbox 838 3343 921 3395; x_wconf 80' lang='grc' dir='ltr'><strong>ἐτι</strong></span> <span class='ocrx_word' id='word_1_448' title='bbox 951 3343 1290 3410; x_wconf 83' lang='grc' dir='ltr'>ταττομένῳ,</span> <span class='ocrx_word' id='word_1_449' title='bbox 1322 3339 1558 3395; x_wconf 81' lang='grc' dir='ltr'>ἐνταῦθα</span> <span class='ocrx_word' id='word_1_450' title='bbox 1587 3357 1818 3411; x_wconf 79' lang='grc' dir='ltr'>προφοι·</span> 
     </span>
    </p>
   </div>
   <div class='ocr_carea' id='block_1_65' title="bbox 218 3431 1818 3508">
    <p class='ocr_par' dir='ltr' id='par_1_65' title="bbox 218 3431 1818 3508">
     <span class='ocr_line' id='line_1_65' title="bbox 218 3431 1818 3508; baseline -0.003 -16"><span class='ocrx_word' id='word_1_451' title='bbox 218 3439 502 3508; x_wconf 78' lang='grc' dir='ltr'>6ασθῆναι</span> <span class='ocrx_word' id='word_1_452' title='bbox 532 3439 592 3489; x_wconf 72' lang='grc' dir='ltr'><strong>τὸ</strong></span> <span class='ocrx_word' id='word_1_453' title='bbox 625 3436 824 3506; x_wconf 81' lang='grc' dir='ltr'>μέλλον</span> <span class='ocrx_word' id='word_1_454' title='bbox 849 3452 862 3466; x_wconf 77' lang='grc' dir='ltr'>ο</span> <span class='ocrx_word' id='word_1_455' title='bbox 895 3435 1106 3504; x_wconf 71' lang='grc' dir='ltr'>δάφνης</span> <span class='ocrx_word' id='word_1_456' title='bbox 1135 3435 1244 3503; x_wconf 66' lang='grc' dir='ltr'>γὰρ</span> <span class='ocrx_word' id='word_1_457' title='bbox 1272 3431 1470 3502; x_wconf 80' lang='grc' dir='ltr'>φύλλον</span> <span class='ocrx_word' id='word_1_458' title='bbox 1495 3433 1818 3503; x_wconf 75' lang='grc' dir='ltr'>ἐμϐάψαντα</span> 
     </span>
    </p>
   </div>
   <div class='ocr_carea' id='block_1_66' title="bbox 217 3525 1815 3604">
    <p class='ocr_par' dir='ltr' id='par_1_66' title="bbox 217 3525 1815 3604">
     <span class='ocr_line' id='line_1_66' title="bbox 217 3525 1815 3604; baseline -0.005 -16"><span class='ocrx_word' id='word_1_459' title='bbox 217 3538 291 3604; x_wconf 78' lang='grc' dir='ltr'>τῇ</span> <span class='ocrx_word' id='word_1_460' title='bbox 333 3533 514 3602; x_wconf 77' lang='grc' dir='ltr'>πηγῇ,</span> <span class='ocrx_word' id='word_1_461' title='bbox 546 3529 646 3601; x_wconf 76' lang='grc' dir='ltr'><strong>τὴν</strong></span> <span class='ocrx_word' id='word_1_462' title='bbox 677 3527 773 3582; x_wconf 84' lang='grc' dir='ltr'><strong>τοῦ</strong></span> <span class='ocrx_word' id='word_1_463' title='bbox 809 3527 1097 3598; x_wconf 77' lang='grc' dir='ltr'>μέλλοντος</span> <span class='ocrx_word' id='word_1_464' title='bbox 1131 3525 1443 3599; x_wconf 81' lang='grc' dir='ltr'>ἀρύσασθαι</span> <span class='ocrx_word' id='word_1_465' title='bbox 1477 3529 1815 3598; x_wconf 79' lang='grc' dir='ltr'>πρόγνωσιν,</span> 
     </span>
    </p>
   </div>
   <div class='ocr_carea' id='block_1_67' title="bbox 220 3617 1822 3697">
    <p class='ocr_par' dir='ltr' id='par_1_67' title="bbox 220 3617 1822 3697">
     <span class='ocr_line' id='line_1_67' title="bbox 220 3617 1822 3697; baseline -0.005 -18"><span class='ocrx_word' id='word_1_466' title='bbox 220 3626 528 3697; x_wconf 81' lang='grc' dir='ltr'>γράμμασι</span> <span class='ocrx_word' id='word_1_467' title='bbox 557 3618 1049 3692; x_wconf 86' lang='grc' dir='ltr'>καταμηνυθεῖσαν</span> <span class='ocrx_word' id='word_1_468' title='bbox 1075 3618 1228 3691; x_wconf 79' lang='grc' dir='ltr'>αὐτῷ</span> <span class='ocrx_word' id='word_1_469' title='bbox 1253 3634 1268 3650; x_wconf 78' lang='grc' dir='ltr'><strong>ο</strong></span> <span class='ocrx_word' id='word_1_470' title='bbox 1301 3618 1424 3672; x_wconf 80' lang='grc' dir='ltr'>ἐπεὶ</span> <span class='ocrx_word' id='word_1_471' title='bbox 1453 3618 1510 3672; x_wconf 79' lang='grc' dir='ltr'><strong>δέ</strong></span> <span class='ocrx_word' id='word_1_472' title='bbox 1541 3618 1638 3672; x_wconf 84' lang='grc' dir='ltr'>καὶ</span> <span class='ocrx_word' id='word_1_473' title='bbox 1667 3617 1822 3684; x_wconf 81' lang='grc' dir='ltr'>τέλος</span> 
     </span>
    </p>
   </div>
   <div class='ocr_carea' id='block_1_68' title="bbox 218 3709 1820 3790">
    <p class='ocr_par' dir='ltr' id='par_1_68' title="bbox 218 3709 1820 3790">
     <span class='ocr_line' id='line_1_68' title="bbox 218 3709 1820 3790; baseline -0.003 -18"><span class='ocrx_word' id='word_1_474' title='bbox 218 3718 388 3788; x_wconf 71' lang='grc' dir='ltr'>ἔσχεν</span> <span class='ocrx_word' id='word_1_475' title='bbox 413 3718 448 3787; x_wconf 73' lang='grc' dir='ltr'><strong>ἠ</strong></span> <span class='ocrx_word' id='word_1_476' title='bbox 474 3715 782 3790; x_wconf 71' lang='grc' dir='ltr'>πρόρρησις</span> <span class='ocrx_word' id='word_1_477' title='bbox 809 3713 896 3768; x_wconf 81' lang='grc' dir='ltr'><strong>ἐπ’</strong></span> <span class='ocrx_word' id='word_1_478' title='bbox 919 3711 1091 3783; x_wconf 83' lang='grc' dir='ltr'>αύτῷ,</span> <span class='ocrx_word' id='word_1_479' title='bbox 1121 3713 1208 3767; x_wconf 83' lang='grc' dir='ltr'>ἵνα</span> <span class='ocrx_word' id='word_1_480' title='bbox 1239 3711 1316 3783; x_wconf 78' lang='grc' dir='ltr'>μὴ</span> <span class='ocrx_word' id='word_1_481' title='bbox 1344 3713 1439 3765; x_wconf 67' lang='grc' dir='ltr'><strong>καὶ</strong></span> <span class='ocrx_word' id='word_1_482' title='bbox 1466 3711 1650 3774; x_wconf 76' lang='grc' dir='ltr'>ἄλλοις</span> <span class='ocrx_word' id='word_1_483' title='bbox 1676 3709 1820 3767; x_wconf 79' lang='grc' dir='ltr'>οὕτω</span> 
     </span>
    </p>
   </div>
   <div class='ocr_carea' id='block_1_69' title="bbox 216 3803 1820 3880">
    <p class='ocr_par' dir='ltr' id='par_1_69' title="bbox 216 3803 1820 3880">
     <span class='ocr_line' id='line_1_69' title="bbox 216 3803 1820 3880; baseline -0.006 -15"><span class='ocrx_word' id='word_1_484' title='bbox 216 3812 285 3865; x_wconf 75' lang='grc' dir='ltr'>τὸ</span> <span class='ocrx_word' id='word_1_485' title='bbox 318 3809 519 3880; x_wconf 82' lang='grc' dir='ltr'>μέλλον</span> <span class='ocrx_word' id='word_1_486' title='bbox 547 3807 848 3878; x_wconf 80' lang='grc' dir='ltr'>μανθάνειν</span> <span class='ocrx_word' id='word_1_487' title='bbox 874 3804 993 3879; x_wconf 76' lang='grc' dir='ltr'>ἐξῇ,</span> <span class='ocrx_word' id='word_1_488' title='bbox 1016 3803 1235 3876; x_wconf 86' lang='grc' dir='ltr'>χώμασι</span> <span class='ocrx_word' id='word_1_489' title='bbox 1265 3803 1481 3868; x_wconf 75' lang='grc' dir='ltr'>πολλοῖς</span> <span class='ocrx_word' id='word_1_490' title='bbox 1504 3803 1608 3877; x_wconf 80' lang='grc' dir='ltr'>τὴν</span> <span class='ocrx_word' id='word_1_491' title='bbox 1632 3803 1820 3876; x_wconf 77' lang='grc' dir='ltr'>πηγὴν</span> 
     </span>
    </p>
   </div>
   <div class='ocr_carea' id='block_1_70' title="bbox 216 3905 516 3976">
    <p class='ocr_par' dir='ltr' id='par_1_70' title="bbox 216 3905 516 3976">
     <span class='ocr_line' id='line_1_70' title="bbox 216 3905 516 3976; baseline -0.01 -11"><span class='ocrx_word' id='word_1_492' title='bbox 216 3905 516 3976; x_wconf 73' lang='grc' dir='ltr'>ἀφανίσαι.</span> 
     </span>
    </p>
   </div>
   <div class='ocr_carea' id='block_1_71' title="bbox 296 4171 1818 4247">
    <p class='ocr_par' dir='ltr' id='par_1_71' title="bbox 296 4171 1818 4247">
     <span class='ocr_line' id='line_1_71' title="bbox 296 4171 1818 4247; baseline -0.007 -13"><span class='ocrx_word' id='word_1_493' title='bbox 296 4177 494 4234; x_wconf 82' lang='grc' dir='ltr'><strong>Ταῦτα</strong></span> <span class='ocrx_word' id='word_1_494' title='bbox 530 4175 634 4247; x_wconf 81' lang='grc' dir='ltr'>μέν</span> <span class='ocrx_word' id='word_1_495' title='bbox 665 4173 941 4244; x_wconf 82' lang='grc' dir='ltr'>Ἑλλήνων</span> <span class='ocrx_word' id='word_1_496' title='bbox 971 4171 1160 4235; x_wconf 80' lang='grc' dir='ltr'>παῖδές</span> <span class='ocrx_word' id='word_1_497' title='bbox 1191 4187 1358 4240; x_wconf 82' lang='grc' dir='ltr'>φασιν</span> <span class='ocrx_word' id='word_1_498' title='bbox 1378 4185 1395 4201; x_wconf 79' lang='grc'><strong>⁸</strong></span> <span class='ocrx_word' id='word_1_499' title='bbox 1425 4171 1500 4234; x_wconf 82' lang='grc' dir='ltr'>ὡς</span> <span class='ocrx_word' id='word_1_500' title='bbox 1528 4171 1585 4230; x_wconf 82' lang='grc' dir='ltr'><strong>δέ</strong></span> <span class='ocrx_word' id='word_1_501' title='bbox 1617 4171 1818 4236; x_wconf 87' lang='grc' dir='ltr'>Γάλλος</span> 
     </span>
    </p>
   </div>
   <div class='ocr_carea' id='block_1_72' title="bbox 223 4264 1818 4342">
    <p class='ocr_par' dir='ltr' id='par_1_72' title="bbox 223 4264 1818 4342">
     <span class='ocr_line' id='line_1_72' title="bbox 223 4264 1818 4342; baseline -0.008 -13"><span class='ocrx_word' id='word_1_502' title='bbox 223 4279 448 4342; x_wconf 79' lang='grc' dir='ltr'>Καῖσαρ</span> <span class='ocrx_word' id='word_1_503' title='bbox 472 4272 580 4342; x_wconf 79' lang='grc' dir='ltr'>πρὸ</span> <span class='ocrx_word' id='word_1_504' title='bbox 601 4268 985 4322; x_wconf 83' lang='grc' dir='ltr'>Κωνσταντίου</span> <span class='ocrx_word' id='word_1_505' title='bbox 1007 4264 1409 4336; x_wconf 76' lang='grc' dir='ltr'>χειροτονηθεὶς</span> <span class='ocrx_word' id='word_1_506' title='bbox 1431 4265 1490 4316; x_wconf 87' lang='grc' dir='ltr'>ἐν</span> <span class='ocrx_word' id='word_1_507' title='bbox 1515 4265 1818 4336; x_wconf 65' lang='grc' dir='ltr'>Ἀντιοχείᾳ</span> 
     </span>
    </p>
   </div>
   <div class='ocr_carea' id='block_1_73' title="bbox 219 4358 1818 4440">
    <p class='ocr_par' dir='ltr' id='par_1_73' title="bbox 219 4358 1818 4440">
     <span class='ocr_line' id='line_1_73' title="bbox 219 4358 1818 4440; baseline -0.018 -14"><span class='ocrx_word' id='word_1_508' title='bbox 219 4369 472 4440; x_wconf 72' lang='grc' dir='ltr'>διέτριϐε</span> <span class='ocrx_word' id='word_1_509' title='bbox 494 4408 510 4433; x_wconf 89' lang='grc'>,</span> <span class='ocrx_word' id='word_1_510' title='bbox 541 4366 642 4427; x_wconf 79' lang='grc' dir='ltr'><strong>τὰς</strong></span> <span class='ocrx_word' id='word_1_511' title='bbox 674 4364 853 4417; x_wconf 88' lang='grc' dir='ltr'>ἐκεῖσε</span> <span class='ocrx_word' id='word_1_512' title='bbox 881 4361 994 4414; x_wconf 84' lang='grc' dir='ltr'>τῶν</span> <span class='ocrx_word' id='word_1_513' title='bbox 1025 4359 1320 4430; x_wconf 72' lang='grc' dir='ltr'>βαρϐάρων</span> <span class='ocrx_word' id='word_1_514' title='bbox 1349 4358 1696 4413; x_wconf 81' lang='grc' dir='ltr'>ἀναστέλλων</span> <span class='ocrx_word' id='word_1_515' title='bbox 1725 4362 1818 4430; x_wconf 74' lang='grc' dir='ltr'><strong>ὁρ-</strong></span> 
     </span>
    </p>
   </div>
   <div class='ocr_carea' id='block_1_74' title="bbox 222 4452 1819 4537">
    <p class='ocr_par' dir='ltr' id='par_1_74' title="bbox 222 4452 1819 4537">
     <span class='ocr_line' id='line_1_74' title="bbox 222 4452 1819 4537; baseline -0.006 -21"><span class='ocrx_word' id='word_1_516' title='bbox 222 4468 342 4537; x_wconf 69' lang='lat' dir='ltr'><strong>pd;</strong></span> <span class='ocrx_word' id='word_1_517' title='bbox 362 4480 377 4496; x_wconf 80' lang='grc' dir='ltr'>ο</span> <span class='ocrx_word' id='word_1_518' title='bbox 408 4463 536 4515; x_wconf 76' lang='grc' dir='ltr'>ἐπεὶ</span> <span class='ocrx_word' id='word_1_519' title='bbox 562 4456 892 4530; x_wconf 78' lang='grc' dir='ltr'>Χριστιανὸς</span> <span class='ocrx_word' id='word_1_520' title='bbox 918 4453 1024 4519; x_wconf 84' lang='grc' dir='ltr'><strong>ὣν,</strong></span> <span class='ocrx_word' id='word_1_521' title='bbox 1055 4457 1111 4518; x_wconf 86' lang='grc' dir='ltr'><strong>ἐς</strong></span> <span class='ocrx_word' id='word_1_522' title='bbox 1136 4454 1203 4508; x_wconf 88' lang='grc' dir='ltr'><strong>τά</strong></span> <span class='ocrx_word' id='word_1_523' title='bbox 1235 4452 1474 4523; x_wconf 82' lang='grc' dir='ltr'>μάλιστα</span> <span class='ocrx_word' id='word_1_524' title='bbox 1501 4454 1666 4523; x_wconf 81' lang='grc' dir='ltr'>ἐτίμα</span> <span class='ocrx_word' id='word_1_525' title='bbox 1693 4455 1819 4517; x_wconf 86' lang='grc' dir='ltr'>τοὺς</span> 
     </span>
    </p>
   </div>
   <div class='ocr_carea' id='block_1_75' title="bbox 219 4547 1818 4627">
    <p class='ocr_par' dir='ltr' id='par_1_75' title="bbox 219 4547 1818 4627">
     <span class='ocr_line' id='line_1_75' title="bbox 219 4547 1818 4627; baseline -0.008 -16"><span class='ocrx_word' id='word_1_526' title='bbox 219 4557 374 4627; x_wconf 68' lang='grc' dir='ltr'><strong>ὑπὲρ</strong></span> <span class='ocrx_word' id='word_1_527' title='bbox 410 4551 654 4622; x_wconf 81' lang='grc' dir='ltr'>Χριστοῦ</span> <span class='ocrx_word' id='word_1_528' title='bbox 690 4549 787 4602; x_wconf 82' lang='grc' dir='ltr'>καὶ</span> <span class='ocrx_word' id='word_1_529' title='bbox 816 4547 910 4601; x_wconf 80' lang='grc' dir='ltr'><strong>τοῦ</strong></span> <span class='ocrx_word' id='word_1_530' title='bbox 943 4547 1216 4616; x_wconf 77' lang='grc' dir='ltr'>δόγματος</span> <span class='ocrx_word' id='word_1_531' title='bbox 1249 4547 1514 4614; x_wconf 86' lang='grc' dir='ltr'>γενναίως</span> <span class='ocrx_word' id='word_1_532' title='bbox 1545 4547 1818 4614; x_wconf 81' lang='grc' dir='ltr'>ἀγωνισα-</span> 
     </span>
    </p>
   </div>
   <div class='ocr_carea' id='block_1_76' title="bbox 1922 3339 3495 3422">
    <p class='ocr_par' dir='ltr' id='par_1_76' title="bbox 1922 3339 3495 3422">
     <span class='ocr_line' id='line_1_76' title="bbox 1922 3339 3495 3422; baseline 0.01 -26"><span class='ocrx_word' id='word_1_533' title='bbox 1922 3339 2178 3411; x_wconf 86' lang='lat' dir='ltr'><strong>Delphos,</strong></span> <span class='ocrx_word' id='word_1_534' title='bbox 2203 3352 2263 3396; x_wconf 91' lang='lat' dir='ltr'><strong>ut</strong></span> <span class='ocrx_word' id='word_1_535' title='bbox 2284 3345 2526 3410; x_wconf 90' lang='lat' dir='ltr'><strong>nomine,</strong></span> <span class='ocrx_word' id='word_1_536' title='bbox 2572 3346 2652 3401; x_wconf 92' lang='lat' dir='ltr'><strong>sic</strong></span> <span class='ocrx_word' id='word_1_537' title='bbox 2675 3349 2840 3403; x_wconf 83' lang='lat' dir='ltr'><strong>etiam</strong></span> <span class='ocrx_word' id='word_1_538' title='bbox 2868 3350 3105 3406; x_wconf 84' lang='lat' dir='ltr'><strong>efficacia</strong></span> <span class='ocrx_word' id='word_1_539' title='bbox 3130 3353 3495 3422; x_wconf 78' lang='lat' dir='ltr'><strong>dilferentem,</strong></span> 
     </span>
    </p>
   </div>
   <div class='ocr_carea' id='block_1_77' title="bbox 1921 3435 3494 3515">
    <p class='ocr_par' dir='ltr' id='par_1_77' title="bbox 1921 3435 3494 3515">
     <span class='ocr_line' id='line_1_77' title="bbox 1921 3435 3494 3515; baseline 0.01 -27"><span class='ocrx_word' id='word_1_540' title='bbox 1921 3435 2266 3504; x_wconf 80' lang='lat' dir='ltr'><strong>proﬂuxisse.</strong></span> <span class='ocrx_word' id='word_1_541' title='bbox 2302 3439 2463 3493; x_wconf 83' lang='lat' dir='ltr'><strong>Fama</strong></span> <span class='ocrx_word' id='word_1_542' title='bbox 2508 3440 2640 3495; x_wconf 88' lang='lat' dir='ltr'><strong>item</strong></span> <span class='ocrx_word' id='word_1_543' title='bbox 2687 3442 2820 3508; x_wconf 88' lang='lat' dir='ltr'><strong>fert,</strong></span> <span class='ocrx_word' id='word_1_544' title='bbox 2865 3443 3106 3502; x_wconf 79' lang='lat' dir='ltr'><strong>Adriano</strong></span> <span class='ocrx_word' id='word_1_545' title='bbox 3150 3448 3494 3515; x_wconf 81' lang='lat' dir='ltr'><strong>imperatori,</strong></span> 
     </span>
    </p>
   </div>
   <div class='ocr_carea' id='block_1_78' title="bbox 1919 3528 3497 3607">
    <p class='ocr_par' dir='ltr' id='par_1_78' title="bbox 1919 3528 3497 3607">
     <span class='ocr_line' id='line_1_78' title="bbox 1919 3528 3497 3607; baseline 0.01 -24"><span class='ocrx_word' id='word_1_546' title='bbox 1919 3543 2045 3583; x_wconf 92' lang='lat' dir='ltr'><strong>cum</strong></span> <span class='ocrx_word' id='word_1_547' title='bbox 2074 3528 2320 3598; x_wconf 79' lang='lat' dir='ltr'><strong>privatus</strong></span> <span class='ocrx_word' id='word_1_548' title='bbox 2346 3532 2528 3588; x_wconf 87' lang='lat' dir='ltr'><strong>adhuc</strong></span> <span class='ocrx_word' id='word_1_549' title='bbox 2557 3545 2722 3599; x_wconf 87' lang='lat' dir='ltr'><strong>esset,</strong></span> <span class='ocrx_word' id='word_1_550' title='bbox 2759 3552 3087 3607; x_wconf 91' lang='lat' dir='ltr'><strong>responsum</strong></span> <span class='ocrx_word' id='word_1_551' title='bbox 3128 3540 3200 3595; x_wconf 90' lang='lat' dir='ltr'><strong>ibi</strong></span> <span class='ocrx_word' id='word_1_552' title='bbox 3230 3542 3298 3597; x_wconf 91' lang='lat' dir='ltr'><strong>de</strong></span> <span class='ocrx_word' id='word_1_553' title='bbox 3331 3545 3497 3599; x_wconf 85' lang='lat' dir='ltr'><strong>rebus</strong></span> 
     </span>
    </p>
   </div>
   <div class='ocr_carea' id='block_1_79' title="bbox 1921 3621 3498 3696">
    <p class='ocr_par' dir='ltr' id='par_1_79' title="bbox 1921 3621 3498 3696">
     <span class='ocr_line' id='line_1_79' title="bbox 1921 3621 3498 3696; baseline 0.011 -23"><span class='ocrx_word' id='word_1_554' title='bbox 1921 3621 2124 3675; x_wconf 88' lang='lat' dir='ltr'><strong>futuris</strong></span> <span class='ocrx_word' id='word_1_555' title='bbox 2156 3623 2367 3676; x_wconf 90' lang='lat' dir='ltr'><strong>editum</strong></span> <span class='ocrx_word' id='word_1_556' title='bbox 2417 3639 2573 3690; x_wconf 82' lang='lat' dir='ltr'><strong>esse,</strong></span> <span class='ocrx_word' id='word_1_557' title='bbox 2617 3641 2859 3696; x_wconf 83' lang='lat' dir='ltr'><strong>eumque</strong></span> <span class='ocrx_word' id='word_1_558' title='bbox 2897 3628 3036 3684; x_wconf 90' lang='lat' dir='ltr'><strong>lauri</strong></span> <span class='ocrx_word' id='word_1_559' title='bbox 3086 3629 3219 3685; x_wconf 88' lang='lat' dir='ltr'><strong>folio</strong></span> <span class='ocrx_word' id='word_1_560' title='bbox 3252 3633 3304 3686; x_wconf 92' lang='lat' dir='ltr'><strong>in</strong></span> <span class='ocrx_word' id='word_1_561' title='bbox 3348 3634 3498 3690; x_wconf 87' lang='lat' dir='ltr'><strong>fonto</strong></span> 
     </span>
    </p>
   </div>
   <div class='ocr_carea' id='block_1_80' title="bbox 1923 3712 3500 3792">
    <p class='ocr_par' dir='ltr' id='par_1_80' title="bbox 1923 3712 3500 3792">
     <span class='ocr_line' id='line_1_80' title="bbox 1923 3712 3500 3792; baseline 0.008 -27"><span class='ocrx_word' id='word_1_562' title='bbox 1923 3713 2094 3766; x_wconf 91' lang='lat' dir='ltr'><strong>tincto</strong></span> <span class='ocrx_word' id='word_1_563' title='bbox 2129 3712 2300 3767; x_wconf 91' lang='lat' dir='ltr'><strong>futuri</strong></span> <span class='ocrx_word' id='word_1_564' title='bbox 2343 3716 2716 3786; x_wconf 78' lang='lat' dir='ltr'><strong>cognitionem</strong></span> <span class='ocrx_word' id='word_1_565' title='bbox 2755 3718 2956 3774; x_wconf 87' lang='lat' dir='ltr'><strong>litteris</strong></span> <span class='ocrx_word' id='word_1_566' title='bbox 2987 3720 3325 3792; x_wconf 79' lang='lat' dir='ltr'><strong>designatam</strong></span> <span class='ocrx_word' id='word_1_567' title='bbox 3363 3725 3500 3780; x_wconf 66' lang='lat' dir='ltr'><strong>hau.</strong></span> 
     </span>
    </p>
   </div>
   <div class='ocr_carea' id='block_1_81' title="bbox 1921 3805 3499 3886">
    <p class='ocr_par' dir='ltr' id='par_1_81' title="bbox 1921 3805 3499 3886">
     <span class='ocr_line' id='line_1_81' title="bbox 1921 3805 3499 3886; baseline 0.008 -26"><span class='ocrx_word' id='word_1_568' title='bbox 1921 3805 2099 3860; x_wconf 84' lang='lat' dir='ltr'><strong>sisse:</strong></span> <span class='ocrx_word' id='word_1_569' title='bbox 2136 3815 2193 3860; x_wconf 90' lang='lat' dir='ltr'><strong>et</strong></span> <span class='ocrx_word' id='word_1_570' title='bbox 2223 3821 2349 3861; x_wconf 91' lang='lat' dir='ltr'><strong>cum</strong></span> <span class='ocrx_word' id='word_1_571' title='bbox 2383 3823 2707 3876; x_wconf 86' lang='lat' dir='ltr'><strong>responsum</strong></span> <span class='ocrx_word' id='word_1_572' title='bbox 2742 3810 2796 3863; x_wconf 92' lang='lat' dir='ltr'><strong>id</strong></span> <span class='ocrx_word' id='word_1_573' title='bbox 2833 3809 2900 3865; x_wconf 91' lang='lat' dir='ltr'><strong>ad</strong></span> <span class='ocrx_word' id='word_1_574' title='bbox 2931 3813 3144 3866; x_wconf 77' lang='lat' dir='ltr'><strong>exitum</strong></span> <span class='ocrx_word' id='word_1_575' title='bbox 3176 3830 3338 3869; x_wconf 89' lang='lat' dir='ltr'><strong>suum</strong></span> <span class='ocrx_word' id='word_1_576' title='bbox 3376 3835 3499 3886; x_wconf 84' lang='lat' dir='ltr'><strong>pcr-</strong></span> 
     </span>
    </p>
   </div>
   <div class='ocr_carea' id='block_1_82' title="bbox 1922 3897 3497 3979">
    <p class='ocr_par' dir='ltr' id='par_1_82' title="bbox 1922 3897 3497 3979">
     <span class='ocr_line' id='line_1_82' title="bbox 1922 3897 3497 3979; baseline 0.01 -32"><span class='ocrx_word' id='word_1_577' title='bbox 1922 3897 2194 3959; x_wconf 85' lang='lat' dir='ltr'><strong>venisset,</strong></span> <span class='ocrx_word' id='word_1_578' title='bbox 2241 3913 2309 3952; x_wconf 91' lang='lat' dir='ltr'><strong>ne</strong></span> <span class='ocrx_word' id='word_1_579' title='bbox 2342 3899 2464 3954; x_wconf 89' lang='lat' dir='ltr'><strong>aliis</strong></span> <span class='ocrx_word' id='word_1_580' title='bbox 2488 3916 2708 3970; x_wconf 90' lang='lat' dir='ltr'><strong>quoque</strong></span> <span class='ocrx_word' id='word_1_581' title='bbox 2747 3902 2838 3967; x_wconf 80' lang='lat' dir='ltr'><strong>adl</strong></span> <span class='ocrx_word' id='word_1_582' title='bbox 2865 3903 3122 3958; x_wconf 87' lang='lat' dir='ltr'><strong>eumdem</strong></span> <span class='ocrx_word' id='word_1_583' title='bbox 3150 3907 3372 3979; x_wconf 87' lang='lat' dir='ltr'><strong>modum</strong></span> <span class='ocrx_word' id='word_1_584' title='bbox 3407 3927 3497 3963; x_wconf 79' lang='lat' dir='ltr'><strong>res</strong></span> 
     </span>
    </p>
   </div>
   <div class='ocr_carea' id='block_1_83' title="bbox 1923 3989 3495 4067">
    <p class='ocr_par' dir='ltr' id='par_1_83' title="bbox 1923 3989 3495 4067">
     <span class='ocr_line' id='line_1_83' title="bbox 1923 3989 3495 4067; baseline 0.008 -22"><span class='ocrx_word' id='word_1_585' title='bbox 1923 3989 2137 4045; x_wconf 85' lang='lat' dir='ltr'><strong>futuras</strong></span> <span class='ocrx_word' id='word_1_586' title='bbox 2185 4007 2516 4062; x_wconf 82' lang='lat' dir='ltr'><strong>cognoscere</strong></span> <span class='ocrx_word' id='word_1_587' title='bbox 2559 3995 2792 4062; x_wconf 87' lang='lat' dir='ltr'><strong>liceret,</strong></span> <span class='ocrx_word' id='word_1_588' title='bbox 2841 4011 3036 4067; x_wconf 75' lang='lat' dir='ltr'><strong>aggere</strong></span> <span class='ocrx_word' id='word_1_589' title='bbox 3067 3999 3240 4055; x_wconf 91' lang='lat' dir='ltr'><strong>multo</strong></span> <span class='ocrx_word' id='word_1_590' title='bbox 3288 4001 3495 4057; x_wconf 84' lang='lat' dir='ltr'><strong>fontem</strong></span> 
     </span>
    </p>
   </div>
   <div class='ocr_carea' id='block_1_84' title="bbox 1921 4084 2300 4138">
    <p class='ocr_par' dir='ltr' id='par_1_84' title="bbox 1921 4084 2300 4138">
     <span class='ocr_line' id='line_1_84' title="bbox 1921 4084 2300 4138; baseline 0.005 -2"><span class='ocrx_word' id='word_1_591' title='bbox 1921 4084 2300 4138; x_wconf 76' lang='lat' dir='ltr'><strong>obstruxisse.</strong></span> 
     </span>
    </p>
   </div>
   <div class='ocr_carea' id='block_1_85' title="bbox 1994 4174 3496 4250">
    <p class='ocr_par' dir='ltr' id='par_1_85' title="bbox 1994 4174 3496 4250">
     <span class='ocr_line' id='line_1_85' title="bbox 1994 4174 3496 4250; baseline 0.006 -22"><span class='ocrx_word' id='word_1_592' title='bbox 1994 4174 2118 4230; x_wconf 66' lang='lat' dir='ltr'><strong>Haec</strong></span> <span class='ocrx_word' id='word_1_593' title='bbox 2148 4177 2371 4245; x_wconf 91' lang='lat' dir='ltr'><strong>quidem</strong></span> <span class='ocrx_word' id='word_1_594' title='bbox 2424 4178 2507 4232; x_wconf 90' lang='lat' dir='ltr'><strong>sic</strong></span> <span class='ocrx_word' id='word_1_595' title='bbox 2553 4177 2725 4233; x_wconf 63' lang='lat' dir='ltr'><strong>Graeci</strong></span> <span class='ocrx_word' id='word_1_596' title='bbox 2769 4179 3012 4238; x_wconf 86' lang='lat' dir='ltr'><strong>tradunt.</strong></span> <span class='ocrx_word' id='word_1_597' title='bbox 3059 4182 3248 4239; x_wconf 86' lang='lat' dir='ltr'><strong>Gallus</strong></span> <span class='ocrx_word' id='word_1_598' title='bbox 3289 4196 3496 4250; x_wconf 84' lang='lat' dir='ltr'><strong>autem,</strong></span> 
     </span>
    </p>
   </div>
   <div class='ocr_carea' id='block_1_86' title="bbox 1922 4265 3498 4338">
    <p class='ocr_par' dir='ltr' id='par_1_86' title="bbox 1922 4265 3498 4338">
     <span class='ocr_line' id='line_1_86' title="bbox 1922 4265 3498 4338; baseline 0.008 -20"><span class='ocrx_word' id='word_1_599' title='bbox 1922 4265 2017 4319; x_wconf 92' lang='lat' dir='ltr'><strong>ubi</strong></span> <span class='ocrx_word' id='word_1_600' title='bbox 2066 4265 2252 4321; x_wconf 67' lang='lat' dir='ltr'><strong>Caasar</strong></span> <span class='ocrx_word' id='word_1_601' title='bbox 2300 4277 2386 4321; x_wconf 90' lang='lat' dir='ltr'><strong>est</strong></span> <span class='ocrx_word' id='word_1_602' title='bbox 2436 4283 2466 4322; x_wconf 90' lang='lat' dir='ltr'><strong>a</strong></span> <span class='ocrx_word' id='word_1_603' title='bbox 2517 4269 2846 4325; x_wconf 86' lang='lat' dir='ltr'><strong>Constantio</strong></span> <span class='ocrx_word' id='word_1_604' title='bbox 2881 4283 3143 4338; x_wconf 87' lang='lat' dir='ltr'><strong>creatus,</strong></span> <span class='ocrx_word' id='word_1_605' title='bbox 3191 4277 3498 4331; x_wconf 66' lang='lat' dir='ltr'><strong>Antiochia:</strong></span> 
     </span>
    </p>
   </div>
   <div class='ocr_carea' id='block_1_87' title="bbox 1920 4359 3492 4434">
    <p class='ocr_par' dir='ltr' id='par_1_87' title="bbox 1920 4359 3492 4434">
     <span class='ocr_line' id='line_1_87' title="bbox 1920 4359 3492 4434; baseline 0.006 -21"><span class='ocrx_word' id='word_1_606' title='bbox 1920 4361 2095 4423; x_wconf 77' lang='lat' dir='ltr'><strong>vixit,</strong></span> <span class='ocrx_word' id='word_1_607' title='bbox 2141 4359 2514 4416; x_wconf 86' lang='lat' dir='ltr'><strong>Barbarorum</strong></span> <span class='ocrx_word' id='word_1_608' title='bbox 2566 4363 2642 4417; x_wconf 89' lang='lat' dir='ltr'><strong>ibi</strong></span> <span class='ocrx_word' id='word_1_609' title='bbox 2691 4364 2957 4434; x_wconf 90' lang='lat' dir='ltr'><strong>impetum</strong></span> <span class='ocrx_word' id='word_1_610' title='bbox 3009 4376 3067 4420; x_wconf 89' lang='lat' dir='ltr'><strong>et</strong></span> <span class='ocrx_word' id='word_1_611' title='bbox 3118 4367 3492 4423; x_wconf 82' lang='lat' dir='ltr'><strong>incursionem</strong></span> 
     </span>
    </p>
   </div>
   <div class='ocr_carea' id='block_1_88' title="bbox 1922 4455 3500 4523">
    <p class='ocr_par' dir='ltr' id='par_1_88' title="bbox 1922 4455 3500 4523">
     <span class='ocr_line' id='line_1_88' title="bbox 1922 4455 3500 4523; baseline 0.007 -15"><span class='ocrx_word' id='word_1_612' title='bbox 1922 4468 2297 4523; x_wconf 88' lang='lat' dir='ltr'><strong>compescens.</strong></span> <span class='ocrx_word' id='word_1_613' title='bbox 2335 4455 2436 4511; x_wconf 87' lang='lat' dir='ltr'><strong>llic</strong></span> <span class='ocrx_word' id='word_1_614' title='bbox 2472 4464 2531 4510; x_wconf 92' lang='lat' dir='ltr'><strong>ut</strong></span> <span class='ocrx_word' id='word_1_615' title='bbox 2562 4455 2930 4523; x_wconf 80' lang='lat' dir='ltr'><strong>Christianus,</strong></span> <span class='ocrx_word' id='word_1_616' title='bbox 2966 4475 3091 4515; x_wconf 94' lang='lat' dir='ltr'><strong>cum</strong></span> <span class='ocrx_word' id='word_1_617' title='bbox 3128 4462 3364 4518; x_wconf 77' lang='lat' dir='ltr'><strong>maxime</strong></span> <span class='ocrx_word' id='word_1_618' title='bbox 3402 4479 3500 4519; x_wconf 84' lang='lat' dir='ltr'><strong>eos</strong></span> 
     </span>
    </p>
   </div>
   <div class='ocr_carea' id='block_1_89' title="bbox 1923 4547 3498 4619">
    <p class='ocr_par' dir='ltr' id='par_1_89' title="bbox 1923 4547 3498 4619">
     <span class='ocr_line' id='line_1_89' title="bbox 1923 4547 3498 4619; baseline 0.004 -17"><span class='ocrx_word' id='word_1_619' title='bbox 1923 4548 2017 4618; x_wconf 90' lang='lat' dir='ltr'><strong>qui</strong></span> <span class='ocrx_word' id='word_1_620' title='bbox 2050 4563 2150 4618; x_wconf 90' lang='lat' dir='ltr'><strong>pro</strong></span> <span class='ocrx_word' id='word_1_621' title='bbox 2188 4547 2414 4603; x_wconf 88' lang='lat' dir='ltr'><strong>Christo</strong></span> <span class='ocrx_word' id='word_1_622' title='bbox 2449 4556 2506 4603; x_wconf 86' lang='lat' dir='ltr'><strong>et</strong></span> <span class='ocrx_word' id='word_1_623' title='bbox 2539 4547 2794 4619; x_wconf 77' lang='lat' dir='ltr'><strong>dogmate</strong></span> <span class='ocrx_word' id='word_1_624' title='bbox 2827 4559 3016 4605; x_wconf 90' lang='lat' dir='ltr'><strong>nostro</strong></span> <span class='ocrx_word' id='word_1_625' title='bbox 3050 4550 3269 4607; x_wconf 91' lang='lat' dir='ltr'><strong>fortiter</strong></span> <span class='ocrx_word' id='word_1_626' title='bbox 3303 4553 3498 4608; x_wconf 90' lang='lat' dir='ltr'><strong>decer-</strong></span> 
     </span>
    </p>
   </div>
   <div class='ocr_carea' id='block_1_90' title="bbox 221 4629 1914 4722">
    <p class='ocr_par' dir='ltr' id='par_1_90' title="bbox 221 4629 1893 4722">
     <span class='ocr_line' id='line_1_90' title="bbox 221 4629 1893 4722; baseline -0.021 -2"><span class='ocrx_word' id='word_1_627' title='bbox 221 4655 431 4722; x_wconf 79' lang='grc' dir='ltr'>μένους</span> <span class='ocrx_word' id='word_1_628' title='bbox 453 4687 469 4710; x_wconf 77' lang='grc' dir='ltr'><strong>ο</strong></span> <span class='ocrx_word' id='word_1_629' title='bbox 502 4645 646 4712; x_wconf 68' lang='grc' dir='ltr'>ἔγνω</span> <span class='ocrx_word' id='word_1_630' title='bbox 674 4641 740 4713; x_wconf 73' lang='grc' dir='ltr'><strong>δὴ</strong></span> <span class='ocrx_word' id='word_1_631' title='bbox 770 4640 863 4693; x_wconf 76' lang='grc' dir='ltr'><strong>τδν</strong></span> <span class='ocrx_word' id='word_1_632' title='bbox 892 4639 1073 4708; x_wconf 75' lang='grc' dir='ltr'>Χῶρον</span> <span class='ocrx_word' id='word_1_633' title='bbox 1102 4638 1202 4701; x_wconf 73' lang='grc' dir='ltr'><strong>τῆς</strong></span> <span class='ocrx_word' id='word_1_634' title='bbox 1237 4639 1457 4707; x_wconf 80' lang='grc' dir='ltr'>μακρᾶς</span> <span class='ocrx_word' id='word_1_635' title='bbox 1487 4637 1818 4706; x_wconf 84' lang='grc' dir='ltr'>δεισιδαιμο·</span> <span class='ocrx_word' id='word_1_636' title='bbox 1850 4629 1893 4685; x_wconf 88' lang='lat' dir='ltr'><strong>D</strong></span> 
     </span>
    </p>
   </div>
   <div class='ocr_carea' id='block_1_91' title="bbox 1802 4629 3495 4722">
    <p class='ocr_par' dir='ltr' id='par_1_91' title="bbox 1802 4629 3495 4711">
     <span class='ocr_line' id='line_1_91' title="bbox 1802 4629 3495 4711; baseline 0.002 -15"><span class='ocrx_word' id='word_1_637' title='bbox 1802 4665 1818 4676; x_wconf 91' lang='lat'><strong>-</strong></span> <span class='ocrx_word' id='word_1_638' title='bbox 1850 4629 1893 4685; x_wconf 71' lang='grc' dir='ltr'><strong>Β</strong></span> <span class='ocrx_word' id='word_1_639' title='bbox 1923 4648 2130 4704; x_wconf 91' lang='lat' dir='ltr'><strong>tarunt,</strong></span> <span class='ocrx_word' id='word_1_640' title='bbox 2164 4640 2272 4711; x_wconf 75' lang='lat'><strong>63</strong></span> <span class='ocrx_word' id='word_1_641' title='bbox 2330 4653 2714 4706; x_wconf 82' lang='lat' dir='ltr'><strong>veneraretur,</strong></span> <span class='ocrx_word' id='word_1_642' title='bbox 2751 4642 2931 4696; x_wconf 89' lang='lat' dir='ltr'><strong>locum</strong></span> <span class='ocrx_word' id='word_1_643' title='bbox 2967 4643 3126 4698; x_wconf 87' lang='lat' dir='ltr'><strong>talem</strong></span> <span class='ocrx_word' id='word_1_644' title='bbox 3164 4659 3193 4698; x_wconf 91' lang='lat' dir='ltr'><strong>a</strong></span> <span class='ocrx_word' id='word_1_645' title='bbox 3235 4644 3495 4700; x_wconf 82' lang='lat' dir='ltr'><strong>diuturna</strong></span> 
     </span>
    </p>
   </div>
   <div class='ocr_carea' id='block_1_92' title="bbox 215 4731 1817 4805">
    <p class='ocr_par' dir='ltr' id='par_1_92' title="bbox 215 4731 1817 4805">
     <span class='ocr_line' id='line_1_92' title="bbox 215 4731 1817 4805; baseline -0.008 -8"><span class='ocrx_word' id='word_1_646' title='bbox 215 4744 344 4805; x_wconf 90' lang='grc' dir='ltr'>νίας</span> <span class='ocrx_word' id='word_1_647' title='bbox 381 4740 480 4794; x_wconf 73' lang='grc' dir='ltr'>καὶ</span> <span class='ocrx_word' id='word_1_648' title='bbox 514 4737 612 4791; x_wconf 79' lang='grc' dir='ltr'><strong>τοῦ</strong></span> <span class='ocrx_word' id='word_1_649' title='bbox 648 4734 956 4790; x_wconf 80' lang='grc' dir='ltr'>ἀκολάστου</span> <span class='ocrx_word' id='word_1_650' title='bbox 990 4733 1197 4802; x_wconf 86' lang='grc' dir='ltr'>τρόπου</span> <span class='ocrx_word' id='word_1_651' title='bbox 1235 4731 1474 4800; x_wconf 85' lang='grc' dir='ltr'>μάλιστα</span> <span class='ocrx_word' id='word_1_652' title='bbox 1510 4732 1817 4802; x_wconf 79' lang='grc' dir='ltr'>ἐκκαθᾶραι</span> 
     </span>
    </p>
   </div>
   <div class='ocr_carea' id='block_1_93' title="bbox 216 4818 1819 4894">
    <p class='ocr_par' dir='ltr' id='par_1_93' title="bbox 216 4818 1819 4894">
     <span class='ocr_line' id='line_1_93' title="bbox 216 4818 1819 4894; baseline -0.011 -5"><span class='ocrx_word' id='word_1_653' title='bbox 216 4837 319 4889; x_wconf 74' lang='grc' dir='ltr'>καὶ</span> <span class='ocrx_word' id='word_1_654' title='bbox 358 4829 697 4893; x_wconf 78' lang='grc' dir='ltr'>ἀπαλλάξαι.</span> <span class='ocrx_word' id='word_1_655' title='bbox 734 4823 981 4894; x_wconf 81' lang='grc' dir='ltr'>Νομίσας</span> <span class='ocrx_word' id='word_1_656' title='bbox 1018 4818 1114 4876; x_wconf 80' lang='grc' dir='ltr'><strong>οὖν</strong></span> <span class='ocrx_word' id='word_1_657' title='bbox 1148 4821 1223 4885; x_wconf 87' lang='grc' dir='ltr'><strong>ώς</strong></span> <span class='ocrx_word' id='word_1_658' title='bbox 1264 4821 1366 4874; x_wconf 83' lang='grc' dir='ltr'>οὐκ</span> <span class='ocrx_word' id='word_1_659' title='bbox 1403 4821 1578 4882; x_wconf 76' lang='grc' dir='ltr'>ἄλλως</span> <span class='ocrx_word' id='word_1_660' title='bbox 1619 4837 1681 4888; x_wconf 88' lang='grc' dir='ltr'><strong>γε</strong></span> <span class='ocrx_word' id='word_1_661' title='bbox 1725 4837 1819 4872; x_wconf 87' lang='grc' dir='ltr'>πε-</span> 
     </span>
    </p>
   </div>
   <div class='ocr_carea' id='block_1_94' title="bbox 221 4914 1820 4998">
    <p class='ocr_par' dir='ltr' id='par_1_94' title="bbox 221 4914 1820 4998">
     <span class='ocr_line' id='line_1_94' title="bbox 221 4914 1820 4998; baseline -0.009 -18"><span class='ocrx_word' id='word_1_662' title='bbox 221 4927 473 4998; x_wconf 86' lang='grc' dir='ltr'>ριέσοιτο</span> <span class='ocrx_word' id='word_1_663' title='bbox 493 4919 592 4974; x_wconf 77' lang='grc' dir='ltr'>τοῦ</span> <span class='ocrx_word' id='word_1_664' title='bbox 622 4918 829 4981; x_wconf 84' lang='grc' dir='ltr'>δεινοῦ,</span> <span class='ocrx_word' id='word_1_665' title='bbox 855 4917 906 4969; x_wconf 86' lang='grc' dir='ltr'><strong>εί</strong></span> <span class='ocrx_word' id='word_1_666' title='bbox 939 4914 1016 4985; x_wconf 83' lang='grc' dir='ltr'>μὴ</span> <span class='ocrx_word' id='word_1_667' title='bbox 1042 4916 1332 4984; x_wconf 79' lang='grc' dir='ltr'>εὑκτήριον</span> <span class='ocrx_word' id='word_1_668' title='bbox 1357 4916 1542 4968; x_wconf 77' lang='grc' dir='ltr'>ἐκεῖσε</span> <span class='ocrx_word' id='word_1_669' title='bbox 1576 4915 1639 4985; x_wconf 79' lang='grc' dir='ltr'>δὴ</span> <span class='ocrx_word' id='word_1_670' title='bbox 1669 4915 1820 4967; x_wconf 78' lang='grc' dir='ltr'>ἀντιο</span> 
     </span>
    </p>
   </div>
   <div class='ocr_carea' id='block_1_95' title="bbox 220 5003 1818 5085">
    <p class='ocr_par' dir='ltr' id='par_1_95' title="bbox 220 5003 1818 5085">
     <span class='ocr_line' id='line_1_95' title="bbox 220 5003 1818 5085; baseline -0.014 -10"><span class='ocrx_word' id='word_1_671' title='bbox 220 5017 632 5085; x_wconf 79' lang='grc' dir='ltr'>καταστήσειεν</span> <span class='ocrx_word' id='word_1_672' title='bbox 664 5006 818 5064; x_wconf 72' lang='grc' dir='ltr'>οἶκον</span> <span class='ocrx_word' id='word_1_673' title='bbox 837 5048 853 5070; x_wconf 86' lang='grc'><strong>.</strong></span> <span class='ocrx_word' id='word_1_674' title='bbox 883 5006 1042 5061; x_wconf 83' lang='grc' dir='ltr'>τοῦτο</span> <span class='ocrx_word' id='word_1_675' title='bbox 1072 5003 1132 5060; x_wconf 84' lang='grc' dir='ltr'>εὖ</span> <span class='ocrx_word' id='word_1_676' title='bbox 1163 5007 1654 5078; x_wconf 81' lang='grc' dir='ltr'>διαπεπραγμένος</span> <span class='ocrx_word' id='word_1_677' title='bbox 1675 5047 1689 5066; x_wconf 94' lang='grc'>,</span> <span class='ocrx_word' id='word_1_678' title='bbox 1722 5006 1818 5059; x_wconf 79' lang='grc' dir='ltr'>καὶ</span> 
     </span>
    </p>
   </div>
   <div class='ocr_carea' id='block_1_96' title="bbox 215 5099 1818 5182">
    <p class='ocr_par' dir='ltr' id='par_1_96' title="bbox 215 5099 1818 5182">
     <span class='ocr_line' id='line_1_96' title="bbox 215 5099 1818 5182; baseline -0.016 -17"><span class='ocrx_word' id='word_1_679' title='bbox 215 5116 323 5182; x_wconf 82' lang='grc' dir='ltr'>τὴν</span> <span class='ocrx_word' id='word_1_680' title='bbox 359 5111 541 5179; x_wconf 75' lang='grc' dir='ltr'>θήκην</span> <span class='ocrx_word' id='word_1_681' title='bbox 575 5103 798 5158; x_wconf 76' lang='grc' dir='ltr'>Βαϐύλα</span> <span class='ocrx_word' id='word_1_682' title='bbox 829 5101 925 5155; x_wconf 83' lang='grc' dir='ltr'>τοῦ</span> <span class='ocrx_word' id='word_1_683' title='bbox 967 5102 1249 5171; x_wconf 83' lang='grc' dir='ltr'>μάρτυρος</span> <span class='ocrx_word' id='word_1_684' title='bbox 1285 5103 1365 5162; x_wconf 82' lang='grc' dir='ltr'><strong>είς</strong></span> <span class='ocrx_word' id='word_1_685' title='bbox 1397 5100 1608 5169; x_wconf 71' lang='grc' dir='ltr'>δάφνην</span> <span class='ocrx_word' id='word_1_686' title='bbox 1647 5099 1818 5168; x_wconf 71' lang='grc' dir='ltr'><strong>μετή-</strong></span> 
     </span>
    </p>
   </div>
   <div class='ocr_carea' id='block_1_97' title="bbox 217 5192 1816 5275">
    <p class='ocr_par' dir='ltr' id='par_1_97' title="bbox 217 5192 1816 5275">
     <span class='ocr_line' id='line_1_97' title="bbox 217 5192 1816 5275; baseline -0.018 -17"><span class='ocrx_word' id='word_1_687' title='bbox 217 5221 401 5275; x_wconf 87' lang='grc' dir='ltr'>γαγεν</span> <span class='ocrx_word' id='word_1_688' title='bbox 421 5217 437 5232; x_wconf 77' lang='grc' dir='ltr'><strong>ο</strong></span> <span class='ocrx_word' id='word_1_689' title='bbox 465 5200 525 5261; x_wconf 75' lang='grc' dir='ltr'>ὃς</span> <span class='ocrx_word' id='word_1_690' title='bbox 555 5198 664 5265; x_wconf 69' lang='grc' dir='ltr'>πρὸ</span> <span class='ocrx_word' id='word_1_691' title='bbox 690 5194 891 5248; x_wconf 87' lang='grc' dir='ltr'>πολλοῦ</span> <span class='ocrx_word' id='word_1_692' title='bbox 919 5193 1192 5263; x_wconf 83' lang='grc' dir='ltr'>λαμπρῶς</span> <span class='ocrx_word' id='word_1_693' title='bbox 1217 5192 1316 5264; x_wconf 77' lang='grc' dir='ltr'>τὴν</span> <span class='ocrx_word' id='word_1_694' title='bbox 1349 5193 1670 5260; x_wconf 77' lang='grc' dir='ltr'>Ἀντιοχέων</span> <span class='ocrx_word' id='word_1_695' title='bbox 1696 5194 1816 5244; x_wconf 60' lang='lat' dir='ltr'><strong>tm-</strong></span> 
     </span>
    </p>
   </div>
   <div class='ocr_carea' id='block_1_98' title="bbox 216 5283 1818 5367">
    <p class='ocr_par' dir='ltr' id='par_1_98' title="bbox 216 5283 1818 5367">
     <span class='ocr_line' id='line_1_98' title="bbox 216 5283 1818 5367; baseline -0.018 -14"><span class='ocrx_word' id='word_1_696' title='bbox 216 5295 535 5367; x_wconf 84' lang='grc' dir='ltr'>τροπεύων,</span> <span class='ocrx_word' id='word_1_697' title='bbox 565 5293 660 5344; x_wconf 74' lang='grc' dir='ltr'>ἐπὶ</span> <span class='ocrx_word' id='word_1_698' title='bbox 687 5286 1074 5358; x_wconf 78' lang='grc' dir='ltr'>Νουμεριανοῦ</span> <span class='ocrx_word' id='word_1_699' title='bbox 1103 5285 1368 5352; x_wconf 86' lang='grc' dir='ltr'>γενναίως</span> <span class='ocrx_word' id='word_1_700' title='bbox 1395 5283 1488 5336; x_wconf 85' lang='grc' dir='ltr'>τὸν</span> <span class='ocrx_word' id='word_1_701' title='bbox 1515 5284 1654 5354; x_wconf 80' lang='grc' dir='ltr'>ὑπὲρ</span> <span class='ocrx_word' id='word_1_702' title='bbox 1683 5285 1818 5352; x_wconf 59' lang='lat' dir='ltr'><strong>xm-</strong></span> 
     </span>
    </p>
   </div>
   <div class='ocr_carea' id='block_1_99' title="bbox 219 5377 1816 5451">
    <p class='ocr_par' dir='ltr' id='par_1_99' title="bbox 219 5377 1816 5451">
     <span class='ocr_line' id='line_1_99' title="bbox 219 5377 1816 5451; baseline -0.012 -4"><span class='ocrx_word' id='word_1_703' title='bbox 219 5391 355 5448; x_wconf 75' lang='grc' dir='ltr'>στοῦ</span> <span class='ocrx_word' id='word_1_704' title='bbox 403 5387 596 5451; x_wconf 81' lang='grc' dir='ltr'>ἀγῶνα</span> <span class='ocrx_word' id='word_1_705' title='bbox 633 5383 916 5451; x_wconf 80' lang='grc' dir='ltr'>διήνεγκε.</span> <span class='ocrx_word' id='word_1_706' title='bbox 962 5378 1038 5431; x_wconf 72' lang='lat' dir='ltr'><strong>To</strong></span> <span class='ocrx_word' id='word_1_707' title='bbox 1079 5377 1136 5431; x_wconf 82' lang='grc' dir='ltr'><strong>δέ</strong></span> <span class='ocrx_word' id='word_1_708' title='bbox 1185 5378 1488 5447; x_wconf 88' lang='grc' dir='ltr'>μαρτύριον</span> <span class='ocrx_word' id='word_1_709' title='bbox 1529 5377 1590 5441; x_wconf 77' lang='grc' dir='ltr'>ἐξ</span> <span class='ocrx_word' id='word_1_710' title='bbox 1633 5378 1816 5440; x_wconf 79' lang='grc' dir='ltr'>αἰτίας</span> 
     </span>
    </p>
   </div>
   <div class='ocr_carea' id='block_1_100' title="bbox 213 5459 1817 5546">
    <p class='ocr_par' dir='ltr' id='par_1_100' title="bbox 213 5459 1817 5546">
     <span class='ocr_line' id='line_1_100' title="bbox 213 5459 1817 5546; baseline -0.012 -8"><span class='ocrx_word' id='word_1_711' title='bbox 213 5482 488 5546; x_wconf 83' lang='grc' dir='ltr'>τοιαύτης</span> <span class='ocrx_word' id='word_1_712' title='bbox 526 5475 678 5543; x_wconf 80' lang='grc' dir='ltr'>αὐτῷ</span> <span class='ocrx_word' id='word_1_713' title='bbox 717 5459 992 5541; x_wconf 78' lang='grc' dir='ltr'>προῦἦναι</span> <span class='ocrx_word' id='word_1_714' title='bbox 1014 5484 1028 5498; x_wconf 81' lang='lat'><strong><em>°</em></strong></span> <span class='ocrx_word' id='word_1_715' title='bbox 1066 5468 1366 5531; x_wconf 83' lang='grc' dir='ltr'>ἐπίσκοπος</span> <span class='ocrx_word' id='word_1_716' title='bbox 1406 5469 1507 5537; x_wconf 81' lang='grc' dir='ltr'><strong>μέν</strong></span> <span class='ocrx_word' id='word_1_717' title='bbox 1541 5470 1648 5538; x_wconf 82' lang='grc' dir='ltr'>γὰρ</span> <span class='ocrx_word' id='word_1_718' title='bbox 1684 5465 1754 5540; x_wconf 76' lang='grc' dir='ltr'><strong>ἦν</strong></span> <span class='ocrx_word' id='word_1_719' title='bbox 1789 5471 1817 5522; x_wconf 86' lang='grc' dir='ltr'><strong>ό</strong></span> 
     </span>
    </p>
   </div>
   <div class='ocr_carea' id='block_1_101' title="bbox 216 5560 1818 5634">
    <p class='ocr_par' dir='ltr' id='par_1_101' title="bbox 216 5560 1818 5634">
     <span class='ocr_line' id='line_1_101' title="bbox 216 5560 1818 5634; baseline -0.016 -2"><span class='ocrx_word' id='word_1_720' title='bbox 216 5575 477 5634; x_wconf 75' lang='grc' dir='ltr'>Βαϐύλας</span> <span class='ocrx_word' id='word_1_721' title='bbox 507 5589 520 5602; x_wconf 87' lang='grc'><strong>·</strong></span> <span class='ocrx_word' id='word_1_722' title='bbox 566 5569 712 5622; x_wconf 80' lang='grc' dir='ltr'>κατὰ</span> <span class='ocrx_word' id='word_1_723' title='bbox 754 5565 815 5619; x_wconf 72' lang='grc' dir='ltr'><strong>δέ</strong></span> <span class='ocrx_word' id='word_1_724' title='bbox 861 5580 985 5616; x_wconf 90' lang='grc' dir='ltr'>τινα</span> <span class='ocrx_word' id='word_1_725' title='bbox 1027 5562 1261 5631; x_wconf 86' lang='grc' dir='ltr'>δαίμονα</span> <span class='ocrx_word' id='word_1_726' title='bbox 1307 5560 1554 5630; x_wconf 85' lang='grc' dir='ltr'>γνώμην,</span> <span class='ocrx_word' id='word_1_727' title='bbox 1603 5561 1818 5631; x_wconf 84' lang='grc' dir='ltr'>Νουμε.</span> 
     </span>
    </p>
   </div>
   <div class='ocr_carea' id='block_1_102' title="bbox 217 5651 1818 5741">
    <p class='ocr_par' dir='ltr' id='par_1_102' title="bbox 217 5651 1818 5741">
     <span class='ocr_line' id='line_1_102' title="bbox 217 5651 1818 5741; baseline -0.011 -18"><span class='ocrx_word' id='word_1_728' title='bbox 217 5670 398 5741; x_wconf 78' lang='grc' dir='ltr'>ριανῷ</span> <span class='ocrx_word' id='word_1_729' title='bbox 431 5665 572 5735; x_wconf 77' lang='grc' dir='ltr'>ἔρως</span> <span class='ocrx_word' id='word_1_730' title='bbox 595 5658 886 5728; x_wconf 78' lang='grc' dir='ltr'>ἐμπεσεῖν,</span> <span class='ocrx_word' id='word_1_731' title='bbox 913 5653 1232 5724; x_wconf 82' lang='grc' dir='ltr'>πληθούσης</span> <span class='ocrx_word' id='word_1_732' title='bbox 1253 5651 1353 5720; x_wconf 72' lang='grc' dir='ltr'>τῆς</span> <span class='ocrx_word' id='word_1_733' title='bbox 1377 5654 1675 5722; x_wconf 80' lang='grc' dir='ltr'>ἐκκλησίας</span> <span class='ocrx_word' id='word_1_734' title='bbox 1705 5657 1790 5706; x_wconf 82' lang='grc' dir='ltr'><strong>είσ</strong></span> <span class='ocrx_word' id='word_1_735' title='bbox 1807 5683 1818 5692; x_wconf 87' lang='lat'><strong>-</strong></span> 
     </span>
    </p>
   </div>
   <div class='ocr_carea' id='block_1_103' title="bbox 207 5746 1817 5821">
    <p class='ocr_par' dir='ltr' id='par_1_103' title="bbox 207 5746 1817 5821">
     <span class='ocr_line' id='line_1_103' title="bbox 207 5746 1817 5821; baseline -0.006 -11"><span class='ocrx_word' id='word_1_736' title='bbox 207 5762 398 5816; x_wconf 78' lang='grc' dir='ltr'>ιλθεῖν</span> <span class='ocrx_word' id='word_1_737' title='bbox 432 5760 493 5810; x_wconf 85' lang='grc' dir='ltr'><strong>ἐν</strong></span> <span class='ocrx_word' id='word_1_738' title='bbox 530 5753 671 5821; x_wconf 78' lang='grc' dir='ltr'>αὐτῇ</span> <span class='ocrx_word' id='word_1_739' title='bbox 701 5764 715 5780; x_wconf 77' lang='grc'><strong><em>⁸</em></strong></span> <span class='ocrx_word' id='word_1_740' title='bbox 751 5750 844 5801; x_wconf 78' lang='grc' dir='ltr'>τὸν</span> <span class='ocrx_word' id='word_1_741' title='bbox 877 5746 923 5799; x_wconf 78' lang='grc' dir='ltr'>δ’</span> <span class='ocrx_word' id='word_1_742' title='bbox 964 5746 1237 5816; x_wconf 86' lang='grc' dir='ltr'>ίεράρχην</span> <span class='ocrx_word' id='word_1_743' title='bbox 1281 5746 1421 5799; x_wconf 86' lang='grc' dir='ltr'>κατὰ</span> <span class='ocrx_word' id='word_1_744' title='bbox 1465 5747 1533 5799; x_wconf 82' lang='grc' dir='ltr'><strong>τά</strong></span> <span class='ocrx_word' id='word_1_745' title='bbox 1567 5747 1817 5817; x_wconf 57' lang='lat'><strong>«94009:</strong></span> 
     </span>
    </p>
   </div>
   <div class='ocr_carea' id='block_1_104' title="bbox 285 5856 1818 5942">
    <p class='ocr_par' dir='ltr' id='par_1_104' title="bbox 285 5856 1818 5942">
     <span class='ocr_line' id='line_1_104' title="bbox 285 5856 1818 5942; baseline -0.01 -17"><span class='ocrx_word' id='word_1_746' title='bbox 285 5872 370 5941; x_wconf 79' lang='grc' dir='ltr'><strong>(Ι)</strong></span> <span class='ocrx_word' id='word_1_747' title='bbox 411 5868 474 5922; x_wconf 88' lang='lat' dir='ltr'><strong>ln</strong></span> <span class='ocrx_word' id='word_1_748' title='bbox 516 5864 794 5942; x_wconf 62' lang='lat' dir='ltr'><strong>umbroso</strong></span> <span class='ocrx_word' id='word_1_749' title='bbox 821 5856 1219 5942; x_wconf 64' lang='lat' dir='ltr'><strong>l_)apbn:eluco</strong></span> <span class='ocrx_word' id='word_1_750' title='bbox 1264 5856 1818 5942; x_wconf 46' lang='lat' dir='ltr'><strong>Constantiiius‘Ma-</strong></span> 
     </span>
    </p>
   </div>
   <div class='ocr_carea' id='block_1_105' title="bbox 207 5929 1814 6016">
    <p class='ocr_par' dir='ltr' id='par_1_105' title="bbox 207 5929 1814 6016">
     <span class='ocr_line' id='line_1_105' title="bbox 207 5929 1814 6016; baseline -0.01 -17"><span class='ocrx_word' id='word_1_751' title='bbox 207 5929 365 6016; x_wconf 49' lang='lat' dir='ltr'><strong>gnos,</strong></span> <span class='ocrx_word' id='word_1_752' title='bbox 396 5938 564 5994; x_wconf 84' lang='lat' dir='ltr'><strong>matri</strong></span> <span class='ocrx_word' id='word_1_753' title='bbox 604 5947 720 5988; x_wconf 66' lang='lat' dir='ltr'><strong>sua:</strong></span> <span class='ocrx_word' id='word_1_754' title='bbox 756 5930 978 5984; x_wconf 70' lang='lat' dir='ltr'><strong>Heleure</strong></span> <span class='ocrx_word' id='word_1_755' title='bbox 1024 5937 1264 5980; x_wconf 88' lang='lat' dir='ltr'><strong>statuam</strong></span> <span class='ocrx_word' id='word_1_756' title='bbox 1296 5929 1608 5982; x_wconf 76' lang='lat' dir='ltr'><strong>collocavit.</strong></span> <span class='ocrx_word' id='word_1_757' title='bbox 1650 5929 1711 5982; x_wconf 80' lang='lat' dir='ltr'><strong>Et</strong></span> <span class='ocrx_word' id='word_1_758' title='bbox 1743 5932 1814 5984; x_wconf 88' lang='lat' dir='ltr'><strong>ob</strong></span> 
     </span>
    </p>
   </div>
   <div class='ocr_carea' id='block_1_106' title="bbox 563 6020 1271 6091">
    <p class='ocr_par' dir='ltr' id='par_1_106' title="bbox 563 6020 1271 6091">
     <span class='ocr_line' id='line_1_106' title="bbox 563 6020 1271 6091; baseline -0.011 -4"><span class='ocrx_word' id='word_1_759' title='bbox 563 6028 605 6091; x_wconf 80' lang='grc' dir='ltr'>Γ</span> <span class='ocrx_word' id='word_1_760' title='bbox 620 6040 839 6086; x_wconf 66' lang='lat' dir='ltr'><strong>num.</strong></span> <span class='ocrx_word' id='word_1_761' title='bbox 871 6023 985 6081; x_wconf 75' lang='lat' dir='ltr'><strong>Gtt.</strong></span> <span class='ocrx_word' id='word_1_762' title='bbox 1031 6020 1271 6089; x_wconf 66' lang='lat' dir='ltr'>CXLVI</span> 
     </span>
    </p>
   </div>
   <div class='ocr_carea' id='block_1_107' title="bbox 1920 4733 3495 4803">
    <p class='ocr_par' dir='ltr' id='par_1_107' title="bbox 1920 4733 3495 4803">
     <span class='ocr_line' id='line_1_107' title="bbox 1920 4733 3495 4803; baseline 0.002 -15"><span class='ocrx_word' id='word_1_763' title='bbox 1920 4734 2319 4803; x_wconf 84' lang='lat' dir='ltr'><strong>superstitione</strong></span> <span class='ocrx_word' id='word_1_764' title='bbox 2375 4741 2434 4788; x_wconf 89' lang='lat' dir='ltr'><strong>et</strong></span> <span class='ocrx_word' id='word_1_765' title='bbox 2486 4733 2739 4801; x_wconf 90' lang='lat' dir='ltr'><strong>improbo</strong></span> <span class='ocrx_word' id='word_1_766' title='bbox 2787 4734 2880 4787; x_wconf 92' lang='lat' dir='ltr'><strong>illo</strong></span> <span class='ocrx_word' id='word_1_767' title='bbox 2942 4749 3094 4790; x_wconf 87' lang='lat' dir='ltr'><strong>more</strong></span> <span class='ocrx_word' id='word_1_768' title='bbox 3150 4737 3495 4793; x_wconf 89' lang='lat' dir='ltr'><strong>liberandum</strong></span> 
     </span>
    </p>
   </div>
   <div class='ocr_carea' id='block_1_108' title="bbox 1922 4825 3496 4896">
    <p class='ocr_par' dir='ltr' id='par_1_108' title="bbox 1922 4825 3496 4896">
     <span class='ocr_line' id='line_1_108' title="bbox 1922 4825 3496 4896; baseline 0.004 -16"><span class='ocrx_word' id='word_1_769' title='bbox 1922 4835 2087 4895; x_wconf 88' lang='lat' dir='ltr'><strong>atque</strong></span> <span class='ocrx_word' id='word_1_770' title='bbox 2139 4825 2549 4896; x_wconf 75' lang='lat' dir='ltr'><strong>repurgandum</strong></span> <span class='ocrx_word' id='word_1_771' title='bbox 2590 4826 2770 4882; x_wconf 77' lang='lat' dir='ltr'><strong>duxit.</strong></span> <span class='ocrx_word' id='word_1_772' title='bbox 2813 4826 3105 4896; x_wconf 91' lang='lat' dir='ltr'><strong>Postquam</strong></span> <span class='ocrx_word' id='word_1_773' title='bbox 3155 4839 3341 4886; x_wconf 89' lang='lat' dir='ltr'><strong>autem</strong></span> <span class='ocrx_word' id='word_1_774' title='bbox 3389 4847 3496 4886; x_wconf 89' lang='lat' dir='ltr'><strong>non</strong></span> 
     </span>
    </p>
   </div>
   <div class='ocr_carea' id='block_1_109' title="bbox 1920 4916 3502 4992">
    <p class='ocr_par' dir='ltr' id='par_1_109' title="bbox 1920 4916 3502 4992">
     <span class='ocr_line' id='line_1_109' title="bbox 1920 4916 3502 4992; baseline 0.003 -21"><span class='ocrx_word' id='word_1_775' title='bbox 1920 4918 2082 4972; x_wconf 87' lang='lat' dir='ltr'><strong>aliter</strong></span> <span class='ocrx_word' id='word_1_776' title='bbox 2115 4933 2176 4972; x_wconf 89' lang='lat' dir='ltr'><strong>se</strong></span> <span class='ocrx_word' id='word_1_777' title='bbox 2213 4916 2419 4972; x_wconf 86' lang='lat' dir='ltr'><strong>malum</strong></span> <span class='ocrx_word' id='word_1_778' title='bbox 2453 4925 2665 4972; x_wconf 87' lang='lat' dir='ltr'><strong>tantum</strong></span> <span class='ocrx_word' id='word_1_779' title='bbox 2700 4917 3141 4989; x_wconf 71' lang='lat' dir='ltr'><strong>esstirpaturum</strong></span> <span class='ocrx_word' id='word_1_780' title='bbox 3179 4935 3301 4976; x_wconf 83' lang='lat' dir='ltr'><strong>esse</strong></span> <span class='ocrx_word' id='word_1_781' title='bbox 3340 4933 3502 4992; x_wconf 82' lang='lat' dir='ltr'><strong>puta-</strong></span> 
     </span>
    </p>
   </div>
   <div class='ocr_carea' id='block_1_110' title="bbox 1919 5009 3497 5080">
    <p class='ocr_par' dir='ltr' id='par_1_110' title="bbox 1919 5009 3497 5080">
     <span class='ocr_line' id='line_1_110' title="bbox 1919 5009 3497 5080; baseline 0.006 -18"><span class='ocrx_word' id='word_1_782' title='bbox 1919 5009 2030 5073; x_wconf 89' lang='lat' dir='ltr'><strong>vit,</strong></span> <span class='ocrx_word' id='word_1_783' title='bbox 2084 5009 2192 5063; x_wconf 85' lang='lat' dir='ltr'><strong>nisi</strong></span> <span class='ocrx_word' id='word_1_784' title='bbox 2246 5019 2440 5063; x_wconf 87' lang='lat' dir='ltr'><strong>contra</strong></span> <span class='ocrx_word' id='word_1_785' title='bbox 2493 5011 2755 5080; x_wconf 85' lang='lat' dir='ltr'><strong>templum</strong></span> <span class='ocrx_word' id='word_1_786' title='bbox 2809 5011 2862 5066; x_wconf 90' lang='lat' dir='ltr'><strong>id</strong></span> <span class='ocrx_word' id='word_1_787' title='bbox 2937 5013 3207 5069; x_wconf 89' lang='lat' dir='ltr'><strong>orationis</strong></span> <span class='ocrx_word' id='word_1_788' title='bbox 3245 5015 3497 5072; x_wconf 90' lang='lat' dir='ltr'><strong>.domum</strong></span> 
     </span>
    </p>
   </div>
   <div class='ocr_carea' id='block_1_111' title="bbox 1919 5103 3496 5174">
    <p class='ocr_par' dir='ltr' id='par_1_111' title="bbox 1919 5103 3496 5174">
     <span class='ocr_line' id='line_1_111' title="bbox 1919 5103 3496 5174; baseline 0.004 -17"><span class='ocrx_word' id='word_1_789' title='bbox 1919 5111 2300 5167; x_wconf 85' lang='lat' dir='ltr'><strong>construeret,</strong></span> <span class='ocrx_word' id='word_1_790' title='bbox 2338 5117 2506 5172; x_wconf 85' lang='lat' dir='ltr'><strong>opere</strong></span> <span class='ocrx_word' id='word_1_791' title='bbox 2549 5118 2618 5158; x_wconf 94' lang='lat' dir='ltr'><strong>eo</strong></span> <span class='ocrx_word' id='word_1_792' title='bbox 2666 5103 2893 5173; x_wconf 85' lang='lat' dir='ltr'><strong>pulchre</strong></span> <span class='ocrx_word' id='word_1_793' title='bbox 2937 5104 3222 5174; x_wconf 88' lang='lat' dir='ltr'><strong>perfecto,</strong></span> <span class='ocrx_word' id='word_1_794' title='bbox 3255 5107 3496 5164; x_wconf 91' lang='lat' dir='ltr'><strong>loculum</strong></span> 
     </span>
    </p>
   </div>
   <div class='ocr_carea' id='block_1_112' title="bbox 1918 5195 3495 5272">
    <p class='ocr_par' dir='ltr' id='par_1_112' title="bbox 1918 5195 3495 5272">
     <span class='ocr_line' id='line_1_112' title="bbox 1918 5195 3495 5272; baseline 0.004 -24"><span class='ocrx_word' id='word_1_795' title='bbox 1918 5195 2082 5248; x_wconf 86' lang='lat' dir='ltr'><strong>etiam</strong></span> <span class='ocrx_word' id='word_1_796' title='bbox 2116 5195 2330 5265; x_wconf 69' lang='lat' dir='ltr'><strong>Babylae</strong></span> <span class='ocrx_word' id='word_1_797' title='bbox 2357 5197 2614 5266; x_wconf 86' lang='lat' dir='ltr'><strong>martyris</strong></span> <span class='ocrx_word' id='word_1_798' title='bbox 2641 5195 2696 5249; x_wconf 91' lang='lat' dir='ltr'><strong>in</strong></span> <span class='ocrx_word' id='word_1_799' title='bbox 2733 5197 2996 5266; x_wconf 89' lang='lat' dir='ltr'><strong>Daphnen</strong></span> <span class='ocrx_word' id='word_1_800' title='bbox 3033 5200 3362 5255; x_wconf 87' lang='lat' dir='ltr'><strong>transtulit:</strong></span> <span class='ocrx_word' id='word_1_801' title='bbox 3395 5204 3495 5272; x_wconf 88' lang='lat' dir='ltr'><strong>qui</strong></span> 
     </span>
    </p>
   </div>
   <div class='ocr_carea' id='block_1_113' title="bbox 1919 5289 3495 5361">
    <p class='ocr_par' dir='ltr' id='par_1_113' title="bbox 1919 5289 3495 5361">
     <span class='ocr_line' id='line_1_113' title="bbox 1919 5289 3495 5361; baseline 0.006 -23"><span class='ocrx_word' id='word_1_802' title='bbox 1919 5298 2045 5340; x_wconf 86' lang='lat' dir='ltr'><strong>ante</strong></span> <span class='ocrx_word' id='word_1_803' title='bbox 2077 5303 2252 5342; x_wconf 91' lang='lat' dir='ltr'><strong>annos</strong></span> <span class='ocrx_word' id='word_1_804' title='bbox 2289 5289 2476 5357; x_wconf 81' lang='lat' dir='ltr'><strong>plures</strong></span> <span class='ocrx_word' id='word_1_805' title='bbox 2507 5289 2866 5343; x_wconf 72' lang='lat' dir='ltr'><strong>Autioclienze</strong></span> <span class='ocrx_word' id='word_1_806' title='bbox 2914 5291 3164 5346; x_wconf 73' lang='lat' dir='ltr'><strong>ecclesia:</strong></span> <span class='ocrx_word' id='word_1_807' title='bbox 3204 5293 3495 5361; x_wconf 70' lang='lat' dir='ltr'><strong>splendido</strong></span> 
     </span>
    </p>
   </div>
   <div class='ocr_carea' id='block_1_114' title="bbox 1918 5380 3498 5448">
    <p class='ocr_par' dir='ltr' id='par_1_114' title="bbox 1918 5380 3498 5448">
     <span class='ocr_line' id='line_1_114' title="bbox 1918 5380 3498 5448; baseline 0.005 -15"><span class='ocrx_word' id='word_1_808' title='bbox 1918 5381 2153 5434; x_wconf 81' lang='lat' dir='ltr'><strong>antistes</strong></span> <span class='ocrx_word' id='word_1_809' title='bbox 2184 5380 2499 5448; x_wconf 69' lang='lat' dir='ltr'><strong>praefuerat,</strong></span> <span class='ocrx_word' id='word_1_810' title='bbox 2535 5389 2592 5434; x_wconf 88' lang='lat' dir='ltr'><strong>et</strong></span> <span class='ocrx_word' id='word_1_811' title='bbox 2617 5382 2718 5436; x_wconf 86' lang='lat' dir='ltr'><strong>sub</strong></span> <span class='ocrx_word' id='word_1_812' title='bbox 2750 5382 3092 5441; x_wconf 86' lang='lat' dir='ltr'><strong>Numeriano</strong></span> <span class='ocrx_word' id='word_1_813' title='bbox 3128 5383 3346 5440; x_wconf 80' lang='lat' dir='ltr'><strong>fortiter</strong></span> <span class='ocrx_word' id='word_1_814' title='bbox 3375 5402 3498 5441; x_wconf 60' lang='lat' dir='ltr'><strong>cer-</strong></span> 
     </span>
    </p>
   </div>
   <div class='ocr_carea' id='block_1_115' title="bbox 1922 5469 3497 5547">
    <p class='ocr_par' dir='ltr' id='par_1_115' title="bbox 1922 5469 3497 5547">
     <span class='ocr_line' id='line_1_115' title="bbox 1922 5469 3497 5547; baseline 0.006 -25"><span class='ocrx_word' id='word_1_815' title='bbox 1922 5479 2102 5523; x_wconf 88' lang='lat' dir='ltr'><strong>tamen</strong></span> <span class='ocrx_word' id='word_1_816' title='bbox 2150 5485 2251 5539; x_wconf 91' lang='lat' dir='ltr'><strong>pro</strong></span> <span class='ocrx_word' id='word_1_817' title='bbox 2294 5469 2517 5525; x_wconf 81' lang='lat' dir='ltr'><strong>Cbrisw</strong></span> <span class='ocrx_word' id='word_1_818' title='bbox 2557 5473 2884 5541; x_wconf 91' lang='lat' dir='ltr'><strong>pertulerat.</strong></span> <span class='ocrx_word' id='word_1_819' title='bbox 2936 5474 3176 5546; x_wconf 74' lang='lat' dir='ltr'><strong>Martyrii</strong></span> <span class='ocrx_word' id='word_1_820' title='bbox 3226 5477 3347 5547; x_wconf 85' lang='lat' dir='ltr'><strong>ejus</strong></span> <span class='ocrx_word' id='word_1_821' title='bbox 3379 5477 3497 5532; x_wconf 64' lang='lat' dir='ltr'><strong>liceo</strong></span> 
     </span>
    </p>
   </div>
   <div class='ocr_carea' id='block_1_116' title="bbox 1919 5563 3497 5637">
    <p class='ocr_par' dir='ltr' id='par_1_116' title="bbox 1919 5563 3497 5637">
     <span class='ocr_line' id='line_1_116' title="bbox 1919 5563 3497 5637; baseline 0.006 -22"><span class='ocrx_word' id='word_1_822' title='bbox 1919 5578 2080 5616; x_wconf 82' lang='lat' dir='ltr'><strong>causa</strong></span> <span class='ocrx_word' id='word_1_823' title='bbox 2121 5563 2265 5616; x_wconf 88' lang='lat' dir='ltr'><strong>fuit:</strong></span> <span class='ocrx_word' id='word_1_824' title='bbox 2312 5563 2704 5634; x_wconf 83' lang='lat' dir='ltr'><strong>Episcopatum</strong></span> <span class='ocrx_word' id='word_1_825' title='bbox 2745 5566 2977 5637; x_wconf 82' lang='lat' dir='ltr'><strong>Babylas</strong></span> <span class='ocrx_word' id='word_1_826' title='bbox 3012 5572 3254 5637; x_wconf 79' lang='lat' dir='ltr'><strong>gerelat.</strong></span> <span class='ocrx_word' id='word_1_827' title='bbox 3290 5570 3497 5624; x_wconf 82' lang='lat' dir='ltr'><strong>Nume-</strong></span> 
     </span>
    </p>
   </div>
   <div class='ocr_carea' id='block_1_117' title="bbox 1921 5655 3497 5731">
    <p class='ocr_par' dir='ltr' id='par_1_117' title="bbox 1921 5655 3497 5731">
     <span class='ocr_line' id='line_1_117' title="bbox 1921 5655 3497 5731; baseline 0.007 -24"><span class='ocrx_word' id='word_1_828' title='bbox 1921 5655 2138 5708; x_wconf 79' lang='lat' dir='ltr'><strong>rianum</strong></span> <span class='ocrx_word' id='word_1_829' title='bbox 2188 5665 2373 5710; x_wconf 83' lang='lat' dir='ltr'><strong>autem</strong></span> <span class='ocrx_word' id='word_1_830' title='bbox 2431 5657 2500 5711; x_wconf 92' lang='lat' dir='ltr'><strong>de</strong></span> <span class='ocrx_word' id='word_1_831' title='bbox 2559 5657 2830 5713; x_wconf 69' lang='lat' dir='ltr'><strong>daemonis</strong></span> <span class='ocrx_word' id='word_1_832' title='bbox 2886 5662 3170 5731; x_wconf 86' lang='lat' dir='ltr'><strong>cujusdam</strong></span> <span class='ocrx_word' id='word_1_833' title='bbox 3224 5666 3497 5720; x_wconf 88' lang='lat' dir='ltr'><strong>sententia</strong></span> 
     </span>
    </p>
   </div>
   <div class='ocr_carea' id='block_1_118' title="bbox 1919 5746 3496 5818">
    <p class='ocr_par' dir='ltr' id='par_1_118' title="bbox 1919 5746 3496 5818">
     <span class='ocr_line' id='line_1_118' title="bbox 1919 5746 3496 5818; baseline 0.004 -17"><span class='ocrx_word' id='word_1_834' title='bbox 1919 5746 2125 5814; x_wconf 87' lang='lat' dir='ltr'><strong>cupido</strong></span> <span class='ocrx_word' id='word_1_835' title='bbox 2192 5748 2429 5811; x_wconf 87' lang='lat' dir='ltr'><strong>invasit,</strong></span> <span class='ocrx_word' id='word_1_836' title='bbox 2485 5750 2777 5802; x_wconf 71' lang='lat' dir='ltr'><strong>ecclesiam</strong></span> <span class='ocrx_word' id='word_1_837' title='bbox 2837 5751 3318 5818; x_wconf 86' lang='lat' dir='ltr'><strong>Christianorum,</strong></span> <span class='ocrx_word' id='word_1_838' title='bbox 3371 5770 3496 5807; x_wconf 90' lang='lat' dir='ltr'><strong>cum</strong></span> 
     </span>
    </p>
   </div>
   <div class='ocr_carea' id='block_1_119' title="bbox 1919 5864 3496 5941">
    <p class='ocr_par' dir='ltr' id='par_1_119' title="bbox 1919 5864 3496 5941">
     <span class='ocr_line' id='line_1_119' title="bbox 1919 5864 3496 5941; baseline 0.003 -26"><span class='ocrx_word' id='word_1_839' title='bbox 1919 5876 2065 5941; x_wconf 83' lang='lat' dir='ltr'><strong>eam_</strong></span> <span class='ocrx_word' id='word_1_840' title='bbox 2089 5877 2332 5941; x_wconf 40' lang='lat' dir='ltr'><strong>causam‘</strong></span> <span class='ocrx_word' id='word_1_841' title='bbox 2357 5864 2538 5941; x_wconf 80' lang='lat' dir='ltr'><strong>locum</strong></span> <span class='ocrx_word' id='word_1_842' title='bbox 2571 5881 2696 5921; x_wconf 92' lang='lat' dir='ltr'><strong>cum</strong></span> <span class='ocrx_word' id='word_1_843' title='bbox 2727 5866 3115 5936; x_wconf 76' lang='grc' dir='ltr'>Αὑγουστεῖον,</span> <span class='ocrx_word' id='word_1_844' title='bbox 3149 5868 3496 5941; x_wconf 71' lang='grc' dir='ltr'>Αιισιιεεευηι,</span> 
     </span>
    </p>
   </div>
   <div class='ocr_carea' id='block_1_120' title="bbox 1920 5933 2483 6004">
    <p class='ocr_par' dir='ltr' id='par_1_120' title="bbox 1920 5933 2483 6004">
     <span class='ocr_line' id='line_1_120' title="bbox 1920 5933 2483 6004; baseline 0 -16"><span class='ocrx_word' id='word_1_845' title='bbox 1920 5933 2246 5988; x_wconf 79' lang='lat' dir='ltr'><strong>nominavit.</strong></span> <span class='ocrx_word' id='word_1_846' title='bbox 2279 5933 2483 6004; x_wconf 87' lang='lat' dir='ltr'><strong>(Suid.)</strong></span> 
     </span>
    </p>
   </div>
   <div class='ocr_carea' id='block_1_121' title="bbox 3062 6032 3126 6099">
    <p class='ocr_par' dir='ltr' id='par_1_121' title="bbox 3062 6032 3126 6099">
     <span class='ocr_line' id='line_1_121' title="bbox 3062 6032 3126 6099; baseline -0.047 0"><span class='ocrx_word' id='word_1_847' title='bbox 3062 6032 3126 6099; x_wconf 85' lang='lat'><strong>17</strong></span> 
     </span>
    </p>
   </div>
  </div>
