4288 6438
276 421 388 483 599

1219 425 1828 488 ECCLESIASTICA‘I
1869 426 2260 490 lllSTORl.E
2300 429 2446 490 LIB.
2493 427 2565 488 Χ.

3445 424 3565 487 530

276 533 416 594 λέως
455 531 652 586 ὄντων.
691 533 915 588 Τούτων
947 535 974 587 δ
1019 534 1118 606 μὲν
1154 535 1450 599 Ἰουλιανὸς
1473 576 1488 600 ,
1526 537 1774 607 ἀργαλέα
1806 555 1864 590 τε
1899 545 1940 600 Α

1862 559 1864 588 :
1899 545 1940 600 Α
1971 550 2026 594 et
2072 540 2355 608 Elpidius,
2406 537 2774 608 imperial‘mm
2823 535 3185 607 pecuniarum
3222 542 3555 602 quaestores,

276 627 375 676 καὶ
414 624 814 696 δυστεκμάρτῳ
851 627 992 696 νόσῳ
1032 627 1290 698 βληθεὶς,
1329 627 1423 681 ἐπὶ
1457 629 1867 696 τεσσαράκοντα

274 718 406 779 ὅλας
448 718 666 787 ήμίρας
707 719 890 774 ἔκειτο
931 721 1235 788 ἀποτάδην,
1282 722 1423 791 μήτε
1471 721 1868 791 φθεγγόμενος.

279 811 424 880 μήτε
447 809 574 864 τινὰ
602 811 964 880 συναίσθησιν
987 811 1148 883 ἔχων.
1176 813 1251 866 Τὸ
1279 813 1322 865 δ’
1349 812 1521 866 αῐτιον
1547 816 1741 882 ὅτιπερ
1771 831 1870 867 κα-

278 901 449 972 θέδρα
477 905 592 966 τοῖς
628 905 796 973 ἱεροῖς
827 906 1105 976 ἐχρήσατο
1138 906 1396 973 σκεύεσι,
1429 907 1871 977 προσαρράσσων

275 997 347 1064 τῇ
385 998 488 1066 γῇο
523 999 618 1050 καὶ
652 997 742 1052 τὸν
773 999 1040 1070 ίεράρχην
1071 999 1316 1064 Εὺζῶῖον
1338 1040 1355 1067 ,
1389 1000 1723 1070 πειραθέντα
1758 1017 1869 1055 κω-

273 1082 441 1138 λῦσαι
469 1086 532 1138 τὸ
570 1085 728 1154 ἄγος.
761 1087 907 1140 κατά
949 1087 1154 1160 κόρρης
1199 1087 1353 1142 παίει
1399 1089 1646 1158 σφοδρῶς
1669 1129 1683 1151 ,
1718 1089 1871 1141 ἐπει-

277 1178 434 1243 πὼν,
469 1179 547 1240 ὡς
581 1179 764 1250 ἔρημα
800 1181 868 1234 τά
902 1181 1251 1252 Χριστιανῶν
1284 1182 1385 1253 τῆς
1421 1181 1572 1244 θείας
1605 1181 1872 1251 τυγχάνει

279 1271 636 1342 κηδεμονίας.
670 1271 885 1342 Μικρὸν
911 1274 968 1327 δὲ
998 1277 1136 1338 τέως
1166 1275 1534 1346 ὑπορῥαῖσας,
1568 1275 1742 1328 πολλά
1774 1275 1873 1344 μὲν

278 1364 694 1432 κατεγίνωσκεν
718 1365 912 1417 ἑαυτὸν
937 1364 1038 1434 τῆς
1065 1364 1328 1434 ἀθεμίτου
1359 1364 1584 1436 γνώμης
1607 1383 1622 1398 ⁶
1652 1367 1749 1420 καὶ
1773 1363 1874 1437 τήν

275 1453 441 1524 δίκην
480 1454 632 1524 αὐτῷ
677 1455 978 1526 συνῄσθετο
1023 1454 1239 1507 ἐκεῖθεν
1278 1455 1726 1526 καταρραγῆναι.
1763 1455 1876 1508 Καὶ

281 1546 452 1618 μέχρι
486 1547 584 1601 τοῦ
627 1553 887 1620 μάρτυρα
928 1549 1096 1602 αὑτὸν
1132 1549 1313 1618 ἑαυτῷ
1345 1549 1444 1617 τῆς
1482 1549 1872 1620 ἀνοσιουργίας

278 1634 540 1702 γενέσθαι
572 1636 888 1706 ἀνενεγκὼν
908 1680 923 1704 ,
959 1637 1325 1699 παντοδαποῖς
1357 1637 1540 1691 ἕλκεσι
1572 1638 1666 1691 καῖ⁵
1699 1654 1873 1706 σηπε-

278 1726 400 1778 δόσι
444 1727 542 1798 τὴν
589 1731 836 1798 γαστέρα
882 1729 1171 1794 σπασθεὶς,
1223 1730 1592 1802 συνδιερρἁη
1637 1731 1731 1782 καὶ
1776 1731 1875 1799 τὴν

276 1818 487 1890 ψυχήν.
521 1819 647 1875 Τῶν
681 1822 790 1892 γὰρ
829 1824 1078 1890 ὲγκάτων
1112 1822 1289 1893 τνύ;ῳ
1327 1824 1704 1877 διασαπέντων
1725 1866 1739 1889 ,
1775 1823 1875 1890 τὴν

1974 633 2320 703 publicarunt:
2351 634 2511 698 alter,
2541 633 2680 687 alter
2709 631 3075 702 privatarum,
3109 629 3163 682 in
3198 628 3467 694 templum
3499 626 3556 680 id

1973 726 2246 798 direpturi
2296 735 2587 781 venerant.
2655 723 2867 780 Horum
2939 723 3196 779 Julianus
3244 717 3452 772 ditlicili
3499 727 3562 772 et

1976 813 2254 884 incognito
2299 814 2491 870 morbo
2523 830 2650 870 mox
2695 822 3006 883 correptus,
3049 813 3116 866 ad
3160 811 3277 865 dies
3319 808 3562 879 quadra-

1974 905 2125 974 ginta
2172 905 2246 960 ita
2297 904 2573 960 distentus
2620 905 2828 976 jacuit,
2879 914 2938 958 ut
2984 919 3164 974 neque
3219 904 3556 972 loqueretur.

1975 1010 2156 1066 neque
2186 996 2422 1052 sentiret
2451 997 2779 1068 quidquam.
2812 996 2992 1053 Causa
3025 995 3203 1050 morbi
3236 1003 3379 1056 erat,
3408 990 3556 1062 quod

1977 1088 2154 1144 sacris
2197 1087 2345 1144 vasis
2379 1090 2481 1160 (ll,
2527 1105 2649 1159 qua:
2704 1097 2865 1144 terra:
2911 1089 3186 1152 illiserat,
3243 1103 3344 1158 pro
3395 1085 3558 1142 sedili

1977 1195 2114 1236 usus
2139 1179 2359 1238 fuerat:
2391 1190 2446 1236 et
2471 1181 2791 1252 episcopum
2825 1180 3126 1246 Eumium,
3150 1179 3245 1250 qui
3283 1177 3559 1248 piaculum

1979 1280 2192 1326 tantum
2241 1273 2498 1328 inhibere
2545 1283 2775 1328 conatus
2824 1273 3028 1340 fuerat,
3081 1273 3135 1326 in
3173 1280 3340 1340 caput
3390 1269 3559 1323 vehe-

1977 1372 2192 1420 menter
2241 1367 2664 1428 verberaverat,
2713 1365 2863 1419 dicto
2904 1365 2999 1420 illo
3045 1365 3275 1435 insuper
3322 1363 3560 1432 ingesto,

1976 1446 2419 1514 Christianorum
2453 1473 2545 1514 res
2565 1474 2592 1512 a
2618 1459 2803 1512 divina
2827 1457 3185 1513 Providentia
3215 1473 3322 1510 non
3347 1457 3555 1510 curari.

1978 1552 2045 1607 Et
2072 1552 2386 1608 valetudine
2434 1553 2718 1622 paululum
2750 1561 3072 1623 recuperata
3095 1593 3110 1615 ,
3143 1566 3268 1605 cum
3314 1550 3561 1620 seipsum

1978 1645 2050 1698 ob
2085 1645 2379 1699 nefandam
2412 1644 2743 1699 sententiam
2790 1658 2944 1698 suam
2981 1641 3410 1707 condemnavit,
3446 1649 3562 1692 tum

1979 1742 2278 1797 vindictam
2320 1741 2565 1795 divinam
2598 1756 2708 1810 qua
2739 1739 3110 1809 allllgebatur,
3155 1734 3332 1792 sensit
3361 1736 3460 1804 (‘2).
3496 1735 3564 1790 Et

1979 1851 2104 1890 cum
2158 1835 2230 1889 ita
2281 1833 2560 1887 adversus,
2607 1834 2854 1901 seipsum
2907 1831 3203 1899 impiorum
3259 1828 3563 1882 facinorum

279 1913 494 1983 κόπρον
525 1915 714 1967 οὐκέτι
744 1915 833 1968 διὰ
863 1916 974 1968 τῶν
1008 1917 1390 1988 ἁποκριτικῶν
1419 1918 1666 1987 ὁργάνων
1699 1916 1870 1986 παρέ-
1902 1897 1947 1958 Β

1902 1897 1947 1958 Β
1981 1945 2210 1985 suorum
2244 1927 2400 1983 testis
2435 1927 2551 1997 ipse
2581 1933 2752 1991 esset,
2788 1933 3041 1980 ventrem
3076 1921 3278 1978 deinde
3313 1921 3436 1992 ejus
3464 1936 3565 1990 pu-

280 2021 531 2074 πεμπεν,
576 2008 713 2060 ἀλλὰ
768 2009 830 2061 τὸ
877 2011 1127 2080 μυσαρὸν
1165 2011 1343 2080 στόμα
1378 2011 1477 2078 τῆς
1522 2011 1880 2081 βλασφημίας

281 2099 582 2166 γενόμενον
609 2100 867 2171 δργανυν,
895 2103 996 2173 τῆς
1028 2104 1379 2176 ἀποκρίσεως
1411 2105 1631 2173 ἐγένετο
1667 2107 1876 2175 μόριον.

282 2190 364 2244 Τὸ
391 2191 449 2246 δέ
480 2208 544 2260 γε
575 2193 781 2248 αίδοῖον
811 2197 904 2248 καὶ
932 2199 979 2249 οί
1009 2198 1140 2266 περὶ
1168 2199 1300 2252 αὐτὸ
1330 2199 1491 2268 πόροι
1525 2199 1878 2269 ἐφθείροντο·

284 2288 386 2338 καὶ
412 2287 469 2338 ai
502 2288 630 2356 περὶ
657 2288 842 2340 ἐκεῖνα
874 2287 1076 2358 σάρκες
1105 2293 1537 2356 κατασαπεῖσαι,
1566 2293 1705 2363 πρὸς
1736 2293 1878 2346 σκώ-

281 2382 462 2449 ληκας
501 2380 919 2450 μετεϐάλλοντο.
957 2384 1070 2437 Καὶ
1103 2384 1166 2436 τὸ
1204 2385 1375 2448 πάθος
1412 2387 1880 2457 ὲκικρατέστερον

281 2469 356 2544 ἦν
403 2474 503 2545 τῆς
549 2475 667 2528 τῶν
711 2475 916 2546 ἰατρῶν
961 2477 1180 2547 τέχνης.
1226 2479 1325 2533 Διὰ
1376 2479 1728 2550 παντοδαπῆς
1772 2482 1880 2552 γὰρ

279 2569 520 2638 ἥκοντες
559 2569 762 2639 πείρας
803 2571 946 2623 αἰδοῖ
982 2573 1076 2624 καὶ
1113 2571 1223 2625 δέει
1257 2571 1350 2625 τοῦ
1393 2573 1659 2642 ἄνακτος,
1696 2575 1880 2629 πᾶσάν

281 2677 346 2714 τε
378 2663 694 2731 φαρμάκων
724 2663 870 2717 ίδὲαν
898 2665 1244 2736 κινήσαντες,
1271 2665 1459 2719 λίπεσί
1485 2684 1544 2720 τε
1571 2666 1682 2721 τῶν
1708 2668 1878 2720 πολυ-

294 2757 468 2826 δίμων
497 2756 731 2827 ὀρνίθων
761 2756 856 2821 οὓς
884 2756 1045 2811 ἔθυον
1077 2760 1143 2812 τὰ
1173 2760 1496 2830 διεφθορότα
1534 2761 1676 2830 μέλη
1709 2777 1881 2832 προσ-

283 2849 623 2914 πλάττοντες
645 2889 662 2916 ,
693 2850 825 2914 τοὺς
856 2852 915 2904 ιν
947 2851 1104 2921 βάθει
1139 2855 1556 2924 κρυπτομένιυς
1589 2856 1879 2920 σκώληκας

282 2941 430 3011 πρὸς
461 2942 560 3011 τήν
593 2944 923 3012 ἐπιφάνειαν
960 2945 1404 3013 μετεστέλλοντο.
1440 2950 1502 2999 Ul
1535 2948 1580 3001 δ’
1609 2949 1702 3001 ἐπὶ
1738 2950 1877 3016 μᾶλα

279 3033 378 3085 λον
408 3035 548 3104 πρὸς
575 3034 677 3098 τὰς
706 3035 886 3100 ζώσας
920 3032 1116 3107 εἷρπον
1148 3038 1360 3109 σάρκας
1392 3042 1534 3093 κατά
1565 3039 1728 3110 βάθος
1757 3042 1879 3096 δυό-

285 3142 468 3189 μενοι.
515 3128 628 3181 Καί
674 3145 740 3195 γε
787 3129 849 3182 οὐ
901 3129 1142 3184 διέλιπον
1192 3133 1611 3199 κατεσθίοντες,
1655 3134 1760 3198 ἓως
1813 3129 1876 3189 οὗ

1984 2021 2144 2077 trcdo
2179 2029 2235 2074 et
2267 2019 2451 2073 omnis
2486 2017 2711 2089 generis
2749 2016 2934 2071 ulcera
2975 2014 3403 2075 convulseruut,
3444 2028 3569 2081 quae

1981 2113 2038 2167 ei‘
2063 2120 2308 2166 mortem
2329 2112 2497 2166 etiam
2526 2109 2797 2165 attulere»
2818 2107 3144 2164 Visceribus
3169 2106 3372 2160 etenim
3401 2114 3568 2174 atque

1983 2207 2126 2261 extis
2163 2205 2458 2276 putredine
2490 2217 2559 2258 ea
2595 2202 2837 2258 corrosis
2859 2239 2874 2265 ,
2911 2208 3273 2255 excrementa
3311 2213 3420 2252 non
3452 2197 3567 2264 jam

1984 2315 2084 2372 per
2114 2297 2390 2354 naturalia
2435 2297 2547 2352 vim
2587 2295 2900 2367 expellendi
2948 2295 3262 2351 obtinentia
3321 2291 3569 2344 membra

1982 2395 2266 2466 egerebat,
2292 2408 2484 2449 verum
2513 2409 2575 2448 os
2601 2392 2923 2455 scelestum,
2953 2388 3102 2460 quod
3131 2385 3483 2457 blasphemia:
3513 2395 3572 2436 et

1982 2489 2413 2545 maledictorum
2452 2487 2720 2542 cﬂ'ecerat
2753 2485 3194 2538 instrumentum
3219 2519 3233 2543 ,
3277 2493 3404 2549 pars
3436 2490 3567 2531 cor-

1982 2583 2136 2654 poris
2175 2583 2435 2636 obscoena
2473 2597 2572 2651 per
2601 2593 2768 2649 quam
2806 2584 3174 2639 ext-erueret,
3208 2581 3294 2629 est
3339 2571 3568 2626 factum.

1982 2674 2244 2730 Pndenda
2313 2673 2468 2743 ipsa,
2522 2683 2579 2726 et
2641 2671 2732 2740 qui
2787 2671 2936 2725 circa
2999 2683 3066 2723 ca
3123 2676 3255 2721 sunt
3315 2673 3580 2725 meatus,

1979 2768 2230 2836 corrupti
2286 2765 2478 2820 itidem
2541 2774 2719 2818 sunt:
2775 2777 3020 2830 caroque
3070 2759 3155 2814 eis
3206 2759 3260 2813 in
3316 2757 3572 2828 partibus

1981 2859 2290 2933 putrefacta
2328 2859 2382 2913 in
2416 2874 2636 2912 vermes
2671 2856 2842 2919 abiit,
2885 2865 2941 2910 et
2977 2854 3206 2908 morbus
3239 2853 3354 2920 ipse
3389 2849 3575 2903 medi-

1980 2969 2172 3009 corum
2224 2961 2341 3005 arte
2393 2951 2553 3020 longe
2603 2948 2708 3003 fuit
2754 2947 3050 3017 potentior.
3103 2946 3224 3016 68
3279 2943 3360 2998 Illi
3413 2943 3566 2997 enim

1981 3044 2294 3101 reverentia
2355 3053 2410 3097 ct
2474 3051 2622 3096 metu
2691 3039 3050 3110 imperatoris
3109 3039 3295 3092 omnia
3351 3035 3569 3104 experti

1980 3148 2147 3200 sunt,
2193 3149 2250 3192 et
2280 3137 2432 3190 omni
2476 3135 2853 3190 remediorum
2887 3131 3075 3203 Specie
3113 3130 3396 3194 adhibita,
3442 3127 3564 3197 pin-

281 3220 453 3290 βιαίῳ
495 3222 653 3291 μόρῳ
687 3222 778 3276 τὸν
812 3223 1000 3278 άθλιον
1033 3224 1415 3295 διεχρήσαντο.
1454 3225 1781 3297 Χρήσασθαι
1817 3228 1876 3282 δὲ
1905 3249 1948 3307 c

1872 3269 1876 3282 .
1905 3249 1948 3307 ρ
1983 3230 2336 3301 guedineque
2369 3228 2742 3299 pretiosarum
2773 3228 2996 3288 avium,
3040 3239 3179 3294 quas
3213 3223 3318 3276 diis
3351 3220 3565 3274 sacrili-

279 3315 454 3369 αὑτὸν
500 3317 566 3387 τῇ
610 3317 836 3387 τοιαύτῃ
889 3319 1028 3387 φασὶ
1080 3320 1360 3388 συμφορᾷ.
1405 3319 1542 3373 Θεοῦ
1587 3322 1678 3372 τὸν
1720 3320 1877 3389 χόλον

279 3408 644 3477 ὲπαύξοντος,
691 3409 881 3464 καθότι
925 3412 1022 3481 τῆς
1064 3412 1398 3482 Ἐκκλησίας
1444 3413 1678 3465 καὶτῶν
1711 3413 1876 3482 ίερῶν

282 3502 458 3553 αὑτοῦ
492 3501 708 3554 σκευῶν
738 3504 1157 3574 κατωρχήσατο.

1984 3324 2205 3387 cal-ant,
2241 3320 2504 3375 membris
2533 3321 2813 3389 corruptis
2847 3317 3145 3388 applicata,
3180 3330 3397 3370 vermes
3435 3327 3559 3382 pro-

1986 3415 2213 3470 fundius
2253 3413 2579 3474 latitantes,
2619 3413 2671 3466 in
2721 3423 2976 3482 apertum
3015 3409 3177 3480 quasi
3231 3406 3563 3478 quibusdam

1985 3507 2261 3562 illecebris
2287 3520 2522 3561 evocare
2549 3506 2983 3560 contenderunt.
3012 3505 3079 3556 At
3101 3502 3177 3555 illi
3209 3502 3264 3555 in
3295 3497 3561 3553 membris

279 3595 690 3652 occultioribus
734 3597 804 3652 ad
847 3613 1073 3653 carnem
1120 3600 1301 3655 vivam
1354 3602 1528 3672 magis
1579 3602 1862 3671 magisque
1904 3617 2273 3672 prorepsere,
2317 3617 2495 3670 neque
2564 3599 2864 3655 corrodere
2942 3597 3223 3652 hominem
3267 3594 3557 3653 destiterc,

279 3694 466 3746 donec
501 3691 745 3747 violenta
781 3702 964 3747 morte
1010 3693 1276 3748 miserum
1311 3704 1638 3750 enecarunt.
1689 3695 1866 3750 Porro
1911 3707 2060 3750 tanta
2138 3694 2452 3749 calamitate
2494 3705 2792 3764 propterea
2829 3701 3126 3747 mac.atum
3160 3705 3284 3746 esse
3354 3689 3563 3751 ferunt,

279 3806 350 3844 ex
381 3790 462 3843 ira
492 3788 707 3852 divina,
733 3789 883 3858 quod
911 3789 990 3844 sic
1011 3788 1276 3843 Ecclesia:
1300 3797 1356 3843 ct
1383 3790 1559 3844 sacris
1581 3791 1700 3860 ejus
1732 3791 1878 3844 vasis
1917 3787 2291 3844 insultaverit.

368 3886 430 3936 Ὀ
474 3883 532 3938 δέ
574 3899 639 3950 γε
680 3883 889 3952 Φῆλιξ,
926 3883 1035 3935 τῶν
1072 3883 1232 3952 ἱερῶν
1266 3883 1478 3936 σκευῶν
1509 3885 1610 3952 τὴν
1646 3883 1876 3936 πολυτέ-

276 3979 438 4031 λειαν
470 3977 811 4046 Θεασάμενκ
842 3975 1280 4045 (Κωνσταντῖνος
1311 3977 1421 4045 γὰρ
1453 3975 1548 4027 καὶ
1583 3976 1876 4028 Κωνστᾶνο

275 4088 396 4134 τιος
431 4070 738 4139 φιλοτίμως
768 4069 908 4121 αὐτὰ
940 4067 1407 4137 κατεσκεύασαν),
1433 4067 1754 4135 ἐπεγγελῶν
1780 4068 1876 4120 καὶ

275 4163 740 4230 ἁστειονόςλενος,
784 4181 802 4214 ι
844 4162 1011 4225 Ἰδοὺ,
1046 4162 1185 4230 ἔφη,
1224 4163 1280 4213 ὲν
1314 4162 1517 4221 ὁποίοις
1556 4161 1810 4213 σκεύεσιν
1847 4163 1875 4213 ὁ

275 4258 382 4328 τῆς
417 4256 641 4326 Μαρίας
678 4258 1042 4326 ὑπηρετεῖται
1083 4255 1223 4317 υἱός.
1272 4273 1290 4306 ι
1335 4253 1646 4308 Κάντεῦθεν
1683 4257 1779 4307 καὶ
1819 4253 1879 4318 ἐξ

275 4353 548 4421 οὐδεμιᾶς
593 4349 763 4417 ἄλλης
807 4350 990 4411 αἰτίας
1030 4351 1140 4401 τῶν
1183 4352 1240 4402 ὲν
1285 4349 1438 4416 βάθει
1487 4348 1700 4416 φλεϐῶν
1745 4351 1876 4418 μιᾶς

273 4448 381 4518 τῆς
419 4445 691 4516 μεγίστης
727 4444 1164 4514 άιαῤῥαγείσης,
1198 4441 1432 4510 αἵματός
1467 4458 1523 4492 τε
1560 4441 1720 4494 αὒλδν
1755 4441 1875 4506 ἐξὲ-

275 4555 506 4608 πεμπεν
534 4539 598 4590 ὲκ
626 4535 722 4589 τοῦ
755 4537 1025 4607 στόματος
1053 4551 1066 4565 ⁶
1098 4535 1194 4588 καὶ
1225 4535 1409 4602 θέαμα
1434 4535 1545 4596 τοῖς
1575 4534 1746 4604 ὁρῶσι
1778 4551 1874 4601 γε·

2058 3881 2207 3935 Fclix
2239 3895 2424 3936 autem
2463 3879 2609 3935 vasis
2641 3879 2774 3933 tanti
2829 3877 2990 3948 pretii
3033 3877 3351 3948 conspectis
3400 3876 3566 3947 (Ccu-

1985 3976 2263 4029 stantiuus
2301 3989 2540 4043 namque
2585 3983 2642 4029 et
2673 3971 3036 4028 Constantius
3071 3971 3455 4025 liberalissime
3497 3985 3562 4029 ea

1985 4072 2484 4138 comparaverant),
2504 4067 2757 4120 arridens
2778 4076 2829 4121 ct
2860 4066 3072 4120 urbane
3091 4067 3306 4137 jocaus,
3358 4083 3375 4116 r
3403 4065 3566 4126 Ecce.

1984 4163 2188 4232 inquit,
2221 4161 2485 4231 qualibus
2514 4161 2662 4214 vasis
2694 4159 2878 4214 Maria:
2909 4160 3056 4214 illius
3086 4160 3272 4214 divina
3307 4175 3365 4212 re
3399 4173 3564 4228 pera-

1983 4257 2159 4326 genda
2201 4255 2449 4309 colitur?
2481 4275 2497 4304 ι
2536 4255 2783 4322 Eatnque
2817 4270 2916 4307 nec
2941 4253 3012 4307 ob
3045 4253 3207 4306 aliam
3245 4253 3561 4322 quampiam

1983 4364 2230 4414 cauSaui,
2262 4363 2328 4400 ex
2373 4346 2741 4400 interioribus
2793 4346 2913 4413 ejus
2971 4344 3125 4399 venis
3155 4361 3262 4398 uua
3294 4361 3416 4412 qum
3450 4361 3565 4396 uia-

1982 4441 2129 4494 xitna
2174 4449 2344 4501 esset,
2399 4449 2582 4508 rupta,
2633 4448 2893 4507 tanquam
2929 4453 3026 4504 pcr
3055 4437 3301 4491 ﬁstulam
3335 4437 3563 4506 sangui-

1983 4547 2107 4585 nem
2139 4547 2237 4600 per
2269 4546 2331 4584 os
2367 4531 2488 4599 ejus
2521 4529 2726 4583 emisit.
2787 4530 2878 4583 hic
2928 4539 2985 4582 et
3050 4528 3166 4597 ipse
3220 4527 3560 4580 horrendum

271 4632 508 4699 νόμενος
561 4627 826 4697 φοϐερὸν,
878 4627 1003 4680 οὐδὲ
1056 4626 1124 4679 δι’
1152 4626 1280 4696 ὅλης
1332 4627 1547 4696 ἡμέρας
1597 4625 1875 4696 ήρκεσεν·
1911 4618 1954 4675 D

1867 4618 2342 4680 'Dcerncntibus
2400 4623 2662 4677 omnibus
2730 4622 3109 4692 spectaculum
3173 4622 3385 4683 factus,
3451 4637 3560 4675 non

271 4723 417 4775 ἀλλὰ
457 4723 590 4792 περὶ
630 4720 816 4790 δείλην
856 4719 1018 4789 ὀψίαν
1057 4719 1152 4773 τοῦ
1194 4721 1430 4790 αἵματος
1469 4719 1872 4788 ὲπιλείψαντος,

273 4815 378 4867 καὶ
407 4813 508 4884 τὴν
535 4812 716 4883 ψυχὴν
749 4811 1154 4866 συναπέὁαλεν.

358 4993 419 5048 '0
455 4993 515 5047 δέ
553 5009 616 5060 γε
651 4991 832 5062 τρίτος
869 4991 1180 5058 Ἐλπίδιος,
1217 4991 1633 5063 βλασφημήσας
1661 4991 1756 5045 καὶ
1788 4987 1871 5047 οὗ·

269 5104 368 5148 τος
399 5086 665 5154 Χριστὸν,
692 5085 740 5136 εί
773 5085 869 5137 καὶ
899 5083 1008 5137 τῶν
1038 5083 1214 5138 ἄλλων
1248 5083 1610 5155 βραδύτερον,
1637 5083 1874 5136 ἁλλ”οὖν

272 5176 562 5249 φωραθεὶς
591 5177 873 5245 τυραννίδι
904 5177 1279 5246 συμπράττων
1304 5215 1320 5240 ,
1352 5177 1460 5229 τῶν
1489 5177 1660 5230 ὄντων
1692 5179 1871 5231 ἀπαν-

270 5291 386 5326 των
432 5270 645 5341 ερημος
696 5269 971 5338 γεγονὼς,
1018 5271 1267 5341 εἱρκταῖς
1312 5288 1369 5323 τε
1421 5271 1516 5324 καὶ
1561 5273 1873 5341 συμφοραῖς

271 5367 502 5437 ἑτέραις
552 5363 852 5427 καταϐιοὺς
905 5364 1120 5428 ἀκλεῶς
1170 5365 1544 5435 καταστρέφει
1594 5366 1686 5417 τὸν
1731 5365 1866 5435 βίον,

344 5546 427 5615 (Ι)
464 5545 855 5601 Theodoretns
889 5547 1065 5612 addit,
1121 5548 1401 5602 Julianum
1453 5548 1631 5618 ipsum
1688 5550 1738 5603 iu
1781 5566 1869 5606 sa-

267 5634 424 5674 cram
458 5632 684 5686 quoque
717 5634 966 5673 mensam
1007 5619 1295 5673 minxisse.

345 5687 640 5758 (Sij’erba
686 5689 943 5758 conjugis
991 5690 1056 5742 ad
1102 5689 1386 5743 lulianum
1435 5689 1579 5755 apud
1612 5689 1869 5744 'l'hcoiio-

269 5763 366 5814 rit.
397 5755 415 5811 ξ
445 5755 510 5811 Ut
533 5755 807 5822 laudibus,
837 5755 883 5813 o-
905 5760 1006 5822 vir,
1029 5760 1296 5812 Christum
1323 5759 1655 5814 Salvatmcm
1691 5764 1865 5824 Delius,

267 5829 552 5891 convenit,
615 5833 755 5896 quod
806 5847 899 5895 per
957 5831 1361 5897 castigationem
1426 5833 1714 5897 potentiam
1776 5837 1866 5887 tibi

266 5917 424 5956 suam
479 5901 733 5956 exhibuit.
770 5901 885 5956 Non
947 5919 1084 5955 cum
1145 5919 1260 5954 cum
1317 5906 1659 5972 rogwt'ims,
1712 5922 1864 5973 quem

1981 4726 2156 4772 totum
2200 4719 2519 4788 perduravit
2554 4717 2703 4771 diem
2752 4731 2766 4769 :
2811 4715 2909 4769 sed
2961 4715 3111 4770 circa
3148 4715 3561 4785 crepusculum,

1978 4827 2085 4865 una
2141 4827 2267 4866 cum
2324 4811 2593 4882 sanguine
2643 4811 2754 4880 jam
2806 4809 3132 4872 deﬁciente,
3174 4810 3352 4864 simul
3394 4814 3561 4863 etiam

1977 4905 2220 4959 animam
2247 4906 2515 4961 evomuit.

2049 5006 2118 5056 At
2151 5004 2352 5062 tertius
2386 5003 2662 5074 Elpidius,
2707 5008 2801 5076 qui
2840 5009 3460 5081 blasphemusquoqua
3502 5009 3554 5060 iu

1974 5094 2262 5150 Christum
2317 5097 2519 5162 fuerat,
2577 5097 2794 5153 tardius
2828 5101 2920 5155 ille
2975 5101 3197 5171 quidem
3248 5115 3412 5169 quam
3461 5099 3557 5152 alii

1976 5205 2170 5260 ptenas
2204 5191 2308 5245 luit
2346 5209 2360 5245 :
2392 5192 2486 5245 sed
2523 5205 2704 5246 tamen
2741 5194 2885 5249 inter
2911 5209 3008 5249 eos
3055 5195 3148 5263 qui
3197 5193 3550 5263 tyrannidem

1975 5285 2337 5352 aﬂ‘ectarunt,
2365 5286 2772 5356 deprehensus,
2824 5287 2988 5342 benis
3025 5267 3286 5342 omnibus
3328 5297 3555 5350 cautus,

1975 5394 2283 5449 gravesque
2338 5395 2616 5436 aerumnas
2676 5381 2813 5436 alias
2857 5383 2909 5435 in
2972 5395 3198 5436 carcere
3235 5396 3556 5451 perpessus,

1973 5557 2341 5623 persequeris,
2395 5558 2498 5610 nisi
2553 5574 2646 5625 pro
2693 5557 3095 5627 longanimitate
3160 5573 3258 5611 sua
3306 5559 3557 5613 divinitus

1972 5630 2126 5679 hasce
2160 5629 2251 5678 tibi
2279 5629 2539 5680 intulisset
2574 5627 2782 5698 plagas.
2823 5629 3046 5698 Agnovit
3089 5628 3186 5680 illa
3223 5630 3389 5682 morbi
3426 5647 3557 5683 cau-

1972 5715 2110 5755 sam.
2143 5708 2192 5750 ct
2222 5698 2617 5766 imperatorem,
2657 5707 2713 5750 ut
2743 5699 2816 5752 eis
2847 5699 3064 5768 ecclesia
3093 5699 3281 5764 quibus
3308 5701 3554 5768 adempta

1973 5768 2610 5891 fuerit?restitueretur,
2642 5770 2866 5841 rogarit.
2909 5767 3014 5824 Sed
3063 5770 3287 5839 (rustra.
3319 5769 3440 5826 Lib.
3466 5767 3553 5838 tu,

1973 5855 2090 5891 can.
2173 5859 2224 5891 ι).

1973 5855 2090 5908 cap.
2142 5855 2224 5898 to.
