4288 6438
333 424 439 484 53}

1267 424 1872 484 ECtllESlASTEC/E
1913 423 2304 484 HISTORH'I
2348 425 2498 485 Llll.
2538 425 2612 483 Χ.

3485 422 3587 486 534

332 536 708 606 πεποιημένον
744 534 933 603 ἀνίστη
972 534 1229 604 Χριστῷ,
1263 534 1598 604 ἀμειϐομένη
1632 534 1723 585 τὸν
1758 535 1988 603 εὖερ-ΑΔ
2017 554 2025 586 ς

1893 539 1988 595 -ΑΔ
2017 535 2197 589 erexit
2233 545 2496 598 statuam.
2529 536 2768 605 aliquam
2799 540 2992 591 saltem
3017 535 3351 591 bcnefaetori
3381 550 3481 590 suo
3510 535 3581 589 oh

335 629 502 698 γέτην
531 631 596 698 τῇ
627 626 722 680 τοῦ
762 627 966 689 πάθους
1002 626 1292 697 ἀπαλλαγῇ
1320 643 1333 657 ⁸
1370 628 1528 697 χάριν
1560 626 1615 677 δὲ
1650 626 1914 697 πλείστην

332 719 707 789 τερπνότητος
736 721 848 781 τοῖς
882 720 1059 771 ἐκεῖσε
1098 719 1325 788 φοιτῶσι
1356 721 1584 789 παρεῖχε
1618 719 1911 788 θεώμενον.

331 811 445 881 τῆς
485 812 532 865 δ’
555 812 762 874 εἰκόνος
795 811 1007 882 ταύτης
1046 811 1189 865 κατὰ
1221 815 1347 874 τοὺς
1387 812 1552 874 πόδας
1594 811 1793 882 βοτάνη
1830 829 1916 876 τις

327 905 602 970 ἀνεφύετο
631 904 958 975 νοσημάτων
987 905 1285 970 παντοίων,
1317 905 1552 976 μάλιστα
1582 905 1637 958 δὲ
1669 909 1768 974 τῆς
1795 905 1917 973 φοι-

331 998 490 1064 νάδος
536 997 697 1049 νόσου
743 996 1218 1067 ἀλεξιφάρμακον.
1263 997 1576 1068 Ἀμήχανον
1619 998 1664 1050 δ’
1691 993 1759 1064 ἦν
1802 998 1916 1060 τοῖς

329 1088 799 1160 θεραπευομένοις
842 1088 904 1143 τδ
947 1090 1141 1156 αῐτιον,
1183 1093 1314 1161 περὶ
1355 1090 1610 1143 πλείστου
1657 1090 1917 1157 ποιουμέ-

329 1198 443 1238 νοις
472 1180 570 1250 τὴν
601 1180 851 1253 ζήτησιν.
891 1182 1170 1252 Ἐλελήθει
1203 1183 1314 1254 γάρ
1341 1184 1420 1253 τῷ
1452 1183 1628 1253 χρόνῳ
1648 1223 1664 1247 ,
1699 1185 1793 1236 καὶ
1823 1174 1915 1236 οὗ·

331 1288 477 1335 τ.νος
509 1272 673 1343 ἔφερε
702 1273 801 1341 τὴν
832 1273 1068 1344 μορφὴν,
1096 1275 1191 1328 καὶ
1219 1276 1252 1345 ἡ
1280 1274 1478 1344 πρᾶξις
1506 1274 1570 1327 δι’
1596 1275 1660 1346 ἦν
1689 1275 1919 1345 ἀνεστῆ’

331 1365 494 1417 λωτο.
527 1364 619 1433 Τῷ
651 1365 760 1434 γὰρ
794 1365 1064 1436 ὕπαιθρον
1094 1365 1192 1419 καὶ
1222 1366 1428 1437 γυμνὸν
1460 1368 1683 1421 ἑστάναι
1718 1366 1918 1436 στέγης

330 1456 393 1508 τὸ
437 1455 578 1508 θεῖον
619 1457 866 1526 ἄγαλμα,
910 1459 1010 1511 οὐκ
1055 1458 1340 1528 ἐλάχιστον
1384 1461 1478 1511 καὶ
1518 1461 1613 1512 τοῦ
1663 1458 1915 1528 σώματος

334 1547 676 1620 συνεχώσθη.
704 1549 816 1603 Καὶ
847 1551 956 1621 γὰρ
985 1549 1183 1622 ὅμσροι
1213 1552 1318 1621 γῆν
1346 1551 1408 1603 ἑκ
1435 1550 1541 1604 τῶν
1569 1550 1919 1621 ὑψηλοτέρων

333 1639 534 1707 χώρων
585 1642 980 1712 ἐπισυρόμενοι
1015 1643 1104 1696 ἀεὶ
1166 1646 1564 1714 προσετίθουν’
1615 1646 1703 1714 ὑφ’
1760 1641 1826 1718 ἦς
1885 1647 1918 1714 ἡ

333 1733 442 1787 τῶν
466 1733 672 1789 ἕκαστα
707 1735 1015 1805 δηλούντων
1056 1737 1466 1807 ἐγγράμμάτων
1493 1737 1694 1806 γνῶσις
1726 1740 1919 1806 ἄδηλος

332 1820 423 1889 ἦν.
489 1827 780 1895 Ζητήσεως
833 1822 927 1881 οῦν
985 1845 1116 1882 ποτε
1174 1828 1377 1900 πολλῆς
1435 1830 1733 1901 γενομένης
1791 1833 1920 1901 περὶ

332 1919 432 1986 τῆς
465 1918 686 1988 χάριτος
730 1919 829 1989 τῆς
878 1921 1154 1991 φυομένης
1206 1921 1439 1988 ἐκεῖθεν,
1484 1924 1543 1976 τὸ
1579 1925 1676 1992 μὶν
1717 1941 1916 1993 συγκε-

331 2011 617 2078 χωσμέοιον
674 2010 961 2081 άνώρυκτο
996 2030 1009 2044 ·
1076 2013 1147 2066 τὰ
1209 2015 1266 2068 δὲ
1327 2016 1634 2086 γράμματα
1688 2017 1750 2068 τὸ
1819 2018 1918 2085 τῆς

334 2101 579 2170 inopia;
605 2101 833 2172 ἀψευδὲς
867 2107 1243 2179 κατεμήνυον,
1275 2109 1369 2161 καὶ
1400 2108 1494 2162 τοῦ
1529 2109 1717 2162 λοιποῦ
1753 2112 1785 2181 ή
1823 2111 1921 2179 μὲν

336 2193 445 2245 πόα
481 2193 664 2247 οὐκέτι
699 2195 817 2264 μετ’
842 2199 1050 2252 ἐκεῖνον
1082 2198 1240 2268 ὤφθη
1275 2200 1368 2254 τὸν
1391 2201 1603 2272 χρόνον.
1637 2201 1760 2255 οὔτε
1783 2204 1919 2266 ἐκεῖ,

334 2284 454 2337 οὔτ’
480 2286 739 2357 ἀλλαχοῦ.
772 2289 976 2344 Τοῦτον
1004 2291 1061 2346 δὲ
1109 2292 1202 2345 τὸν
1231 2292 1326 2346 τοῦ
1357 2294 1596 2364 Χριστοῦ
1627 2295 1923 2364 ἀνδριάντα

338 2377 589 2431 κδ’)εὶὼν
623 2380 933 2446 Ἰουλιανὸς,
952 2383 1043 2437 τδν
1065 2384 1260 2438 ἑαυτοῦ
1277 2386 1354 2456 τῷ
1373 2387 1511 2440 κίονι
1533 2387 1779 2456 ἀνθιστᾷ.
1805 2388 1922 2459 Πῦρ

335 2471 387 2521 δ’
417 2472 682 2541 ἐξαπίνης
713 2475 1006 2544 οὐρανόθεν
1028 2477 1359 2534 ἑπεισπεσὸν
1382 2481 1574 2550 βίαιον,
1589 2483 1770 2552 τέμνει
1786 2485 1924 2536 κατὰ

335 2561 399 2612 τὸ
441 2563 636 2634 στῆθος
666 2565 727 2618 τὸ
771 2567 994 2639 ἄγαλμα
1014 2587 1028 2601 ·
1060 2572 1155 2624 καὶ
1182 2571 1282 2642 τὴν
1310 2574 1553 2644 κεςθαλὴν
1580 2575 1796 2645 σύναμα
1842 2575 1924 2644 τῷ

337 2654 531 2721 αὐχένι
575 2656 879 2722 άποδαλδν,
924 2661 1061 2715 καθὸ
1082 2664 1175 2715 καὶ
1198 2664 1258 2718 τὸ
1282 2665 1577 2736 διερρωγὸς
1597 2667 1674 2737 τῷ
1718 2669 1924 2737 στέρνῳ

339 2747 595 2813 ἐγένετο,
637 2749 732 2802 ἐπὶ
767 2754 1065 2820 πρόσωπον
1099 2757 1378 2825 πήγνυσι·
1414 2761 1507 2812 καὶ
1543 2762 1621 2823 είς
1659 2761 1793 2813 πολὺ
1830 2761 1922 2813 τοῦ

340 2839 538 2906 χρόνου
590 2841 864 2911 διέμεινε,
911 2846 1013 2916 τὴν
1060 2848 1356 2919 κεραυνίαν
1404 2851 1633 2921 αίοάλην
1679 2853 1926 2922 ἐναργῶς

344 2932 662 3001 στηλιτεῦον
691 2935 850 2992 τοῦτο
880 2938 942 2990 τὸ
976 2938 1222 3010 ἄγαλμα.
1255 2942 1360 2994 Τόν
1393 2959 1456 3009 γε
1496 2944 1604 3012 μὴν
1635 2945 1927 3012 ἀνδριάντα

341 3023 584 3091 Χριστοῦ
630 3029 1106 3099 μεταστησάμενοι
1140 3033 1440 3098 τηνικαῦτα
1483 3037 1832 3105 Χριστιανοὶ,
1869 3039 1926 3092 ἐν

341 3115 422 3186 τῷ
460 3118 562 3187 τῆς
606 3120 906 3190 ἐκκλησίας
946 3123 1243 3194 διακονικῷ
1288 3126 1493 3193 ἔθεντο,
1534 3130 1602 3183 τά
1647 3133 1928 3200 πρέποντα

2019 625 2309 692 depulsum
2342 626 2447 681 sibi
2481 642 2700 696 gravem
2737 626 3015 691 morbum,
3048 625 3228 679 oﬂicio
3255 640 3322 680 eo
3347 625 3579 694 gratiam

2022 719 2354 789 rependens.
2420 718 2614 774 Statua
2670 719 2784 788 ipsa
2837 719 3220 789 spectantibus
3278 717 3581 788 plurimum

2022 812 2257 883 prmbuit
2309 814 2497 882 gratia:
2553 823 2609 868 et
2667 812 3024 867 amoenitatis.
3082 811 3164 864 Ad
3221 810 3385 878 hujus
3414 809 3585 878 pedes

2022 904 2193 959 herba
2250 914 2411 959 enata
2473 915 2578 971 est,
2645 905 3136 975 praesentissimum
3190 901 3586 969 :egritudinum

2020 1000 2294 1061 omnium,
2324 999 2672 1066 potissimum
2702 1012 2832 1052 vero
2858 996 3030 1051 tabidi
3052 994 3232 1050 morbi
3257 992 3585 1049 remedium.

2021 1091 2089 1146 Et
2118 1106 2245 1146 cum
2283 1091 2375 1160 qui
2401 1106 2465 1145 ea
2497 1090 2858 1154 curabautur,
2890 1103 3105 1144 sunnna
3135 1087 3425 1155 diligentia
3457 1099 3591 1139 cau-

2022 1199 2141 1240 sam
2173 1193 2339 1238 tanta:
2375 1183 2633 1238 efﬁcacia:
2675 1182 3043 1252 inquirerent,
3096 1179 3351 1234 invenire
3405 1186 3589 1231 tamen

2020 1294 2145 1334 eam
2182 1277 2409 1332 omnino
2435 1293 2544 1332 non
2586 1287 2839 1346 potuere.
2873 1274 3160 1344 Temporis
3184 1272 3333 1328 enim
3369 1270 3593 1326 diuturo

2022 1374 2195 1434 nitate
2249 1379 2306 1427 et
2368 1370 2649 1426 oblivione
2712 1369 3108 1428 interciderat.
3176 1366 3464 1436 cuiusnam
3523 1378 3589 1416 ea

2022 1478 2206 1526 Statua
2260 1468 2491 1523 formam
2553 1464 2807 1526 referret,
2865 1472 2922 1516 et
2972 1463 3131 1532 cujus
3171 1462 3258 1514 rei
3300 1458 3476 1526 gratia
3516 1455 3590 1510 ibi

2021 1573 2168 1619 esset
2190 1565 2478 1618 collocata.
2507 1559 2662 1626 Quod
2691 1573 2928 1627 iramque
2955 1556 3207 1609 divinent
3231 1551 3589 1608 simulacrum

2022 1658 2126 1713 sub
2159 1657 2253 1712 dio
2283 1663 2510 1711 astarct.
2549 1669 2656 1706 non
2688 1666 2878 1720 parum
2923 1664 3127 1717 corpus
3155 1647 3276 1716 ejus
3309 1644 3476 1699 etiam
3507 1651 3595 1700 est

2026 1750 2395 1808 immutatum,
2450 1754 2503 1796 et
2566 1742 2774 1795 imbres
2827 1754 2894 1792 ex
2936 1739 3076 1792 locis
3102 1733 3491 1806 superioribus
3525 1731 3592 1785 li-

2026 1855 2173 1894 mum
2196 1854 2386 1896 secum
2438 1835 2743 1897 trahentes,
2781 1841 2976 1886 statua:
3023 1831 3127 1900 ipsi
3180 1834 3535 1898 aggesserant
3582 1839 3597 1877 :

2022 1947 2186 2003 q'aam
2241 1931 2314 1985 oh
2370 1944 2593 1984 causam
2649 1926 2897 1993 Cognitio
2945 1939 3032 1987 ea,
3095 1937 3219 1991 quae
3271 1935 3338 1976 ex
3397 1917 3598 1972 litteris

2022 2022 2209 2077 omnia
2268 2018 2647 2073 indicantibus
2707 2014 3009 2084 provenit.
3085 2013 3294 2066 incerta
3357 2005 3590 2061 reddita.

2024 2115 2296 2168 Caeterum
2333 2126 2459 2164 cum
2494 2125 2626 2162 cura
2666 2117 2724 2161 et
2772 2103 3060 2173 diligentia
3117 2101 3323 2170 majore
3370 2112 3596 2168 proma-

2026 2221 2161 2261 nans
2192 2205 2319 2258 inde
2347 2203 2523 2274 gratia
2555 2199 3009 2269 investigaretur,
3044 2210 3194 2251 terra
3240 2195 3332 2248 illa
3367 2191 3591 2251 elfossa,

2024 2299 2223 2353 littera:
2254 2305 2367 2350 tum
2401 2296 2621 2348 tlemtrn
2657 2301 3013 2362 apparentes,
3063 2304 3177 2342 rem
3227 2287 3401 2355 ipsam
3439 2291 3594 2337 certo

2026 2391 2362 2444 indicarunt.
2417 2387 2482 2441 Et
2515 2386 2778 2454 deinceps
2816 2382 2988 2437 herba
3010 2398 3096 2448 ea,
3128 2381 3199 2434 ab
3231 2394 3299 2434 eo
3324 2388 3593 2446 tempore,

2025 2496 2205 2543 neque
2234 2495 2303 2532 eo
2338 2479 2457 2547 ipso
2489 2491 2668 2545 neque
2699 2475 2808 2527 alio
2840 2475 2965 2528 loco
2995 2480 3081 2525 est
3117 2476 3438 2537 conspecta.
3484 2463 3593 2518 Sed

2025 2575 2174 2630 enim
2219 2571 2423 2626 Christi
2476 2577 2658 2623 statua
2701 2566 2955 2622 Julianus
3008 2562 3247 2633 dejccta.
3290 2573 3446 2614 suam
3476 2556 3594 2624 ipse

2027 2671 2081 2723 iu
2123 2670 2304 2722 locum
2329 2667 2450 2736 ejus
2493 2664 2548 2717 in
2577 2662 2833 2717 columna
2861 2658 3171 2713 constituit.
3229 2655 3297 2708 Et
3331 2667 3465 2707 eoeo
3495 2651 3598 2705 de-

2028 2770 2256 2830 repente
2289 2758 2432 2826 iguis
2458 2772 2485 2808 e
2514 2755 2657 2809 cwlo
2701 2753 3004 2806 vehemens
3052 2749 3320 2818 dejeetus,
3361 2743 3598 2798 simula-

2027 2869 2183 2909 crum
2243 2852 2390 2905 iliius
2441 2849 2585 2902 circa
2645 2855 2836 2914 pectus
2867 2841 3090 2896 discidit
3125 2857 3139 2894 :
3178 2848 3458 2909 caputque
3490 2849 3600 2889 una

2028 2964 2154 3003 cum
2197 2946 2345 3000 collo
2390 2943 2690 3012 dejectuin,
2755 2949 2810 2992 et
2862 2953 2891 2991 a
2953 2945 3176 3005 pectore
3211 2933 3510 3000 abruptum
3541 2927 3597 2981 in

2029 3041 2233 3095 faciem
2276 3035 2598 3107 prostravit.
2638 3033 2815 3100 Atque
2854 3030 2904 3084 id
2933 3031 3096 3098 longo
3131 3036 3319 3095 postea
3349 3034 3596 3093 tempore

2031 3138 2112 3191 sie
2143 3131 2385 3195 duravit,
2421 3129 2710 3198 fuliginem
2738 3141 2862 3180 eam
2899 3124 3150 3178 fulminis
3181 3131 3395 3190 aperte,
3428 3118 3601 3172 veluti

344 3211 782 3279 θεραπεύοντες,
823 3216 1010 3269 στάσει
1044 3235 1102 3272 τε
1146 3220 1451 3288 σεμνοτέρᾳ
1489 3221 1758 3290 τιμῶντες
1783 3239 1796 3250 ·
1832 3224 1927 3276 καὶ
1958 3225 2000 3285 C
2033 3247 2037 3298 ι

1906 3224 2000 3285 ιε
2033 3245 2130 3298 per
2164 3220 2588 3292 inscriptionem
2644 3219 2921 3274 columna:
2969 3214 3226 3277 incisam,
3273 3209 3599 3267 teStiﬁcaus.

342 3302 406 3353 τὸ
440 3302 560 3371 μεθ’
585 3305 779 3375 ήδονῆς
808 3307 887 3377 τῷ
917 3307 1082 3379 χώρῳ
1113 3312 1306 3382 φοιτᾷν
1334 3327 1348 3342 ·
1379 3311 1642 3381 θεώμενοι
1671 3329 1731 3364 τε
1758 3313 1818 3366 τὸ
1849 3311 1926 3366 εἷ-

341 3394 472 3458 δος,
507 3397 603 3449 καὶ
631 3397 722 3449 τὸν
754 3400 885 3470 περὶ
913 3401 976 3453 τδ
1001 3403 1315 3470 ἀρχέτυπον
1343 3404 1510 3457 πόθον
1540 3405 1926 3475 ἐπιδεικνύμε-

343 3507 449 3543 νοι.
485 3487 611 3552 Τοῖς
647 3491 703 3543 δὲ
731 3490 828 3544 τοῦ
863 3493 1160 3556 δυσσεὸοῦς
1190 3495 1385 3549 τούτου
1419 3499 1668 3566 χρόνοις,
1703 3500 1765 3550 τὸ
1797 3499 1930 3568 περὶ

341 3581 445 3650 τὴν
477 3582 728 3636 Πανεάδα
760 3583 1073 3653 Ἑλληνικὸν
1105 3585 1523 3655 άναςρλεγέντες,
1555 3589 1652 3660 τῆς
1682 3591 1928 3652 στάσεως

343 3667 822 3743 ἀνασπασάμενοι,
877 3676 973 3730 καὶ
1016 3677 1126 3730 τῶν
1173 3678 1356 3732 ποδῶν
1404 3679 1791 3750 ἑκδησάμενοι,
1843 3683 1930 3735 διὰ

348 3766 527 3833 μέσης
556 3760 696 3836 ἦγον
725 3767 825 3834 τῆς
861 3766 1140 3840 λεωφόρου
1161 3811 1178 3836 ,
1213 3773 1322 3825 πᾶν
1354 3767 1492 3836 εἶδος
1526 3772 1785 3836 ἀσεϐείας
1815 3774 1932 3827 δια-

347 3856 742 3928 πραττόμενοι.
777 3861 851 3913 Τὸ
891 3861 991 3930 μὲν
1022 3861 1116 3915 οὖν
1147 3862 1474 3933 ἄλλο’σῶμα
1502 3867 1582 3928 εἰς
1618 3868 1786 3936 μέρος
1820 3867 1932 3921 διέ-

351 3965 572 4001 σπασαν
593 3965 607 3978 ο
633 3952 732 4018 τὴν
754 3950 811 4003 δὲ
839 3951 1083 4024 κεφαλήν
1105 3953 1183 4022 τῷ
1211 3953 1475 4019 σύρεσθαι
1497 3957 1596 4025 τῆς
1622 3954 1934 4024 όλομελείας

344 4039 720 4109 διαζυγεῖσαν,
740 4043 852 4095 τῶν
874 4060 1016 4106 τινες
1040 4047 1152 4106 τοῖς
1177 4045 1476 4113 δρωμένοις
1497 4045 1576 4110 ὡς
1602 4046 1748 4108 εἰκὸς
1772 4047 1936 4099 ἐπαλ-

349 4130 617 4196 γούντων,
661 4133 966 4202 λεληθότως
1007 4151 1068 4188 τε
1113 4137 1461 4200 άνελὰὁοντο,
1506 4139 1601 4192 καὶ
1644 4139 1718 4203 ὥς
1760 4156 1823 4208 γε
1869 4135 1936 4209 ἦν

350 4224 538 4284 αὐτοῖς
566 4224 828 4290 δυνατὸν,
855 4227 1210 4283 διεσώσαντο.
1243 4228 1520 4294 Ὡσαύτως
1552 4231 1610 4284 δὲ
1642 4233 1738 4285 καὶ
1767 4232 1938 4286 τᾶλλα

351 4315 448 4368 τοῦ
495 4314 750 4385 σώματος
793 4319 1202 4391 συλλεξάμενοι,
1241 4325 1305 4394 τῇ
1323 4323 1618 4396 ’ἐκκλησίᾳ
1661 4325 1935 4380 ἀνέθεντο.

350 4410 427 4462 Τὸ
457 4411 515 4462 δὲ
546 4414 821 4481 φυόμενον
852 4418 950 4484 τῆς
982 4415 1218 4485 βοτάνης
1250 4419 1427 4471 ἐκεῖνο
1455 4413 1588 4481 εἶδος
1624 4419 1801 4474 οὐδενὶ
1829 4420 1939 4473 τῶν

355 4502 560 4572 ίιτρῶν
589 4505 623 4576 ἢ
657 4507 786 4575 περὶ
815 4507 884 4558 τὰ
914 4507 1141 4562 τοιαῦτα
1173 4510 1456 4580 ἐμπείρων
1486 4511 1646 4581 δῆλον
1677 4512 1934 4582 κατέστη.

2033 3323 2282 3377 Statuam
2310 3328 2494 3372 autem
2542 3313 2748 3368 Christi
2800 3309 3104 3366 Christiani
3142 3317 3258 3361 tum
3294 3305 3350 3359 in
3401 3304 3598 3358 Diaco-

2031 3416 2218 3469 nieum
2250 3411 2501 3466 ecclesia:
2539 3407 2978 3485 transtulerunt,
3007 3412 3063 3458 et
3095 3398 3450 3454 honoratiore
3481 3397 3603 3451 loco

2033 3505 2292 3576 positam,
2321 3503 2474 3556 cultu
2505 3496 2857 3554 convcnienti
2897 3491 3171 3564 prosecuti
3204 3500 3355 3546 sunt.
3394 3488 3603 3542 Locum

2033 3611 2272 3666 namque
2297 3610 2426 3650 eum
2444 3594 2696 3648 libenter
2727 3590 3170 3658 frequentantcs,
3211 3594 3265 3638 et
3306 3581 3600 3650 imaginem

2033 3691 2208 3764 ipsam
2248 3689 2646 3756 inspectantes,
2683 3681 3030 3737 desiderium
3067 3692 3229 3733 suum
3259 3684 3316 3732 et
3355 3684 3604 3728 amorem

2032 3797 2162 3853 erga
2223 3788 2421 3835 statua:
2495 3778 2670 3846 ipsius
2738 3775 3101 3842 archetypum
3164 3767 3603 3840 primariumque

2032 3874 2314 3943 exemplar
2370 3871 2750 3926 declararunt.
2814 3865 2972 3936 lmpii
3027 3879 3194 3934 porro
3250 3859 3608 3930 imperatoris

2036 3974 2198 4029 istius
2226 3969 2588 4039 temporibus,
2625 3967 2719 4036 qui
2746 3963 2998 4019 Paneade
3023 3962 3202 4024 fuere,
3258 3959 3460 4038 Cnem-
3507 3972 3605 4009 su-

2035 4062 2379 4134 perstitionis
2429 4033 2754 4120 sectatores,
2818 4053 3106 4115 concitati,
3165 4033 3402 4106 statuam
3457 4062 3604 4107 eam.

2036 4157 2201 4212 sicuti
2252 4153 2392 4220 dixi,
2448 4153 2570 4207 loco
2620 4165 2723 4206 suo
2785 4157 3012 4213 motam,
3059 4145 3289 4200 funibus
3337 4143 3408 4198 ad
3435 4142 3607 4212 pedes

2038 4249 2259 4308 vinctis.
2294 4263 2394 4317 per
2425 4245 2660 4299 mediam
2708 4253 2927 4295 traxere
2962 4240 3128 4302 viam,
3189 4239 3450 4308 omnique
3500 4238 3607 4291 im-

2039 4341 2254 4412 pietatis
2279 4352 2483 4409 genere
2516 4332 3078 4391 contumeliosissime
3103 4328 3361 4384 λίθεοι-ιε.
3393 4325 3501 4398 71
3534 4328 3607 4380 Ita

2040 4434 2122 4488 illi
2157 4430 2433 4499 reliquum
2486 4425 2743 4496 imaginis
2775 4438 2979 4492 c0rpus
3027 4421 3498 4481 comminuerunt,
3555 4428 3610 4471 et

2041 4532 2211 4594 caput
2263 4538 2295 4576 α
2349 4521 2616 4574 membris
2674 4519 2792 4572 suis
2857 4515 3139 4570 divulsum
3207 4513 3609 4566 distraxerunt.

355 4598 465 4648 Καί
493 4615 587 4667 μοι
609 4575 759 4651 δοκεῖ
786 4598 958 4668 μηδὲν
984 4595 1125 4652 εἶναι
1149 4575 1459 4672 θαῦμα-καὶ
1489 4575 1645 4668 ξένας
1672 4601 1812 4657 εἶναι
1839 4575 1937 4668 τὰς
1966 4575 2020 4637 D
2044 4633 2048 4658 ‹

1922 4624 1937 4668 ἰ
1966 4575 2020 4637 D
2044 4615 2204 4682 Quod
2232 4629 2364 4669 sane
2395 4611 2674 4674 nonnulli,
2703 4609 2799 4678 qui
2834 4607 3037 4678 flagitio
3063 4612 3238 4668 tanto,
3296 4603 3368 4656 ita
3423 4613 3484 4656 ut
3519 4617 3615 4669 par

353 4689 679 4757 εὖεργεσίας
700 4689 1031 4761 ἀνθρώποις,
1055 4692 1395 4764 ξενοτρόπως
1416 4696 1550 4748 Θεοῦ
1568 4696 1780 4758 τούτοις
1803 4699 1940 4768 ᾑρη-

356 4781 524 4849 μένου
553 4781 842 4851 ἐπιδημεῖν
863 4798 879 4813 ο
908 4784 988 4836 ὅτι
1018 4800 1081 4852 γε
1113 4785 1209 4837 καὶ
1235 4785 1373 4838 ἄλλα
1400 4786 1630 4841 πλεῖστα
1658 4789 1936 4859 παράδοξα

355 4874 499 4926 κατὰ
543 4876 726 4945 χώρας
769 4877 864 4930 καὶ
904 4877 1101 4947 κώμας
1140 4879 1324 4948 μόνοις
1357 4884 1468 4942 τοῖς
1507 4883 1830 4952 ἐπιχωρίοις
1868 4882 1943 4947 ὡς

354 4964 505 5028 εἰκὸς
557 4965 828 5032 ἔγνωσται
871 4971 939 5040 τῇ
986 4969 1045 5036 ἐξ
1090 4971 1322 5041 ἀρχαίου
1376 4974 1672 5042 παραδόσει
1720 4976 1942 5043 διεγνω-

356 5058 557 5126 σμένα.
591 5059 714 5114 Ὅτι
746 5059 793 5113 δ’
821 5061 1022 5133 ἀληθὲς
1054 5065 1116 5118 τὸ
1149 5066 1444 5136 λεγόμενον
1468 5106 1483 5133 ,
1518 5069 1689 5136 ἐγγὺς
1722 5071 1751 5123 ό
1785 5069 1942 5138 λόγος

351 5150 572 5218 δηλοῦν.

2044 4715 2186 4771 erat,
2219 4704 2533 4768 indoluere,
2561 4705 2703 4757 clam
2744 4700 3046 4760 sublatum,
3079 4697 3236 4751 sicuti
3291 4706 3613 4765 potuerunt.

2048 4806 2451 4855 conservarunt
2494 4813 2509 4849 :
2557 4794 2861 4861 itidemque
2892 4801 2949 4844 et
2982 4790 3118 4844 alias
3150 4790 3402 4856 corporis
3432 4797 3622 4856 partes

2048 4892 2313 4946 collectas
2349 4890 2404 4943 in
2432 4887 2668 4943 ecclesia
2727 4891 3122 4954 reposuerunt.
3181 4881 3403 4941 llerlxe,
3455 4893 3620 4947 quam

2049 4979 2125 5032 ibi
2156 4992 2376 5033 enatam
2411 4979 2674 5040 diximus,
2711 4975 2925 5044 species
2964 4973 3097 5027 nulli
3131 4972 3214 5025 vel
3250 4972 3618 5028 medicorum.

2047 5070 2131 5125 vel
2166 5071 2396 5124 aliorum
2428 5069 2685 5138 peritiam
2735 5067 2926 5122 talium
2959 5081 3142 5121 rerum
3168 5064 3613 5127 consectantium

2045 5167 2261 5234 cngnita
2288 5163 2412 5219 fuit.
2446 5163 2577 5218 Mihi
2603 5179 2734 5217 vero
2767 5163 2994 5216 minime
3026 5160 3341 5213 mirandum
3377 5159 3611 5215 videtur.

357 5259 509 5350 nova.
540 5243 864 5350 hominibus
892 5249 1143 5306 exhiberi
1172 5251 1463 5319 beneficia,
1512 5269 1659 5308 novo
1702 5255 1939 5310 subinde
1981 5258 2146 5310 modo
2185 5258 2294 5311 Deo
2357 5259 2474 5326 ipso
2542 5273 2639 5312 eos
2685 5259 2978 5312 invisente.
3039 5257 3174 5311 Nam
3232 5253 3337 5308 alia
3393 5268 3618 5321 quoque

359 5341 605 5406 plurima
651 5344 942 5408 miracula,
994 5361 1118 5415 qua:
1174 5348 1228 5400 in
1279 5348 1451 5403 certis
1499 5351 1639 5405 vicis
1680 5366 1742 5405 ac
1811 5352 2134 5421 regionibus
2197 5365 2347 5416 sunt,
2379 5354 2510 5407 solis
2550 5352 2770 5416 incolis,
2802 5353 2964 5406 sicuti
3013 5359 3454 5405 consentaneum
3505 5357 3614 5411 εει,

355 5447 429 5487 ex
463 5443 682 5490 vetusta
710 5437 984 5508 majorum
1019 5439 1320 5496 traditione
1349 5453 1478 5498 nota
1513 5459 1656 5514 esse,
1701 5460 1822 5514 quae
1854 5446 2111 5514 sequitur
2157 5448 2402 5502 narratio
2433 5449 2722 5502 verissime
2750 5447 3019 5502 declarat.
