  <div class='ocr_page' id='page_1' title='image "/cluster/home/n/w/nwhite01/storage/ocr_20150623/146/nnc1.0046980610/307.png"; bbox 0 0 4288 6438; ppageno 0'>
   <div class='ocr_carea' id='block_1_1' title="bbox 763 427 868 489">
    <p class='ocr_par' dir='ltr' id='par_1_1' title="bbox 763 427 868 489">
     <span class='ocr_line' id='line_1_1' title="bbox 763 427 868 489; baseline 0 -1"><span class='ocrx_word' id='word_1_1' title='bbox 763 427 868 489; x_wconf 72' lang='grc'><strong>547</strong></span> 
     </span>
    </p>
   </div>
   <div class='ocr_carea' id='block_1_2' title="bbox 1986 403 2806 472">
    <p class='ocr_par' dir='ltr' id='par_1_2' title="bbox 1986 403 2806 472">
     <span class='ocr_line' id='line_1_2' title="bbox 1986 403 2806 472; baseline -0.01 -1"><span class='ocrx_word' id='word_1_2' title='bbox 1986 408 2411 472; x_wconf 75' lang='lat' dir='ltr'><strong>NICEPHORI</strong></span> <span class='ocrx_word' id='word_1_3' title='bbox 2453 403 2806 466; x_wconf 83' lang='lat' dir='ltr'><strong>CALLISTI</strong></span> 
     </span>
    </p>
   </div>
   <div class='ocr_carea' id='block_1_3' title="bbox 3932 397 4037 460">
    <p class='ocr_par' dir='ltr' id='par_1_3' title="bbox 3932 397 4037 460">
     <span class='ocr_line' id='line_1_3' title="bbox 3932 397 4037 460; baseline 0.019 -2"><span class='ocrx_word' id='word_1_4' title='bbox 3932 397 4037 460; x_wconf 62' lang='grc'><strong>543</strong></span> 
     </span>
    </p>
   </div>
   <div class='ocr_carea' id='block_1_4' title="bbox 766 514 2459 602">
    <p class='ocr_par' dir='ltr' id='par_1_4' title="bbox 766 525 2459 602">
     <span class='ocr_line' id='line_1_4' title="bbox 766 525 2459 602; baseline -0.01 -8"><span class='ocrx_word' id='word_1_5' title='bbox 766 556 879 594; x_wconf 92' lang='lat' dir='ltr'><strong>non</strong></span> <span class='ocrx_word' id='word_1_6' title='bbox 934 536 1088 592; x_wconf 88' lang='lat' dir='ltr'><strong>adire</strong></span> <span class='ocrx_word' id='word_1_7' title='bbox 1127 553 1140 591; x_wconf 91' lang='lat'><strong>:</strong></span> <span class='ocrx_word' id='word_1_8' title='bbox 1178 533 1398 602; x_wconf 82' lang='lat' dir='ltr'><strong>captivo</strong></span> <span class='ocrx_word' id='word_1_9' title='bbox 1448 530 1685 602; x_wconf 88' lang='lat' dir='ltr'><strong>quodam</strong></span> <span class='ocrx_word' id='word_1_10' title='bbox 1737 525 2026 599; x_wconf 70' lang='lat' dir='ltr'><strong>qumstioni</strong></span> <span class='ocrx_word' id='word_1_11' title='bbox 2088 537 2336 580; x_wconf 83' lang='lat' dir='ltr'><strong>tonnen—</strong></span> <span class='ocrx_word' id='word_1_12' title='bbox 2373 526 2459 588; x_wconf 71' lang='grc' dir='ltr'><strong>Αὲ</strong></span> 
     </span>
    </p>
   </div>
   <div class='ocr_carea' id='block_1_5' title="bbox 2346 514 4039 602">
    <p class='ocr_par' dir='ltr' id='par_1_5' title="bbox 2373 514 4039 590">
     <span class='ocr_line' id='line_1_5' title="bbox 2373 514 4039 590; baseline -0.007 -13"><span class='ocrx_word' id='word_1_13' title='bbox 2373 535 2412 588; x_wconf 72' lang='grc' dir='ltr'><strong>Α</strong></span> <span class='ocrx_word' id='word_1_14' title='bbox 2445 523 2631 577; x_wconf 85' lang='grc' dir='ltr'>ἐνιδών</span> <span class='ocrx_word' id='word_1_15' title='bbox 2680 539 2737 575; x_wconf 90' lang='grc' dir='ltr'><strong>τε</strong></span> <span class='ocrx_word' id='word_1_16' title='bbox 2773 521 2872 590; x_wconf 78' lang='grc' dir='ltr'>τὴν</span> <span class='ocrx_word' id='word_1_17' title='bbox 2921 515 3184 588; x_wconf 76' lang='grc' dir='ltr'>στρατιὰν</span> <span class='ocrx_word' id='word_1_18' title='bbox 3223 515 3373 586; x_wconf 82' lang='grc' dir='ltr'><strong>αὕτῷ</strong></span> <span class='ocrx_word' id='word_1_19' title='bbox 3400 514 3570 586; x_wconf 79' lang='grc' dir='ltr'>ἄρδην</span> <span class='ocrx_word' id='word_1_20' title='bbox 3613 514 4039 569; x_wconf 78' lang='grc' dir='ltr'>κινδυνεύουσαν</span> 
     </span>
    </p>
   </div>
   <div class='ocr_carea' id='block_1_6' title="bbox 767 617 2338 691">
    <p class='ocr_par' dir='ltr' id='par_1_6' title="bbox 767 617 2338 691">
     <span class='ocr_line' id='line_1_6' title="bbox 767 617 2338 691; baseline -0.01 -6"><span class='ocrx_word' id='word_1_21' title='bbox 767 641 948 685; x_wconf 91' lang='lat' dir='ltr'><strong>torum</strong></span> <span class='ocrx_word' id='word_1_22' title='bbox 1001 629 1262 686; x_wconf 89' lang='lat' dir='ltr'><strong>subdito.</strong></span> <span class='ocrx_word' id='word_1_23' title='bbox 1325 625 1526 680; x_wconf 83' lang='lat' dir='ltr'><strong>fossam</strong></span> <span class='ocrx_word' id='word_1_24' title='bbox 1577 621 1874 691; x_wconf 80' lang='lat' dir='ltr'><strong>quamdam</strong></span> <span class='ocrx_word' id='word_1_25' title='bbox 1930 620 2080 673; x_wconf 89' lang='lat' dir='ltr'><strong>illius</strong></span> <span class='ocrx_word' id='word_1_26' title='bbox 2130 617 2338 671; x_wconf 85' lang='lat' dir='ltr'><strong>indicio</strong></span> 
     </span>
    </p>
   </div>
   <div class='ocr_carea' id='block_1_7' title="bbox 767 709 2337 793">
    <p class='ocr_par' dir='ltr' id='par_1_7' title="bbox 767 709 2337 793">
     <span class='ocr_line' id='line_1_7' title="bbox 767 709 2337 793; baseline -0.012 -16"><span class='ocrx_word' id='word_1_27' title='bbox 767 721 996 793; x_wconf 81' lang='lat' dir='ltr'><strong>reperit,</strong></span> <span class='ocrx_word' id='word_1_28' title='bbox 1051 719 1317 788; x_wconf 89' lang='lat' dir='ltr'><strong>temporis</strong></span> <span class='ocrx_word' id='word_1_29' title='bbox 1371 716 1738 771; x_wconf 84' lang='lat' dir='ltr'><strong>diuturnitate</strong></span> <span class='ocrx_word' id='word_1_30' title='bbox 1784 726 1979 783; x_wconf 77' lang='lat' dir='ltr'><strong>aggere</strong></span> <span class='ocrx_word' id='word_1_31' title='bbox 2029 709 2337 778; x_wconf 83' lang='lat' dir='ltr'><strong>oppletam,</strong></span> 
     </span>
    </p>
   </div>
   <div class='ocr_carea' id='block_1_8' title="bbox 769 800 2342 881">
    <p class='ocr_par' dir='ltr' id='par_1_8' title="bbox 769 800 2342 881">
     <span class='ocr_line' id='line_1_8' title="bbox 769 800 2342 881; baseline -0.011 -15"><span class='ocrx_word' id='word_1_32' title='bbox 769 828 867 881; x_wconf 86' lang='lat' dir='ltr'><strong>per</strong></span> <span class='ocrx_word' id='word_1_33' title='bbox 898 824 1062 879; x_wconf 90' lang='lat' dir='ltr'><strong>quam</strong></span> <span class='ocrx_word' id='word_1_34' title='bbox 1091 807 1398 877; x_wconf 88' lang='lat' dir='ltr'><strong>antiquitus</strong></span> <span class='ocrx_word' id='word_1_35' title='bbox 1442 805 1676 860; x_wconf 77' lang='lat' dir='ltr'><strong>navibus</strong></span> <span class='ocrx_word' id='word_1_36' title='bbox 1725 801 1791 856; x_wconf 88' lang='lat' dir='ltr'><strong>ad</strong></span> <span class='ocrx_word' id='word_1_37' title='bbox 1831 800 2026 855; x_wconf 86' lang='lat' dir='ltr'><strong>urbem</strong></span> <span class='ocrx_word' id='word_1_38' title='bbox 2084 809 2342 852; x_wconf 74' lang='lat' dir='ltr'><strong>accessus</strong></span> 
     </span>
    </p>
   </div>
   <div class='ocr_carea' id='block_1_9' title="bbox 770 891 2340 967">
    <p class='ocr_par' dir='ltr' id='par_1_9' title="bbox 770 891 2340 967">
     <span class='ocr_line' id='line_1_9' title="bbox 770 891 2340 967; baseline -0.01 -11"><span class='ocrx_word' id='word_1_39' title='bbox 770 901 970 956; x_wconf 85' lang='lat' dir='ltr'><strong>fuerat.</strong></span> <span class='ocrx_word' id='word_1_40' title='bbox 1030 901 1218 965; x_wconf 85' lang='lat' dir='ltr'><strong>Itaque</strong></span> <span class='ocrx_word' id='word_1_41' title='bbox 1273 900 1365 967; x_wconf 91' lang='lat' dir='ltr'><strong>qui</strong></span> <span class='ocrx_word' id='word_1_42' title='bbox 1422 898 1470 952; x_wconf 94' lang='lat' dir='ltr'><strong>ci</strong></span> <span class='ocrx_word' id='word_1_43' title='bbox 1515 894 1790 957; x_wconf 79' lang='lat' dir='ltr'><strong>obstabat,</strong></span> <span class='ocrx_word' id='word_1_44' title='bbox 1827 909 2026 963; x_wconf 83' lang='lat' dir='ltr'><strong>aggere</strong></span> <span class='ocrx_word' id='word_1_45' title='bbox 2056 891 2340 961; x_wconf 73' lang='lat' dir='ltr'><strong>perfosso,</strong></span> 
     </span>
    </p>
   </div>
   <div class='ocr_carea' id='block_1_10' title="bbox 769 987 2344 1062">
    <p class='ocr_par' dir='ltr' id='par_1_10' title="bbox 769 987 2344 1062">
     <span class='ocr_line' id='line_1_10' title="bbox 769 987 2344 1062; baseline -0.009 -14"><span class='ocrx_word' id='word_1_46' title='bbox 769 993 1106 1062; x_wconf 79' lang='lat' dir='ltr'><strong>Euphratem</strong></span> <span class='ocrx_word' id='word_1_47' title='bbox 1161 993 1212 1044; x_wconf 93' lang='lat' dir='ltr'><strong>in</strong></span> <span class='ocrx_word' id='word_1_48' title='bbox 1265 989 1472 1059; x_wconf 91' lang='lat' dir='ltr'><strong>Tigrim</strong></span> <span class='ocrx_word' id='word_1_49' title='bbox 1520 987 1810 1046; x_wconf 77' lang='lat' dir='ltr'><strong>derivavit,</strong></span> <span class='ocrx_word' id='word_1_50' title='bbox 1865 996 2028 1052; x_wconf 88' lang='lat' dir='ltr'><strong>atque</strong></span> <span class='ocrx_word' id='word_1_51' title='bbox 2069 999 2136 1037; x_wconf 89' lang='lat' dir='ltr'><strong>eo</strong></span> <span class='ocrx_word' id='word_1_52' title='bbox 2183 991 2344 1051; x_wconf 65' lang='lat' dir='ltr'><strong>parto</strong></span> 
     </span>
    </p>
   </div>
   <div class='ocr_carea' id='block_1_11' title="bbox 770 1074 2342 1137">
    <p class='ocr_par' dir='ltr' id='par_1_11' title="bbox 770 1074 2342 1137">
     <span class='ocr_line' id='line_1_11' title="bbox 770 1074 2342 1137; baseline -0.006 0"><span class='ocrx_word' id='word_1_53' title='bbox 770 1084 1077 1137; x_wconf 79' lang='lat' dir='ltr'><strong>exercitum</strong></span> <span class='ocrx_word' id='word_1_54' title='bbox 1135 1097 1242 1135; x_wconf 88' lang='lat' dir='ltr'><strong>una</strong></span> <span class='ocrx_word' id='word_1_55' title='bbox 1291 1095 1417 1134; x_wconf 91' lang='lat' dir='ltr'><strong>cum</strong></span> <span class='ocrx_word' id='word_1_56' title='bbox 1463 1079 1694 1132; x_wconf 85' lang='lat' dir='ltr'><strong>navibus</strong></span> <span class='ocrx_word' id='word_1_57' title='bbox 1739 1079 1804 1131; x_wconf 55' lang='lat' dir='ltr'><strong>all</strong></span> <span class='ocrx_word' id='word_1_58' title='bbox 1840 1077 2033 1129; x_wconf 83' lang='lat' dir='ltr'><strong>urbem</strong></span> <span class='ocrx_word' id='word_1_59' title='bbox 2087 1074 2342 1128; x_wconf 78' lang='lat' dir='ltr'><strong>adduxit.</strong></span> 
     </span>
    </p>
   </div>
   <div class='ocr_carea' id='block_1_12' title="bbox 772 1169 2342 1242">
    <p class='ocr_par' dir='ltr' id='par_1_12' title="bbox 772 1169 2342 1242">
     <span class='ocr_line' id='line_1_12' title="bbox 772 1169 2342 1242; baseline -0.007 -11"><span class='ocrx_word' id='word_1_60' title='bbox 772 1178 842 1236; x_wconf 81' lang='lat' dir='ltr'><strong>Et</strong></span> <span class='ocrx_word' id='word_1_61' title='bbox 873 1178 1075 1237; x_wconf 67' lang='lat' dir='ltr'><strong>Persa},</strong></span> <span class='ocrx_word' id='word_1_62' title='bbox 1120 1190 1244 1227; x_wconf 91' lang='lat' dir='ltr'><strong>cum</strong></span> <span class='ocrx_word' id='word_1_63' title='bbox 1281 1171 1575 1242; x_wconf 73' lang='lat' dir='ltr'><strong>Splendido</strong></span> <span class='ocrx_word' id='word_1_64' title='bbox 1618 1169 1868 1238; x_wconf 88' lang='lat' dir='ltr'><strong>equitum</strong></span> <span class='ocrx_word' id='word_1_65' title='bbox 1915 1177 1969 1220; x_wconf 88' lang='lat' dir='ltr'><strong>et</strong></span> <span class='ocrx_word' id='word_1_66' title='bbox 2004 1175 2342 1220; x_wconf 83' lang='lat' dir='ltr'><strong>armatorum</strong></span> 
     </span>
    </p>
   </div>
   <div class='ocr_carea' id='block_1_13' title="bbox 776 1254 2345 1338">
    <p class='ocr_par' dir='ltr' id='par_1_13' title="bbox 776 1254 2345 1338">
     <span class='ocr_line' id='line_1_13' title="bbox 776 1254 2345 1338; baseline -0.01 -16"><span class='ocrx_word' id='word_1_67' title='bbox 776 1278 1063 1338; x_wconf 82' lang='lat' dir='ltr'><strong>apparatu,</strong></span> <span class='ocrx_word' id='word_1_68' title='bbox 1094 1276 1146 1319; x_wconf 88' lang='lat' dir='ltr'><strong>et</strong></span> <span class='ocrx_word' id='word_1_69' title='bbox 1180 1281 1304 1319; x_wconf 91' lang='lat' dir='ltr'><strong>cum</strong></span> <span class='ocrx_word' id='word_1_70' title='bbox 1334 1262 1662 1332; x_wconf 75' lang='lat' dir='ltr'><strong>elephantis,</strong></span> <span class='ocrx_word' id='word_1_71' title='bbox 1709 1260 1766 1313; x_wconf 92' lang='lat' dir='ltr'><strong>in</strong></span> <span class='ocrx_word' id='word_1_72' title='bbox 1805 1258 2071 1310; x_wconf 77' lang='lat' dir='ltr'><strong>ulteriore</strong></span> <span class='ocrx_word' id='word_1_73' title='bbox 2108 1254 2345 1324; x_wconf 74' lang='lat' dir='ltr'><strong>Tigridis</strong></span> 
     </span>
    </p>
   </div>
   <div class='ocr_carea' id='block_1_14' title="bbox 779 1346 2347 1428">
    <p class='ocr_par' dir='ltr' id='par_1_14' title="bbox 779 1346 2347 1428">
     <span class='ocr_line' id='line_1_14' title="bbox 779 1346 2347 1428; baseline -0.01 -15"><span class='ocrx_word' id='word_1_74' title='bbox 779 1364 896 1428; x_wconf 86' lang='lat' dir='ltr'><strong>ripa</strong></span> <span class='ocrx_word' id='word_1_75' title='bbox 930 1375 1050 1413; x_wconf 85' lang='lat' dir='ltr'><strong>sese</strong></span> <span class='ocrx_word' id='word_1_76' title='bbox 1082 1360 1397 1411; x_wconf 89' lang='lat' dir='ltr'><strong>ostendere.</strong></span> <span class='ocrx_word' id='word_1_77' title='bbox 1446 1354 1626 1421; x_wconf 81' lang='lat' dir='ltr'><strong>Atque</strong></span> <span class='ocrx_word' id='word_1_78' title='bbox 1679 1353 1795 1420; x_wconf 85' lang='lat' dir='ltr'><strong>ipse</strong></span> <span class='ocrx_word' id='word_1_79' title='bbox 1849 1365 1975 1405; x_wconf 89' lang='lat' dir='ltr'><strong>cum</strong></span> <span class='ocrx_word' id='word_1_80' title='bbox 2033 1350 2176 1401; x_wconf 78' lang='lat' dir='ltr'><strong>inter</strong></span> <span class='ocrx_word' id='word_1_81' title='bbox 2233 1346 2347 1406; x_wconf 89' lang='lat' dir='ltr'><strong>duo</strong></span> 
     </span>
    </p>
   </div>
   <div class='ocr_carea' id='block_1_15' title="bbox 779 1439 2346 1506">
    <p class='ocr_par' dir='ltr' id='par_1_15' title="bbox 779 1439 2346 1506">
     <span class='ocr_line' id='line_1_15' title="bbox 779 1439 2346 1506; baseline -0.007 -3"><span class='ocrx_word' id='word_1_82' title='bbox 779 1451 1016 1503; x_wconf 73' lang='lat' dir='ltr'><strong>tnaxitna</strong></span> <span class='ocrx_word' id='word_1_83' title='bbox 1076 1448 1308 1500; x_wconf 83' lang='lat' dir='ltr'><strong>ﬂutnina</strong></span> <span class='ocrx_word' id='word_1_84' title='bbox 1364 1461 1421 1499; x_wconf 87' lang='lat' dir='ltr'><strong>se</strong></span> <span class='ocrx_word' id='word_1_85' title='bbox 1479 1445 1750 1506; x_wconf 81' lang='lat' dir='ltr'><strong>clausum,</strong></span> <span class='ocrx_word' id='word_1_86' title='bbox 1817 1451 1872 1494; x_wconf 90' lang='lat' dir='ltr'><strong>ct</strong></span> <span class='ocrx_word' id='word_1_87' title='bbox 1936 1439 2238 1494; x_wconf 80' lang='lat' dir='ltr'><strong>exercitum</strong></span> <span class='ocrx_word' id='word_1_88' title='bbox 2291 1439 2346 1492; x_wconf 91' lang='lat' dir='ltr'><strong>in</strong></span> 
     </span>
    </p>
   </div>
   <div class='ocr_carea' id='block_1_16' title="bbox 780 1530 2349 1600">
    <p class='ocr_par' dir='ltr' id='par_1_16' title="bbox 780 1530 2349 1600">
     <span class='ocr_line' id='line_1_16' title="bbox 780 1530 2349 1600; baseline -0.009 -4"><span class='ocrx_word' id='word_1_89' title='bbox 780 1557 1056 1596; x_wconf 86' lang='lat' dir='ltr'><strong>summum</strong></span> <span class='ocrx_word' id='word_1_90' title='bbox 1099 1539 1401 1594; x_wconf 86' lang='lat' dir='ltr'><strong>discrimen</strong></span> <span class='ocrx_word' id='word_1_91' title='bbox 1435 1535 1758 1598; x_wconf 85' lang='lat' dir='ltr'><strong>adductum,</strong></span> <span class='ocrx_word' id='word_1_92' title='bbox 1813 1530 2088 1600; x_wconf 80' lang='lat' dir='ltr'><strong>siquidem</strong></span> <span class='ocrx_word' id='word_1_93' title='bbox 2125 1544 2349 1584; x_wconf 87' lang='lat' dir='ltr'><strong>manere</strong></span> 
     </span>
    </p>
   </div>
   <div class='ocr_carea' id='block_1_17' title="bbox 782 1622 2354 1694">
    <p class='ocr_par' dir='ltr' id='par_1_17' title="bbox 782 1622 2354 1694">
     <span class='ocr_line' id='line_1_17' title="bbox 782 1622 2354 1694; baseline -0.007 -8"><span class='ocrx_word' id='word_1_94' title='bbox 782 1634 856 1686; x_wconf 90' lang='lat' dir='ltr'><strong>ibi</strong></span> <span class='ocrx_word' id='word_1_95' title='bbox 893 1633 1080 1694; x_wconf 86' lang='lat' dir='ltr'><strong>vellet,</strong></span> <span class='ocrx_word' id='word_1_96' title='bbox 1140 1631 1224 1686; x_wconf 88' lang='lat' dir='ltr'><strong>sin</strong></span> <span class='ocrx_word' id='word_1_97' title='bbox 1260 1639 1444 1682; x_wconf 85' lang='lat' dir='ltr'><strong>autem</strong></span> <span class='ocrx_word' id='word_1_98' title='bbox 1477 1626 1682 1681; x_wconf 85' lang='lat' dir='ltr'><strong>reverti</strong></span> <span class='ocrx_word' id='word_1_99' title='bbox 1720 1623 1924 1689; x_wconf 82' lang='lat' dir='ltr'><strong>mallet,</strong></span> <span class='ocrx_word' id='word_1_100' title='bbox 1972 1639 2068 1693; x_wconf 89' lang='lat' dir='ltr'><strong>per</strong></span> <span class='ocrx_word' id='word_1_101' title='bbox 2094 1622 2245 1677; x_wconf 83' lang='lat' dir='ltr'><strong>vicos</strong></span> <span class='ocrx_word' id='word_1_102' title='bbox 2297 1630 2354 1676; x_wconf 89' lang='lat' dir='ltr'><strong>et</strong></span> 
     </span>
    </p>
   </div>
   <div class='ocr_carea' id='block_1_18' title="bbox 781 1720 2354 1795">
    <p class='ocr_par' dir='ltr' id='par_1_18' title="bbox 781 1720 2354 1795">
     <span class='ocr_line' id='line_1_18' title="bbox 781 1720 2354 1795; baseline -0.007 -17"><span class='ocrx_word' id='word_1_103' title='bbox 781 1725 1005 1794; x_wconf 85' lang='lat' dir='ltr'><strong>oppida,</strong></span> <span class='ocrx_word' id='word_1_104' title='bbox 1041 1741 1159 1793; x_wconf 63' lang='lat' dir='ltr'><strong>quae</strong></span> <span class='ocrx_word' id='word_1_105' title='bbox 1191 1723 1476 1776; x_wconf 88' lang='lat' dir='ltr'><strong>combusta</strong></span> <span class='ocrx_word' id='word_1_106' title='bbox 1520 1720 1630 1795; x_wconf 86' lang='lat' dir='ltr'><strong>jam</strong></span> <span class='ocrx_word' id='word_1_107' title='bbox 1659 1725 1866 1780; x_wconf 84' lang='lat' dir='ltr'><strong>essent,</strong></span> <span class='ocrx_word' id='word_1_108' title='bbox 1919 1725 1976 1770; x_wconf 91' lang='lat' dir='ltr'><strong>et</strong></span> <span class='ocrx_word' id='word_1_109' title='bbox 2024 1730 2208 1770; x_wconf 89' lang='lat' dir='ltr'><strong>rerum</strong></span> <span class='ocrx_word' id='word_1_110' title='bbox 2257 1730 2354 1768; x_wconf 88' lang='lat' dir='ltr'><strong>nc-</strong></span> 
     </span>
    </p>
   </div>
   <div class='ocr_carea' id='block_1_19' title="bbox 782 1804 2350 1884">
    <p class='ocr_par' dir='ltr' id='par_1_19' title="bbox 782 1804 2350 1884">
     <span class='ocr_line' id='line_1_19' title="bbox 782 1804 2350 1884; baseline -0.009 -13"><span class='ocrx_word' id='word_1_111' title='bbox 782 1818 1148 1871; x_wconf 80' lang='lat' dir='ltr'><strong>cessariarum</strong></span> <span class='ocrx_word' id='word_1_112' title='bbox 1196 1814 1427 1884; x_wconf 89' lang='lat' dir='ltr'><strong>penuria</strong></span> <span class='ocrx_word' id='word_1_113' title='bbox 1479 1820 1888 1881; x_wconf 85' lang='lat' dir='ltr'><strong>premerentur,</strong></span> <span class='ocrx_word' id='word_1_114' title='bbox 1944 1806 2192 1861; x_wconf 91' lang='lat' dir='ltr'><strong>eundum</strong></span> <span class='ocrx_word' id='word_1_115' title='bbox 2245 1804 2350 1859; x_wconf 88' lang='lat' dir='ltr'><strong>sibi</strong></span> 
     </span>
    </p>
   </div>
   <div class='ocr_carea' id='block_1_20' title="bbox 2445 609 4039 683">
    <p class='ocr_par' dir='ltr' id='par_1_20' title="bbox 2445 609 4039 683">
     <span class='ocr_line' id='line_1_20' title="bbox 2445 609 4039 683; baseline -0.006 -14"><span class='ocrx_word' id='word_1_116' title='bbox 2445 614 2765 677; x_wconf 70' lang='grc' dir='ltr'><strong>ἀπολέσθαι,</strong></span> <span class='ocrx_word' id='word_1_117' title='bbox 2798 614 2863 683; x_wconf 71' lang='grc' dir='ltr'>ἦν</span> <span class='ocrx_word' id='word_1_118' title='bbox 2887 629 2948 663; x_wconf 89' lang='grc' dir='ltr'><strong>τε</strong></span> <span class='ocrx_word' id='word_1_119' title='bbox 2981 613 3166 680; x_wconf 85' lang='grc' dir='ltr'>μένειν</span> <span class='ocrx_word' id='word_1_120' title='bbox 3181 609 3376 666; x_wconf 77' lang='grc' dir='ltr'>ἕλοιτο.</span> <span class='ocrx_word' id='word_1_121' title='bbox 3405 609 3504 661; x_wconf 80' lang='grc' dir='ltr'>εἴθ’</span> <span class='ocrx_word' id='word_1_122' title='bbox 3531 609 3924 679; x_wconf 69' lang='grc' dir='ltr'><strong>ὑποστρέφειν,</strong></span> <span class='ocrx_word' id='word_1_123' title='bbox 3950 609 4039 660; x_wconf 62' lang='grc' dir='ltr'><strong>δια</strong></span> 
     </span>
    </p>
   </div>
   <div class='ocr_carea' id='block_1_21' title="bbox 2441 703 4041 776">
    <p class='ocr_par' dir='ltr' id='par_1_21' title="bbox 2441 703 4041 776">
     <span class='ocr_line' id='line_1_21' title="bbox 2441 703 4041 776; baseline -0.004 -15"><span class='ocrx_word' id='word_1_124' title='bbox 2441 708 2552 761; x_wconf 83' lang='grc' dir='ltr'><strong>τῶν</strong></span> <span class='ocrx_word' id='word_1_125' title='bbox 2583 707 2788 776; x_wconf 85' lang='grc' dir='ltr'>κωμῶν</span> <span class='ocrx_word' id='word_1_126' title='bbox 2816 723 2874 759; x_wconf 88' lang='grc' dir='ltr'><strong>τε</strong></span> <span class='ocrx_word' id='word_1_127' title='bbox 2903 707 2998 759; x_wconf 73' lang='grc' dir='ltr'>καὶ</span> <span class='ocrx_word' id='word_1_128' title='bbox 3029 705 3241 757; x_wconf 67' lang='grc' dir='ltr'>πάλεων</span> <span class='ocrx_word' id='word_1_129' title='bbox 3268 703 3433 768; x_wconf 79' lang='grc' dir='ltr'>αὐτὸς</span> <span class='ocrx_word' id='word_1_130' title='bbox 3463 703 3704 771; x_wconf 79' lang='grc' dir='ltr'><strong>διῆλθεν,</strong></span> <span class='ocrx_word' id='word_1_131' title='bbox 3741 703 4041 774; x_wconf 80' lang='grc' dir='ltr'>ῄθαλωμέ-</span> 
     </span>
    </p>
   </div>
   <div class='ocr_carea' id='block_1_22' title="bbox 2444 796 4037 869">
    <p class='ocr_par' dir='ltr' id='par_1_22' title="bbox 2444 796 4037 869">
     <span class='ocr_line' id='line_1_22' title="bbox 2444 796 4037 869; baseline -0.003 -16"><span class='ocrx_word' id='word_1_132' title='bbox 2444 819 2550 853; x_wconf 89' lang='grc' dir='ltr'><strong>νων</strong></span> <span class='ocrx_word' id='word_1_133' title='bbox 2576 801 2699 869; x_wconf 64' lang='grc' dir='ltr'>ἤδη.</span> <span class='ocrx_word' id='word_1_134' title='bbox 2730 801 2823 851; x_wconf 73' lang='grc' dir='ltr'>καὶ</span> <span class='ocrx_word' id='word_1_135' title='bbox 2846 802 2911 869; x_wconf 84' lang='grc' dir='ltr'>τῇ</span> <span class='ocrx_word' id='word_1_136' title='bbox 2948 798 3142 850; x_wconf 79' lang='grc' dir='ltr'><strong>σπάνει</strong></span> <span class='ocrx_word' id='word_1_137' title='bbox 3172 797 3281 850; x_wconf 84' lang='grc' dir='ltr'>τῶν</span> <span class='ocrx_word' id='word_1_138' title='bbox 3311 797 3626 863; x_wconf 74' lang='grc' dir='ltr'>ἀναγκαίων</span> <span class='ocrx_word' id='word_1_139' title='bbox 3655 796 4037 865; x_wconf 78' lang='grc' dir='ltr'>πιεζομένωνο</span> 
     </span>
    </p>
   </div>
   <div class='ocr_carea' id='block_1_23' title="bbox 2445 887 4042 959">
    <p class='ocr_par' dir='ltr' id='par_1_23' title="bbox 2445 887 4042 959">
     <span class='ocr_line' id='line_1_23' title="bbox 2445 887 4042 959; baseline -0.003 -14"><span class='ocrx_word' id='word_1_140' title='bbox 2445 887 2586 945; x_wconf 84' lang='grc' dir='ltr'>ἆθλα</span> <span class='ocrx_word' id='word_1_141' title='bbox 2613 891 2666 943; x_wconf 83' lang='grc' dir='ltr'><strong>δέ</strong></span> <span class='ocrx_word' id='word_1_142' title='bbox 2692 890 2936 959; x_wconf 74' lang='grc' dir='ltr'>προθεὶς,</span> <span class='ocrx_word' id='word_1_143' title='bbox 2968 890 3042 952; x_wconf 86' lang='grc' dir='ltr'>ὼς</span> <span class='ocrx_word' id='word_1_144' title='bbox 3067 889 3152 958; x_wconf 66' lang='grc' dir='ltr'>ἐφ’</span> <span class='ocrx_word' id='word_1_145' title='bbox 3185 890 3578 959; x_wconf 73' lang='grc' dir='ltr'><strong>ἱπποδρομίαν,</strong></span> <span class='ocrx_word' id='word_1_146' title='bbox 3614 891 3740 952; x_wconf 80' lang='grc' dir='ltr'>τοὺς</span> <span class='ocrx_word' id='word_1_147' title='bbox 3770 889 4042 959; x_wconf 82' lang='grc' dir='ltr'>στρατιώ-</span> 
     </span>
    </p>
   </div>
   <div class='ocr_carea' id='block_1_24' title="bbox 2442 981 4044 1052">
    <p class='ocr_par' dir='ltr' id='par_1_24' title="bbox 2442 981 4044 1052">
     <span class='ocr_line' id='line_1_24' title="bbox 2442 981 4044 1052; baseline -0.002 -17"><span class='ocrx_word' id='word_1_148' title='bbox 2442 1000 2542 1043; x_wconf 77' lang='grc' dir='ltr'><strong>τας</strong></span> <span class='ocrx_word' id='word_1_149' title='bbox 2571 982 2773 1035; x_wconf 81' lang='grc' dir='ltr'>ἐκάλει·</span> <span class='ocrx_word' id='word_1_150' title='bbox 2798 981 2857 1034; x_wconf 77' lang='grc' dir='ltr'>οὗ</span> <span class='ocrx_word' id='word_1_151' title='bbox 2883 982 3196 1050; x_wconf 77' lang='grc' dir='ltr'><strong>γινομένου,</strong></span> <span class='ocrx_word' id='word_1_152' title='bbox 3226 981 3353 1044; x_wconf 75' lang='grc' dir='ltr'>τοὺς</span> <span class='ocrx_word' id='word_1_153' title='bbox 3383 982 3660 1052; x_wconf 73' lang='grc' dir='ltr'><strong>ἡγεμόνας</strong></span> <span class='ocrx_word' id='word_1_154' title='bbox 3694 981 3805 1032; x_wconf 82' lang='grc' dir='ltr'><strong>τῶν</strong></span> <span class='ocrx_word' id='word_1_155' title='bbox 3838 982 4044 1034; x_wconf 75' lang='grc' dir='ltr'>πλοίων</span> 
     </span>
    </p>
   </div>
   <div class='ocr_carea' id='block_1_25' title="bbox 2448 1073 4041 1150">
    <p class='ocr_par' dir='ltr' id='par_1_25' title="bbox 2448 1073 4041 1150">
     <span class='ocr_line' id='line_1_25' title="bbox 2448 1073 4041 1150; baseline 0 -23"><span class='ocrx_word' id='word_1_156' title='bbox 2448 1073 2701 1129; x_wconf 80' lang='grc' dir='ltr'>ἐκέλευεν</span> <span class='ocrx_word' id='word_1_157' title='bbox 2721 1074 3108 1150; x_wconf 64' lang='grc' dir='ltr'>ἀπο-ρορτίζειν</span> <span class='ocrx_word' id='word_1_158' title='bbox 3131 1075 3229 1136; x_wconf 78' lang='grc' dir='ltr'>τὰς</span> <span class='ocrx_word' id='word_1_159' title='bbox 3252 1074 3406 1145; x_wconf 76' lang='grc' dir='ltr'>ναῦς·</span> <span class='ocrx_word' id='word_1_160' title='bbox 3430 1077 3523 1128; x_wconf 75' lang='grc' dir='ltr'>καὶ</span> <span class='ocrx_word' id='word_1_161' title='bbox 3547 1074 3646 1144; x_wconf 78' lang='grc' dir='ltr'>τὴν</span> <span class='ocrx_word' id='word_1_162' title='bbox 3667 1076 3920 1145; x_wconf 71' lang='grc' dir='ltr'>σιτηγίαν</span> <span class='ocrx_word' id='word_1_163' title='bbox 3945 1074 4041 1127; x_wconf 78' lang='grc' dir='ltr'>τοῦ</span> 
     </span>
    </p>
   </div>
   <div class='ocr_carea' id='block_1_26' title="bbox 2451 1162 4044 1234">
    <p class='ocr_par' dir='ltr' id='par_1_26' title="bbox 2451 1162 4044 1234">
     <span class='ocr_line' id='line_1_26' title="bbox 2451 1162 4044 1234; baseline -0.002 -18"><span class='ocrx_word' id='word_1_164' title='bbox 2451 1164 2689 1234; x_wconf 74' lang='grc' dir='ltr'>στρατοῦ</span> <span class='ocrx_word' id='word_1_165' title='bbox 2719 1164 2796 1234; x_wconf 84' lang='grc' dir='ltr'>τῷ</span> <span class='ocrx_word' id='word_1_166' title='bbox 2825 1163 2977 1216; x_wconf 71' lang='grc' dir='ltr'>ὕδατι</span> <span class='ocrx_word' id='word_1_167' title='bbox 3010 1164 3362 1234; x_wconf 80' lang='grc' dir='ltr'>ἐπιρρἰτειν</span> <span class='ocrx_word' id='word_1_168' title='bbox 3385 1179 3401 1195; x_wconf 76' lang='grc' dir='ltr'><strong><em>ο</em></strong></span> <span class='ocrx_word' id='word_1_169' title='bbox 3435 1167 3509 1227; x_wconf 83' lang='grc' dir='ltr'>ὡς</span> <span class='ocrx_word' id='word_1_170' title='bbox 3540 1165 3606 1216; x_wconf 75' lang='grc' dir='ltr'>ἂν</span> <span class='ocrx_word' id='word_1_171' title='bbox 3632 1166 3688 1216; x_wconf 81' lang='grc' dir='ltr'><strong>ἐν</strong></span> <span class='ocrx_word' id='word_1_172' title='bbox 3713 1162 3917 1233; x_wconf 78' lang='grc' dir='ltr'>ἀπορίᾳ</span> <span class='ocrx_word' id='word_1_173' title='bbox 3936 1163 4044 1213; x_wconf 68' lang='grc' dir='ltr'>τῶν</span> 
     </span>
    </p>
   </div>
   <div class='ocr_carea' id='block_1_27' title="bbox 2450 1256 4044 1325">
    <p class='ocr_par' dir='ltr' id='par_1_27' title="bbox 2450 1256 4044 1325">
     <span class='ocr_line' id='line_1_27' title="bbox 2450 1256 4044 1325; baseline -0.003 -16"><span class='ocrx_word' id='word_1_174' title='bbox 2450 1257 2772 1324; x_wconf 77' lang='grc' dir='ltr'>ἀναγκαίων</span> <span class='ocrx_word' id='word_1_175' title='bbox 2817 1257 2864 1307; x_wconf 86' lang='grc' dir='ltr'><strong>οῖ</strong></span> <span class='ocrx_word' id='word_1_176' title='bbox 2906 1257 3240 1324; x_wconf 86' lang='grc' dir='ltr'>στρατιῶται</span> <span class='ocrx_word' id='word_1_177' title='bbox 3295 1256 3601 1325; x_wconf 86' lang='grc' dir='ltr'>γενόμενοι,</span> <span class='ocrx_word' id='word_1_178' title='bbox 3655 1257 3751 1308; x_wconf 76' lang='grc' dir='ltr'>καὶ</span> <span class='ocrx_word' id='word_1_179' title='bbox 3791 1257 3930 1322; x_wconf 57' lang='grc' dir='ltr'>σφᾶς</span> <span class='ocrx_word' id='word_1_180' title='bbox 3984 1258 4044 1306; x_wconf 88' lang='grc' dir='ltr'><strong>ἐν</strong></span> 
     </span>
    </p>
   </div>
   <div class='ocr_carea' id='block_1_28' title="bbox 2450 1347 4043 1419">
    <p class='ocr_par' dir='ltr' id='par_1_28' title="bbox 2450 1347 4043 1419">
     <span class='ocr_line' id='line_1_28' title="bbox 2450 1347 4043 1419; baseline -0.002 -18"><span class='ocrx_word' id='word_1_181' title='bbox 2450 1347 2684 1418; x_wconf 79' lang='grc' dir='ltr'>κινδύνῳ</span> <span class='ocrx_word' id='word_1_182' title='bbox 2737 1350 2886 1418; x_wconf 88' lang='grc' dir='ltr'>μέσῳ</span> <span class='ocrx_word' id='word_1_183' title='bbox 2943 1350 3375 1419; x_wconf 85' lang='grc' dir='ltr'>ἐνειλημμένους</span> <span class='ocrx_word' id='word_1_184' title='bbox 3434 1351 3677 1412; x_wconf 76' lang='grc' dir='ltr'><strong>ἰδόντες,</strong></span> <span class='ocrx_word' id='word_1_185' title='bbox 3731 1347 3931 1415; x_wconf 86' lang='grc' dir='ltr'>θράσος</span> <span class='ocrx_word' id='word_1_186' title='bbox 3984 1363 4043 1398; x_wconf 84' lang='grc' dir='ltr'><strong>τε</strong></span> 
     </span>
    </p>
   </div>
   <div class='ocr_carea' id='block_1_29' title="bbox 2451 1438 4042 1512">
    <p class='ocr_par' dir='ltr' id='par_1_29' title="bbox 2451 1438 4042 1512">
     <span class='ocr_line' id='line_1_29' title="bbox 2451 1438 4042 1512; baseline -0.001 -18"><span class='ocrx_word' id='word_1_187' title='bbox 2451 1438 2861 1509; x_wconf 68' lang='grc' dir='ltr'>ἀναλήψωνται,</span> <span class='ocrx_word' id='word_1_188' title='bbox 2885 1441 2980 1494; x_wconf 71' lang='grc' dir='ltr'>καὶ</span> <span class='ocrx_word' id='word_1_189' title='bbox 3010 1441 3148 1508; x_wconf 74' lang='grc' dir='ltr'>πρὸς</span> <span class='ocrx_word' id='word_1_190' title='bbox 3167 1441 3266 1512; x_wconf 82' lang='grc' dir='ltr'>τὴν</span> <span class='ocrx_word' id='word_1_191' title='bbox 3295 1442 3477 1512; x_wconf 77' lang='grc' dir='ltr'>μάχην</span> <span class='ocrx_word' id='word_1_192' title='bbox 3499 1441 3666 1510; x_wconf 67' lang='grc' dir='ltr'>ὁμόσε</span> <span class='ocrx_word' id='word_1_193' title='bbox 3700 1438 4042 1511; x_wconf 79' lang='grc' dir='ltr'>χωρήσαιεν.</span> 
     </span>
    </p>
   </div>
   <div class='ocr_carea' id='block_1_30' title="bbox 2455 1531 4044 1603">
    <p class='ocr_par' dir='ltr' id='par_1_30' title="bbox 2455 1531 4044 1603">
     <span class='ocr_line' id='line_1_30' title="bbox 2455 1531 4044 1603; baseline -0.003 -17"><span class='ocrx_word' id='word_1_194' title='bbox 2455 1534 2592 1595; x_wconf 79' lang='grc' dir='ltr'>Τοὺς</span> <span class='ocrx_word' id='word_1_195' title='bbox 2613 1533 2670 1585; x_wconf 75' lang='grc' dir='ltr'>δὲ</span> <span class='ocrx_word' id='word_1_196' title='bbox 2691 1532 3032 1602; x_wconf 75' lang='grc' dir='ltr'>προῦχοντας</span> <span class='ocrx_word' id='word_1_197' title='bbox 3050 1535 3078 1587; x_wconf 88' lang='grc' dir='ltr'>ὁ</span> <span class='ocrx_word' id='word_1_198' title='bbox 3105 1533 3363 1603; x_wconf 80' lang='grc' dir='ltr'>βασιλεὺς</span> <span class='ocrx_word' id='word_1_199' title='bbox 3383 1535 3524 1603; x_wconf 73' lang='grc' dir='ltr'>μετὰ</span> <span class='ocrx_word' id='word_1_200' title='bbox 3558 1533 3618 1585; x_wconf 81' lang='grc' dir='ltr'>τὸ</span> <span class='ocrx_word' id='word_1_201' title='bbox 3642 1534 3863 1586; x_wconf 85' lang='grc' dir='ltr'>δεῖπνον</span> <span class='ocrx_word' id='word_1_202' title='bbox 3884 1531 4044 1600; x_wconf 77' lang='grc' dir='ltr'>ἀγεί-</span> 
     </span>
    </p>
   </div>
   <div class='ocr_carea' id='block_1_31' title="bbox 2458 1623 4041 1695">
    <p class='ocr_par' dir='ltr' id='par_1_31' title="bbox 2458 1623 4041 1695">
     <span class='ocr_line' id='line_1_31' title="bbox 2458 1623 4041 1695; baseline 0.003 -18"><span class='ocrx_word' id='word_1_203' title='bbox 2458 1641 2579 1694; x_wconf 83' lang='grc' dir='ltr'>ρας,</span> <span class='ocrx_word' id='word_1_204' title='bbox 2618 1626 2839 1677; x_wconf 80' lang='grc' dir='ltr'>ἐκέλευε</span> <span class='ocrx_word' id='word_1_205' title='bbox 2879 1627 2979 1693; x_wconf 74' lang='grc' dir='ltr'>τὴν</span> <span class='ocrx_word' id='word_1_206' title='bbox 3029 1628 3292 1695; x_wconf 75' lang='grc' dir='ltr'>στρατιὰν</span> <span class='ocrx_word' id='word_1_207' title='bbox 3327 1627 3553 1693; x_wconf 78' lang='grc' dir='ltr'>ἀνάγειν</span> <span class='ocrx_word' id='word_1_208' title='bbox 3582 1626 3676 1679; x_wconf 80' lang='grc' dir='ltr'>ἐπὶ</span> <span class='ocrx_word' id='word_1_209' title='bbox 3725 1624 3824 1687; x_wconf 75' lang='grc' dir='ltr'><strong>τὰς</strong></span> <span class='ocrx_word' id='word_1_210' title='bbox 3873 1623 4041 1681; x_wconf 76' lang='grc' dir='ltr'>ναῦς·</span> 
     </span>
    </p>
   </div>
   <div class='ocr_carea' id='block_1_32' title="bbox 2456 1717 4044 1788">
    <p class='ocr_par' dir='ltr' id='par_1_32' title="bbox 2456 1717 4044 1788">
     <span class='ocr_line' id='line_1_32' title="bbox 2456 1717 4044 1788; baseline -0.001 -20"><span class='ocrx_word' id='word_1_211' title='bbox 2456 1718 2553 1769; x_wconf 78' lang='grc' dir='ltr'>καὶ</span> <span class='ocrx_word' id='word_1_212' title='bbox 2595 1717 2659 1785; x_wconf 78' lang='grc' dir='ltr'>δὴ</span> <span class='ocrx_word' id='word_1_213' title='bbox 2689 1717 2884 1779; x_wconf 71' lang='grc' dir='ltr'>νυκτὸς</span> <span class='ocrx_word' id='word_1_214' title='bbox 2925 1717 3016 1784; x_wconf 77' lang='grc' dir='ltr'><strong>τὸν</strong></span> <span class='ocrx_word' id='word_1_215' title='bbox 3044 1717 3296 1788; x_wconf 84' lang='grc' dir='ltr'>Τίγρητα</span> <span class='ocrx_word' id='word_1_216' title='bbox 3333 1717 3702 1782; x_wconf 77' lang='grc' dir='ltr'><strong>πλεύσαντες,</strong></span> <span class='ocrx_word' id='word_1_217' title='bbox 3741 1717 3875 1786; x_wconf 63' lang='grc' dir='ltr'>πρὸς</span> <span class='ocrx_word' id='word_1_218' title='bbox 3921 1717 4044 1776; x_wconf 82' lang='grc' dir='ltr'>ταῖς</span> 
     </span>
    </p>
   </div>
   <div class='ocr_carea' id='block_1_33' title="bbox 2459 1805 4043 1880">
    <p class='ocr_par' dir='ltr' id='par_1_33' title="bbox 2459 1805 4043 1880">
     <span class='ocr_line' id='line_1_33' title="bbox 2459 1805 4043 1880; baseline 0.004 -21"><span class='ocrx_word' id='word_1_219' title='bbox 2459 1810 2634 1878; x_wconf 77' lang='grc' dir='ltr'>πέραν</span> <span class='ocrx_word' id='word_1_220' title='bbox 2702 1805 2844 1878; x_wconf 82' lang='grc' dir='ltr'>ἦσαν</span> <span class='ocrx_word' id='word_1_221' title='bbox 2913 1809 3126 1880; x_wconf 78' lang='grc' dir='ltr'>ὄχθαις.</span> <span class='ocrx_word' id='word_1_222' title='bbox 3202 1812 3312 1865; x_wconf 72' lang='grc' dir='ltr'><strong>Καὶ</strong></span> <span class='ocrx_word' id='word_1_223' title='bbox 3389 1809 3776 1874; x_wconf 77' lang='grc' dir='ltr'>ἐκϐαίνοντες,</span> <span class='ocrx_word' id='word_1_224' title='bbox 3860 1807 4043 1876; x_wconf 74' lang='grc' dir='ltr'>μάχης</span> 
     </span>
    </p>
   </div>
   <div class='ocr_carea' id='block_1_34' title="bbox 781 1883 2474 1976">
    <p class='ocr_par' dir='ltr' id='par_1_34' title="bbox 781 1883 2474 1976">
     <span class='ocr_line' id='line_1_34' title="bbox 781 1883 2474 1976; baseline -0.007 -14"><span class='ocrx_word' id='word_1_225' title='bbox 781 1923 903 1963; x_wconf 88' lang='lat' dir='ltr'><strong>esse</strong></span> <span class='ocrx_word' id='word_1_226' title='bbox 944 1907 1157 1961; x_wconf 91' lang='lat' dir='ltr'><strong>videret</strong></span> <span class='ocrx_word' id='word_1_227' title='bbox 1185 1883 1209 1972; x_wconf 16' lang='lat'><strong>;7</strong></span> <span class='ocrx_word' id='word_1_228' title='bbox 1234 1904 1473 1976; x_wconf 64' lang='lat' dir='ltr'><strong>praemiis</strong></span> <span class='ocrx_word' id='word_1_229' title='bbox 1506 1901 1824 1972; x_wconf 87' lang='lat' dir='ltr'><strong>propositis,</strong></span> <span class='ocrx_word' id='word_1_230' title='bbox 1853 1899 2056 1952; x_wconf 89' lang='lat' dir='ltr'><strong>milites</strong></span> <span class='ocrx_word' id='word_1_231' title='bbox 2089 1907 2350 1967; x_wconf 91' lang='lat' dir='ltr'><strong>tanquam</strong></span> <span class='ocrx_word' id='word_1_232' title='bbox 2387 1883 2426 1936; x_wconf 79' lang='grc' dir='ltr'><strong><em>Β</em></strong></span> <span class='ocrx_word' id='word_1_233' title='bbox 2454 1900 2474 1950; x_wconf 68' lang='grc' dir='ltr'><strong>ἱ</strong></span> 
     </span>
    </p>
   </div>
   <div class='ocr_carea' id='block_1_35' title="bbox 2348 1883 4041 1976">
    <p class='ocr_par' dir='ltr' id='par_1_35' title="bbox 2348 1883 4041 1972">
     <span class='ocr_line' id='line_1_35' title="bbox 2348 1883 4041 1972; baseline -0.003 -20"><span class='ocrx_word' id='word_1_234' title='bbox 2348 1933 2350 1947; x_wconf 70' lang='grc' dir='ltr'><strong>ι</strong></span> <span class='ocrx_word' id='word_1_235' title='bbox 2387 1883 2426 1936; x_wconf 74' lang='grc' dir='ltr'><strong><em>Β</em></strong></span> <span class='ocrx_word' id='word_1_236' title='bbox 2454 1899 2713 1968; x_wconf 76' lang='grc' dir='ltr'>ἥπτοντο.</span> <span class='ocrx_word' id='word_1_237' title='bbox 2761 1900 2919 1954; x_wconf 85' lang='grc' dir='ltr'>Ὀσοι</span> <span class='ocrx_word' id='word_1_238' title='bbox 2974 1903 3073 1970; x_wconf 72' lang='grc' dir='ltr'>μὲν</span> <span class='ocrx_word' id='word_1_239' title='bbox 3105 1899 3197 1955; x_wconf 80' lang='grc' dir='ltr'>οὖν</span> <span class='ocrx_word' id='word_1_240' title='bbox 3227 1901 3336 1957; x_wconf 85' lang='grc' dir='ltr'><strong>τῶν</strong></span> <span class='ocrx_word' id='word_1_241' title='bbox 3385 1902 3612 1972; x_wconf 83' lang='grc' dir='ltr'>Περσῶν</span> <span class='ocrx_word' id='word_1_242' title='bbox 3645 1899 3901 1971; x_wconf 73' lang='grc' dir='ltr'>ᾔσθοντο,</span> <span class='ocrx_word' id='word_1_243' title='bbox 3939 1899 4041 1949; x_wconf 69' lang='grc' dir='ltr'><strong>ἀνὰ</strong></span> 
     </span>
    </p>
   </div>
   <div class='ocr_carea' id='block_1_36' title="bbox 784 1989 2352 2068">
    <p class='ocr_par' dir='ltr' id='par_1_36' title="bbox 784 1989 2352 2068">
     <span class='ocr_line' id='line_1_36' title="bbox 784 1989 2352 2068; baseline -0.006 -15"><span class='ocrx_word' id='word_1_244' title='bbox 784 2002 850 2053; x_wconf 73' lang='lat' dir='ltr'><strong>all</strong></span> <span class='ocrx_word' id='word_1_245' title='bbox 922 1999 1200 2068; x_wconf 90' lang='lat' dir='ltr'><strong>equestris</strong></span> <span class='ocrx_word' id='word_1_246' title='bbox 1281 1994 1604 2050; x_wconf 84' lang='lat' dir='ltr'><strong>certaminis</strong></span> <span class='ocrx_word' id='word_1_247' title='bbox 1669 1991 2042 2061; x_wconf 84' lang='lat' dir='ltr'><strong>spectaculum</strong></span> <span class='ocrx_word' id='word_1_248' title='bbox 2112 1989 2352 2044; x_wconf 85' lang='lat' dir='ltr'><strong>vocavit.</strong></span> 
     </span>
    </p>
   </div>
   <div class='ocr_carea' id='block_1_37' title="bbox 784 2085 2350 2157">
    <p class='ocr_par' dir='ltr' id='par_1_37' title="bbox 784 2085 2350 2157">
     <span class='ocr_line' id='line_1_37' title="bbox 784 2085 2350 2157; baseline -0.005 -13"><span class='ocrx_word' id='word_1_249' title='bbox 784 2090 943 2157; x_wconf 85' lang='lat' dir='ltr'><strong>Quod</strong></span> <span class='ocrx_word' id='word_1_250' title='bbox 973 2105 1094 2143; x_wconf 89' lang='lat' dir='ltr'><strong>enm</strong></span> <span class='ocrx_word' id='word_1_251' title='bbox 1129 2092 1301 2152; x_wconf 76' lang='lat' dir='ltr'><strong>fieret,</strong></span> <span class='ocrx_word' id='word_1_252' title='bbox 1338 2087 1556 2140; x_wconf 89' lang='lat' dir='ltr'><strong>navium</strong></span> <span class='ocrx_word' id='word_1_253' title='bbox 1588 2085 1877 2155; x_wconf 67' lang='lat' dir='ltr'><strong>praefectos</strong></span> <span class='ocrx_word' id='word_1_254' title='bbox 1906 2098 2210 2138; x_wconf 78' lang='lat' dir='ltr'><strong>exonerare</strong></span> <span class='ocrx_word' id='word_1_255' title='bbox 2233 2097 2350 2144; x_wconf 85' lang='lat' dir='ltr'><strong>eas,</strong></span> 
     </span>
    </p>
   </div>
   <div class='ocr_carea' id='block_1_38' title="bbox 787 2176 2354 2242">
    <p class='ocr_par' dir='ltr' id='par_1_38' title="bbox 787 2176 2354 2242">
     <span class='ocr_line' id='line_1_38' title="bbox 787 2176 2354 2242; baseline -0.005 -4"><span class='ocrx_word' id='word_1_256' title='bbox 787 2195 842 2238; x_wconf 91' lang='lat' dir='ltr'><strong>et</strong></span> <span class='ocrx_word' id='word_1_257' title='bbox 875 2185 1214 2237; x_wconf 81' lang='lat' dir='ltr'><strong>frumentum</strong></span> <span class='ocrx_word' id='word_1_258' title='bbox 1253 2181 1535 2235; x_wconf 81' lang='lat' dir='ltr'><strong>exercitus</strong></span> <span class='ocrx_word' id='word_1_259' title='bbox 1572 2194 1734 2231; x_wconf 89' lang='lat' dir='ltr'><strong>omne</strong></span> <span class='ocrx_word' id='word_1_260' title='bbox 1765 2186 1818 2231; x_wconf 85' lang='lat' dir='ltr'><strong>et</strong></span> <span class='ocrx_word' id='word_1_261' title='bbox 1852 2176 2251 2242; x_wconf 88' lang='lat' dir='ltr'><strong>impedimenta</strong></span> <span class='ocrx_word' id='word_1_262' title='bbox 2299 2177 2354 2230; x_wconf 92' lang='lat' dir='ltr'><strong>in</strong></span> 
     </span>
    </p>
   </div>
   <div class='ocr_carea' id='block_1_39' title="bbox 788 2266 2357 2342">
    <p class='ocr_par' dir='ltr' id='par_1_39' title="bbox 788 2266 2357 2342">
     <span class='ocr_line' id='line_1_39' title="bbox 788 2266 2357 2342; baseline -0.004 -15"><span class='ocrx_word' id='word_1_263' title='bbox 788 2274 966 2328; x_wconf 90' lang='lat' dir='ltr'><strong>undas</strong></span> <span class='ocrx_word' id='word_1_264' title='bbox 1015 2274 1199 2342; x_wconf 80' lang='lat' dir='ltr'><strong>jacere</strong></span> <span class='ocrx_word' id='word_1_265' title='bbox 1252 2271 1441 2342; x_wconf 85' lang='lat' dir='ltr'><strong>jussit,</strong></span> <span class='ocrx_word' id='word_1_266' title='bbox 1498 2278 1558 2322; x_wconf 91' lang='lat' dir='ltr'><strong>ut</strong></span> <span class='ocrx_word' id='word_1_267' title='bbox 1602 2269 1805 2321; x_wconf 87' lang='lat' dir='ltr'><strong>milites</strong></span> <span class='ocrx_word' id='word_1_268' title='bbox 1855 2283 1973 2322; x_wconf 90' lang='lat' dir='ltr'><strong>sese</strong></span> <span class='ocrx_word' id='word_1_269' title='bbox 2027 2266 2082 2320; x_wconf 92' lang='lat' dir='ltr'><strong>in</strong></span> <span class='ocrx_word' id='word_1_270' title='bbox 2139 2281 2357 2320; x_wconf 87' lang='lat' dir='ltr'><strong>summa</strong></span> 
     </span>
    </p>
   </div>
   <div class='ocr_carea' id='block_1_40' title="bbox 789 2357 2358 2433">
    <p class='ocr_par' dir='ltr' id='par_1_40' title="bbox 789 2357 2358 2433">
     <span class='ocr_line' id='line_1_40' title="bbox 789 2357 2358 2433; baseline -0.005 -14"><span class='ocrx_word' id='word_1_271' title='bbox 789 2381 972 2420; x_wconf 86' lang='lat' dir='ltr'><strong>rerum</strong></span> <span class='ocrx_word' id='word_1_272' title='bbox 1033 2364 1216 2433; x_wconf 89' lang='lat' dir='ltr'><strong>inopia</strong></span> <span class='ocrx_word' id='word_1_273' title='bbox 1266 2371 1322 2416; x_wconf 87' lang='lat' dir='ltr'><strong>et</strong></span> <span class='ocrx_word' id='word_1_274' title='bbox 1374 2362 1430 2416; x_wconf 90' lang='lat' dir='ltr'><strong>in</strong></span> <span class='ocrx_word' id='word_1_275' title='bbox 1484 2361 1667 2415; x_wconf 90' lang='lat' dir='ltr'><strong>medio</strong></span> <span class='ocrx_word' id='word_1_276' title='bbox 1711 2360 1959 2430; x_wconf 90' lang='lat' dir='ltr'><strong>periculo</strong></span> <span class='ocrx_word' id='word_1_277' title='bbox 1987 2357 2196 2413; x_wconf 86' lang='lat' dir='ltr'><strong>versari</strong></span> <span class='ocrx_word' id='word_1_278' title='bbox 2237 2373 2358 2412; x_wconf 87' lang='lat' dir='ltr'><strong>cer-</strong></span> 
     </span>
    </p>
   </div>
   <div class='ocr_carea' id='block_1_41' title="bbox 790 2449 2360 2525">
    <p class='ocr_par' dir='ltr' id='par_1_41' title="bbox 790 2449 2360 2525">
     <span class='ocr_line' id='line_1_41' title="bbox 790 2449 2360 2525; baseline -0.006 -13"><span class='ocrx_word' id='word_1_279' title='bbox 790 2472 1002 2517; x_wconf 89' lang='lat' dir='ltr'><strong>nentes,</strong></span> <span class='ocrx_word' id='word_1_280' title='bbox 1038 2455 1206 2510; x_wconf 84' lang='lat' dir='ltr'><strong>fortes</strong></span> <span class='ocrx_word' id='word_1_281' title='bbox 1238 2455 1594 2525; x_wconf 90' lang='lat' dir='ltr'><strong>conciperent</strong></span> <span class='ocrx_word' id='word_1_282' title='bbox 1641 2452 1879 2513; x_wconf 88' lang='lat' dir='ltr'><strong>animos,</strong></span> <span class='ocrx_word' id='word_1_283' title='bbox 1926 2460 1983 2506; x_wconf 90' lang='lat' dir='ltr'><strong>et</strong></span> <span class='ocrx_word' id='word_1_284' title='bbox 2030 2459 2257 2504; x_wconf 85' lang='lat' dir='ltr'><strong>strenue</strong></span> <span class='ocrx_word' id='word_1_285' title='bbox 2303 2449 2360 2507; x_wconf 88' lang='lat' dir='ltr'><strong>in</strong></span> 
     </span>
    </p>
   </div>
   <div class='ocr_carea' id='block_1_42' title="bbox 2462 1994 4047 2062">
    <p class='ocr_par' dir='ltr' id='par_1_42' title="bbox 2462 1994 4047 2062">
     <span class='ocr_line' id='line_1_42' title="bbox 2462 1994 4047 2062; baseline -0.003 -16"><span class='ocrx_word' id='word_1_286' title='bbox 2462 1995 2661 2062; x_wconf 77' lang='grc' dir='ltr'>κράτος</span> <span class='ocrx_word' id='word_1_287' title='bbox 2687 1994 2978 2062; x_wconf 74' lang='grc' dir='ltr'>ἠμύνοντο.</span> <span class='ocrx_word' id='word_1_288' title='bbox 3017 1996 3238 2057; x_wconf 82' lang='grc' dir='ltr'>Πολλοῖς</span> <span class='ocrx_word' id='word_1_289' title='bbox 3273 1997 3328 2048; x_wconf 85' lang='grc' dir='ltr'>δὲ</span> <span class='ocrx_word' id='word_1_290' title='bbox 3371 1995 3578 2049; x_wconf 84' lang='grc' dir='ltr'>τούτων</span> <span class='ocrx_word' id='word_1_291' title='bbox 3604 1995 3838 2058; x_wconf 78' lang='grc' dir='ltr'>ἐξάπινα</span> <span class='ocrx_word' id='word_1_292' title='bbox 3875 2009 4047 2062; x_wconf 84' lang='grc' dir='ltr'>προσ-</span> 
     </span>
    </p>
   </div>
   <div class='ocr_carea' id='block_1_43' title="bbox 2462 2084 4048 2156">
    <p class='ocr_par' dir='ltr' id='par_1_43' title="bbox 2462 2084 4048 2156">
     <span class='ocr_line' id='line_1_43' title="bbox 2462 2084 4048 2156; baseline 0.001 -20"><span class='ocrx_word' id='word_1_293' title='bbox 2462 2084 2716 2147; x_wconf 82' lang='grc' dir='ltr'>ϐαλόντες</span> <span class='ocrx_word' id='word_1_294' title='bbox 2770 2086 3056 2155; x_wconf 80' lang='grc' dir='ltr'>Ῥωμαῖοι,</span> <span class='ocrx_word' id='word_1_295' title='bbox 3093 2087 3374 2141; x_wconf 75' lang='grc' dir='ltr'>ἔκτεινανο</span> <span class='ocrx_word' id='word_1_296' title='bbox 3411 2089 3502 2141; x_wconf 69' lang='grc' dir='ltr'>καὶ</span> <span class='ocrx_word' id='word_1_297' title='bbox 3555 2088 3622 2140; x_wconf 85' lang='grc' dir='ltr'><strong>δι’</strong></span> <span class='ocrx_word' id='word_1_298' title='bbox 3655 2088 3786 2152; x_wconf 82' lang='grc' dir='ltr'>ὅλης</span> <span class='ocrx_word' id='word_1_299' title='bbox 3829 2087 4048 2156; x_wconf 71' lang='grc' dir='ltr'>ἡμέρας</span> 
     </span>
    </p>
   </div>
   <div class='ocr_carea' id='block_1_44' title="bbox 2464 2177 4050 2250">
    <p class='ocr_par' dir='ltr' id='par_1_44' title="bbox 2464 2177 4050 2250">
     <span class='ocr_line' id='line_1_44' title="bbox 2464 2177 4050 2250; baseline -0.002 -21"><span class='ocrx_word' id='word_1_300' title='bbox 2464 2178 2869 2250; x_wconf 69' lang='grc' dir='ltr'>συνερρήγνυτο</span> <span class='ocrx_word' id='word_1_301' title='bbox 2896 2178 3043 2247; x_wconf 78' lang='grc' dir='ltr'>μάχη</span> <span class='ocrx_word' id='word_1_302' title='bbox 3077 2177 3327 2248; x_wconf 81' lang='grc' dir='ltr'>λαμπρά.</span> <span class='ocrx_word' id='word_1_303' title='bbox 3355 2179 3594 2240; x_wconf 79' lang='grc' dir='ltr'>Πολλοὺς</span> <span class='ocrx_word' id='word_1_304' title='bbox 3626 2178 3807 2230; x_wconf 78' lang='grc' dir='ltr'>τοίνυν</span> <span class='ocrx_word' id='word_1_305' title='bbox 3837 2177 4050 2231; x_wconf 60' lang='grc' dir='ltr'>ἀποθα-</span> 
     </span>
    </p>
   </div>
   <div class='ocr_carea' id='block_1_45' title="bbox 2463 2264 4052 2340">
    <p class='ocr_par' dir='ltr' id='par_1_45' title="bbox 2463 2264 4052 2340">
     <span class='ocr_line' id='line_1_45' title="bbox 2463 2264 4052 2340; baseline -0.001 -18"><span class='ocrx_word' id='word_1_306' title='bbox 2463 2270 2673 2331; x_wconf 83' lang='grc' dir='ltr'>λὸντες,</span> <span class='ocrx_word' id='word_1_307' title='bbox 2698 2269 2797 2338; x_wconf 81' lang='grc' dir='ltr'><strong>οὐχ</strong></span> <span class='ocrx_word' id='word_1_308' title='bbox 2823 2264 2986 2340; x_wconf 79' lang='grc' dir='ltr'>ἦττον</span> <span class='ocrx_word' id='word_1_309' title='bbox 3009 2270 3065 2322; x_wconf 82' lang='grc' dir='ltr'>δὲ</span> <span class='ocrx_word' id='word_1_310' title='bbox 3085 2275 3179 2323; x_wconf 81' lang='grc' dir='ltr'>καὶ</span> <span class='ocrx_word' id='word_1_311' title='bbox 3207 2269 3544 2334; x_wconf 80' lang='grc' dir='ltr'>κτείναντες.</span> <span class='ocrx_word' id='word_1_312' title='bbox 3567 2272 3770 2333; x_wconf 76' lang='grc' dir='ltr'>εἰς’-τὸν</span> <span class='ocrx_word' id='word_1_313' title='bbox 3801 2270 4052 2337; x_wconf 71' lang='grc' dir='ltr'>ποταμὸν</span> 
     </span>
    </p>
   </div>
   <div class='ocr_carea' id='block_1_46' title="bbox 2465 2356 4054 2441">
    <p class='ocr_par' dir='ltr' id='par_1_46' title="bbox 2465 2356 4054 2441">
     <span class='ocr_line' id='line_1_46' title="bbox 2465 2356 4054 2441; baseline 0.005 -31"><span class='ocrx_word' id='word_1_314' title='bbox 2465 2356 2644 2441; x_wconf 71' lang='grc' dir='ltr'>ἧκον·</span> <span class='ocrx_word' id='word_1_315' title='bbox 2704 2363 2797 2411; x_wconf 74' lang='grc' dir='ltr'>καὶ</span> <span class='ocrx_word' id='word_1_316' title='bbox 2846 2359 2951 2429; x_wconf 73' lang='grc' dir='ltr'><strong>πρὸ</strong></span> <span class='ocrx_word' id='word_1_317' title='bbox 3010 2362 3109 2432; x_wconf 79' lang='grc' dir='ltr'>τῆς</span> <span class='ocrx_word' id='word_1_318' title='bbox 3177 2362 3572 2432; x_wconf 73' lang='grc' dir='ltr'>Κτησιφῶντος</span> <span class='ocrx_word' id='word_1_319' title='bbox 3619 2361 3680 2419; x_wconf 78' lang='grc' dir='ltr'>τὸ</span> <span class='ocrx_word' id='word_1_320' title='bbox 3729 2361 4054 2432; x_wconf 76' lang='grc' dir='ltr'>στράτευμα</span> 
     </span>
    </p>
   </div>
   <div class='ocr_carea' id='block_1_47' title="bbox 2470 2450 2870 2519">
    <p class='ocr_par' dir='ltr' id='par_1_47' title="bbox 2470 2450 2870 2519">
     <span class='ocr_line' id='line_1_47' title="bbox 2470 2450 2870 2519; baseline 0.008 -17"><span class='ocrx_word' id='word_1_321' title='bbox 2470 2450 2870 2519; x_wconf 84' lang='grc' dir='ltr'>παρετάσσετο.</span> 
     </span>
    </p>
   </div>
   <div class='ocr_carea' id='block_1_48' title="bbox 789 2531 4058 2622">
    <p class='ocr_par' dir='ltr' id='par_1_48' title="bbox 789 2531 4058 2622">
     <span class='ocr_line' id='line_1_48' title="bbox 789 2531 4058 2622; baseline -0.002 -17"><span class='ocrx_word' id='word_1_322' title='bbox 789 2553 980 2622; x_wconf 74' lang='lat' dir='ltr'><strong>pra-lio</strong></span> <span class='ocrx_word' id='word_1_323' title='bbox 1008 2565 1130 2605; x_wconf 89' lang='lat' dir='ltr'><strong>cum</strong></span> <span class='ocrx_word' id='word_1_324' title='bbox 1167 2550 1420 2603; x_wconf 89' lang='lat' dir='ltr'><strong>hostibus</strong></span> <span class='ocrx_word' id='word_1_325' title='bbox 1449 2547 1934 2618; x_wconf 75' lang='lat' dir='ltr'><strong>congrederentur.</strong></span> <span class='ocrx_word' id='word_1_326' title='bbox 1984 2544 2052 2600; x_wconf 88' lang='lat' dir='ltr'><strong>Et</strong></span> <span class='ocrx_word' id='word_1_327' title='bbox 2120 2542 2377 2597; x_wconf 77' lang='lat' dir='ltr'><strong>ordinent</strong></span> <span class='ocrx_word' id='word_1_328' title='bbox 2419 2542 2748 2600; x_wconf 86' lang='lat' dir='ltr'><strong>ductoribus</strong></span> <span class='ocrx_word' id='word_1_329' title='bbox 2823 2531 2946 2614; x_wconf 78' lang='lat' dir='ltr'><strong>post</strong></span> <span class='ocrx_word' id='word_1_330' title='bbox 3005 2561 3218 2607; x_wconf 61' lang='lat' dir='ltr'><strong>cernam</strong></span> <span class='ocrx_word' id='word_1_331' title='bbox 3263 2546 3607 2612; x_wconf 81' lang='lat' dir='ltr'><strong>convocatis,</strong></span> <span class='ocrx_word' id='word_1_332' title='bbox 3652 2545 3858 2601; x_wconf 86' lang='lat' dir='ltr'><strong>milites</strong></span> <span class='ocrx_word' id='word_1_333' title='bbox 3897 2546 4058 2600; x_wconf 82' lang='lat' dir='ltr'><strong>navi-</strong></span> 
     </span>
    </p>
   </div>
   <div class='ocr_carea' id='block_1_49' title="bbox 793 2637 4054 2714">
    <p class='ocr_par' dir='ltr' id='par_1_49' title="bbox 793 2637 4054 2714">
     <span class='ocr_line' id='line_1_49' title="bbox 793 2637 4054 2714; baseline -0.002 -15"><span class='ocrx_word' id='word_1_334' title='bbox 793 2647 899 2700; x_wconf 86' lang='lat' dir='ltr'><strong>bus</strong></span> <span class='ocrx_word' id='word_1_335' title='bbox 932 2647 1216 2714; x_wconf 89' lang='lat' dir='ltr'><strong>imponere</strong></span> <span class='ocrx_word' id='word_1_336' title='bbox 1262 2642 1584 2696; x_wconf 74' lang='lat' dir='ltr'><strong>rnanrlavit;</strong></span> <span class='ocrx_word' id='word_1_337' title='bbox 1622 2650 1900 2708; x_wconf 88' lang='lat' dir='ltr'><strong>noctuque</strong></span> <span class='ocrx_word' id='word_1_338' title='bbox 1972 2637 2197 2708; x_wconf 81' lang='lat' dir='ltr'><strong>Tigride</strong></span> <span class='ocrx_word' id='word_1_339' title='bbox 2244 2637 2590 2703; x_wconf 87' lang='lat' dir='ltr'><strong>transmisso,</strong></span> <span class='ocrx_word' id='word_1_340' title='bbox 2618 2638 2673 2692; x_wconf 90' lang='lat' dir='ltr'><strong>in</strong></span> <span class='ocrx_word' id='word_1_341' title='bbox 2707 2638 2883 2708; x_wconf 87' lang='lat' dir='ltr'><strong>ripam</strong></span> <span class='ocrx_word' id='word_1_342' title='bbox 2953 2640 3283 2695; x_wconf 88' lang='lat' dir='ltr'><strong>ulteriorem</strong></span> <span class='ocrx_word' id='word_1_343' title='bbox 3355 2641 3430 2695; x_wconf 90' lang='lat' dir='ltr'><strong>illi</strong></span> <span class='ocrx_word' id='word_1_344' title='bbox 3474 2640 3734 2709; x_wconf 77' lang='lat' dir='ltr'><strong>expositi,</strong></span> <span class='ocrx_word' id='word_1_345' title='bbox 3812 2655 4054 2708; x_wconf 82' lang='lat' dir='ltr'><strong>pugnam</strong></span> 
     </span>
    </p>
   </div>
   <div class='ocr_carea' id='block_1_50' title="bbox 793 2735 4056 2812">
    <p class='ocr_par' dir='ltr' id='par_1_50' title="bbox 793 2735 4056 2812">
     <span class='ocr_line' id='line_1_50' title="bbox 793 2735 4056 2812; baseline -0.002 -17"><span class='ocrx_word' id='word_1_346' title='bbox 793 2742 987 2796; x_wconf 88' lang='lat' dir='ltr'><strong>iniere.</strong></span> <span class='ocrx_word' id='word_1_347' title='bbox 1023 2740 1180 2806; x_wconf 82' lang='lat' dir='ltr'><strong>Quod</strong></span> <span class='ocrx_word' id='word_1_348' title='bbox 1215 2740 1309 2794; x_wconf 93' lang='lat' dir='ltr'><strong>ubi</strong></span> <span class='ocrx_word' id='word_1_349' title='bbox 1343 2740 1633 2793; x_wconf 84' lang='lat' dir='ltr'><strong>Persarum</strong></span> <span class='ocrx_word' id='word_1_350' title='bbox 1668 2736 1894 2806; x_wconf 90' lang='lat' dir='ltr'><strong>quidam</strong></span> <span class='ocrx_word' id='word_1_351' title='bbox 1969 2748 2217 2796; x_wconf 88' lang='lat' dir='ltr'><strong>sensere,</strong></span> <span class='ocrx_word' id='word_1_352' title='bbox 2287 2740 2514 2790; x_wconf 85' lang='lat' dir='ltr'><strong>strenue</strong></span> <span class='ocrx_word' id='word_1_353' title='bbox 2580 2735 2663 2789; x_wconf 89' lang='lat' dir='ltr'><strong>eis</strong></span> <span class='ocrx_word' id='word_1_354' title='bbox 2729 2735 2947 2789; x_wconf 87' lang='lat' dir='ltr'><strong>obviam</strong></span> <span class='ocrx_word' id='word_1_355' title='bbox 2983 2751 3326 2805; x_wconf 87' lang='lat' dir='ltr'><strong>processere.</strong></span> <span class='ocrx_word' id='word_1_356' title='bbox 3362 2735 3499 2790; x_wconf 87' lang='lat' dir='ltr'><strong>Cum</strong></span> <span class='ocrx_word' id='word_1_357' title='bbox 3529 2737 3734 2812; x_wconf 85' lang='lat' dir='ltr'><strong>quibus</strong></span> <span class='ocrx_word' id='word_1_358' title='bbox 3761 2735 4056 2789; x_wconf 83' lang='lat' dir='ltr'><strong>confestim</strong></span> 
     </span>
    </p>
   </div>
   <div class='ocr_carea' id='block_1_51' title="bbox 793 2824 4058 2899">
    <p class='ocr_par' dir='ltr' id='par_1_51' title="bbox 793 2824 4058 2899">
     <span class='ocr_line' id='line_1_51' title="bbox 793 2824 4058 2899; baseline -0.003 -8"><span class='ocrx_word' id='word_1_359' title='bbox 793 2834 1028 2891; x_wconf 77' lang='lat' dir='ltr'><strong>Romani</strong></span> <span class='ocrx_word' id='word_1_360' title='bbox 1065 2847 1228 2886; x_wconf 90' lang='lat' dir='ltr'><strong>manu</strong></span> <span class='ocrx_word' id='word_1_361' title='bbox 1258 2838 1534 2894; x_wconf 79' lang='lat' dir='ltr'><strong>conserta,</strong></span> <span class='ocrx_word' id='word_1_362' title='bbox 1577 2829 1780 2884; x_wconf 91' lang='lat' dir='ltr'><strong>multos</strong></span> <span class='ocrx_word' id='word_1_363' title='bbox 1845 2828 2159 2891; x_wconf 85' lang='lat' dir='ltr'><strong>concidere,</strong></span> <span class='ocrx_word' id='word_1_364' title='bbox 2225 2824 2428 2878; x_wconf 89' lang='lat' dir='ltr'><strong>multos</strong></span> <span class='ocrx_word' id='word_1_365' title='bbox 2465 2825 2632 2880; x_wconf 90' lang='lat' dir='ltr'><strong>etiam</strong></span> <span class='ocrx_word' id='word_1_366' title='bbox 2699 2844 2895 2883; x_wconf 87' lang='lat' dir='ltr'><strong>somno</strong></span> <span class='ocrx_word' id='word_1_367' title='bbox 2944 2829 3128 2884; x_wconf 86' lang='lat' dir='ltr'><strong>adhuc</strong></span> <span class='ocrx_word' id='word_1_368' title='bbox 3193 2846 3490 2899; x_wconf 69' lang='lat' dir='ltr'><strong>oppressos</strong></span> <span class='ocrx_word' id='word_1_369' title='bbox 3550 2831 3905 2884; x_wconf 58' lang='lat' dir='ltr'><strong>interr-mere.</strong></span> <span class='ocrx_word' id='word_1_370' title='bbox 3979 2829 4058 2891; x_wconf 76' lang='lat' dir='ltr'><strong>Ac</strong></span> 
     </span>
    </p>
   </div>
   <div class='ocr_carea' id='block_1_52' title="bbox 795 2919 2355 2990">
    <p class='ocr_par' dir='ltr' id='par_1_52' title="bbox 795 2919 2355 2990">
     <span class='ocr_line' id='line_1_52' title="bbox 795 2919 2355 2990; baseline -0.007 -10"><span class='ocrx_word' id='word_1_371' title='bbox 795 2926 996 2980; x_wconf 87' lang='lat' dir='ltr'><strong>deinde</strong></span> <span class='ocrx_word' id='word_1_372' title='bbox 1019 2923 1108 2977; x_wconf 89' lang='lat' dir='ltr'><strong>die</strong></span> <span class='ocrx_word' id='word_1_373' title='bbox 1143 2931 1256 2976; x_wconf 91' lang='lat' dir='ltr'><strong>toto</strong></span> <span class='ocrx_word' id='word_1_374' title='bbox 1291 2923 1484 2990; x_wconf 87' lang='lat' dir='ltr'><strong>ingens</strong></span> <span class='ocrx_word' id='word_1_375' title='bbox 1518 2929 1802 2975; x_wconf 84' lang='lat' dir='ltr'><strong>certamen</strong></span> <span class='ocrx_word' id='word_1_376' title='bbox 1829 2932 1914 2974; x_wconf 86' lang='lat' dir='ltr'><strong>est</strong></span> <span class='ocrx_word' id='word_1_377' title='bbox 1973 2919 2355 2972; x_wconf 88' lang='lat' dir='ltr'><strong>continuatum</strong></span> 
     </span>
    </p>
   </div>
   <div class='ocr_carea' id='block_1_53' title="bbox 2396 2920 4058 2994">
    <p class='ocr_par' dir='ltr' id='par_1_53' title="bbox 2396 2920 4058 2994">
     <span class='ocr_line' id='line_1_53' title="bbox 2396 2920 4058 2994; baseline 0.003 -23"><span class='ocrx_word' id='word_1_378' title='bbox 2396 2935 2410 2970; x_wconf 90' lang='lat'><strong>:</strong></span> <span class='ocrx_word' id='word_1_379' title='bbox 2452 2929 2509 2973; x_wconf 92' lang='lat' dir='ltr'><strong>ct</strong></span> <span class='ocrx_word' id='word_1_380' title='bbox 2548 2920 2804 2989; x_wconf 88' lang='lat' dir='ltr'><strong>pluribus</strong></span> <span class='ocrx_word' id='word_1_381' title='bbox 2871 2923 3110 2991; x_wconf 82' lang='lat' dir='ltr'><strong>rejectis,</strong></span> <span class='ocrx_word' id='word_1_382' title='bbox 3152 2938 3257 2978; x_wconf 86' lang='lat' dir='ltr'><strong>nec</strong></span> <span class='ocrx_word' id='word_1_383' title='bbox 3309 2925 3664 2994; x_wconf 87' lang='lat' dir='ltr'><strong>paucioribus</strong></span> <span class='ocrx_word' id='word_1_384' title='bbox 3713 2922 3938 2986; x_wconf 85' lang='lat' dir='ltr'><strong>occisis,</strong></span> <span class='ocrx_word' id='word_1_385' title='bbox 3988 2923 4058 2976; x_wconf 72' lang='lat' dir='ltr'><strong>ad</strong></span> 
     </span>
    </p>
   </div>
   <div class='ocr_carea' id='block_1_54' title="bbox 798 3008 3114 3084">
    <p class='ocr_par' dir='ltr' id='par_1_54' title="bbox 798 3008 3114 3084">
     <span class='ocr_line' id='line_1_54' title="bbox 798 3008 3114 3084; baseline -0.003 -13"><span class='ocrx_word' id='word_1_386' title='bbox 798 3019 1026 3075; x_wconf 81' lang='lat' dir='ltr'><strong>ﬂuvium</strong></span> <span class='ocrx_word' id='word_1_387' title='bbox 1078 3014 1310 3071; x_wconf 80' lang='lat' dir='ltr'><strong>Romani</strong></span> <span class='ocrx_word' id='word_1_388' title='bbox 1366 3013 1604 3077; x_wconf 86' lang='lat' dir='ltr'><strong>rediere,</strong></span> <span class='ocrx_word' id='word_1_389' title='bbox 1655 3022 1711 3066; x_wconf 90' lang='lat' dir='ltr'><strong>et</strong></span> <span class='ocrx_word' id='word_1_390' title='bbox 1762 3022 1890 3065; x_wconf 87' lang='lat' dir='ltr'><strong>ante</strong></span> <span class='ocrx_word' id='word_1_391' title='bbox 1940 3009 2133 3064; x_wconf 90' lang='lat' dir='ltr'><strong>urbem</strong></span> <span class='ocrx_word' id='word_1_392' title='bbox 2184 3008 2600 3079; x_wconf 83' lang='lat' dir='ltr'><strong>Ctesiphontem</strong></span> <span class='ocrx_word' id='word_1_393' title='bbox 2641 3023 2822 3067; x_wconf 84' lang='lat' dir='ltr'><strong>castra</strong></span> <span class='ocrx_word' id='word_1_394' title='bbox 2850 3029 3114 3084; x_wconf 86' lang='lat' dir='ltr'><strong>posuere.</strong></span> 
     </span>
    </p>
   </div>
   <div class='ocr_carea' id='block_1_55' title="bbox 877 3103 2368 3183">
    <p class='ocr_par' dir='ltr' id='par_1_55' title="bbox 877 3103 2368 3183">
     <span class='ocr_line' id='line_1_55' title="bbox 877 3103 2368 3183; baseline -0.005 -17"><span class='ocrx_word' id='word_1_395' title='bbox 877 3114 989 3183; x_wconf 66' lang='grc' dir='ltr'><strong>δε)</strong></span> <span class='ocrx_word' id='word_1_396' title='bbox 1027 3111 1296 3165; x_wconf 72' lang='grc' dir='ltr'>Οαξιετυηι</span> <span class='ocrx_word' id='word_1_397' title='bbox 1325 3109 1641 3178; x_wconf 88' lang='lat' dir='ltr'><strong>imperatori</strong></span> <span class='ocrx_word' id='word_1_398' title='bbox 1677 3106 1992 3160; x_wconf 86' lang='lat' dir='ltr'><strong>ut‘ulterius</strong></span> <span class='ocrx_word' id='word_1_399' title='bbox 2017 3103 2368 3173; x_wconf 72' lang='lat' dir='ltr'><strong>prorederel,</strong></span> 
     </span>
    </p>
   </div>
   <div class='ocr_carea' id='block_1_56' title="bbox 798 3193 2367 3263">
    <p class='ocr_par' dir='ltr' id='par_1_56' title="bbox 798 3193 2367 3263">
     <span class='ocr_line' id='line_1_56' title="bbox 798 3193 2367 3263; baseline -0.009 -4"><span class='ocrx_word' id='word_1_400' title='bbox 798 3205 1094 3260; x_wconf 87' lang='lat' dir='ltr'><strong>consilium</strong></span> <span class='ocrx_word' id='word_1_401' title='bbox 1131 3202 1468 3256; x_wconf 89' lang='lat' dir='ltr'><strong>csse-visum</strong></span> <span class='ocrx_word' id='word_1_402' title='bbox 1503 3213 1611 3251; x_wconf 90' lang='lat' dir='ltr'><strong>non</strong></span> <span class='ocrx_word' id='word_1_403' title='bbox 1652 3204 1738 3252; x_wconf 89' lang='lat' dir='ltr'><strong>est</strong></span> <span class='ocrx_word' id='word_1_404' title='bbox 1771 3213 1785 3251; x_wconf 87' lang='lat'><strong>:</strong></span> <span class='ocrx_word' id='word_1_405' title='bbox 1820 3195 1916 3255; x_wconf 83' lang='lat' dir='ltr'><strong>sed</strong></span> <span class='ocrx_word' id='word_1_406' title='bbox 1971 3193 2145 3263; x_wconf 80' lang='lat' dir='ltr'><strong>magis</strong></span> <span class='ocrx_word' id='word_1_407' title='bbox 2183 3193 2259 3256; x_wconf 91' lang='lat' dir='ltr'><strong>ei,</strong></span> <span class='ocrx_word' id='word_1_408' title='bbox 2307 3202 2367 3246; x_wconf 90' lang='lat' dir='ltr'><strong>ut</strong></span> 
     </span>
    </p>
   </div>
   <div class='ocr_carea' id='block_1_57' title="bbox 803 3286 2367 3359">
    <p class='ocr_par' dir='ltr' id='par_1_57' title="bbox 803 3286 2367 3359">
     <span class='ocr_line' id='line_1_57' title="bbox 803 3286 2367 3359; baseline -0.011 -6"><span class='ocrx_word' id='word_1_409' title='bbox 803 3312 974 3353; x_wconf 86' lang='lat' dir='ltr'><strong>naves</strong></span> <span class='ocrx_word' id='word_1_410' title='bbox 998 3294 1445 3354; x_wconf 85' lang='lat' dir='ltr'><strong>incenderentur,</strong></span> <span class='ocrx_word' id='word_1_411' title='bbox 1472 3296 1764 3359; x_wconf 82' lang='lat' dir='ltr'><strong>propterea</strong></span> <span class='ocrx_word' id='word_1_412' title='bbox 1805 3286 1952 3356; x_wconf 90' lang='lat' dir='ltr'><strong>quod</strong></span> <span class='ocrx_word' id='word_1_413' title='bbox 1977 3301 2171 3342; x_wconf 88' lang='lat' dir='ltr'><strong>earum</strong></span> <span class='ocrx_word' id='word_1_414' title='bbox 2200 3298 2367 3339; x_wconf 87' lang='lat' dir='ltr'><strong>causa</strong></span> 
     </span>
    </p>
   </div>
   <div class='ocr_carea' id='block_1_58' title="bbox 801 3375 2370 3453">
    <p class='ocr_par' dir='ltr' id='par_1_58' title="bbox 801 3375 2370 3453">
     <span class='ocr_line' id='line_1_58' title="bbox 801 3375 2370 3453; baseline -0.011 -7"><span class='ocrx_word' id='word_1_415' title='bbox 801 3391 1009 3446; x_wconf 86' lang='lat' dir='ltr'><strong>milites</strong></span> <span class='ocrx_word' id='word_1_416' title='bbox 1041 3386 1246 3441; x_wconf 89' lang='lat' dir='ltr'><strong>multos</strong></span> <span class='ocrx_word' id='word_1_417' title='bbox 1271 3399 1299 3437; x_wconf 89' lang='lat' dir='ltr'><strong>a</strong></span> <span class='ocrx_word' id='word_1_418' title='bbox 1338 3397 1519 3453; x_wconf 76' lang='lat' dir='ltr'><strong>pugna</strong></span> <span class='ocrx_word' id='word_1_419' title='bbox 1560 3381 1751 3434; x_wconf 88' lang='lat' dir='ltr'><strong>abesse</strong></span> <span class='ocrx_word' id='word_1_420' title='bbox 1791 3385 2095 3446; x_wconf 85' lang='lat' dir='ltr'><strong>eportcret,</strong></span> <span class='ocrx_word' id='word_1_421' title='bbox 2138 3375 2370 3444; x_wconf 80' lang='lat' dir='ltr'><strong>placuit.</strong></span> 
     </span>
    </p>
   </div>
   <div class='ocr_carea' id='block_1_59' title="bbox 801 3461 2373 3548">
    <p class='ocr_par' dir='ltr' id='par_1_59' title="bbox 801 3461 2373 3548">
     <span class='ocr_line' id='line_1_59' title="bbox 801 3461 2373 3548; baseline -0.011 -15"><span class='ocrx_word' id='word_1_422' title='bbox 801 3479 868 3539; x_wconf 79' lang='lat' dir='ltr'><strong>Et</strong></span> <span class='ocrx_word' id='word_1_423' title='bbox 892 3478 1002 3548; x_wconf 90' lang='lat' dir='ltr'><strong>jam</strong></span> <span class='ocrx_word' id='word_1_424' title='bbox 1027 3490 1152 3529; x_wconf 88' lang='lat' dir='ltr'><strong>cum</strong></span> <span class='ocrx_word' id='word_1_425' title='bbox 1181 3472 1355 3541; x_wconf 86' lang='lat' dir='ltr'><strong>copiis</strong></span> <span class='ocrx_word' id='word_1_426' title='bbox 1381 3471 1498 3525; x_wconf 86' lang='lat' dir='ltr'><strong>suis</strong></span> <span class='ocrx_word' id='word_1_427' title='bbox 1527 3467 1766 3522; x_wconf 83' lang='lat' dir='ltr'><strong>reditum</strong></span> <span class='ocrx_word' id='word_1_428' title='bbox 1799 3465 1855 3522; x_wconf 87' lang='lat' dir='ltr'><strong>in</strong></span> <span class='ocrx_word' id='word_1_429' title='bbox 1885 3464 2116 3520; x_wconf 77' lang='lat' dir='ltr'><strong>Romani</strong></span> <span class='ocrx_word' id='word_1_430' title='bbox 2154 3461 2373 3532; x_wconf 88' lang='lat' dir='ltr'><strong>imperii</strong></span> 
     </span>
    </p>
   </div>
   <div class='ocr_carea' id='block_1_60' title="bbox 802 3555 2367 3635">
    <p class='ocr_par' dir='ltr' id='par_1_60' title="bbox 802 3555 2367 3635">
     <span class='ocr_line' id='line_1_60' title="bbox 802 3555 2367 3635; baseline -0.013 -8"><span class='ocrx_word' id='word_1_431' title='bbox 802 3572 1070 3635; x_wconf 78' lang='lat' dir='ltr'><strong>ditionem</strong></span> <span class='ocrx_word' id='word_1_432' title='bbox 1123 3563 1456 3628; x_wconf 83' lang='lat' dir='ltr'><strong>maturabat,</strong></span> <span class='ocrx_word' id='word_1_433' title='bbox 1490 3559 1715 3630; x_wconf 80' lang='lat' dir='ltr'><strong>Tigride</strong></span> <span class='ocrx_word' id='word_1_434' title='bbox 1767 3573 1928 3613; x_wconf 90' lang='lat' dir='ltr'><strong>amne</strong></span> <span class='ocrx_word' id='word_1_435' title='bbox 1980 3556 2050 3613; x_wconf 84' lang='lat' dir='ltr'><strong>ad</strong></span> <span class='ocrx_word' id='word_1_436' title='bbox 2082 3555 2367 3611; x_wconf 83' lang='lat' dir='ltr'><strong>sinistram</strong></span> 
     </span>
    </p>
   </div>
   <div class='ocr_carea' id='block_1_61' title="bbox 804 3647 2370 3732">
    <p class='ocr_par' dir='ltr' id='par_1_61' title="bbox 804 3647 2370 3732">
     <span class='ocr_line' id='line_1_61' title="bbox 804 3647 2370 3732; baseline -0.01 -17"><span class='ocrx_word' id='word_1_437' title='bbox 804 3662 1016 3732; x_wconf 84' lang='lat' dir='ltr'><strong>relicto.</strong></span> <span class='ocrx_word' id='word_1_438' title='bbox 1065 3657 1143 3713; x_wconf 79' lang='lat' dir='ltr'><strong>Ac</strong></span> <span class='ocrx_word' id='word_1_439' title='bbox 1173 3657 1410 3726; x_wconf 86' lang='lat' dir='ltr'><strong>primum</strong></span> <span class='ocrx_word' id='word_1_440' title='bbox 1455 3653 1676 3721; x_wconf 86' lang='lat' dir='ltr'><strong>quidem</strong></span> <span class='ocrx_word' id='word_1_441' title='bbox 1707 3650 1762 3704; x_wconf 87' lang='lat' dir='ltr'><strong>in</strong></span> <span class='ocrx_word' id='word_1_442' title='bbox 1791 3649 2076 3720; x_wconf 84' lang='lat' dir='ltr'><strong>regionem</strong></span> <span class='ocrx_word' id='word_1_443' title='bbox 2103 3647 2370 3712; x_wconf 77' lang='lat' dir='ltr'><strong>fertilem,</strong></span> 
     </span>
    </p>
   </div>
   <div class='ocr_carea' id='block_1_62' title="bbox 802 3740 2374 3813">
    <p class='ocr_par' dir='ltr' id='par_1_62' title="bbox 802 3740 2374 3813">
     <span class='ocr_line' id='line_1_62' title="bbox 802 3740 2374 3813; baseline -0.008 -5"><span class='ocrx_word' id='word_1_444' title='bbox 802 3765 859 3808; x_wconf 91' lang='lat' dir='ltr'><strong>ct</strong></span> <span class='ocrx_word' id='word_1_445' title='bbox 885 3752 1051 3806; x_wconf 90' lang='lat' dir='ltr'><strong>rebus</strong></span> <span class='ocrx_word' id='word_1_446' title='bbox 1078 3750 1338 3805; x_wconf 89' lang='lat' dir='ltr'><strong>omnibus</strong></span> <span class='ocrx_word' id='word_1_447' title='bbox 1368 3748 1762 3811; x_wconf 84' lang='lat' dir='ltr'><strong>abundantem,</strong></span> <span class='ocrx_word' id='word_1_448' title='bbox 1795 3743 2142 3813; x_wconf 86' lang='lat' dir='ltr'><strong>captivorum</strong></span> <span class='ocrx_word' id='word_1_449' title='bbox 2164 3740 2374 3796; x_wconf 90' lang='lat' dir='ltr'><strong>indicio</strong></span> 
     </span>
    </p>
   </div>
   <div class='ocr_carea' id='block_1_63' title="bbox 804 3834 2369 3906">
    <p class='ocr_par' dir='ltr' id='par_1_63' title="bbox 804 3834 2369 3906">
     <span class='ocr_line' id='line_1_63' title="bbox 804 3834 2369 3906; baseline -0.006 -8"><span class='ocrx_word' id='word_1_450' title='bbox 804 3852 1098 3900; x_wconf 90' lang='lat' dir='ltr'><strong>venerunt.</strong></span> <span class='ocrx_word' id='word_1_451' title='bbox 1126 3841 1334 3897; x_wconf 82' lang='lat' dir='ltr'><strong>Deinde</strong></span> <span class='ocrx_word' id='word_1_452' title='bbox 1362 3849 1547 3894; x_wconf 85' lang='lat' dir='ltr'><strong>autem</strong></span> <span class='ocrx_word' id='word_1_453' title='bbox 1580 3853 1749 3892; x_wconf 81' lang='lat' dir='ltr'><strong>senex</strong></span> <span class='ocrx_word' id='word_1_454' title='bbox 1778 3835 2026 3906; x_wconf 90' lang='lat' dir='ltr'><strong>quidam.</strong></span> <span class='ocrx_word' id='word_1_455' title='bbox 2073 3835 2171 3905; x_wconf 89' lang='lat' dir='ltr'><strong>qui</strong></span> <span class='ocrx_word' id='word_1_456' title='bbox 2200 3834 2369 3888; x_wconf 87' lang='lat' dir='ltr'><strong>vitam</strong></span> 
     </span>
    </p>
   </div>
   <div class='ocr_carea' id='block_1_64' title="bbox 806 3928 2373 4006">
    <p class='ocr_par' dir='ltr' id='par_1_64' title="bbox 806 3928 2373 4006">
     <span class='ocr_line' id='line_1_64' title="bbox 806 3928 2373 4006; baseline -0.005 -17"><span class='ocrx_word' id='word_1_457' title='bbox 806 3953 904 4006; x_wconf 90' lang='lat' dir='ltr'><strong>pro</strong></span> <span class='ocrx_word' id='word_1_458' title='bbox 931 3937 1212 3990; x_wconf 90' lang='lat' dir='ltr'><strong>communi</strong></span> <span class='ocrx_word' id='word_1_459' title='bbox 1247 3934 1542 3988; x_wconf 85' lang='lat' dir='ltr'><strong>Persarum</strong></span> <span class='ocrx_word' id='word_1_460' title='bbox 1584 3931 1842 3986; x_wconf 87' lang='lat' dir='ltr'><strong>libertate</strong></span> <span class='ocrx_word' id='word_1_461' title='bbox 1868 3928 2190 3992; x_wconf 81' lang='lat' dir='ltr'><strong>devoverat,</strong></span> <span class='ocrx_word' id='word_1_462' title='bbox 2238 3943 2373 3983; x_wconf 89' lang='lat' dir='ltr'><strong>con-</strong></span> 
     </span>
    </p>
   </div>
   <div class='ocr_carea' id='block_1_65' title="bbox 807 4022 2369 4096">
    <p class='ocr_par' dir='ltr' id='par_1_65' title="bbox 807 4022 2369 4096">
     <span class='ocr_line' id='line_1_65' title="bbox 807 4022 2369 4096; baseline -0.006 -14"><span class='ocrx_word' id='word_1_463' title='bbox 807 4029 953 4082; x_wconf 86' lang='lat' dir='ltr'><strong>sulto</strong></span> <span class='ocrx_word' id='word_1_464' title='bbox 995 4039 1053 4082; x_wconf 88' lang='lat' dir='ltr'><strong>ut</strong></span> <span class='ocrx_word' id='word_1_465' title='bbox 1088 4037 1403 4096; x_wconf 72' lang='lat' dir='ltr'><strong>caperetur,</strong></span> <span class='ocrx_word' id='word_1_466' title='bbox 1447 4023 1653 4078; x_wconf 88' lang='lat' dir='ltr'><strong>nostris</strong></span> <span class='ocrx_word' id='word_1_467' title='bbox 1705 4022 2056 4077; x_wconf 86' lang='lat' dir='ltr'><strong>occasionem</strong></span> <span class='ocrx_word' id='word_1_468' title='bbox 2107 4022 2369 4091; x_wconf 67' lang='lat' dir='ltr'><strong>praebuit.</strong></span> 
     </span>
    </p>
   </div>
   <div class='ocr_carea' id='block_1_66' title="bbox 808 4113 2374 4190">
    <p class='ocr_par' dir='ltr' id='par_1_66' title="bbox 808 4113 2374 4190">
     <span class='ocr_line' id='line_1_66' title="bbox 808 4113 2374 4190; baseline -0.006 -15"><span class='ocrx_word' id='word_1_469' title='bbox 808 4121 978 4190; x_wconf 81' lang='lat' dir='ltr'><strong>Igitur</strong></span> <span class='ocrx_word' id='word_1_470' title='bbox 1011 4134 1131 4172; x_wconf 81' lang='lat' dir='ltr'><strong>mox</strong></span> <span class='ocrx_word' id='word_1_471' title='bbox 1166 4118 1334 4172; x_wconf 85' lang='lat' dir='ltr'><strong>veluti</strong></span> <span class='ocrx_word' id='word_1_472' title='bbox 1371 4132 1481 4171; x_wconf 91' lang='lat' dir='ltr'><strong>non</strong></span> <span class='ocrx_word' id='word_1_473' title='bbox 1514 4132 1612 4170; x_wconf 90' lang='lat' dir='ltr'><strong>sua</strong></span> <span class='ocrx_word' id='word_1_474' title='bbox 1653 4126 1852 4184; x_wconf 79' lang='lat' dir='ltr'><strong>Sponte</strong></span> <span class='ocrx_word' id='word_1_475' title='bbox 1887 4124 2104 4186; x_wconf 87' lang='lat' dir='ltr'><strong>captus,</strong></span> <span class='ocrx_word' id='word_1_476' title='bbox 2148 4113 2218 4168; x_wconf 90' lang='lat' dir='ltr'><strong>ad</strong></span> <span class='ocrx_word' id='word_1_477' title='bbox 2270 4115 2374 4168; x_wconf 84' lang='lat' dir='ltr'><strong>im-</strong></span> 
     </span>
    </p>
   </div>
   <div class='ocr_carea' id='block_1_67' title="bbox 811 4205 2375 4281">
    <p class='ocr_par' dir='ltr' id='par_1_67' title="bbox 811 4205 2375 4281">
     <span class='ocr_line' id='line_1_67' title="bbox 811 4205 2375 4281; baseline -0.005 -16"><span class='ocrx_word' id='word_1_478' title='bbox 811 4221 1125 4281; x_wconf 84' lang='lat' dir='ltr'><strong>peratorem</strong></span> <span class='ocrx_word' id='word_1_479' title='bbox 1151 4219 1234 4265; x_wconf 89' lang='lat' dir='ltr'><strong>est</strong></span> <span class='ocrx_word' id='word_1_480' title='bbox 1257 4209 1548 4263; x_wconf 84' lang='lat' dir='ltr'><strong>adductus.</strong></span> <span class='ocrx_word' id='word_1_481' title='bbox 1583 4208 1647 4261; x_wconf 82' lang='lat' dir='ltr'><strong>Et</strong></span> <span class='ocrx_word' id='word_1_482' title='bbox 1675 4209 1742 4261; x_wconf 90' lang='lat' dir='ltr'><strong>de</strong></span> <span class='ocrx_word' id='word_1_483' title='bbox 1781 4207 1948 4260; x_wconf 87' lang='lat' dir='ltr'><strong>rebus</strong></span> <span class='ocrx_word' id='word_1_484' title='bbox 1983 4205 2174 4261; x_wconf 87' lang='lat' dir='ltr'><strong>multis</strong></span> <span class='ocrx_word' id='word_1_485' title='bbox 2202 4205 2375 4258; x_wconf 85' lang='lat' dir='ltr'><strong>inter-</strong></span> 
     </span>
    </p>
   </div>
   <div class='ocr_carea' id='block_1_68' title="bbox 811 4298 2376 4372">
    <p class='ocr_par' dir='ltr' id='par_1_68' title="bbox 811 4298 2376 4372">
     <span class='ocr_line' id='line_1_68' title="bbox 811 4298 2376 4372; baseline -0.003 -17"><span class='ocrx_word' id='word_1_486' title='bbox 811 4312 1054 4372; x_wconf 80' lang='lat' dir='ltr'><strong>rogatus,</strong></span> <span class='ocrx_word' id='word_1_487' title='bbox 1091 4315 1334 4370; x_wconf 79' lang='lat' dir='ltr'><strong>veraque</strong></span> <span class='ocrx_word' id='word_1_488' title='bbox 1365 4300 1552 4353; x_wconf 87' lang='lat' dir='ltr'><strong>dicere</strong></span> <span class='ocrx_word' id='word_1_489' title='bbox 1585 4298 1952 4360; x_wconf 80' lang='lat' dir='ltr'><strong>existimatus,</strong></span> <span class='ocrx_word' id='word_1_490' title='bbox 1996 4298 2046 4351; x_wconf 87' lang='lat' dir='ltr'><strong>ei</strong></span> <span class='ocrx_word' id='word_1_491' title='bbox 2077 4305 2136 4357; x_wconf 83' lang='lat' dir='ltr'><strong>ut</strong></span> <span class='ocrx_word' id='word_1_492' title='bbox 2176 4309 2376 4365; x_wconf 67' lang='lat' dir='ltr'><strong>seqnao</strong></span> 
     </span>
    </p>
   </div>
   <div class='ocr_carea' id='block_1_69' title="bbox 2558 3105 4060 3181">
    <p class='ocr_par' dir='ltr' id='par_1_69' title="bbox 2558 3105 4060 3181">
     <span class='ocr_line' id='line_1_69' title="bbox 2558 3105 4060 3181; baseline 0.005 -23"><span class='ocrx_word' id='word_1_493' title='bbox 2558 3105 2764 3161; x_wconf 77' lang='grc' dir='ltr'>Ἐδόκει</span> <span class='ocrx_word' id='word_1_494' title='bbox 2786 3106 2832 3161; x_wconf 78' lang='grc' dir='ltr'>δ’</span> <span class='ocrx_word' id='word_1_495' title='bbox 2859 3108 2954 3164; x_wconf 79' lang='grc' dir='ltr'>οὖν</span> <span class='ocrx_word' id='word_1_496' title='bbox 2975 3109 3212 3180; x_wconf 80' lang='grc' dir='ltr'>βασιλεῖ,</span> <span class='ocrx_word' id='word_1_497' title='bbox 3249 3109 3323 3181; x_wconf 73' lang='grc' dir='ltr'>μὴ</span> <span class='ocrx_word' id='word_1_498' title='bbox 3357 3111 3693 3180; x_wconf 78' lang='grc' dir='ltr'>προσωτέρω</span> <span class='ocrx_word' id='word_1_499' title='bbox 3730 3112 3894 3177; x_wconf 82' lang='grc' dir='ltr'>ἰέναι,</span> <span class='ocrx_word' id='word_1_500' title='bbox 3919 3113 4060 3166; x_wconf 72' lang='grc' dir='ltr'>ἀλλὰ</span> 
     </span>
    </p>
   </div>
   <div class='ocr_carea' id='block_1_70' title="bbox 2471 3196 4060 3272">
    <p class='ocr_par' dir='ltr' id='par_1_70' title="bbox 2471 3196 4060 3272">
     <span class='ocr_line' id='line_1_70' title="bbox 2471 3196 4060 3272; baseline 0.006 -22"><span class='ocrx_word' id='word_1_501' title='bbox 2471 3196 2570 3261; x_wconf 72' lang='grc' dir='ltr'><strong>τὰς</strong></span> <span class='ocrx_word' id='word_1_502' title='bbox 2622 3199 2723 3268; x_wconf 80' lang='grc' dir='ltr'>μὲν</span> <span class='ocrx_word' id='word_1_503' title='bbox 2759 3199 2890 3264; x_wconf 81' lang='grc' dir='ltr'>ναῦς</span> <span class='ocrx_word' id='word_1_504' title='bbox 2933 3202 3241 3272; x_wconf 78' lang='grc' dir='ltr'>ἐμπιπρᾷν,</span> <span class='ocrx_word' id='word_1_505' title='bbox 3274 3202 3349 3266; x_wconf 84' lang='grc' dir='ltr'><strong>ὡς</strong></span> <span class='ocrx_word' id='word_1_506' title='bbox 3394 3202 3460 3255; x_wconf 83' lang='grc' dir='ltr'>δι’</span> <span class='ocrx_word' id='word_1_507' title='bbox 3491 3205 3662 3267; x_wconf 73' lang='grc' dir='ltr'>αὑτὰς</span> <span class='ocrx_word' id='word_1_508' title='bbox 3694 3206 3906 3259; x_wconf 74' lang='grc' dir='ltr'>πολλῶν</span> <span class='ocrx_word' id='word_1_509' title='bbox 3948 3208 4060 3260; x_wconf 79' lang='grc' dir='ltr'>ἄπο</span> 
     </span>
    </p>
   </div>
   <div class='ocr_carea' id='block_1_71' title="bbox 2475 3291 4056 3365">
    <p class='ocr_par' dir='ltr' id='par_1_71' title="bbox 2475 3291 4056 3365">
     <span class='ocr_line' id='line_1_71' title="bbox 2475 3291 4056 3365; baseline 0.006 -23"><span class='ocrx_word' id='word_1_510' title='bbox 2475 3291 2574 3359; x_wconf 75' lang='grc' dir='ltr'>τῆς</span> <span class='ocrx_word' id='word_1_511' title='bbox 2598 3293 2779 3362; x_wconf 79' lang='grc' dir='ltr'>μάχης</span> <span class='ocrx_word' id='word_1_512' title='bbox 2803 3295 3136 3362; x_wconf 81' lang='grc' dir='ltr'>γενομένων.</span> <span class='ocrx_word' id='word_1_513' title='bbox 3168 3295 3276 3347; x_wconf 84' lang='grc' dir='ltr'>Καί</span> <span class='ocrx_word' id='word_1_514' title='bbox 3303 3311 3366 3363; x_wconf 80' lang='grc' dir='ltr'><strong>γε</strong></span> <span class='ocrx_word' id='word_1_515' title='bbox 3397 3296 3496 3365; x_wconf 80' lang='grc' dir='ltr'>τὴν</span> <span class='ocrx_word' id='word_1_516' title='bbox 3517 3297 3778 3350; x_wconf 84' lang='grc' dir='ltr'>ἐπάνοδον</span> <span class='ocrx_word' id='word_1_517' title='bbox 3803 3299 4056 3352; x_wconf 82' lang='grc' dir='ltr'>ἐποιοῦν-</span> 
     </span>
    </p>
   </div>
   <div class='ocr_carea' id='block_1_72' title="bbox 2474 3386 4060 3464">
    <p class='ocr_par' dir='ltr' id='par_1_72' title="bbox 2474 3386 4060 3464">
     <span class='ocr_line' id='line_1_72' title="bbox 2474 3386 4060 3464; baseline 0.006 -27"><span class='ocrx_word' id='word_1_518' title='bbox 2474 3401 2558 3448; x_wconf 80' lang='grc' dir='ltr'><strong>το,</strong></span> <span class='ocrx_word' id='word_1_519' title='bbox 2584 3389 2724 3455; x_wconf 78' lang='grc' dir='ltr'>πρὸς</span> <span class='ocrx_word' id='word_1_520' title='bbox 2754 3386 2854 3457; x_wconf 80' lang='grc' dir='ltr'><strong>τὴν</strong></span> <span class='ocrx_word' id='word_1_521' title='bbox 2879 3388 3190 3458; x_wconf 77' lang='grc' dir='ltr'>ἀρχομένην</span> <span class='ocrx_word' id='word_1_522' title='bbox 3219 3388 3402 3441; x_wconf 80' lang='grc' dir='ltr'>αὐτῶν</span> <span class='ocrx_word' id='word_1_523' title='bbox 3432 3391 3816 3460; x_wconf 81' lang='grc' dir='ltr'>πορευόμενοι,</span> <span class='ocrx_word' id='word_1_524' title='bbox 3847 3395 3908 3445; x_wconf 88' lang='grc' dir='ltr'><strong>ἐν</strong></span> <span class='ocrx_word' id='word_1_525' title='bbox 3938 3396 4060 3464; x_wconf 77' lang='grc' dir='ltr'>ἀρι-</span> 
     </span>
    </p>
   </div>
   <div class='ocr_carea' id='block_1_73' title="bbox 2477 3478 4058 3556">
    <p class='ocr_par' dir='ltr' id='par_1_73' title="bbox 2477 3478 4058 3556">
     <span class='ocr_line' id='line_1_73' title="bbox 2477 3478 4058 3556; baseline 0.007 -29"><span class='ocrx_word' id='word_1_526' title='bbox 2477 3479 2645 3548; x_wconf 77' lang='grc' dir='ltr'>στερᾷ</span> <span class='ocrx_word' id='word_1_527' title='bbox 2681 3478 2772 3534; x_wconf 86' lang='grc' dir='ltr'>τὸν</span> <span class='ocrx_word' id='word_1_528' title='bbox 2800 3479 3048 3552; x_wconf 81' lang='grc' dir='ltr'>Τίγρητα</span> <span class='ocrx_word' id='word_1_529' title='bbox 3083 3481 3330 3551; x_wconf 78' lang='grc' dir='ltr'>ποταμὸν</span> <span class='ocrx_word' id='word_1_530' title='bbox 3365 3481 3673 3551; x_wconf 84' lang='grc' dir='ltr'>διαφέντες.</span> <span class='ocrx_word' id='word_1_531' title='bbox 3703 3484 3816 3537; x_wconf 77' lang='grc' dir='ltr'><strong>Καὶ</strong></span> <span class='ocrx_word' id='word_1_532' title='bbox 3852 3486 3924 3538; x_wconf 69' lang='grc' dir='ltr'><strong>τά</strong></span> <span class='ocrx_word' id='word_1_533' title='bbox 3956 3488 4058 3556; x_wconf 68' lang='grc' dir='ltr'>μὲν</span> 
     </span>
    </p>
   </div>
   <div class='ocr_carea' id='block_1_74' title="bbox 2478 3570 4061 3646">
    <p class='ocr_par' dir='ltr' id='par_1_74' title="bbox 2478 3570 4061 3646">
     <span class='ocr_line' id='line_1_74' title="bbox 2478 3570 4061 3646; baseline 0.006 -23"><span class='ocrx_word' id='word_1_534' title='bbox 2478 3570 2692 3640; x_wconf 85' lang='grc' dir='ltr'>πρῶτα,</span> <span class='ocrx_word' id='word_1_535' title='bbox 2730 3573 2966 3643; x_wconf 78' lang='grc' dir='ltr'>εὐφόρου</span> <span class='ocrx_word' id='word_1_536' title='bbox 2988 3575 3094 3644; x_wconf 79' lang='grc' dir='ltr'>γῆς</span> <span class='ocrx_word' id='word_1_537' title='bbox 3114 3574 3209 3628; x_wconf 77' lang='grc' dir='ltr'>καὶ</span> <span class='ocrx_word' id='word_1_538' title='bbox 3239 3575 3397 3628; x_wconf 71' lang='grc' dir='ltr'>πάντ’</span> <span class='ocrx_word' id='word_1_539' title='bbox 3425 3576 3660 3646; x_wconf 71' lang='grc' dir='ltr'>ἐχούσης</span> <span class='ocrx_word' id='word_1_540' title='bbox 3686 3578 3755 3629; x_wconf 78' lang='grc' dir='ltr'>τὰ</span> <span class='ocrx_word' id='word_1_541' title='bbox 3782 3577 4061 3645; x_wconf 71' lang='grc' dir='ltr'>ἀναγκαῖα</span> 
     </span>
    </p>
   </div>
   <div class='ocr_carea' id='block_1_75' title="bbox 2475 3663 4062 3738">
    <p class='ocr_par' dir='ltr' id='par_1_75' title="bbox 2475 3663 4062 3738">
     <span class='ocr_line' id='line_1_75' title="bbox 2475 3663 4062 3738; baseline 0.004 -24"><span class='ocrx_word' id='word_1_542' title='bbox 2475 3663 2795 3733; x_wconf 82' lang='grc' dir='ltr'>ἀρκούντως</span> <span class='ocrx_word' id='word_1_543' title='bbox 2831 3666 3133 3731; x_wconf 77' lang='grc' dir='ltr'>ἀπέλαυον,</span> <span class='ocrx_word' id='word_1_544' title='bbox 3178 3667 3287 3720; x_wconf 83' lang='grc' dir='ltr'>τῶν</span> <span class='ocrx_word' id='word_1_545' title='bbox 3317 3667 3682 3738; x_wconf 78' lang='grc' dir='ltr'>αἰχμαλώτων</span> <span class='ocrx_word' id='word_1_546' title='bbox 3711 3669 3920 3724; x_wconf 74' lang='grc' dir='ltr'>ἕκαστα</span> <span class='ocrx_word' id='word_1_547' title='bbox 3957 3689 4062 3724; x_wconf 67' lang='grc' dir='ltr'>και-</span> 
     </span>
    </p>
   </div>
   <div class='ocr_carea' id='block_1_76' title="bbox 2476 3757 4061 3832">
    <p class='ocr_par' dir='ltr' id='par_1_76' title="bbox 2476 3757 4061 3832">
     <span class='ocr_line' id='line_1_76' title="bbox 2476 3757 4061 3832; baseline 0.007 -25"><span class='ocrx_word' id='word_1_548' title='bbox 2476 3757 2864 3826; x_wconf 82' lang='grc' dir='ltr'>ταμηνυόντων</span> <span class='ocrx_word' id='word_1_549' title='bbox 2885 3773 2898 3788; x_wconf 91' lang='grc'><strong>·</strong></span> <span class='ocrx_word' id='word_1_550' title='bbox 2929 3760 3066 3826; x_wconf 81' lang='grc' dir='ltr'>μετὰ</span> <span class='ocrx_word' id='word_1_551' title='bbox 3083 3759 3142 3813; x_wconf 79' lang='grc' dir='ltr'><strong>δέ</strong></span> <span class='ocrx_word' id='word_1_552' title='bbox 3167 3758 3328 3815; x_wconf 84' lang='grc' dir='ltr'>τοῦτο</span> <span class='ocrx_word' id='word_1_553' title='bbox 3348 3760 3659 3830; x_wconf 78' lang='grc' dir='ltr'>πρεσϐύτης</span> <span class='ocrx_word' id='word_1_554' title='bbox 3688 3779 3775 3825; x_wconf 82' lang='grc' dir='ltr'><strong>τις</strong></span> <span class='ocrx_word' id='word_1_555' title='bbox 3801 3763 4061 3832; x_wconf 74' lang='grc' dir='ltr'>ὕπέραῆς</span> 
     </span>
    </p>
   </div>
   <div class='ocr_carea' id='block_1_77' title="bbox 2479 3844 4064 3920">
    <p class='ocr_par' dir='ltr' id='par_1_77' title="bbox 2479 3844 4064 3920">
     <span class='ocr_line' id='line_1_77' title="bbox 2479 3844 4064 3920; baseline 0.003 -22"><span class='ocrx_word' id='word_1_556' title='bbox 2479 3845 2667 3913; x_wconf 81' lang='grc' dir='ltr'>κοινῆς</span> <span class='ocrx_word' id='word_1_557' title='bbox 2686 3844 2998 3916; x_wconf 77' lang='grc' dir='ltr'>ἐλευθερίας</span> <span class='ocrx_word' id='word_1_558' title='bbox 3019 3847 3247 3916; x_wconf 84' lang='grc' dir='ltr'>Περσῶν</span> <span class='ocrx_word' id='word_1_559' title='bbox 3271 3846 3334 3900; x_wconf 82' lang='grc' dir='ltr'><strong>τὺ</strong></span> <span class='ocrx_word' id='word_1_560' title='bbox 3355 3848 3538 3902; x_wconf 80' lang='grc' dir='ltr'>θανεῖν</span> <span class='ocrx_word' id='word_1_561' title='bbox 3557 3851 3926 3920; x_wconf 82' lang='grc' dir='ltr'>προτιμήσας,</span> <span class='ocrx_word' id='word_1_562' title='bbox 3946 3852 4064 3915; x_wconf 68' lang='grc' dir='ltr'>ἐξε-</span> 
     </span>
    </p>
   </div>
   <div class='ocr_carea' id='block_1_78' title="bbox 2478 3934 4063 4010">
    <p class='ocr_par' dir='ltr' id='par_1_78' title="bbox 2478 3934 4063 4010">
     <span class='ocr_line' id='line_1_78' title="bbox 2478 3934 4063 4010; baseline 0.005 -26"><span class='ocrx_word' id='word_1_563' title='bbox 2478 3934 2701 4001; x_wconf 84' lang='grc' dir='ltr'>πίτηδες</span> <span class='ocrx_word' id='word_1_564' title='bbox 2730 3934 2935 3987; x_wconf 82' lang='grc' dir='ltr'>ἁλῶναι</span> <span class='ocrx_word' id='word_1_565' title='bbox 2960 3936 3332 4006; x_wconf 78' lang='grc' dir='ltr'>πλασάμενος,</span> <span class='ocrx_word' id='word_1_566' title='bbox 3358 3939 3454 3991; x_wconf 72' lang='grc' dir='ltr'><strong>καὶ</strong></span> <span class='ocrx_word' id='word_1_567' title='bbox 3481 3940 3558 4001; x_wconf 80' lang='grc' dir='ltr'><strong>ὡς</strong></span> <span class='ocrx_word' id='word_1_568' title='bbox 3595 3939 3759 4010; x_wconf 72' lang='grc' dir='ltr'>δῆθεν</span> <span class='ocrx_word' id='word_1_569' title='bbox 3787 3943 3886 4010; x_wconf 84' lang='grc' dir='ltr'><strong>οὐχ</strong></span> <span class='ocrx_word' id='word_1_570' title='bbox 3919 3943 4063 3994; x_wconf 79' lang='grc' dir='ltr'>ἑκὼν</span> 
     </span>
    </p>
   </div>
   <div class='ocr_carea' id='block_1_79' title="bbox 2481 4021 4066 4102">
    <p class='ocr_par' dir='ltr' id='par_1_79' title="bbox 2481 4021 4066 4102">
     <span class='ocr_line' id='line_1_79' title="bbox 2481 4021 4066 4102; baseline 0.004 -27"><span class='ocrx_word' id='word_1_571' title='bbox 2481 4021 2834 4093; x_wconf 70' lang='grc' dir='ltr'>συλληφθεὶς,</span> <span class='ocrx_word' id='word_1_572' title='bbox 2867 4025 3062 4094; x_wconf 77' lang='grc' dir='ltr'>ἄγεται</span> <span class='ocrx_word' id='word_1_573' title='bbox 3096 4026 3233 4096; x_wconf 78' lang='grc' dir='ltr'>πρὸς</span> <span class='ocrx_word' id='word_1_574' title='bbox 3265 4027 3514 4096; x_wconf 85' lang='grc' dir='ltr'>βασιλέα.</span> <span class='ocrx_word' id='word_1_575' title='bbox 3549 4030 3725 4082; x_wconf 86' lang='grc' dir='ltr'>[Ιολλά</span> <span class='ocrx_word' id='word_1_576' title='bbox 3753 4031 3798 4082; x_wconf 86' lang='grc' dir='ltr'>δ’</span> <span class='ocrx_word' id='word_1_577' title='bbox 3833 4036 4066 4102; x_wconf 75' lang='grc' dir='ltr'>ἀνακρισ-</span> 
     </span>
    </p>
   </div>
   <div class='ocr_carea' id='block_1_80' title="bbox 2480 4117 4061 4190">
    <p class='ocr_par' dir='ltr' id='par_1_80' title="bbox 2480 4117 4061 4190">
     <span class='ocr_line' id='line_1_80' title="bbox 2480 4117 4061 4190; baseline 0.005 -21"><span class='ocrx_word' id='word_1_578' title='bbox 2480 4117 2593 4179; x_wconf 83' lang='grc' dir='ltr'>θεὶς</span> <span class='ocrx_word' id='word_1_579' title='bbox 2628 4117 2722 4169; x_wconf 78' lang='grc' dir='ltr'>καὶ</span> <span class='ocrx_word' id='word_1_580' title='bbox 2767 4117 2924 4181; x_wconf 77' lang='grc' dir='ltr'>δόξας</span> <span class='ocrx_word' id='word_1_581' title='bbox 2954 4118 3130 4188; x_wconf 83' lang='grc' dir='ltr'>άληθῆ</span> <span class='ocrx_word' id='word_1_582' title='bbox 3157 4119 3359 4187; x_wconf 88' lang='grc' dir='ltr'>λέγειν,</span> <span class='ocrx_word' id='word_1_583' title='bbox 3394 4120 3572 4174; x_wconf 79' lang='grc' dir='ltr'>πείθει</span> <span class='ocrx_word' id='word_1_584' title='bbox 3604 4123 3753 4190; x_wconf 64' lang='grc' dir='ltr'>α’ᾄτῷ</span> <span class='ocrx_word' id='word_1_585' title='bbox 3791 4123 4027 4177; x_wconf 77' lang='grc' dir='ltr'>ἔπεσθαι</span> <span class='ocrx_word' id='word_1_586' title='bbox 4048 4142 4061 4155; x_wconf 89' lang='grc'><strong>·</strong></span> 
     </span>
    </p>
   </div>
   <div class='ocr_carea' id='block_1_81' title="bbox 2479 4204 4064 4283">
    <p class='ocr_par' dir='ltr' id='par_1_81' title="bbox 2479 4204 4064 4283">
     <span class='ocr_line' id='line_1_81' title="bbox 2479 4204 4064 4283; baseline 0.005 -27"><span class='ocrx_word' id='word_1_587' title='bbox 2479 4204 2642 4273; x_wconf 84' lang='grc' dir='ltr'>τάχος</span> <span class='ocrx_word' id='word_1_588' title='bbox 2673 4205 2782 4275; x_wconf 84' lang='grc' dir='ltr'><strong>γὰρ</strong></span> <span class='ocrx_word' id='word_1_589' title='bbox 2825 4206 2950 4258; x_wconf 83' lang='grc' dir='ltr'>ὅσον</span> <span class='ocrx_word' id='word_1_590' title='bbox 2980 4209 3034 4267; x_wconf 86' lang='grc' dir='ltr'><strong>ἐς</strong></span> <span class='ocrx_word' id='word_1_591' title='bbox 3073 4210 3142 4260; x_wconf 79' lang='grc' dir='ltr'><strong>τά</strong></span> <span class='ocrx_word' id='word_1_592' title='bbox 3187 4209 3475 4280; x_wconf 77' lang='grc' dir='ltr'>Ῥωμαίων</span> <span class='ocrx_word' id='word_1_593' title='bbox 3495 4212 3619 4281; x_wconf 87' lang='grc' dir='ltr'>ὅρια</span> <span class='ocrx_word' id='word_1_594' title='bbox 3650 4212 3748 4281; x_wconf 83' lang='grc' dir='ltr'><strong>τὴν</strong></span> <span class='ocrx_word' id='word_1_595' title='bbox 3798 4216 4064 4283; x_wconf 66' lang='grc' dir='ltr'>στρατιὰ)</span> 
     </span>
    </p>
   </div>
   <div class='ocr_carea' id='block_1_82' title="bbox 2478 4295 4066 4378">
    <p class='ocr_par' dir='ltr' id='par_1_82' title="bbox 2478 4295 4066 4378">
     <span class='ocr_line' id='line_1_82' title="bbox 2478 4295 4066 4378; baseline 0.009 -33"><span class='ocrx_word' id='word_1_596' title='bbox 2478 4295 2801 4366; x_wconf 74' lang='grc' dir='ltr'>ἐπιστήσειν</span> <span class='ocrx_word' id='word_1_597' title='bbox 2833 4301 3190 4378; x_wconf 74' lang='grc' dir='ltr'>κατηγγυᾶτο</span> <span class='ocrx_word' id='word_1_598' title='bbox 3210 4316 3224 4331; x_wconf 90' lang='grc'><strong>·</strong></span> <span class='ocrx_word' id='word_1_599' title='bbox 3252 4301 3618 4368; x_wconf 75' lang='grc' dir='ltr'>δυσπρόσοδον</span> <span class='ocrx_word' id='word_1_600' title='bbox 3656 4304 3713 4357; x_wconf 84' lang='grc' dir='ltr'>δὲ</span> <span class='ocrx_word' id='word_1_601' title='bbox 3751 4306 3921 4375; x_wconf 77' lang='grc' dir='ltr'>μόνην</span> <span class='ocrx_word' id='word_1_602' title='bbox 3953 4309 4066 4360; x_wconf 81' lang='grc' dir='ltr'>δεῖν</span> 
     </span>
    </p>
   </div>
   <div class='ocr_carea' id='block_1_83' title="bbox 812 4389 2505 4468">
    <p class='ocr_par' dir='ltr' id='par_1_83' title="bbox 812 4389 2505 4464">
     <span class='ocr_line' id='line_1_83' title="bbox 812 4389 2505 4464; baseline -0.004 -17"><span class='ocrx_word' id='word_1_603' title='bbox 812 4405 902 4448; x_wconf 91' lang='lat' dir='ltr'><strong>tur</strong></span> <span class='ocrx_word' id='word_1_604' title='bbox 949 4393 1245 4464; x_wconf 77' lang='lat' dir='ltr'><strong>persuadet</strong></span> <span class='ocrx_word' id='word_1_605' title='bbox 1278 4411 1289 4446; x_wconf 91' lang='lat'><strong>:</strong></span> <span class='ocrx_word' id='word_1_606' title='bbox 1330 4392 1611 4461; x_wconf 80' lang='lat' dir='ltr'><strong>pollicitus</strong></span> <span class='ocrx_word' id='word_1_607' title='bbox 1655 4406 1891 4460; x_wconf 85' lang='lat' dir='ltr'><strong>namque</strong></span> <span class='ocrx_word' id='word_1_608' title='bbox 1929 4399 2037 4451; x_wconf 87' lang='lat' dir='ltr'><strong>est,</strong></span> <span class='ocrx_word' id='word_1_609' title='bbox 2071 4389 2374 4442; x_wconf 80' lang='lat' dir='ltr'><strong>exercitum</strong></span> <span class='ocrx_word' id='word_1_610' title='bbox 2477 4406 2505 4440; x_wconf 83' lang='grc' dir='ltr'><strong>τ</strong></span> 
     </span>
    </p>
   </div>
   <div class='ocr_carea' id='block_1_84' title="bbox 2372 4389 4065 4468">
    <p class='ocr_par' dir='ltr' id='par_1_84' title="bbox 2372 4389 4065 4468">
     <span class='ocr_line' id='line_1_84' title="bbox 2372 4389 4065 4468; baseline 0.006 -29"><span class='ocrx_word' id='word_1_611' title='bbox 2372 4408 2374 4439; x_wconf 87' lang='grc' dir='ltr'><strong>ι</strong></span> <span class='ocrx_word' id='word_1_612' title='bbox 2477 4406 2600 4442; x_wconf 85' lang='grc' dir='ltr'>τινα</span> <span class='ocrx_word' id='word_1_613' title='bbox 2645 4389 2748 4458; x_wconf 78' lang='grc' dir='ltr'>γῆν</span> <span class='ocrx_word' id='word_1_614' title='bbox 2788 4389 2964 4443; x_wconf 78' lang='grc' dir='ltr'>ἐλθεῖν</span> <span class='ocrx_word' id='word_1_615' title='bbox 2992 4393 3191 4457; x_wconf 83' lang='grc' dir='ltr'>αὐτοὺς</span> <span class='ocrx_word' id='word_1_616' title='bbox 3244 4396 3390 4446; x_wconf 83' lang='grc' dir='ltr'>δυεῖν</span> <span class='ocrx_word' id='word_1_617' title='bbox 3420 4395 3451 4466; x_wconf 80' lang='grc' dir='ltr'><strong>ἢ</strong></span> <span class='ocrx_word' id='word_1_618' title='bbox 3486 4396 3654 4465; x_wconf 85' lang='grc' dir='ltr'>τριῶν</span> <span class='ocrx_word' id='word_1_619' title='bbox 3684 4397 3938 4468; x_wconf 71' lang='grc' dir='ltr'>ἡμερῶν,</span> <span class='ocrx_word' id='word_1_620' title='bbox 3974 4404 4065 4453; x_wconf 73' lang='grc' dir='ltr'>καὶ</span> 
     </span>
    </p>
   </div>
   <div class='ocr_carea' id='block_1_85' title="bbox 812 4481 2505 4560">
    <p class='ocr_par' dir='ltr' id='par_1_85' title="bbox 812 4482 2505 4556">
     <span class='ocr_line' id='line_1_85' title="bbox 812 4482 2505 4556; baseline -0.004 -17"><span class='ocrx_word' id='word_1_621' title='bbox 812 4502 870 4540; x_wconf 89' lang='lat' dir='ltr'><strong>se</strong></span> <span class='ocrx_word' id='word_1_622' title='bbox 901 4486 1308 4556; x_wconf 85' lang='lat' dir='ltr'><strong>quamprimum</strong></span> <span class='ocrx_word' id='word_1_623' title='bbox 1342 4485 1408 4538; x_wconf 89' lang='lat' dir='ltr'><strong>ad</strong></span> <span class='ocrx_word' id='word_1_624' title='bbox 1444 4484 1816 4538; x_wconf 78' lang='lat' dir='ltr'><strong>Romanorum</strong></span> <span class='ocrx_word' id='word_1_625' title='bbox 1866 4483 2002 4537; x_wconf 88' lang='lat' dir='ltr'><strong>lines</strong></span> <span class='ocrx_word' id='word_1_626' title='bbox 2041 4482 2374 4545; x_wconf 87' lang='lat' dir='ltr'><strong>ducturum;</strong></span> <span class='ocrx_word' id='word_1_627' title='bbox 2479 4501 2505 4551; x_wconf 75' lang='grc' dir='ltr'>χ</span> 
     </span>
    </p>
   </div>
   <div class='ocr_carea' id='block_1_86' title="bbox 2373 4481 4066 4560">
    <p class='ocr_par' dir='ltr' id='par_1_86' title="bbox 2373 4481 4066 4560">
     <span class='ocr_line' id='line_1_86' title="bbox 2373 4481 4066 4560; baseline 0.005 -25"><span class='ocrx_word' id='word_1_628' title='bbox 2373 4526 2374 4535; x_wconf 50' lang='grc' dir='ltr'><strong>η</strong></span> <span class='ocrx_word' id='word_1_629' title='bbox 2479 4482 2675 4552; x_wconf 72' lang='grc' dir='ltr'>χρῆναι</span> <span class='ocrx_word' id='word_1_630' title='bbox 2700 4481 2770 4535; x_wconf 72' lang='grc' dir='ltr'><strong>τὰ</strong></span> <span class='ocrx_word' id='word_1_631' title='bbox 2793 4484 3074 4554; x_wconf 60' lang='grc' dir='ltr'>ἐπιτιῖδεια</span> <span class='ocrx_word' id='word_1_632' title='bbox 3105 4486 3295 4554; x_wconf 79' lang='grc' dir='ltr'>φέρειν</span> <span class='ocrx_word' id='word_1_633' title='bbox 3316 4501 3327 4516; x_wconf 78' lang='grc'><strong><em>³</em></strong></span> <span class='ocrx_word' id='word_1_634' title='bbox 3355 4487 3425 4541; x_wconf 79' lang='grc' dir='ltr'><strong>δι’</strong></span> <span class='ocrx_word' id='word_1_635' title='bbox 3459 4489 3672 4558; x_wconf 81' lang='grc' dir='ltr'>ἐρήμου</span> <span class='ocrx_word' id='word_1_636' title='bbox 3703 4491 3813 4560; x_wconf 76' lang='grc' dir='ltr'><strong>γαρ</strong></span> <span class='ocrx_word' id='word_1_637' title='bbox 3841 4491 3942 4556; x_wconf 82' lang='grc' dir='ltr'>τῆς</span> <span class='ocrx_word' id='word_1_638' title='bbox 3965 4493 4066 4559; x_wconf 64' lang='grc' dir='ltr'>γῆς</span> 
     </span>
    </p>
   </div>
   <div class='ocr_carea' id='block_1_87' title="bbox 815 4571 2508 4662">
    <p class='ocr_par' dir='ltr' id='par_1_87' title="bbox 815 4571 2508 4662">
     <span class='ocr_line' id='line_1_87' title="bbox 815 4571 2508 4662; baseline -0.002 -33"><span class='ocrx_word' id='word_1_639' title='bbox 815 4576 1018 4630; x_wconf 89' lang='lat' dir='ltr'><strong>inviam</strong></span> <span class='ocrx_word' id='word_1_640' title='bbox 1057 4583 1270 4627; x_wconf 90' lang='lat' dir='ltr'><strong>tantum</strong></span> <span class='ocrx_word' id='word_1_641' title='bbox 1301 4573 1594 4643; x_wconf 87' lang='lat' dir='ltr'><strong>quamdam</strong></span> <span class='ocrx_word' id='word_1_642' title='bbox 1625 4573 1859 4626; x_wconf 91' lang='lat' dir='ltr'><strong>duorum</strong></span> <span class='ocrx_word' id='word_1_643' title='bbox 1907 4583 2003 4627; x_wconf 88' lang='lat' dir='ltr'><strong>aut</strong></span> <span class='ocrx_word' id='word_1_644' title='bbox 2050 4574 2216 4628; x_wconf 91' lang='lat' dir='ltr'><strong>trium</strong></span> <span class='ocrx_word' id='word_1_645' title='bbox 2256 4571 2377 4625; x_wconf 89' lang='lat' dir='ltr'><strong>die-</strong></span> <span class='ocrx_word' id='word_1_646' title='bbox 2411 4606 2454 4662; x_wconf 63' lang='grc' dir='ltr'>Β</span> <span class='ocrx_word' id='word_1_647' title='bbox 2482 4579 2508 4626; x_wconf 82' lang='grc' dir='ltr'><em>ἁ</em></span> 
     </span>
    </p>
   </div>
   <div class='ocr_carea' id='block_1_88' title="bbox 2374 4571 4067 4662">
    <p class='ocr_par' dir='ltr' id='par_1_88' title="bbox 2374 4573 4067 4662">
     <span class='ocr_line' id='line_1_88' title="bbox 2374 4573 4067 4662; baseline 0.007 -37"><span class='ocrx_word' id='word_1_648' title='bbox 2374 4600 2377 4610; x_wconf 79' lang='grc' dir='ltr'><strong>ι</strong></span> <span class='ocrx_word' id='word_1_649' title='bbox 2411 4606 2454 4662; x_wconf 75' lang='lat' dir='ltr'><strong>D</strong></span> <span class='ocrx_word' id='word_1_650' title='bbox 2482 4577 2731 4646; x_wconf 83' lang='grc' dir='ltr'>ανάγκην</span> <span class='ocrx_word' id='word_1_651' title='bbox 2757 4573 2898 4631; x_wconf 86' lang='grc' dir='ltr'>εἶναι</span> <span class='ocrx_word' id='word_1_652' title='bbox 2943 4577 3005 4630; x_wconf 82' lang='grc' dir='ltr'>τὸ</span> <span class='ocrx_word' id='word_1_653' title='bbox 3039 4578 3359 4650; x_wconf 85' lang='grc' dir='ltr'>στράτευμα</span> <span class='ocrx_word' id='word_1_654' title='bbox 3397 4580 3647 4635; x_wconf 81' lang='grc' dir='ltr'>διελθεῖν.</span> <span class='ocrx_word' id='word_1_655' title='bbox 3689 4584 3799 4636; x_wconf 78' lang='grc' dir='ltr'><strong>Καὶ</strong></span> <span class='ocrx_word' id='word_1_656' title='bbox 3837 4585 3902 4651; x_wconf 83' lang='grc' dir='ltr'>δὴ</span> <span class='ocrx_word' id='word_1_657' title='bbox 3947 4590 4067 4647; x_wconf 77' lang='grc' dir='ltr'>ταῖς</span> 
     </span>
    </p>
   </div>
   <div class='ocr_carea' id='block_1_89' title="bbox 815 4662 2378 4735">
    <p class='ocr_par' dir='ltr' id='par_1_89' title="bbox 815 4662 2378 4735">
     <span class='ocr_line' id='line_1_89' title="bbox 815 4662 2378 4735; baseline -0.003 -15"><span class='ocrx_word' id='word_1_658' title='bbox 815 4683 938 4720; x_wconf 90' lang='lat' dir='ltr'><strong>rum</strong></span> <span class='ocrx_word' id='word_1_659' title='bbox 987 4667 1184 4720; x_wconf 89' lang='lat' dir='ltr'><strong>itinere</strong></span> <span class='ocrx_word' id='word_1_660' title='bbox 1239 4667 1517 4735; x_wconf 82' lang='lat' dir='ltr'><strong>regionem</strong></span> <span class='ocrx_word' id='word_1_661' title='bbox 1579 4664 2008 4735; x_wconf 80' lang='lat' dir='ltr'><strong>peragrandam,</strong></span> <span class='ocrx_word' id='word_1_662' title='bbox 2057 4662 2266 4718; x_wconf 90' lang='lat' dir='ltr'><strong>cibaria</strong></span> <span class='ocrx_word' id='word_1_663' title='bbox 2323 4671 2378 4716; x_wconf 89' lang='lat' dir='ltr'><strong>et</strong></span> 
     </span>
    </p>
   </div>
   <div class='ocr_carea' id='block_1_90' title="bbox 816 4755 2381 4825">
    <p class='ocr_par' dir='ltr' id='par_1_90' title="bbox 816 4755 2381 4825">
     <span class='ocr_line' id='line_1_90' title="bbox 816 4755 2381 4825; baseline -0.003 -13"><span class='ocrx_word' id='word_1_664' title='bbox 816 4759 952 4813; x_wconf 81' lang='lat' dir='ltr'><strong>alias</strong></span> <span class='ocrx_word' id='word_1_665' title='bbox 983 4773 1073 4812; x_wconf 87' lang='lat' dir='ltr'><strong>res</strong></span> <span class='ocrx_word' id='word_1_666' title='bbox 1106 4758 1445 4812; x_wconf 88' lang='lat' dir='ltr'><strong>necessarias</strong></span> <span class='ocrx_word' id='word_1_667' title='bbox 1470 4756 1753 4821; x_wconf 86' lang='lat' dir='ltr'><strong>ferendas,</strong></span> <span class='ocrx_word' id='word_1_668' title='bbox 1799 4766 1854 4811; x_wconf 90' lang='lat' dir='ltr'><strong>ct</strong></span> <span class='ocrx_word' id='word_1_669' title='bbox 1902 4756 2088 4825; x_wconf 86' lang='lat' dir='ltr'><strong>copias</strong></span> <span class='ocrx_word' id='word_1_670' title='bbox 2123 4771 2220 4824; x_wconf 86' lang='lat' dir='ltr'><strong>per</strong></span> <span class='ocrx_word' id='word_1_671' title='bbox 2249 4755 2381 4809; x_wconf 82' lang='lat' dir='ltr'><strong>soli-</strong></span> 
     </span>
    </p>
   </div>
   <div class='ocr_carea' id='block_1_91' title="bbox 818 4845 2380 4916">
    <p class='ocr_par' dir='ltr' id='par_1_91' title="bbox 818 4845 2380 4916">
     <span class='ocr_line' id='line_1_91' title="bbox 818 4845 2380 4916; baseline -0.001 -15"><span class='ocrx_word' id='word_1_672' title='bbox 818 4845 1064 4903; x_wconf 86' lang='lat' dir='ltr'><strong>tudineni</strong></span> <span class='ocrx_word' id='word_1_673' title='bbox 1090 4848 1375 4904; x_wconf 88' lang='lat' dir='ltr'><strong>ducendas</strong></span> <span class='ocrx_word' id='word_1_674' title='bbox 1398 4863 1542 4913; x_wconf 89' lang='lat' dir='ltr'><strong>esse,</strong></span> <span class='ocrx_word' id='word_1_675' title='bbox 1574 4849 1855 4903; x_wconf 87' lang='lat' dir='ltr'><strong>dictitans.</strong></span> <span class='ocrx_word' id='word_1_676' title='bbox 1884 4848 2097 4902; x_wconf 83' lang='lat' dir='ltr'><strong>Fraude</strong></span> <span class='ocrx_word' id='word_1_677' title='bbox 2120 4862 2184 4901; x_wconf 87' lang='lat' dir='ltr'><strong>ea</strong></span> <span class='ocrx_word' id='word_1_678' title='bbox 2213 4855 2380 4916; x_wconf 89' lang='lat' dir='ltr'><strong>atque</strong></span> 
     </span>
    </p>
   </div>
   <div class='ocr_carea' id='block_1_92' title="bbox 819 4937 2381 5011">
    <p class='ocr_par' dir='ltr' id='par_1_92' title="bbox 819 4937 2381 5011">
     <span class='ocr_line' id='line_1_92' title="bbox 819 4937 2381 5011; baseline -0.003 -17"><span class='ocrx_word' id='word_1_679' title='bbox 819 4942 1142 4996; x_wconf 80' lang='lat' dir='ltr'><strong>scductione</strong></span> <span class='ocrx_word' id='word_1_680' title='bbox 1188 4941 1451 5010; x_wconf 86' lang='lat' dir='ltr'><strong>sapientis</strong></span> <span class='ocrx_word' id='word_1_681' title='bbox 1515 4956 1612 4996; x_wconf 88' lang='lat' dir='ltr'><strong>seu</strong></span> <span class='ocrx_word' id='word_1_682' title='bbox 1672 4943 1854 5010; x_wconf 84' lang='lat' dir='ltr'><strong>potius</strong></span> <span class='ocrx_word' id='word_1_683' title='bbox 1888 4938 2176 5011; x_wconf 82' lang='lat' dir='ltr'><strong>sephistici</strong></span> <span class='ocrx_word' id='word_1_684' title='bbox 2231 4937 2381 4992; x_wconf 81' lang='lat' dir='ltr'><strong>senis</strong></span> 
     </span>
    </p>
   </div>
   <div class='ocr_carea' id='block_1_93' title="bbox 819 5032 2382 5102">
    <p class='ocr_par' dir='ltr' id='par_1_93' title="bbox 819 5032 2382 5102">
     <span class='ocr_line' id='line_1_93' title="bbox 819 5032 2382 5102; baseline 0.002 -23"><span class='ocrx_word' id='word_1_685' title='bbox 819 5047 1121 5099; x_wconf 80' lang='lat' dir='ltr'><strong>persuasus</strong></span> <span class='ocrx_word' id='word_1_686' title='bbox 1156 5034 1438 5094; x_wconf 83' lang='lat' dir='ltr'><strong>seductor,</strong></span> <span class='ocrx_word' id='word_1_687' title='bbox 1465 5033 1556 5101; x_wconf 91' lang='lat' dir='ltr'><strong>qui</strong></span> <span class='ocrx_word' id='word_1_688' title='bbox 1590 5033 1793 5090; x_wconf 84' lang='lat' dir='ltr'><strong>mullos</strong></span> <span class='ocrx_word' id='word_1_689' title='bbox 1817 5032 2112 5102; x_wconf 85' lang='lat' dir='ltr'><strong>sophistica</strong></span> <span class='ocrx_word' id='word_1_690' title='bbox 2143 5045 2238 5085; x_wconf 90' lang='lat' dir='ltr'><strong>sua</strong></span> <span class='ocrx_word' id='word_1_691' title='bbox 2263 5040 2382 5084; x_wconf 86' lang='lat' dir='ltr'><strong>arte</strong></span> 
     </span>
    </p>
   </div>
   <div class='ocr_carea' id='block_1_94' title="bbox 819 5124 2385 5194">
    <p class='ocr_par' dir='ltr' id='par_1_94' title="bbox 819 5124 2385 5194">
     <span class='ocr_line' id='line_1_94' title="bbox 819 5124 2385 5194; baseline -0.001 -18"><span class='ocrx_word' id='word_1_692' title='bbox 819 5126 1131 5192; x_wconf 82' lang='lat' dir='ltr'><strong>deceperat,</strong></span> <span class='ocrx_word' id='word_1_693' title='bbox 1183 5125 1426 5180; x_wconf 81' lang='lat' dir='ltr'><strong>eundum</strong></span> <span class='ocrx_word' id='word_1_694' title='bbox 1472 5140 1594 5179; x_wconf 89' lang='lat' dir='ltr'><strong>esse</strong></span> <span class='ocrx_word' id='word_1_695' title='bbox 1637 5139 1746 5194; x_wconf 87' lang='lat' dir='ltr'><strong>qua</strong></span> <span class='ocrx_word' id='word_1_696' title='bbox 1795 5138 1960 5178; x_wconf 75' lang='lat' dir='ltr'><strong>senex</strong></span> <span class='ocrx_word' id='word_1_697' title='bbox 1991 5124 2234 5186; x_wconf 86' lang='lat' dir='ltr'><strong>duceret,</strong></span> <span class='ocrx_word' id='word_1_698' title='bbox 2269 5131 2385 5176; x_wconf 81' lang='lat' dir='ltr'><strong>sta-</strong></span> 
     </span>
    </p>
   </div>
   <div class='ocr_carea' id='block_1_95' title="bbox 819 5213 2383 5286">
    <p class='ocr_par' dir='ltr' id='par_1_95' title="bbox 819 5213 2383 5286">
     <span class='ocr_line' id='line_1_95' title="bbox 819 5213 2383 5286; baseline -0.001 -20"><span class='ocrx_word' id='word_1_699' title='bbox 819 5217 944 5268; x_wconf 86' lang='lat' dir='ltr'><strong>tuit.</strong></span> <span class='ocrx_word' id='word_1_700' title='bbox 975 5215 1166 5270; x_wconf 85' lang='lat' dir='ltr'><strong>Tridui</strong></span> <span class='ocrx_word' id='word_1_701' title='bbox 1197 5217 1301 5270; x_wconf 88' lang='lat' dir='ltr'><strong>iter</strong></span> <span class='ocrx_word' id='word_1_702' title='bbox 1329 5219 1626 5286; x_wconf 76' lang='lat' dir='ltr'><strong>progressi,</strong></span> <span class='ocrx_word' id='word_1_703' title='bbox 1658 5217 1714 5271; x_wconf 91' lang='lat' dir='ltr'><strong>in</strong></span> <span class='ocrx_word' id='word_1_704' title='bbox 1764 5216 1915 5272; x_wconf 88' lang='lat' dir='ltr'><strong>locos</strong></span> <span class='ocrx_word' id='word_1_705' title='bbox 1953 5215 2192 5270; x_wconf 79' lang='lat' dir='ltr'><strong>incultos</strong></span> <span class='ocrx_word' id='word_1_706' title='bbox 2241 5213 2383 5266; x_wconf 87' lang='lat' dir='ltr'><strong>inci-</strong></span> 
     </span>
    </p>
   </div>
   <div class='ocr_carea' id='block_1_96' title="bbox 821 5307 2382 5370">
    <p class='ocr_par' dir='ltr' id='par_1_96' title="bbox 821 5307 2382 5370">
     <span class='ocr_line' id='line_1_96' title="bbox 821 5307 2382 5370; baseline 0.001 -11"><span class='ocrx_word' id='word_1_707' title='bbox 821 5309 1024 5360; x_wconf 70' lang='lat' dir='ltr'><strong>derunt</strong></span> <span class='ocrx_word' id='word_1_708' title='bbox 1051 5324 1064 5359; x_wconf 92' lang='lat'><strong>:</strong></span> <span class='ocrx_word' id='word_1_709' title='bbox 1092 5317 1147 5360; x_wconf 91' lang='lat' dir='ltr'><strong>et</strong></span> <span class='ocrx_word' id='word_1_710' title='bbox 1177 5307 1277 5360; x_wconf 63' lang='lat' dir='ltr'><strong>vite</strong></span> <span class='ocrx_word' id='word_1_711' title='bbox 1313 5309 1419 5360; x_wconf 80' lang='lat' dir='ltr'><strong>dux</strong></span> <span class='ocrx_word' id='word_1_712' title='bbox 1455 5318 1652 5370; x_wconf 69' lang='lat' dir='ltr'><strong>tortus,</strong></span> <span class='ocrx_word' id='word_1_713' title='bbox 1699 5307 1992 5361; x_wconf 86' lang='lat' dir='ltr'><strong>consilium</strong></span> <span class='ocrx_word' id='word_1_714' title='bbox 2048 5323 2234 5369; x_wconf 89' lang='lat' dir='ltr'><strong>suum,</strong></span> <span class='ocrx_word' id='word_1_715' title='bbox 2285 5323 2382 5360; x_wconf 89' lang='lat' dir='ltr'><strong>sua</strong></span> 
     </span>
    </p>
   </div>
   <div class='ocr_carea' id='block_1_97' title="bbox 822 5401 2382 5470">
    <p class='ocr_par' dir='ltr' id='par_1_97' title="bbox 822 5401 2382 5470">
     <span class='ocr_line' id='line_1_97' title="bbox 822 5401 2382 5470; baseline 0.001 -20"><span class='ocrx_word' id='word_1_716' title='bbox 822 5401 1076 5454; x_wconf 75' lang='lat' dir='ltr'><strong>videliCrt</strong></span> <span class='ocrx_word' id='word_1_717' title='bbox 1109 5413 1302 5469; x_wconf 74' lang='lat' dir='ltr'><strong>Sponte</strong></span> <span class='ocrx_word' id='word_1_718' title='bbox 1346 5412 1567 5470; x_wconf 86' lang='lat' dir='ltr'><strong>propter</strong></span> <span class='ocrx_word' id='word_1_719' title='bbox 1597 5403 1746 5455; x_wconf 78' lang='lat' dir='ltr'><strong>cives</strong></span> <span class='ocrx_word' id='word_1_720' title='bbox 1790 5408 1844 5454; x_wconf 87' lang='lat' dir='ltr'><strong>el</strong></span> <span class='ocrx_word' id='word_1_721' title='bbox 1893 5402 2185 5469; x_wconf 74' lang='lat' dir='ltr'><strong>populares</strong></span> <span class='ocrx_word' id='word_1_722' title='bbox 2234 5416 2382 5462; x_wconf 87' lang='lat' dir='ltr'><strong>suos,</strong></span> 
     </span>
    </p>
   </div>
   <div class='ocr_carea' id='block_1_98' title="bbox 822 5493 2386 5562">
    <p class='ocr_par' dir='ltr' id='par_1_98' title="bbox 822 5493 2386 5562">
     <span class='ocr_line' id='line_1_98' title="bbox 822 5493 2386 5562; baseline 0 -18"><span class='ocrx_word' id='word_1_723' title='bbox 822 5507 878 5546; x_wconf 85' lang='lat' dir='ltr'><strong>se</strong></span> <span class='ocrx_word' id='word_1_724' title='bbox 908 5493 973 5546; x_wconf 86' lang='lat' dir='ltr'><strong>ad</strong></span> <span class='ocrx_word' id='word_1_725' title='bbox 1027 5501 1256 5547; x_wconf 86' lang='lat' dir='ltr'><strong>m‘ortcm</strong></span> <span class='ocrx_word' id='word_1_726' title='bbox 1315 5495 1676 5562; x_wconf 85' lang='lat' dir='ltr'><strong>procurrisse,</strong></span> <span class='ocrx_word' id='word_1_727' title='bbox 1738 5495 2130 5562; x_wconf 86' lang='lat' dir='ltr'><strong>cruciatusque</strong></span> <span class='ocrx_word' id='word_1_728' title='bbox 2191 5508 2386 5545; x_wconf 88' lang='lat' dir='ltr'><strong>omnes</strong></span> 
     </span>
    </p>
   </div>
   <div class='ocr_carea' id='block_1_99' title="bbox 823 5586 2389 5658">
    <p class='ocr_par' dir='ltr' id='par_1_99' title="bbox 823 5586 2389 5658">
     <span class='ocr_line' id='line_1_99' title="bbox 823 5586 2389 5658; baseline 0.002 -19"><span class='ocrx_word' id='word_1_729' title='bbox 823 5588 1067 5654; x_wconf 87' lang='lat' dir='ltr'><strong>perferre</strong></span> <span class='ocrx_word' id='word_1_730' title='bbox 1122 5598 1371 5655; x_wconf 84' lang='lat' dir='ltr'><strong>paratum</strong></span> <span class='ocrx_word' id='word_1_731' title='bbox 1418 5603 1560 5653; x_wconf 79' lang='lat' dir='ltr'><strong>esse,</strong></span> <span class='ocrx_word' id='word_1_732' title='bbox 1624 5588 1902 5658; x_wconf 85' lang='lat' dir='ltr'><strong>professus</strong></span> <span class='ocrx_word' id='word_1_733' title='bbox 1948 5598 2050 5640; x_wconf 88' lang='lat' dir='ltr'><strong>est.</strong></span> <span class='ocrx_word' id='word_1_734' title='bbox 2106 5587 2161 5641; x_wconf 92' lang='lat' dir='ltr'><strong>lu</strong></span> <span class='ocrx_word' id='word_1_735' title='bbox 2194 5586 2389 5642; x_wconf 66' lang='lat' dir='ltr'><strong>discri-</strong></span> 
     </span>
    </p>
   </div>
   <div class='ocr_carea' id='block_1_100' title="bbox 824 5675 2390 5737">
    <p class='ocr_par' dir='ltr' id='par_1_100' title="bbox 824 5675 2390 5737">
     <span class='ocr_line' id='line_1_100' title="bbox 824 5675 2390 5737; baseline -0.001 -7"><span class='ocrx_word' id='word_1_736' title='bbox 824 5683 971 5734; x_wconf 85' lang='lat' dir='ltr'><strong>tninc</strong></span> <span class='ocrx_word' id='word_1_737' title='bbox 1002 5695 1215 5732; x_wconf 88' lang='lat' dir='ltr'><strong>summo</strong></span> <span class='ocrx_word' id='word_1_738' title='bbox 1241 5681 1516 5734; x_wconf 75' lang='lat' dir='ltr'><strong>exercitUs</strong></span> <span class='ocrx_word' id='word_1_739' title='bbox 1548 5679 1893 5737; x_wconf 61' lang='lat' dir='ltr'><strong>versabatur,</strong></span> <span class='ocrx_word' id='word_1_740' title='bbox 1947 5676 2266 5731; x_wconf 82' lang='lat' dir='ltr'><strong>diﬂicnltate</strong></span> <span class='ocrx_word' id='word_1_741' title='bbox 2301 5675 2390 5729; x_wconf 88' lang='lat' dir='ltr'><strong>iti-</strong></span> 
     </span>
    </p>
   </div>
   <div class='ocr_carea' id='block_1_101' title="bbox 826 5769 2386 5840">
    <p class='ocr_par' dir='ltr' id='par_1_101' title="bbox 826 5769 2386 5840">
     <span class='ocr_line' id='line_1_101' title="bbox 826 5769 2386 5840; baseline -0.002 -17"><span class='ocrx_word' id='word_1_742' title='bbox 826 5772 972 5823; x_wconf 84' lang='lat' dir='ltr'><strong>neris</strong></span> <span class='ocrx_word' id='word_1_743' title='bbox 1030 5782 1083 5826; x_wconf 86' lang='lat' dir='ltr'><strong>ct</strong></span> <span class='ocrx_word' id='word_1_744' title='bbox 1145 5771 1530 5825; x_wconf 87' lang='lat' dir='ltr'><strong>alimentorum</strong></span> <span class='ocrx_word' id='word_1_745' title='bbox 1594 5771 1821 5840; x_wconf 71' lang='lat' dir='ltr'><strong>penuria</strong></span> <span class='ocrx_word' id='word_1_746' title='bbox 1881 5769 2216 5823; x_wconf 83' lang='lat' dir='ltr'><strong>confectus:</strong></span> <span class='ocrx_word' id='word_1_747' title='bbox 2261 5784 2386 5821; x_wconf 86' lang='lat' dir='ltr'><strong>cum</strong></span> 
     </span>
    </p>
   </div>
   <div class='ocr_carea' id='block_1_102' title="bbox 828 5859 2390 5933">
    <p class='ocr_par' dir='ltr' id='par_1_102' title="bbox 828 5859 2390 5933">
     <span class='ocr_line' id='line_1_102' title="bbox 828 5859 2390 5933; baseline 0.002 -22"><span class='ocrx_word' id='word_1_748' title='bbox 828 5859 1117 5930; x_wconf 81' lang='lat' dir='ltr'><strong>splendida</strong></span> <span class='ocrx_word' id='word_1_749' title='bbox 1179 5863 1466 5917; x_wconf 82' lang='lat' dir='ltr'><strong>Persarum</strong></span> <span class='ocrx_word' id='word_1_750' title='bbox 1524 5864 1672 5919; x_wconf 68' lang='lat' dir='ltr'><strong>aries</strong></span> <span class='ocrx_word' id='word_1_751' title='bbox 1727 5864 2021 5933; x_wconf 82' lang='lat' dir='ltr'><strong>derepente</strong></span> <span class='ocrx_word' id='word_1_752' title='bbox 2079 5863 2269 5926; x_wconf 61' lang='lat' dir='ltr'><strong>adest,</strong></span> <span class='ocrx_word' id='word_1_753' title='bbox 2335 5873 2390 5917; x_wconf 88' lang='lat' dir='ltr'><strong>et</strong></span> 
     </span>
    </p>
   </div>
   <div class='ocr_carea' id='block_1_103' title="bbox 2482 4669 4064 4744">
    <p class='ocr_par' dir='ltr' id='par_1_103' title="bbox 2482 4669 4064 4744">
     <span class='ocr_line' id='line_1_103' title="bbox 2482 4669 4064 4744; baseline 0.008 -26"><span class='ocrx_word' id='word_1_754' title='bbox 2482 4669 2722 4731; x_wconf 82' lang='grc' dir='ltr'>ἀπάταις</span> <span class='ocrx_word' id='word_1_755' title='bbox 2786 4669 2882 4720; x_wconf 82' lang='grc' dir='ltr'>τοῦ</span> <span class='ocrx_word' id='word_1_756' title='bbox 2949 4670 3114 4738; x_wconf 79' lang='grc' dir='ltr'>σοφοῦ</span> <span class='ocrx_word' id='word_1_757' title='bbox 3183 4673 3362 4726; x_wconf 84' lang='grc' dir='ltr'>εῐτουν</span> <span class='ocrx_word' id='word_1_758' title='bbox 3427 4673 3685 4742; x_wconf 64' lang='grc' dir='ltr'>σοφιστοῦ</span> <span class='ocrx_word' id='word_1_759' title='bbox 3751 4676 4064 4744; x_wconf 69' lang='grc' dir='ltr'>πρεσϐύτον</span> 
     </span>
    </p>
   </div>
   <div class='ocr_carea' id='block_1_104' title="bbox 2484 4759 4064 4838">
    <p class='ocr_par' dir='ltr' id='par_1_104' title="bbox 2484 4759 4064 4838">
     <span class='ocr_line' id='line_1_104' title="bbox 2484 4759 4064 4838; baseline 0.008 -28"><span class='ocrx_word' id='word_1_760' title='bbox 2484 4759 2731 4824; x_wconf 78' lang='grc' dir='ltr'>πεισθεὶς</span> <span class='ocrx_word' id='word_1_761' title='bbox 2766 4763 2794 4813; x_wconf 87' lang='grc' dir='ltr'>ὁ</span> <span class='ocrx_word' id='word_1_762' title='bbox 2823 4761 3076 4814; x_wconf 75' lang='grc' dir='ltr'>ἀπατεὼν</span> <span class='ocrx_word' id='word_1_763' title='bbox 3115 4766 3210 4816; x_wconf 76' lang='grc' dir='ltr'>καὶ</span> <span class='ocrx_word' id='word_1_764' title='bbox 3244 4763 3472 4827; x_wconf 69' lang='grc' dir='ltr'>πολλοὺς</span> <span class='ocrx_word' id='word_1_765' title='bbox 3525 4770 4064 4838; x_wconf 65' lang='grc' dir='ltr'>κατασοφισάμενος,</span> 
     </span>
    </p>
   </div>
   <div class='ocr_carea' id='block_1_105' title="bbox 2485 4849 4069 4927">
    <p class='ocr_par' dir='ltr' id='par_1_105' title="bbox 2485 4849 4069 4927">
     <span class='ocr_line' id='line_1_105' title="bbox 2485 4849 4069 4927; baseline 0.006 -24"><span class='ocrx_word' id='word_1_766' title='bbox 2485 4849 2624 4916; x_wconf 76' lang='grc' dir='ltr'>ἔγνω</span> <span class='ocrx_word' id='word_1_767' title='bbox 2649 4850 2758 4904; x_wconf 82' lang='grc' dir='ltr'>δεῖν</span> <span class='ocrx_word' id='word_1_768' title='bbox 2788 4854 2959 4922; x_wconf 77' lang='grc' dir='ltr'>ταύτῃ</span> <span class='ocrx_word' id='word_1_769' title='bbox 2990 4856 3287 4924; x_wconf 79' lang='grc' dir='ltr'>πορευτέον</span> <span class='ocrx_word' id='word_1_770' title='bbox 3315 4851 3474 4917; x_wconf 80' lang='grc' dir='ltr'>εἶναι,</span> <span class='ocrx_word' id='word_1_771' title='bbox 3510 4857 3637 4909; x_wconf 78' lang='grc' dir='ltr'>ἔνθα</span> <span class='ocrx_word' id='word_1_772' title='bbox 3673 4859 3736 4910; x_wconf 72' lang='grc' dir='ltr'>ἂν</span> <span class='ocrx_word' id='word_1_773' title='bbox 3767 4862 3795 4911; x_wconf 85' lang='grc' dir='ltr'><strong>ό</strong></span> <span class='ocrx_word' id='word_1_774' title='bbox 3831 4862 4069 4927; x_wconf 59' lang='lat'><strong>39:565-</strong></span> 
     </span>
    </p>
   </div>
   <div class='ocr_carea' id='block_1_106' title="bbox 2483 4944 4067 5021">
    <p class='ocr_par' dir='ltr' id='par_1_106' title="bbox 2483 4944 4067 5021">
     <span class='ocr_line' id='line_1_106' title="bbox 2483 4944 4067 5021; baseline 0.006 -26"><span class='ocrx_word' id='word_1_775' title='bbox 2483 4961 2580 5012; x_wconf 83' lang='grc' dir='ltr'><strong>της</strong></span> <span class='ocrx_word' id='word_1_776' title='bbox 2607 4945 2817 5013; x_wconf 78' lang='grc' dir='ltr'>ἡγοῖτο.</span> <span class='ocrx_word' id='word_1_777' title='bbox 2863 4944 2950 5006; x_wconf 84' lang='grc' dir='ltr'>Ὡς</span> <span class='ocrx_word' id='word_1_778' title='bbox 2981 4946 3035 4996; x_wconf 85' lang='grc' dir='ltr'>δὲ</span> <span class='ocrx_word' id='word_1_779' title='bbox 3072 4948 3410 5017; x_wconf 81' lang='grc' dir='ltr'>προσωτέρω</span> <span class='ocrx_word' id='word_1_780' title='bbox 3438 4949 3742 5017; x_wconf 82' lang='grc' dir='ltr'>χωροῦντες</span> <span class='ocrx_word' id='word_1_781' title='bbox 3782 4955 3925 5020; x_wconf 75' lang='grc' dir='ltr'>μετὰ</span> <span class='ocrx_word' id='word_1_782' title='bbox 3950 4955 4067 5021; x_wconf 71' lang='grc' dir='ltr'>τρία</span> 
     </span>
    </p>
   </div>
   <div class='ocr_carea' id='block_1_107' title="bbox 2484 5034 4067 5112">
    <p class='ocr_par' dir='ltr' id='par_1_107' title="bbox 2484 5034 4067 5112">
     <span class='ocr_line' id='line_1_107' title="bbox 2484 5034 4067 5112; baseline 0.008 -27"><span class='ocrx_word' id='word_1_783' title='bbox 2484 5050 2585 5103; x_wconf 83' lang='grc' dir='ltr'><strong>την</strong></span> <span class='ocrx_word' id='word_1_784' title='bbox 2620 5034 2833 5104; x_wconf 73' lang='grc' dir='ltr'>ἡμέραν</span> <span class='ocrx_word' id='word_1_785' title='bbox 2871 5034 3058 5096; x_wconf 86' lang='grc' dir='ltr'>τόποις</span> <span class='ocrx_word' id='word_1_786' title='bbox 3088 5036 3299 5106; x_wconf 71' lang='grc' dir='ltr'>ἀγρίοις</span> <span class='ocrx_word' id='word_1_787' title='bbox 3338 5038 3615 5105; x_wconf 82' lang='grc' dir='ltr'>ἐνέϐαλον,</span> <span class='ocrx_word' id='word_1_788' title='bbox 3648 5041 3676 5092; x_wconf 87' lang='grc' dir='ltr'>ὁ</span> <span class='ocrx_word' id='word_1_789' title='bbox 3710 5040 3812 5108; x_wconf 83' lang='grc' dir='ltr'>μὲν</span> <span class='ocrx_word' id='word_1_790' title='bbox 3851 5043 4067 5112; x_wconf 82' lang='grc' dir='ltr'>γέρων.</span> 
     </span>
    </p>
   </div>
   <div class='ocr_carea' id='block_1_108' title="bbox 2487 5123 4068 5203">
    <p class='ocr_par' dir='ltr' id='par_1_108' title="bbox 2487 5123 4068 5203">
     <span class='ocr_line' id='line_1_108' title="bbox 2487 5123 4068 5203; baseline 0.008 -28"><span class='ocrx_word' id='word_1_791' title='bbox 2487 5125 2742 5195; x_wconf 79' lang='grc' dir='ltr'>βασάνοις</span> <span class='ocrx_word' id='word_1_792' title='bbox 2775 5123 3046 5194; x_wconf 82' lang='grc' dir='ltr'>ὡμολόγει</span> <span class='ocrx_word' id='word_1_793' title='bbox 3077 5127 3175 5199; x_wconf 80' lang='grc' dir='ltr'>τὴν</span> <span class='ocrx_word' id='word_1_794' title='bbox 3204 5129 3463 5198; x_wconf 83' lang='grc' dir='ltr'>πρόθεσιν</span> <span class='ocrx_word' id='word_1_795' title='bbox 3484 5171 3498 5194; x_wconf 98' lang='grc'><strong>,</strong></span> <span class='ocrx_word' id='word_1_796' title='bbox 3528 5131 3604 5194; x_wconf 84' lang='grc' dir='ltr'><strong>ὡς</strong></span> <span class='ocrx_word' id='word_1_797' title='bbox 3634 5132 3744 5184; x_wconf 85' lang='grc' dir='ltr'>τῶν</span> <span class='ocrx_word' id='word_1_798' title='bbox 3776 5135 4068 5203; x_wconf 81' lang='grc' dir='ltr'>ὁμοφύλων</span> 
     </span>
    </p>
   </div>
   <div class='ocr_carea' id='block_1_109' title="bbox 2488 5217 4068 5294">
    <p class='ocr_par' dir='ltr' id='par_1_109' title="bbox 2488 5217 4068 5294">
     <span class='ocr_line' id='line_1_109' title="bbox 2488 5217 4068 5294; baseline 0.008 -28"><span class='ocrx_word' id='word_1_799' title='bbox 2488 5217 2648 5287; x_wconf 85' lang='grc' dir='ltr'>χάριν</span> <span class='ocrx_word' id='word_1_800' title='bbox 2694 5217 3060 5288; x_wconf 80' lang='grc' dir='ltr'>αὑτομολήσοι</span> <span class='ocrx_word' id='word_1_801' title='bbox 3114 5221 3249 5289; x_wconf 73' lang='grc' dir='ltr'>πρὸς</span> <span class='ocrx_word' id='word_1_802' title='bbox 3296 5220 3526 5283; x_wconf 79' lang='grc' dir='ltr'>θάνατον</span> <span class='ocrx_word' id='word_1_803' title='bbox 3554 5239 3568 5253; x_wconf 88' lang='grc'>·</span> <span class='ocrx_word' id='word_1_804' title='bbox 3607 5223 3700 5277; x_wconf 79' lang='grc' dir='ltr'><strong>καί</strong></span> <span class='ocrx_word' id='word_1_805' title='bbox 3754 5224 3806 5292; x_wconf 81' lang='grc' dir='ltr'>γ’</span> <span class='ocrx_word' id='word_1_806' title='bbox 3853 5226 4068 5294; x_wconf 72' lang='grc' dir='ltr'>ἕτοιμον</span> 
     </span>
    </p>
   </div>
   <div class='ocr_carea' id='block_1_110' title="bbox 2488 5308 4067 5383">
    <p class='ocr_par' dir='ltr' id='par_1_110' title="bbox 2488 5308 4067 5383">
     <span class='ocr_line' id='line_1_110' title="bbox 2488 5308 4067 5383; baseline 0.007 -24"><span class='ocrx_word' id='word_1_807' title='bbox 2488 5308 2679 5360; x_wconf 77' lang='grc' dir='ltr'>ἑαυτὸν</span> <span class='ocrx_word' id='word_1_808' title='bbox 2734 5311 2995 5379; x_wconf 78' lang='grc' dir='ltr'>παρέχειν</span> <span class='ocrx_word' id='word_1_809' title='bbox 3043 5312 3179 5382; x_wconf 72' lang='grc' dir='ltr'>πρδς</span> <span class='ocrx_word' id='word_1_810' title='bbox 3214 5314 3321 5365; x_wconf 78' lang='grc' dir='ltr'>πᾶν</span> <span class='ocrx_word' id='word_1_811' title='bbox 3353 5315 3752 5383; x_wconf 72' lang='grc' dir='ltr'>ἐπερχὸμενον·</span> <span class='ocrx_word' id='word_1_812' title='bbox 3785 5319 3843 5368; x_wconf 86' lang='grc' dir='ltr'><strong>ἐν</strong></span> <span class='ocrx_word' id='word_1_813' title='bbox 3879 5317 4067 5379; x_wconf 83' lang='grc' dir='ltr'>δεινοῖς</span> 
     </span>
    </p>
   </div>
   <div class='ocr_carea' id='block_1_111' title="bbox 2488 5397 4069 5481">
    <p class='ocr_par' dir='ltr' id='par_1_111' title="bbox 2488 5397 4069 5481">
     <span class='ocr_line' id='line_1_111' title="bbox 2488 5397 4069 5481; baseline 0.008 -31"><span class='ocrx_word' id='word_1_814' title='bbox 2488 5397 2532 5450; x_wconf 77' lang='grc' dir='ltr'>δ’</span> <span class='ocrx_word' id='word_1_815' title='bbox 2562 5400 2829 5468; x_wconf 79' lang='grc' dir='ltr'>ἀφύκτοις</span> <span class='ocrx_word' id='word_1_816' title='bbox 2867 5404 2966 5471; x_wconf 82' lang='grc' dir='ltr'>τῆς</span> <span class='ocrx_word' id='word_1_817' title='bbox 2998 5406 3261 5475; x_wconf 76' lang='grc' dir='ltr'>στρατιᾶς</span> <span class='ocrx_word' id='word_1_818' title='bbox 3301 5406 3816 5481; x_wconf 75' lang='grc' dir='ltr'>ἐναπειλημμένης,</span> <span class='ocrx_word' id='word_1_819' title='bbox 3846 5413 3943 5464; x_wconf 74' lang='grc' dir='ltr'>καὶ</span> <span class='ocrx_word' id='word_1_820' title='bbox 3972 5411 4069 5479; x_wconf 66' lang='grc' dir='ltr'>ἤδη</span> 
     </span>
    </p>
   </div>
   <div class='ocr_carea' id='block_1_112' title="bbox 2491 5493 4069 5574">
    <p class='ocr_par' dir='ltr' id='par_1_112' title="bbox 2491 5493 4069 5574">
     <span class='ocr_line' id='line_1_112' title="bbox 2491 5493 4069 5574; baseline 0.004 -31"><span class='ocrx_word' id='word_1_821' title='bbox 2491 5493 2833 5562; x_wconf 82' lang='grc' dir='ltr'>ἐκτετηκόσι,</span> <span class='ocrx_word' id='word_1_822' title='bbox 2885 5499 2950 5563; x_wconf 76' lang='grc' dir='ltr'>τῇ</span> <span class='ocrx_word' id='word_1_823' title='bbox 2995 5512 3052 5547; x_wconf 89' lang='grc' dir='ltr'><strong>τε</strong></span> <span class='ocrx_word' id='word_1_824' title='bbox 3085 5499 3272 5567; x_wconf 73' lang='grc' dir='ltr'>μακρᾷ</span> <span class='ocrx_word' id='word_1_825' title='bbox 3314 5500 3595 5569; x_wconf 74' lang='grc' dir='ltr'>ὁδοιπορία</span> <span class='ocrx_word' id='word_1_826' title='bbox 3630 5502 3723 5552; x_wconf 78' lang='grc' dir='ltr'><strong>καί</strong></span> <span class='ocrx_word' id='word_1_827' title='bbox 3751 5501 3936 5574; x_wconf 76' lang='grc' dir='ltr'>ἐνδείᾳ</span> <span class='ocrx_word' id='word_1_828' title='bbox 3964 5503 4069 5555; x_wconf 75' lang='grc' dir='ltr'>τῶν</span> 
     </span>
    </p>
   </div>
   <div class='ocr_carea' id='block_1_113' title="bbox 2491 5587 4072 5662">
    <p class='ocr_par' dir='ltr' id='par_1_113' title="bbox 2491 5587 4072 5662">
     <span class='ocr_line' id='line_1_113' title="bbox 2491 5587 4072 5662; baseline 0.005 -24"><span class='ocrx_word' id='word_1_829' title='bbox 2491 5587 2830 5653; x_wconf 70' lang='grc' dir='ltr'>ἀναγκαίαν,</span> <span class='ocrx_word' id='word_1_830' title='bbox 2860 5588 3022 5650; x_wconf 69' lang='grc' dir='ltr'>εὐθὺς</span> <span class='ocrx_word' id='word_1_831' title='bbox 3066 5590 3162 5641; x_wconf 73' lang='grc' dir='ltr'><strong>καὶ</strong></span> <span class='ocrx_word' id='word_1_832' title='bbox 3197 5590 3440 5660; x_wconf 80' lang='grc' dir='ltr'>Περσικὴ</span> <span class='ocrx_word' id='word_1_833' title='bbox 3471 5592 3780 5662; x_wconf 79' lang='grc' dir='ltr'>παράταξις</span> <span class='ocrx_word' id='word_1_834' title='bbox 3815 5596 4072 5648; x_wconf 74' lang='grc' dir='ltr'>ἐπεισπί-</span> 
     </span>
    </p>
   </div>
   <div class='ocr_carea' id='block_1_114' title="bbox 2492 5679 4069 5757">
    <p class='ocr_par' dir='ltr' id='par_1_114' title="bbox 2492 5679 4069 5757">
     <span class='ocr_line' id='line_1_114' title="bbox 2492 5679 4069 5757; baseline 0.007 -28"><span class='ocrx_word' id='word_1_835' title='bbox 2492 5695 2615 5730; x_wconf 88' lang='grc' dir='ltr'>πτει</span> <span class='ocrx_word' id='word_1_836' title='bbox 2659 5679 2868 5742; x_wconf 65' lang='grc' dir='ltr'>τούτοις</span> <span class='ocrx_word' id='word_1_837' title='bbox 2906 5682 3049 5748; x_wconf 80' lang='grc' dir='ltr'>μάλα</span> <span class='ocrx_word' id='word_1_838' title='bbox 3083 5683 3351 5753; x_wconf 75' lang='grc' dir='ltr'>λαμπρὰο</span> <span class='ocrx_word' id='word_1_839' title='bbox 3401 5685 3496 5735; x_wconf 61' lang='grc' dir='ltr'>καὶ</span> <span class='ocrx_word' id='word_1_840' title='bbox 3556 5685 3736 5755; x_wconf 69' lang='grc' dir='ltr'>μάχης</span> <span class='ocrx_word' id='word_1_841' title='bbox 3794 5691 4069 5757; x_wconf 66' lang='grc' dir='ltr'>καρτερᾶς</span> 
     </span>
    </p>
   </div>
   <div class='ocr_carea' id='block_1_115' title="bbox 2495 5773 4072 5850">
    <p class='ocr_par' dir='ltr' id='par_1_115' title="bbox 2495 5773 4072 5850">
     <span class='ocr_line' id='line_1_115' title="bbox 2495 5773 4072 5850; baseline 0.004 -27"><span class='ocrx_word' id='word_1_842' title='bbox 2495 5773 2888 5842; x_wconf 70' lang='grc' dir='ltr'>σνῤῥαγείσης,</span> <span class='ocrx_word' id='word_1_843' title='bbox 2907 5775 3107 5843; x_wconf 77' lang='grc' dir='ltr'>ἄνεμος</span> <span class='ocrx_word' id='word_1_844' title='bbox 3159 5775 3415 5844; x_wconf 66' lang='grc' dir='ltr'>ἐκνεφίκς</span> <span class='ocrx_word' id='word_1_845' title='bbox 3442 5778 3677 5842; x_wconf 76' lang='grc' dir='ltr'>πνεύσας</span> <span class='ocrx_word' id='word_1_846' title='bbox 3705 5781 3962 5850; x_wconf 60' lang='grc' dir='ltr'>σφοδρὸν,</span> <span class='ocrx_word' id='word_1_847' title='bbox 3984 5784 4072 5832; x_wconf 66' lang='grc' dir='ltr'><strong>τόν</strong></span> 
     </span>
    </p>
   </div>
   <div class='ocr_carea' id='block_1_116' title="bbox 2495 5864 4066 5944">
    <p class='ocr_par' dir='ltr' id='par_1_116' title="bbox 2495 5864 4066 5944">
     <span class='ocr_line' id='line_1_116' title="bbox 2495 5864 4066 5944; baseline 0.005 -28"><span class='ocrx_word' id='word_1_848' title='bbox 2495 5880 2550 5916; x_wconf 82' lang='grc' dir='ltr'><strong>τε</strong></span> <span class='ocrx_word' id='word_1_849' title='bbox 2577 5864 2806 5934; x_wconf 59' lang='grc' dir='ltr'>οὐρανὸν</span> <span class='ocrx_word' id='word_1_850' title='bbox 2834 5867 2925 5918; x_wconf 55' lang='grc' dir='ltr'>καὶ</span> <span class='ocrx_word' id='word_1_851' title='bbox 2946 5869 3033 5919; x_wconf 83' lang='grc' dir='ltr'>τ“.ν</span> <span class='ocrx_word' id='word_1_852' title='bbox 3063 5868 3216 5938; x_wconf 73' lang='grc' dir='ltr'>ἦλιον</span> <span class='ocrx_word' id='word_1_853' title='bbox 3242 5870 3553 5944; x_wconf 64' lang='grc' dir='ltr'>πυκνοτάτη)</span> <span class='ocrx_word' id='word_1_854' title='bbox 3583 5872 3730 5941; x_wconf 77' lang='grc' dir='ltr'>νέφει</span> <span class='ocrx_word' id='word_1_855' title='bbox 3763 5875 4030 5934; x_wconf 58' lang='grc' dir='ltr'>ἐκάλυπτε</span> <span class='ocrx_word' id='word_1_856' title='bbox 4051 5889 4066 5901; x_wconf 70' lang='grc'>⁸</span> 
     </span>
    </p>
   </div>
  </div>
