4288 6438
204 480 310 542 549

1144 484 1742 544 Etit.l.ESI.\STiC.li
1786 485 2172 544 lllSTJlil.E
2215 488 2364 549 LIB.
2407 489 2476 548 X.

3358 493 3463 554 550

201 597 295 646 καὶ
329 593 426 664 τὴν
457 594 606 648 κίε-λιν
643 596 722 659 εἷς
763 599 900 668 ἀέρα
935 599 1139 668 ὲλίκμα
1170 641 1183 663 ,
1218 599 1441 659 σκότους
1474 597 1670 648 πολλοῦ
1701 597 1793 649 καὶ
1826 605 1863 659 Α

1771 597 1793 649 ‘t
1826 605 1863 659 Α
1897 599 2082 666 prrelio
2118 600 2320 667 ingenti
2373 603 2692 668 commisso,
2747 605 3007 662 turbidus
3048 616 3245 663 ventus
3294 612 3462 663 veho-

198 688 401 755 ὁχλιὶος
432 689 666 756 μάλιστα
692 692 1145 761 ἐπιπολαζούσης.
1182 692 1252 741 Τὸ
1281 691 1338 742 δὲ
1363 690 1630 758 Περσικὸν
1660 693 1783 741 ἐπε-

199 779 420 846 λαῦνον,
459 783 732 849 συνεπῆγε
757 785 850 836 καὶ
879 785 1004 846 τοὺς
1027 785 1394 845 ὑποσπῦνδους
1418 784 1781 852 κοντοφόρους

201 872 558 941 Σαρακηνούς
583 891 594 903 ·
620 868 697 927 ὧν
721 870 803 937 εἷς
829 877 888 927 τὸ
917 876 1044 946 δόρυ
1071 879 1339 938 ἐκτείναί,
1368 877 1603 944 ίσχυρῶς
1630 875 1779 926 παίει

195 966 294 1018 τὸν
329 968 556 1034 βασιλέα
582 970 723 1022 κατὰ
752 971 809 1022 τὸ
841 973 1206 1042 περιτόναιον.
1237 973 1389 1040 ’Ἀμα
1418 971 1472 1022 δὲ
1504 975 1567 1040 τῇ
1606 971 1778 1039 αἰχμῇ

195 1057 533 1130 ἐξελκομένῃ
563 1060 771 1129 κόπρος
803 1062 1159 1132 ἐπηκολούθει
1203 1064 1670 1132 συνεπισπωμένη
1704 1063 1780 1132 τῷ

191 1150 414 1219 αἴματι.
462 1150 567 1205 Τὸν
601 1153 702 1223 μὲν
734 1149 830 1206 οῦν
879 1158 1168 1209 κτείναντα
1199 1151 1279 1219 εἷς
1321 1156 1432 1210 τῶν
1465 1156 1779 1225 δορυφόρων

191 1239 441 1293 ἐπελθὼν
485 1242 588 1310 τῆς
617 1242 864 1312 κεφαλῆς
896 1247 1213 1315 ἀφαιρεῖται
1234 1263 1248 1276 ·
1275 1246 1498 1315 καιρίαν
1527 1245 1579 1296 δὲ
1637 1261 1777 1314 τρω-

189 1330 352 1382 θέντα
384 1331 474 1383 τὸν
503 1329 797 1385 Ἰουλιανὺν
828 1332 915 1386 ἐπ’
958 1335 1186 1396 ἀσπίδος
1215 1336 1262 1387 οἱ
1290 1337 1483 1387 οίκεῖοι
1513 1334 1780 1387 άναλαὸό-

195 1439 376 1490 μενοι,
406 1423 543 1492 πρὸς
566 1423 668 1494 τὴν
700 1424 989 1497 βασιλικὴν
1027 1427 1349 1497 ἀπεχώρουν
1390 1429 1618 1496 σκηνήν.
1651 1429 1777 1481 Τισὶ

185 1515 246 1565 δὲ
283 1516 382 1565 καὶ
407 1513 507 1584 τὴν
543 1515 762 1584 πληγὴν
785 1517 872 1570 διὰ
910 1518 971 1569 τὸ
999 1518 1196 1587 ἁθρόον
1234 1518 1359 1588 μηδ’
1388 1519 1511 1576 ὅθεν
1540 1520 1776 1588 ὲπῆλθεν

192 1604 391 1670 ἰδοῦσι,
436 1607 594 1674 παρὰ
631 1626 776 1670 τινος
810 1610 920 1660 τῶν
966 1610 1188 1662 οἰκείων
1222 1611 1483 1680 ἐνομίσθη
1513 1612 1575 1664 τὸ
1606 1613 1774 1675 πάθος

187 1697 502 1765 προελθεῖν.
539 1700 599 1750 Ol
621 1701 726 1768 μὲν
755 1698 848 1751 οῦν
877 1701 1114 1769 Πέρσην,
1143 1703 1190 1752 οἱ
1216 1702 1272 1753 δὲ
1295 1702 1634 1772 Σαρακηνὸν,
1669 1705 1776 1760 eis}.

185 1788 248 1839 δὲ
273 1787 324 1838 οἳ
358 1790 454 1839 καὶ
490 1787 768 1856 Ῥωμαῖον
805 1807 905 1860 στρ
919 1783 1151 1859 λτίώτην
1178 1791 1610 1860 διισχυρίζονται
1638 1789 1776 1846 εἶναι

183 1879 280 1930 τὶν
337 1879 642 1948 πλήξαντα,
697 1881 1176 1950 ἀγανακτήσαντα,
1237 1881 1310 1943 ὡς
1365 1885 1532 1947 εἰκὸς,
1583 1885 1775 1953 ὅτιπερ

1893 699 2112 741 menter
2151 691 2282 744 tlare
2319 690 2611 760 incipiens,
2641 695 2804 748 densa
2859 697 3001 751 nube
3048 697 3248 752 ccelum
3300 711 3464 767 atque

1889 779 2057 832 Solem
2089 780 2372 846 obscurat,
2417 785 2697 852 pulverem
2727 789 2780 839 in
2816 803 2996 842 aerem
3028 790 3303 844 sublatum
3333 806 3457 844 ven-

1890 868 2028 928 tilat.
2091 871 2494 942 caliginemque
2533 885 2589 930 et
2631 877 2887 931 tenebras
2936 880 3186 947 ingentes
3236 883 3458 937 excitat.

1889 959 1955 1012 Et
2004 960 2256 1015 Persicus
2304 967 2579 1021 exercitus
2655 968 2708 1021 in
2762 981 2980 1024 nostros
3014 971 3252 1037 irruens,
3284 975 3461 1027 socios

1886 1060 2053 1118 atque
2079 1053 2375 1108 auxiliares
2410 1072 2593 1110 secum
2644 1059 2945 1115 Saracenos
2999 1061 3239 1117 hastatos
3290 1065 3463 1118 addu-

1887 1155 2062 1202 xerat.
2098 1146 2297 1201 llorum
2332 1149 2532 1217 aliquis
2564 1152 2717 1204 basta
2749 1163 3028 1220 protensa,
3061 1156 3452 1225 imperatorem

1887 1244 2125 1312 graviter
2155 1243 2408 1297 vulnerat
2442 1263 2455 1297 :
2496 1246 2815 1298 membrana
2859 1263 2922 1300 ea
2955 1264 3076 1316 quae
3109 1249 3455 1318 peritnneum

1886 1337 2107 1398 dicitur,
2147 1346 2202 1389 et
2246 1347 2371 1388 exta
2422 1337 2606 1389 omnia
2662 1337 2999 1393 intrinsecus
3045 1343 3198 1409 tegit,
3240 1341 3312 1395 ita
3345 1343 3458 1398 dia-

1891 1439 2077 1496 rupta,
2124 1438 2183 1481 ut
2212 1427 2439 1497 cuspide
2490 1439 2736 1482 extracta
2789 1443 3141 1486 excrementa
3186 1435 3456 1504 sanguine

1886 1519 2046 1572 mixta
2076 1534 2194 1572 eam
2221 1519 2330 1572 sint
2359 1527 2684 1572 consecuta.
2738 1521 3055 1574 Percussori
3104 1538 3169 1575 ex
3219 1524 3456 1591 impera-

1885 1611 2020 1663 toris
2083 1610 2411 1664 satellitibus
2476 1609 2698 1678 quidam
2757 1621 2924 1679 caput
2992 1617 3296 1681 amputavit
3351 1618 3454 1684 (l).

1886 1701 2273 1770 Imperatorem
2335 1713 2516 1756 autem
2583 1703 2653 1755 ita
2739 1704 3016 1758 lethaliter
3076 1707 3453 1768 vulneratum.

1885 1803 2042 1847 scuto
2081 1794 2436 1860 impositum.
2470 1794 2734 1847 satellites
2781 1796 2898 1864 ejus
2935 1796 2988 1847 in
3039 1797 3454 1852 tabernaculum

1887 1885 2304 1955 imperatorium
2350 1886 2686 1939 detulerunt.
2715 1887 2819 1955 81
2870 1886 3040 1940 Porro
3070 1890 3318 1941 nonnulli
3359 1892 3453 1956 qui

183 1969 422 2040 ἀϐουλίᾳ
454 1971 548 2024 καὶ
593 1971 893 2044 θρασύτητι
922 1975 1151 2044 γνώμης
1199 1974 1468 2046 τοσαύτην
1516 1980 1780 2044 στρατιὰν
1811 1953 1856 2015 Β

1759 1998 1780 2029 ν
1811 1953 1856 2015 Β
1889 1977 2085 2029 vulnus
2119 1976 2264 2030 unde
2299 1976 2634 2043 pervenerit,
2670 1976 2739 2029 ob
2779 1978 3131 2044 repentinum
3171 1978 3452 2033 incnrsttm

185 2082 263 2116 πα
275 2065 618 2134 ραπὼλεσεν.

1887 2083 2112 2136 prorsus
2171 2083 2280 2120 non
2342 2067 2623 2126 viderunt,
2687 2081 2716 2119 a
2781 2069 3042 2136 quapiam
3098 2069 3456 2124 familiarium

183 2175 424 2215 suorum
482 2159 751 2214 intlietum
801 2173 925 2213 esse
966 2158 1375 2214 existimarunt.
1431 2159 1611 2228 Atque
1667 2158 1758 2214 alii
1794 2159 2022 2228 quidem
2085 2159 2334 2222 Persam,
2397 2160 2488 2213 alii
2546 2159 2904 2223 Saracenum,
2967 2173 3093 2214 sunt
3129 2164 3220 2231 qui
3261 2164 3459 2218 Roma-

187 2273 329 2312 num
363 2257 595 2312 militem
623 2273 752 2310 eum
787 2256 1060 2310 occidisse
1100 2255 1393 2318 aﬂirmant.
1461 2256 1809 2325 indignatum
1852 2256 2137 2319 videlicet,
2203 2256 2368 2310 sicuti
2407 2256 2708 2311 verisimile
2744 2266 2882 2322 erat,
2930 2260 3076 2326 quod
3121 2258 3456 2328 imprudenti

188 2351 510 2405 temeritate
555 2360 610 2404 et
653 2348 890 2418 gloriosa
923 2348 1151 2402 audacia
1185 2355 1398 2403 tantum
1431 2349 1760 2419 perdilisset
1796 2353 2123 2404 exercitum.

263 2445 524 2508 Λιϐάνιος
557 2446 614 2499 δὲ
642 2447 670 2497 ὁ
703 2445 872 2514 Σὸρος
908 2445 1195 2513 σοφιστὴς,
1231 2447 1384 2514 φίλος
1428 2445 1578 2515 αὑτῷ
1615 2449 1672 2508 ὲς
1703 2448 1770 2500 τὰ

190 2541 436 2609 μάλιστα
471 2539 568 2592 καὶ
622 2538 949 2600 διδάσκαλος
985 2536 1252 2604 γεγονὼς,
1284 2540 1340 2590 ὲν
1374 2537 1452 2607 τῷ
1485 2539 1568 2601 είς
1612 2539 1776 2590 αὐτὸν

188 2632 477 2700 ἐπιταφίῳ
500 2631 682 2683 τοιάδε
721 2631 850 2700 περὶ
877 2630 967 2683 τοῦ
1002 2630 1310 2693 κτείναντος
1346 2632 1508 2684 αὑτὸν
1537 2632 1772 2700 ίστορεϊο

193 2746 212 2777 ι
263 2723 365 2788 Τίς
395 2720 492 2777 οῦν
525 2727 551 2774 ὸ
600 2723 843 2790 κτείνεις,
887 2723 1045 2775 ποθεῖ
1082 2739 1166 2781 τις
1207 2723 1474 2788 ἁκοῦσαι;
1522 2721 1776 2789 Τοῦνογια

188 2819 304 2883 μὲν
338 2818 440 2868 οὐκ
466 2812 585 2867 οἶδα
609 2829 622 2842 '
658 2813 752 2867 τοῦ
809 2814 864 2866 δὲ
920 2812 994 2882 μὴ
1025 2812 1286 2881 πολέμιον
1327 2810 1467 2867 εἶναι
1497 2814 1588 2866 τὸν
1637 2813 1780 2865 κτεί-

188 2925 373 2962 νᾶντα
410 2909 636 2975 σημεῖον
669 2905 899 2974 ἐναργὲς
933 2905 994 2960 τὸ
1044 2905 1250 2974 μηδένα
1285 2905 1550 2975 πολέμιον
1590 2907 1685 2958 ἐπὶ
1710 2908 1775 2973 τῇ

189 3002 393 3070 πληγῇ
431 2999 804 3067 τετιμῆσθαι³
839 2998 1018 3050 καίτοι
1070 2997 1158 3051 διὰ
1203 2996 1462 3067 κηρύκων
1491 2999 1519 3049 ὁ
1563 2997 1780 3066 Πέρσης

189 3095 395 3150 ἐκάλει
430 3095 527 3144 τὸν
582 3090 948 3152 ἀπεκτονότα,
1000 3091 1094 3143 καὶ
1142 3091 1401 3157 μεγάλων
1437 3089 1652 3158 ὑπῆρχε
1701 3089 1779 3158 τῷ

191 3187 430 3255 φανέντι
461 3184 670 3251 τυχεῖν.
717 3181 859 3233 Ἀλλ’
892 3182 1045 3249 ὅμως
1077 3180 1186 3233 οὐδ’
1226 3181 1392 3251 ἔρωτι
1423 3180 1603 3249 γερῶν
1649 3180 1782 3248 ἠλα-

1954 2445 2222 2501 Libanius
2265 2461 2394 2500 sane
2428 2444 2601 2516 Syrus
2640 2447 2906 2516 sOphista,
2935 2447 3145 2502 amicus
3171 2449 3290 2520 ejus
3324 2450 3456 2503 inti-

1881 2553 2004 2590 mus
2056 2547 2111 2590 et
2161 2546 2483 2606 prteccptor.
2510 2537 2576 2591 de
2613 2553 2937 2607 percussore
2965 2541 3082 2608 ejus
3133 2541 3187 2593 in
3238 2541 3456 2596 funebri

1879 2629 2146 2693 oratione,
2207 2644 2370 2698 quam
2406 2628 2474 2683 de
2520 2645 2587 2683 eo
2637 2634 2967 2700 composuit,
3025 2635 3148 2687 talia
3209 2635 3454 2691 scribit:

1887 2737 1906 2772 ι
1957 2719 2091 2785 Quis
2145 2720 2311 2789 igitur
2349 2737 2474 2774 eum
2525 2721 2886 2787 interemerit,
2935 2725 3128 2777 audire
3181 2725 3454 2794 quispiam

1881 2812 2075 2880 cupit?
2098 2811 2306 2868 Nomen
2334 2814 2456 2881 ejus
2486 2814 2690 2867 nescio.
2724 2813 2841 2866 Non
2869 2814 3080 2868 hostem
3112 2825 3293 2870 autem
3328 2833 3455 2885 per-

1882 2919 2160 2958 cussorem
2199 2921 2324 2959 eum
2349 2905 2538 2969 fuisse,
2572 2916 2819 2972 apertum
2855 2906 3114 2959 indiciuzn
3145 2917 3228 2961 est
3251 2948 3265 2971 ,
3308 2909 3454 2975 quod

1883 3010 1946 3048 ex
2003 2996 2254 3051 hostibus
2294 3011 2456 3052 nemo
2503 2997 2746 3050 vulneris
2782 2998 2902 3066 ejus
2930 2999 3152 3051 nomine
3190 3000 3454 3052 honorem

1883 3095 1938 3141 ct
1969 3090 2251 3155 pm'mium
2288 3089 2564 3155 acceperit
2593 3102 2606 3139 :
2639 3104 2760 3141 cum
2791 3089 3011 3157 quidem
3045 3090 3333 3143 Persarum
3361 3106 3454 3144 rex

1885 3194 1982 3247 per
2015 3193 2290 3245 pracones
2324 3192 2700 3246 percussorem
2752 3180 2872 3248 ejus
2914 3180 3338 3241 evocaverit,.et
3371 3180 3457 3233 in-

192 3275 536 3341 ζονεύσατο.
571 3273 684 3326 Καὶ
737 3272 910 3342 πολλή
939 3290 1002 3340 γε
1056 3274 1167 3334 τοῖς
1201 3271 1488 3341 πολεμίοις
1530 3271 1563 3340 ἡ
1599 3271 1777 3340 χάρις,
1809 3259 1850 3314 C

1763 3309 1777 3333 ,
1809 3259 1850 3314 C
1885 3271 2087 3338 gentia.
2129 3271 2223 3337 qui
2281 3284 2399 3323 sese
2460 3270 2773 3334 indicasset,
2835 3271 3054 3339 pnemia
3097 3280 3456 3339 percepturus

188 3373 282 3421 ὅτι
314 3361 393 3419 ὦν
423 3367 525 3418 οὐκ
557 3365 818 3434 ἔδρασαν,
843 3365 904 3415 οὐ
933 3363 1265 3433 προσέθεντο
1290 3366 1390 3432 τὴν
1421 3361 1602 3425 δόξαν.
1631 3359 1779 3415 Ἀλλ’

188 3461 396 3514 ἔδοσαν
419 3462 555 3526 παρ’
582 3459 716 3526 ἡμῖν
744 3457 931 3517 αὐτοῖς
957 3459 1046 3506 τον
1074 3456 1285 3523 σφαγέα
1312 3453 1518 3523 ζητεῖν.
1549 3448 1642 3515 Οἷς
1672 3452 1781 3522 γάρ

187 3555 301 3605 οῦκ
337 3547 642 3605 ἐλυσιτέλει
689 3548 838 3612 ζῶν·
874 3541 1022 3599 οἶιτοι
1055 3547 1111 3599 δὲ
1174 3541 1318 3615 ἦσαν
1369 3546 1417 3596 oi
1467 3544 1668 3608 ζῶντες
1717 3544 1779 3594 οὑ

187 3641 344 3695 tua
373 3640 505 3700 τοὺς
537 3638 761 3705 νόμους,
805 3635 974 3688 πάλαι
1002 3651 1062 3686 τε
1104 3634 1487 3696 ἑπεὸούλευον,
1521 3634 1613 3684 καὶ
1661 3632 1781 3684 τότε

185 3732 527 3801 δυνηθέντες
563 3732 897 3798 εἰργάσαντο
918 3747 932 3761 ·
956 3731 1056 3799 τῆς
1083 3745 1141 3781 τε
1177 3729 1342 3795 ἄλλης
1376 3729 1590 3790 ἀδικίας
1615 3729 1783 3796 άναγ-

187 3825 507 3893 καζούσης,
542 3825 645 3877 οὐκ
689 3822 921 3892 ἐχούσης
971 3824 1061 3874 ἐπὶ
1112 3824 1210 3888 τῆς
1259 3821 1466 3874 ἐκείνου
1500 3821 1778 3890 βασιλείας

185 3921 490 3985 ἐξουσίαν’
542 3917 641 3969 καὶ
681 3914 921 3984 μάλιστά
958 3931 1018 3982 γε
1051 3914 1112 3966 τὸ
1138 3915 1406 3984 τιμᾶσθαι
1447 3917 1570 3976 τοὺς
1601 3915 1776 3978 θεοὺς,

185 4015 238 4064 οἳ
275 4008 599 4062 τουναντίον
629 4007 880 4077 ἐζήτουν.
926 4027 944 4059 ι
989 4006 1048 4057 ὐ
1096 4006 1195 4074 μὲν
1224 4006 1318 4058 οὖν
1347 4007 1604 4066 Λιϐάνιος
1633 4005 1780 4056 ἔοικε

187 4103 534 4173 Χριστιανὸν
558 4102 741 4169 λέγειν
765 4100 859 4152 τὸν
889 4097 1108 4167 σφαγέα
1143 4097 1236 4151 τοῦ
1288 4097 1612 4165 παραδάτου
1637 4111 1652 4125 ·
1689 4096 1782 4146 καὶ

186 4199 354 4254 οὐδὲν
380 4194 616 4256 ἀπεικὸς
644 4193 754 4244 τῶν
783 4191 1040 4260 τηνικάδε
1077 4189 1519 4260 στρατευόμενον
1550 4189 1630 4249 εἰς
1656 4187 1781 4242 νοῦν

189 4291 281 4359 βα)
301 4293 407 4352 εἶν,
443 4288 515 4347 ὡς
541 4285 856 4355 δ’τύραννον
886 4283 1098 4336 ἀνελὼν
1127 4283 1195 4333 δι’
1222 4281 1446 4333 ἐπαίνου
1469 4279 1781 4348 παρ’ἆπασι

188 4383 474 4447 πέφυκεν,
516 4378 612 4431 ἅτε
655 4377 722 4446 δὴ
753 4376 854 4444 τῆς
921 4375 1108 4441 κοινῆς
1142 4375 1454 4444 ἐλευθερίας
1504 4373 1781 4442 ᾑρημένος

189 4475 423 4527 θανείνο
458 4472 588 4532 ίσως
637 4469 695 4523 δὲ
721 4469 815 4523 καί
850 4485 961 4520 τισι
1011 4468 1121 4520 τῶν
1166 4467 1408 4534 γνησίων
1457 4465 1777 4533 ὲπαμύνων.

193 4569 304 4622 Καὶ
337 4566 443 4619 οὐκ
477 4565 543 4618 ἄν
572 4580 658 4624 τις
692 4563 890 4631 ἐκείνῳ
923 4560 1204 4628 μέμψαιτο
1225 4559 1312 4610 διὰ
1335 4557 1466 4610 Θεὸν
1499 4562 1588 4608 κσιί
1613 4555 1782 4624 θρησ-

193 4660 356 4710 κείαν
388 4656 635 4723 ἑλομένῳ
691 4652 1194 4722 προκινδυνεῦσαι·
1239 4651 1364 4718 ἐμοὶ
1412 4649 1469 4702 δὲ
1514 4647 1782 4715 περὶτῶν

193 4753 318 4818 είρη
329 4750 515 4812 μένων
541 4744 1082 4814 διακρισολογεῖσθαι
1105 4741 1414 4808 λελόγισται
1441 4739 1573 4806 παρ’
1593 4739 1748 4791 οὐδέν
1764 4753 1777 4767 ·

190 4845 286 4893 xz".
320 4847 433 4909 γὰρ
457 4840 551 4890 καὶ
573 4839 876 4898 Κάλλιστος
905 4841 930 4888 ὁ
956 4837 1024 4887 τὰ
1055 4836 1175 4887 κατ’
1202 4835 1363 4885 αὐτον
1393 4834 1560 4902 ήρώῳ
1591 4833 1777 4902 μέτρῳ

192 4930 513 4993 διεξελθὼν,
552 4926 620 4978 τὰ
656 4925 805 4976 κατὰ
845 4924 937 4974 τὸν
973 4923 1212 4989 πόλεμον
1260 4922 1642 4989 διηγούμενος,
1677 4920 1779 4971 ὑπὸ

192 5020 457 5089 δαίμονός
491 5035 632 5086 φησι
689 5014 970 5084 πληγέντα
1014 5015 1205 5067 τοῦτον
1240 5013 1442 5066 θανεῖν.
1478 5013 1669 5081 Ὅμως
1701 5028 1780 5062 τι-

198 5115 317 5182 μῶν
352 5114 449 5164 τὸν
479 5111 690 5164 οἰκεῖον
719 5109 987 5178 δεσπότην
1022 5106 1194 5171 οὕτως
1236 5105 1498 5175 ἔγραψεν.
1532 5105 1690 5164 Ἴσως
1734 5102 1778 5155 δ’

193 5207 260 5260 ἂν
320 5206 422 5258 καὶ
477 5202 746 5268 ἀληθείας
778 5201 865 5265 εἴη
919 5201 1215 5268 ἐχόμενονο
1267 5199 1366 5250 οὐκ
1416 5197 1638 5263 ὀλίγους
1669 5195 1780 5264 γὰρ

193 5299 446 5368 ἑριννύες
511 5293 802 5364 μετῆλθον.
858 5294 946 5356 Ὠς
995 5292 1041 5343 δ’
1088 5291 1460 5360 ἀληθέστατος
1511 5290 1632 5340 λίαν
1684 5290 1779 5340 καὶ

194 5393 496 5458 σύμφωνος
532 5388 729 5456 κρατεί
790 5383 947 5451 λόγος
994 5381 1336 5451 ἁπανταχοῦ,
1392 5381 1486 5434 καὶ
1524 5382 1602 5442 είς
1633 5381 1780 5450 ἡμᾶς

193 5484 455 5551 ἀφίκετο,
479 5482 626 5530 κατὰ
658 5477 956 5545 θεομηνίαν
1006 5474 1296 5536 Ἰουλιανὸς
1322 5474 1659 5541 ἀναιρεῖται·
1687 5473 1782 5522 καὶ

197 5574 420 5642 σφαγέα
451 5570 647 5622 τούτου
679 5567 853 5636 βίϐλοι
890 5569 1023 5636 ἡμῖν
1055 5563 1197 5620 εἶναι
1239 5566 1329 5617 τὸν
1371 5565 1538 5616 πολὺν
1563 5563 1656 5616 καὶ
1684 5565 1780 5632 μέ-

194 5683 298 5733 γαν
324 5661 687 5731 Μερκούριον
727 5660 1081 5712 ὲκδεδώκασι.

1885 3359 2069 3412 fuerit.
2108 3358 2212 3411 Sed
2247 3373 2315 3412 ne
2350 3373 2541 3412 eorum
2574 3362 2793 3428 quidem
2825 3361 3125 3430 cupiditate
3159 3364 3451 3432 quisquam

1883 3462 1967 3506 est
1998 3452 2287 3511 adductus,
2311 3461 2371 3504 ut
2402 3451 2614 3508 {acinus
2645 3452 2747 3505 sibi
2781 3462 2990 3505 tantum
3017 3455 3448 3522 perjactantiam

1885 3552 2188 3613 arrogaret.
2254 3542 2321 3597 Et
2386 3543 2554 3596 multa
2618 3544 2862 3613 profecto
2924 3545 3172 3599 hostibus
3219 3546 3457 3600 debetur

1885 3637 2080 3704 gratia.
2133 3635 2277 3704 quod
2330 3635 2486 3703 cujus
2543 3636 2666 3689 laeti
2733 3645 2987 3692 auctores
3042 3653 3150 3690 non
3206 3638 3451 3702 fuerunt,

1883 3727 2129 3798 ejusdem
2174 3727 2276 3781 sibi
2311 3727 2536 3796 glorianti
2573 3742 2683 3780 non
2717 3728 3082 3783 vindicarunt.
3137 3727 3241 3783 Sed
3275 3730 3454 3793 nobis,

1886 3829 1946 3874 ut
1979 3821 2390 3874 interfectorem
2429 3821 2848 3888 inquireremus,
2895 3822 3298 3888 permiserunt,
3332 3824 3458 3893 qui-

1883 3913 1988 3966 bus
2023 3913 2175 3965 illum
2209 3911 2418 3965 diutius
2444 3912 2627 3966 vivere
2648 3913 2792 3966 bono
2821 3927 2927 3964 non
2957 3912 3081 3966 fuit.
3103 3913 3242 3967 Sunt
3273 3925 3454 3968 autem

1885 4007 1994 4070 isti,
2040 4006 2132 4073 qui
2176 4005 2339 4058 nullis
2386 4005 2574 4056 vivunt
2615 4004 2846 4073 legibus.
2882 4004 2984 4072 Qui
3011 4006 3250 4074 'quidem
3307 4010 3455 4076 quod

1885 4096 2092 4150 dudum
2126 4105 2253 4147 sunt
2285 4095 2490 4160 conati,
2518 4104 2628 4146 tum
2660 4095 2878 4148 demum
2910 4110 3033 4148 cum
3067 4107 3308 4164 possent,
3337 4114 3460 4165 per-

1883 4195 2153 4256 egerunt:
2198 4185 2483 4254 iniquitate
2528 4186 2737 4253 reliqua
2781 4201 2877 4240 cos
2915 4197 3163 4255 cogente.
3210 4190 3295 4242 cui
3352 4195 3454 4242 sub

1885 4280 2030 4333 illius
2075 4279 2304 4346 imperio
2357 4279 2510 4331 locus
2561 4294 2669 4331 non
2718 4279 2840 4342 luit,
2873 4289 2927 4333 et
2962 4280 3192 4333 maxime
3226 4281 3452 4335 deorum

1883 4373 2058 4434 cultu,
2083 4371 2168 4423 cui
2215 4370 2316 4438 ipsi
2360 4371 2590 4423 maxime
2640 4379 2767 4422 sunt
2807 4371 3100 4425 adversati.
3134 4391 3152 4422 ι
3190 4371 3454 4426 Libanius

1884 4463 2106 4531 quidem
2166 4461 2539 4516 Christianum
2579 4462 2746 4515 fuisse
2776 4465 3197 4531 lransgressoris
3228 4479 3452 4534 percus-

1887 4573 2063 4610 sorem
2094 4595 2108 4619 ,
2158 4555 2342 4609 dicere
2382 4554 2618 4607 videtur.
2659 4554 2846 4623 Neque
2884 4556 3288 4610 dissentaneum
3349 4567 3454 4621 est,

1890 4649 2129 4716 aliquem
2164 4661 2230 4699 ex
2271 4647 2537 4698 militibus
2569 4647 2660 4713 qui
2686 4646 2789 4699 sub
2815 4647 2984 4714 signis
3004 4649 3122 4717 ejus
3140 4660 3314 4713 erant,
3341 4653 3453 4703 haec

1889 4739 1968 4794 lie
2003 4753 2188 4791 secum
2245 4737 2620 4789 considerasse
2650 4749 2661 4784 :
2705 4736 2850 4802 quod
2888 4735 2933 4788 si
2982 4739 3072 4803 qui
3104 4737 3234 4790 olim
3270 4747 3454 4807 tyrun-

1881 4844 2012 4885 num
2043 4826 2376 4888 sustulisset.
2399 4825 2446 4879 is
2473 4825 2540 4878 ab
2570 4826 2826 4880 omnibus
2853 4836 3074 4894 propter
3102 4841 3450 4881 communem

1882 4920 2192 4973 libertatem
2229 4917 2604 4978 asserendam,
2631 4927 2725 4970 aut
2753 4918 2990 4985 aliquem
3025 4931 3090 4970 ex
3125 4918 3454 4972 necessariis

1881 5020 1936 5063 et
1968 5007 2290 5078 propinquis
2323 5007 2737 5069 vindicandum,
2773 5004 2858 5058 vel
2886 5019 3009 5058 cum
3056 5006 3178 5059 vitae
3209 5007 3452 5073 periculo

1882 5102 2094 5158 facinus
2143 5109 2352 5153 tantum
2409 5114 2615 5159 ausus.
2651 5097 2865 5150 laudem
2909 5097 3096 5152 retulit
3132 5112 3346 5166 :neque
3395 5113 3456 5151 se

1883 5207 2212 5262 quemquam
2266 5192 2726 5260 reprehensurum
2758 5205 2878 5244 esse
2898 5231 2912 5254 ,
2949 5191 2994 5244 si
3026 5190 3116 5243 Dei
3149 5200 3205 5243 et
3233 5190 3453 5259 religio-

1884 5290 1967 5341 nis
1985 5302 2170 5348 Causa,
2207 5300 2265 5338 se
2294 5285 2347 5338 in
2378 5293 2586 5337 certum
2638 5283 2939 5350 periculum
2974 5282 3287 5350 conjiceret.
3320 5282 3450 5338 Mihi

1885 5396 2012 5432 vero
2041 5378 2107 5430 de
2157 5377 2243 5429 his
2285 5391 2405 5443 qua:
2434 5376 2579 5428 dicta
2624 5376 2774 5426 varie
2823 5385 2982 5437 sunt,
3011 5373 3318 5426 accuratius
3369 5373 3453 5425 in-

1884 5471 2105 5538 quirere
2152 5469 2374 5520 niinime
2411 5465 2780 5519 necessarium
2811 5465 3046 5517 videtur.
3087 5465 3216 5515 Nam
3249 5472 3303 5516 et
3332 5461 3452 5517 Cal-

1884 5563 2064 5624 listus,
2100 5561 2192 5628 qui
2229 5574 2318 5612 res
2367 5559 2488 5624 ejus
2532 5559 2751 5611 heroico
2785 5572 2945 5609 versu
2977 5556 3294 5623 complexus
3339 5546 3447 5616 est,

1886 5658 2045 5706 rebus
2094 5651 2308 5706 bellicis
2337 5649 2602 5718 expositis
2627 5689 2641 5712 ,
2672 5665 2701 5702 a
2738 5649 2984 5702 daemone
3029 5662 3156 5700 eum
3192 5648 3448 5699 vulnera.

196 5775 309 5817 tum
335 5757 678 5815 occubuisse
706 5757 1054 5824 dicit.Atque
1080 5757 1124 5809 is
1154 5755 1366 5810 tametsi
1401 5755 1595 5808 herum
1655 5768 1813 5807 suum
1858 5752 2065 5804 honore
2136 5760 2604 5816 pruscqueretur,
2661 5747 2775 5798 lttrc
2853 5754 3032 5799 tamen
3085 5745 3326 5812 scripsit.
3388 5743 3454 5796 lit

272 5881 347 5942 ll)
381 5877 756 5932 Snzoinenus.
789 5888 1169 5940 percussorem
1201 5871 1399 5926 Juliani
1437 5879 1556 5939 post
1585 5871 1782 5942 vulnus

198 5949 274 6004 il’i
314 5948 616 6012 inllictum,
663 5946 909 6009 latuisse,
967 5954 1022 5999 et
1066 5958 1208 6012 equo
1245 5944 1479 5997 admisso
1509 5942 1633 6011 fuga
1668 5941 1769 5994 sibi

1892 5866 2238 5921 consuluisse
2277 5865 2445 5919 dicit:
2483 5867 2590 5919 Καὶ
2619 5865 2712 5919 τοῦ
2742 5866 2913 5918 ἵππου
2935 5861 3278 5924 καταλαϐὼν,
3305 5863 3451 5924 iam;

1883 5933 1971 6009 ἦν,
2005 5939 2211 6007 ἀπῇ).οε
2241 5936 2440 5988 nam.
