4288 6438
779 402 883 463 δ55

1969 397 2387 459 NlCEPilORl
2430 400 2778 458 CALLISTI

3918 404 4025 468 555

773 528 922 570 mare
951 511 1263 568 vehementi
1299 519 1430 567 testu
1461 510 1761 577 concitum,
1787 520 1842 566 ct
1877 512 2017 565 ultra
2055 512 2190 566 ﬁnes
2215 527 2344 566 suos
2374 520 2410 571 Α
2443 531 2466 566 τ

2333 528 2344 566 ἱ
2374 520 2410 571 Α
2443 514 2542 580 τῆς
2572 515 2744 583 ξηρᾶς
2768 509 2920 583 ἦλθε,
2957 515 3050 567 καὶ
3095 515 3302 587 ταύτην
3333 513 3669 570 κατέκλυσεν
3695 531 3707 544 ·
3746 512 3887 568 ὥστε
3926 520 4026 570 καὶ

775 621 1145 677 progressum,
1166 607 1241 659 ita
1275 604 1483 658 diluvio
1510 602 1715 657 aridam
1746 613 1799 658 et
1829 604 2200 658 continentem
2228 613 2340 658 ter-

777 716 888 753 ram
920 699 1227 762 inundavit,
1264 706 1323 751 ut
1366 712 1432 751 eo
1468 698 1521 751 in
1555 698 1733 750 locum
1763 712 1924 750 suum
1959 711 2210 767 regresso
2237 736 2250 757 ,
2285 697 2340 750 in

775 802 1043 846 tectorum
1072 791 1267 858 tegulis
1291 789 1506 859 scaphae
1531 788 1752 842 marinae
1771 788 1880 841 sint
1911 796 2161 856 repertas.
2187 787 2341 843 Unde

773 883 1149 946 Alexandrini,
1210 882 1278 936 ab
1329 897 1393 934 co
1455 890 1698 949 tempore
1734 893 1841 948 quo
1882 878 2002 933 talis
2054 878 2343 933 inundatio

775 987 961 1032 coorta
1023 986 1124 1040 est,
1179 975 1323 1028 diem
1389 972 1586 1028 festum
1627 986 1752 1026 eum
1806 980 2149 1042 peragentes,
2197 971 2344 1026 faces

777 1072 975 1125 mullus
1015 1071 1068 1124 in
1103 1069 1238 1122 urbe
1275 1067 1603 1131 accendunt,
1646 1065 2090 1134 carminibusque
2125 1073 2179 1118 et
2218 1081 2345 1135 gra-

778 1166 972 1217 tiarum
1009 1162 1313 1215 actionibus
1349 1161 1484 1214 iram
1524 1157 1618 1212 Dei
1669 1158 1949 1228 supplices
1972 1157 2219 1225 placant,
2251 1171 2342 1210 so-

776 1257 1221 1322 lcmnitatemque
1269 1251 1702 1307 anniversariam
1755 1265 1877 1303 cum
1911 1251 2106 1319 insigni
2142 1250 2344 1319 pietate

774 1355 828 1398 et
855 1345 1119 1413 religione
1150 1344 1459 1396 observant.
1495 1340 1779 1394 Siccitates
1808 1340 1972 1393 etiam
2018 1340 2246 1393 intensa:
2277 1354 2344 1394 eo

777 1440 1081 1506 imperante
1145 1450 1266 1489 eum
1325 1435 1506 1504 fruges
1553 1434 1953 1493 exstinxcrunt,
2007 1440 2122 1484 tum
2159 1446 2342 1485 aerem

774 1544 994 1599 quoque
1039 1527 1355 1597 pestiferum
1402 1525 1712 1581 reddidere.
1768 1524 2111 1593 Quapmptcr
2166 1523 2346 1577 homi-

775 1623 936 1676 nibus
970 1636 1150 1674 rerum
1185 1621 1411 1689 penuria
1443 1619 1666 1687 pressis,
1715 1616 1885 1694 fames
1923 1615 2220 1670 admodum
2251 1631 2349 1670 ex-

774 1714 969 1779 crevit,
1025 1711 1135 1782 85
1175 1712 1315 1765 adeo
1351 1721 1408 1765 ut
1435 1711 1688 1764 homines
1731 1709 1796 1763 ad
1832 1710 2083 1764 insolitas
2116 1724 2345 1778 prorsus

774 1809 896 1859 vita:
928 1807 1148 1873 agendze
1186 1803 1460 1865 rationes,
1486 1811 1540 1856 ct
1567 1803 1633 1855 ad
1667 1802 2069 1856 irrationalium
2096 1801 2347 1856 animan-

2453 604 2590 672 ὑπὲρ
2624 604 2729 657 τῶν
2765 608 3051 675 κεράμων,
3078 607 3175 660 τοῦ
3203 607 3396 671 ὓδατος
3431 607 3588 668 αῦοις
3620 607 4029 678 ὑπονοστήσαν-

2449 712 2560 755 τος,
2589 694 2855 771 θαλάττια
2879 696 3172 766 εὑρεθῆναι
3213 698 3420 768 σκάφη.
3451 700 3516 751 ’0
3546 699 3610 769 δὴ
3647 696 4026 766 Ἀλεξανδρεῖς

2449 790 2536 840 ἀεὶ
2571 788 2910 842 διατελοῦσιν
2943 791 3140 860 ἑορτὴν
3182 792 3406 859 ἄγοντες
3445 794 3501 857 ἐξ
3546 793 3755 845 ἐκείνου
3797 792 3918 844 καθ’
3957 793 4026 860 ἣν

2448 879 2666 948 ἡμέραν
2714 880 2966 948 ἐγένετο·
3031 880 3252 951 λύχνους
3317 880 3546 945 πολλοὺς
3602 885 3848 946 καίοντες
3917 885 4026 936 ἀνά

2450 975 2633 1026 πᾶσαν
2664 973 2761 1044 τὴν
2803 974 2980 1041 πόλιν,
3036 977 3418 1045 χαριστηρίοις
3449 993 3509 1028 τε
3563 977 3729 1046 ᾠδαῖς
3771 967 3861 1030 τδν
3891 978 4028 1030 Θεξν

2452 1064 2775 1133 ἱλεούμενοι,
2811 1065 3148 1133 δυσωποῦσι,
3180 1068 3504 1136 περιφανῶς
3556 1069 3699 1139 μάλα
3732 1069 3832 1124 σὺν
3860 1071 4026 1123 εὐλα-

2449 1157 2572 1230 ϐείᾳ
2625 1158 2855 1228 ἐτησίως
2889 1160 3098 1228 ταύτην
3154 1160 3562 1226 ἐπιτελοῦντες.
3625 1163 3728 1217 Ναὶ
3787 1166 3896 1234 μὴν
3930 1163 4029 1215 καὶ

2448 1252 2652 1322 αὐχμοὶ
2687 1254 2893 1321 σφόδρα
2925 1256 3150 1318 ἑαυτοὺς
3178 1257 3574 1322 ἐπιτείναντες,
3603 1257 3695 1310 ἐπὶ
3722 1259 3819 1328 τῆς
3854 1260 4026 1311 αὑτοῦ

2448 1345 2771 1414 ἡγεμονίας.
2797 1345 2922 1410 τούς
2955 1365 3014 1402 τε
3042 1349 3294 1416 καρποὺς
3329 1349 3610 1417 ἔφθειρεν,
3650 1351 3744 1403 και,
3776 1354 3865 1400 τὸ,
3886 1351 4028 1418 ἀέρα

2450 1436 2777 1508 φθοροποιὸν
2802 1440 3236 1510 ἀπειργάσαντο.
3266 1441 3578 1495 Κάκιτεῦθεν
3615 1445 3682 1513 τῇ
3717 1443 3893 1512 ἐνδείᾳ
3918 1443 4028 1494 τῶν

2449 1527 2755 1597 ἀνθρώπων
2793 1531 3153 1600 πιεζομένων,
3188 1533 3328 1586 κατά
3353 1531 3515 1601 βάθος
3542 1535 3569 1586 ὁ
3600 1533 3758 1602 λιμὸς
3792 1533 4025 1601 ἐχώρει,

2451 1620 2546 1672 καὶ
2578 1619 2657 1681 είς
2692 1620 2792 1682 τὰς
2816 1621 2927 1672 τῶν
2961 1620 3173 1688 ἀλόγων
3205 1621 3357 1686 ζώων
3391 1624 3617 1692 τροφὰς,
3659 1625 3850 1684 xci-.51.;
3877 1626 4025 1693 ἀήθη

2449 1709 2663 1764 δίαιταν
2712 1712 2774 1764 τὸ
2815 1713 3158 1783 ἀνθρώπινον
3193 1715 3417 1783 ἤλαυνε.
3461 1716 3550 1784 Τῴ
3591 1716 3646 1768 δὲ
3675 1715 3820 1784 λιμῷ
3850 1715 4026 1783 τούτῳ

2450 1800 2546 1852 καὶ
2575 1800 2734 1870 λιμὸς
2761 1800 2952 1870 ἕτερος
2988 1801 3303 1870 ἠκολούθει,
3335 1805 3428 1855 καὶ
3471 1805 3585 1865 τοῖς
3618 1804 3868 1873 σώμασιν
3902 1806 4027 1857 ἐλυ-

776 1900 907 1950 tium
966 1898 1224 1949 alimenta
1277 1895 1386 1947 sint
1425 1894 1694 1948 conversi.
1747 1893 1966 1948 Famem
1996 1908 2130 1948 vero
2184 1896 2343 1949 istam
2378 1892 2419 1948 Β
2451 1909 2469 1961 ιη

2334 1892 2419 1948 ιΒ
2451 1891 2698 1961 μαίνετο,
2766 1894 2955 1956 νόσους
3013 1895 3267 1957 ποικίλας
3321 1895 3662 1963 ἁπογεννῶν,
3710 1893 3769 1960 ἐξ
3823 1889 3898 1948 ὧν
3961 1897 4027 1948 τὰ

775 1991 1082 2059 pestilentia
1114 2000 1197 2044 est
1247 2001 1563 2054 consecuta,
1619 2003 1740 2058 qua:
1781 2002 2009 2056 corpora
2038 1985 2343 2050 infestavit,

773 2093 826 2136 et
859 2083 1036 2135 varios
1070 2081 1357 2151 progenuit
1388 2081 1630 2144 morbos,
1653 2080 1797 2135 unde
1821 2078 2042 2148 plurimi
2083 2078 2349 2132 mortales

776 2176 1055 2230 interiere.
1085 2172 1285 2227 Juliani
1341 2189 1428 2228 res
1476 2173 1624 2227 hunc
1662 2173 1905 2227 habuere
1954 2171 2143 2235 ﬁnem,
2171 2172 2347 2226 omni-

775 2269 878 2323 bus
902 2269 1119 2338 quidem
1150 2266 1496 2329 Christianis,
1535 2265 1810 2335 praecipue
1845 2276 2024 2319 tamen
2047 2265 2346 2320 Antioche-

777 2363 885 2425 nis,
919 2343 1132 2429 gratum
1161 2369 1216 2414 et
1240 2359 1579 2431 jucundum:
1610 2358 1701 2428 qui
1735 2368 1954 2427 propter
1988 2357 2190 2412 caadem
2225 2359 2346 2426 ejus

773 2454 992 2521 publico
1020 2451 1273 2506 instituto
1331 2450 1602 2520 tripudio,
1630 2449 1924 2502 Maximum
1965 2448 2128 2503 etiam
2162 2449 2348 2517 philo-

773 2550 1007 2613 sophum
1057 2542 1316 2597 convitiis
1366 2542 1764 2611 prosciderunt,
1813 2539 1946 2592 illud
2010 2539 2344 2602 accinentes,

783 2657 800 2689 ι
831 2637 930 2692 Ubi
954 2645 1082 2690 sunt
1111 2635 1476 2690 divinationes
1505 2643 1629 2695 tuae,
1660 2632 1824 2687 stulte
1851 2631 2124 2684 Maxime?
2152 2649 2169 2681 ι
2204 2629 2348 2684 Vicit

776 2731 947 2791 Deus,
983 2737 1037 2782 et
1070 2728 1320 2781 Christus
1344 2726 1482 2793 ejus.
1512 2725 1677 2780 Multa
1710 2733 1890 2778 autem
1935 2723 2112 2791 capita
2141 2730 2196 2775 et
2224 2735 2348 2774 cor-

776 2835 906 2888 pora
948 2819 1232 2872 hominum
1263 2818 1634 2888 jugulatorunt
1672 2815 1725 2869 in
1767 2814 1940 2876 cistis,
1970 2814 2023 2866 in
2054 2813 2256 2881 puteis,
2289 2821 2348 2867 et

775 2912 830 2965 in
861 2910 993 2965 locis
1017 2911 1409 2974 secretioribus
1443 2909 1804 2978 imperatoria:
1854 2907 2009 2970 aulze,
2041 2905 2346 2960 Antiochiae

775 3013 904 3058 sunt
930 3013 1168 3074 reperta,
1194 3018 1332 3073 qnos
1362 3003 1472 3064 ille,
1501 3017 1588 3056 res
1613 3001 1826 3055 futuras
1859 2998 2162 3068 inquirens,
2200 2998 2340 3052 clam

777 3097 1048 3152 mactavit.
1089 3096 1265 3151 Sicuti
1299 3106 1355 3150 ct
1395 3097 1446 3148 in
1478 3093 1681 3163 oppido
1712 3093 1918 3147 Carris.
1950 3091 2082 3145 Nam
2112 3090 2186 3143 ibi
2213 3100 2346 3143 tem-

775 3191 924 3259 plum
959 3187 1236 3255 ingressus
1264 3196 1368 3251 est,
1397 3185 1715 3252 foribusque
1744 3184 1910 3252 probe
1952 3181 2203 3236 claustris
2227 3195 2345 3232 mu-

2452 1983 2678 2038 πλεῖστα
2707 1985 2816 2038 τῶν
2852 1985 3126 2046 σωμάτων
3156 1985 3462 2057 ἐφθείρετο.
3502 1989 3610 2041 Καὶ
3645 1989 3718 2040 ,τὰ
3753 1991 3853 2056 μὲν
3883 1991 4028 2041 κατα

2461 2072 2750 2129 Ἰουλιανον
2792 2077 3037 2130 τοιοῦτον
3069 2077 3195 2148 ἔσχε
3254 2080 3314 2131 τὸ
3346 2079 3540 2150 πέρας,
3569 2083 3874 2151 ἐπέραστον
3924 2083 4026 2150 μὲν

2449 2171 2544 2223 καὶ
2570 2171 2702 2223 πᾶσι
2733 2171 3107 2238 Χριστιανοῖς,
3139 2172 3509 2241 διαφερόντως
3535 2173 3578 2224 δ’
3614 2173 4020 2241 Ἀντιοχεῦσιν·

2448 2261 2498 2314 οἳ
2533 2262 2625 2314 καὶ
2661 2261 2850 2332 κοινὴν
2897 2264 3118 2332 χορείαν
3145 2266 3209 2332 τῇ
3266 2264 3362 2316 τοῦ
3419 2265 3690 2334 τυράννου
3744 2267 4029 2334 ἀναιρέσει

2454 2356 2807 2423 στησάμενοι,
2843 2356 2935 2408 καὶ
2972 2356 3227 2426 Μάξιμον
3257 2357 3348 2409 τὸν
3382 2358 3677 2428 φιλόσοφον
3712 2358 4027 2426 ἐλοιδὸρουν

2452 2447 2776 2516 ἐπᾴδοντες·
2819 2467 2836 2500 ι
2873 2449 2983 2501 Ποῦ
3014 2449 3105 2502 σοῦ
3137 2451 3204 2502 τὰ
3242 2455 3492 2520 μαντεῖα,
3530 2451 3747 2522 Μάξιμε
3781 2455 3964 2522 μ‹.›ρέ;
4003 2474 4019 2501 υ

2463 2540 2747 2607 Ἐνίκησεν
2779 2543 2806 2592 ὁ
2838 2541 2992 2606 Θεὸς,
3020 2542 3114 2595 καὶ
3144 2544 3171 2594 ὁ
3195 2544 3431 2612 Χριστὸς
3489 2545 3675 2598 αὐτοῦ.
3734 2546 3934 2597 Πολλαὶ
3969 2547 4024 2597 δὲ

2450 2629 2685 2697 κεφαλαὶ
2735 2632 2829 2684 καὶ
2886 2630 3116 2700 σώματα
3151 2633 3479 2702 ἐσφαγμένα
3514 2637 3569 2687 ὲν
3597 2638 3707 2699 τοῖς
3743 2635 4025 2698 κιϐωτίοις

2449 2723 2545 2774 καὶ
2573 2722 2775 2791 φρέασι
2811 2723 2906 2774 καὶ
2952 2726 3069 2786 τοῖς
3109 2726 3448 2794 ἀπορρήτοις
3482 2730 3669 2790 τόποις
3705 2728 3812 2780 τῶν
3865 2727 4023 2796 βατιο

2448 2811 2608 2866 λείων
2642 2813 2984 2884 εὑρέθησαν
3035 2815 3130 2877 οὓς
3172 2815 3296 2868 ἔθυε
3339 2817 3545 2886 κρύφα,
3574 2819 3633 2870 τὸ
3667 2820 3860 2888 μέλλον
3904 2823 4026 2871 ἐπι-

2451 2903 2653 2970 ζητῶν,
2685 2903 2761 2965 ὡς
2795 2904 2889 2955 καὶ
2920 2906 2978 2956 ἐν
3007 2903 3257 2974 Κάρραις
3282 2909 3346 2976 τῇ
3374 2908 3548 2960 πόλει.
3578 2908 3681 2960 Τὸν
3707 2911 3816 2977 γαρ
3842 2911 4025 2961 ἐκεῖσε

2451 2993 2589 3045 νεὼν
2622 2994 2829 3057 εἰσιὼν,
2859 2995 2950 3048 καὶ
2987 2995 3218 3064 κλεῖθρα
3242 2998 3419 3068 τούτῳ
3444 2998 3741 3058 ἐπιϐαλὼν.
3775 3003 4026 3069 μυσαρὰς

2452 3088 2796 3158 μαγγανείας
2851 3090 3163 3158 εἰργάζετο.
3222 3091 3332 3144 Καὶ
3380 3091 3522 3161 γυνὴ
3554 3091 3600 3144 δ’
3649 3093 3828 3145 ἐκεῖσε
3887 3097 4028 3160 μετὰ

2456 3183 2621 3251 μόρον
2649 3182 2856 3234 ἐκείνου
2894 3183 3276 3253 άπῃωρημένη
3329 3183 3550 3255 εὑρέθη,
3588 3185 3654 3256 ἢν
3701 3186 3929 3254 ἀνέτεμε
3970 3189 4027 3238 τδ

777 3286 906 3339 nilis
929 3325 943 3350 ,
976 3278 1310 3335 exsecranda
1357 3280 1566 3348 peregit
1599 3291 1694 3344 per
1737 3274 2132 3329 incantationes
2159 3280 2214 3325 et
2248 3270 2348 3325 im-
2377 3253 2418 3309 (ἶ
2455 3290 2470 3342 ι

1431 3280 1566 3344 regit
1599 3291 1694 3344 per
1737 3274 2132 3329 incantationes
2159 3280 2214 3325 et
2248 3270 2348 3325 im-
2377 3253 2418 3309 (ἶ
2455 3273 2650 3342 μέλλον
2674 3274 3124 3345 διερευνώμενος.

779 3396 1032 3451 postnras
1087 3378 1295 3448 magica
1325 3389 1498 3429 sacra.
1531 3373 1720 3427 Mulier
1750 3387 1969 3441 quoque
2024 3378 2146 3440 post
2201 3370 2319 3441 ejus
2361 3383 2593 3426 mortem
2640 3372 2734 3438 ibi,
2771 3373 2846 3426 ita
2885 3384 2943 3428 ut
2976 3375 3027 3427 in
3061 3374 3298 3428 sublime
3322 3374 3571 3443 sublata,
3622 3385 3678 3431 et
3705 3390 3767 3431 ex
3812 3375 4030 3445 capillis

775 3491 1038 3544 suspensa
1085 3474 1286 3536 fuerat,
1330 3477 1542 3537 reperta
1601 3475 1704 3529 est,
1745 3481 1906 3534 quam
1932 3465 2172 3519 futurum
2198 3464 2533 3534 investigans
2560 3466 2818 3522 rcsccuit.

1297 3631 1524 3687 CAPUT
1578 3629 1813 3685 XXXVI.

777 3776 904 3841 (jure
961 3773 1207 3827 Libanius
1264 3772 1319 3824 in
1377 3771 1581 3838 funebri
1609 3771 1847 3822 oratione
1895 3768 2103 3824 Iuliani
2160 3778 2348 3824 contra

847 3862 938 3898 nos
991 3843 1278 3911 scripserit.
1339 3841 1403 3894 Et
1476 3855 1820 3910 responsum,
1889 3842 2036 3894 dicta
2098 3843 2210 3911 ejus
2263 3857 2349 3893 re-

845 3916 1050 3984 (cliens.

847 4030 920 4082 De
963 4027 1115 4096 impii
1169 4023 1436 4094 principis
1469 4023 1634 4092 hujus
1674 4032 1847 4077 morte
1889 4024 2173 4094 lugubrem
2205 4040 2351 4080 com-

775 4117 1287 4187 posuitorationem
1338 4114 1590 4181 Sophista
1640 4113 1923 4179 Libanius,
1960 4131 2120 4185 quam
2174 4118 2352 4170 Julia-

777 4227 901 4263 mtm
945 4210 1058 4263 sive
1115 4207 1403 4261 Funebrem
1448 4205 1717 4274 querelam
1766 4207 2090 4275 inscripsit,
2133 4208 2186 4260 in
2243 4224 2350 4276 qua

776 4303 974 4356 multas
1001 4302 1118 4371 ejus
1143 4300 1331 4353 laudes
1362 4309 1614 4352 recenset
1642 4337 1657 4363 ,
1693 4308 1748 4350 et
1786 4313 1869 4351 res
1899 4314 2115 4366 quoque
2151 4311 2349 4368 gestas,

775 4402 936 4460 prout
975 4391 1154 4444 visum
1187 4398 1273 4444 est
1299 4389 1810 4454 ei,commetnorat,
1862 4389 2348 4458 mentioncmquo‘

774 4500 881 4552 que
911 4483 1177 4537 librorum
1208 4484 1328 4553 ejus
1357 4481 1582 4543 faciens,
1615 4495 1753 4548 quos
1785 4479 2051 4533 adversus
2081 4479 2350 4534 Christia-

3011 3632 3257 3687 ΚΕΦΑΛ.
3316 3633 3455 3701 Αιτ.

2457 3763 2561 3823 Οἷα
2592 3769 2870 3834 Λιϐιίνιος
2912 3770 2980 3823 ἐν
3031 3770 3112 3834 τῷ
3158 3771 3451 3838 ἐπιταφίῳ
3508 3771 3730 3824 Ἰουλία
3785 3773 3847 3825 ,ὑ
3899 3773 4030 3825 καθ’

2527 3840 2696 3909 ήμῶν
2724 3841 2933 3908 γράφει
2963 3856 2975 3869 °
3010 3843 3108 3892 καὶ
3144 3842 3456 3908 ἀντιλογία
3485 3842 3634 3908 πρὸς
3669 3842 3858 3895 αὐτὸν
3887 3843 4034 3895 ἀνα-

2527 3911 2834 3979 τρέπουσα
2858 3909 2928 3962 τά
2963 3910 3269 3978 εἰρημένα.

2541 4024 2665 4076 Ἐπὶ
2707 4022 2763 4075 δὲ
2798 4023 2875 4087 τῷ
2905 4021 3120 4090 θανάτῳ
3170 4020 3262 4072 τοῦ
3302 4021 3532 4086 ἀσεϐοῦς
3566 4023 3660 4076 καὶ
3693 4023 3720 4076 ὁ
3773 4023 4031 4093 σοφιστὴς

2459 4113 2714 4172 Λιϐάνιος
2751 4112 2947 4182 θρῆνον
2980 4111 3288 4174 συντάττει,
3317 4111 3375 4162 ὃν
3415 4113 3755 4166 Ἰουλιανόν
3786 4115 3814 4183 ἦ
3869 4111 4033 4167 Ἐπι-

2458 4204 2678 4273 nigror
2714 4205 3017 4273 ἐπιγράφει
3041 4219 3053 4233 ⁸
3085 4205 3140 4254 ἐν
3165 4194 3207 4269 ᾧ
3230 4202 3399 4254 πολλὰ
3424 4204 3533 4255 τῶν
3561 4205 3854 4272 ἐγκωμίων
3882 4206 4033 4274 αὑτῴ

2458 4297 2781 4364 καταλέγει,
2841 4297 2936 4348 καὶ
2993 4295 3220 4366 πράξεις
3264 4297 3357 4356 τὰς
3410 4295 3675 4356 δοκούσας
3721 4295 3869 4364 αὐτῷ
3920 4296 4034 4348 διε-

2462 4390 2626 4458 ξῆλθε
2651 4403 2663 4417 ’
2692 4391 2931 4442 ποιεῖται
2959 4389 3014 4440 δὲ
3045 4389 3238 4458 μνείαν
3271 4389 3365 4442 καὶ
3399 4390 3509 4441 τῶν
3544 4389 3763 4456 βίϐλων,
3798 4390 3861 4450 ἃς
3889 4391 4034 4441 κατὰ.

2459 4488 2568 4538 τῶν
2608 4485 2954 4553 Χριστιανῶν
3013 4485 3336 4538 συνέταττεν
3365 4485 3673 4550 Ἰουλιανὶς,
3703 4488 3816 4547 τοῖς
3864 4485 4036 4546 θείοις

776 4591 875 4628 nos
940 4573 1282 4643 composuit,
1349 4587 1504 4626 sacra
1573 4569 1863 4638 Evangelia
1906 4584 2248 4638 Oppugnans,
2299 4579 2353 4623 et
2388 4564 2469 4628 Dl

2334 4579 2353 4623 t
2388 4564 2429 4616 Ῐ)
2462 4575 2812 4643 Εὑαγγελίοις
2842 4577 3290 4643 άντιφερόμενος,
3340 4577 3434 4628 καὶ
3472 4574 3641 4644 ψευδῆ
3670 4592 3732 4642 γε
3783 4575 4025 4640 ἀπελέγο

774 4668 942 4719 vclttti
999 4665 1129 4719 falsa
1173 4681 1235 4719 ea
1270 4679 1396 4718 esse
1447 4663 1699 4718 refellere
1743 4672 1979 4714 tentans.
2024 4659 2123 4714 Ubi
2165 4661 2351 4725 etiam,

776 4758 922 4826 quod
958 4773 1019 4811 ca
1060 4756 1359 4810 ludibrium
1407 4769 1689 4824 nugasque
1723 4768 1844 4807 esse
1879 4753 1967 4806 ille
2006 4754 2354 4807 demonstra-

774 4852 939 4912 vcrit,
975 4848 1157 4901 tradit.
1187 4846 1344 4913 Quod
1379 4847 1424 4899 si
1456 4846 1592 4899 alias
1636 4845 1782 4898 illius
1821 4859 1906 4898 res
1940 4843 2204 4898 Libanius
2235 4845 2353 4897 lau-

773 4944 903 4996 dare
936 4940 1330 5003 constituisset,
1382 4937 1601 4992 silentio
1632 4951 1695 4991 ea
1748 4935 2166 5004 pratteriissem,
2201 4945 2258 4988 et
2285 4934 2352 4988 ad

775 5033 1057 5087 historiam
1123 5040 1366 5084 nostram
1423 5026 1854 5082 continuandam
1933 5019 2350 5096 processissent.

773 5124 1227 5192 Quandoquidem
1285 5131 1465 5177 autem
1506 5120 1724 5174 dicendi
1773 5121 1825 5174 vi
1889 5131 1943 5174 et
1990 5127 2107 5172 arte
2161 5119 2351 5181 fretus,

775 5218 925 5269 illum
969 5224 1023 5268 et
1057 5215 1228 5268 libros
1265 5212 1416 5266 illius
1445 5211 1702 5263 laudibus
1741 5209 2001 5272 ell'ercus,
2032 5209 2352 5278 religionem

775 5318 1016 5360 nostram
1053 5305 1245 5358 acerbe
1294 5301 1655 5372 perstringit:
1696 5299 1951 5370 injuriam
2006 5299 2223 5353 veritati
2275 5298 2355 5354 ta-

774 5415 980 5461 cerem,
1010 5397 1116 5451 nisi
1144 5397 1323 5465 ipsum
1366 5401 1684 5462 nugatorem
1722 5407 1843 5447 esse
1888 5393 2257 5455 ostenderem,
2298 5401 2354 5446 et

778 5508 839 5546 ea
864 5506 970 5560 qua
999 5503 1098 5543 nos
1125 5486 1309 5555 attigit
1355 5497 1508 5554 parte
1545 5484 2007 5553 reprehenderem
2058 5495 2221 5554 atque
2266 5501 2353 5538 re-

775 5587 1126 5654 darguerem.
1173 5580 1285 5650 86
1318 5579 1424 5632 Sed
1472 5580 1626 5649 prius
1655 5594 1827 5648 pauca
1859 5579 2108 5648 qumdam
2132 5595 2251 5647 qua:
2299 5579 2352 5631 in

775 5676 924 5729 illius
971 5673 1219 5728 oratione
1278 5681 1427 5735 sunt,
1477 5685 1773 5739 exponam,
1806 5680 1861 5724 et
1891 5669 2089 5723 deinde
2129 5679 2350 5723 senten-

774 5769 904 5822 tiam
935 5782 1109 5820 meam
1134 5765 1407 5834 adjiciam.
1432 5783 1449 5815 ι
1473 5764 1609 5818 Cum
1649 5763 1915 5827 hibernat,
1947 5764 2142 5832 inquit,
2166 5772 2354 5815 noctcs

774 5859 1051 5929 longiores
1078 5870 1295 5923 essent,
1336 5857 1660 5912 incumbens
1707 5858 1787 5912 eis
1819 5857 1973 5910 libris
2026 5859 2345 5924 imperator,

2463 4684 2576 4736 χειν
2604 4666 2776 4718 ταῦτα
2836 4665 3178 4734 πειρώμενος
3203 4682 3219 4698 ο
3271 4669 3329 4720 ἐν
3378 4660 3421 4734 ᾧ
3461 4667 3557 4718 καὶ
3590 4667 3664 4727 ὡς
3697 4668 3782 4736 είη
3819 4664 4038 4732 γέλωτα.

2461 4762 2555 4812 καὶ
2587 4759 2869 4829 φλήναςρον
2896 4759 3183 4823 ἀποδείξας
3239 4761 3379 4812 αὐτὰ
3443 4762 3671 4830 ἱστορεῖ.
3715 4759 3778 4812 Εἰ
3807 4761 3911 4827 μὲν
3939 4758 4037 4811 οὖν

2462 4850 2629 4903 τάλλα
2659 4852 2874 4904 ἐκείνου
2927 4851 3199 4921 προῦθετο
3232 4853 3258 4904 δ
3288 4852 3549 4914 Λιϐάνιος
3601 4854 3867 4916 ἐπαινεῖν,
3902 4853 4041 4920 ἡσυ-

2461 4941 2584 5008 χίαν
2615 4942 2680 4994 ἂν
2706 4938 2858 5012 ἦγον,
2912 4945 3006 4994 καὶ
3037 4943 3127 4994 ἐπὶ
3150 4942 3211 4995 τὸ
3243 4943 3466 5012 συνεχὲς
3505 4942 3605 5012 τῆς
3639 4943 3882 5014 ἱστορίας
3908 4945 4042 4996 ἐϐά-

2461 5032 2630 5096 διζον.
2650 5034 2804 5086 Ἐπεὶ
2831 5035 2886 5086 δὲ
2908 5035 3175 5104 δεινότητι
3200 5037 3399 5103 τέχνης
3430 5037 3640 5088 ἐκεῖνον
3665 5035 4041 5103 ἐγκωμιάζων

2462 5124 2560 5176 καὶ
2588 5122 2686 5184 τὰς
2719 5125 2928 5177 ἐκείνου
2956 5123 3195 5194 βίϐλους,
3237 5125 3336 5194 τῆς
3367 5127 3650 5194 ἡμετέρας
3686 5125 4043 5178 καθάπτεται

2463 5215 2721 5278 πίστεως,
2758 5217 3129 5286 ἀδικήσαιμεν
3163 5217 3227 5271 ἂν
3269 5221 3364 5269 καὶ
3401 5218 3573 5286 αὐτὴν
3607 5219 3704 5288 τὴν
3750 5219 4039 5288 ἀλήθειαν,

2462 5307 2512 5357 ει
2547 5305 2621 5373 μὴ
2680 5305 2882 5374 μᾶλλον
2927 5312 3021 5358 καί
3057 5307 3218 5375 ἡμεῖς
3254 5307 3419 5360 αὐτὸν
3454 5308 3529 5369 ὼς
3567 5308 3848 5378 ιελήνασον
3898 5309 4042 5360 άπες

2463 5395 2768 5465 λὲγξωμεν,
2798 5399 2891 5450 καὶ
2945 5399 3325 5468 καθαψώμεθα
3379 5401 3474 5453 καὶ
3505 5401 3665 5470 ἡμεῖς
3701 5394 3782 5462 οἷς
3830 5404 4044 5463 ἐκεῖνος

2462 5490 2823 5556 καθάπτεται,
2858 5492 2996 5554 τέως
3025 5492 3082 5544 δέ
3109 5492 3288 5562 μέτρι’
3317 5492 3454 5546 ἄττα
3485 5494 3700 5546 ἐκείνου
3735 5493 3841 5545 τῶν
3871 5495 3928 5545 ἐν
3961 5495 4044 5565 τῷ

2466 5581 2733 5652 ἐγκωμίῳ
2787 5585 3104 5653 φερομένων
3157 5583 3450 5654 ἐκοώμεθα
3498 5586 3794 5656 πρότερον,
3843 5586 4043 5640 ἔπειτα

2462 5675 2556 5723 καὶ
2579 5673 2646 5724 τὰ
2672 5673 2918 5742 ἡμέτερα
2945 5675 3362 5745 παραθήσομεν.
3389 5695 3406 5728 ι
3436 5677 3543 5729 Τοῦ
3566 5678 3854 5746 χειμῶνος,
3881 5679 4041 5746 φησι,

2466 5765 2561 5824 τὰς
2595 5763 2794 5827 νύκτας
2828 5768 3181 5832 ἐκτείνοντος,
3212 5768 3530 5837 ἐπιθέμενος
3565 5770 3592 5821 ὁ
3625 5769 3881 5836 βασιλεὺς
3917 5772 4041 5831 ταῖς

2465 5856 2774 5927 βίϐλοις,αῖ
2825 5863 2912 5912 τὴν
2945 5863 3006 5914 ἐκ
3063 5861 3429 5931 Παλαιστῖνης
3483 5861 3769 5933 ἄνθρωπον
3823 5861 3955 5913 Θιόν
3979 5877 4042 5914 τε
