4288 6438
250 436 356 497 557

1162 433 1764 499 ECCLESIAS’l‘lCAS
1801 434 2194 494 HISTORle
2237 435 2379 496 LIB.
2423 434 2495 498 X.

3415 430 3522 495 558

251 552 350 602 καὶ
374 548 514 603 Θεοῦ
552 550 675 604 Υίὺν
714 549 951 617 ποιοῦσι,
987 549 1138 622 μάχῃ
1164 567 1221 603 τε
1250 549 1442 619 μακρᾷ
1475 549 1569 600 καί
1594 546 1837 615 ἐλέγχων
1872 552 1913 604 Α
1941 572 1944 593 ι

1828 562 1837 594 ν
1872 552 1913 604 Α
1941 547 2034 615 qui
2071 548 2349 603 hominem
2386 549 2736 604 Palaestinum
2779 548 2948 602 Deum
2978 554 3032 601 et
3080 546 3174 602 Dei
3210 546 3407 602 Filium
3441 549 3521 602 fa-

255 644 406 713 ίσχύῖ
434 645 652 712 γέλωτα
676 645 965 715 ἀποφήνας
990 643 1083 696 καὶ
1107 642 1398 711 φλὴναφον
1425 641 1492 692 τὰ
1523 638 1835 707 τιμώμενα,

251 737 571 809 σοφώτερος
605 741 664 792 ὲν
695 740 809 801 τοῖς
840 740 1028 801 αὐτοῖς
1059 736 1328 789 δέδεικται
1381 732 1475 787 τοῦ
1503 732 1707 803 Τυρίου
1742 731 1842 799 γέ-

252 847 468 902 ροντος.
498 830 691 894 Ἱλεως
725 831 783 884 δὲ
839 829 995 893 οὗτος
1022 829 1051 881 δ
1100 827 1301 897 Τύριος
1351 823 1462 894 είη,
1497 822 1593 875 καὶ
1632 822 1841 891 δέχοιτο

236 924 501 993 ,εὐμενῶς
527 924 592 977 τὸ
628 923 816 994 ῥηθὲν,
848 923 923 987 ὡς
946 921 1014 977 ἂν
1045 920 1149 991 υἰῷ
1180 918 1518 992 ἡττώμενος.
1551 934 1570 967 ι

326 1112 441 1164 Καὶ
479 1113 507 1163 ὁ
543 1110 641 1180 μὲν
678 1108 945 1177 σοφιστὴς
978 1106 1188 1160 ταῦτα·
1222 1104 1333 1173 ἐγὼ
1361 1104 1421 1158 δὲ
1473 1105 1699 1175 ἄριστον
1745 1101 1843 1172 μὲν

256 1202 540 1272 σοφιστῶν
574 1200 692 1255 οῖδα
724 1203 814 1255 τὸν
847 1203 1040 1273 ἄνδρα,
1076 1202 1173 1253 καὶ
1194 1199 1445 1267 γλῶτταν
1476 1199 1690 1267 αὐχεῖν,
1721 1197 1843 1249 οἵαν

254 1299 366 1351 ἔδει
398 1296 576 1349 δεινὸν
613 1298 822 1368 ῥήτορα
846 1294 1152 1364 κεκτῆσθαι
1180 1309 1194 1324 ο
1227 1292 1371 1346 ὥστε
1409 1290 1685 1347 καὶτοῦτο
1711 1291 1844 1344 πάσι

253 1389 739 1462 διαμαρτύρομαι,
780 1389 855 1451 ὡς
891 1389 941 1440 εἰ
972 1387 1125 1456 αὖτῷ
1155 1384 1208 1454 γ’
1239 1386 1434 1456 ἐκείνῳ
1475 1383 1550 1455 μὴ
1578 1382 1676 1452 τῆς
1723 1382 1844 1452 ἴσης

256 1482 545 1537 ἐκοινώνει
577 1481 757 1553 δόξης,
793 1481 891 1533 καὶ
928 1480 1102 1534 πλείω
1137 1480 1169 1547 ἢ
1202 1478 1524 1550 Χριστιανοὶ
1554 1475 1676 1530 κατ’
1702 1475 1847 1529 ὲκεί-

255 1593 355 1627 νου
391 1576 717 1645 εἰρήκεσαν,
752 1576 850 1627 καὶ
875 1565 1032 1636 οὗτος
1061 1573 1129 1625 ἂν
1159 1564 1283 1624 εἷπε
1313 1610 1329 1638 ,
1369 1570 1462 1623 καὶ
1500 1569 1845 1639 μεγαλοπρε-

259 1667 384 1730 πῶς
413 1669 480 1720 ἂν
516 1667 678 1732 αὐτὰ,
734 1666 833 1721 ἅτε
864 1664 929 1736 δὴ
963 1668 1227 1735 σοφιστὴς
1273 1663 1372 1729 ὢν,
1414 1661 1724 1732 διεξῆλθεν*
1765 1662 1848 1715 ὅτι

258 1776 327 1828 γε
352 1766 452 1817 καὶ
482 1758 648 1824 ζῶντι
695 1758 796 1827 μὲν
824 1759 1196 1827 Κωνσταντίῳ
1230 1756 1494 1819 ἐπαίνους
1538 1754 1687 1819 ἔλεξε
1713 1792 1728 1817 ,
1759 1770 1848 1807 τε·

260 1850 592 1918 λευτήσαντι
625 1848 706 1913 δὲ,
738 1846 946 1916 ψόγους
1006 1849 1355 1900 συνέταττεν.
1397 1846 1460 1898 Εἰ
1501 1846 1556 1899 δὲ
1587 1847 1681 1900 καὶ
1708 1845 1849 1914 Πορ-

263 1938 467 2008 φύριος
498 1937 739 2009 διάδημα
768 1936 1107 2007 περιέκειτο,
1143 1931 1301 2007 οἶμαι
1333 1935 1516 2007 πολλῷ
1545 1935 1611 1989 ἂν
1646 1934 1850 2005 σεμνύ-

263 2048 355 2085 ναι
384 2032 452 2083 τὰ
483 2030 701 2083 ἐκείνου
734 2030 845 2083 τῶν
876 2028 1195 2086 Ἰουλιανοῦ.
1236 2029 1301 2083 Εἰ
1329 2029 1386 2083 δὲ
1436 2029 1529 2083 καί
1558 2026 1850 2093 Ἰουλιανὸς

265 2123 593 2193 σοφίζεσθαι
621 2123 806 2196 ἤθελε,
835 2125 933 2178 καί
963 2123 1131 2179 αὑτὸν
1163 2122 1233 2177 ἂν
1257 2123 1429 2177 κακὸν
1461 2121 1653 2194 εἴρηκε
1696 2138 1851 2191 σοφι-

266 2219 426 2287 στὴν,
456 2217 649 2288 ὥσπερ
687 2217 827 2286 δῆτα
886 2217 983 2270 καί⁸
1029 2214 1351 2284 Ἐκηῦόλιον
1403 2209 1561 2279 οὗτος
1595 2215 1851 2278 Λιϐάνιος

258 2309 329 2360 ὲν
361 2308 441 2378 τῷ
473 2307 750 2377 εἰρημένῳ
793 2306 1123 2377 Ἐπιταφίῳ.
1159 2307 1311 2360 Ἐπεὶ
1336 2307 1384 2360 δ’
1412 2307 1621 2369 ἐκεῖνος
1656 2310 1751 2361 καὶ
1774 2306 1850 2371 ώς

261 2396 364 2466 τῆς
394 2395 563 2448 αὑτοῦ
595 2396 874 2448 κοινωνῶν
903 2393 1086 2465 δόξης,
1119 2395 1212 2448 καὶ
1236 2394 1313 2459 ὡς
1341 2396 1517 2463 φίλος,
1548 2396 1598 2448 εἰ
1627 2394 1685 2449 δὲ
1722 2394 1849 2465 βού-

261 2488 371 2553 λει,
410 2489 507 2541 καὶ
536 2487 612 2552 ώς
647 2488 937 2559 σοφιστὴς,
972 2490 1071 2542 ὅσα
1105 2488 1158 2557 γ’
1191 2489 1366 2542 ἐδόκει
1410 2489 1848 2560 καταχαρίζεται

275 2579 579 2652 ἰουλιανῷ,
615 2582 749 2651 φέρε
778 2581 845 2652 δὴ
864 2584 961 2635 καὶ
984 2583 1147 2651 ἡμεῖς
1173 2581 1250 2645 ώς
1290 2582 1356 2635 ἂν
1388 2581 1572 2653 ίσχύος
1609 2584 1847 2651 ἔχωμεν,

262 2674 660 2743 ἀντιλέξωμεν.
704 2673 1019 2727 Ἐπιθέσθαι
1046 2674 1155 2745 γάρ
1184 2691 1318 2744 φησι
1357 2677 1478 2737 ταῖς
1506 2674 1717 2743 βίϐλοις
1748 2693 1854 2743 μα-

264 2767 406 2836 κρὰς
442 2768 541 2828 τὰς
571 2764 771 2829 νύκτας
802 2765 897 2818 τοῦ
930 2766 1202 2836 χειμῶνος
1235 2764 1632 2837 ἐργαζομένου.
1663 2768 1849 2821 Ἔοικα

259 2859 320 2912 δὲ
351 2860 413 2912 τὸ
469 2858 757 2913 ἐπιθέσθαι
787 2858 1008 2929 δηλοῦν,
1043 2859 1119 2923 ώς
1167 2858 1258 2913 διὰ
1323 2861 1561 2931 σπουδῆς
1609 2863 1851 2914 ἐποιεῖτο

258 2952 435 3020 ψόγον
475 2950 711 3021 γράψαι,
776 2950 966 3021 ὥσπερ
996 2950 1131 3023 δῆτα
1166 2954 1420 3018 σοφισταὶ
1469 2952 1684 3006 ποιοῦσι
1725 2956 1850 3017 τοὺς

263 3043 426 3107 νέους
459 3043 862 3113 γυμνάζοντες.
889 3042 1049 3104 Εἰκὸς
1088 3041 1189 3112 μὲν
1216 3042 1328 3113 γὰρ
1373 3045 1472 3106 τὰς
1496 3043 1711 3114 βίϐλους
1743 3045 1852 3098 πά-

263 3135 356 3188 λαι
398 3135 729 3189 ἐπίστασθαι
778 3130 861 3198 οῖς
920 3134 1232 3205 διηκόνητο.
1274 3135 1532 3189 Ἐπέθετο
1582 3137 1638 3189 δὲ
1697 3138 1849 3209 μάχῃ

1942 641 2116 706 ciunt,
2149 642 2356 711 ingenti
2387 643 2742 697 contentione
2778 651 2834 697 et
2868 641 2918 695 vi
2952 656 3049 696 eos
3075 639 3352 705 refutavit,
3393 642 3523 696 reli-

1941 731 2267 802 gionemque
2315 748 2434 787 eam
2472 734 2644 788 risum
2692 748 2921 802 prorsus
2951 743 3005 788 et
3045 747 3219 802 nugas
3249 746 3371 787 esse
3427 729 3528 785 de-

1942 824 2192 878 claravit.
2241 824 2357 891 Qua
2414 825 2478 890 ,in
2540 840 2599 880 re
2651 826 3041 895 sapientiorem
3091 839 3150 879 se
3181 823 3347 894 Tyrio
3394 839 3525 878 scne

1946 916 2218 986 prastitit.
2254 916 2363 974 Sed
2397 919 2500 973 hoc
2545 918 2680 973 mihi
2729 918 2976 990 ignoscat
3031 917 3231 988 Tyrius
3283 915 3408 978 iste,
3470 926 3526 969 et

1944 1009 2156 1080 placide
2195 1011 2300 1067 hoc
2330 1012 2536 1067 dictum
2573 1013 2752 1079 ferat,
2788 1012 2935 1083 quod
2965 1028 2993 1066 ιι
3024 1012 3134 1066 lilio
3161 1012 3233 1066 sit
3260 1011 3459 1067 victus.
3503 1032 3518 1060 ι

2021 1104 2145 1160 llaec
2176 1106 2417 1176 sOphista
2453 1105 2567 1161 ille.
2606 1107 2784 1176 Atque
2817 1120 2916 1175 ego
2939 1104 3163 1175 quidem
3194 1118 3318 1158 cum
3348 1106 3523 1155 virum

1942 1199 2213 1268 optimum
2247 1199 2415 1254 fuisse
2444 1200 2767 1268 sophistam,
2798 1209 2854 1253 et
2899 1198 2968 1251 ah
2997 1196 3317 1266 eloquentia
3352 1195 3523 1264 pluri-

1947 1305 2095 1344 mum
2132 1291 2399 1359 potuisse.
2432 1302 2491 1345 ut
2529 1300 2801 1345 oratorem
2858 1290 3140 1360 egregium
3166 1328 3180 1350 ,
3209 1288 3347 1343 scio.
3379 1286 3528 1354 Qua-

1948 1394 2171 1457 propter
2199 1385 2341 1456 apud
2373 1400 2564 1441 omnes
2587 1386 2751 1440 etiam
2796 1392 3099 1447 contestor,
3126 1381 3307 1445 illum,
3340 1382 3445 1435 nisi
3473 1385 3528 1435 iu

1944 1478 2138 1534 eadem
2171 1493 2295 1534 cum
2318 1479 2563 1545 .luliano,
2598 1479 2651 1533 in
2693 1478 2980 1548 religione,
3022 1475 3219 1532 fuisset
3242 1477 3525 1546 opinione,

1947 1574 2104 1645 plura
2125 1573 2291 1627 etiam
2344 1573 2398 1626 in
2435 1571 2775 1640 illumquam
2820 1568 3123 1624 Christiani
3172 1568 3434 1627 dixerint,
3474 1574 3530 1620 et

1948 1664 2171 1736 quidem
2200 1674 2262 1719 ut
2294 1662 2571 1717 hominem
2611 1662 2939 1733 sophistam,
2973 1658 3320 1730 splendidius
3349 1658 3530 1712 dictu-

1950 1773 2071 1812 rum
2092 1757 2303 1823 fuisse;
2335 1756 2597 1827 quoniam
2630 1765 2687 1811 et
2733 1754 2789 1809 in
2822 1752 3205 1813 ConStantium
3251 1752 3528 1807 viventem

1951 1849 2172 1920 quidem
2194 1849 2475 1904 orationes
2496 1848 2833 1903 laudatorias
2871 1844 3204 1916 composuit,
3238 1844 3294 1898 in
3328 1843 3528 1898 defun-

1952 1952 2102 1999 ctum
2140 1952 2323 1998 autem
2356 1942 2658 1997 invectivas
2696 1939 3050 2008 conscripsit.
3079 1938 3157 1994 Ac
3199 1937 3246 1992 si
3282 1936 3531 2006 Porphy-

1952 2036 2071 2092 rius
2118 2034 2401 2106 imperiale
2442 2035 2774 2104 sumpsisset
2805 2033 3054 2087 diadema
3077 2073 3093 2095 ,
3123 2032 3329 2098 scripta
3384 2032 3528 2085 illius

1951 2128 2111 2196 longe
2136 2127 2337 2184 Iuliani
2369 2126 2545 2191 libris,
2573 2126 2712 2196 stylo
2731 2140 2796 2179 ea
2833 2125 3143 2190 celebrans,
3178 2134 3238 2178 ut
3267 2122 3526 2193 equidem

1950 2229 2106 2288 puto,
2141 2216 2488 2289 praetulisset.
2519 2216 2574 2271 Si
2599 2232 2728 2271 vero
2754 2215 3005 2272 Julianus
3038 2224 3211 2269 artem
3256 2214 3531 2281 sophisti-

1951 2326 2071 2367 cam
2100 2310 2465 2373 exercuisset,
2496 2324 2621 2364 eum
2642 2308 2821 2379 ipsum
2841 2322 3064 2377 quoque
3096 2308 3396 2376 sophistam
3416 2322 3526 2360 non

1951 2405 2154 2459 bonum
2212 2402 2382 2458 fuisse
2442 2400 2717 2456 dixisset:
2758 2400 2922 2455 sicuti
2956 2399 3025 2454 de
3055 2398 3317 2455 Eccbolio
3379 2396 3527 2462 fecit,

1954 2495 2009 2549 in
2030 2494 2223 2551 eadem
2245 2493 2314 2549 de
2334 2492 2552 2549 Iuliano
2575 2489 2825 2546 oratione
2856 2488 3073 2544 funebri
3109 2503 3228 2543 sua.
3257 2486 3529 2542 Cmterum

1953 2601 2078 2641 cum
2132 2585 2220 2640 ille
2257 2583 2501 2656 ejusdem
2532 2582 2818 2638 sententiae
2836 2596 2964 2636 cum
2985 2578 3206 2635 Juliano
3232 2579 3527 2648 particeps,

1953 2680 2276 2749 amicusque
2309 2678 2449 2747 ejus,
2489 2685 2544 2731 et
2574 2676 2621 2731 si
2650 2676 2856 2731 addere
2884 2675 3040 2739 libet,
3070 2674 3339 2745 sophista,
3381 2688 3531 2744 qua:-

1951 2787 2171 2843 cunque
2204 2771 2255 2826 ei
2290 2771 2405 2825 visa
2449 2778 2613 2834 sunt,
2644 2768 2862 2829 Iuliano
2894 2768 3151 2822 tribuerit
3190 2784 3203 2819 :
3275 2780 3373 2836 age
3430 2781 3531 2820 nos

1950 2882 2170 2939 quoque
2208 2864 2387 2936 quoad
2440 2877 2765 2934 possumus,
2792 2876 2916 2916 eum
2965 2860 3334 2915 confutemus.
3368 2859 3530 2914 Incu-

1952 2960 2137 3014 buisse
2159 2958 2306 3012 enim
2330 2956 2505 3021 illum,
2534 2955 2733 3026 inquit,
2755 2954 2912 3009 libris
2940 2954 3286 3025 longioribus
3330 2954 3530 3009 hiemis

1950 3053 2225 3108 noctibus.
2267 3051 2495 3107 Videtur
2532 3061 2716 3106 autem
2767 3065 2866 3119 per
2929 3051 3160 3105 verbum
3200 3050 3533 3106 incumbendt'

1951 3145 2283 3217 significare,
2318 3144 2501 3200 studio
2541 3144 2617 3198 illi
2666 3143 2860 3209 fuisse,
2909 3143 3214 3198 invectivas
3242 3143 3489 3199 scribere
3514 3185 3529 3206 .

263 3226 546 3297 σχολάζων
603 3229 814 3298 μακρᾷ,
873 3227 990 3281 ἀλλ’
1026 3228 1129 3281 ούκ
1188 3228 1434 3299 ἐλέγχων
1467 3229 1635 3300 ἰσχύϊ,
1670 3231 1744 3295 ώς
1790 3234 1853 3286 σὺ
1884 3244 1928 3303 c

1839 3253 1853 3286 ι
1884 3244 1928 3303 C
1960 3239 2121 3295 sicuti
2154 3239 2413 3309 sophistae
2457 3236 2700 3293 studium
2746 3237 3021 3293 collocant
3068 3238 3123 3291 in
3158 3236 3532 3292 adolescenti-

264 3319 412 3389 φῄς·
460 3318 721 3391 ἀσθενείᾳ
756 3320 813 3372 δὲ
859 3319 1131 3390 τάληθοῦς
1175 3319 1250 3383 ώς
1297 3320 1733 3391 φιλοσκώμμων,
1779 3325 1847 3377 τὰ

261 3412 450 3474 καλῶς
474 3412 795 3484 ἡδρασμένα
820 3412 1156 3482 ἐπεχείρησε
1183 3412 1488 3483 διασύρειν.
1528 3415 1589 3467 '0
1613 3416 1717 3485 γάρ
1741 3432 1848 3468 τινι

261 3507 404 3575 πρὸς
438 3508 623 3576 μάχην
656 3507 773 3572 ἰὼν,
797 3505 867 3559 τὰ
902 3507 1001 3575 μὲν
1022 3507 1469 3580 παρασκώπτων,
1497 3507 1564 3561 τὰ
1593 3508 1649 3561 δὲ
1677 3525 1845 3580 προσ-

260 3600 461 3662 τιθεὶς,
540 3599 636 3651 καί
666 3600 830 3651 παντὶ
874 3600 1061 3669 τρόπῳ
1088 3600 1189 3668 τὴν
1219 3600 1306 3667 ἐφ’
1334 3598 1552 3668 ἑκάστῳ
1587 3599 1848 3670 ἀλήθειαν

262 3692 713 3763 παρακρύπτων,
776 3693 1073 3763 ψεύδεταιο
1131 3694 1229 3746 καί
1292 3693 1550 3764 ἀπεχθῶς
1609 3694 1746 3762 ἔχων
1786 3696 1846 3747 ού

262 3787 537 3856 πράττειν
585 3786 772 3855 μόνον,
808 3787 948 3839 ἀλλὰ
997 3786 1092 3839 καὶ
1138 3785 1322 3854 λέγειν
1369 3786 1705 3850 σπουδάζει·⁸
1755 3789 1851 3842 καὶ

263 3879 336 3932 τὰ
363 3879 514 3948 αὐτῷ
543 3880 592 3931 si
646 3880 923 3950 προσόντα
958 3878 1138 3948 φαῦλα
1166 3879 1245 3950 τῷ
1290 3879 1472 3950 ὲχθρῷ
1509 3878 1849 3950 περιτιθέναι

265 3965 472 4036 μᾶλλον
497 3969 796 4028 οἰκονομεῖ.
825 3964 968 4018 Ἀλλ’
999 3966 1082 4019 ὃτι
1117 3965 1217 4034 μὲν
1247 3968 1342 4019 καί
1389 3968 1583 4038 ἄμφω,
1620 3966 1848 4021 Ἰουλια-

262 4060 355 4122 νός
389 4077 532 4130 φημι
566 4058 663 4112 καὶ
699 4058 1035 4130 Πορφύριος,
1068 4056 1129 4109 ὃν
1166 4057 1367 4127 Τύριον
1400 4058 1562 4112 καλεῖ
1588 4057 1846 4127 γέροντα,

263 4152 649 4221 φιλοσκῶπται
691 4146 854 4222 ἦσαν,
898 4152 1009 4204 ἀπὸ
1038 4150 1148 4203 τῶν
1199 4150 1347 4203 ἰδίων
1388 4151 1848 4222 συγγραμμάτων

266 4244 459 4311 σαφῶς
488 4242 857 4313 ἐπιδείξομεν.
898 4242 987 4296 Ἐν
1021 4242 1121 4313 μὲν
1151 4242 1259 4311 γὰρ
1286 4239 1351 4313 τῇ
1385 4242 1849 4314 ἐπιγεγραμμένη

263 4335 417 4405 αὐτῷ
442 4338 762 4404 Φιλοσόφῳ
779 4335 1038 4405 Ἱστορίᾳ
1068 4337 1381 4407 Πορφύριος
1408 4339 1499 4389 τὸν
1527 4337 1852 4405 Σωκράτους

265 4429 383 4498 βίον
420 4428 497 4489 ὡς
541 4430 786 4498 μάλιστα
835 4430 1113 4500 διασύρει,
1174 4430 1415 4483 τοσαῦτα
1466 4429 1848 4497 συκοφαντῶν,

261 4524 347 4575 ὅς’
391 4522 458 4575 ἂν
503 4524 625 4576 οὐδὲ
653 4524 882 4585 Ἄνυτος
940 4523 1062 4575 οὐδὲ
1122 4524 1361 4581 Μέλιτος
1403 4523 1452 4575 οί
1514 4523 1851 4593 παρανόμων

1955 3332 2058 3387 bus
2107 3331 2455 3387 exercendis.
2512 3329 2955 3385 Consentaneum
3029 3342 3160 3382 vero
3208 3336 3315 3393 est,
3361 3329 3532 3383 libros

1957 3424 2094 3479 istos
2119 3439 2245 3480 eum
2277 3434 2436 3478 antea
2465 3426 2707 3487 novisse,
2756 3422 2959 3491 quibus
2989 3422 3251 3478 videlicet
3282 3422 3336 3476 in
3371 3437 3532 3477 sacro

1956 3514 2253 3585 aliquando
2285 3512 2592 3569 ministerio
2623 3528 2754 3568 usus
2792 3512 2980 3567 fuerit.
3013 3512 3077 3567 Et
3129 3511 3380 3568 incubuit
3425 3511 3535 3567 illis

1950 3609 2140 3664 studio
2156 3618 2210 3663 et
2227 3608 2582 3663 contentione
2600 3607 2968 3674 diuturniore,
2990 3605 3087 3661 sed
3117 3620 3215 3661 eos
3230 3605 3287 3659 vi
3312 3606 3535 3661 dicendi

1957 3717 2065 3757 non
2100 3701 2458 3771 redarguitet
2486 3699 2709 3763 refellit,
2757 3708 2815 3753 ut
2867 3707 2920 3752 tu
2955 3698 3097 3753 dicis
3122 3740 3137 3764 ,
3184 3713 3378 3754 verum
3430 3700 3539 3753 im-

1959 3794 2256 3849 becillitate
2311 3792 2492 3862 potius
2526 3791 2750 3862 ingenii,
2782 3798 2845 3845 et
2889 3788 3105 3845 defectu
3156 3790 3427 3858 veritatis,
3478 3800 3539 3845 ut

1958 3885 2126 3939 homo
2152 3885 2382 3948 facetus,
2406 3892 2461 3938 et
2488 3881 2882 3938 scommatibus
2914 3881 3151 3937 libenter
3176 3881 3395 3946 ludens,
3415 3898 3538 3952 qua:

1959 3979 2132 4047 probe
2175 3976 2401 4031 fundata
2453 3984 2622 4042 sunt,
2659 3978 2972 4031 convellere
3023 3984 3078 4030 et
3123 3975 3413 4030 traducere
3454 3984 3539 4030 est

1958 4076 2209 4124 conatus.
2238 4068 2374 4123 Nam
2406 4068 2499 4137 qui
2526 4081 2650 4121 cum
2683 4067 2793 4121 alio
2816 4067 2932 4121 hoc-
2954 4082 3150 4137 pugna:
3175 4082 3378 4137 genere
3402 4081 3538 4122 eon-

1960 4161 2243 4231 greditur,
2301 4158 2550 4230 qumdam
2608 4158 2927 4214 adulterans
2986 4167 3151 4228 atque
3205 4159 3536 4228 depravans,

1960 4252 2209 4324 quaedam
2247 4251 2315 4307 de
2354 4267 2454 4306 suo
2502 4252 2803 4323 adjicicns,
2833 4252 3121 4323 modisque
3164 4252 3425 4307 omnibus
3481 4255 3537 4308 iu

1963 4363 2020 4402 re
2050 4354 2106 4401 et
2126 4347 2400 4401 sententia
2425 4361 2643 4417 quaque
2671 4346 2961 4401 veritatem
2987 4349 3359 4417 supprimens,
3381 4363 3509 4402 men
3527 4380 3541 4391 -

1962 4438 2094 4493 titur
2131 4451 2185 4492 et
2231 4439 2369 4493 fallit
2404 4456 2417 4491 :
2477 4448 2639 4509 atque
2685 4440 2813 4493 odio
2852 4449 2907 4495 et
2947 4441 3252 4496 inimicitiis
3282 4441 3536 4506 infestus,

1962 4546 2071 4584 non
2107 4531 2288 4585 facere
2320 4532 2519 4596 solum,
2552 4530 2647 4585 sed
2687 4530 2853 4585 etiam
2899 4532 3087 4587 dicere
3121 4534 3397 4589 hostiliter
3424 4546 3540 4587 stu-

263 4620 478 4669 ὲκεῖνον
512 4615 865 4685 γραψάμενοι
908 4615 1205 4686 ἐνενόησαν
1229 4633 1243 4647 ο
1278 4616 1374 4669 καλ
1400 4614 1577 4668 ταῦτα
1627 4615 1851 4685 Σωκρά-
1885 4602 1930 4657 Ι)

1845 4646 1851 4656 ·
1885 4602 1930 4657 D
1960 4623 2051 4677 det
2093 4624 2237 4696 :87
2274 4640 2337 4679 ac
2369 4638 2715 4695 qua-cunque
2743 4624 2850 4679 sibi
2884 4625 3073 4680 insunt
3107 4626 3272 4691 mala,
3314 4627 3538 4681 inimico

261 4725 367 4776 την
396 4707 458 4761 δν
488 4710 581 4761 ἐπὶ
618 4708 947 4782 σωφροσύνῃ
976 4712 1070 4763 καὶ
1104 4708 1428 4780 δικαιοσύνῃ
1465 4708 1560 4762 καὶ
1590 4711 1711 4771 ταῖς
1739 4707 1852 4760 λοι-

266 4803 395 4865 παῖς
425 4804 650 4870 ἀρεταῖς
699 4803 761 4855 ού
813 4802 1038 4855 Πλάτων
1069 4803 1229 4872 μόνον
1274 4804 1363 4855 καὶ
1393 4801 1670 4871 Ξενοφῶν,
1712 4801 1851 4854 ἀλλὰ

262 4894 634 4957 καὶὸλοιπδς
686 4894 798 4946 τῶν
853 4894 1164 4964 φιλοσόφων
1217 4896 1425 4961 θίασος,
1478 4895 1850 4966 διαφερόντως

260 4987 655 5058 θαυμάσαντες
679 4987 753 5050 ώς
784 4987 1037 5058 θεοφιλῆ,
1072 4991 1168 5041 καὶ
1192 4988 1267 5051 ὡς
1302 4987 1491 5054 μεῖζον
1520 4987 1551 5058 ἦ
1584 4989 1727 5040 κατὰ
1752 4989 1849 5041 ἄν·

262 5082 487 5153 θρωπον
542 5081 917 5151 φρονήσαντα,
951 5080 1344 5134 ὲκδεόώκασιν.
1393 5081 1450 5135 Ὀ
1484 5081 1541 5133 δὲ
1595 5081 1848 5151 παραὸά-

258 5191 362 5242 της
392 5174 483 5226 τδν
510 5174 724 5241 πατέρα
748 5173 1024 5243 ζηλώσας,
1059 5172 1129 5227 τὰ
1160 5174 1251 5227 ῖσα
1279 5175 1361 5236 εἰς
1385 5174 1509 5238 τοὺς
1544 5174 1652 5244 πρὸ
1678 5174 1843 5227 αὑτοῦ

263 5263 557 5335 Καίσαρας
585 5265 957 5334 διειργάσατο*
985 5267 1121 5318 πᾶσι
1157 5266 1267 5335 γὰρ
1299 5264 1494 5335 μῶμον
1524 5267 1843 5335 ἐπαγαγὼν,

257 5356 383 5410 οὐδὲ
410 5355 506 5408 τοῦ
544 5356 845 5423 φιλοσόφου
878 5358 1140 5426 ἐφείσατο
1175 5356 1437 5428 Μάρκου.
1479 5358 1749 5413 Τοσοῦτόν
1785 5376 1846 5428 γε

258 5453 377 5523 μὴν
409 5448 829 5506 Κωνσταντίνου
879 5452 976 5507 τοῦ
1012 5454 1256 5522 μεγάλου
1313 5454 1405 5507 καί
1455 5457 1843 5509 Κωνσταντίου

254 5545 353 5597 τοῦ
384 5545 506 5597 υἱοῦ
536 5546 891 5616 κατατρέχει,
916 5547 990 5609 ὡς
1023 5549 1282 5616 συνάγειν
1306 5548 1425 5599 ἐνὸν
1469 5544 1635 5611 εἶναι,
1668 5548 1742 5619 μὴ
1778 5546 1846 5599 δι’

255 5634 393 5688 ἄλλο
414 5653 467 5688 τι
500 5636 721 5690 ἑλέσθαι
754 5637 816 5691 τὸ
851 5637 1165 5707 σύνταγμα,
1200 5640 1230 5706 ἢ
1258 5640 1346 5693 διὰ
1376 5640 1438 5692 τὸ
1478 5640 1695 5710 σκῶψαι
1717 5639 1846 5693 τού·

252 5745 384 5791 τους
409 5728 485 5792 ώς
521 5727 796 5804 θεοφιλεῖς
834 5730 1060 5802 ἄνδρας,
1092 5734 1187 5787 καὶ
1222 5733 1311 5785 ἐπ’
1346 5735 1570 5803 ἀρεταῖς
1607 5736 1703 5787 καὶ
1748 5735 1846 5785 ἁνι-

254 5821 443 5891 ὄρίαις
476 5824 569 5875 καί
600 5825 667 5894 τῇ
713 5824 910 5895 ἀληθεῖ
941 5826 1232 5897 φιλοσοφία
1265 5827 1326 5879 τὸ
1354 5825 1641 5897 ὃιαῦόητον
1682 5828 1847 5895 ἐσχη-

1960 4731 2025 4771 ea
2065 4731 2166 4772 suo
2190 4718 2472 4787 imponere
2509 4717 2817 4772 contendit.
2850 4717 2955 4772 Sed
2993 4719 3139 4773 enim
3175 4720 3321 4789 quod
3350 4720 3536 4783 ambo,

1958 4809 2209 4863 Julianus
2267 4810 2513 4879 inquam,
2564 4817 2622 4864 ct
2676 4809 3058 4881 Porphyrius,
3112 4828 3275 4882 quem
3315 4811 3538 4883 Tyrium

1959 4916 2144 4956 senem
2179 4910 2359 4968 vocat,
2384 4916 2747 4958 scommatum
2774 4913 3187 4959 consectatores
3218 4904 3442 4969 fuerint,
3483 4906 3535 4959 id

1957 5007 2023 5045 ex
2047 4992 2205 5047 libris
2223 5007 2413 5063 eorum
2448 5002 2636 5062 aperte
2657 4995 3030 5049 ostendemus.
3082 4994 3140 5048 lu
3164 4993 3538 5065 Philosophicu

1956 5085 2125 5148 enim,
2174 5100 2339 5154 quam
2390 5085 2461 5139 ita
2506 5085 2846 5157 Porphyrius
2897 5086 3203 5155 inscripsit,
3266 5085 3534 5150 Ilisloria,

1960 5176 2160 5229 mirum
2209 5184 2293 5231 cst
2343 5187 2686 5248 quantOpere
2725 5179 2889 5232 vitam
2925 5178 3377 5249 philosophormn
3440 5194 3534 5233 co-

1959 5267 2162 5337 ryphaei
2192 5267 2436 5324 Socratis
2472 5270 2782 5324 cavillando
2839 5279 3008 5335 taxct,
3043 5281 3121 5324 tot
3156 5272 3209 5325 in
3246 5286 3371 5325 eum
3399 5287 3534 5324 cou-

1958 5358 2100 5411 lictis
2131 5360 2524 5429 sycophantiis,
2560 5371 2695 5429 quot
2726 5376 2908 5431 neque
2931 5363 3144 5433 Anytus
3166 5402 3182 5427 ,
3211 5378 3389 5431 neque
3422 5361 3536 5415 Me-

1956 5449 2105 5511 litus,
2138 5452 2230 5519 qui
2264 5451 2439 5515 illum,
2491 5453 2637 5522 quod
2682 5469 2772 5507 res
2810 5470 2981 5509 novas
3017 5466 3209 5511 contra
3261 5457 3406 5524 leges
3442 5469 3536 5509 ve-

1959 5550 2102 5596 Icres
2134 5542 2447 5607 induceret,
2478 5556 2835 5612 accusarunt,
2860 5563 3101 5617 unquam
3125 5548 3529 5617 cxcogitaront.

1955 5639 2130 5707 Atque
2171 5637 2224 5691 id
2248 5639 2470 5708 quidem
2504 5641 2559 5693 in
2594 5638 2900 5705 Socratem,
2936 5656 3099 5711 quem
3140 5649 3365 5710 propter
3397 5649 3535 5693 teni—

1956 5733 2283 5799 perantiam,
2313 5733 2608 5798 iustitiam.
2642 5744 2697 5788 et
2750 5734 2990 5803 reliquas
3021 5733 3255 5789 virtutes
3305 5747 3414 5787 non
3445 5747 3535 5785 so-

1953 5826 2065 5877 lum
2125 5826 2277 5880 Plato
2330 5836 2385 5879 ct
2438 5825 2743 5896 Xequhon
2774 5866 2788 5892 ,
2833 5841 3021 5881 verum
3063 5826 3232 5881 ctiam
3286 5826 3534 5897 reliquus
