4288 6438
775 386 881 448 559
1966 388 2388 448 NICEPIIURI
2428 390 2775 450 CALLlS'l‘l

775 499 1224 568 philosorihorurn
1251 509 1428 554 ccutus
1455 500 1726 568 praecipue
1762 509 2011 561 miratus,
2057 509 2116 553 ut
2147 501 2253 552 diis
2277 501 2350 570 (Ι)
2383 506 2423 561 Α
2455 520 2468 553 ι

2334 503 2350 570 )
2383 506 2423 561 Α
2455 501 2638 562 κότας.
2683 502 2826 554 Ἀλλ’
2853 502 2932 554 ὅτι
2970 500 3067 571 μὲν
3123 500 3378 571 ὑϐρισταὶ
3436 502 3526 554 καὶ
3560 502 3726 570 ἄμφω
3760 498 3919 573 ἦσαν,
3967 505 4027 554 οὐ

770 596 1018 648 charum,
1045 601 1098 644 et
1124 607 1290 660 supra
1329 593 1565 645 hominis
1587 602 1804 661 raptum
1841 595 2169 660 sapientem,
2195 609 2344 645 com-
2448 597 2463 649 ξ

2332 621 2344 632 -
2448 597 2528 649 δεῖ
2561 613 2650 664 μοι
2704 595 2965 648 πλειόνων
2989 614 3000 627 ·
3033 595 3248 664 ἀπόχρη
3281 596 3391 665 γὰρ
3429 595 3522 648 καὶ
3566 596 3740 649 ταῦτα
3770 599 3849 660 εἰς
3899 613 4025 663 γεν-

772 679 1119 746 mendaruut,
1175 682 1264 735 ille
1321 682 1470 736 fecit.
1531 682 1926 750 Transgressor
1973 700 2100 736 vero
2132 695 2341 752 patrem
2448 705 2465 740 ι

2329 705 2341 736 ι
2448 687 2606 740 ναίοιν
2640 688 2987 756 παράστασιν
3014 687 3114 755 τῆς
3149 686 3315 738 αὑτοῦ
3367 687 3773 758 κακομηχάνου·
3806 687 3986 756 ψυχῆς
4011 703 4022 715 ·

766 773 1073 835 armulatus,
1109 775 1248 828 idem
1292 776 1372 828 eis
1416 776 1564 839 fecit,
1614 778 1816 845 quibus
1850 779 2136 837 successit,
2172 781 2346 846 impe-
2451 799 2459 850 ι

2333 811 2346 824 -
2451 781 2791 850 μαρτυρήσει
2818 780 2874 832 δέ
2909 797 2998 849 μοι
3031 781 3145 841 τοῖς
3177 778 3590 848 λόγοιςμικρὸν
3623 779 3851 851 ὕστερον
3879 778 3972 832 καὶ
4001 781 4026 830 ὁ

769 865 1065 919 ratorihus.
1097 864 1297 920 Omnes
1323 883 1559 936 namque
1603 869 1972 936 reprehendit,
1997 881 2052 923 et
2076 885 2144 923 ne
2162 870 2344 924 Marco
2450 871 2462 921 l

2329 885 2344 923 )
2450 871 2763 938 θαυμαστὸς
2804 869 3127 938 Γρηγόριος,
3164 868 3264 938 τὴν
3307 868 3471 936 φύσιν
3498 867 3668 921 αὑτοῦ
3698 867 3870 921 καὶτὸ
3894 863 4022 937 ἧοος

769 956 991 1023 quidem
1043 960 1372 1030 philosoiiho
1425 962 1696 1030 pepercit.
1747 961 1897 1016 Adeo
1941 977 2070 1016 sane
2107 964 2160 1016 in
2193 963 2339 1018 Con-
2446 964 2462 1016 ἑ

1308 961 1372 1014 lio
1425 962 1696 1030 pepercit.
1747 961 1897 1016 Adeo
1941 977 2070 1016 sane
2107 964 2160 1016 in
2193 963 2339 1018 Con-
2446 964 2643 1031 ἄριστα
2667 962 3001 1028 διαγράφων.

764 1053 1068 1108 stantinum
1105 1069 1358 1122 magnum
1387 1066 1441 1110 et
1479 1055 1861 1109 Constantium
1898 1056 2069 1110 lilium
2109 1057 2228 1124 ejus
2291 1066 2375 1109 est
2415 1056 2684 1116 invectus,
2717 1064 2775 1107 ut
2834 1053 2999 1107 facile
3054 1055 3374 1109 existimare
3406 1055 3588 1114 liceat.
3625 1069 3729 1108 non
3760 1055 3918 1109 aliam
3954 1051 4024 1105 oh

763 1164 982 1201 causam
1011 1148 1161 1201 illum
1201 1149 1477 1202 scribendi
1533 1147 1774 1204 laborem
1812 1150 2139 1216 suscepisse,
2203 1165 2367 1218 quam
2409 1157 2468 1203 ut
2498 1148 2631 1202 istos
2696 1147 3080 1217 proscinderet
3135 1157 3325 1214 utpote
3355 1134 3505 1202 iviros
3537 1147 3630 1202 Dei
3667 1159 3932 1208 amantes,
3969 1156 4026 1199 et

763 1240 856 1308 qui
892 1240 1235 1305 fortitudine,
1266 1241 1562 1294 virtutibus
1591 1240 1732 1303 aliis,
1789 1254 1843 1295 et
1877 1259 2004 1297 vera
2067 1243 2414 1312 philosophia
2453 1241 2671 1296 laudem
2722 1254 2972 1311 magnam
3026 1242 3309 1296 consecuti
3342 1251 3550 1296 essent.
3589 1242 3786 1295 Verum
3832 1242 4026 1295 ambos

764 1332 1288 1386 hos-Conviciatores
1311 1331 1502 1396 fuisse,
1551 1333 1818 1402 ampliore
1841 1334 2168 1402 probatione
2193 1335 2326 1388 mihi
2367 1349 2508 1402 opus
2579 1348 2688 1387 non
2719 1345 2822 1386 est.
2890 1331 3176 1385 Sufficiunt
3211 1333 3358 1386 enim
3406 1334 3506 1386 ista
3530 1375 3543 1395 ,
3577 1333 3643 1386 ad
3677 1345 3881 1386 certam
3918 1351 4029 1387 ma-

761 1429 1053 1492 lev-olentis
1082 1430 1226 1483 illius
1254 1429 1422 1482 animi
1454 1428 1910 1484 declarationem:
1937 1439 1992 1484 et
2028 1430 2189 1499 paulo
2213 1438 2335 1499 post
2377 1429 2561 1483 verbis
2622 1430 2741 1482 suis
2777 1426 2912 1480 mibi
2977 1427 3334 1482 admirandus
3374 1426 3465 1484 ille
3497 1426 3798 1498 Gregorius
3834 1428 4028 1484 suifra-

761 1525 1001 1595 gabitur,
1035 1525 1127 1594 qui
1189 1534 1441 1578 naturam
1494 1533 1548 1578 ct
1605 1540 1784 1580 mores
1814 1534 2076 1595 apostata:
2135 1527 2343 1595 Optime
2382 1524 2651 1594 depinxit.

831 1620 999 1674 Porro
1039 1617 1184 1687 quod
1221 1619 1383 1671 etiam
1429 1628 1557 1672 ante
1598 1617 1732 1672 istos
1771 1620 2029 1688 permulti
2069 1619 2336 1673 doctrina:

760 1725 960 1768 nosme
1013 1712 1297 1765 veritatem
1350 1712 1398 1764 vi
1449 1726 1768 1781 cppuguare
1796 1713 2039 1782 aggressi
2072 1723 2242 1776 sunt,
2300 1729 2332 1768 e

756 1807 962 1860 divinis
1016 1804 1254 1858 oraculis
1309 1804 1554 1872 quaadam
1619 1815 2020 1874 pervertentes,
2081 1806 2327 1875 quaedam

757 1908 938 1951 autem
974 1897 1040 1950 ad
1081 1912 1300 1950 sensum
1334 1912 1491 1950 suum
1547 1898 1955 1967 detorqueutes,
2003 1914 2111 1950 non
2169 1898 2330 1966 pauci

755 1992 1139 2053 ostenderunt,
1177 1989 1418 2058 quicum
1469 1990 1574 2044 illis
1621 1991 1918 2056 congressi,
1954 1991 2332 2044 cavillationes

756 2099 949 2139 eorum
1007 2082 1319 2136 confutatus
1353 2084 1407 2136 in
1456 2082 1675 2150 publica
1733 2091 2086 2135 monumenta
2127 2083 2330 2136 retule-

758 2185 905 2228 runt.
969 2174 1027 2227 In
1083 2174 1274 2242 primis
1332 2190 1461 2227 vero
1508 2173 1862 2227 doctissimus
1911 2173 2198 2243 Origenes,
2235 2173 2330 2242 qui

756 2270 919 2335 longe
947 2273 1072 2318 ante
1105 2263 1380 2318 lulianum
1436 2277 1681 2333 tempore
1735 2265 1862 2325 fuit,
1898 2280 2239 2334 quaecunque
2276 2265 2328 2317 iu

755 2360 927 2413 sacris
980 2358 1204 2413 Litteris
1242 2360 1426 2411 turbas
1479 2359 1664 2418 ciere,
1722 2367 1816 2409 aut
1857 2357 2091 2411 lectores
2139 2371 2327 2410 earum

756 2453 1085 2522 perturbare
1121 2453 1235 2506 visa
1258 2461 1406 2513 sunt,
1441 2449 1606 2518 probe
1638 2448 1913 2512 distinxit,
1960 2447 2329 2518 subjectisque

755 2545 1054 2600 contrariis
1105 2544 1478 2614 argumentis,
1527 2553 1582 2596 et
1617 2542 1757 2596 locis
1787 2541 2119 2610 quibusque,
2166 2543 2239 2594 ita
2269 2551 2329 2595 ut

754 2638 967 2700 debuit,
1002 2637 1315 2699 declaratis,
1350 2650 1542 2694 eorum
1576 2635 1670 2704 qui
1707 2650 1803 2688 eos
1833 2632 1972 2686 male
1993 2643 2046 2686 et
2076 2634 2327 2702 imperite

756 2734 1094 2799 acciperent,
1129 2745 1299 2799 nugas
1323 2729 1512 2799 longas
1529 2720 1582 2782 et
1600 2728 1925 2794 sophisticas
1949 2728 2329 2798 aggressiones

752 2823 972 2878 refellit.
1023 2821 1272 2874 indicant
1304 2820 1426 2882 hoc,
1456 2834 1577 2888 quae
1618 2819 1663 2873 is
1703 2819 1768 2872 ad
1799 2817 2043 2871 Galatam
2097 2817 2326 2871 Mareel-

749 2914 863 2968 lum
915 2914 1244 2980 composuit,
1274 2923 1328 2966 et
1363 2928 1484 2981 qua)
1532 2912 1597 2964 ad
1647 2911 2007 2980 Porphyrium
2053 2911 2127 2978 (2)
2162 2925 2324 2978 quem

751 3009 1014 3073 diximus,
1048 3006 1353 3060 luculenter
1381 3003 2035 3074 rescripsit,88libellis
2067 3002 2133 3057 de
2160 3003 2325 3056 rebus

748 3097 1089 3166 ejuscemodi
1125 3097 1309 3160 editis,
1326 3097 1528 3165 quibus
1548 3103 1772 3165 propter
1791 3097 2001 3165 copiam
2030 3095 2321 3150 verborum

2518 1619 2643 1670 Ὅτι
2667 1617 2724 1671 δὲ
2751 1615 2846 1668 καὶ
2881 1617 2991 1687 πρὸ
3023 1616 3204 1670 αὐτῶν
3229 1617 3416 1671 πολλοὶ
3444 1617 3540 1672 τοῦ
3571 1618 3695 1672 καθ’
3727 1619 3874 1688 ἡμᾶς
3902 1618 4026 1686 δόγ⁶

2443 1727 2613 1777 ματος
2645 1709 2940 1778 βιάσασθαι
2961 1710 3060 1781 τὴν
3081 1710 3342 1781 ἀλήθειαν
3371 1710 3759 1781 ἐπεχείρησαν,
3777 1711 3900 1764 τινα
3921 1714 4026 1781 μὲν

2438 1802 2546 1856 τῶν
2579 1803 2740 1856 Θείων
2802 1804 3582 1875 χρησμῶν,παρατρέψαντες,
3651 1803 3785 1858 ἄλλα
3829 1804 3885 1856 δὲ
3929 1804 4026 1858 καὶ

2437 1898 2574 1966 πρὸς
2630 1900 2723 1950 τὸν
2774 1900 2907 1950 ίδιον
2964 1897 3166 1950 σκοπὸν
3221 1899 3607 1966 ἐκλασιίμενοι,
3659 1896 3868 1963 ἔδειξαν
3920 1900 4023 1965 μὲν

2435 1990 2624 2043 πολλοὶ
2670 1991 2748 2052 είς
2813 1992 3142 2061 ἀντίρρησιν
3194 1992 3564 2054 καταστάντες
3611 1991 3866 2054 ἐκείνοις,
3927 1991 4023 2041 καὶ

2437 2082 2884 2151 στηλιτεύσαντες
2921 2081 3127 2153 ἐλέγχῳ
3155 2085 3226 2136 τα
3265 2084 3495 2136 ἐκείνων
3532 2084 3867 2151 σοφίσματα.
3907 2083 4023 2153 Πρὸ

2433 2173 2489 2226 δὲ
2525 2174 2746 2226 πάντων
2782 2177 2808 2226 ὁ
2841 2173 2937 2242 τὴν
2986 2174 3189 2242 γνῶσιν
3231 2175 3400 2238 πολὺς
3451 2173 3767 2244 Ὠριγένης,
3819 2175 4023 2245 μακρῷ

2433 2267 2610 2335 χρόνῳ
2668 2268 2763 2318 καὶ
2795 2266 2904 2335 πρὸ
2951 2265 3245 2319 Ἰουλιανοῦ
3302 2267 3582 2334 γεγονώς·
3635 2267 3703 2319 τὰ
3750 2266 4021 2320 δοκοῦντα

2431 2359 2724 2426 ταράττειν
2746 2360 2866 2420 ταῖς
2901 2358 3073 2428 ἱεραῖς
3107 2358 3312 2428 βίϐλοις
3344 2358 3752 2429 διευκρινήσας,
3776 2357 4021 2410 ἀνθυπε-

2432 2448 2643 2518 νεγκών
2671 2468 2730 2503 τε
2759 2451 2851 2503 καὶ
2888 2451 2963 2514 ὡς
2995 2450 3174 2521 χρεὼν
3199 2452 3532 2521 σαφηνίσας,
3558 2451 3667 2504 τῶν
3699 2451 3894 2513 κακῶς
3922 2451 4019 2502 καὶ

2432 2542 2768 2611 ἀγνωμόνως
2801 2543 3028 2606 ταύταις
3069 2545 3460 2612 διακειμένων,
3489 2543 3588 2614 τὴν
3649 2544 3866 2611 μακρὰν
3890 2545 4014 2611 ἐρε-

2434 2635 2650 2704 σχελίαν
2682 2638 2776 2688 καὶ
2811 2637 2909 2700 τὰς
2945 2623 3271 2724 σοφιστικὰς
3315 2639 3693 2706 ἐπιχειρήσεις
3731 2636 4016 2706 ἐξήλεγξε.

2427 2722 2683 2775 Δείκνυσι
2713 2723 2768 2775 δὲ
2803 2723 2837 2776 ἃ
2870 2727 3006 2793 πρός
3034 2741 3093 2776 τε
3131 2722 3220 2776 τὸν
3249 2724 3498 2794 Γαλάτην
3526 2725 3856 2794 Μάρκελλον
3888 2744 4020 2777 συν-

2431 2814 2605 2880 έταξε,
2646 2817 2736 2868 καὶ
2776 2815 2811 2869 ἃ.
2866 2817 3002 2887 πρὸς
3053 2818 3143 2870 τὸν
3191 2819 3486 2886 εἰρημένον
3544 2818 3857 2889 Πορφύριον
3893 2836 4020 2886 γεν-

2430 2911 2591 2971 ναίως
2625 2910 2884 2962 ἀντεῖπε·
2922 2911 3104 2980 βίϐλον
3132 2911 3216 2977 ἐφ’
3252 2912 3471 2981 ἑκάστῳ
3505 2911 3711 2964 τούτων
3756 2928 4019 2965 συντετα-

2428 3005 2561 3072 χὼς,
2599 3003 2696 3056 καὶ
2756 3002 3008 3071 ἀφώνους
3067 3004 3390 3074 ἀπελὲγχων
3435 3006 3500 3074 τῇ
3551 3004 3659 3056 τῶν
3692 3005 3868 3072 λόγων
3911 3006 4015 3074 τῆς

2430 3095 2686 3162 ἀληθείας
2719 3097 3011 3164 περιουσία
3033 3111 3045 3125 ·
3080 3089 3163 3158 οἷς
3196 3097 3244 3148 εἰ
3278 3096 3375 3165 μὴ,
3402 3096 3475 3158 ὡς
3508 3096 3724 3166 ἔτυχεν,
3757 3099 4016 3168 ἐνέτυχεν

748 3190 998 3243 veritatis
1023 3188 1225 3253 effecit,
1254 3199 1311 3242 ut
1347 3189 1423 3242 illi
1471 3189 1617 3258 quod
1660 3197 1851 3243 contra
1901 3188 2177 3250 dicerent,
2215 3203 2322 3241 non
2353 3203 2395 3260 ο
2440 3189 2441 3195 “

2353 3203 2395 3260 C
2440 3186 2752 3251 Ἰουλιανὸς,
2791 3188 2893 3240 οὐκ
2938 3188 3003 3241 ἂν
3047 3189 3192 3241 οὓτω
3229 3189 3546 3256 σοφίζεσθαι
3581 3192 3672 3243 καὶ
3709 3190 4017 3259 βλάσφημα

749 3279 1037 3332 haberent.
1087 3278 1237 3343 Quos
1271 3278 1441 3333 llhros
1477 3279 1522 3332 si
1559 3293 1670 3331 non
1714 3278 1788 3330 ita
1839 3277 2043 3332 cursim
2074 3276 2323 3330 Julianus

747 3371 991 3440 legisset,
1022 3385 1304 3438 nunquam
1346 3371 1412 3423 ad
1457 3369 1835 3422 cavillationes
1870 3377 1924 3422 et
1955 3367 2324 3437 hlaSphemias

745 3462 1071 3517 scribendas
1105 3462 1362 3531 delapsus
1386 3472 1552 3517 esset.
1582 3461 1688 3516 Sed
1714 3463 1862 3515 enim
1893 3460 2111 3516 Juliano
2139 3459 2323 3514 studio

745 3558 936 3620 fuisse,
967 3567 1022 3610 ut
1055 3556 1447 3610 sconnnatibus
1485 3563 1542 3609 et
1587 3554 1878 3609 dicacitate
1913 3562 2182 3618 uteretur,
2210 3569 2322 3607 non

746 3648 888 3715 apud
931 3662 1026 3701 eos
1058 3647 1151 3714 qui
1182 3646 1412 3700 solidam
1435 3644 1650 3713 pietatis
1677 3645 1959 3699 veritatem
1997 3652 2052 3697 et
2089 3644 2320 3710 formam

747 3752 955 3804 tenent,
984 3740 1080 3795 s._-d
1114 3739 1393 3807 simplices
1438 3750 1493 3792 et
1540 3740 1823 3806 imperitos
1852 3738 2123 3800 homines,
2155 3754 2223 3792 ex
2255 3753 2321 3791 eo

746 3836 882 3887 satis
914 3842 1146 3886 constat.
1194 3832 1296 3886 Ubi
1343 3831 1488 3884 enim
1529 3846 1558 3883 e
1595 3830 1916 3900 Seripturis,
1977 3845 2319 3899 quacunque

745 3927 1028 3980 hominum
1063 3939 1234 3989 more,
1281 3933 1440 3993 prout
1474 3939 1559 3976 res
1606 3921 1787 3976 ferunt
1811 3960 1825 3985 ,
1863 3921 1928 3975 ad
1973 3933 2190 3990 captum
2225 3938 2322 3975 no-

746 4036 945 4087 strum,
980 4020 1047 4074 de
1087 4019 1219 4082 Deo,
1246 4029 1299 4071 et
1348 4017 1616 4086 prazcipue
1663 4015 1729 4070 de
1754 4015 1958 4069 Christi
1987 4016 2318 4080 (economia,

745 4114 1048 4181 salutisque
1078 4121 1279 4164 nostra;
1326 4108 1805 4163 administratione
1850 4107 1992 4162 dicta
2022 4117 2171 4173 sunt,
2227 4109 2322 4162 de-

744 4206 967 4274 t'erpsil,
1032 4215 1086 4257 et
1142 4205 1260 4273 ejus
1301 4201 1518 4271 generis
1571 4200 1715 4253 dicta
1770 4200 2018 4267 quaedam
2076 4199 2318 4268 collegit,

746 4296 946 4350 deinde
1000 4297 1150 4348 hisce
1181 4294 1365 4347 verbis
1424 4293 1629 4346 infert:
1694 4310 1712 4342 ι
1758 4291 1960 4344 [lorum
1996 4291 2160 4359 igitur
2203 4305 2322 4344 om-

744 4392 918 4451 nium,
956 4387 1061 4441 nisi
1100 4390 1236 4440 ratio
1262 4385 1529 4454 quaepiam
1564 4394 1668 4446 est,
1699 4399 1952 4436 arcanam
1976 4384 2233 4452 aliquam,
2261 4393 2322 4436 ut

741 4497 843 4550 ego
877 4491 1029 4548 puto,
1089 4479 1609 4547 contemplationem
1655 4477 1864 4531 habens
1889 4518 1901 4540 ,
1955 4477 2154 4530 multas
2190 4477 2317 4530 libri

2428 3279 2664 3348 γράφειν
2699 3279 3035 3343 ὲξεκυλίετο.
3066 3281 3191 3334 Ὀτι
3247 3281 3304 3334 δὲ
3365 3283 3586 3352 σκῶψαι
3643 3284 3734 3335 δια
3770 3283 4015 3351 σπουδῆς

2428 3373 2581 3424 ἔθετο
2613 3369 2924 3436 Ἰουλιανὸς,
2958 3373 3018 3425 οὗ
3052 3373 3188 3442 πρὸς
3213 3375 3341 3436 τοὺς
3374 3375 3471 3444 τὴν
3505 3375 3684 3444 ἀληθῆ
3719 3378 4012 3444 μόρςωσιν

2426 3462 2525 3530 τῆς
2555 3461 2839 3524 εὐσεϐείας
2868 3466 3319 3534 περικειμένους,
3354 3466 3493 3517 ἀλλὰ
3525 3465 3662 3536 πρὸς
3710 3470 3834 3528 τοὺς
3872 3468 4018 3518 idid.-

2427 3571 2525 3616 τας
2563 3555 2656 3608 καὶ
2702 3553 3076 3626 ἁπλούστερον
3135 3556 3544 3626 διακειμένους,
3585 3558 3750 3626 δῆλον
3797 3561 4013 3610 ἐκεῖθέν

2427 3647 2564 3702 ἐστι.
2603 3647 2745 3701 ’Όσα
2784 3648 2892 3717 γὰρ
2945 3648 3042 3717 τῆς
3071 3649 3296 3718 Γραφῆς
3326 3649 3697 3719 οἰκονομικῶς
3732 3650 3942 3717 ἀνθρως
3968 3670 4015 3701 ι-

2425 3737 2668 3808 κῶτερον
2691 3741 2975 3805 τέτακται,
2998 3741 3386 3811 ἑκλαϐὁμενος,
3419 3746 3513 3794 καὶ
3543 3743 3775 3796 τοιαῦτα
3798 3743 3860 3810 δή
3888 3760 4012 3794 τινα

2427 3830 2800 3898 ὲπισυνείρας,
2853 3832 3048 3882 ἔπειτα
3100 3832 3375 3901 ἐπιφέρει,
3437 3834 3614 3900 λέγων
3656 3833 3750 3884 ἐπὶ
3805 3832 4006 3895 λέξεως

2425 3916 2596 3981 οὕτως
2627 3937 2637 3949 ·
2674 3940 2692 3971 ι
2728 3919 2949 3974 Τούτων
2983 3921 3164 3974 τοίνυν
3196 3922 3449 3986 ἕκαστον,
3484 3925 3531 3974 εί
3569 3923 3644 3992 μὴ
3672 3923 3831 3990 λόγος
3857 3924 4009 3976 ἐστὶν

2425 4012 2738 4081 ἀπόρρητον
2767 4011 2906 4081 ἔχων
2951 4017 3072 4067 τινὰ
3109 4012 3366 4082 θεωρίαν,
3400 4017 3535 4084 ὅπερ
3575 4015 3684 4082 ἐγὼ
3713 4016 4006 4083 νενόμικα,

2425 4104 2628 4172 πολλῆς
2673 4106 2937 4174 γέμουσιν
2981 4107 3028 4157 οἱ
3079 4107 3227 4174 λόγοι
3259 4108 3394 4177 περὶ
3435 4107 3528 4159 τοῦ
3567 4107 3703 4159 Θεοῦ
3752 4107 4007 4176 βλασφη-

2428 4199 2575 4266 μίας.
2621 4217 2638 4249 υ
2689 4199 2858 4250 Ταυτὶ
2911 4199 3011 4266 μὲν
3068 4202 3125 4251 ἐν
3171 4199 3245 4268 τῷ
3281 4201 3451 4270 τρίτῳ
3482 4201 3649 4254 αὑτοῦ
3682 4201 3824 4253 κατά
3870 4200 4007 4271 Χρι-

2427 4288 2660 4340 στιανῶν
2694 4289 2886 4359 βιὺλίῳ
2936 4290 3191 4356 διέξεισιν
3219 4308 3230 4320 ·
3266 4292 3324 4344 ἐν
3359 4293 3416 4346 δὲ
3455 4292 3532 4360 τῷ
3563 4292 3706 4362 λόγῳ
3753 4293 3813 4346 ὃν
3863 4294 4006 4360 Περὶ

2426 4381 2731 4448 κυνισμοῦ
2765 4382 3091 4450 ἐπιγράφει,
3116 4381 3422 4450 φιλοσοφῶν
3452 4385 3599 4444 ὅπως
3631 4383 3713 4434 δεῖ
3743 4383 4009 4435 πλάττειν

2427 4475 2555 4534 τοὺς
2590 4473 2797 4540 μύθους
2833 4478 2958 4536 τοὺς
3021 4476 3208 4544 ίερεῖς,
3265 4477 3360 4528 καὶ
3388 4477 3564 4529 ταῦτὰ
3620 4491 3824 4546 φησιν’
3867 4493 3884 4526 t
3915 4477 4013 4527 Δεῖ

740 4573 830 4624 isti
867 4572 932 4623 de
972 4571 1078 4620 lico
1128 4568 1412 4620 tontiuent
1459 4567 1847 4632 blasphemias.
1888 4586 1905 4618 ι
1938 4567 2061 4621 llarc
2091 4567 2315 4636 quidem
2353 4577 2433 4633 οι

2314 4611 2315 4618 η
2353 4577 2396 4633 D
2426 4565 2692 4634 κρύπτειν
2727 4566 2822 4636 τὴν
2873 4570 3002 4636 περὶ
3053 4568 3160 4619 τῶν
3224 4567 3487 4621 τοιούτων
3528 4568 3824 4636 ἀλήθειαν
3857 4568 4007 4636 φιλ;ἰ

743 4677 795 4712 m
825 4660 986 4712 tertio
1023 4675 1121 4711 suo
1153 4659 1348 4711 Contra
1388 4657 1714 4710 Christianos
1762 4657 1902 4711 libro
1933 4658 2099 4711 refert
2133 4658 2220 4710 :ln
2250 4674 2316 4711 eo

740 4763 923 4806 autem
956 4753 1098 4804 libro
1139 4767 1302 4818 quem
1336 4749 1413 4802 De
1463 4750 1766 4820 Cynicismo
1815 4752 2117 4820 inscripsit,
2179 4769 2316 4822 quo-

744 4844 907 4899 modo
960 4843 1251 4896 conveniat
1304 4858 1488 4895 sacras
1519 4843 1721 4911 lingere
1750 4842 1962 4897 fabulas
2010 4844 2314 4912 disserens,

746 4940 858 4992 hzec
885 4937 1120 4991 scribit:
1160 4954 1176 4985 ι
1215 4936 1286 4988 De
1318 4935 1480 4988 rebus
1513 4935 1848 5004 ejuscemodi
1890 4937 2174 4990 veritatem
2219 4952 2314 4992 oc-

744 5029 940 5083 cultari
998 5038 1260 5096 oportet,
1302 5029 1417 5081 vult
1473 5031 1621 5081 enim
1669 5037 1864 5081 natura
1913 5031 2202 5096 occultari,
2263 5039 2316 5083 el.

740 5123 887 5191 quod
916 5122 981 5176 de
1012 5123 1240 5175 deorum
1275 5122 1515 5176 essentia
1541 5122 1817 5174 occultum
1851 5133 1952 5184 est,
1995 5123 2160 5176 nudis
2190 5139 2314 5175 ver-

741 5217 825 5270 bis
882 5216 936 5267 in
996 5229 1154 5266 aures
1207 5214 1470 5282 impuras,
1505 5213 1700 5281 conjici
1743 5229 1852 5266 non
1901 5214 2156 5268 sustinet.
2188 5233 2204 5265 ι
2236 5215 2315 5268 Ex

739 5307 941 5376 quibus
978 5306 1160 5360 verbis
1184 5309 1315 5359 satis
1369 5315 1624 5374 apparet,
1661 5307 2029 5374 suspicionem
2068 5321 2192 5359 eum
2219 5308 2317 5360 oh-

741 5403 940 5461 tinere,
983 5397 1273 5468 mysticum
1301 5397 1560 5466 quiddam
1597 5406 1651 5450 et
1680 5413 1943 5450 arcanum
1978 5413 2186 5450 sacram
2231 5408 2314 5450 te-

739 5509 865 5560 gere
895 5492 1261 5560 Scripturam.
1311 5491 1546 5545 Videtur
1587 5505 1810 5558 quoque
1847 5490 2143 5559 indignari,
2203 5505 2315 5544 non

811 5652 888 5717 (Ι)
919 5650 1171 5704 Justinus
1224 5649 1590 5718 philosotihus
1625 5658 1680 5702 et
1715 5657 1919 5717 martyr
1952 5647 2180 5707 Christi,
2217 5649 2318 5703 So-

739 5734 943 5774 cratem
968 5732 1020 5773 et
1045 5719 1378 5775 Heraclitum
1410 5721 1460 5772 in
1494 5720 1686 5773 eodem
1717 5723 1965 5788 catalogo
1994 5722 2312 5772 sanctorum

738 5809 861 5916 cuin
895 5792 1167 5845 Abraham
1196 5803 1249 5846 et
1283 5792 1395 5846 lilia
1422 5798 1690 5856 recenset,
1739 5800 1994 5857 tanquam
2035 5793 2180 5844 verbi
2221 5791 2313 5843 Dei

738 5878 799 5916 cu
833 5872 993 5916 totes.

738 5878 993 5918 CUllUlCa'.

2421 4662 2529 4732 γὰρ
2571 4665 2602 4732 ἡ
2633 4662 2796 4732 φύσις
2832 4664 3178 4733 κρύπτεσθαι
3204 4680 3217 4695 °
3252 4665 3347 4718 xui.
3381 4666 3440 4717 τὸ
3489 4665 3878 4735 κεκρυμμένον
3906 4665 4008 4734 τῆς

2420 4754 2529 4806 τῶν
2558 4753 2696 4806 θεῶν
2722 4755 2911 4816 οὐσίας
2953 4755 3054 4806 οὐκ
3082 4756 3338 4825 ἀνέχεται
3367 4759 3596 4826 γυμνοῖς
3639 4756 3722 4818 είς
3754 4757 4007 4825 ἀκαθαρ-

2421 4863 2545 4908 τους
2582 4845 2754 4908 ἀκοὰς
2780 4847 3074 4916 ῥίπτεσθαι
3107 4851 3376 4918 ῥήμασιν.
3422 4868 3440 4900 ι
3481 4849 3574 4911 Ἐξ
3603 4844 3677 4902 ῶν
3709 4849 3773 4918 δὴ
3818 4849 4010 4917 φαίνε-

2421 4956 2510 4990 ται
2552 4941 2608 4991 ὲν
2639 4940 2928 5003 ὑπονοίαις
2988 4939 3124 4993 εἶναι
3183 4944 3451 5010 μυστικόν
3479 4960 3531 4993 τι
3566 4944 3661 4995 καὶ
3686 4942 4006 5012 ἀπόρρητον

2421 5029 2692 5097 κρύπτειν
2733 5031 2832 5102 τὴν
2872 5032 3024 5085 Θείαν
3061 5034 3307 5103 Γραφήν.
3347 5035 3527 5087 Ἑοικε
3562 5036 3619 5088 δὲ
3651 5037 3744 5089 καὶ
3795 5040 4008 5103 ἀγανα-

2422 5124 2593 5186 κτεῖν,
2623 5123 2706 5174 ὅτι
2754 5122 2832 5192 μὴ
2865 5127 3066 5188 πάντες
3119 5126 3215 5196 τὴν
3269 5127 3391 5197 ῐσην
3428 5128 3684 5180 ὑπόνοιαν
3720 5133 3848 5196 περὶ
3885 5129 4009 5181 τού·

2420 5233 2528 5268 των
2561 5215 2783 5285 ἔχουσι·
2831 5221 2925 5271 καὶ
2975 5221 3083 5272 τῶν
3135 5220 3483 5290 Χριστιανῶν
3529 5224 3894 5292 κατατρέχειν
3925 5224 4011 5274 ἐν·

2421 5308 2632 5369 τεύοεν,
2681 5308 2773 5360 ἅτε
2803 5310 2864 5379 δὴ
2895 5310 3273 5381 ἁπλούστερον
3302 5312 3616 5382 δεχομένων
3651 5315 3719 5364 τα
3753 5316 4004 5382 ῥήματα.

2435 5397 2633 5467 Ἐχρῆν
2667 5399 2722 5450 δὲ
2766 5403 2840 5470 μὴ
2873 5402 3014 5453 οὕτω
3060 5403 3149 5455 διὰ
3184 5407 3284 5473 τὴν
3317 5405 3428 5456 τῶν
3470 5405 3686 5455 πολλῶν
3715 5405 4007 5474 ἁπλότητα

2421 5488 2563 5539 κατὰ
2591 5488 2699 5541 τῶν
2736 5490 2897 5559 ἱερῶν
2929 5493 3312 5561 ὲκτυφωθῆναι
3362 5494 3622 5565 Γραιρῶν,
3658 5494 3798 5564 μηδὲ
3837 5493 4010 5563 μισῆ-

2494 5643 2573 5712 (2)
2636 5644 2763 5697 Fuit
2835 5646 3177 5716 Porphyrius
3247 5647 3664 5716 condiscipulus
3729 5647 4009 5716 Origenis,

2423 5720 2567 5788 apud
2606 5717 2883 5788 l’lotinuut
2927 5719 3274 5784 magistrum,
3308 5729 3360 5772 et
3412 5734 3586 5788 usque
3641 5721 3706 5773 ad
3761 5731 4011 5785 tempora

2425 5787 2584 5842 Probi
2617 5787 2749 5856 It-tp.
2789 5788 2940 5842 vixit.
2977 5789 3131 5844 Sum.
