4288 6438
315 393 415 458 561

1209 391 1816 453 ECCLESIASTICE
1860 390 2248 452 HISTOi’ll/E
2293 391 2431 452 LIB.
2471 390 2542 452 X.

3463 383 3566 450 562

312 521 410 558 σαι
442 505 536 559 καὶ
595 503 959 573 ἀποστρίεςως
994 502 1232 567 ἐκείναις
1266 505 1410 574 ἔχειν
1467 505 1656 568 κακῶς
1690 507 1883 576 ἐκείνῳ
1915 524 1955 582 Α
1988 523 2005 561 ε

1866 524 1883 573 ι
1915 524 1955 582 Α
1988 507 2233 561 eamdem
2274 520 2460 560 secum
2503 519 2694 558 omnes
2733 503 3050 571 opinionem
3083 503 3149 560 de
3189 502 3294 560 hac
3333 503 3559 560 habere.

303 613 363 649 τε
397 596 741 666 νοσυμίναις,
771 598 852 649 ὅτι
914 597 990 665 μὴ
1023 597 1234 659 πάντες
1267 597 1343 658 ὡς
1405 597 1555 667 αὐτῷ
1588 597 1640 666 γ’
1686 598 1887 666 ἐκείνῳ

309 687 511 754 ἐδόκει,
565 688 821 760 ινόησαν.
856 689 1039 742 Ἐοεκε
1091 689 1146 744 δὲ
1192 691 1262 743 τὰ
1326 691 1418 743 τσα
1461 690 1554 743 καὶ
1611 689 1774 752 αὐτὸς
1810 689 1889 758 τῷ

310 781 480 848 πατρῖ
516 782 611 834 καὶ
662 779 970 850 διδασκάλῳ
1034 781 1334 850 Πορφυρίφ
1392 781 1621 834 παθεῖν’
1672 779 1890 850 πληγὰς

307 874 420 941 γὰρ
470 873 678 936 ἐκεῖνος
729 873 787 925 ἐν
839 875 1152 944 Καισαρείᾳ
1187 875 1293 928 ὑπό
1325 892 1489 927 τινων
1541 873 1888 944 Χριστιανῶν

307 963 575 1032 ἐνεγκὼν,
621 965 696 1036 μὴ
725 965 910 1035 φέρων
945 969 1046 1036 τὴν
1077 967 1256 1039 ὓϐριν,
1303 963 1395 1022 οἷα
1445 968 1884 1039 μελαγχολήσας,

308 1055 603 1126 ἐξόμνυται
635 1056 737 1128 μὶν
768 1058 862 1112 τδν
896 1059 1336 1130 Χριστιανισμόν
1364 1075 1379 1091 ο
1418 1060 1499 1131 τῷ
1525 1061 1583 1114 δὶ
1608 1061 1718 1114 τῶν
1745 1060 1885 1129 πλη-

309 1150 608 1215 γωσάντων
635 1149 808 1220 μίσει,
834 1150 915 1214 είς
952 1152 1014 1203 τὸ
1044 1151 1385 1220 βλασφημεῖν
1411 1150 1648 1224 Χριστὸν
1676 1152 1887 1213 καὶ-τὰς

309 1237 658 1307 Χριστιανῶν
693 1241 1015 1314 ἐξεκυλίσθη
1045 1244 1271 1315 Γραφάς
1294 1261 1308 1275 °
1341 1243 1418 1308 ῶς
1455 1260 1624 1315 φησιν
1650 1243 1679 1298 ὁ
1729 1243 1888 1315 Παμ-

309 1330 468 1398 φίλου
502 1331 786 1400 Εὐσέϐιος,
831 1334 1162 1406 ἀνατρέπων
1208 1337 1406 1406 ἄριστα
1437 1338 1537 1401 τάς
1575 1335 1700 1391 καθ’
1727 1335 1887 1408 ἡμῶν

309 1419 480 1473 αὐτοῦ
516 1423 861 1492 συγγραφάς.
904 1423 963 1477 ὐ
995 1425 1051 1478 δὲ
1079 1426 1370 1489 Ἰουλιανὸς
1407 1427 1684 1498 ὑπεροψίᾳ.
1733 1427 1888 1483 πλεί-

311 1525 414 1580 στῃ
463 1511 607 1563 κατά
641 1511 992 1584 Χριστιανῶν
1028 1513 1127 1585 τὴν
1160 1515 1337 1587 ὁρμὴν
1369 1515 1619 1586 ἐσχηκὼς
1648 1515 1736 1569 διὰ
1761 1516 1890 1580 τοὺς

309 1599 741 1670 ἀπλουστίρους,
780 1603 879 1673 ἴσῳ
908 1603 1070 1658 πάθει
1117 1605 1256 1675 πρὸς
1284 1606 1384 1677 τὴν
1415 1608 1730 1680 Πορφυρίου
1761 1606 1889 1660 λύσ-

308 1707 413 1745 σαν
446 1692 739 1747 ἀπέκλινεν
762 1709 778 1727 ·
820 1697 913 1750 καὶ
940 1696 1110 1777 ἄμφω
1137 1697 1433 1770 τοιγαροῦν
1460 1699 1601 1770 μετά
1633 1698 1888 1768 γνώσεως

308 1784 562 1853 ἑλόμενοι
621 1787 723 1855 τὴν
783 1789 1149 1856 δυσσέϐειαν,
1205 1793 1573 1864 ἀποτρόπαιοι
1624 1793 1724 1858 τὰς
1791 1796 1890 1865 τῆς

1992 600 2132 655 Etin
2168 599 2511 654 Christianos
2539 598 2838 659 invehitur.
2877 596 3025 668 quod
3068 597 3374 666 simplicius
3396 601 3565 653 verba

1990 690 2335 746 oraculorum
2362 689 2651 758 accipiant.
2691 688 2911 745 Minime
2941 703 3071 744 vero
3099 699 3324 760 propter
3364 689 3566 743 multo-

1989 798 2113 838 rum
2157 783 2586 852 simplicitatem,
2623 781 2776 837 illum
2805 792 2953 840 tanto
2991 782 3134 838 fastu
3177 782 3439 837 adversus
3474 798 3565 836 sa-

1989 890 2110 931 cras
2136 874 2450 945 Scripturas
2477 874 2663 930 eh’errl
2709 877 2989 944 oportuit,
3043 889 3225 945 neque
3258 873 3440 929 odisse
3469 887 3564 928 eas

1989 978 2085 1023 aut
2109 971 2348 1024 aversari
2383 976 2671 1038 propterea
2713 965 2926 1032 debuit,
2953 965 3100 1038 quod
3131 981 3271 1037 quas
3294 966 3413 1036 ipse
3440 981 3566 1036 per-

1991 1075 2178 1131 peram
2204 1059 2282 1131 (l)
2314 1059 2667 1124 intellexerit,
2699 1073 2810 1113 non
2841 1073 3054 1126 omnes,
3076 1057 3238 1115 sicuti
3285 1057 3338 1114 ei
3379 1057 3559 1114 visum

1990 1162 2158 1218 esset,
2197 1153 2563 1224 accepissent.
2600 1151 2801 1209 Verum
2838 1151 2982 1207 idem
3026 1152 3075 1207 ei
3109 1149 3379 1206 accidisse
3405 1149 3560 1205 vide-

1992 1253 2102 1310 tur,
2132 1243 2276 1314 quod
2302 1243 2440 1313 patri
2472 1253 2528 1300 et
2571 1245 2834 1315 magistro
2861 1243 2982 1314 ejus
3009 1241 3323 1314 Porphyrio
3350 1240 3558 1296 evenit.

1991 1337 2035 1389 Α
2063 1335 2390 1407 quibusdam
2432 1351 2668 1406 namque
2702 1334 3031 1391 Christianis
3060 1333 3324 1389 Caesarea:
3366 1333 3563 1388 verbe-

1991 1435 2143 1482 ratus
2189 1427 2304 1494 ille,
2364 1426 2510 1497 quod
2569 1427 2822 1498 iniuriam
2862 1441 2984 1481 eam
3028 1440 3135 1480 non
3182 1424 3322 1479 bene
3369 1422 3561 1484 ferret,

1989 1518 2158 1574 veluti
2187 1527 2302 1574 atra
2337 1517 2448 1574 bile
2487 1518 2766 1588 percitus,
2813 1516 3297 1572 Christianismum
3336 1512 3561 1585 quidem

1990 1612 2263 1684 abjuravit
2286 1630 2298 1665 :
2323 1627 2516 1668 eorum
2544 1619 2727 1666 autem
2751 1611 2844 1680 qui
2863 1609 3036 1680 plagis
3064 1608 3214 1663 illum
3242 1605 3562 1666 all'ecerant.

1990 1706 2138 1772 odio,
2169 1706 2234 1761 ad
2265 1704 2542 1761 Christum
2575 1700 3431 1770 etChristianorum,Scripturas
3461 1698 3564 1753 im-

1989 1799 2079 1869 pie
2109 1795 2372 1854 conviciis
2403 1793 2835 1866 proscindendas
2864 1801 2949 1849 cst
2980 1806 3304 1864 progressus
3326 1808 3345 1847 :
3369 1806 3565 1863 quem.

307 1877 564 1932 ἑκουσίου
601 1879 880 1951 ἁμαρτίας
910 1884 1362 1956 εἰσπραττόμενοι
1387 1886 1564 1949 δίκας.
1603 1886 1761 1942 Ἐπεὶ
1782 1885 1828 1939 δ’
1857 1889 1885 1940 ό
1915 1877 1960 1938 Β
1988 1905 2000 1946 ε

1872 1877 2284 1946 iBadmodum
2344 1888 2612 1944 Eusebius
2669 1886 2937 1957 Pamphili
3004 1884 3207 1954 inquit,
3288 1881 3382 1954 qui
3446 1882 3565 1954 ejus

305 1971 568 2034 Διδάνιος
603 1973 978 2044 ἐπιχλευάζων
1007 1973 1218 2047 ῶσπερ,
1259 1977 1364 2032 Τὸν
1405 1979 1468 2032 ὲκ
1493 1977 1883 2050 Παλαιστίνης,

304 2065 500 2133 φησὶν,
532 2063 847 2134 ἄνθρωπον,
875 2067 1010 2121 Θεόν
1042 2085 1102 2122 τε
1131 2069 1224 2123 καὶ
1247 2069 1386 2124 Θεοῦ
1421 2071 1587 2125 παῖδα
1614 2071 1885 2139 ποιοῦσιν,

303 2153 492 2208 ιοικεν
521 2154 1073 2228 αύτδςὶπιλελῆσθαι
1105 2161 1254 2225 ὅπως
1285 2163 1381 2216 ἐπὶ
1410 2163 1556 2218 τέλει
1599 2165 1698 2219 τοῦ
1726 2165 1888 2237 είρη-

308 2249 479 2318 μένου
503 2248 667 2318 λόγου
695 2251 788 2305 τὸν
820 2252 1114 2307 Ἰουλιανὸν
1141 2255 1388 2323 ἀποθεοϊ,
1419 2256 1646 2325 φάσκων
1675 2256 1850 2321 οὕτως
1870 2272 1886 2289 ο

308 2339 421 2393 Τδν
456 2341 678 2410 πρῶτον
710 2343 947 2412 ἄγγελον
974 2345 1073 2415 τῆς
1098 2345 1355 2418 τελευτῆς
1401 2347 1600 2418 μικροῦ
1632 2349 1890 2403 κατέλευ-

306 2446 437 2496 σαν,
496 2429 572 2496 ὡς
622 2431 760 2486 Θεοῦ
796 2434 1308 2506 καταψευδόμενον·
1343 2437 1442 2492 καὶ
1498 2432 1655 2503 αὖθις
1714 2441 1890 2512 μικρά

305 2517 583 2588 εἰρηκώς·
618 2516 740 2572 «Ὦ
792 2520 1068 2592 δαιμόνων
1113 2524 1236 2605 μὲν,
1295 2526 1452 2596 φησὶ,
1511 2527 1577 2580 σὺ
1629 2527 1888 2600 τρόφιμε,

304 2611 588 2682 δαιμόνων
622 2612 678 2668 δὲ
708 2613 952 2686 μαθητὰ,
984 2617 1255 2689 δαιμόνων
1281 2617 1339 2672 δὲ
1369 2621 1736 2692 παρεδρευτά.
1779 2640 1798 2675 ι
1825 2623 1889 2676 El

305 2705 407 2758 καὶ
436 2705 618 2770 ἄλλως
647 2703 804 2772 οὗτος
840 2708 1006 2780 δῆθεν
1034 2709 1174 2763 ἐνόει
1208 2711 1285 2781 μὴ
1308 2711 1410 2781 τὴν
1441 2713 1771 2783 ὁμωνυμίαν
1797 2715 1892 2769 ικ-

306 2798 526 2865 κλίνας,
562 2800 715 2870 ὅμως
742 2801 917 2855 ταῦτα
946 2803 1132 2872 λέγειν
1155 2803 1326 2872 δοκεῖ,
1357 2804 1395 2860 ἃ
1426 2808 1520 2861 καὶ
1568 2807 1892 2878 Χριστιανοὶ

305 2891 562 2960 λέγοντες
601 2893 983 2959 ὀνειδίζονται.
1032 2897 1096 2949 Εί
1147 2893 1242 2953 οῦν
1307 2898 1550 2953 επαίνων
1610 2901 1771 2970 μόνον
1823 2895 1892 2971 ἦν

305 2982 506 3051 ικείνῳ
524 2985 775 3055 φροντὶς,
801 2985 912 3039 ἔδει
931 2987 1031 3059 τὴν
1047 2986 1339 3059 ὁμώνυμον
1364 2989 1693 3046 ἀπώσασθαι
1714 2990 1891 3058 λέξιν,

308 3072 506 3146 ῶσπερ
536 3075 680 3147 δῆτα
710 3078 806 3132 καὶ
835 3077 1073 3150 ἀλλαχοῦ
1104 3080 1423 3152 πεποιηκὼς
1461 3081 1750 3152 φαίνεται·
1783 3084 1892 3138 λοιὶ

305 3167 564 3238 tamen;
619 3175 729 3244 γὰρ
778 3171 869 3226 διά
918 3172 1087 3239 λέξιν,
1117 3173 1227 3227 τῶν
1275 3175 1476 3230 ἑαυτοῦ
1524 3175 1701 3246 λόγων
1727 3175 1892 3243 ἐξίω-

1991 1982 2258 2037 adversus
2305 1995 2407 2036 nos
2436 1980 2769 2050 compositos
2815 1978 2986 2033 libros
3020 1976 3226 2048 optime
3276 1974 3562 2030 refutavit.

1989 2075 2239 2132 Julianus
2272 2082 2455 2129 autem
2508 2087 2605 2143 per
2647 2071 3013 2140 arrogantiam
3062 2070 3368 2140 ingentem,
3435 2082 3565 2139 pro-

1990 2178 2112 2241 pter
2139 2164 2744 2238 simpliciores,impetu
2777 2163 2985 2220 furioso
3016 2173 3206 2219 contra
3221 2160 3566 2218 Christianos

1991 2269 2291 2332 concepto,
2337 2259 2532 2315 eodem
2585 2257 2746 2314 modo
2790 2257 2856 2313 ad
2898 2256 3185 2327 Porphyrii
3231 2255 3440 2310 rabiem
3472 2255 3569 2309 de-

1991 2353 2236 2410 clinavit.
2273 2351 2386 2424 89
2418 2351 2607 2421 Itaque
2636 2350 2799 2405 ambo
2834 2349 3143 2405 detestandi
3191 2365 3204 2401 :
3237 2348 3442 2419 quippe
3471 2347 3564 2416 qui

1990 2441 2295 2516 prudentes
2359 2452 2524 2513 atque
2597 2440 3234 2511 scienteséimpietatem
3290 2437 3565 2509 complexi

1993 2537 2127 2602 sint,
2159 2544 2214 2592 et
2247 2535 2545 2591 voluntarii
2591 2543 2880 2605 propterea
2936 2531 3302 2602 consultoque
3337 2529 3564 2584 admissi

1989 2628 2201 2701 peccati
2249 2628 2586 2698 supplicium
2623 2626 2887 2695 pendant.
2933 2624 3233 2680 Enimvero
3276 2621 3564 2688 Libanius,

1989 2721 2144 2788 dum,
2178 2721 2348 2777 veluti
2390 2735 2491 2775 nos
2542 2719 2804 2781 irridens,
2854 2716 3206 2774 Palaestinum
3243 2713 3524 2771 hominem
3553 2754 3567 2775 ,

1995 2813 2197 2884 inquit,
2225 2813 2397 2869 Deum
2427 2813 2636 2882 Deique
2667 2811 2865 2866 Filium
2908 2809 3121 2864 faciunt
3148 2848 3163 2876 ,
3207 2807 3414 2863 oblitus
3442 2821 3566 2862 esse

1993 2905 2237 2971 videtur,
2268 2903 2545 2975 quomodo
2597 2903 2652 2957 in
2693 2901 2800 2957 line
2830 2900 2950 2970 ejus
2981 2913 3104 2968 qua:
3135 2897 3282 2952 dicta
3310 2905 3402 2951 est
3437 2909 3566 2949 ora-

1995 2999 2199 3065 tionis,
2246 2996 2525 3054 Julianum
2578 2995 2634 3050 in
2685 3008 2981 3049 numerum
3030 2993 3263 3048 deorum
3316 2990 3564 3045 referat:

1994 3092 2235 3162 primum
2294 3089 2496 3146 Juliani
2546 3087 2733 3143 obitus
2787 3085 3043 3140 nuntium
3106 3098 3250 3150 pene
3293 3081 3573 3152 lapidibus

1996 3182 2253 3237 obrutum
2285 3195 2428 3246 esse,
2453 3179 2624 3233 veluti
2660 3179 2704 3232 is
2731 3177 2996 3230 adversus
3016 3174 3186 3228 Deum
3217 3169 3569 3228 mentiretur.

309 3276 428 3317 σενα
1908 3255 1964 3316 νο
1997 3274 2214 3330 dicens.
2251 3274 2319 3330 Et
2349 3272 2541 3344 paucis
2594 3268 2945 3340 interpositis
2985 3265 3194 3330 verbis,
3217 3278 3435 3321 rursum
3472 3277 3567 3320 ex-

303 3354 604 3412 clamans:
645 3375 665 3411 ι
698 3356 743 3415 0
786 3358 1102 3417 daemonum
1145 3365 1393 3431 alumne,
1423 3365 1734 3422 damonutn
1800 3375 2066 3434 sectator,
2135 3367 2447 3423 damonum
2512 3377 2783 3421 assessor.
2825 3380 2844 3414 ι
2874 3361 2944 3417 Et
2993 3358 3248 3430 quamvis
3281 3357 3374 3413 ille
3417 3355 3569 3411 hisce

304 3450 501 3505 verbis
533 3453 684 3508 aliud
732 3455 990 3520 sentiret,
1031 3467 1215 3513 tamen
1258 3473 1370 3515 non
1397 3462 1569 3516 vitato
1607 3462 1894 3532 requivoco
1927 3476 2023 3517 seu
2060 3461 2318 3532 ambiguo
2353 3459 2546 3524 verbo,
2595 3457 2740 3513 idem
2813 3455 2999 3510 dicere
3031 3452 3274 3517 videtur,
3345 3463 3471 3520 qua:
3514 3458 3575 3503 et

303 3543 611 3602 Christiani
644 3547 751 3619 ipsi
794 3563 892 3619 pcr
935 3552 1251 3608 convicium
1301 3553 1630 3611 de'Juliano
1678 3555 1892 3612 dicunt.
1934 3554 2092 3623 Quod
2119 3555 2164 3610 si
2226 3554 2485 3624 Sophiste
2519 3566 2690 3608 unum
2731 3552 2874 3614 hoc,
2917 3556 2976 3602 ut
3003 3555 3309 3618 apostatam
3379 3542 3574 3598 lauda-

305 3653 413 3705 ret,
459 3642 592 3712 egit,
645 3642 947 3700 dictionem
999 3660 1151 3703 certe
1195 3650 1507 3721 ambiguam
1540 3651 1772 3722 rejicere
1834 3650 2135 3706 debuisset.
2202 3647 2359 3716 Quod
2394 3646 2616 3718 quidem
2673 3643 2806 3700 alibi
2855 3657 2981 3698 eum
3037 3641 3256 3703 fecisse,
3322 3645 3572 3706 apparet.

304 3737 446 3793 Nam
498 3737 568 3794 de
609 3739 782 3796 verbo
811 3742 1050 3812 quodam
1090 3745 1356 3816 probrose
1390 3751 1796 3818 reprehensus,
1822 3749 1876 3803 in
1915 3748 2266 3804 orationibus
2302 3747 2418 3802 suis
2456 3744 2511 3800 id
2546 3743 2783 3800 induxit.

392 3829 538 3884 Ἀλλ’
560 3833 710 3897 ὅπως
734 3833 763 3886 ό
789 3835 928 3888 κατά
958 3833 1197 3906 Χριστὸν
1223 3838 1511 3910 ἄνθρωπος
1533 3838 1894 3908 θεολογεῖται⁹
2074 3843 2085 3870 ‘

1882 3854 1894 3872 '
2074 3842 2272 3897 Verum
2301 3839 2587 3894 enimvero
2609 3834 2887 3908 quomodo
2933 3833 3189 3889 Christus
3232 3831 3400 3888 homo
3433 3832 3575 3887 lteus

306 3923 408 3975 sui.
447 3922 524 3984 ὡς
557 3923 617 3976 τὸ
654 3924 757 3994 μὶν
786 3925 1123 3997 φαινόμενον
1156 3927 1442 3998 ἄνθρωπος
1472 3924 1562 4000 ἦν,
1594 3929 1722 3992 Θεὸς
1751 3930 1806 3982 δὲ
1836 3928 1897 3982 τὸ
1998 3969 1999 3978 η

1880 3931 1897 3982 5
1998 3949 2220 4004 quoque
2251 3935 2342 3996 sit,
2391 3930 2619 4000 etquod
2653 3931 2707 3984 in
2743 3943 2810 3984 eo
2862 3935 3115 3999 apparet,
3172 3924 3371 3980 homo:
3426 3925 3573 3988 quod

307 4014 608 4084 νοούμενον
628 4033 642 4048 ·
671 4019 768 4072 καὶ
795 4018 966 4090 ἄμφω
995 4021 1160 4076 πάλιν
1207 4023 1357 4086 ὅπως
1410 4025 1529 4077 ἐστὶ
1554 4023 1649 4077 καὶ
1677 4021 1891 4094 ἄνθρω-

1882 4051 1891 4063 ·
2003 4034 2185 4080 autem
2219 4022 2576 4092 intelligentia
2601 4019 2930 4090 percipitur,
2969 4018 3112 4073 Deus
3141 4011 3326 4072 sitz'et
3352 4031 3575 4072 rursum

307 4123 432 4175 ποτ,
471 4102 640 4179 ἄμφω
665 4109 884 4182 Γραφαί
916 4129 976 4165 τε
1010 4113 1157 4168 θεῖαι
1200 4114 1474 4185 ἀριδήλως
1512 4115 1766 4182 διεξιᾶσι,
1800 4115 1894 4168 καὶ
1997 4146 2000 4165 ι

1884 4127 1894 4168 ι
1997 4118 2276 4189 quomodo
2299 4118 2442 4174 idem
2467 4118 2633 4172 homo
2668 4116 2812 4172 Deus
2833 4115 3086 4178 exsistat,
3109 4120 3404 4182 utrumque
3441 4111 3577 4168 satis

305 4202 661 4272 Χριστιανῶν
709 4206 909 4270 παῖδες
973 4207 1175 4262 tractv.
1237 4208 1500 4278 Ἕλληνες
1551 4209 1627 4276 δὲ,
1665 4209 1770 4280 πρὸ
1799 4207 1894 4263 τοῦ

1880 4207 1894 4263 3
2001 4218 2149 4271 clare.
2175 4213 2377 4268 divinae
2402 4209 2966 4272 ostenduntLitteraz,
2996 4217 3161 4274 atque
3190 4205 3242 4259 id
3269 4204 3573 4260 Christiani

306 4296 632 4364 πιστεῦσαι,
661 4298 781 4361 πῶς
804 4297 872 4352 ἂν
908 4299 1104 4354 εἰδεῖεν
1129 4317 1144 4368 ;
1185 4301 1556 4373 Προσίσταται
1583 4301 1690 4372 γὰρ
1713 4302 1892 4355 ἐκεῖνο
1998 4326 1999 4330 η

1885 4321 1892 4353 υ
1998 4316 2220 4363 norunt.
2247 4304 2448 4361 (ἔπεσε
2467 4313 2645 4357 autem
2663 4299 3074 4371 superstitionis
3097 4299 3359 4356 cultores.
3391 4297 3578 4366 prius-

305 4389 446 4460 θείῳ
493 4391 736 4462 χρησθὲν
779 4391 1103 4463 Πνεύματιο
1175 4393 1315 4449 Ἐὰν
1355 4394 1442 4464 μὴ
1498 4394 1891 4461 πιστεύσητε,
1996 4433 1998 4447 .

1885 4434 1891 4457 ι
1996 4415 2161 4472 quam
2193 4397 2441 4460 credant,
2484 4393 2762 4466 quomodo
2809 4392 2863 4447 id
2896 4393 3039 4446 scire
3071 4389 3312 4461 queant?
3376 4386 3578 4445 Obstat

303 4482 454 4538 οὐδὲ
469 4485 559 4553 μὴ
591 4485 849 4553 συνῆτε.
879 4484 1102 4540 Μᾶλλον
1131 4487 1231 4555 μὲν
1255 4486 1350 4541 οῦν
1380 4487 1578 4566 αὐτοὺς
1609 4488 1705 4541 καὶ
1726 4490 1892 4556 ἐγκει-

1882 4512 1892 4524 '
2003 4507 2243 4561 namque
2272 4489 2431 4554 illud,
2471 4487 2618 4557 quod
2649 4484 2825 4541 divini
2856 4483 3096 4554 Spiritus
3117 4483 3346 4538 oraculo
3364 4482 3575 4536 dictutr

304 4577 612 4633 λύπτεσθαι
643 4578 780 4645 εδει,
819 4580 1056 4644 πολλοὺς
1086 4581 1397 4653 ἀνθρώπων
1429 4580 1853 4642 ἀποθεώσαντας
1876 4595 1890 4612 ο

1886 4596 1890 4611 ’
2001 4596 2120 4643 est:
2151 4584 2208 4641 Si
2235 4599 2340 4641 non
2364 4580 2722 4645 credideritis,
2751 4593 2858 4632 non
2883 4575 3190 4642 intelliqetis
3218 4574 3255 4629 ¹.
3289 4574 3431 4641 Quin
3456 4573 3579 4629 illos

306 4674 408 4727 καὶ
437 4671 614 4726 ταῦτα
651 4671 841 4740 τίνας;
885 4674 1013 4727 Εἴθε
1048 4675 1149 4746 μὲν
1187 4671 1304 4736 οὖν,
1357 4675 1463 4729 κᾶν
1486 4675 1760 4729 εἰδίκαιοι
1801 4675 1898 4729 καὶ
1929 4655 1971 4713 θ

1878 4675 1898 4729 l-
1929 4655 1971 4713 θ
2002 4681 2242 4737 obducta
2275 4686 2449 4742 veste,
2488 4672 2700 4746 pudore
2756 4669 2940 4742 potius
2996 4667 3136 4725 allici
3174 4665 3571 4729 conveniebat,

305 4769 620 4837 σώφρονες·
681 4768 715 4838 ἢ
753 4767 848 4822 τὸν
878 4770 1084 4839 τρόπον
1115 4786 1179 4838 γε
1215 4766 1354 4841 ἦσαν
1407 4769 1675 4843 χρηστοί’
1713 4769 1810 4822 νῦν
1839 4768 1898 4822 δὲ

301 4859 630 4915 τούναντίον
674 4860 845 4924 ἅπαν,
908 4861 1098 4934 ἀδικία
1147 4863 1243 4916 καὶ
1285 4862 1427 4935 μέθη
1471 4861 1566 4916 καὶ
1599 4860 1896 4933 διαφθορᾷ,

308 4951 608 5021 ζήσαντας.
662 4950 919 5006 Δείκνυσι
948 4950 1109 5005 τοῦτο
1169 4951 1472 5024 Ἡρακλῆς,
1494 4952 1592 5006 καὶ
1620 4952 1898 5017 Διόνυσος,

307 5046 410 5099 καὶ
454 5034 822 5114 ’Λσκληπιόςο
861 5044 986 5098 καθ’
1026 5038 1101 5100 ὧν
1141 5046 1383 5118 συνεχῶς
1425 5048 1598 5118 ὀμνὺς
1630 5045 1894 5111 Λιᾶάνιος

303 5139 413 5192 οὐκ
445 5137 766 5208 αἰσχύνεται
792 5154 808 5170 ⁸
843 5133 925 5195 ὧν·
961 5140 1087 5204 τοὺς
1123 5138 1337 5211 ἔρωτας
1363 5142 1461 5195 καὶ
1499 5141 1598 5214 τὴν
1631 5140 1895 5212 περιττὴν

306 5232 589 5302 φλυαρίαν
619 5232 668 5286 εί
697 5233 891 5304 καιρὸς
911 5233 1086 5287 ιδίδου
1111 5233 1566 5306 ἀπαριθμετσθαι,
1594 5235 1801 5297 πλατὺς
1827 5234 1896 5288 ἀν

307 5330 405 5379 καὶ
435 5325 706 5388 ἄσϐεστος
734 5325 1019 5398 ἀνερράγη
1055 5326 1231 5396 γίλως
1284 5329 1400 5391 τοῖς
1441 5324 1707 5397 σώφροσι.
1744 5325 1894 5397 Πλὴν

303 5417 622 5494 ἀποχρήσει
652 5419 768 5481 τοῖς
800 5418 1083 5474 ἐθέλουσιν
1116 5420 1193 5485 ὡς
1214 5421 1383 5490 τάχος
1416 5420 1570 5486 ίδείν,
1589 5421 1627 5474 δ
1657 5435 1715 5473 τε
1740 5418 1892 5489 Ἀρι·

307 5512 603 5576 στοτελους
629 5512 858 5581 πέπλος,
895 5515 925 5568 ό
975 5515 1234 5569 Διονύσου
1275 5515 1566 5584 στέφανος,
1606 5516 1696 5568 καὶ
1739 5517 1766 5566 ὁ
1796 5529 1895 5566 πο-

303 5607 622 5678 λυμνήμων
684 5606 969 5676 Ῥηγίνου,
1023 5609 1117 5663 καὶ
1143 5611 1172 5662 ό
1202 5609 1313 5662 τῶν
1346 5608 1588 5680 ποιητῶν
1626 5609 1808 5678 χορὸς,
1845 5603 1894 5658 οἶ

387 5726 402 5756 ⁸
431 5723 516 5780 [sa
574 5740 673 5788 vn,
705 5725 760 5780 9.

2003 4773 2098 4845 qui
2131 4770 2386 4827 homines
2410 4767 2616 4823 multos
2657 4766 2713 4820 in
2747 4763 2977 4819 deorum
3034 4775 3328 4816 numerum
3369 4760 3578 4814 retule-

2003 4866 2138 4928 rint,
2167 4872 2332 4933 atque
2378 4874 2475 4916 eos
2519 4871 2788 4930 quosnam
2820 4855 3047 4926 quaeso?
3075 4851 3388 4921 Optandum
3443 4866 3577 4906 sane

2001 4965 2174 5024 esset,
2204 4956 2383 5026 justos
2409 4965 2506 5008 eos
2533 4959 2590 5006 et
2621 4953 3016 5016 temperantes,
3054 4945 3332 5000 'autaliter
3357 4957 3573 4998 morum

2005 5050 2317 5120 integritate
2348 5044 2606 5116 probatos
2638 5041 2826 5097 fuisse.
2856 5039 3056 5096 Verum
3084 5037 3366 5109 contraria
3392 5039 3574 5091 omnia

2004 5145 2060 5200 in
2084 5144 2168 5199 eis
2199 5139 2549 5212 reperiuntur
2577 5133 2807 5205 :quippe
2835 5131 2930 5202 qui
2957 5129 3246 5201 injustitia,
3279 5128 3573 5189 ebrietate,

2005 5246 2064 5292 et
2119 5233 2327 5305 stupris
2360 5227 2641 5301 probrosis
2671 5225 2839 5280 vitam
2876 5222 3266 5293 transegerint.
3324 5221 3578 5276 Declarat

2005 5329 2110 5384 hoc
2136 5325 2412 5386 Hercules,
2442 5320 2754 5392 Dionysius,
2805 5327 2862 5374 et
2898 5315 3278 5384 Esculapius:
3314 5327 3412 5383 per
3435 5327 3574 5384 quo-

2003 5435 2125 5474 rum
2157 5418 2382 5472 numina
2409 5415 2538 5469 dum
2580 5411 2848 5467 Libanius
2876 5410 3137 5466 continue
3169 5409 3223 5463 in
3258 5407 3420 5464 libris
3452 5406 3572 5465 suis

1997 5515 2168 5582 jurat,
2199 5525 2307 5564 non
2334 5507 2832 5566 erubescittamen.
2865 5501 3029 5572 Atqui
3079 5503 3300 5557 illorum
3355 5513 3573 5556 amores

2005 5606 2225 5658 insanos
2249 5607 2653 5670 etnugamcnta
2715 5597 2840 5661 alia,
2877 5597 2922 5653 si
2974 5609 3071 5665 per
3105 5603 3320 5665 tempus
3367 5591 3573 5649 referre

383 5847 465 5918 (3)
500 5846 724 5909 Κακῶς.
755 5843 834 5900 Ita
865 5845 1014 5904 enim
1047 5842 1342 5920 legendum
1373 5843 1540 5900 etiam
1571 5841 1718 5912 apud
1752 5842 1908 5898 Socr.
1949 5838 2050 5894 lib.

755 5843 834 5900 Ita
865 5845 1014 5904 enim
1047 5842 1342 5920 legendum
1373 5843 1540 5900 etiam
1571 5841 1718 5912 apud
1752 5842 1908 5898 Socr.
1949 5838 2050 5894 lib.
2092 5853 2174 5903 ιιι,
2205 5851 2326 5906 cap.
2361 5835 2431 5890 23
