4288 6438
314 434 421 500 565

895 544 1146 600 ΚΕΦΔΛ.
1178 543 1302 598 ΛΖ’.

329 667 432 723 ἐκ
459 668 565 720 τοῦ
601 666 886 732 δευτέρου
920 662 1072 718 κατὰ
1134 661 1470 717 Ἰουλιανοῦ
1506 663 1889 732 νστηλιτευτιτ

389 736 502 791 κοῦ
556 737 746 804 ,λόγου
773 728 1134 803 Τρητορίου
1168 732 1276 786 τοῦ
1307 731 1706 804 βεορῤήμονος
1753 728 1887 804 περζ

391 807 500 860 τοῦ
551 795 760 872 ῆθὲυς,
811 795 1186 872 καὶτρόπου,
1224 802 1323 854 καὶ
1353 795 1754 872 διίἰπλάσεᾲως,
1791 795 1892 850 καὶ

387 878 496 931 τοῦ
531 869 793 930 θανάτου
836 876 933 928 καὶ
964 869 1158 942 ταφῆς
1193 873 1297 926 τοῦ
1336 869 1694 926 Ἰοιιλιανοῦ.

397 989 541 1055 Ἐγὼ
593 987 639 1039 δ’
696 988 882 1048 ὁποῖος
915 979 984 1054 ἦν
1031 982 1326 1045 Ἰουλιανὸς
1351 982 1444 1035 τόν
1475 999 1532 1035 τε
1562 982 1765 1050 τρόπον
1797 981 1891 1032 καὶ

313 1082 373 1134 τδ
403 1076 536 1150 ἦθος
588 1079 685 1132 καὶ
738 1078 839 1147 τὴν
867 1078 1066 1131 πλάσιν
1087 1078 1206 1140 ἶτοῠ
1243 1078 1514 1146 σώματος,
1558 1076 1650 1127 καὶ
1700 1072 1891 1127 ότιοίαν

315 1175 442 1240 ἔσχε
471 1172 566 1240 τὴν
595 1171 882 1236 τελευτὴν,
931 1171 1030 1222 καλ
1057 1170 1133 1228 ὡς
1158 1167 1430 1222 ἀποθεοῦν
1469 1167 1662 1220 ἑαυτὸν
1694 1167 1889 1227 εἵλετο,

315 1266 416 1318 οὐκ
441 1265 600 1318 ἀλλον
625 1263 942 1327 ἀξιόπιστον
978 1261 1289 1330 παρέξομαι
1326 1259 1636 1330 μάρτυραῆ
1669 1259 1759 1312 τὸν
1789 1277 1891 1312 πο-

317 1357 416 1408 λὺν
447 1356 541 1410 καὶ
566 1356 742 1424 μέγαν
775 1357 833 1408 έν
865 1356 1118 1424 θεολογίᾳ
1149 1353 1472 1424 Γρηγόριον,
1505 1353 1652 1423 αὐτῷ
1673 1371 1731 1410 τε
1761 1369 1892 1419 συγ-

317 1451 640 1520 γενόμενον,
673 1450 772 1503 καὶ
834 1451 1055 1518 σύναμα
1089 1449 1202 1512 τοῖς
1270 1446 1664 1509 διδασκαλείοις
1705 1448 1894 1515 φοιτή-

317 1561 513 1608 σαντα,
552 1547 644 1597 καὶ
673 1545 748 1606 ὼς
777 1545 877 1597 οὐκ
901 1541 1002 1597 οἷδ’
1028 1545 1080 1597 εί
1113 1561 1198 1605 τις
1225 1543 1412 1611 ἔτερος
1443 1542 1512 1594 τά
1535 1543 1656 1596 κατ’
1687 1543 1895 1594 ἐκεῖνον

317 1637 522 1698 εἰδότα,
557 1639 652 1686 καὶ
678 1636 752 1698 ὡς
779 1635 957 1706 χρεῶν
997 1636 1364 1698 διαπαίξαντά
1395 1651 1451 1686 τε
1487 1634 1580 1686 καὶ
1610 1630 1895 1703 στηλιτεύ-

321 1746 514 1783 σαντα.
536 1731 624 1781 Ἐν
655 1731 786 1796 γοῦν
815 1728 891 1795 τῷ
920 1727 1165 1798 δευτέρῳ
1200 1722 1634 1792 Στηλιτευτικῷ
1664 1723 1893 1777 ἰουλιαο

321 1823 415 1874 νοῦ
475 1823 568 1873 καὶ
626 1822 770 1876 κατὰ
823 1815 1094 1892 Ἑλλήνων
1148 1820 1326 1872 τοιάδε
1359 1820 1489 1888 περὶ
1521 1816 1714 1870 τούτου
1752 1817 1894 1869 κατά

321 1914 468 1978 λέξιν
496 1916 664 1984 φησί·
701 1933 719 1965 ι
760 1914 950 1966 Ταῦτα
991 1915 1104 1976 τοῖς
1139 1914 1237 1982 μὶν
1260 1913 1502 1981 ἀλλοιςή
1556 1913 1722 1978 πεῖρα
1755 1925 1898 1976 παρ-

322 2008 546 2073 έστησε,
573 2007 665 2057 καὶ
692 2009 724 2076 η
750 2006 1041 2060 δυναστεία
1073 2005 1460 2075 προσλαϐοῦσα
1491 2005 1592 2074 τὴν
1621 2005 1893 2071 ἐξουσίαν·

319 2099 447 2167 spot
479 2097 536 2179 ss
567 2098 661 2148 καὶ
696 2097 983 2179 πόρρωθεν
1001 2098 1204 2168 τρόπον
1227 2097 1348 2150 τινὰ
1377 2099 1606 2166 ἑωρᾶτο,
1643 2098 1703 2162 ἐξ
1728 2093 1789 2151 οὗ
1821 2097 1897 2168 τῷ

319 2177 892 2260 ἀνδρὶσυνεγενόμην
956 2190 1251 2262 Ἀθήνῃσιν
1279 2208 1292 2222 ·
1343 2188 1474 2262 ἦλθε
1504 2192 1610 2260 γὰρ
1649 2193 1896 2257 κάκεῖσε,

322 2284 450 2352 ἄρτι
485 2285 594 2336 τῶν
651 2284 795 2336 κατὰ
818 2285 910 2337 τὸν
941 2285 1173 2354 ἀδελφὸν
1227 2284 1394 2338 αὑτοῦ
1425 2285 1898 2356 νεωτερισθέντων

323 2376 463 2445 πρὸς
510 2375 762 2445 βασιλέα,
817 2378 978 2430 τοῦτο
1006 2378 1139 2431 αὐτὸ
1177 2377 1684 2448 παραιτησάμενος.
1713 2377 1899 2440 Διττδς

318 2471 376 2521 δὲ
413 2469 583 2524 αὑτοῦ
620 2472 721 2538 τῆς
783 2472 1083 2542 ἐπιδημίας
1125 2475 1154 2526 ό
1201 2470 1394 2541 λόγος·
1427 2475 1455 2525 ό
1489 2474 1590 2543 μὲν
1619 2473 1900 2542 εὐπρεπέ-

322 2576 545 2628 στερος,
581 2558 704 2613 καθ’
730 2561 975 2630 ἱστορίαν
1027 2561 1125 2630 τῆς
1165 2562 1416 2625 Ἑλλάδος
1461 2561 1686 2614 καὶτῶν
1721 2563 1900 2615 ὲκείσε

320 2655 732 2724 παιδευτηρὶων
755 2667 771 2684 ·
829 2656 856 2706 ό
885 2654 942 2707 δὲ
972 2655 1415 2726 ἀπορῤητότερος
1469 2658 1562 2709 καλ⁵
1594 2657 1654 2709 ού
1688 2657 1900 2720 πολλοῖς

319 2751 626 2818 γνώριμος,
659 2747 801 2800 ὥστε
826 2751 940 2810 τοῖς
976 2750 1094 2802 ἐκεῖ
1123 2751 1310 2814 θύταις
1347 2752 1440 2803 καὶ
1466 2750 1746 2804 ἀπατεῶσι
1770 2751 1901 2820 περὶ

319 2845 430 2893 τῶν
487 2842 612 2895 καθ’
667 2843 864 2895 ἑαυτὸν
923 2843 1308 2912 συγγενέσθαι,
1376 2842 1533 2897 οὔπω
1584 2847 1902 2915 παρρησίαν

321 2935 551 3006 ἐχούσης
587 2937 688 3006 τῆς
721 2937 1002 2999 ἀσεϐείας.
1059 2938 1195 2990 Τότε
1222 2937 1400 2990 τοίνυν
1439 2938 1500 2989 ού
1545 2937 1749 3007 φαῦλος
1792 2938 1902 3004 ἐγὼ

320 3031 415 3081 τοῦ
473 3030 665 3097 ἀνδρὸς
705 3032 973 3100 εἰκαστὴς
1008 3027 1128 3084 οἴδα
1168 3030 1484 3100 γενόμενος,
1522 3031 1702 3083 καίτοι
1738 3049 1801 3098 γε
1837 3033 1899 3084 οὐ

321 3123 431 3179 τῶν
463 3122 522 3175 εὖ
561 3127 891 3192 πεφυκότων
944 3128 1073 3194 περὶ
1106 3124 1280 3177 ταῦτα
1314 3119 1392 3188 εἷς
1422 3125 1500 3178 ῶν
1525 3141 1539 3156 ο
1569 3127 1686 3180 ἀλλ’
1727 3127 1900 3180 ἐποίει

1204 427 1818 492 ECCLESIASTICA!
1862 424 2254 488 HISTORIIE
2299 421 2446 484 LIB.
2487 419 2556 480 X.

3453 406 3554 472 566

2519 524 2746 584 CAPUT
2781 521 3042 579 XVXVII.

1994 643 2075 700 Ex
2111 645 2336 698 secunda
2367 640 2606 709 Gregorii
2636 636 2874 705 Theologi
2892 639 2946 690 in
2975 635 3252 709 lulianum
3277 635 3553 696 invectiva,

2062 717 2125 768 de
2154 715 2380 783 ingenio,
2422 706 2682 775 moribus,
2720 715 2868 778 gestu
2895 706 3160 777 corporis,
3199 714 3362 758 morte
3406 714 3454 759 et
3478 721 3560 759 u-

2063 783 2280 857 pultura
2308 783 2533 836 Iuliani.

2063 961 2166 1032 91
2192 961 2388 1014 Verum
2413 957 2558 1027 quali
2581 971 2792 1011 morum
2817 951 3212 1009 consuetudine
3239 959 3293 1006 et
3318 948 3560 1018 corporis

1996 1066 2136 1108 statu
2170 1052 2420 1108 Julianus
2447 1049 2632 1114 fuerit,
2682 1045 2961 1119 quomodo
3005 1045 3173 1099 vitam
3227 1043 3450 1105 ﬁnierit,
3506 1051 3561 1095 et

1995 1147 2235 1216 seipsum
2269 1147 2432 1199 deum
2461 1143 2644 1197 facere
2676 1141 2932 1204 voluerit,
2978 1154 3089 1194 non
3142 1136 3557 1205 locupletiorem

1996 1237 2268 1292 adducere
2293 1246 2486 1290 testem
2530 1249 2775 1305 possum,
2807 1247 2971 1299 quam
3012 1243 3270 1301 magnum
3322 1227 3472 1282 illum
3506 1227 3558 1281 in

1996 1328 2273 1395 theolo-gia
2305 1327 2651 1397 Gregorium,
2686 1325 2782 1396 qui
2812 1341 2938 1380 cum
2989 1325 3084 1378 illo
3117 1320 3272 1386 vixit,
3309 1319 3560 1375 easdem-

1997 1435 2105 1489 que
2130 1419 2350 1473 scholas
2383 1417 2776 1489 frequentavit,
2808 1427 2862 1470 et
2899 1431 2986 1470 res
3016 1416 3134 1486 ejus
3165 1413 3362 1468 melius
3401 1427 3561 1480 quam

1996 1513 2140 1568 alius
2176 1512 2466 1582 quisquam
2502 1519 2820 1581 perspectas
2848 1506 3063 1567 habuit,
3090 1505 3436 1573 ,‘easdemque
3465 1519 3564 1569 pro

1997 1618 2063 1658 eo
2097 1614 2262 1672 atque
2291 1617 2389 1671 par
2411 1601 2534 1666 fuit,
2563 1601 2701 1662 risit,
2720 1608 2881 1666 atque
2933 1598 2986 1652 in
3013 1597 3285 1651 Invectivis
3310 1594 3422 1648 suis
3451 1604 3566 1646 tra-

1997 1695 2170 1751 duxit.
2208 1695 2373 1766 lgitur
2401 1694 2455 1748 in
2477 1693 2749 1748 lnvectiva
2767 1689 3006 1746 secunda
3045 1699 3235 1743 contra
3261 1686 3538 1742 lulianum

1998 1796 2052 1842 et
2077 1786 2282 1842 Graeca:
2309 1786 2590 1856 religionis
2617 1793 2935 1847 sectatores,
2970 1783 3035 1836 de
3062 1796 3130 1835 eo
3163 1784 3280 1834 haec
3345 1777 3516 1832 refert
3549 1794 3562 1829 :

1925 1883 1974 1944 Β
2007 1897 2025 1931 ι
2056 1879 2231 1948 Atque
2289 1878 2404 1932 haec
2433 1877 2654 1947 quidem
2687 1876 2806 1929 aliis
2833 1873 3170 1944 experientia
3225 1881 3280 1927 et
3325 1872 3566 1941 potentia

2001 1979 2323 2040 potestatem
2373 1968 2566 2037 adepta
2588 1965 2877 2022 exhibuit:
2931 1964 3064 2018 mihi
3099 1978 3231 2018 vera
3291 1961 3566 2031 quodam-

1999 2063 2164 2117 modo
2199 2061 2416 2132 longius
2437 2069 2594 2114 antea
2628 2069 2757 2114 sunt
2784 2057 3025 2130 cognita,
3063 2071 3128 2112 ex
3158 2069 3271 2125 quo
3321 2062 3568 2124 tempore

2009 2153 2243 2207 Athenis
2266 2166 2390 2205 cum
2426 2150 2652 2204 homine
2678 2149 2778 2203 fui.
2805 2149 2962 2204 Venit
2991 2162 3225 2217 namque
3255 2160 3320 2200 eo
3348 2159 3567 2215 quoque

1999 2259 2110 2298 non
2143 2245 2217 2299 ita
2253 2246 2426 2298 multo
2459 2253 2600 2311 post,
2632 2257 2794 2312 quam
2835 2241 3002 2296 frater
3063 2239 3181 2307 ejus
3231 2251 3400 2292 novas
3447 2237 3565 2290 fue-

2001 2346 2084 2390 rat
2119 2344 2310 2388 contra
2352 2335 2737 2403 imperatorem
2769 2347 2856 2386 res
2882 2331 3130 2391 molitus,
3172 2329 3392 2397 culpam
3445 2342 3565 2379 eam

2000 2441 2030 2481 a
2054 2441 2112 2482 se
2137 2426 2422 2482 amoliens.
2459 2426 2521 2479 Et
2561 2424 2833 2493 duplicent
2866 2438 2977 2493 pra:
3007 2437 3065 2476 se
3090 2419 3448 2492 perfectionis
3470 2419 3566 2471 At-

2001 2519 2121 2573 tica:
2159 2519 2281 2574 tulit
2309 2533 2565 2573 causam:
2605 2517 2832 2571 alteram
2873 2514 3095 2584 quidem
3163 2512 3566 2572 honestiorem,

2002 2617 2062 2662 ut
2091 2607 2314 2663 Graecia:
2347 2624 2432 2663 res
2449 2615 2826 2678 cognosceret,
2855 2616 2910 2660 et
2943 2604 3160 2660 scholas
3188 2603 3396 2657 Atticas
3417 2601 3569 2655 vide-

2000 2709 2115 2755 ret:
2144 2701 2374 2754 alteram
2411 2707 2597 2752 autem
2626 2697 3003 2761 occultiorem,
3061 2704 3117 2750 et
3147 2695 3333 2764 paucis
3361 2702 3567 2755 notam,

2003 2802 2060 2848 ut
2089 2791 2410 2846 sacrificulis
2444 2792 2518 2845 ibi
2549 2802 2603 2844 et
2636 2789 3022 2844 seductoribus
3046 2787 3114 2862 de
3148 2788 3315 2841 rebus
3345 2786 3426 2841 eis
3447 2786 3572 2856 qui-

2000 2885 2106 2938 bus
2169 2884 2406 2938 maxime
2460 2883 2737 2942 studebat,
2775 2881 2934 2935 daret
2989 2894 3231 2948 operam,
3293 2876 3572 2948 impietate

2003 2984 2151 3030 tanta
2181 2976 2422 3028 nondum
2455 2982 2702 3042 apertam
2735 2973 3020 3026 obtinente
3055 2971 3388 3024 libertatem.
3432 2967 3570 3025 Tum

2003 3066 2168 3134 igitur
2200 3079 2308 3118 non
2361 3063 2561 3117 malum
2588 3077 2696 3126 me,
2722 3061 2844 3114 viro
2873 3075 2941 3115 eo
2979 3057 3381 3129 cognoscendo,
3442 3071 3574 3112 cou-

1999 3157 2265 3228 jcctorcm
2300 3172 2421 3211 eSse
2475 3155 2724 3209 memini.
2777 3154 2843 3208 Et
2875 3153 3125 3222 quamvis
3148 3167 3253 3205 non
3311 3164 3452 3204 unus
3512 3163 3572 3203 ex

329 3233 396 3316 με
437 3217 699 3316 μαντικὸν
731 3218 884 3288 ἠτοῦ
916 3218 1081 3287 ἤθους
1134 3219 1449 3288 ἀνωμαλία,
1484 3220 1580 3272 καὶ
1611 3219 1672 3272 τὸ
1712 3236 1903 3288 περιτ-
1932 3246 1970 3298 (τ
1999 3217 2022 3302 ξ

1883 3251 1903 3261 ’
1932 3246 1970 3298 (ἶ
1999 3217 2087 3303 eis
2111 3264 2312 3313 essent,
2345 3248 2437 3316 qui
2474 3248 2526 3300 in
2561 3247 2651 3301 tali
2698 3256 2815 3300 arte
2845 3217 2972 3299 sunt
3002 3243 3230 3314 egregii,
3273 3251 3453 3295 tamen
3484 3254 3570 3293 me

323 3308 417 3361 τὸν
449 3307 547 3370 τῆς
573 3309 885 3370 ἐκστάσεως
912 3350 926 3374 ,
979 3312 1143 3380 εἴπερ
1178 3311 1371 3379 μάντις
1411 3312 1633 3382 ἄριστος
1660 3311 1717 3371 ὃς
1748 3312 1902 3365 εἰκά-

328 3403 413 3465 ζει
469 3403 674 3465 καλῶς.
730 3403 959 3466 Οὐδενὸς
991 3405 1101 3474 γὰρ
1147 3405 1325 3457 ἐδόκει
1381 3423 1472 3474 μοι
1511 3409 1740 3475 σημεῖον
1763 3405 1902 3460 εἶναι

325 3495 591 3566 χρηστοῦ,
623 3496 798 3566 αὐχὴν
823 3498 1069 3565 ἀπαγὴς,
1121 3491 1264 3566 ὦμοι
1295 3498 1628 3568 παλλόμενοι
1653 3500 1749 3552 καὶ
1773 3503 1904 3554 ἀνα-

320 3592 685 3660 κοπτόμενοι,
713 3591 996 3662 ὀφθαλμὸς
1043 3593 1372 3664 σοόούμενος
1409 3595 1502 3647 καὶ
1529 3595 1902 3664 περιφερόμεο

321 3701 413 3746 νος
468 3686 560 3736 καὶ
620 3685 852 3754 μανικὸν
909 3685 1154 3753 βλέπων,
1207 3687 1367 3748 πόδες
1421 3686 1785 3750 ἀστατοῦντες
1811 3689 1904 3741 καὶ

328 3779 783 3849 μετοκλάζοντες,
823 3781 1038 3850 μυκτὴρ
1071 3778 1231 3851 ὓϐριν
1279 3781 1460 3835 πνέων
1509 3781 1606 3834 καὶ
1640 3783 1907 3852 περιφρόο

323 3891 506 3939 νησιν,
561 3873 862 3945 προσώπου
937 3876 1322 3945 σχηματισμοὶ
1393 3877 1794 3944 καταγέλαστοι
1845 3878 1905 3928 τὸ

323 3968 462 4020 αὐτὸ
494 3967 845 4034 φρονοῦντες,
875 3967 1112 4035 γέλωτες
1142 3970 1399 4041 ἀκρατεῖς
1435 3971 1531 4022 καὶ
1577 3970 1905 4040 βρασματώ-

320 4059 458 4122 δεις,
501 4059 712 4119 νεύσεις
743 4059 836 4110 καὶ
863 4057 1186 4121 ἀνανεύσεις
1219 4059 1318 4111 σὺν
1341 4058 1516 4112 οὐδενὶ
1544 4059 1708 4128 λόγῳ,
1743 4061 1901 4128 λόγος

321 4157 616 4222 ἱστάμενος
678 4154 774 4206 καὶ
829 4153 1170 4220 κοπτόμενος
1229 4152 1546 4222 πνεύματι,
1603 4152 1902 4223 ἐρωτήσεις

321 4251 552 4301 ἄτακτοι
619 4247 714 4298 καὶ
777 4246 1052 4311 ἁσύνετοι,
1112 4245 1437 4314 ἀποκρίσεις
1485 4247 1640 4300 οὐδὲν
1694 4247 1902 4301 τούτων

321 4341 604 4410 ἀμείνους,
645 4339 908 4408 ἀλλήλαις
955 4338 1397 4407 ἑπεμόαίνουσαι
1436 4340 1532 4392 καὶ
1568 4340 1666 4393 ούκ
1711 4343 1905 4395 εὐστα-

321 4437 460 4502 θ;ῖς,
501 4435 625 4488 οὐδὲ
671 4433 824 4500 τάξει
885 4435 1172 4504 προῖσῦσαι
1204 4434 1565 4493 παιδεύσεως.
1631 4435 1693 4486 Τί
1734 4435 1804 4488 ἂν
1834 4438 1901 4489 τά

320 4529 445 4582 κεθ⁹
494 4530 726 4581 ἕκαστον
783 4527 1097 4596 γράφοιμι;
1160 4526 1416 4579 Τοιοῦτον
1450 4527 1556 4594 ττρὸ
1595 4528 1705 4579 τῶν
1727 4528 1901 4595 ἔργων

317 4623 665 4690 ἐθεασάμην,
692 4617 805 4674 οἷον
844 4625 938 4677 ἐπὶ
977 4623 1085 4675 τῶν
1135 4621 1314 4691 ἔργων
1367 4622 1665 4693 ἐγνώρισα.
1707 4625 1816 4676 Καὶ
1853 4625 1904 4675 εἰ

321 4731 416 4784 μοι
451 4715 713 4783 πρῆσάν
763 4731 906 4777 τινες
948 4713 1059 4765 τῶν
1117 4711 1423 4783 τηνικαῦτα
1491 4714 1759 4764 συνόντων
1807 4713 1898 4766 καὶ

316 4806 694 4870 ἀκουσάντων,
761 4805 1160 4875 ἐμαρτύρησαν
1218 4806 1321 4860 ἀν·
1380 4801 1462 4868 οἷς
1510 4806 1698 4877 ἐπειδὴ
1724 4806 1898 4859 ταῦτα

315 4897 659 4966 ἐθεασάμην,
688 4895 852 4960 εὐθὺς
885 4897 1263 4967 ὲφθεγξάμςν,
1307 4892 1420 4949 οἷον
1469 4898 1640 4950 κακον
1683 4901 1714 4968 ἡ
1764 4899 1900 4952 Ῥω-

320 4987 503 5056 μαίων
526 4988 600 5056 γῆ
629 4989 822 5058 τρέφει
845 5004 860 5020 ’
897 4988 992 5041 καὶ
1025 4990 1466 5060 προαγορεύσας,
1523 4993 1617 5044 καὶ
1641 4992 1900 5059 γενέσθαι

313 5081 686 5150 ψευδόμαντις
745 5080 973 5152 ἐμαυτῷ
1004 5083 1387 5152 κατηυξάμην.
1439 5085 1709 5152 Κρεῖσσον
1731 5085 1838 5154 γὰρ
1868 5087 1898 5152 ἦ

315 5174 584 5226 τοιούτων
621 5173 935 5244 πλησθῆναι
985 5179 1085 5244 τὴν
1138 5176 1472 5245 οἰκουμένην
1527 5177 1758 5230 κακῶν·
1805 5177 1902 5230 καὶ

312 5266 567 5320 τοιοῦτον
596 5267 944 5337 ἀναφανῆναι
974 5268 1161 5336 τέρας,
1210 5262 1324 5321 οἷον
1372 5269 1526 5322 οὔπω
1582 5271 1854 5340 πρότερον
1883 5286 1896 5301 °

315 5359 534 5412 πολλῶν
567 5361 666 5429 μὲν
697 5362 1060 5430 ἐπικλυσμῶν
1107 5362 1546 5432 θρυλλουμέειων,
1576 5364 1790 5417 πολλῶν
1842 5363 1899 5416 δὲ

314 5454 674 5522 ἐμπρησμῶν
709 5455 804 5506 καὶ
833 5453 1100 5524 βρασμῶν
1139 5454 1242 5521 γῆς
1286 5457 1378 5508 καὶ
1422 5457 1722 5524 χασμάτων
1747 5474 1762 5488 ο
1819 5457 1898 5510 ἔτι

311 5548 374 5601 δὲ
404 5549 500 5599 καὶ
524 5536 738 5617 ἀνδρῶν
765 5547 1126 5618 ἀπάνθρωποι
1147 5550 1242 5600 καὶ
1258 5547 1570 5616 θηριώδεις,
1591 5547 1900 5601 ἀλλοκότων

315 5658 377 5694 τε
409 5642 504 5692 καὶ
537 5640 810 5693 συνθέτων
867 5639 1063 5708 φύσεις
1111 5641 1616 5710 καινοτομηϐεῖσαι.
1682 5642 1899 5712 Ταύτης

311 5753 400 5789 τοι
431 5737 525 5787 καὶ
554 5734 710 5796 τέλος
734 5732 887 5797 ἀξιον
909 5733 1264 5801 ἀπηνέγκατο
1308 5737 1407 5803 τῆς
1443 5735 1722 5798 ἀπονοίας.
1786 5736 1897 5804 Οὐχ

311 5818 397 5884 εἷς
429 5821 485 5873 δὲ
525 5824 653 5890 περὶ
698 5818 895 5872 τούτου
936 5818 1156 5887 λέγεται
1195 5821 1354 5888 λόγος
1380 5837 1394 5851 ·
1452 5821 1612 5884 ἀλλος
1653 5822 1710 5874 δὲ
1753 5823 1899 5893 ἄλλῳ

315 5915 628 5969 συντίθεται
654 5913 746 5968 καὶ
779 5915 1145 5983 συμφέρεται,
1173 5933 1279 5969 των
1301 5932 1358 5967 τε
1387 5919 1668 5984 παρόντων
1698 5919 1896 5984 ὁμοίως

2008 3352 2184 3394 vatem
2214 3340 2396 3393 effecit
2425 3355 2637 3392 tuorum
2675 3339 2794 3408 ejus
2820 3335 3240 3407 inequabilitas.
3274 3343 3331 3388 et
3381 3342 3573 3401 stupor

2007 3434 2320 3487 maximus:
2360 3430 2632 3500 siquidem
2662 3429 2754 3499 qui
2789 3430 2927 3484 bene
2961 3429 3234 3498 coniectat
3289 3435 3461 3492 vates,
3521 3426 3570 3480 is

2006 3525 2331 3594 perhibetur
2358 3523 2620 3592 optimus.
2655 3521 2774 3576 Non
2805 3521 2934 3575 boni
2976 3535 3108 3574 sane
3142 3519 3382 3574 hominis
3432 3515 3574 3572 indi-

2007 3619 2088 3672 cia
2120 3617 2251 3671 mihi
2283 3631 2404 3670 esse
2427 3616 2537 3670 visa
2569 3623 2717 3678 sunt,
2740 3615 2927 3670 cervix
2958 3629 3068 3668 non
3096 3612 3431 3674 consistens,
3464 3611 3567 3665 hu-

2007 3709 2143 3764 meri
2172 3724 2312 3779 quos
2351 3707 2585 3762 subinde
2613 3707 2850 3778 jactaret
2881 3721 2946 3761 ac
2973 3706 3267 3760 reduceret
3303 3703 3571 3758 mobiles:

2005 3802 2150 3856 oculi
2188 3801 2486 3855 errabundi
2517 3811 2574 3855 et
2605 3802 2750 3869 vagi,
2804 3798 3276 3866 furibundumque
3308 3795 3571 3866 quiddam

2005 3905 2336 3952 cernentes:
2371 3893 2480 3964 92
2532 3892 2696 3962 pedes
2731 3893 3039 3954 instabiles,
3071 3900 3127 3945 et
3184 3889 3418 3956 genibus
3472 3903 3576 3942 nu-

2009 3995 2215 4041 tantes:
2245 4002 2410 4040 nasus
2439 3985 2823 4040 contumeliam
2843 3995 2898 4040 et
2914 3992 3287 4057 contemptum
3313 3983 3527 4051 spirans
3557 3997 3572 4034 :

2009 4079 2194 4134 vultus
2223 4079 2588 4144 deridiculus,
2622 4089 2674 4133 et
2707 4079 2849 4132 idem
2907 4076 3100 4130 vitium
3134 4091 3322 4131 secum
3351 4075 3572 4131 ferens:

2007 4173 2155 4227 risus
2175 4172 2586 4233 immoderatus,
2604 4178 2660 4223 et
2685 4183 2890 4238 corpus
2910 4169 3181 4222 cachinno
3211 4166 3572 4222 concutiens:

2007 4275 2174 4322 nutus
2205 4264 2320 4318 sive
2349 4277 2596 4316 annuens
2624 4276 2722 4315 seu
2754 4274 3017 4324 renuens,
3069 4260 3283 4314 ratione
3335 4274 3572 4314 carens:

2006 4376 2189 4416 sermo
2212 4356 3008 4426 consistens,etrespiratione
3054 4355 3347 4409 concisus:
3401 4353 3574 4408 inter—

2008 4451 2316 4522 rogationes
2347 4451 2747 4518 incompositae,
2807 4459 2862 4502 et
2897 4448 3130 4516 ineptae:
3184 4445 3575 4514 responsiones

2010 4543 2185 4596 nihilo
2217 4541 2324 4596 illis
2358 4540 2634 4604 meliores,
2693 4539 2813 4594 alia:
2846 4537 2968 4592 aliis
3013 4537 3388 4600 imminentes,
3441 4534 3574 4590 sibi-

2008 4649 2116 4704 que
2152 4632 2377 4687 minime
2408 4639 2744 4693 constantes,
2782 4643 2960 4698 neque
2999 4627 3068 4682 ab
3103 4626 3450 4682 institutione
3503 4626 3572 4678 li-

2005 4723 2295 4780 heralioris
2335 4721 2602 4776 doctrina:
2657 4720 3064 4790 provenientes.
3122 4718 3229 4774 Sed
3279 4718 3410 4788 quid
3470 4730 3574 4787 ego

2003 4816 2220 4886 singula
2250 4813 2710 4869 commemorem?
2745 4812 2930 4866 Talem
2968 4826 3097 4865 eum
3145 4819 3272 4865 ante
3325 4808 3574 4864 actiones

2004 4907 2125 4978 ejus
2147 4921 2266 4962 esse
2303 4906 2436 4970 vidi,
2477 4897 2693 4975 qualem
2725 4905 2782 4959 in
2812 4903 3122 4958 actionibus
3157 4902 3290 4972 ipsis
3313 4899 3571 4971 cognovi.

2004 5001 2082 5055 Ac
2099 5000 2144 5054 si
2175 4999 2305 5053 mihi
2334 4998 2611 5062 adessent,
2640 4996 2734 5066 qui
2775 5005 2885 5050 tum
2917 5010 3131 5049 mecum
3170 4994 3344 5060 fuere,
3374 5002 3431 5047 et
3483 5006 3570 5046 me

2014 5093 2261 5158 audiere,
2285 5103 2446 5146 testes
2469 5091 2545 5145 illi
2567 5099 2774 5154 essent,
2797 5098 3082 5160 postquam
3113 5095 3210 5143 ista
3237 5088 3571 5151 v.idi,statim

2006 5200 2090 5239 me
2118 5184 2373 5239 dixisse:
2417 5184 2558 5238 Deus
2603 5182 2765 5244 bone,
2796 5193 3060 5251 quantum
3102 5182 3302 5234 malum
3369 5178 3569 5232 Romae

2005 5292 2138 5331 num
2169 5275 2316 5330 fovet
2351 5273 2684 5346 imperium?
2710 5274 3053 5343 Praedixique
3079 5272 3216 5327 adeo
3241 5273 3365 5335 ista,
3396 5281 3452 5325 et
3480 5286 3567 5326 me

2005 5367 2199 5420 falsum
2235 5375 2410 5420 vatem
2441 5381 2562 5419 esse
2592 5365 2795 5434 optavi.
2846 5363 2911 5418 Et
2966 5365 3159 5418 melius
3214 5363 3461 5433 profecto
3512 5363 3565 5416 id

2002 5459 2217 5525 fuisset,
2249 5473 2410 5529 quam
2444 5467 2501 5512 ut
2534 5458 2613 5512 sic
2645 5459 2791 5513 orbis
2824 5471 3004 5512 noster
3036 5458 3199 5511 tantis
3255 5456 3572 5525 oppleretur

2006 5553 2181 5616 malis,
2212 5560 2266 5605 et
2297 5552 2402 5605 tale
2433 5552 2485 5604 in
2521 5566 2587 5604 eo
2625 5553 2918 5605 exsisteret
2944 5558 3256 5619 portentum
3283 5561 3340 5604 et
3378 5549 3568 5618 prodi~

2004 5645 2172 5714 gium,
2199 5643 2358 5711 quale
2403 5654 2558 5696 antea
2590 5658 2900 5712 nunquam:
2945 5659 3068 5696 cum
3101 5642 3322 5713 quidem
3385 5642 3568 5697 multa:

2002 5751 2267 5805 aquarum
2296 5736 2526 5806 vulgata:
2555 5738 2664 5792 sint
2690 5737 2995 5797 eluviones,
3015 5736 3196 5791 multa:
3219 5735 3561 5799 exustioncs,

2004 5829 2188 5882 multa:
2239 5829 2650 5893 concussiones,
2719 5839 2775 5882 et
2834 5830 3014 5885 hiatus
3069 5839 3248 5893 terrm,
3295 5839 3561 5899 praeterea

2006 5922 2288 5975 hominum
2344 5920 2652 5975 inhumana;
2681 5934 2734 5975 ct
2787 5921 2911 5978 {ene
2942 5923 3169 5983 species.
3222 5933 3569 5978 monstrosa-
