4288 6438
719 388 823 453 567

1903 407 2330 472 NlCEPl-IORI
2373 414 2719 476 CALLIS’H

3864 421 3973 485 568

719 515 825 566 que.
850 509 901 552 et
929 500 1100 554 mistze
1129 517 1269 556 novo
1300 520 1524 574 prorsus
1561 517 1612 563 et
1639 509 1861 566 inSolito
1895 517 2058 569 modo
2120 529 2279 571 natu-
2313 531 2350 582 Α
2385 539 2412 572 τ

2275 548 2279 557 ν
2313 531 2350 582 Α
2385 526 2450 590 τῆ
2482 525 2626 593 μάχῃ
2689 523 2780 576 καὶ
2812 523 2920 576 τῶν
2946 523 3225 576 ἀπόντων.
3287 524 3348 576 ΟΞ
3395 523 3493 593 μὶν
3533 525 3641 593 γὰρ
3674 526 3835 577 αὑτὸν
3863 529 3968 579 ξιπὸ

719 591 1035 646 rae.VertIm
1065 594 1286 664 dignum
1342 614 1562 669 quoque
1595 611 1740 657 tanta
1786 609 2046 662 vecordia
2087 621 2141 665 et
2176 613 2289 664 im—

717 690 1055 751 portunitate
1086 691 1287 744 exitum
1324 681 1598 750 tulit.-De
1649 716 1759 768 quo
1812 718 1920 756 non
1951 721 2056 758 una
2115 717 2293 762 exstat

716 778 927 844 ορὶηῑο.
965 781 1109 848 quod
1164 781 1254 838 alii
1311 787 1456 840 aliud
1522 790 1706 845 dicant
1763 805 1815 847 et
1875 796 2287 864 circumferant,

721 876 830 919 tam
865 869 954 936 qui
985 884 1178 938 pugna:
1224 873 1518 940 aflucrunt,
1554 895 1714 946 quam
1755 883 1846 949 qui
1882 884 1952 938 ab
1986 901 2046 940 ea
2077 888 2290 956 longius

719 960 1035 1015 :‘ibfuerunt.
1061 964 1316 1029 Quidam,
1344 983 1374 1020 a
1403 969 1582 1023 Persis
1608 988 1731 1026 eum
1762 976 1943 1044 iaculo
1973 979 2289 1035 confossum

716 1069 836 1106 esse
867 1055 1077 1121 dicunt,
1121 1073 1242 1110 cum
1284 1071 1488 1114 temere
1521 1063 1903 1135 incompositis
1940 1074 2287 1127 excursioni-

718 1142 842 1208 bus,
877 1160 984 1198 non
1021 1148 1136 1200 sine
1160 1149 1456 1204 stoliditate
1485 1169 1626 1205 nunc
1657 1157 1762 1209 huc
1789 1173 1935 1212 nunc
1974 1160 2101 1214 illuc
2133 1178 2290 1230 pere-

721 1234 966 1301 quitans,
1005 1246 1275 1290 uteretur.
1311 1239 1446 1294 Sunt
1480 1244 1570 1310 qui
1606 1244 1709 1298 tale
1726 1249 1983 1313 quiddam
2009 1252 2072 1303 de
2093 1267 2158 1305 eo
2181 1268 2290 1306 me-

715 1337 953 1382 morant.
983 1329 1039 1381 ln
1072 1331 1342 1385 tumuium
1375 1349 1499 1386 eum
1534 1336 1824 1393 editiorem
1873 1345 2284 1410 conscendisse,

720 1430 778 1472 ut
809 1421 962 1489 quasi
992 1437 1021 1476 e
1057 1426 1274 1492 specula
1303 1429 1605 1482 exercitum
1641 1432 1924 1500 lustraret,
1952 1447 2288 1505 etquantum

717 1527 870 1564 exeo
898 1513 1042 1568 bello
1082 1517 1361 1585 copiarum
1399 1531 1734 1588 superesset,
1778 1537 2156 1594 cognosceret.
2197 1530 2290 1584 At-

720 1619 826 1671 qttc
886 1621 1010 1658 eum
1042 1608 1235 1676 ingens
1272 1610 1346 1673 ei,
1383 1626 1590 1681 speque
1609 1615 1744 1667 adeo
1768 1632 1861 1670 sua
1890 1619 2123 1689 amplior
2153 1623 2290 1675 mul-

718 1698 898 1750 titudo
952 1715 1071 1754 esse
1110 1703 1219 1756 visa
1272 1714 1440 1770 esset,
1506 1707 1577 1760 ita
1629 1724 1754 1762 eum
1817 1711 2053 1768 dixisse:
2115 1715 2286 1780 Quam

714 1805 878 1858 grave
914 1790 1158 1845 futurum
1196 1797 1363 1859 est,si
1416 1813 1608 1854 omnes
1659 1802 1744 1856 isti
1803 1804 1854 1857 in
1913 1805 2286 1862 Romanorum

2402 610 2625 679 Περσῶν
2678 612 3102 678 κατηκοντίσθαι
3165 612 3327 677 φασὶν
3380 611 3642 673 ἀτάκτοις
3680 613 3971 681 ἐκδρομαῖς

2397 701 2702 770 χρώμενον,
2737 702 2830 753 καὶ
2868 701 3094 770 ᾅττοντα
3117 700 3242 770 τῇδε
3271 703 3494 754 κάκεῖσε
3525 708 3621 755 σὺν
3650 703 3930 774 ἐμπληξία
3955 721 3967 735 ·

2395 795 2441 844 oi
2475 794 2529 844 δὲ
2556 793 2798 845 τοιοῦτον
2825 811 2946 845 τινα
2979 795 3063 844 ἐπ’
3090 793 3237 862 αὐτῷ
3267 793 3583 861 διηγοῦνται
3617 795 3776 860 λόγον
3800 813 3814 826 ·
3845 795 3971 848 Ἐπί

2393 899 2514 934 τινα
2557 883 2721 953 λόφον
2753 883 2860 936 τῶν
2904 884 3124 953 ὑψηλῶν
3180 883 3438 946 ἀνελθὼν,
3477 884 3550 946 ὡς
3585 888 3648 937 ἐκ
3679 889 3971 955 περιωπῆς

2394 977 2484 1027 τὸν
2535 977 2766 1047 στρατὸν
2827 977 2947 1045 ὕψει
3004 976 3213 1040 λαϐεῖν,
3249 976 3342 1028 καὶ
3382 977 3504 1037 ὅσος
3567 976 3869 1046 ὑπελείφθη
3895 978 3972 1044 τῷ

2397 1066 2622 1136 πολέμῳ
2659 1067 2867 1134 μαθεῖν.
2917 1069 3135 1137 Ἐπειδὴ
3164 1069 3212 1120 οἱ
3244 1067 3479 1136 φανῆναι
3514 1069 3648 1121 πολὺ
3681 1070 3741 1120 τὸ
3770 1070 3970 1139 πλῆθος

2395 1159 2488 1211 καὶ
2515 1159 2611 1228 τῆς
2644 1160 2856 1222 ὲλπίδος
2895 1161 3299 1233 ἀφθονώτερον,
3334 1161 3437 1223 ’Ὣς
3469 1161 3662 1225 δεινὸν,
3687 1164 3886 1223 εἰπεῖν,
3921 1166 3969 1213 εί

2397 1251 2604 1320 πάντας
2644 1253 2707 1321 τῇ
2772 1252 3058 1321 Ῥωμαίων
3093 1255 3161 1322 γῇ
3215 1252 3426 1314 τούτοις
3479 1254 3863 1317 ἐπανάξομεν·
3892 1253 3968 1313 ῶς

2395 1344 2458 1396 ἄν
2491 1359 2573 1404 τις
2601 1329 2908 1410 βασκαίνων
2933 1345 3116 1404 αὐτοῖς
3143 1343 3242 1412 τῆς
3275 1344 3570 1412 σωτηρίας.
3614 1343 3731 1409 Ἐφ’
3766 1335 3809 1409 ᾧ
3848 1359 3969 1393 τινα

2393 1433 2504 1486 τῶν
2572 1435 2924 1503 στρατιωτῶν
2969 1437 3352 1505 χαλεπήναντα
3384 1437 3479 1487 καὶ
3529 1435 3590 1486 οὺ
3621 1435 3970 1503 κατασχόντα

2394 1527 2493 1597 τὴν
2521 1527 2713 1598 ὀργὴν,
2769 1544 2908 1580 ωσαι
2967 1527 3106 1591 κατὰ
3155 1528 3263 1580 τῶν
3322 1527 3650 1596 σπλάγχνων
3682 1526 3743 1578 τὸ
3796 1527 3969 1594 ξίφος,

2395 1620 2740 1688 ἀλογήσαντα
2794 1620 2894 1688 τῆς
2925 1621 3222 1689 σωτηρίας.
3295 1619 3386 1682 Ὠς
3424 1619 3480 1671 δὲ
3515 1619 3668 1672 ἄλλοι
3736 1619 3848 1670 τῶν
3882 1635 3972 1685 γε·

2393 1710 2660 1764 λοιαστῶν
2708 1711 3007 1782 βαρϐάρων
3068 1712 3192 1765 τινὰ
3241 1711 3402 1764 τοῦτο
3432 1713 3740 1780 τολμῆσαιο
3771 1709 3820 1762 οἳ
3857 1711 3968 1770 τοῖς

2396 1798 2756 1872 στρατιώταις
2779 1804 3028 1867 ἕπονται,
3063 1801 3242 1871 λύπης
3279 1820 3337 1854 τε
3367 1802 3698 1871 ψυχαγωγία
3751 1803 3845 1854 καὶ
3875 1802 3972 1853 πό-

715 1884 979 1939 ditionem
1011 1888 1384 1943 reducentur?
1409 1892 1527 1957 Quo
1552 1895 1671 1962 ejus
1693 1898 1887 1960 verbo,
1909 1903 2286 1969 tauquamillis
2324 1873 2363 1928 Β
2392 1910 2408 1944 τ

2276 1921 2286 1957 ς
2324 1873 2363 1928 Β
2392 1910 2506 1956 τοις
2555 1895 2796 1963 ἥδυσμα.
2858 1896 2978 1947 Εἰσὶ
3040 1894 3097 1946 δὲ
3144 1895 3195 1946 οἳ
3233 1896 3327 1946 καὶ
3386 1895 3727 1964 Σαρακηνῶν
3759 1911 3866 1946 τινι
3911 1896 3969 1945 τὸ

713 1976 945 2028 salutem
985 1977 1282 2034 invidentis
1318 1982 1546 2037 militem
1575 1987 1868 2054 quemdam
1903 1992 1996 2058 qui
2027 1991 2078 2045 id
2127 2009 2286 2047 exec-

713 2067 816 2136 pit,
849 2077 1205 2133 commotum,
1254 2073 1398 2138 quod
1453 2075 1587 2128 iram
1629 2092 1740 2130 non
1798 2080 2090 2147 perferret,
2140 2086 2283 2139 nulla

716 2155 909 2210 salutis
941 2172 1052 2213 sua:
1092 2161 1305 2215 ratione
1351 2163 1557 2230 habita,
1588 2181 1719 2221 ense
1755 2168 1899 2223 latus
1930 2172 2049 2241 eius
2101 2177 2281 2243 perfo-

714 2246 863 2302 disse
899 2249 995 2328 (i).
1029 2251 1134 2304 Alii
1165 2267 1331 2321 porro
1358 2254 1406 2307 id
1443 2271 1636 2310 ausum
1667 2274 1789 2314 esse
1819 2261 2028 2327 dicunt,
2055 2280 2120 2318 ex
2155 2265 2282 2319 Bar-

713 2336 1172 2396 barisridiculum
1212 2346 1506 2414 quemdatn
1573 2366 1639 2403 ex
1696 2352 1778 2406 eis
1830 2352 2128 2421 hominem,
2189 2359 2283 2426 qui

712 2432 1041 2499 exercitum,
1067 2443 1126 2487 ut
1159 2437 1208 2488 iu
1238 2452 1474 2492 mmrore
1511 2441 1726 2508 solatio,
1763 2453 1816 2497 et
1845 2446 1897 2498 in
1927 2453 2284 2516 ceiupotatio-

716 2521 881 2576 nibus
932 2523 1171 2580 ludibrio
1203 2529 1332 2591 sint,
1366 2531 1521 2598 sequi
1574 2533 1769 2587 solent.
1804 2535 2061 2591 Nonnulli
2115 2541 2281 2594 etiam

715 2613 885 2668 caedis
920 2616 1279 2685 eiuslaudem
1312 2619 1585 2676 Saraceno
1609 2625 1823 2679 cuidam
1862 2629 2133 2684 tribuunt.
2174 2632 2283 2701 93

713 2705 917 2760 Verum
959 2718 1238 2778 utcunque
1295 2727 1353 2765 se
1409 2729 1496 2767 res
1550 2715 1772 2782 habeat,
1817 2719 2016 2776 vulnus
2065 2723 2283 2790 quidem

714 2807 865 2852 certe
899 2799 991 2853 ille
1043 2801 1243 2856 lelhale
1279 2807 1513 2875 accepit,
1552 2809 1672 2861 orbi
1705 2813 1962 2866 universo
1998 2814 2179 2868 lmtum
2233 2829 2282 2872 et

713 2891 976 2945 salutare.
1011 2892 1079 2946 Et
1112 2896 1218 2948 ictu
1257 2912 1365 2950 uno
1392 2899 1691 2952 multorum
1750 2913 2024 2969 extorum,
2085 2909 2319 2976 quihus_

712 2984 854 3038 male
882 2985 1211 3051 crediderat,
1237 2990 1497 3058 persolvit
1534 3007 1742 3060 pinnas.
1778 2994 1972 3049 Mirum
2003 3013 2134 3052 sane
2179 3011 2281 3063 est,

712 3077 994 3145 quomodo
1033 3094 1206 3134 vanus
1244 3082 1359 3146 ille,
1386 3083 1481 3152 qui
1535 3099 1632 3152 per
1681 3087 2051 3155 aruspicinam
2103 3093 2284 3147 omnia

708 3184 770 3223 se
800 3184 962 3223 nosse
991 3173 1222 3239 putavit,
1249 3188 1413 3227 unum
1467 3175 1591 3239 hoc,
1619 3178 1830 3246 plagam
1891 3180 2099 3235 scilicet
2129 3194 2279 3235 exto-
2313 3211 2354 3266 ο

711 3279 832 3316 rum
859 3274 909 3316 et
936 3265 1206 3318 viseerum
1236 3280 1460 3319 suorum
1491 3283 1599 3322 non
1621 3272 1985 3339 perspexerit.
2011 3273 2281 3327 Ca-terum

715 3358 849 3410 illud
879 3373 1099 3427 quoque
1129 3358 1370 3414 hominis
1408 3359 1612 3414 factum
1672 3363 1896 3418 minime
1949 3352 2283 3434 pimtereun-

710 3449 843 3502 dum
879 3450 1114 3514 videtur,
1143 3452 1286 3520 quod
1321 3451 1465 3504 inser
1492 3454 1597 3506 alia
1636 3454 1804 3507 multa
1851 3457 2144 3509 niaximum
2174 3458 2285 3510 da:-

712 3540 977 3594 iubniaca:
1011 3542 1180 3608 ipsius
1226 3546 1427 3597 mentis
1478 3553 1564 3599 est
1620 3543 1907 3600 indicium.
1967 3547 2190 3602 Jaeebat
2228 3551 2281 3602 in

714 3634 1186 3696 llumiuislittore,
1215 3638 1453 3704 graviter
1493 3652 1559 3690 ex
1617 3637 1849 3692 vulnere
1902 3639 2183 3704 laborans,
2230 3650 2286 3695 et

709 3727 854 3792 quod
884 3727 1085 3780 multos
1106 3737 1231 3780 ante
1250 3743 1307 3780 se
1332 3727 1560 3797 gloriam
1587 3744 1708 3783 esse
1737 3741 2065 3786 consecutos
2093 3733 2281 3798 sciret,

710 3820 782 3873 ita
819 3830 878 3872 ut
914 3820 1035 3887 plus
1067 3835 1228 3888 quam
1261 3821 1518 3875 homines
1543 3831 1709 3891 atque
1735 3823 1875 3877 adeo
1904 3824 1981 3878 dii
2006 3839 2126 3880 esse
2168 3841 2284 3879 cre-

708 3912 806 3965 diti
832 3913 964 3977 sint,
995 3922 1284 3982 prepterea
1311 3913 1458 3982 quod
1487 3925 1603 3969 arte
1630 3918 1889 3987 quapiam
1909 3934 1976 3973 ex
1996 3918 2281 3973 hominum

712 4018 945 4057 numero
963 4003 1164 4058 sublati
1200 4004 1452 4058 fuerint:
1489 4009 1832 4076 eiuscemodi
1863 4010 2055 4080 etipse
2107 4011 2282 4066 laudis

707 4107 873 4165 atque
903 4097 1176 4165 opinionis
1221 4112 1407 4150 amore
1473 4107 1686 4167 captus,
1737 4100 1899 4154 simul
1953 4102 2099 4170 quod
2155 4119 2280 4157 eum

711 4190 1030 4258 huiusmodi
1062 4191 1255 4242 mortis
1285 4190 1502 4257 generis
1530 4201 1585 4244 et
1607 4192 1991 4261 turpitudinis,
2039 4194 2092 4246 in
2117 4211 2278 4264 quam

712 4299 811 4351 per
842 4282 1212 4335 inconsultam
1248 4282 1617 4335 temeritatem
1665 4282 1958 4348 inciderat,
2015 4285 2277 4354 puderet:

708 4375 841 4443 quid
877 4389 1008 4443 rogo
1039 4374 1283 4438 molitur,
1314 4384 1368 4428 et
1398 4374 1529 4443 quid
1564 4375 1676 4445 agit
1707 4377 1729 4429 ἲ
1759 4392 1936 4447 neque
1966 4382 2112 4432 enim
2155 4395 2279 4434 cum

704 4474 817 4524 vita
844 4471 1010 4524 etiam
1060 4468 1387 4538 improbitas
1425 4470 1814 4539 exsainguitur.
1878 4471 2162 4541 Coniicere
2223 4488 2279 4527 se

2390 1986 2544 2046 κλέος
2582 1987 2742 2039 τοῦτο
2772 1987 2999 2041 διδόασι.
3058 1988 3206 2058 Πλὴν
3232 1989 3449 2057 δέχεται
3489 1990 3705 2058 πληγὴν
3740 1989 3968 2057 καιρίαν

2387 2075 2553 2136 ὅντως
2581 2074 2674 2126 καὶ
2703 2078 2868 2129 παντὶ
2891 2077 2969 2145 τῷ
2994 2076 3185 2144 κόσμῳ
3211 2078 3480 2144 σωτήριον
3501 2095 3514 2106 ·
3552 2077 3643 2126 καὶ
3672 2078 3767 2144 μιᾷ
3790 2076 3968 2145 τόλμῃ

2388 2167 2597 2218 πολλῶν
2630 2167 2953 2236 σπλάγχνων
2991 2169 3304 2219 ἀπαιτεῖται
3334 2169 3490 2234 δίκην
3530 2166 3715 2229 κακῶς
3738 2184 3968 2218 πίστευε

2387 2254 2612 2307 Θέντων.
2654 2255 2717 2307 Ὀ
2765 2256 2857 2307 καὶ
2899 2255 3190 2322 θαυμάζω,
3226 2255 3346 2316 πῶς
3389 2254 3573 2306 πάντα
3613 2254 3967 2320 γινώεκεινό

2392 2347 2618 2416 μάταιος
2655 2347 2911 2400 ἐντεῦθεν
2943 2347 3218 2416 οἰόμενος,
3248 2345 3304 2397 ἓν
3336 2344 3514 2408 τοῦτο,
3545 2345 3644 2411 τὴν
3681 2344 3800 2396 καῦ⁷
3836 2346 3968 2396 ἐαυ-

2385 2441 2477 2491 τοῧ
2512 2441 2836 2508 σπλάγχνων
2887 2439 3104 2509 πληγὴν
3163 2440 3461 2507 ἠγνόησεν.
3526 2436 3788 2500 Ἀξιονδὲ
3829 2437 3967 2508 μηδὲ

2386 2532 2544 2586 τοῦτο
2575 2532 2960 2604 παραδραμεῖν
2989 2532 3083 2586 τοῦ
3105 2533 3319 2602 ἀνδρὸς.
3378 2530 3649 2602 μεγίστην
3683 2524 3781 2600 τῆς
3809 2531 3968 2582 ὲκεί-

2389 2644 2480 2679 νου
2535 2625 2966 2694 κακοδαιμονίας
3020 2625 3116 2677 ἐπὶ
3187 2625 3403 2686 πολλοῖς
3477 2622 3604 2691 ἔχον
3658 2623 3964 2686 ἀπόδειξιν.

2391 2718 2608 2769 Ἐκειτο
2642 2718 2740 2787 μὲν
2771 2718 2862 2770 ἐπὶ
2885 2720 2950 2787 τῇ
2983 2716 3114 2786 ὄχθῃ
3143 2715 3239 2767 τοῦ
3281 2715 3554 2783 ποταμοῦ,
3587 2717 3681 2766 καὶ
3713 2718 3969 2782 πονήρως

2385 2807 2496 2878 εἶχε
2532 2809 2626 2861 τοῦ
2682 2811 3024 2880 τραύματος.
3083 2809 3320 2870 Πολλοὺς
3379 2808 3433 2860 δὲ
3503 2805 3660 2869 εἰδὼς
3712 2807 3821 2858 τῶν
3863 2806 3971 2874 πρὸ

2388 2900 2552 2952 αὑτοῦ
2583 2901 2742 2969 δόξης
2769 2901 3113 2969 ἠξιωμένων,
3148 2898 3224 2958 ῶς
3253 2901 3320 2950 ἃν
3357 2899 3499 2968 ὑπὲρ
3556 2897 3845 2965 ἄνθρωπον
3878 2913 3970 2947 νο-

2393 2993 2657 3060 μισθεῖεν,
2691 2995 2908 3063 τέχναις
2930 2995 3076 3045 τισὶν
3114 2993 3173 3056 ἐξ
3206 2991 3517 3062 ἀνθρώπων
3541 2991 3968 3060 ἁφανισῧέντας,

2388 3085 2481 3134 καὶ
2511 3081 2598 3134 διὰ
2631 3081 2792 3135 τοῦτο
2843 3081 3003 3141 θεοὺς
3040 3080 3423 3149 νομισθέντας,
3463 3079 3631 3151 ἔρωτι
3674 3080 3774 3148 τῆς
3801 3078 3970 3131 αὐτοῦ

2389 3173 2543 3245 δόξης
2569 3172 2850 3239 ἑαλωκὼς,
2916 3173 3012 3226 καὶ
3041 3172 3159 3242 ἆμα
3198 3173 3277 3241 τῷ
3334 3173 3524 3242 τρόπῳ
3574 3172 3676 3240 τῆς
3707 3170 3970 3239 τελευτῆς

2389 3264 2476 3316 διὰ
2507 3267 2569 3316 τὸ
2592 3265 2691 3333 τῆς
2718 3263 2979 3325 ἀϐουλίας
3031 3264 3222 3329 ἄδοξον
3254 3263 3672 3332 αἰσχυνόμενος,
3708 3263 3758 3315 τί
3790 3279 3970 3331 μηχα-

2390 3360 2546 3410 νᾶται
2571 3359 2662 3409 καὶ
2689 3358 2739 3409 τί
2779 3359 2959 3422 natat;
3019 3357 3142 3409 οὐδὲ
3175 3359 3284 3427 γὰρ
3319 3358 3398 3424 τῷ
3435 3357 3537 3426 βίῳ
3573 3356 3969 3409 συναναλίσιε-

2388 3469 2476 3505 ται
2502 3453 2759 3521 πονηρία.
2803 3451 2988 3519 Ῥίψαι
3025 3451 3171 3504 κατὰ
3195 3451 3292 3502 τοῦ
3323 3450 3573 3519 ποταμοῦ
3619 3450 3881 3519 πειρᾶται
3908 3451 3970 3499 τὸ

2391 3544 2550 3614 σῶμα
2571 3560 2585 3575 ο
2618 3546 2710 3598 καὶ
2737 3545 2870 3615 πρὸς
2902 3545 3065 3597 τοῦτο
3095 3544 3299 3614 ἐχρῆτο
3328 3560 3440 3596 τισι
3467 3544 3574 3595 τῶν
3609 3543 3819 3596 πιστῶν
3846 3543 3973 3594 ἐαυ-

2386 3637 2467 3706 τῷ
2501 3639 2785 3707 συνεργοῖς
2814 3637 2908 3689 καὶ
2945 3637 3180 3706 μύσταις
3211 3636 3320 3688 τῶν
3354 3637 3712 3706 ἀπορρήτων.
3775 3635 3882 3686 Καὶ
3917 3635 3968 3684 εί

2394 3731 2468 3800 μὴ
2497 3731 2604 3782 τῶν
2646 3729 2942 3799 βασιλικῶν
2995 3729 3268 3799 εὐνούχων
3298 3747 3382 3792 τις
3427 3730 3484 3782 τὸ
3513 3730 3748 3799 πρᾶγμα
3781 3729 3970 3781 αἰσθό-

2390 3839 2570 3890 μενος,
2606 3825 2699 3876 καὶ
2727 3824 2838 3885 τοῖς
2869 3823 3053 3885 ἄλλοις
3077 3822 3504 3892 καταμηνύσας,
3548 3822 3699 3890 μίσει
3731 3820 3825 3872 τοῦ
3859 3837 3964 3871 κα-

2387 3916 2775 3983 κουργήματος
2806 3915 2904 3985 τὴν
2935 3913 3114 3984 ὁρμὴν
3143 3912 3468 3979 διεκώλυσε,
3501 3914 3609 3967 κᾶν
3649 3914 3823 3982 ἐφάνη
3853 3915 3967 3972 τοῖς

2388 4004 2634 4072 ἀνοήτοις
2657 4003 2792 4065 Θεὸς
2824 4004 2942 4066 νέος
2969 4003 3028 4067 ἐξ
3053 4005 3410 4073 ἀτυχήματος
3435 4020 3450 4035 ο
3480 4005 3548 4058 τὰ
3581 4003 3627 4056 δ’
3651 4005 3777 4075 ἑξῆς
3806 4007 3966 4072 μῖμοι

2387 4094 2612 4160 γελοίων
2646 4090 2782 4164 ἦγον
2816 4095 2998 4158 αὑτὸν,
3027 4098 3118 4146 καὶ
3135 4098 3246 4157 τοῖς
3270 4096 3376 4148 ἀπὸ
3400 4098 3497 4165 τῆς
3530 4097 3738 4165 σκηνῆς
3771 4097 3965 4165 αἴσχε-

2386 4206 2471 4240 σιν
2497 4187 2843 4256 ὲπομττεύετο
2875 4187 3320 4257 καταυλούμενός
3364 4205 3422 4240 τε
3459 4190 3554 4241 καὶ
3585 4188 3969 4259 κατορχούμε-

2388 4296 2496 4342 νος,
2519 4280 2611 4332 καὶ
2633 4279 2730 4350 τὴν
2757 4280 2987 4349 ἄρνησιν
3015 4282 3106 4332 καὶ
3127 4280 3225 4351 τὴν
3243 4275 3414 4350 ἧτταν
3436 4281 3530 4332 καὶ
3552 4281 3612 4332 τὸ
3631 4281 3786 4342 τέλος
3820 4282 3972 4332 ὀνει-

2386 4376 2686 4446 διζόμενος.
2726 4376 2836 4427 Καὶ
2862 4376 2913 4427 τί
2941 4376 3049 4444 γὰρ
3075 4376 3135 4427 οὺ
3163 4378 3391 4444 πάσχων
3439 4376 3632 4440 κακὸν,
3690 4376 3743 4427 τί
3768 4377 3822 4428 δὲ
3865 4378 3967 4430 οὐκ

2387 4468 2625 4528 ἁκούων,
2641 4464 2719 4530 οἷς
2740 4469 2785 4519 οί
2805 4465 3039 4521 τοιοῦτοι
3057 4469 3449 4530 νεανιεύονται,
3470 4469 3667 4539 τέχνην
3685 4470 3785 4540 τὴν
3805 4469 3969 4540 ὓϐριν

708 4583 760 4617 iu
787 4578 1000 4617 amnem
1055 4571 1318 4614 conatur:
1382 4562 1436 4615 in
1489 4572 1670 4632 empto
1726 4573 1832 4616 tam
1893 4580 2097 4620 arcano
2156 4567 2281 4620 fidis
2317 4547 2401 4613 οε

2274 4585 2281 4615 ι
2317 4547 2359 4602 Ῑ)
2392 4562 2604 4631 ἔχοντες
2628 4577 2642 4624 ;
2671 4559 2826 4630 ’ἑωςή
2854 4561 3114 4627 Ταρσέων
3132 4560 3295 4614 αὐτὸν
3313 4561 3635 4631 ὑποδέχεται
3663 4562 3840 4624 πόλις,
3864 4565 3967 4616 οὐκ

704 4655 1036 4721 quihusdam
1093 4654 1462 4722 adiutoribus,
1505 4664 1560 4708 et
1605 4655 1834 4723 perinde
1881 4669 2043 4726 atque
2096 4658 2146 4710 in
2223 4673 2279 4712 re

705 4749 957 4817 quapiam
1016 4746 1223 4812 divina,
1277 4747 1661 4803 Sacerdotibus
1727 4765 1878 4802 usus.
1944 4751 2009 4803 Et
2070 4750 2174 4803 nisi
2209 4766 2276 4820 ett

707 4839 1090 4909 imperialibus
1121 4839 1396 4893 eunuchis
1428 4841 1654 4909 quidam
1689 4842 1924 4894 consilio
1981 4855 2048 4895 eo
2079 4841 2273 4910 depre-

705 4937 900 4997 henso,
949 4934 1182 5002 aliisque
1216 4943 1441 5004 promer
1474 4930 1662 5001 ﬂagitii
1725 4933 1911 4987 odium
1970 4935 2278 4988 communi-

703 5039 845 5089 cato,
881 5027 1143 5097 impetum
1178 5026 1340 5080 talem
1399 5025 1797 5095 prohibuisset,
1846 5026 2144 5079 exstitisset
2208 5042 2274 5080 ex

705 5135 769 5172 ea
798 5118 953 5173 clade
986 5117 1128 5187 apud
1165 5119 1451 5188 imperitos
1475 5117 1734 5171 homines
1770 5131 1945 5171 novus
2005 5118 2168 5172 Deus.
2215 5120 2282 5170 fit

703 5227 828 5282 qua:
855 5212 1055 5266 deinde
1083 5221 1427 5281 sequuntur:
1459 5220 1733 5264 mortuum
1766 5225 1891 5264 eum
1923 5211 2074 5264 minii
2106 5221 2156 5264 el
2183 5211 2281 5264 hc-

703 5305 883 5358 mines
937 5304 1180 5370 ridiculi,
1208 5318 1333 5357 cum
1361 5303 1508 5356 omni
1561 5303 1777 5357 scenica
1818 5302 2066 5356 foeditate
2108 5304 2280 5356 duxe-

703 5405 855 5462 runt,
888 5398 1160 5466 funusque
1192 5398 1310 5467 eius
1331 5398 1607 5464 prosecuti
1637 5408 1788 5459 sunt,
1849 5396 2001 5450 tibiis
2062 5406 2345 5457 canentes,
2388 5407 2444 5449 et
2491 5395 2826 5461 saltitantes,

2387 4651 2483 4705 οἷδ’
2510 4654 2655 4714 ὅπως
2691 4657 2783 4704 καὶ
2828 4651 2944 4704 ἀνθ’
2997 4652 3120 4704 ὅτου
3153 4651 3251 4720 τὴν
3282 4652 3439 4724 ὓϐριν
3464 4670 3668 4722 ταυτην
3704 4672 3972 4724 κατακρι-

2388 4744 2562 4797 θεῖσα.
2578 4744 2750 4796 Ἔνθα
2765 4745 2820 4796 δέ
2841 4745 2888 4795 oi
2916 4745 3138 4814 τέμενος
3155 4744 3350 4813 ἄτιμον
3367 4746 3463 4798 καὶ
3483 4747 3652 4814 τάφος
3679 4747 3970 4813 ἐξάγιστος

2389 4839 2485 4889 καί
2507 4837 2879 4904 ἀπόπτυστος,
2905 4839 2996 4890 καὶ
3019 4837 3138 4889 οὐδὲ
3167 4837 3356 4898 eam;
3377 4837 3618 4890 εὐσεϐῶν
3648 4837 3863 4907 ὕψεσιν
3885 4840 3966 4901 ὡς

2384 4929 2444 4981 δὲ
2472 4930 2583 4998 ἐγώ
2608 4947 2755 4991 τινος
2774 4931 3006 4997 ἤκουσα,
3031 4930 3165 5000 μηδὲ
3181 4929 3258 4999 τῷ
3285 4930 3440 4998 τάφῳ
3470 4930 3970 5002 προσλαμϐανόμε-

2389 5040 2502 5086 νος,
2521 5021 2634 5075 ἀλλ’
2652 5023 2758 5076 ὑπὸ
2785 5022 2884 5091 τῆς
2901 5023 3208 5091 σεισθείσης
3226 5021 3292 5074 δι’
3318 5023 3484 5075 αὑτοῦ
3504 5025 3604 5092 γῆς
3629 5026 3966 5094 ἀποσειόμε-

2387 5133 2475 5178 νος
2493 5116 2587 5169 καὶ
2617 5115 3094 5184 ἀναϐρασσόμενος
3117 5131 3129 5143 ·
3166 5114 3455 5185 προοίμιον
3486 5114 3584 5182 τῆς
3605 5118 3790 5169 ἐκεῖσε
3813 5113 3971 5184 οἶμαι

2382 5208 2677 5271 κολάσεως.
2698 5208 2755 5261 Ὀ
2777 5209 2874 5278 μὲν
2892 5204 2986 5260 οὖν
3003 5207 3144 5260 οὕτω
3169 5207 3520 5275 βασιλεύσας,
3545 5207 3690 5261 οὕτω
3717 5210 3774 5261 δὲ
3799 5226 3970 5279 στρα-

2380 5302 2646 5370 τηγήσας,
2685 5300 2827 5353 οὕτω
2851 5302 2946 5353 καὶ
2977 5300 3067 5353 τὸν
3097 5301 3214 5368 βίον
3249 5299 3492 5370 αίσχρῶς
3521 5299 3867 5352 καταλείπει.
3912 5317 3931 5349 ι

2899 5392 3288 5463 religionisque
3340 5393 3771 5462 abiurationem,
3831 5393 3967 5447 belli

701 5492 1021 5555 cladem,et
1051 5499 1284 5546 mortem
1318 5493 1488 5560 ipsam
1519 5491 1779 5559 probrose
1838 5492 1888 5544 ei
1922 5492 2265 5560 objicientes.
2311 5492 2449 5558 Quid
2501 5493 2648 5547 enim
2717 5491 2842 5545 mali
2915 5506 3106 5560 passus
3147 5506 3255 5544 non
3317 5490 3436 5545 est?
3471 5488 3602 5558 quid
3666 5504 3800 5544 vero
3852 5505 3967 5543 non

703 5580 1359 5645 audivitearumrerum,
1396 5595 1532 5650 quas
1561 5595 1733 5650 genus
1791 5579 1842 5634 id
1922 5582 2203 5636 hominum
2257 5583 2578 5650 iuveniliter
2641 5585 2849 5638 audet?
2898 5586 3044 5654 quod
3107 5583 3362 5654 iniuriam
3433 5598 3532 5653 pro
3585 5595 3699 5638 arte
3766 5584 3964 5637 habet:

775 5718 855 5790 (ι)
894 5721 1048 5791 Apud
1084 5721 1362 5776 Socratem
1396 5731 1500 5784 est,
1532 5718 1810 5775 Julianiim
1838 5736 1980 5790 equo
2033 5721 2278 5776 insiden-

707 5802 838 5849 tem.
872 5801 928 5844 et
958 5793 1181 5859 quidem
1233 5800 1458 5860 pr0ptcr
1504 5808 1689 5845 rerum
1722 5793 2088 5846 secundarum
2121 5808 2272 5858 spem

703 5871 761 5918 et
790 5860 1048 5918 ﬁduciam
1082 5864 1370 5932 inermem,
1395 5878 1518 5916 cum
1555 5863 1761 5918 circum
1791 5863 2057 5919 militares
2091 5865 2274 5932 copias

2387 5722 2761 5791 obequitaret.
2806 5739 2898 5778 eas
2939 5723 3004 5776 ad
3060 5721 3442 5775 fortitudinem
3502 5717 3864 5791 cohortando,
3897 5734 3966 5772 ex

2389 5790 2685 5860 improviso
2738 5795 2891 5846 hasta
2928 5809 3248 5860 percussum
3283 5807 3403 5847 esse
3435 5809 3556 5862 quze
3593 5790 3880 5846 brachium
3911 5802 3973 5845 et

2386 5865 2526 5918 latus
2560 5866 2680 5933 eius
2719 5864 3038 5933 perfuderit.
