4288 6438
291 424 396 488 5:69
1217 414 1823 479 ECCLESIASTICE
1866 416 1984 474 ms

1866 413 2246 476 lilSTthHﬁ
2288 413 2355 474 LI
2375 415 2433 473 Β.
2470 412 2515 473 Χ
3438 404 3542 465 570

290 537 471 592 donec
495 549 621 591 eum
650 532 943 589 Tarsensis
970 532 1100 588 urbs
1119 534 1355 602 excepit,
1390 533 1577 587 nescio
1606 529 1900 600 quomodo,
1946 539 2039 583 aut
2065 545 2227 599 quam
2285 529 2356 582 ob
2384 540 2606 580 causam
2646 523 2711 579 ad
2746 520 3135 579 contumeliam
3190 519 3353 572 talum
3407 530 3543 570 con-

288 639 570 689 demnata.
630 634 710 691 lbi
765 634 854 686 ille
898 632 1169 686 tumulum
1240 631 1405 685 habet
1467 630 1849 683 inhonoratum
1890 637 1945 681 et
1998 625 2309 695 sepulcrum
2369 621 2766 678 exsecrandum
2797 620 3033 673 maxime
3060 613 3537 682 etdespuendum,

289 744 475 797 neque
501 728 577 798 pii
611 727 846 796 alicujus
875 726 1054 780 oculis
1095 724 1575 793 conspiciendum.
1613 722 1681 775 Et
1707 722 1863 775 sicuti
1909 735 2010 789 ego
2079 717 2301 788 quidem
2342 717 2408 771 de
2473 714 2731 784 qu0piam
2752 711 2958 775 audivi,
2983 725 3051 764 ne
3080 708 3393 776 sepulcrum
3422 707 3546 773 qni-

290 820 416 875 dem
446 838 571 877 eum
601 822 1052 891 recepit:verum
1079 835 1199 889 quae
1225 819 1343 888 ejus
1374 833 1534 873 causa
1566 825 1835 874 commota
1876 825 1960 868 est
2002 825 2171 877 terra,
2241 811 2472 866 cadaver
2526 810 2647 878 ejus
2687 806 2964 861 “excussit
3011 813 3176 871 atque
3239 799 3449 869 rejecit,
3490 808 3545 852 ut

290 915 397 970 hoc
428 917 500 970 sit
540 915 851 971 futurorum
875 915 1273 984 suppliciorum
1304 914 1459 982 quasi
1493 911 1766 982 quoddam
1801 907 2149 977 prmludium.
2178 905 2244 960 Et
2283 905 2503 975 quidem
2544 904 2626 958 sic
2656 901 2748 973 qui
2802 897 3178 968 imperaverit,
3240 894 3319 950 sic
3340 893 3542 948 bellum

290 1011 547 1080 gesserit,
580 1011 661 1065 sic
696 1024 920 1081 quoque
952 1008 1189 1079 turpiter
1221 1007 1385 1061 vitam
1419 1006 1649 1060 finivit.»

872 1129 1125 1184 ΚΕΦΑΛ.
1155 1126 1287 1182 AH'.

367 1220 507 1291 Napi
532 1218 643 1289 τῆς
666 1219 996 1291 ,Βασιλείας
1028 1217 1143 1291 τοῦ
1177 1215 1469 1291 εὐσεϐοῦς
1491 1214 1800 1281 ,ϐασιλέως

772 1288 1055 1343 ἰοϐιανοῦ
1084 1288 1155 1341 ἐν
1181 1287 1447 1355 Περσίδι.

371 1409 435 1463 0!
460 1406 515 1461 δέ
543 1424 608 1474 γε
643 1406 976 1476 στρατιῶται
1006 1404 1100 1459 καὶ
1131 1406 1430 1475 στρατηγοὶ
1461 1406 1528 1474 τῇ
1558 1402 1689 1472 ἑξῆς
1722 1401 1875 1471 βασι-

296 1501 400 1556 λέα
433 1496 881 1553 ἀναδεικνύουσιν
923 1497 1205 1559 Ἰοϐιανδν,
1242 1496 1412 1563 ἀνδρα
1448 1493 1689 1562 ἐπιφανῆ
1721 1491 1787 1545 τά
1813 1507 1873 1543 τε

297 1595 439 1650 ἄλλα
468 1596 564 1647 καὶ
589 1596 688 1663 τὴν
712 1591 1004 1646 εὐσέϐειαν
1035 1590 1131 1644 καὶ
1182 1590 1242 1642 τὸ
1273 1586 1436 1652 εἶδος,
1468 1586 1778 1657 τυραννίδος
1801 1583 1875 1649 ὡς

299 1686 523 1756 ἀληθῶς
562 1686 713 1751 ἀξιον
735 1701 749 1715 ·
775 1684 833 1747 ὃς
874 1682 1149 1754 χιλίαρχος
1186 1679 1264 1735 ὢν
1315 1682 1606 1751 πρῦτερον,
1637 1681 1875 1748 ὁπηνίκα

313 1780 606 1843 Ἰουλιανὸς
641 1782 758 1841 τοῖς
794 1776 1250 1847 στρατευομένοις
1302 1774 1516 1842 αἵρεσιν
1570 1772 1871 1842 προύτίθει,

299 1870 334 1941 ἦ
357 1868 506 1924 θύειν
530 1871 561 1939 ἢ
587 1869 685 1942 τὴν
716 1869 896 1941 ζώνην
919 1866 1300 1933 ἀποτίθεσθαι,
1327 1869 1385 1919 τὸ
1408 1864 1662 1934 δεύτερον
1692 1864 1876 1935 ᾑρεῖτο

305 1963 510 2032 μᾶλλον
540 1963 573 2032 ἢ
607 1960 848 2015 τοιοῦτον
877 1960 1074 2022 ἀσεϐὲς
1112 1960 1395 2029 ἐπίταγμα
1441 1958 1772 2028 ἐκπληροῦν.
1815 1957 1877 2010 '0

306 2056 409 2123 μὲν
437 2051 531 2107 οὖν
567 2054 845 2123 βασιλεὺς,
874 2055 941 2123 τῇ
976 2050 1070 2105 τοῦ
1102 2051 1456 2120 ἐπικειμένου
1490 2050 1725 2120 πολέμου
1762 2050 1873 2121 βίᾳ,

302 2141 506 2215 οἷάπερ
558 2146 865 2215 στρατηγὸν
898 2146 1149 2213 ἄριστον,
1207 2143 1304 2197 σὺν
1333 2146 1445 2205 τοῖς
1482 2143 1687 2204 λοιποῖς
1742 2137 1878 2211 ἦγεν

308 2237 503 2288 αὐτόν’
556 2234 678 2287 τότε
721 2233 777 2286 δὲ
806 2233 885 2294 είς
936 2232 996 2285 τὸ
1026 2231 1332 2300 βασιλεύειν
1357 2230 1562 2301 μεταξὺ
1596 2234 1694 2300 τῆς
1724 2230 1879 2283 πολε-

308 2328 439 2396 μίας
493 2327 589 2377 ἅτε
645 2324 710 2393 δὴ
756 2326 866 2377 τῶν
898 2324 1075 2378 ἄλλων
1124 2323 1402 2393 διαφέρων
1431 2323 1701 2390 αἱρεθείς,
1743 2341 1880 2391 παρ-

304 2420 494 2488 ῃτεῖτο
558 2418 659 2487 τὴν
714 2416 1035 2486 ἡγεμονίαν,
1104 2415 1198 2467 καὶ
1249 2416 1317 2469 τά
1355 2414 1457 2483 τῆς
1515 2414 1876 2486 βασιλείαςοὺ

1894 1126 1943 1185 Α

2397 1112 2510 1187 9r.
2552 1110 2776 1168 CAPUT
2831 1107 3098 1165 xxxvm

2080 1212 2158 1267 De
2221 1211 2438 1280 imperio
2503 1209 2576 1279 pii
2636 1205 2970 1280 imperatoris
3025 1199 3324 1265 Jouiniam',
3382 1201 3438 1253 in

2631 1276 2871 1331 Perside.

2044 1393 2321 1450 Postridie
2380 1402 2565 1446 autem
2625 1398 2679 1443 et
2734 1386 2938 1442 milites
3000 1393 3055 1439 et
3121 1381 3393 1438 exercitus
3445 1378 3549 1433 du-

1974 1504 2067 1545 ces
2080 1487 2428 1544 Iovinianum
2450 1484 2836 1552 imperatorem
2857 1475 3194 1538 renuntiant,
3215 1473 3393 1526 virum
3421 1485 3545 1524 cum

1975 1582 2140 1635 rebus
2172 1578 2317 1641 aliis,
2349 1587 2464 1631 tum
2491 1590 2617 1629 vera
2649 1574 2848 1643 pietate
2880 1570 3177 1629 illustrem,
3210 1577 3547 1635 prorsusque

1969 1665 2152 1727 forma
2205 1678 2262 1725 et
2326 1677 2533 1725 statura
2568 1663 2815 1734 corporis
2874 1660 3107 1732 imperio
3149 1657 3412 1729 dignum;
3453 1654 3548 1724 qui

1977 1765 2236 1820 tribunus
2255 1771 2415 1817 antea
2443 1760 2641 1821 fuerat.
2674 1771 2799 1812 cum
2822 1755 3072 1810 Julianus
3101 1751 3394 1821 optionem
3443 1747 3549 1802 mi-

1977 1859 2171 1913 litibus
2196 1856 2442 1918 ofl‘erret.
2468 1862 2527 1906 ut
2554 1851 2638 1905 vel
2670 1851 2775 1905 diis
2807 1847 3203 1906 sacrificarent.
3238 1843 3322 1897 vel
3355 1844 3553 1911 cingu-

1977 1952 2093 2007 lum
2128 1949 2335 2003 militiae.
2370 1954 2425 2001 et
2475 1942 2758 2014 dignitatis
2806 1942 3169 2011 deponerent.
3216 1936 3394 2004 Atque
3456 1934 3549 1989 ille

1980 2048 2216 2100 alterum
2259 2041 2367 2094 hoc
2396 2036 2575 2093 facere
2608 2035 2820 2099 maluit,
2880 2046 3042 2102 quam
3076 2030 3257 2099 impias
3310 2027 3547 2099 iussioni

1982 2149 2199 2206 parere.
2225 2131 2477 2188 Julianus
2500 2143 2664 2199 porro
2703 2125 3029 2181 necessitate
3064 2122 3211 2194 quod
3264 2128 3551 2190 tantopere

1983 2227 2213 2292 urgebat
2243 2224 2371 2279 belli
2415 2222 2704 2284 adductus,
2749 2232 2937 2273 secum
2993 2216 3161 2277 hunc.
3232 2223 3293 2270 ut
3346 2214 3545 2269 ducem

1983 2318 2272 2387 Optimum,
2296 2330 2421 2369 cum
2448 2313 2570 2367 aliis
2593 2313 2646 2365 in
2677 2310 2956 2365 Persidem
2986 2308 3161 2361 duxit.
3188 2305 3327 2360 Tum
3361 2315 3549 2359 autem

1984 2408 2037 2462 in
2067 2407 2251 2461 ltOslili
2282 2406 2527 2475 regione,
2571 2412 2631 2457 ut
2663 2402 2785 2469 aliis
2816 2400 3190 2470 praestantior,
3252 2399 3550 2468 imperator

305 2472 569 2580 προσίετο
614 2472 900 2577 ρύρῖϐολα,
935 2472 1109 2574 λέγων
1160 2505 1238 2578 μὴ
1283 2472 1545 2559 δύνασθαι
1573 2472 1879 2577 βασιλεύειν
1911 2472 1953 2532 Β
1984 2499 1998 2552 1

1859 2525 1879 2560 ν
1911 2472 1953 2532 Β
1984 2499 2183 2562 lectus,
2218 2472 2546 2566 dignitatem
2578 2509 2699 2548 eam
2721 2490 2934 2562 rejecit,
2966 2498 3022 2545 et
3046 2489 3280 2558 insignia
3312 2489 3552 2558 impera-

302 2601 517 2673 ἀνδρῶν
560 2599 892 2669 Ἕλληνίζειν
934 2597 1243 2667 μαθόντων,
1274 2599 1331 2650 ἐν
1366 2595 1710 2668 Χριστιανοίς
1738 2600 1882 2650 ὲκεί-

305 2710 401 2755 νος
431 2690 632 2745 τελῶν·
672 2690 853 2743 είσότε
884 2690 949 2759 δὴ
976 2690 1131 2760 κοινῇ
1161 2690 1312 2758 φωνῇ
1353 2689 1715 2759 Χριστιανοὺς
1739 2684 1881 2741 εἶναι

306 2785 455 2852 σφᾶς
482 2782 869 2852 ὡμολόγησαν.
926 2780 1025 2837 ,Ἐν
1062 2781 1213 2852 μέσῳ
1258 2780 1314 2833 δὲ
1342 2782 1417 2850 τῷ
1451 2780 1639 2850 πλάνῳ
1690 2782 1785 2833 καὶ
1813 2782 1880 2851 τῇ

302 2879 523 2947 ταραχῇ
552 2875 672 2929 τῶν
712 2872 1057 2945 πραγμάτων
1090 2871 1462 2940 ἀπολειφθεὶς,
1488 2873 1584 2941 τῆς
1620 2874 1884 2941 στρατιᾶς

305 2972 374 3023 ὲκ
396 2971 494 3039 τῆς
524 2969 634 3039 πρὸ
660 2968 833 3022 αὐτοῦ
861 2972 1195 3042 στρατηγίας
1222 2969 1538 3039 ἐμπλήκτου
1566 2968 1881 3040 καμνούσης

306 3064 377 3133 τῇ
412 3062 612 3117 σπάνει
644 3061 753 3115 τῶν
791 3061 1138 3131 ἐπιτηδείων,
1166 3062 1307 3130 ἔγνω
1332 3061 1439 3113 δεῖν
1461 3061 1557 3113 καὶ
1585 3061 1881 3127 ἀναγκαῖον

307 3154 453 3211 εἶναι
482 3157 621 3228 πρὸς
654 3156 955 3224 συμϐάσεις
981 3155 1200 3225 χωρεῖν.
1232 3154 1342 3207 Καὶ
1368 3154 1431 3222 δή
1464 3170 1586 3206 τινα
1615 3151 1721 3205 τῶν
1747 3153 1881 3205 ὐπο-

307 3248 483 3301 τελῶν
524 3246 827 3316 Ῥωμαίοις
862 3244 1139 3314 παραδοὺς
1170 3242 1430 3311 Πέρσαις.
1459 3242 1560 3312 τήν
1598 3259 1654 3294 τε
1696 3243 1884 3312 Σύρων

309 3342 489 3412 ἀρχήν
517 3356 660 3411 φημι
691 3340 785 3393 καὶ
831 3338 1027 3408 τὴνλν
1061 3334 1461 3406 Μεσοποταμίᾳ
1491 3332 1729 3399 Νίσιϐιν,
1791 3335 1885 3386 ἐπὶ

309 3434 619 3503 συνθήκαις
648 3433 718 3485 τὰ
752 3432 845 3484 τοῦ
894 3431 1134 3501 πολέμου
1166 3429 1373 3483 διέλυεν
1398 3445 1412 3458 ·
1469 3426 1733 3494 ἀπρεπῶς
1784 3426 1882 3496 μὲν

318 3524 617 3591 Ῥωμαίοις
668 3521 905 3592 πράξας,
966 3520 1281 3587 ἀναγκαίως
1327 3518 1372 3571 δ’
1398 3517 1568 3586 ὅμως,
1602 3515 1789 3586 ὥσπερ
1820 3516 1883 3568 ού

309 3619 616 3691 βασιλείας,
672 3615 789 3668 ἀλλ’
842 3615 1016 3684 ἥττης
1069 3610 1406 3681 κληρονόμος
1451 3609 1773 3680 γενόμενος·
1806 3608 1885 3671 ὡς

307 3712 427 3778 εἴγε
459 3708 537 3779 μὴ
563 3707 711 3761 τοῦτ’
743 3706 981 3777 ἔπραττε
1010 3704 1145 3774 (καὶ
1175 3703 1384 3773 Πέρσαι
1417 3699 1730 3773 μετριάζειν
1751 3700 1884 3753 εἰδό-

306 3820 422 3868 τες,
449 3802 546 3855 καὶ
577 3802 691 3872 ὅρῳ
724 3799 824 3868 τὴν
847 3796 1162 3867 εὐπραγίαν
1205 3796 1449 3865 μετρεῖν,
1479 3794 1513 3865 ἢ
1548 3794 1643 3847 καί
1676 3810 1730 3845 τι
1762 3791 1881 3845 ἓτε-
1904 3821 1951 3886 c

306 3913 403 3966 ρον
430 3895 704 3956 δείσαντες
766 3892 845 3953 εἰς
884 3889 1187 3961 συμϐάσεις
1234 3888 1553 3959 ιτράποντο,
1587 3886 1679 3939 καὶ
1710 3884 1881 3939 ταῦτα

307 3985 735 4057 φιλανθρώπους
763 3983 909 4037 οὕτω
954 3982 1053 4035 καὶ
1080 3980 1442 4050 ἀδοκήτους)⁶
1487 3978 1639 4032 οὐδὲν
1670 3978 1880 4031 ἐκώλυε

310 4082 448 4151 μηδὲ
480 4080 788 4149 πυρφόρον,
814 4078 875 4131 τὸ
898 4075 993 4131 τοῦ
1022 4076 1212 4142 λόγου,
1243 4072 1660 4143 ὑπολειφθῆναι.
1688 4071 1803 4124 Νῦν
1836 4070 1882 4123 δ’

305 4172 335 4223 ὁ
368 4170 468 4239 μὲν
527 4166 856 4237 βιαζόμενος
908 4163 1177 4217 διασῶσαι
1234 4159 1403 4232 νεῦρα
1458 4162 1525 4231 τῇ
1590 4157 1881 4229 Ῥωμαίων

308 4264 475 4333 ἀρχῇ,
505 4260 600 4313 ἐπὶ
617 4257 918 4328 συνθήκαις
948 4254 1123 4318 οὕτως
1145 4255 1401 4325 αἰσχραῖς
1425 4270 1486 4307 τε
1518 4252 1614 4307 καὶ
1632 4252 1880 4318 ἀναξίαις

309 4355 629 4411 συνέϐαινεν
657 4350 889 4422 ἀϐουλίᾳ
921 4350 1123 4421 μᾶλλον
1150 4347 1244 4402 τοῦ
1297 4347 1407 4417 πρὸ
1447 4345 1613 4399 αὐτοῦ
1644 4363 1881 4416 στρατη-

304 4450 584 4518 γήσαντος
615 4446 648 4514 ἦ
676 4443 828 4513 σφῶν
856 4441 1037 4498 αὐτῶν
1061 4440 1327 4512 ἀνανδρίᾳ
1350 4457 1367 4473 ο
1401 4440 1495 4493 καί
1520 4455 1583 4505 γε
1607 4438 1880 4508 ἀγνώμων

306 4543 441 4610 παρ’
495 4539 623 4610 spot
649 4539 812 4608 κριτῇ
876 4534 1109 4604 γένοιτο,
1156 4532 1215 4597 ὃς
1262 4533 1470 4587 ἐκεῖνον
1499 4531 1679 4600 ἀφεὶς,
1707 4530 1881 4599 τούτῳ

302 4633 374 4685 τὰ
399 4633 500 4700 τῆς
529 4628 795 4700 μέμψεως
818 4626 1117 4695 ὲπιγράφοι
1142 4640 1156 4655 ο
1186 4625 1215 4677 ὁ
1234 4625 1342 4692 γὰρ
1368 4621 1571 4691 στάχυς
1598 4619 1696 4674 τοῦ
1726 4620 1879 4673 σπεί-

306 4738 505 4795 ραντος
542 4720 746 4791 μᾶλλον
777 4720 811 4789 ἢ
841 4716 935 4770 τοῦ
977 4715 1298 4784 θερίσαντος
1318 4729 1333 4744 ·
1370 4714 1465 4765 καὶ
1491 4713 1519 4764 ὁ
1551 4711 1878 4782 ἐμπρησμὸς

301 4816 365 4868 οὐ
395 4813 492 4867 τοῦ
553 4812 747 4865 σϐέσαι
809 4808 886 4879 μὴ
939 4807 1282 4876 δυνηθέντος,
1320 4802 1454 4856 ἀλλὰ
1487 4802 1583 4855 τοῦ
1623 4800 1878 4868 καθάπαξ

300 4904 654 4974 ιμϐαλόντος.
690 4901 800 4953 Καὶ
827 4899 888 4951 τὸ
916 4896 1013 4950 τοῦ
1048 4895 1356 4965 Ἡροδότου,
1384 4912 1405 4946 ι
1450 4892 1623 4947 Τοῦτο
1650 4894 1710 4945 τὸ
1747 4892 1880 4945 ύπὸο

238 5038 241 5039 ν
297 4998 454 5117 δὲμα
484 4993 692 5066 tepuit:
718 4994 817 5063 μὲν
862 4991 1141 5053 Ἱστιαῖος,
1184 4988 1495 5059 ὑπεδήσατο
1538 4987 1596 5039 δὲ
1629 4987 1880 5053 Ἀριστα-

298 5085 322 5117 ⁴ι
370 5082 490 5117 ιιαξ.
525 5085 544 5117 ι

298 5085 324 5133 α,
337 5082 490 5135 ορας.
525 5085 544 5117 ι

1987 2587 2122 2642 toria
2160 2602 2267 2641 non
2294 2578 2536 2654 recepit:
2572 2599 2682 2638 non
2722 2598 2879 2655 posse
2923 2596 2984 2636 se
3016 2580 3229 2642 dicens,
3273 2579 3369 2649 qui
3392 2578 3555 2634 ϐίη-ιο

1983 2680 2197 2735 stianus
2221 2679 2314 2741 sit,
2354 2677 2626 2744 imperare
2661 2676 2816 2741 viris,
2849 2675 2944 2746 qui
2986 2674 3327 2747 grazcissare,
3353 2687 3550 2739 super-

1985 2772 2349 2840 stitionesque
2382 2769 2583 2825 sectari
2636 2767 2985 2832 didicissent;
3019 2766 3195 2821 donec
3223 2780 3329 2819 una
3358 2778 3551 2818 omnes

1984 2879 2117 2919 voce
2147 2861 2493 2918 Christianos
2524 2876 2583 2916 se
2613 2875 2734 2915 esse
2787 2867 2916 2914 sunt
2956 2857 3216 2929 professi.
3276 2858 3548 2914 Caeterum

1985 2956 2040 3009 in
2071 2969 2258 3009 errore
2286 2953 2469 3008 medio
2493 2961 2549 3008 et
2576 2966 2764 3007 rerum
2799 2952 2958 3005 turba
2985 2966 3013 3003 a
3035 2949 3255 3005 Juliano
3303 2951 3550 3013 relictus,

1983 3047 2129 3118 quod
2154 3047 2432 3101 exercitus
2466 3045 2647 3115 priore
2678 3042 2912 3113 imperio
2941 3050 3328 3097 consternatus
3381 3051 3549 3105 esset,

1987 3152 2281 3208 rerumque
2305 3136 2741 3192 necessariarum
2796 3135 2979 3205 iunpia
3030 3143 3397 3206 premeretur,
3451 3151 3551 3189 ne-

1986 3231 2298 3287 cessitatem
2326 3228 2430 3284 sibi
2450 3228 2762 3296 impositam
2800 3241 2926 3281 esse
2947 3226 3224 3295 cognovit,
3256 3233 3315 3279 ut
3343 3224 3549 3280 bellum

1985 3322 2360 3394 pacificatione‘
2393 3321 2741 3390 transigeret.
2782 3317 3129 3389 Quapropter
3154 3319 3270 3372 loca
3297 3317 3546 3388 quaedam

1986 3430 2105 3485 qua:
2133 3412 2394 3467 Romanis
2444 3413 2646 3466 tributa
2676 3411 3052 3481 pensitabant,
3104 3409 3277 3479 Syria:
3334 3409 3548 3464 scilicet

1987 3506 2300 3575 imperium,
2326 3514 2382 3558 et
2414 3519 2534 3573 qua:
2566 3503 2619 3557 in
2648 3501 3040 3572 Mesopotamia
3079 3514 3164 3556 est
3193 3497 3451 3563 Nisibim,
3484 3517 3549 3553 ex

1984 3596 2161 3663 pactis
2190 3593 2504 3660 contentis,
2568 3592 2748 3648 Persis
2787 3592 3078 3661 concessit,
3121 3600 3176 3646 et
3232 3590 3433 3646 bellum
3498 3590 3550 3643 id

1985 3686 2208 3740 solvit‘.
2243 3684 2399 3750 Quod
2433 3683 2655 3754 quidem
2692 3699 2800 3738 non
2840 3699 2871 3738 e
2894 3683 3157 3754 dignitate
3189 3683 3402 3752 imperii
3437 3682 3548 3743 ille.

1984 3779 2299 3832 necessario
2350 3785 2530 3831 tamen
2582 3775 2730 3842 fecit,
2764 3776 2946 3845 utqui
3005 3790 3115 3829 non
3159 3775 3399 3844 imperii,
3454 3777 3547 3828 sed

1989 3870 2158 3927 cladis
2176 3870 2352 3926 haeres
2363 3878 2509 3925 esset
2550 3870 2629 3923 Ac
2650 3868 2755 3923 nisi
2771 3868 2876 3922 hoc
2903 3866 3142 3931 fecisset,
3167 3875 3222 3920 et
3244 3865 3350 3920 nisi
3372 3865 3551 3920 Persa:

1990 3961 2270 4017 moderate
2295 3969 2644 4029 segerentes,
2666 3968 2720 4015 et
2754 3973 3074 4030 prosperum
3100 3972 3283 4013 rerum
3334 3972 3553 4013 succes-

1982 4069 2104 4110 sum
2158 4063 2313 4108 certo
2362 4055 2471 4108 fine
2530 4051 2873 4115 claudentes,
2921 4058 3017 4104 aut
3058 4049 3202 4103 aliud
3270 4049 3550 4120 quippiam

1983 4151 2316 4208 metuentes,
2359 4143 2708 4198 conditiones
2738 4141 2887 4211 pacis
2908 4150 3014 4195 tam
3051 4142 3321 4195 humanas
3343 4151 3398 4196 et
3426 4142 3548 4195 ino-

1981 4239 2194 4306 pinatas
2238 4235 2673 4307 proposuissent,
2716 4236 2855 4290 nihil
2900 4235 3148 4305 profecto
3219 4236 3546 4298 obstitisset,

1985 4329 2116 4398 quin
2145 4343 2208 4382 ex
2241 4342 2306 4383 eo
2332 4328 2475 4382 bello
2506 4342 2575 4381 ne
2629 4328 2823 4397 ignifer
2874 4330 3095 4399 quidem
3161 4328 3309 4398 quod
3367 4330 3545 4391 aiunt,

1985 4418 2276 4472 incolumis
2310 4418 2596 4471 evasisset.
2626 4417 2807 4483 Quare
2834 4420 3163 4473 necessitate
3206 4418 3452 4481 adactus,
3491 4429 3551 4471 ut

1982 4524 2180 4563 nervos
2202 4522 2331 4562 suos
2356 4509 2606 4563 Romano
2640 4509 2871 4577 imperio
2922 4519 3300 4575 conservaret,
3353 4512 3547 4567 condis

1984 4599 2224 4652 tionibus
2253 4600 2503 4667 turpibus
2532 4608 2694 4667 atque
2720 4600 2959 4669 indignis
2998 4615 3122 4655 cum
3155 4600 3403 4654 hostibus
3447 4600 3548 4653 de-

1980 4691 2145 4746 cidit:
2174 4692 2483 4746 temeritate
2509 4693 2943 4761 magisproxima
2980 4694 3351 4763 imperatoris,
3380 4708 3544 4763 quam

1982 4797 2079 4837 sua
2110 4790 2205 4837 aut
2246 4783 2477 4837 militum
2541 4797 2766 4838 suorum
2802 4785 3128 4839 timiditate:
3188 4799 3275 4839 me
3327 4785 3546 4854 quidem

1977 4875 2164 4947 judice
2207 4875 2527 4946 periniquus
2566 4875 2757 4940 fuerit,
2788 4877 2881 4946 qui
2926 4876 3018 4930 illo
3059 4875 3274 4939 relicto,
3329 4875 3547 4942 culpam

1980 4969 2101 5038 ejus
2146 4966 2540 5038 pacificationis
2593 4967 2647 5020 in
2679 4968 2826 5020 hunc
2870 4966 3137 5021 conferat.
3181 4965 3349 5036 Seges
3399 4965 3545 5018 enim

1982 5058 2179 5114 saturis
2209 5059 2390 5129 potius
2420 5074 2581 5128 quam
2632 5059 2892 5112 messoris
2950 5068 3076 5111 est:
3119 5065 3177 5112 et
3230 5057 3543 5111 incendium

298 5178 413 5217 non
446 5157 679 5231 ejusqui
706 5158 762 5213 id
789 5156 1145 5224 exstinguere
1169 5153 1363 5223 possit,
1422 5152 1517 5209 sed
1558 5152 1652 5222 qui
1723 5152 1775 5207 id
1835 5154 2004 5209 semel
2067 5155 2373 5218 excitarit,‘
2412 5170 2535 5211 esse
2574 5154 2855 5209 creditur:
2916 5153 3025 5225 95
3068 5154 3325 5225 quodque
3399 5157 3541 5223 apud

300 5254 646 5314 Herodotum
676 5261 784 5319 est,
815 5268 836 5303 ι
865 5250 1123 5306 Calceum
1170 5247 1394 5318 quidem
1452 5248 1615 5301 istum
1668 5247 1885 5302 consuit
1913 5246 2189 5317 Histiaeus,
2217 5248 2395 5304 induit
2427 5258 2606 5305 autem
2636 5248 3039 5322 Aristagorae»

374 5425 461 5517 (ι).
480 5440 1087 5517 gregariiNazianzeni
1128 5440 1435 5517 lia-everba
1465 5446 1614 5493 sunt.

372 5505 453 5589 ("2)
477 5505 846 5571 Theodoritus
879 5512 1208 5567 tricennales
1244 5510 1492 5566 inducias
1532 5514 1716 5578 pactas
1744 5522 1864 5564 esse
1902 5505 2112 5564 scribit.
