4288 6438
278 373 382 436 573

1189 368 1795 445 ΕΟΟῙΑΕΞῘΑΞΤῘΟΙΕ
1839 385 2232 452 HISTORIA?
2270 395 2410 454 LIB.
2458 396 2525 457 X.

3446 395 3551 464 δτι
3613 350 3619 356 ’

275 508 395 559 χειν
431 485 501 558 ἦν
537 492 769 562 σπουδή.
824 494 966 547 [list
1003 497 1116 567 γὰρ
1171 499 1343 553 ἐδόκει
1397 503 1488 555 τὸν
1544 504 1775 572 βασιλέα
1802 510 1867 576 τῇ
1900 517 1941 570 Α

1848 510 1867 576 ᾖ
1900 517 1941 570 A
1973 512 2288 578 cupandum
2320 512 2426 568 sibi
2469 529 2593 568 eum
2626 527 2747 568 esse
2791 512 2975 567 studio
3031 523 3225 583 magno
3256 513 3541 582 putabant-

276 582 521 653 σφετέρᾳ
581 583 765 636 πίστει
824 585 1258 657 προσθήσεσθαι,
1316 596 1447 661 παρ’
1481 595 1646 648 αὐτοῦ
1677 615 1735 649 τε
1765 598 1862 665 τὴν

274 674 420 726 κιτά
449 674 558 727 τῶν
613 675 916 731 δοκούντων
975 682 1159 746 αὐτοῖς
1207 685 1520 738 ἀντιπάλων
1545 693 1863 760 παρρησίαν

274 767 543 837 ὑπάρξειν
581 771 916 839 νομίζοντες,
995 773 1055 826 '0
1086 775 1131 826 δ’
1183 775 1241 841 ἐξ
1270 778 1443 848 ἀρχῆς
1471 784 1538 850 τῇ
1569 784 1863 850 ὁμιουσίου

274 860 459 913 πίστει
491 863 819 928 προσέκειτο
841 882 854 895 ο
886 867 981 918 καὶ
1014 869 1148 922 πᾶσι
1174 870 1332 922 τοῦτο
1365 874 1683 942 περιφανῶς
1713 875 1864 944 ὡμο-

273 949 448 1016 λόγει.
480 953 586 1005 Καὶ
627 956 833 1023 πρῶτοι
869 959 1089 1012 πάντων
1122 961 1379 1030 παρῆσαν
1425 963 1817 1017 Μακεδονιανοί
1846 976 1860 991 ⁸

272 1040 323 1092 οἳ
357 1042 468 1094 τῶν
503 1046 602 1114 μὲν
642 1046 942 1115 Ἀνομοίων
976 1051 1342 1119 καλουμένων
1393 1057 1493 1125 τὴν
1523 1057 1740 1126 αἵρεσιν
1765 1060 1871 1112 ἀπ·

274 1135 629 1205 εστρέφοντο,
690 1141 752 1191 τὸ
803 1141 857 1193 δὲ
915 1144 1232 1211 ὁμοιούσιον
1283 1149 1404 1201 ἀντὶ
1452 1151 1546 1206 τοῦ
1572 1154 1862 1221 ὁμοουσίου

276 1228 560 1296 ἐδέχοντο·
604 1231 652 1283 οἳ
681 1234 774 1284 καὶ
808 1233 1016 1302 βιϐλίον
1044 1237 1255 1306 βασιλεῖ
1291 1240 1498 1306 δόντες,
1529 1247 1689 1313 χάριν
1719 1247 1863 1318 ἐχειν

273 1319 591 1390 ὡμολόγουν
622 1324 743 1394 Θεῷ
795 1328 893 1395 τῆς
918 1330 1086 1382 αὐτοῦ
1111 1331 1301 1384 ἕνεκεν
1336 1336 1639 1404 ἡγεμονίας
1664 1354 1676 1368 ⁸
1703 1339 1868 1410 ᾔτουν

275 1413 334 1465 δὲ
360 1417 485 1476 τοὺς
507 1415 568 1468 τὸ
632 1417 890 1486 ἀνόμοιον
947 1421 1382 1490 δογματίζοντας
1421 1427 1532 1478 τῶν
1558 1429 1868 1498 ἐκκλησιῶν

276 1505 708 1573 ἀπελαύνεσθαι,
735 1511 924 1574 αὐτοῖς
954 1511 999 1563 δ’
1023 1514 1344 1582 ἐπιτρέπειν
1397 1518 1588 1581 αὑτάς.
1627 1521 1768 1587 Πρὸς
1805 1523 1868 1592 δὴ

275 1595 640 1666 τούτοιςῆτά
658 1600 716 1651 ἐν
765 1600 1034 1673 Ἀριμίνῳ
1085 1604 1183 1656 καὶ
1231 1605 1524 1682 Σελευκείᾳ
1569 1612 1732 1681 κύρια
1777 1613 1870 1682 μέτ

280 1705 418 1754 νειν,
452 1691 549 1742 καὶ
578 1693 647 1744 τά
679 1692 772 1762 βίᾳ
804 1695 961 1765 παρά
992 1712 1156 1748 τινων
1178 1703 1528 1770 γεγενημένα
1573 1703 1767 1774 ἀργεῖν
1789 1722 1800 1735 ·
1837 1707 1869 1775 ἢ

278 1781 377 1834 τοῦ
409 1785 603 1855 πρώην
635 1789 938 1856 σχίσματος
972 1789 1248 1858 μένοντος,
1276 1793 1616 1863 ἐπιτρεπτέα
1640 1813 1701 1865 γε
1727 1795 1870 1851 εἶναι

1964 602 2028 656 Ει
2059 619 2156 673 pro
2180 620 2238 660 se
2268 605 2503 675 quisque
2540 620 2754 670 omnes,
2809 606 3198 682 imperatorem
3256 604 3324 658 ad
3359 605 3549 659 factio-

1968 695 2055 748 nis
2120 713 2232 751 sure
2271 697 2432 750 fidem
2476 711 2858 760 accessurum,
2911 697 3252 766 proindeque
3297 711 3355 750 se
3403 696 3548 750 illius

1979 789 2310 843 auctoritate
2338 793 2600 859 majorem
2635 790 2941 843 libertatem
2973 797 3160 842 contra
3195 804 3289 842 eos
3319 789 3410 858 qui
3443 788 3544 842 sibi

1967 881 2247 933 adversari
2279 881 2625 943 viderentur,
2662 881 2955 934 habituros
2984 894 3107 934 esse
3137 878 3454 932 credebant.
3481 879 3549 931 At

1967 973 2179 1043 illejam
2199 975 2324 1029 inde
2353 976 2421 1028 ab
2453 976 2612 1030 initio
2635 976 2730 1028 τοῦ
2745 975 3037 1043 ὁμοουσίου
3055 971 3546 1028 eonsubstantialis

1972 1070 2304 1140 professioni
2363 1070 2617 1125 addictus
2648 1068 2845 1131 fuerat,
2901 1076 2956 1121 et
3013 1066 3064 1120 id
3112 1074 3225 1118 tum
3259 1063 3548 1119 manifeste

1969 1178 2080 1232 pra:
2109 1177 2167 1216 se
2207 1163 2352 1216 tulit.
2393 1161 2562 1216 Primi
2610 1161 2857 1214 omnium
2889 1158 3097 1213 affuere
3149 1157 3548 1221 Macedoniani,

1970 1255 2063 1323 qui
2101 1255 2323 1323 quidem
2357 1253 2610 1308 haeresim
2648 1268 2840 1308 eorum
2870 1252 2963 1321 qui
3005 1250 3271 1334 ἀνόμοιοι,
3295 1250 3397 1304 hoc
3445 1259 3548 1312 est,

1971 1348 2289 1411 dissimiles,
2316 1347 2664 1411 dicebantur,
2699 1345 3043 1417 rejiciebant,
3069 1354 3126 1399 et
3156 1345 3216 1397 τὸ
3241 1342 3550 1413 ὀμοιούσιον

1969 1441 2210 1497 similem
2244 1441 2550 1496 substantia
2583 1455 2684 1508 pro
2715 1439 2811 1492 τοῦ
2859 1437 3154 1508 όμοουσίου
3189 1437 3553 1491 consubstan-

1977 1533 2116 1597 tiali,
2179 1533 2544 1603 recipiebant.
2582 1532 2648 1586 Et
2683 1532 2928 1586 libellum
2972 1532 3010 1586 ii
3040 1528 3353 1600 imperatori
3390 1527 3553 1581 οὶιιυο

1975 1623 2178 1686 lerunt,
2199 1625 2255 1678 in
2273 1640 2383 1694 quo
2414 1624 2524 1679 Deo
2548 1624 2752 1693 gratias
2776 1623 2843 1678 de
2874 1623 3106 1691 imperio
3137 1619 3256 1688 eius
3277 1618 3511 1688 agebant
3537 1633 3551 1670 :

1977 1732 2040 1770 ac
2070 1717 2330 1785 deinceps
2358 1715 2642 1784 petebant,
2672 1724 2734 1768 ut
2763 1715 2845 1769 eis
2881 1715 2975 1784 qui
3012 1713 3280 1767 dissimile
3337 1724 3555 1764 assere—

1978 1807 2124 1872 bant,
2161 1823 2228 1860 ex
2262 1807 2516 1862 ecclesiis
2543 1806 2813 1874 expulsis,
2862 1804 2996 1874 ipsis
3026 1804 3131 1856 illae
3183 1799 3554 1870 gubernanda:

278 1879 395 1940 τοῖς
429 1877 753 1948 ἁπανταχοῦ
804 1881 1129 1944 ἐπισκόποις
1184 1879 1308 1953 ¹ὅπη
1368 1885 1649 1954 βούλοιντο
1684 1891 1870 1943 συνελς
1906 1878 1946 1932 Β

1857 1923 1870 1935 -
1906 1878 1946 1932 Β
1980 1900 2479 1954 committerentur.
2511 1897 2779 1953 Praeterea
2821 1907 2882 1952 ut
2911 1897 2995 1951 vel
3020 1910 3084 1951 ea
3137 1909 3258 1963 quae
3318 1889 3550 1948 Arimini

282 1967 418 2032 θεῖν,
459 1970 535 2038 μή
565 1987 710 2035 τινος
768 1973 1036 2040 κοσμικοῦ
1070 1976 1459 2039 κοινωνοῦντος
1480 1993 1495 2006 ³
1553 1981 1650 2033 καὶ
1683 1983 1758 2052 μὴ
1789 1984 1870 2046 είς

281 2064 461 2131 πέρας
485 2063 882 2132 προϐαίνειν,εἴ
906 2083 990 2128 τις
1023 2069 1080 2118 ἐν
1108 2070 1268 2138 μέρει
1293 2088 1345 2123 τι
1384 2073 1651 2142 πράττειν
1670 2073 1867 2141 ἕλοιτο,

279 2155 314 2223 ἢ
347 2157 578 2226 ἀπλτᾷν,
602 2156 792 2227 ὥσπερ
819 2159 911 2210 ἐπὶ
938 2160 1323 2216 Κωνσταντίου
1355 2166 1578 2236 συνέϐη.
1611 2167 1871 2231 Ἐδήλουν

281 2248 340 2302 δὲ
382 2251 518 2321 μηδέ
550 2253 632 2312 είς
661 2251 721 2302 τὸ
768 2254 1139 2325 στρατόπεδον
1200 2257 1520 2324 ἀφικέσθαι,
1582 2259 1670 2313 ἵνα
1699 2262 1774 2332 μὴ
1802 2262 1870 2314 δι’

284 2342 446 2409 όχλού
482 2339 614 2397 εἶεν.
637 2344 698 2396 ΕΞ
722 2343 766 2396 δ’
793 2345 1106 2414 ἐπιτρέψειε
1130 2346 1404 2416 βασιλεὺς,
1429 2352 1678 2420 ἀσμένως
1699 2356 1871 2405 ποιεῖν

284 2433 510 2486 ᾶπαντα
547 2434 816 2496 δαπάναις
845 2437 938 2487 καὶ
966 2436 1285 2503 ὑποζυγίοις
1319 2439 1429 2502 τοῖς
1461 2441 1694 2495 οἴκοθεν.
1730 2443 1791 2493 Οί
1813 2442 1871 2493 δὲ

281 2528 345 2578 τὸ
377 2527 584 2594 βιὸλίον
617 2527 835 2596 βασιλεί
874 2529 1059 2591 δόντες
1089 2526 1232 2600 ἦσαν
1259 2524 1406 2585 οὗτοι
1429 2547 1442 2560 ·
1505 2533 1792 2596 Βασίλειος
1844 2536 1872 2586 ὁ

298 2619 603 2689 Ἀγκύρας,
634 2620 898 2684 Σιλόανὺς
939 2622 1185 2692 Ταρσοῦ,
1209 2625 1520 2694 Σωφρόνιος
1549 2628 1872 2698 Πομπηϊου-

285 2715 519 2773 πολεως,
581 2713 912 2776 Παυσίνικος
969 2714 1178 2783 Ζήλων,
1255 2717 1511 2780 Λεόντιος
1575 2720 1869 2788 Κομάνων,

285 2799 680 2869 Καλλικράτης
725 2802 1237 2866 Κλαυδιουπόλεως,
1285 2804 1546 2874 Θεόφιλος
1577 2809 1874 2862 Κασταὸά-

284 2890 424 2953 λων,
452 2892 550 2943 καὶ
576 2891 780 2960 ἕτεροι.
826 2891 885 2945 Ὀ
916 2894 974 2946 δὲ
1007 2892 1262 2963 βασιλεὺς
1303 2897 1366 2949 τὸ
1400 2898 1609 2967 βιϐλίον
1643 2900 1875 2970 δεξάμε-

287 2996 404 3043 νος,
446 2979 568 3032 οὐδὲ
601 2979 954 3049 ἀποκρίσεως
979 2983 1148 3047 ἀξιοῖ,
1178 2982 1336 3036 τοῦτο
1377 2975 1538 3054 μόνον
1567 2986 1875 3057 φθεγξάμε-

286 3088 376 3134 νος
399 3088 411 3101 ·
449 3090 469 3124 ι
518 3071 660 3138 Ἐγὼ
689 3074 790 3141 τὴν
821 3073 920 3142 μὲν
949 3075 1293 3142 φιλονεικίαν
1323 3077 1468 3145 μισῶ
1491 3093 1503 3106 ·
1544 3080 1668 3141 τοὺς
1699 3078 1753 3131 δὲ
1773 3080 1874 3150 τὴν

286 3164 548 3230 ὁμόνοιαν
573 3163 995 3230 ἀσπαζομένους
1033 3165 1155 3217 λίαν
1190 3166 1391 3232 ἀγαπῶ
1419 3170 1508 3219 καὶ
1540 3169 1708 3238 τιμῶ.
1748 3189 1768 3222 ι
1807 3171 1873 3222 Ὃ

287 3255 356 3326 δὴ
386 3255 482 3306 καὶ
523 3253 622 3316 τὰς
657 3253 767 3306 τῶν
795 3244 974 3306 ἀλλῶν
1011 3255 1231 3323 φθάσαν
1282 3257 1444 3320 εὐθὺς
1477 3231 1670 3324 ἀκοάς,
1701 3262 1760 3312 τὸ
1789 3261 1877 3313 ἐν-
1907 3231 1953 3293 c

288 3362 443 3397 τονον
471 3344 571 3414 τῆς
611 3344 951 3412 φιλονεικίας
1009 3346 1202 3414 ἐχάλα,
1259 3346 1361 3400 καὶ
1413 3348 1482 3400 τὰ
1509 3349 1652 3401 κατὰ
1683 3351 1881 3403 σκοπὸν

290 3435 372 3504 τῷ
406 3435 620 3504 βασιλεί
667 3435 959 3502 ἔπραττον.
992 3435 1068 3488 Ὅ
1091 3453 1148 3488 τε
1205 3435 1517 3504 φιλόνεικος
1544 3439 1744 3504 αὐτῶν,
1775 3441 1882 3493 τῶν

293 3530 427 3598 περὶ
478 3529 739 3582 Ἀκάκιον
766 3527 934 3594 λέγω,
973 3529 1178 3598 τρόπος
1212 3529 1500 3599 ἠλέγχετο,
1557 3530 1651 3583 καὶ
1680 3531 1757 3594 ὡς
1795 3534 1884 3586 ἀεὶ

292 3621 435 3691 πρὸς
465 3621 528 3674 τὸ
553 3620 751 3674 δοκοῦν
781 3623 896 3682 τοῖς
923 3619 1220 3689 κρατοῦσιν
1268 3622 1592 3688 ἀπέκλιναν,
1629 3623 1882 3691 ἐμφανῶς

293 3713 540 3776 ἔδειξαν⁸
567 3712 759 3780 ἐπειδὴ
795 3713 905 3782 γὰρ
938 3714 1032 3767 τὸν
1099 3712 1435 3783 Ἀντιοχείας
1466 3714 1735 3768 Μελέτιον
1791 3716 1885 3767 ἐπὶ

295 3811 552 3864 πλεῖστον
607 3809 820 3878 βασιλεῖ
870 3809 957 3861 διὰ
1007 3808 1176 3878 τιμῆς
1205 3809 1335 3861 ὄντα
1384 3808 1596 3878 ἐώρων,
1628 3813 1744 3863 ἐκεῖ
1774 3815 1884 3880 γάρ

291 3901 600 3971 τηνικαῦτα
633 3901 946 3969 διέτριϐενο
999 3903 1079 3964 εἰς
1130 3902 1321 3970 λόγους
1377 3903 1573 3972 ἐκείνῳ
1613 3905 1883 3968 ἐλθόντες,

297 3990 551 4045 πείθουσι
583 3989 802 4042 σύνοδον
831 3993 888 4041 ἐν
923 3988 1228 4062 Ἀντιοχείᾳ
1262 3991 1422 4043 πάλιν
1459 3990 1732 4058 γενέσθαι.
1775 3988 1889 4046 Ἦν

298 4085 355 4135 δὲ
386 4082 652 4141 Μελέτιος
692 4080 872 4146 οὗτος,
913 4082 972 4144 ὃς
1005 4082 1192 4152 μικρῷ
1238 4083 1479 4152 πρόσθεν
1509 4084 1687 4137 αὐτῶν
1722 4103 1888 4154 χωρια

301 4175 474 4239 σθεὶς,
507 4174 584 4244 τῷ
613 4174 892 4243 ὁμοουσίῳ
925 4175 1248 4244 προσέθετο.
1291 4176 1402 4228 Καὶ
1421 4175 1603 4228 τοίνυν
1630 4178 1686 4238 ἐς
1716 4176 1887 4229 ταυτὸ

301 4267 651 4328 συνελθόντες
677 4269 733 4319 ἐν
771 4265 1072 4337 Ἀντιοχείᾳ
1102 4267 1213 4319 τῶν
1244 4266 1447 4336 Σύρων,
1470 4269 1566 4336 τὴν
1595 4270 1651 4320 ἐν
1684 4267 1887 4338 Νικαίᾳ

304 4359 589 4429 βεῦαιοῦσι
627 4359 814 4410 πίστιν
839 4397 854 4421 ,
906 4361 1003 4412 καὶ
1035 4358 1288 4427 κυροῦσι,
1312 4359 1372 4412 τὸ
1400 4360 1690 4429 ὁμοούσιον
1714 4360 1888 4426 ἀναμ-

304 4451 594 4522 φηρίστως
624 4451 873 4516 δοξάζειν
901 4450 993 4503 τὸν
1025 4452 1153 4504 Υίὸν
1196 4450 1275 4520 τῷ
1307 4451 1506 4521 Πατρί.
1540 4452 1800 4504 Κοινωνοὶ
1829 4453 1888 4504 δέ

1982 2002 2034 2047 et
2075 1991 2344 2046 Seleuciae
2377 1999 2580 2046 statuta
2640 1992 2880 2052 fuerant,
2935 1987 3091 2041 firma
3142 1990 3463 2038 manerent:
3497 1992 3552 2035 et

1981 2099 2103 2153 qua:
2136 2102 2164 2136 a
2197 2084 2478 2137 nonnullis
2519 2099 2616 2152 per
2650 2082 2759 2135 vim
2795 2089 2986 2134 contra
3020 2093 3084 2134 ea
3115 2087 3234 2131 acta
3264 2085 3444 2137 erant,
3475 2073 3552 2126 ir-

1983 2177 2088 2230 rita
2125 2184 2351 2228 essent:
2404 2173 2491 2227 vel
2527 2175 2710 2242 priore
2764 2171 3058 2225 schismate
3113 2177 3275 2236 atque
3322 2164 3550 2221 dissidio

1981 2269 2239 2329 durante,
2303 2266 2577 2336 episcopis
2636 2264 2895 2319 omnibus
2958 2274 3289 2332 quocunque
3346 2259 3555 2312 vellent

1981 2359 2106 2415 loco
2139 2357 2437 2413 convenire
2485 2356 2696 2410 liceret.
2749 2355 2806 2408 in
2838 2368 2948 2423 quo
2979 2360 3251 2407 conventu
3309 2365 3377 2403 ne
3430 2347 3553 2416 quis

1979 2453 2260 2507 sa:eularis
2290 2450 2548 2515 adesset,
2581 2463 2720 2503 neve
2774 2448 2936 2501 tinem
2971 2462 3127 2502 suum
3185 2457 3552 2512 consequere-

1982 2555 2096 2606 tur,
2130 2545 2175 2599 si
2206 2545 2333 2612 quis
2365 2542 2596 2598 seorsim
2643 2541 2940 2611 quidquam
2976 2541 3205 2609 egisset,
3233 2546 3330 2592 aut
3364 2537 3550 2590 fallere

1981 2638 2335 2702 instituisset,
2387 2637 2552 2691 sicuti
2603 2635 2707 2689 sub
2757 2634 3080 2690 Constantio
3136 2631 3337 2686 factum
3382 2637 3550 2689 esset.

1981 2740 2270 2800 rogarunt.
2308 2729 2447 2782 Illud
2473 2742 2697 2798 quoque
2723 2727 3123 2796 signiﬁcarunt,
3153 2739 3211 2777 se
3243 2722 3378 2777 citra
3407 2721 3555 2790 prin-

1981 2825 2122 2892 cipis
2139 2822 2500 2887 voluntatem,
2533 2822 2586 2874 in
2610 2821 2790 2875 aulam
2834 2828 2891 2873 et
2942 2818 3260 2872 comitatum
3297 2814 3552 2884 imperia-

1986 2917 2126 2980 lem,
2187 2931 2258 2970 ne
2325 2913 2542 2968 molesti
2589 2927 2711 2968 esse
2754 2912 3092 2975 viderentur,
3183 2923 3290 2962 non
3357 2918 3552 2962 ventu-

1981 3020 2090 3059 ros.
2148 3005 2244 3060 Sin
2319 3004 2372 3057 id
2422 3005 2504 3057 eis
2561 3002 2994 3071 permitteretur,
3097 2996 3430 3066 perlibenter
3500 2993 3553 3047 id

1982 3096 2228 3152 facturos
2283 3109 2406 3149 esse
2472 3092 2791 3160 sumptibus
2845 3101 2902 3145 et
2949 3089 3218 3160 iumentis
3293 3086 3552 3159 propriis,

1983 3187 2364 3242 ostenderunt.
2392 3186 2500 3256 97
2531 3185 2633 3250 Qui
2667 3198 2798 3238 vero
2843 3181 3077 3252 principi
3139 3181 3213 3235 ita
3279 3178 3556 3246 supplica-

1986 3289 2136 3343 runt,
2167 3280 2342 3342 fuere,
2375 3277 2610 3332 Basilius
2638 3278 2980 3346 Ancyranus,
3010 3271 3280 3343 Sylvanus
3317 3270 3560 3324 Tarsen-

1984 3373 2083 3439 sis,
2114 3369 2455 3440 Sopbronius
2476 3366 3040 3437 PompeiOpolitanus,
3111 3362 3439 3418 Pausinieus
3478 3362 3555 3430 (l)

1983 3461 2258 3524 Zelorum,
2318 3459 2580 3514 Leontius
2664 3457 3034 3512 Cumanorum
3074 3453 3172 3522 (2),
3233 3452 3555 3506 Callicrates

1983 3553 2516 3622 Claudiopolitanus,
2571 3550 2915 3618 Theophilus
2983 3546 3403 3606 Castabalenus,
3496 3555 3552 3598 et

1984 3645 2100 3698 alii.
2136 3642 2635 3714 Imperatorlibello
2671 3641 2906 3709 supplici
2946 3647 3194 3705 accepto,
3230 3649 3554 3703 responsum

1984 3736 2065 3788 eis
2093 3750 2199 3788 non
2224 3735 2393 3798 dedit,
2430 3733 2524 3788 sed
2555 3733 2686 3787 illud
2733 3743 2944 3785 tantum
2979 3729 3157 3784 dixit:
3192 3743 3290 3797 ego
3323 3738 3554 3780 conten-

1989 3826 2156 3879 tionis
2183 3824 2424 3878 st~udium
2455 3824 2569 3888 odi,
2615 3822 2925 3876 concordiae
2958 3831 3143 3874 autem
3194 3827 3560 3874 assectatores

1990 3917 2152 3971 unice
2206 3916 2510 3988 amplector
2547 3924 2604 3968 et
2649 3915 2792 3968 colo.
2824 3931 2842 3964 ι
2880 3912 3034 3977 Quod
3090 3911 3296 3965 dictum
3350 3910 3440 3964 ubi
3491 3911 3559 3968 ad

1989 4010 2225 4062 aliorum
2252 4023 2471 4076 quoque
2494 4020 2658 4060 aures
2696 4005 2970 4074 pervenit,
3013 4003 3380 4057 intentionem
3429 4017 3562 4056 con-

1992 4102 2257 4157 tentioni-s
2284 4100 2510 4179 laxavit,
2535 4109 2592 4152 et
2635 4107 2696 4149 ut
2731 4093 3083 4165 imperatoris
3111 4093 3406 4147 consilium
3435 4107 3561 4146 suc-

1990 4199 2238 4260 cederet,
2300 4194 2505 4250 effecit.
2537 4183 2945 4251 lAltercationis
3003 4204 3241 4259 namque
3289 4189 3558 4254 studium,

1989 4304 2180 4344 eorum
2235 4287 2330 4356 qui
2358 4285 2541 4341 Acacii
2594 4284 2977 4339 auctoritatem
3028 4281 3440 4351 sequebantur,
3481 4290 3561 4334 :et

1989 4396 2206 4450 semper
2266 4379 2555 4450 opiniones
2596 4392 2724 4432 suas
2778 4375 2845 4429 ad
2906 4375 3219 4445 principum
3272 4372 3559 4425 arbitrium

1993 4483 2180 4543 aperte
2204 4469 2714 4534 accommodabant,
2739 4467 3140 4536 deprehensum
3162 4475 3263 4520 est.
3284 4464 3417 4519 Nam
3435 4456 3560 4518 cum

303 4548 410 4613 τῆς
448 4544 675 4597 συνόδου
716 4541 924 4612 ταύτης
986 4543 1316 4598 καθίσταντο
1349 4544 1377 4595 ὁ
1411 4544 1701 4614 εἰρημένος
1745 4545 1888 4605 θεῖος
1921 4566 1963 4620 ι)
1992 4568 1996 4620 4‘

1864 4561 1888 4605 ἶ
1921 4566 1963 4620 D
1992 4541 2270 4621 Meletium
2294 4562 2598 4618 Antiochia:
2624 4561 2942 4630 episcopum
2975 4557 3119 4628 apud
3146 4557 3557 4626 imperatorem,

305 4638 596 4701 Μελέτιος,
628 4635 726 4706 τὴν
749 4636 846 4704 τῆς
875 4634 1156 4706 Ἀντιόχου
1189 4635 1328 4706 ἔχων
1358 4638 1657 4707 ἐπιτροπήν
1678 4653 1696 4671 ο
1722 4637 1890 4689 Εὐσέ-

308 4730 430 4792 6ιός
460 4745 520 4782 τε
548 4729 577 4780 ὁ
609 4728 968 4796 Σαμοσάτων,
1002 4727 1268 4795 Πελάγιος
1300 4726 1619 4790 Λαοδικείας
1648 4727 1745 4796 τῆς
1787 4727 1886 4777 Σύ-

311 4839 447 4892 ρων,
473 4821 568 4872 καὶ
618 4819 873 4880 Ἀκάκιος
904 4821 933 4870 ὁ
981 4819 1324 4887 Καισαρείας
1353 4821 1452 4886 τῆς
1500 4820 1886 4889 Παλαιστίνης,

309 4919 406 4966 καὶ
433 4912 705 4982 Είρηνίων
758 4914 786 4965 ὁ
813 4911 1014 4981 Γάζης,
1043 4911 1138 4965 καὶ
1168 4912 1198 4965 ὁ
1240 4911 1510 4982 ’Λγκύρας
1547 4912 1887 4975 Ἀθανάσιος,

306 5009 397 5060 διά
440 5007 698 5076 ὐρφίτου
731 5005 824 5057 καὶ
864 5004 1076 5056 Ἀετίου
1137 5003 1548 5074 πρεσϐυτέρων,
1597 5005 1751 5068 Τῖτος
1793 4996 1891 5058 Βό-

310 5116 518 5167 στρων,
545 5099 810 5168 Θεότιμος
855 5097 1124 5168 Ἀράϐων,
1159 5098 1458 5162 Λουκιανὸς
1505 5099 1737 5168 ’Δρκῶν,
1795 5099 1890 5151 καὶ

305 5196 492 5263 ἕτεροι
514 5190 759 5242 πλεῖστοι
790 5193 884 5243 καί
906 5190 1184 5260 ἐλλόγιμοι
1205 5189 1421 5260 ἄνδρες.
1451 5190 1635 5244 Ταῦτα
1669 5191 1726 5244 δὲ
1751 5191 1890 5260 πρά-

307 5287 520 5352 ξιντες,
577 5286 670 5340 καὶ
725 5285 803 5356 τῷ
834 5285 1046 5355 βασιλεῖ
1072 5283 1142 5337 τὰ
1197 5283 1518 5353 ἐγνωσμένα
1565 5285 1746 5348 αὐτοῖς
1773 5283 1888 5337 δια-

306 5382 653 5459 πέμπονται,
686 5377 998 5448 γράψαντες
1056 5376 1268 5440 οὕτως⁹
1310 5394 1330 5428 ι
1363 5377 1456 5446 Τῷ
1509 5376 1888 5446 εὐσεϐεστάτῳ

306 5477 408 5527 καὶ
436 5472 842 5541 θεοφιλεστάτη.»
889 5473 1045 5542 ὴμῶν
1071 5473 1308 5544 δεσπότῃ
1364 5473 1628 5543 Ίοὸιανῷ,
1669 5473 1884 5542 Νικητῇ

303 5565 628 5632 Αὐγούστῳ,
656 5563 820 5632 ἡτῶν
848 5565 906 5616 ἐν
942 5562 1250 5635 Ἀντιοχείᾳ
1273 5565 1638 5618 συνελθόντων
1661 5565 1882 5618 ὲπισκόυ

305 5674 426 5708 πων
457 5656 519 5708 ἐκ
548 5655 826 5728 διαφόρων
879 5657 1162 5728 ἐπαρκῶν
1204 5656 1421 5721 σύνοδος
1457 5658 1555 5728 τὴν
1589 5657 1881 5728 ἐκκλησιαο

382 5838 456 5906 (l)
490 5837 744 5894 Socrates
775 5838 960 5903 habet,
1001 5838 1294 5893 Pasiuicus.

1991 4659 2086 4730 qui
2135 4670 2247 4712 tum
2297 4657 2371 4710 ibi
2400 4663 2536 4719 erat,
2574 4654 2629 4707 in
2677 4667 2874 4722 magno
2904 4651 3080 4722 pretio
3134 4664 3254 4704 esse
3290 4649 3560 4712 viderent,

1992 4765 2120 4805 cum
2150 4765 2216 4803 eo
2243 4747 2521 4811 collocuti,
2573 4753 2634 4799 ut
2685 4759 2904 4798 rursum
2965 4741 3274 4797 Antiochia:
3321 4741 3562 4809 synodus

1991 4840 2386 4901 celebraretur,
2410 4836 2665 4891 eﬂ‘eeere.
2716 4834 2962 4889 Meletius
3003 4842 3186 4887 autem
3217 4832 3260 4886 is
3291 4832 3413 4896 fuit,
3455 4833 3549 4901 qui

1993 4935 2154 5004 paulo
2180 4943 2307 4986 ante
2333 4931 2402 4985 ab
2433 4931 2514 4984 eis
2538 4930 2840 4998 sejunctus,
2871 4924 2936 4979 ad
2982 4925 3078 4978 τοῦ
3100 4924 3392 4995 ὁμοουσίου
3425 4937 3562 4977 con-

1991 5025 2373 5083 substantialis
2398 5021 2804 5092 professionem
2827 5027 3159 5073 accesserat.
3210 5017 3400 5086 Itaque
3431 5030 3563 5068 eon-

1991 5120 2118 5174 cilio
2138 5117 2444 5172 Antiochia:
2471 5115 2735 5185 Syrorum
2791 5122 3004 5174 coacto,
3048 5109 3320 5164 Nicaznam
3376 5107 3559 5169 ﬁdem,

1993 5222 2052 5268 ut
2076 5212 2286 5266 scilicet
2317 5211 2456 5264 citra
2490 5205 2923 5264 controversiam
2977 5203 3264 5274 ὁμοούσιος
3310 5200 3559 5257 Consul)-

1989 5304 2260 5360 Stantialis
2290 5301 2436 5356 Patri
2477 5301 2652 5355 Filius
2690 5298 2993 5362 diceretur,
3056 5295 3346 5350 stabiliunt
3397 5303 3559 5360 atque

1989 5394 2338 5450 conﬁrmant.
2370 5394 2428 5448 In
2467 5409 2528 5448 ea
2555 5391 2763 5462 synodo
2787 5391 2962 5454 fuere,
2988 5387 3171 5452 divus,
3199 5401 3361 5455 quem
3419 5386 3560 5438 dixi-

1988 5504 2131 5550 mus,
2191 5486 2442 5540 Meletius
2492 5483 2868 5537 Antiochenus
2937 5481 3208 5542 antistes,
3287 5476 3565 5531 Eusebius

1990 5577 2403 5639 Samosatenus,
2437 5574 2685 5643 Pelagius
2706 5572 2986 5627 Laodicea:
3010 5571 3293 5641 Syrorum,
3328 5569 3568 5622 Aeacius

1988 5673 2247 5730 Caesarea:
2315 5670 2649 5734 Palaestinas,
2728 5666 2945 5722 lrenioa
3031 5663 3235 5729 Gazae,
3311 5661 3564 5718 Athana”

2061 5841 2134 5912 (9.)
2165 5841 2288 5897 Zela
2323 5850 2377 5895 ct
2410 5839 2670 5905 Comma,
2707 5836 2902 5908 oppida
2931 5835 3308 5907 Cappadociae.
3337 5832 3480 5889 l’lin.
